3948 6170
200 240 281 295 595

1417 211 1893 275 EPISTULABUM
1931 211 2129 268 LIBER
2168 208 2235 265 Χ.

3286 210 3389 268 394

197 352 307 419 cipit)
336 343 624 403 beneﬁcium
657 340 772 406 fuit,
806 354 903 394 usu
938 346 1098 408 atque
1140 344 1298 391 aetate
1336 336 1395 388 fit
1444 333 1706 387 debitum.
1739 332 1793 391 Α
1816 338 1897 384 est
1932 327 1976 382 si
2007 327 2059 381 in
2089 326 2257 381 oculis
2294 325 2498 394 positus
2528 328 2795 379 mereatur
2834 323 3046 394 aliquod
3087 339 3391 382 monumcno

197 443 370 497 Inancm
399 436 543 505 igitur
568 439 771 487 metum
793 429 974 484 divino
1000 426 1179 482 animo
1207 434 1385 480 vestro
1418 430 1589 478 tentat
1629 421 1713 474 in-

195 541 362 594 cutere,
393 527 432 581 si
451 524 561 594 quis
596 521 789 577 asserit
816 517 1200 573 conscientiam
1225 528 1319 569 vos
1357 513 1559 567 habere
1587 522 1723 578 pra:-

193 624 417 684 bentium,
443 616 537 671 nisi
565 612 960 670 detrahentium
999 609 1197 665 subieri
1225 609 1270 661 is
1300 607 1575 660 invidiam.
1619 603 1723 656 Fa-

195 720 325 769 veant
359 704 643 763 clementia;
672 711 865 758 vestrae
919 709 1183 755 sectarum
1232 697 1468 751 omnium
1530 705 1722 748 arcana

189 800 413 871 prasidia,
436 805 487 851 et
514 795 631 848 haec
660 792 914 855 maxime,
941 803 1060 859 quae
1108 787 1340 854 majores
1382 794 1589 838 vestros
1622 780 1722 833 ali-

190 888 363 959 quando
384 887 655 956 juverunt,
693 895 791 936 vos
826 878 1138 940 defendant,
1183 891 1213 929 a
1260 873 1413 928 nobis
1459 872 1720 926 colantur.

188 985 297 1037 Eum
333 980 637 1048 religionum
688 983 887 1030 Statum
918 969 1171 1040 petimus,
1200 967 1290 1036 qui
1336 966 1459 1019 divo
1504 963 1713 1031 parenti

186 1073 388 1129 culminis
438 1070 603 1124 vestri
660 1063 896 1121 servavit
944 1054 1393 1129 imperium,~qui
1451 1054 1721 1106 fortunato

183 1162 368 1233 principi
406 1160 666 1229 legitimos
717 1152 927 1209 suﬂecit
974 1149 1236 1204 hrcredes.
1279 1147 1498 1214 Spectat
1538 1143 1721 1196 senior

183 1253 253 1305 ile
277 1250 411 1304 divus
439 1263 502 1302 ex
554 1259 679 1300 arce
710 1243 918 1297 siderea
964 1240 1231 1309 lacrymas
1270 1234 1635 1297 sacerdotum,
1668 1241 1721 1284 et

178 1357 223 1395 se
247 1340 491 1407 culpatum
539 1345 685 1405 putat
720 1347 872 1388 more
901 1331 1124 1396 violato,
1159 1341 1318 1397 quem
1351 1325 1579 1379 libenter
1601 1322 1717 1391 ipse

178 1432 653 1488 servarinPraestate
666 1428 824 1483 etiam
839 1424 961 1479 divo
975 1422 1124 1477 fratri
1143 1426 1325 1474 vestro
1336 1417 1496 1471 alieni
1511 1414 1701 1470 consili

174 1525 548 1587 correctionem;
582 1521 742 1590 tegite
766 1519 958 1572 factum
986 1515 1125 1583 quod
1155 1511 1365 1567 senatui
1386 1507 1722 1578 diSplicuisse

176 1616 389 1672 nescivit:
405 1613 671 1683 siquidem
701 1618 914 1665 constat
934 1606 1053 1661 ideo
1082 1604 1351 1659 exclusam
1376 1599 1719 1670 legationem,

1825 428 1935 471 tum
1959 416 2250 485 religionis,
2275 416 2362 486 qui
2398 417 2593 470 meruit
2618 414 2903 471 advocari?
2928 415 3043 470 Non
3074 415 3189 471 fero
3214 418 3392 486 signa-

1826 519 2016 576 torem,
2040 509 2123 563 cui
2155 522 2278 578 pars
2315 507 2577 561 bonorum
2612 521 2798 578 magna
2828 507 3083 563 defertur.
3122 507 3253 562 Nam
3294 512 3395 565 etsi

1823 603 2028 670 integra
2055 598 2402 661 conscientia,
2434 612 2540 652 non
2574 607 2748 651 tamen
2779 598 2988 653 sincero
3027 597 3231 667 pudore
3261 598 3397 653 dita-

1825 702 1928 746 tur.
1960 694 2026 744 At
2056 704 2180 744 vero
2215 690 2328 744 hcce
2356 689 2497 742 levia
2550 691 2790 759 pignora,
2837 698 2928 743 aut
2966 690 3164 744 amoris
3204 692 3392 757 gratia,

1823 790 1916 834 aut
1960 779 2229 834 testatoris
2271 779 2587 832 verecundia
2644 778 3037 846 relinquuntur.
3085 778 3223 831 Nihil
3276 778 3399 832 huic

1825 870 2068 940 religioni
2112 872 2262 924 novis
2305 870 2509 939 legibus
2557 869 2869 937 deregatum
2920 879 3022 924 est.
3079 871 3255 923 Manet
3300 871 3399 924 ism

1826 977 1975 1030 usus,
2018 970 2071 1014 et
2127 960 2279 1014 nobis
2325 959 2444 1027 jura
2504 960 2839 1013 servantibus
2888 974 3101 1027 semper
3141 960 3399 1015 manebit.

1826 1051 1974 1106 Unus
2004 1058 2056 1104 et
2103 1050 2251 1103 so'ns
2284 1058 2399 1116 post
2439 1049 2721 1103 humanam
2770 1050 3079 1103 memoriam
3124 1050 3400 1103 rationalis

1824 1141 2064 1205 emersit,
2093 1141 2179 1209 qui
2215 1139 2524 1206 exemplum
2551 1155 2699 1192 novm
2729 1136 3071 1205 judicationis
3100 1139 3397 1194 induceret.

1826 1235 1957 1288 llinc
1982 1244 2096 1287 orta
2122 1242 2200 1286 est
2230 1233 2555 1301 provocatio.
2585 1231 2713 1296 Qua:
2738 1232 2823 1284 ubi
2843 1231 3165 1285 auditorium
3188 1247 3400 1286 sacrum

1823 1326 2041 1380 decreto
2070 1326 2227 1377 etiam
2258 1332 2447 1377 vestrae
2493 1322 2626 1391 legis
2657 1322 2891 1386 intravit,
2934 1334 3119 1375 rursus
3154 1322 3402 1377 eludendi

1818 1413 2001 1486 judicii
2048 1427 2204 1465 causa
2236 1412 2564 1480 propositum
2601 1420 2681 1464 est
2716 1409 2875 1465 inane
2909 1417 3307 1475 commentum,
3348 1423 3404 1465 ut

1823 1503 1891 1556 ab
1934 1501 2127 1555 illustri
2155 1501 2272 1554 viro
2312 1500 2530 1568 privatae
2566 1501 2640 1554 rei
2669 1502 2863 1555 comite
2897 1500 3136 1569 delegata
3172 1502 3405 1569 cognitio

1827 1591 2094 1645 diceretur
2124 1590 2402 1644 rationalis
2433 1591 2726 1657 examinis,
2765 1601 2922 1659 atque.
2965 1591 3086 1645 ideo
3126 1608 3313 1646 rutsus
3340 1594 3407 1647 ad

174 1708 300 1762 acad
319 1720 433 1761 eum
459 1672 726 1772 judicium
756 1698 1028 1770 publicum
1053 1693 1380 1763 perveniret.
1410 1691 1514 1744 Pro
1536 1688 1719 1743 existi-
1752 1672 1800 1730 B
1828 1681 2067 1749 ejusdem
2115 1680 2376 1749 judicium
2432 1681 2630 1735 debere
2686 1680 2995 1746 transferri;
3045 1696 3166 1735 cum
3207 1685 3406 1759 omnis

175 1799 374 1853 tuatione
398 1805 479 1851 est
508 1804 808 1863 temporum
841 1786 1179 1858 superiorum
1233 1792 1292 1838 ut
1332 1797 1436 1837 non
1469 1777 1720 1836 dubitetis

175 1889 351 1944 abolere
378 1886 521 1957 quod
554 1881 888 1954 probandum
908 1887 990 1934 est
1019 1875 1279 1947 principis
1302 1887 1408 1926 non
1439 1870 1619 1927 fuisse.

725 2008 939 2065 EPIST.
980 2005 1140 2061 LXII.

227 2141 268 2177 ι).
292 2133 582 2176 τιιεουοειο
612 2130 816 2171 εειιιδειι
844 2127 962 2167 AUC.
998 2120 1301 2164 SYMMACBUS
1329 2119 1495 2159 eam.
1527 2115 1649 2157 URB-

227 2234 416 2288 Certum
446 2205 615 2299 atque
641 2224 930 2281 dilucidum
967 2232 1049 2276 est
1101 2218 1230 2272 nihil
1264 2230 1385 2271 esse
1425 2222 1529 2268 tam
1573 2211 1723 2265 fatui-

172 2327 273 2378 liare
309 2322 540 2392 legibus,
578 2331 737 2387 quam
777 2322 955 2369 vestra
1000 2311 1242 2375 decreta,
1296 2307 1356 2360 D.
1407 2305 1721 2373 Imperator.

172 2415 640 2469 Sedexsecutorum
667 2421 825 2477 prava
849 2401 1241 2470 interpretatio,
1266 2400 1394 2451 dum
1425 2394 1728 2463 supplican-

169 2508 282 2559 tibus
322 2505 474 2567 favet,
530 2503 849 2570 plerumque
899 2495 1046 2564 iussa
1090 2490 1408 2558 corrumpit.
1452 2486 1724 2542 Statuerat

169 2605 378 2662 receptus
426 2593 482 2647 in
536 2590 731 2645 coelum
771 2598 1057 2656 germanus
1105 2580 1336 2636 numinis
1374 2577 1567 2640 vestri,
1608 2590 1726 2629 cum

167 2684 424 2738 Martiauus
456 2682 668 2736 dudum
722 2684 993 2747 protector
1021 2673 1263 2744 Aggariae
1301 2671 1439 2725 bona
1479 2675 1727 2736 tanquam

168 2777 370 2831 vacantia
401 2774 770 2845 postulasset,
795 2768 911 2823 utsi
936 2781 998 2822 ea
1028 2764 1313 2820 hmreditas
1327 2760 1730 2831 scriptum'suc-

166 2880 399 2922 sessorem
427 2866 523 2922 vel
554 2864 846 2933 legitimum
875 2874 981 2913 non
1026 2857 1267 2920 haberet,
1292 2855 1343 2908 in
1362 2855 1451 2921 jus
1479 2851 1591 2907 fisci
1616 2858 1732 2904 tan-

165 2973 297 3026 quam
322 2959 551 3013 domino
577 2954 719 3008 nuda
740 2950 1087 3014 concederet;
1110 2956 1166 3002 et
1189 2957 1317 3000 tunc
1346 2945 1613 2999 insinuato
1637 2957 1733 3010 per

1824 1776 2048 1844 qumstio
2079 1790 2143 1829 ex
2175 1773 2418 1841 precibus
2457 1774 2702 1828 Martiani
2742 1774 2941 1829 dudum
2982 1776 3322 1845 protectoris,
3353 1785 3407 1831 et

1825 1874 2017 1920 vestra:
2046 1865 2342 1918 clementic
2373 1864 2614 1934 largitate
2654 1864 3005 1926 descendens.
3032 1881 3187 1921 sacro
3230 1868 3407 1936 potius

1825 1954 2092 2008 auditorio
2144 1969 2210 2007 ex
2257 1954 2636 2022 provocatione
2679 1963 3010 2024 competeret
3049 1973 3061 2008 :
3119 1957 3408 2010 accedente

1826 2044 1983 2097 etiam
2019 2044 2257 2111 proxima
2283 2044 2579 2108 sanctione,
2603 2060 2720 2113 quae
2750 2044 3070 2099 indiscretas
3104 2044 3409 2113 ltujusmodi

1827 2134 2215 2202 appetlationcs
2290 2133 2401 2187 redi
2457 2149 2573 2203 qnze
2638 2135 2806 2189 vicem
2861 2137 3159 2206 principum
3234 2146 3411 2192 tuetur

1829 2227 2004 2294 prisco
2038 2226 2159 2291 jure
2214 2225 2500 2279 commisit.
2551 2224 2882 2282 Examinatis
2937 2230 3093 2299 igitur
3141 2232 3407 2296 omnibus,

1832 2317 2170 2384 pronuntiavi
2224 2317 2359 2369 bona
2390 2315 2620 2370 obnoxia
2659 2333 2763 2371 non
2793 2333 2913 2373 esse
2955 2320 3247 2389 rescripto:
3289 2336 3411 2375 cum

1831 2407 1995 2460 \‘t'slri
2027 2406 2256 2460 numinis
2280 2418 2472 2462 teterna
2492 2408 2718 2477 jnstitia,
2743 2411 2786 2463 si
2813 2411 3027 2480 scriptis
3054 2420 3144 2466 aut
3166 2412 3412 2481 legitimis

1831 2497 2233 2551 successoribus
2278 2506 2497 2553 vacaret
2542 2498 2850 2565 hat-reditas,
2904 2501 3088 2556 fiscum
3142 2506 3415 2558 statuisset

1832 2588 2066 2642 admitti:
2103 2589 2198 2641 has
2232 2598 2409 2643 autem
2452 2583 2752 2658 facultates,
2800 2591 3099 2660 Marcellus,
3141 2593 3311 2648 Bizias
3361 2606 3414 2648 et

1838 2676 2155 2732 l'eliodorns
2205 2676 2361 2745 juxta
2410 2677 2645 2733 defuncti
2716 2679 3045 2735 voluntatem
3101 2684 3412 2751 erupissent.

1835 2765 1985 2821 Nunc
2020 2766 2340 2821 sententiam
2383 2772 2555 2822 meam
2588 2766 2839 2822 defensor
2878 2769 3195 2824 venerabilis
3225 2770 3413 2825 domus

1837 2858 2089 2912 inusitata
2123 2859 2500 2924 provocatione
2528 2858 2825 2926 suspendit.
2869 2858 2973 2914 Sed
3006 2873 3124 2914 cum
3153 2860 3307 2929 hujus
3338 2863 3414 2914 rei

1837 2949 2039 3002 nullum
2072 2949 2374 3018 exemplum
2416 2949 2788 3019 cognitionalis
2826 2962 3038 3006 exs:are
3085 2966 3411 3021 suggereret,

166 3048 447 3101 rationalem
479 3042 793 3114 patrimonii
828 3039 1006 3103 modo,
1038 3037 1377 3107 upperiretur
1408 3034 1600 3102 petitor
1621 3030 1743 3098 quid
1775 3027 1819 3090 C
1852 3038 2200 3092 nihilominus
2241 3037 2533 3106 subjectam
2575 3053 2759 3093 vocem
2818 3039 3049 3095 libenter
3096 3042 3306 3109 admisi,
3364 3055 3414 3096 et

164 3139 203 3193 ei
246 3154 386 3193 sacra
436 3136 691 3192 deferret
734 3131 1051 3185 humanitas.
1093 3127 1277 3181 Annus
1320 3125 1430 3179 fere
1472 3121 1736 3177 secundus

169 3237 237 3281 cst
262 3237 312 3281 nt
347 3244 439 3297 per
465 3226 789 3281 defensores
818 3229 872 3276 et
900 3217 1190 3274 rationales
1210 3214 1600 3284 augustissima:
1639 3211 1733 3265 do—

167 3332 286 3383 mus,
318 3332 437 3371 cum
465 3315 679 3386 iustitia
712 3309 968 3367 solemnis
990 3306 1210 3370 oraculi,
1236 3304 1418 3373 scripti
1453 3301 1737 3371 fatigantur

166 3408 402 3471 heredes,
432 3409 569 3461 licet
592 3406 701 3474 jam
731 3410 915 3458 sextus
943 3414 1116 3455 annus
1148 3414 1178 3451 a
1208 3396 1509 3451 testamenti
1551 3397 1735 3449 recita-

164 3500 285 3552 tione
316 3506 665 3554 numeretur.
698 3493 996 3548 Novissime
1026 3483 1236 3545 fortuna
1264 3504 1439 3543 causte
1482 3486 1741 3556 impetibi-

165 3587 251 3640 lcm
281 3590 578 3657 SCOItIIIum
622 3584 777 3640 faedre
803 3581 1124 3652 cognitionis
1163 3580 1404 3633 incurrit.
1447 3577 1577 3630 Nam
1615 3590 1738 3631 cum

160 3680 277 3745 apud
314 3681 492 3732 virum
546 3673 997 3745 perfectissimum
1038 3667 1354 3723 rationalem
1404 3667 1739 3731 Bassianum,

163 3768 314 3831 primo
334 3768 557 3821 delator
573 3766 857 3826 bonorum,
879 3760 1174 3817 secundum
1202 3773 1352 3813 sacra
1377 3759 1507 3811 scita
1536 3768 1742 3826 petere-

160 3868 247 3921 tur,
279 3875 416 3913 novo
444 3872 586 3911 ausu
618 3857 818 3910 calcata
856 3852 1188 3922 praescriptio
1223 3859 1326 3904 est.
1361 3850 1584 3914 Dehinc,
1618 3864 1740 3902 cum

161 3951 450 4003 testamenti
495 3949 624 4016 jure
652 3945 879 3999 confecti
922 3943 1077 3997 fidem
1123 3940 1368 3996 recitatio
1408 3939 1739 4007 publicaret,

158 4037 413 4092 calumnia
460 4036 644 4091 inanis
674 4036 882 4103 objecta
913 4044 1018 4098 est,
1049 4031 1189 4100 quod
1236 4030 1536 4100 signatores
1562 4030 1743 4084 nescio

158 4127 269 4193 quid
300 4127 468 4196 legati
500 4140 572 4178 ex
606 4125 793 4178 eadem
823 4124 1099 4178 voluntate
1126 4120 1434 4190 erupissent.
1466 4118 1745 4173 Adduntur

158 4216 304 4268 etiam
367 4215 582 4282 scripta
644 4213 832 4265 divalia
885 4213 1077 4280 quibus
1124 4210 1426 4279 astipulatio
1468 4209 1743 4277 cujusdam

156 4317 349 4361 remota
380 4315 494 4372 est,
530 4307 621 4376 qui
651 4320 800 4358 suam
839 4303 1040 4373 jnvisse
1068 4317 1283 4357 causam
1325 4302 1633 4356 testimonio
1664 4301 1745 4355 di-

1841 3129 2099 3183 relatione
2156 3130 2460 3183 summatim
2509 3139 2698 3183 cuncta
2743 3129 3081 3200 complexus.
3134 3132 3416 3186 Gestorum

1839 3234 2052 3288 quoque
2080 3218 2405 3274 documenta
2436 3212 2705 3286 subteiui,
2731 3235 3057 3288 prtesumens
3081 3224 3233 3278 bonis
3256 3226 3416 3292 placi-

1841 3321 1955 3365 tura
1987 3311 2337 3380 principibus,
2366 3327 2486 3382 quze
2512 3313 2804 3368 secundum
2827 3315 2972 3385 leges
2998 3331 3096 3385 pro
3128 3317 3265 3373 fama
3290 3328 3419 3374 tem-

1843 3418 2031 3471 porum
2052 3403 2310 3473 judicavi.

2409 3474 2624 3532 EPIST.
2666 3476 2847 3531 LXIII.

1911 3580 1963 3618 Ι).
1992 3579 2282 3629 ΤΗΙ-30008ιο
2310 3579 2512 3620 SEMPER
2541 3583 2662 3622 AUC.
2692 3582 3000 3627 SYNMACHUS
3025 3587 3190 3626 PRAEF.
3228 3590 3346 3630 URB.

1914 3654 2270 3710 Petronianus
2314 3656 2635 3710 urbanarum
2669 3657 2871 3712 dudum
2907 3660 3207 3716 cohortium
3244 3666 3419 3731 miles,

1843 3744 1910 3799 ad
1948 3746 2424 3801 corniculariorum
2451 3747 2673 3816 gradum
2705 3748 2958 3817 iuculpati
2994 3750 3191 3806 laboris
3217 3753 3420 3807 diutur-

1846 3837 2010 3891 nitate
2040 3846 2344 3906 provectus,
2393 3852 2545 3893 more
2587 3839 2934 3908 institutoque
2987 3841 3250 3907 majorum
3284 3847 3422 3897 testi-

1848 3927 2083 3980 monium
2132 3926 2329 3980 meruit
2367 3928 2658 3981 castrensis
2705 3928 3002 3993 industriae,
3031 3932 3173 4000 quod
3217 3936 3424 3989 caeteris

1846 4032 2058 4087 quoque
2092 4026 2215 4086 post
2241 4017 2521 4072 honestum
2552 4032 2765 4073 cursum
2797 4020 3184 4087 stipendiorum
3225 4024 3425 4092 judicia

1847 4107 2175 4173 detulerunt,
2226 4108 2286 4161 D.
2331 4108 2641 4175 imperator.
2677 4108 2905 4178 Dignum
2934 4119 3015 4165 est
3062 4113 3220 4181 igitur
3248 4115 3426 4168 divina

1847 4206 2144 4253 vestrorum
2170 4207 2469 4265 temporum
2498 4197 2776 4265 felicitate,
2804 4208 2862 4253 ut
2899 4212 3166 4268 peractam
3203 4206 3319 4259 sine
3348 4208 3426 4258 or-

1847 4285 2087 4341 fensione
2109 4287 2377 4356 militiam,
2408 4286 2452 4340 si
2489 4289 2839 4368 perennitatis
2877 4299 3068 4345 vestra:
3111 4296 3225 4361 pius
3250 4296 3425 4350 vultus

157 4410 359 4452 ceretur
381 4416 398 4451 :
427 4398 590 4467 quasi
616 4396 950 4451 verosimile
970 4404 1109 4449 esset
1136 4394 1464 4463 exemplum,
1489 4402 1546 4447 ut
1571 4393 1733 4448 tenui:

1851 4378 2108 4445 arriserit,
2133 4377 2477 4446 praarogativa
2502 4377 2757 4431 solemnis
2774 4389 3014 4433 exornet.

156 4488 338 4554 honor,
392 4487 959 4557 quo.subscriptores
1006 4486 1075 4539 ob
1116 4485 1404 4538 amicitiam
1466 4484 1745 4539 defunctus

156 4590 484 4648 asperserat,
518 4578 819 4647 legitimum
845 4584 1024 4644 posset
1051 4574 1264 4628 abolere
1304 4572 1584 4641 judicium.
1614 4574 1744 4626 Nam

153 4672 191 4722 si
217 4671 299 4723 his
327 4671 552 4739 legibus
573 4668 895 4730 viveremus,
938 4663 1170 4718 inimicis
1196 4662 1553 4732 signatoribus
1585 4665 1746 4717 tutius

158 4769 452 4825 uteremur,
489 4772 719 4827 quorum
747 4756 947 4810 olfensa
979 4755 1108 4809 nihil
1135 4754 1200 4809 de
1222 4762 1473 4809 testatore
1504 4754 1747 4808 humani-

154 4852 270 4905 tatis
297 4851 581 4918 erigeret.
624 4847 776 4915 Piget
809 4846 988 4901 dicere
1019 4846 1072 4899 in
1103 4846 1337 4915 quinque
1366 4859 1587 4899 numero
1617 4845 1745 4899 soli-

155 4942 247 4995 dos
277 4944 633 5011 potissimum
659 4937 1039 5005 subscriptoris
1064 4936 1228 4992 fuisse
1256 4938 1505 5006 legatum.
1530 4936 1749 4990 Cretes-is

153 5034 290 5087 enim
319 5033 511 5102 magis
530 5030 972 5085 commemoratio
1021 5029 1270 5095 honesta,
1312 5043 1469 5097 quam
1515 5028 1751 5095 pecunia:

152 5132 392 5191 quaestus
420 5120 683 5176 accessit.
717 5120 855 5187 Ergo
876 5128 967 5172 aut
994 5128 1251 5173 extrema:
1279 5117 1612 5187 paupertatis
1633 5131 1752 5171 suc-

149 5213 325 5269 cessio
361 5212 496 5275 fuit,
531 5211 577 5265 si
616 5219 829 5279 putatur
871 5210 1098 5279 exiguus
1129 5209 1301 5262 honor
1330 5207 1487 5262 ﬁdem
1532 5208 1751 5278 legitimi

150 5305 336 5372 indicii
364 5304 677 5359 sauciasse:
705 5311 799 5355 aut
838 5301 883 5356 si
924 5315 1118 5355 census
1166 5299 1535 5355 haereditarius
1564 5301 1750 5355 existi-

150 5407 330 5453 matur
342 5397 600 5458 uberior,
615 5395 784 5450 aliena
807 5403 927 5449 esta
948 5392 1337 5463 suspicionibus
1355 5392 1530 5447 brevis
1545 5406 1753 5447 summa

152 5490 335 5559 legati.
367 5487 524 5555 Quis
555 5500 656 5540 non
690 5485 1156 5539 familiarissimum
1191 5498 1456 5554 quemque
1480 5482 1756 5552 signandis

152 5582 403 5646 adhibet,
435 5593 571 5632 cum
600 5588 834 5633 extrema
872 5578 1208 5633 conduntur?
1243 5577 1351 5648 jam
1389 5577 1515 5647 quid
1562 5577 1752 5631 mirum

412 5670 694 5732 Ρλτιιυι..
741 5671 972 5731 XVIII.

2418 4487 2631 4543 EPIST.
2675 4488 2856 4546 LXIV.

1923 4596 1974 4634 Ι).
2007 4592 2295 4633 τηεοιιοειο
2317 4594 2520 4632 εειιιδιειι
2552 4596 2671 4634 AUC.
2699 4595 3005 4636 SYIHIACIIIJS
3032 4598 3202 4639 ΡΒΑΕΡ.
3232 4602 3353 4641 υιιΒ.

1921 4670 2076 4724 Cura:
2102 4667 2231 4723 mibi
2260 4679 2344 4724 est
2368 4678 2426 4723 ut
2454 4669 2543 4737 qui
2571 4670 2761 4723 animis
2791 4678 2846 4725 et
2871 4672 3148 4740 majestate
3176 4676 3429 4746 congrui-

1854 4762 1941 4827 tis,
1971 4772 2153 4814 mutua
2190 4759 2594 4814 honorificentia
2626 4758 2924 4828 gaudeatis.
2954 4761 3177 4831 Dignum
3207 4774 3289 4819 est
3331 4764 3428 4835 igi-

1854 4862 1960 4919 tur,
1992 4851 2054 4904 D.
2088 4851 2395 4919 imperator,
2428 4860 2485 4904 ut
2507 4850 2779 4906 decretum
2810 4863 3029 4908 senatus
3055 4853 3122 4908 ad
3146 4854 3431 4911 invictissi-

1855 4957 1971 4997 mos
2000 4943 2192 4998 fratres
2220 4943 2454 4998 numinis
2480 4943 2575 5007 tui,
2606 4943 2649 4996 si
2691 4942 2760 4996 ita
2805 4944 2998 5013 placet,
3029 4946 3309 5002 clementia
3342 4958 3431 5005 tua

1858 5034 2160 5089 insinuante
2198 5034 2491 5103 perveniat.
2522 5033 2756 5098 Quorum
2803 5040 2989 5088 auctor
3026 5044 3080 5089 et
3124 5050 3339 5103 parens,
3373 5050 3432 5094 ut

1859 5123 2055 5179 dudum
2089 5123 2154 5178 ν.
2179 5124 2242 5176 C.
2277 5131 2333 5176 et
2361 5121 2549 5175 illustri
2577 5121 2874 5176 officiorum
2913 5124 3168 5193 magistro
3197 5142 3282 5182 me
3305 5129 3433 5182 scri-

1860 5215 2029 5283 psisse
2073 5214 2310 5277 memini,
2342 5219 2635 5265 statuarum
2677 5212 3000 5279 equestrium
3040 5214 3242 5270 honore
3270 5216 3433 5270 deco-

1863 5313 2006 5358 ratus
2028 5313 2131 5371 est,
2154 5317 2286 5371 quas
2317 5304 2364 5357 ei
2389 5303 2521 5357 ordo
2543 5302 2858 5358 venerabilis
2880 5305 3111 5360 Africani
3139 5318 3193 5361 et
3225 5306 3432 5360 Britan-

1863 5394 1967 5449 nici
1989 5393 2111 5448 belli
2139 5391 2511 5447 recordatione
2540 5393 2807 5447 decrevit:
2839 5409 2901 5448 ea
2930 5394 3136 5451 scilicet
3166 5408 3344 5459 causa,
3375 5404 3433 5449 ut

1862 5486 2015 5555 iustis
2063 5484 2395 5553 superiorum
2436 5484 2628 5540 ducum
2680 5486 2863 5556 titulis,
2902 5486 3239 5557 praesentium
3290 5483 3435 5539 circa

1866 5592 1958 5633 vos
1981 5576 2192 5631 devotio
2222 5586 2553 5646 provocetur.

3072 5667 3143 5727 13
