4048 6184
505 275 613 335 395
840 307 868 328 .

865 354 930 432 ἒ
1083 375 1300 433 EPIST.
1341 371 1500 428 va.

578 492 629 528 D.
659 483 953 527 TIIEODOSIO
973 483 1176 524 SEMPER
1211 480 1331 520 AUG.
1363 471 1671 518 SYIIHACIIUS
1699 471 1864 511 Nil-EF.
1897 469 2016 508 URB.

579 583 713 638 Cum
757 579 1031 648 mancipes
1064 577 1351 632 salinarum
1407 584 1597 640 magno
1636 582 1700 621 ex
1751 577 1977 620 numero
2029 560 2095 614 ad

513 689 710 745 paucos
734 672 958 737 redacti,
990 669 1326 724 necessitatis
1351 663 1576 734 publicae
1599 660 1792 714 molem
1823 658 1964 711 ferre
1991 668 2096 707 non

516 775 771 834 possent,
802 764 977 818 delata
1017 760 1409 831 supplicatione
1448 759 1764 810 meruerunt
1816 758 1875 804 ut
1908 748 1962 802 hi
2008 745 2097 815 qui

515 858 722 915 decreti
751 867 913 926 atque
941 853 1180 909 excusati
1231 859 1353 905 ante
1379 849 1611 910 fuerant,
1642 842 2017 906 redderentur,
2045 847 2100 891 et

515 966 580 1004 ex
603 949 722 1003 aliis
737 945 1070 1015 corporibus,
1092 957 1186 998 seu
1210 938 1540 1004 vacantibus,
1559 936 1703 1005 justa
1731 932 2100 1002 supplementa

517 1042 893 1094 incunctanter
922 1035 1245 1103 acciperent,
1278 1032 1341 1084 D.
1379 1030 1691 1099 imperator.
1725 1025 1965 1092 Allegata
2001 1020 2101 1089 igi-

519 1139 605 1185 tur
632 1126 990 1198 praeceptione
1016 1124 1214 1188 divina,
1238 1136 1358 1174 cum
1390 1119 1670 1189 plerosque
1705 1112 1978 1171 consortio
2007 1123 2105 1163 suo

518 1229 645 1275 ante
667 1220 913 1273 decretos
944 1213 1139 1269 muniri
1169 1209 1460 1266 Macedonii
1484 1203 1734 1274 suffragio
1758 1199 2102 1270 reperissent,

520 1309 839 1365 relationem
871 1321 1032 1375 super
1067 1317 1252 1357 eorum
1290 1295 1670 1354 muniminibus
1709 1294 2105 1361 impetrarunt;

518 1407 715 1454 vestra:
747 1397 891 1452 enim
941 1404 1146 1450 tantum
1183 1390 1479 1446 clementiae
1519 1386 1750 1441 liberum
1789 1391 1874 1437 est
1923 1379 2106 1448 inique

523 1489 707 1544 elicita
748 1485 1007 1554 rescripta
1055 1480 1384 1537 rescindere.
1428 1477 1580 1533 Tunc
1612 1480 1834 1544 urgente
1873 1469 2106 1532 defectu,

526 1577 883 1632 navicularios
919 1589 1070 1643 teque
1113 1573 1378 1639 lignorum
1424 1566 1688 1622 obnoxios
1739 1561 1999 1618 functioni
2045 1557 2112 1611 ad

528 1684 708 1739 parem
743 1664 1156 1723 sollicitudinem
1188 1674 1378 1714 vocare
1406 1663 1708 1726 coeperunt,
1742 1661 1800 1706 ut
1839 1651 2114 1716 utriusque

526 1759 767 1828 corporis
798 1771 926 1811 cura
954 1754 1239 1822 conjuncta
1267 1749 1614 1804 indiscretum
1637 1759 1830 1800 munus
1857 1754 2112 1812 agnosce—
2141 1721 2184 1780 Β

530 1858 630 1906 ret.
661 1851 730 1904 At
758 1848 833 1902 illi
865 1845 1152 1900 nonnullos
1184 1843 1252 1896 de
1282 1839 1600 1895 turmalibus
1630 1838 1740 1891 suis
1769 1834 1980 1888 tradere
2004 1846 2115 1884 ma-

529 1942 766 2004 luerunt,
794 1954 954 2009 quam
986 1938 1038 1990 in
1076 1935 1389 1990 societatem
1416 1933 1548 1986 tanti
1592 1928 1775 1985 oneris
1805 1924 2112 1979 convenire.

531 2031 711 2098 Itaque
739 2027 934 2082 factum
956 2037 1038 2081 est
1065 2034 1140 2091 ut,
1165 2023 1355 2077 iisdem
1372 2021 1690 2082 volentibus,
1718 2015 1848 2070 certi
1874 2013 2118 2067 homines

533 2119 706 2173 manci
715 2119 866 2185 pibus
880 2116 1252 2186 iungerentur.
1277 2112 1427 2165 Nunc
1442 2107 1784 2179 perennitatis
1801 2115 1991 2158 vestra:
2010 2110 2119 2155 sta-

531 2209 697 2264 bilem
721 2208 1028 2263 censionem
1059 2205 1266 2274 publica
1296 2216 1455 2256 causa
1502 2197 1744 2269 deposcit
1785 2211 1851 2250 ne
1879 2193 2120 2262 obrepti-

536 2301 617 2356 κίε
655 2297 1132 2369 supplicationibus
1175 2292 1408 2348 subsidia
1459 2290 1705 2360 integrati
1729 2287 1970 2356 corporis
1997 2285 2124 2338 sub-

537 2401 782 2446 tuantur.
833 2387 1097 2445 Relationi
1146 2386 1305 2441 Gesta
1339 2383 1624 2453 conjunxi,
1659 2391 1764 2435 tam
1793 2379 1861 2434 de
1902 2379 1982 2432 liis
2023 2379 2120 2432 ha-

535 2482 644 2538 bita
673 2495 808 2552 quos
833 2477 1128 2534 Macedonii
1155 2477 1484 2530 interventus
1505 2472 1828 2538 absolverat,
1855 2485 2012 2539 quam
2038 2485 2123 2523 me

535 2574 870 2641 disceptante
889 2567 1132 2623 confecta
1156 2584 1171 2620 :
1205 2566 1396 2635 quibus
1426 2564 1541 2619 sine
1570 2562 1916 2620 veneratione
1944 2562 2124 2629 cujus-

535 2678 695 2730 quam
737 2661 981 2718 voluntas
1015 2657 1461 2713 naviculariorum
1487 2653 1772 2708 nonnullos
1795 2650 2124 2720 mancipibus

538 2754 832 2823 deputavit.
884 2751 998 2805 Erit
1024 2751 1134 2820 jam
1165 2748 1491 2804 sacrosancti
1528 2746 1758 2800 numinis
1783 2743 1948 2798 vestri
1973 2753 2027 2796 et
2057 2742 2124 2795 il-

539 2848 712 2900 lorum
747 2843 1023 2913 antiquare
1069 2840 1342 2909 sull'ragia,
1375 2853 1509 2910 quos
1556 2839 1856 2892 ostenditur
1895 2835 2126 2888 ambitus

539 2936 818 3000 liberasse,
844 2942 898 2988 et
923 2931 1006 2987 his
1047 2932 1331 2987 obstruere
1359 2931 1560 2985 aditum
1604 2926 1961 2999 supplicandi,
1993 2940 2128 2999 quos

541 3031 623 3084 sui
654 3030 895 3100 Corporis
925 3027 1250 3096 adjudicavit
1273 3041 1548 3082 assensus.

1116 3159 1334 3217 EPIST.
1376 3158 1558 3216 LXVI.

614 3296 663 3331 ῐ).
696 3289 988 3332 'I'IIEODOSIO
1012 3289 1213 3330 SEMPER
1242 3289 1363 3327 AUG.
1397 3284 1707 3327 SYSIIACHUS
1733 3283 1900 3324 FBA-2F.
1934 3284 2054 3323 URB.

618 3367 912 3422 Devodone
963 3375 1016 3420 et
1077 3379 1229 3420 more
1291 3363 1669 3430 commonitus,
1727 3363 2128 3431 magistratuum

546 3459 786 3525 nomina,
810 3458 999 3528 quibus
1027 3457 1200 3512 varias
1227 3457 1524 3512 functiones
1547 3454 1973 3524 designationem
2000 3465 2132 3510 tem-

548 3564 677 3617 pore
731 3547 1095 3618 amplissimus
1142 3547 1275 3602 ordo
1330 3545 1633 3610 mandavit,
1697 3545 1762 3598 ad
1815 3546 2130 3600 atternitatis

549 3647 740 3695 vestra:
766 3638 978 3709 perfero
1011 3637 1306 3701 n0tionem,
1350 3638 1414 3690 D.
1445 3638 1766 3706 imperator:
1800 3644 1858 3690 ut
1898 3637 2137 3689 muneri-

549 3733 649 3787 bus
691 3730 1044 3795 exhibendis,
1086 3736 1180 3783 aut
1224 3727 1514 3782 subeundis
1565 3727 1800 3782 fascibus
1843 3726 2138 3781 destinatos

549 3824 785 3893 cognitio
829 3822 1125 3891 imperialis
1153 3820 1397 3889 accipiat.
1444 3820 1537 3874 llis
1564 3819 1796 3888 c0pulati
1836 3831 1962 3873 sunt
2006 3835 2139 3890 quos

550 3913 760 3969 senatui
787 3922 970 3968 vestro
996 3927 1186 3966 recens
1208 3921 1358 3965 ortus
1388 3911 1602 3979 adjecit.
1645 3910 1894 3965 Prolixus
1934 3910 1986 3964 in
2030 3910 2141 3964 tali-

552 4006 650 4059 bus
679 4005 837 4059 rebus
859 4019 978 4060 essc
1009 4018 1114 4057 non
1140 4002 1333 4072 debeo,
1367 4016 1488 4056 cum
1517 4002 1720 4059 decreti
1764 4003 1962 4071 publici
2007 4001 2140 4056 fides

552 4104 823 4165 gestorum
857 4096 1031 4164 potius
1071 4095 1485 4150 insinuationem
1530 4094 1786 4164 postulet,
1816 4110 1975 4163 quam
2025 4093 2135 4148 lar-

555 4203 678 4259 gum
709 4187 991 4243 referentis
1020 4188 1309 4255 eloquium.

1113 4279 1327 4333 EPIST.
1375 4278 1582 4333 LXVII.

628 4391 680 4428 Β.
704 4387 998 4427 τηι-ιοοοειο
1028 4385 1232 4426 SEHPEII
1265 4389 1383 4427 AUG.
1417 4373 1722 4427 SYMMACIIUS
1750 4362 1915 4425 Ριιιιῖὲ.
1952 4388 2069 4426 URB.

1688 255 1753 321 Ο.
1796 246 2138 307 AURELIUS
2177 245 2607 302 SYMMACIIUS.

2117 364 2169 419 Α

3687 228 3789 289 non

2747 355 2954 410 EPIST.
3001 352 3226 407 LXVIII.

2276 467 2324 503 D.
2360 463 2650 503 THEODOSIO
2687 463 2888 502 SEHPEB
2912 461 3028 498 ΑΕΘ.
3054 456 3357 497 δῖδηιλαηυε
3391 455 3558 494 ΡΒΕΡ.
3589 455 3707 492 URB.

2276 539 2543 592 Bellorum
2567 537 2780 606 quidem
2813 545 3112 589 vestrorum
3142 531 3405 600 gloriosos
3439 532 3615 584 exitus
3645 529 3785 582 fama

2204 647 2308 687 non
2341 633 2556 700 occulit,
2600 634 2691 685 sed
2742 631 2914 698 major
2940 637 3023 683 est
3053 626 3287 680 victoria:
3312 624 3442 676 ﬁdes
3473 640 3590 691 qua:
3613 622 3786 675 OCUIlS

2204 732 2564 796 approbatur,
2597 727 2661 779 D.
2694 726 3005 793 imperator.
3062 719 3270 774 Dudum
3309 717 3467 771 fando
3507 724 3792 784 acceperat

2206 817 2266 871 P.
2296 818 2357 870 [ἶ.
2395 831 2654 874 caesorum
2697 817 2878 868 funera
2907 811 3292 868 Sarmatarum.
3330 807 3398 861 At
3420 822 3564 860 nunc
3593 805 3791 858 conﬁr-

2212 917 2350 959 mata
2401 916 2483 960 est
2533 907 2840 960 nuntiorum
2892 901 3072 955 Iustitia
3113 897 3422 968 spectaculo
3462 894 3790 963 triumphali.

2207 993 2321 1048 Jam
2353 996 2586 1048 minores
2611 1009 2714 1047 non
2739 1007 2924 1047 sumus
2946 989 3221 1044 vetustatis
3243 967 3520 1056 exemplis.
3549 986 3794 1038 Vidimus

2209 1103 2325 1155 qua:
2371 1099 2486 1141 acta
2517 1087 2815 1151 miramur,
2857 1093 3160 1137 catenatum
3203 1093 3393 1148 agmen
3434 1078 3590 1130 victa:
3619 1073 3796 1144 gentis

2213 1177 2412 1239 induci,
2460 1179 2684 1245 illosque
2709 1173 3028 1244 jampridem
3055 1181 3234 1225 truces
3253 1168 3432 1222 vultus
3465 1167 3657 1219 tniscro
3685 1164 3796 1232 pul-

2214 1273 2326 1325 lore
2350 1277 2599 1324 mutatos.
2632 1269 2791 1323 Stetit
2821 1281 2998 1321 arena:
3037 1263 3214 1318 medio
3245 1259 3483 1328 subjecta
3507 1255 3794 1323 voluptati,

2213 1377 2334 1432 qua:
2371 1362 2470 1416 fuit
2515 1371 2640 1415 ante
2669 1359 2940 1414 formidini
2978 1375 2991 1408 :
3025 1362 3253 1410 assuetae
3297 1351 3458 1405 armis
3507 1347 3799 1418 gentilibus

2216 1468 2404 1508 manus
2449 1450 2764 1528 gladiatoria
2805 1450 3162 1502 instrumenta
3213 1448 3521 1497 tenuerunt.
3562 1436 3800 1492 Felicetn

2217 1545 2376 1598 nimis
2399 1527 2521 1598 belli
2545 1543 2696 1596 istius
2717 1541 2905 1595 ducem
2925 1538 3038 1607 qui,
3059 1535 3252 1589 divina:
3275 1527 3575 1586 clementia:
3611 1535 3803 1579 vestrm

2218 1639 2388 1692 fretus
2431 1635 2714 1704 auspiciis,
2745 1648 2810 1688 ex
2835 1645 3056 1687 numero
3086 1624 3317 1680 hostium
3343 1621 3476 1674 alios
3497 1618 3562 1672 ad
3595 1614 3804 1670 securi-

2217 1742 2377 1788 tatem
2409 1731 2803 1802 provinciarum
2837 1723 3047 1795 penitus
3077 1717 3332 1776 exstinxit
3363 1755 3376 1778 ,
3409 1713 3542 1766 alios
3570 1711 3636 1762 ad
3660 1707 3804 1761 [teti-

2217 1827 2343 1880 tiam
2377 1825 2546 1895 plebis
2582 1823 2784 1877 Martia:
2813 1817 3125 1875 reservavit.
3161 1811 3346 1867 Merito
3379 1808 3453 1862 illi
3489 1804 3684 1876 judicia
3709 1814 3805 1854 ve-

2218 1927 2324 1972 stra
2343 1915 2831 1981 respondentzjure
2854 1913 2906 1965 in
2934 1910 3124 1964 litteris
3147 1901 3515 1970 imperialibus
3545 1911 3688 1965 saepe
3713 1908 3809 1948 ce~

2223 2007 2476 2063 Iebratur.
2512 2008 2691 2076 Neque
2719 2005 2863 2059 enim
2897 2010 3040 2055 tanta
3069 1995 3283 2052 devotio
3307 1991 3603 2061 digniorem
3633 1985 3808 2056 possit

2222 2096 2465 2151 invenire
2497 2111 2819 2166 praeconem.
2849 2093 2931 2148 Sit
2954 2091 3103 2144 vobis
3135 2088 3386 2156 frequens
3415 2096 3545 2136 usus
3576 2094 3639 2134 ac
3670 2077 3804 2131 faci-

2223 2189 2288 2242 lis
2318 2189 2619 2244 laurearum
2647 2228 2662 2251 ,
2700 2197 2752 2243 et
2779 2201 2875 2242 eos
2916 2184 3006 2254 qui
3053 2182 3187 2236 forte
3219 2194 3378 2232 ausu~
3406 2176 3599 2243 impios
3625 2173 3675 2226 in
3703 2171 3812 2223 Ro-

2222 2293 2438 2333 tnanum
2481 2294 2676 2333 nomen
2708 2275 3020 2340 extulerint,
3061 2269 3318 2326 fortitudo
3351 2267 3576 2320 militum
3605 2262 3808 2328 capiat,

2226 2384 2388 2423 arena
2417 2369 2565 2424 urbis
2595 2367 2880 2436 expendat.
2914 2366 3176 2433 Perpetua
3211 2361 3324 2414 haec
3358 2359 3564 2412 devotis
3603 2355 3814 2408 civibus

2227 2463 2435 2517 virtutis
2465 2473 2656 2517 vestra:
2684 2469 2932 2528 tanquam
2975 2456 3173 2509 tributa
3206 2449 3490 2520 prmstetis.

2801 2547 3013 2603 EPIST.
3050 2543 3235 2600 LXIX.

2303 2665 2352 2702 D.
2380 2661 2671 2700 THEODOSIO
2702 2659 2905 2698 SEHPER
2936 2657 3055 2696 AUC.
3075 2649 3380 2692 SYMMACBUS
3410 2647 3581 2688 PREF.
3616 2645 3737 2684 ΕΗΒ.

2302 2738 2457 2792 Certa
2485 2736 2659 2790 officia
2687 2744 2812 2788 sunt
2847 2733 3082 2786 omnium
3109 2734 3452 2797 potestatum.
3477 2721 3818 2776 l‘rmferturm

2235 2832 2452 2884 urbana:
2483 2829 2755 2898 preprium
2793 2823 3063 2894 negotium
3103 2827 3187 2873 est
3230 2825 3534 2872 senatorum
3564 2811 3682 2878 jura
3731 2817 3823 2860 tu-

2235 2923 2356 2983 tari,
2377 2919 2443 2974 D.
2476 2921 2782 2988 imperator.
2808 2915 2985 2982 Quare
3010 2911 3488 2981 partiunimearum
3518 2910 3821 2958 conventus

2235 3012 2594 3078 necessitate,
2650 3007 3057 3080 allegationibus
3105 3002 3527 3057 clarissimorum
3577 2995 3826 3048 virorum

2150 3083 2197 3147 (ἶ
2225 3103 2364 3172 iusta
2392 3103 2726 3174 poscentium
2754 3101 2914 3155 desse
2944 3112 3050 3151 non
3083 3092 3248 3164 potui.
3269 3093 3313 3146 Α
3343 3089 3534 3160 quibus
3556 3088 3824 3156 pleraque

2230 3193 2444 3250 serviiia
2465 3195 2731 3265 palatinus
2753 3177 3015 3248 Eusebius
3032 3189 3213 3258 jussus
3237 3198 3446 3250 eruere,
3474 3190 3529 3236 ut
3555 3181 3827 3234 bonorum

2232 3283 2737 3341 Catuliclarissima:
2779 3282 3054 3339 memoria:
3098 3279 3196 3332 viri
3227 3276 3450 3346 quaestio
3477 3271 3828 3344 judicat‘oni-

2235 3373 2332 3429 bus
2361 3376 2636 3446 sacrisque
2664 3373 2933 3444 responsis
2961 3375 3332 3426 consummata
3358 3373 3654 3436 repetatur,
3683 3379 3826 3432 que-

2236 3470 2493 3524 rimonias
2517 3470 2857 3538 optimatum,
2890 3465 2978 3534 qui
3008 3462 3206 3517 dudum
3238 3458 3400 3528 partis
3423 3457 3688 3517 fruuntur,
3725 3469 3831 3507 ex-

2236 3559 2411 3614 scivit.
2446 3560 2675 3614 Ventum
2721 3565 2805 3612 est
2844 3557 3002 3624 igitur
3031 3554 3096 3606 ad
3147 3554 3290 3621 leges
3315 3589 3330 3616 ,
3379 3558 3697 3604 exsccutore
3729 3562 3835 3600 cu-

2241 3651 2440 3720 piente,
2489 3666 2646 3720 quem
2673 3647 3026 3703 contradictio
3056 3643 3386 3713 repellebat:
3417 3639 3834 3709 imploratmqne

2241 3746 2403 3800 vestri
2429 3743 2661 3797 numinis
2687 3741 3012 3803 sanctiones,
3029 3752 3147 3806 qua:
3177 3744 3485 3792 senatorum
3507 3742 3832 3787 controver-

2241 3837 2348 3887 sias
2374 3833 2663 3887 transferre
2683 3831 2750 3886 ab
2765 3833 2969 3886 urbano
2992 3829 3108 3882 foro
3128 3828 3192 3881 ad
3220 3825 3498 3896 peregrina
3518 3829 3832 3876 vetuerunt.

2245 3923 2352 3977 Sed
2371 3938 2490 3977 cum
2517 3936 2814 3976 assererem
2857 3936 2963 3975 non
2991 3919 3233 3973 eamdem
3273 3913 3680 3985 praerogativam
3704 3928 3837 3968 esse

2246 4020 2526 4066 servorum
2552 4051 2566 4075 ,
2597 4011 2792 4079 quibus
2823 4010 3240 4079 supplicantibus
3271 4015 3476 4062 certum
3521 4004 3838 4074 perennitas

2248 4114 2424 4158 vestra
2455 4103 2644 4161 detulit
2679 4102 3036 4172 cognitorem,
3080 4112 3393 4167 responsum
3432 4104 3516 4151 est
3553 4095 3694 4164 quod
3722 4097 3837 4147 for-

2249 4203 2402 4250 tunas
2431 4195 2845 4250 clarissimarum
2871 4200 3219 4264 personarum
3249 4191 3484 4259 precatio
3505 4188 3720 4243 subtilis
3749 4188 3839 4241 in-

2248 4289 2491 4343 cesserit.
2525 4289 2663 4343 lnter
2689 4288 2804 4343 htec
2826 4328 2842 4355 ,
2864 4301 2984 4342 cum
3018 4287 3253 4341 Donatus
3279 4283 3554 4338 assisteret
3571 4326 3585 4350 ,
3616 4282 3842 4335 exteris

2251 4379 2617 4447 precatoribus
2643 4393 2798 4433 sacro
2819 4378 3033 4447 junctus
3062 4376 3302 4441 oraculo,
3331 4373 3571 4444 quaesivi,
3602 4371 3676 4423 uti
3712 4384 3843 4425 nos

630 4464 850 4518 Etiamsi
893 4463 1063 4531 prisca
1104 4462 1366 4517 institutio
1394 4463 1668 4518 mittendis
1701 4462 1765 4516 ad
1806 4464 2144 4518 clementiam
2173 4448 2225 4507 Ῑ)
2251 4477 2352 4531 οτι,
2380 4469 2642 4523 eodemne
2657 4467 2873 4522 nomine
2892 4467 3028 4521 alius
3052 4466 3393 4530 subderetur,
3415 4479 3534 4533 quae
3555 4462 3841 4516 hominem

570 4565 797 4611 vestram
833 4569 1092 4610 censuum
1121 4554 1369 4608 brevibus
1404 4569 1621 4610 cursum
1650 4556 1734 4610 vel
1765 4555 2007 4626 ordinem
2039 4571 2144 4611 non

563 4647 821 4710 dedisset,
853 4647 915 4700 ῐ).
948 4647 1269 4714 imperator,
1301 4646 1574 4716 diligentia
1605 4658 1782 4704 tamen
1809 4650 1934 4704 boni
1963 4649 2146 4704 saeculi

564 4735 721 4790 fidem
751 4735 975 4806 publica:
1005 4737 1370 4789 inStrnctionis
1401 4737 1639 4805 exigeret
1666 4755 1679 4791 :
1725 4739 1987 4808 siquidem
2012 4754 2143 4795 con-

513 4863 516 4865 λ
565 4832 709 4886 venit
753 4829 1024 4898 principes
1054 4839 1108 4883 ct
1140 4839 1388 4897 parentes
1426 4831 1641 4886 humani
1687 4837 1900 4901 generis
1933 4835 2146 4890 edoceri

565 4921 689 4990 quid
717 4921 1014 4976 reverendo
1036 4923 1208 4976 ordini
1230 4921 1312 4975 vel
1341 4930 1651 4975 senatorum
1678 4937 1936 4977 novorum
1967 4939 2149 4981 acces-

565 5027 656 5067 sus
691 5011 930 5081 adjiciat,
965 5013 1046 5066 vel
1098 5011 1377 5066 excusatio
1411 5009 1677 5066 detrahat.
1724 5011 1920 5068 Harum
1969 5030 2146 5070 rerum

565 5102 850 5158 aeternitati
874 5110 1066 5157 vestra:
1085 5101 1249 5155 fidum
1279 5100 1552 5156 exhibebit
1579 5102 1833 5157 indicium
1869 5105 2151 5161 trimestris

568 5192 849 5248 instructio
883 5208 1042 5263 quam
1090 5193 1400 5249 solemniter
1437 5203 1703 5264 sumptam
1733 5195 1801 5251 de
1825 5197 2000 5252 ofﬁcio
2029 5211 2152 5254 cen-

568 5285 726 5350 suali,
760 5285 967 5356 paginis
995 5287 1270 5342 relationis
1301 5288 1570 5343 annexui:
1601 5298 1657 5342 ut
1695 5289 1947 5360 majestas
1974 5301 2152 5346 vestra

570 5385 860 5447 cognoscat
909 5377 1028 5447 quis
1061 5380 1112 5432 in
1150 5379 1536 5448 amplissimam
1584 5380 1786 5436 curiam
1828 5383 2148 5454 collegarum

573 5483 826 5524 numerus
863 5468 1156 5534 inﬂuxerit,
1189 5479 1242 5524 et
1274 5471 1399 5539 quid
1433 5471 1684 5528 censibus
1733 5475 2040 5541 senatoriis,
2068 5485 2158 5531 aut

575 5575 708 5614 nova
737 5559 998 5630 professio
1028 5561 1342 5618 incrementi
1375 5561 1604 5632 dederit,
1649 5575 1741 5622 aut
1767 5568 2034 5638 exemptio
2063 5585 2157 5626 ve-

581 5658 665 5706 tus
693 5655 1000 5720 amputarit.

2249 4560 2485 4614 conditio
2521 4559 2762 4624 haberet,
2795 4567 2849 4614 et
2873 4576 2939 4614 an
2969 4560 3084 4628 ipse
3103 4558 3171 4614 de
3201 4557 3372 4613 Catuli
3395 4557 3597 4627 judicio
3625 4555 3848 4624 suppli-

2249 4663 2442 4706 casset.
2473 4653 2622 4708 Tunc
2650 4655 2738 4708 ille
2765 4653 3017 4708 I’lilariani
3044 4653 3325 4708 clarissimi
3353 4654 3449 4706 viri
3471 4667 3684 4706 servum
3710 4667 3850 4719 pro-

2245 4745 2420 4798 fessus
2443 4785 2455 4806 ,
2487 4745 2554 4797 ab
2594 4746 2802 4798 illarum
2837 4762 3052 4814 precum
3085 4745 3446 4809 conscientia,
3479 4758 3610 4812 quas
3634 4743 3846 4799 dicitur

2249 4835 2507 4889 obtulisse
2523 4850 2642 4888 eum
2667 4837 2894 4901 caeteris,
2919 4837 3148 4890 alienum
3166 4853 3224 4891 se
3250 4842 3561 4890 constanter
3578 4838 3844 4891 asseruit.

2257 4928 2428 4995 Atque
2448 4926 2518 4980 ita
2539 4928 2645 4981 visa
2664 4926 3163 4995 cstsupplicationis
3189 4929 3320 4981 fides
3339 4927 3498 4982 etiam
3525 4927 3591 4982 de
3615 4937 3854 4984 auctore

2258 5033 2463 5076 nutare.
2513 5022 2733 5090 Adjccta
2775 5032 2856 5076 est
2895 5022 2994 5076 alia
3036 5023 3189 5091 plena
3230 5023 3366 5090 juris
3392 5037 3550 5093 atque
3579 5022 3850 5090 rationis;

2257 5113 2397 5181 quod
2432 5119 2548 5181 post
2566 5113 2785 5169 crebras
2811 5115 3142 5183 cognitiones
3163 5124 3218 5169 et
3240 5117 3498 5182 rescripta
3528 5115 3592 5168 ad
3623 5116 3854 5169 relatio-

2259 5218 2379 5258 nem
2426 5221 2706 5260 numerosa
2736 5249 2749 5273 ,
2785 5221 2996 5274 poenam
3031 5206 3162 5276 legis
3205 5207 3489 5260 inciderint
3527 5207 3614 5276 qui
3662 5207 3854 5263 denuo

2257 5305 2445 5348 contra
2469 5297 2685 5352 vetitum
2707 5298 3097 5367 supplicarunt.
3131 5299 3361 5351 Exstant
3390 5299 3586 5368 quippe
3617 5310 3850 5352 senten-

2258 5389 2370 5450 tiaz,
2401 5403 2532 5454 quas
2554 5403 2672 5441 cum
2699 5389 3005 5455 provocatio
3037 5398 3297 5444 tentasset
3325 5390 3588 5455 inhibere,
3623 5394 3858 5446 consul-

2265 5486 2347 5528 tus
2379 5478 2640 5531 relatione
2685 5479 2837 5532 divus
2863 5480 3074 5548 genitor
3121 5481 3420 5536 clementia:
3454 5491 3644 5538 vestra:
3683 5484 3857 5540 (ins-tn

2266 5574 2441 5634 posu.t
2471 5567 2771 5636 QtlJrSlItmi.
2803 5569 2898 5624 Cui
2928 5570 3164 5626 victoria:
3188 5572 3348 5628 fiscus
3372 5575 3617 5639 accessit,
3641 5577 3867 5629 emolu-

2269 5671 2504 5715 mentum
2529 5661 2784 5716 bonorum
2807 5662 3312 5722 Catuliclaxissimm
3342 5666 3610 5720 memoria:
3632 5664 3756 5718 viri.
3796 5677 3860 5723 ut
