3948 6170
202 182 285 236 397

196 305 419 350 assertum
447 310 544 357 est.
569 312 656 366 pro
683 308 827 355 certa
852 309 1000 369 parte
1027 305 1268 360 sortitus.
1294 306 1423 362 Cum
1447 310 1603 379 igitur
1632 330 1723 369 se-

197 396 404 440 natorum
419 388 652 456 allegatio
675 395 948 462 rescriptis
968 411 1031 450 ac
1053 397 1257 467 legibus
1288 402 1570 469 niteretur,
1598 422 1714 461 ma-

194 475 371 528 luerunt
396 491 596 530 causam
625 495 772 534 suam
805 492 995 540 vestrae
1020 501 1113 554 per
1140 503 1226 542 tne
1245 491 1456 558 aperire
1475 493 1718 561 justitiac,

193 580 320 630 quam
347 566 570 633 legitimo
604 572 872 627 vindicare
893 575 1094 643 judicio
1115 619 1130 642 ,
1169 581 1344 634 securi
1377 582 1714 642 decretorum

190 669 286 720 quae
318 665 364 708 et
397 660 704 715 necessitate
730 662 896 730 juris,
927 675 982 720 et
1011 667 1116 721 divi
1166 673 1330 736 patris
1371 679 1717 734 veneratione

188 745 445 797 servabitis.
495 747 672 816 itaque
712 767 898 807 servos
942 756 1080 810 bona
1129 759 1318 814 liducia
1363 764 1715 833 tradiderunt,

187 847 296 897 quos
322 833 366 885 in
396 836 750 904 prmjtrdicium
781 842 1081 900 absentium
1105 887 1119 911 ,
1155 859 1273 916 post
1299 858 1716 912 consummatio-

186 935 280 974 nem
304 925 511 991 negotii,
543 931 764 996 :nquitas
786 943 1111 1002 temporum,
1142 952 1396 1006 quantum
1433 949 1714 1012 praesumi-

183 1025 296 1078 ruus,
325 1028 419 1067 non
447 1018 676 1084 patietur
699 1022 896 1077 audiri.

706 1113 926 1171 EPIST.
979 1119 1140 1174 LXX.

181 1212 246 1252 οι).
273 1215 659 1272 VALENTINIANO,
693 1223 986 1266 THEODOSIO
1010 1231 1076 1267 ΕΤ
1107 1231 1329 1274 ΑῐιεΑοιο
1358 1233 1556 1276 SEMPER
1585 1240 1706 1280 AUC.

585 1291 895 1334 SYIILIACIIUS
924 1297 1088 1336 PREF.
1125 1301 1242 1339 UBB.

227 1357 344 1422 Quid
374 1361 554 1416 habeat
586 1367 912 1424 conditionis
944 1373 1219 1438 inscriptio
1266 1381 1432 1433 nostis
1471 1398 1578 1450 pra:
1607 1398 1710 1440 ca:-

175 1452 292 1516 teris,
310 1453 434 1520 juris
464 1457 657 1524 publici
687 1462 1014 1528 conditores,
1046 1465 1153 1520 DD.
1179 1469 1542 1538 imperatores.
1574 1476 1705 1530 Pro-

172 1543 306 1596 visum
334 1554 412 1598 est
433 1548 571 1601 enim
603 1564 672 1603 ne
706 1553 824 1618 quis
853 1561 1056 1610 temere
1101 1559 1153 1611 in
1177 1559 1339 1613 alieni
1364 1563 1552 1632 capitis
1579 1565 1694 1620 dis-

168 1632 330 1687 crimen
368 1636 626 1706 irrueret,
668 1642 720 1694 ni
769 1657 828 1696 se
869 1644 1006 1698 idem
1036 1650 1180 1715 prius
1222 1666 1392 1718 paena:
1419 1658 1705 1722 sponsione
1739 1674 1787 1735 Β

168 1725 369 1782 vinciret.
393 1728 693 1785 Secundum
738 1734 850 1790 lucc
883 1738 1014 1791 scita
1064 1740 1234 1810 legum
1263 1758 1425 1813 agens
1454 1747 1508 1801 in
1538 1750 1701 1806 rebus

166 1815 419 1883 Africanus,
460 1823 858 1880 accusationem
899 1830 1190 1898 professus,
1224 1833 1497 1904 Compano
1525 1850 1580 1893 et
1608 1840 1698 1895 Ili-

166 1907 261 1971 gino
281 1909 575 1965 clarissimis
609 1913 738 1968 viris
768 1917 1034 1973 violentius
1067 1923 1271 1978 crimen
1306 1927 1526 1994 objecit.
1560 1930 1701 1987 Con-

169 1994 283 2048 tiuuo
302 2037 316 2060 ,
352 2013 399 2052 ut
430 2005 696 2058 severitas
725 2007 968 2076 exigebat
994 2054 1008 2077 ,
1041 2027 1162 2066 reos
1183 2017 1424 2071 custodia
1454 2021 1697 2077 militaris

167 2087 438 2143 dissimulam
467 2093 730 2162 dignitate
751 2098 1124 2154 circumdedit.
1148 2103 1253 2158 Sed
1285 2106 1372 2160 ubi
1397 2118 1573 2175 partes
1596 2113 1696 2167 sub

164 2178 358 2233 examine
382 2184 761 2252 constiterunt,
810 2190 978 2244 multo
1010 2192 1299 2250 luetamine
1345 2209 1692 2267 patronorum

161 2267 334 2324 decursa
358 2276 589 2344 cognitio
619 2320 633 2346 ,
665 2281 908 2335 oratione
940 2284 1108 2352 magis
1129 2325 1142 2349 ,
1168 2301 1324 2353 quam
1358 2289 1686 2357 probationi-

158 2354 230 2410 bus
253 2360 557 2420 redundavit.
587 2367 723 2421 Cum
749 2369 902 2440 longa
921 2373 1202 2428 verborum
1233 2380 1372 2432 serie
1399 2394 1559 2436 causa
1582 2392 1689 2437 tra-

155 2448 355 2520 bcretur,
382 2469 678 2513 summates
722 2461 949 2517 Aricina:
981 2465 1132 2522 urbis
1154 2507 1169 2531 ,
1195 2483 1330 2536 quos
1357 2481 1413 2525 ut
1439 2476 1684 2529 conscios

152 2551 376 2597 accusator
400 2548 1049 2614 excirerat,adhibuimus
1078 2559 1380 2627 qumslioni,
1409 2574 1680 2632 gestorum

151 2630 344 2686 ordinem
377 2637 739 2694 sciscitamur.
768 2642 1015 2699 Omnium
1047 2651 1297 2704 convenit
1317 2654 1680 2720 assertio,.ni-

151 2716 202 2769 hil
228 2724 469 2780 turbarum
512 2743 643 2784 esse
684 2733 997 2789 conﬂatum.
1051 2737 1200 2793 Tunc
1244 2741 1310 2794 ad
1356 2716 1677 2802 eludendum

147 2808 351 2873 judicium
378 2819 666 2879 praesentia
711 2821 988 2890 cujusdam
1030 2829 1195 2896 erepit
1239 2834 1487 2899 exposci,
1519 2850 1674 2904 quem

148 2914 224 2950 non
248 2904 439 2959 tenebat
479 2906 785 2976 inscriptio.
835 2912 911 2966 Eo
949 2914 1177 2986 denique
1207 2935 1294 2975 res
1325 2922 1520 2991 rediit,
1551 2934 1608 2980 ut
1642 2940 1673 2979 a

145 2991 331 3054 partibus
369 2996 606 3053 Africani
638 3004 993 3060 accusationis
1032 3009 1252 3065 omissio
1296 3012 1670 3083 desperatione
1695 3029 1744 3094 ο
1773 3035 2009 3091 voluisse,
2046 3039 2131 3095 Να

145 3088 377 3141 peteretur.
410 3087 706 3157 Supererat
732 3102 808 3158 ut,
841 3094 1062 3153 crimine
1090 3115 1194 3154 non
1224 3103 1468 3172 probato,
1502 3106 1553 3160 in
1578 3123 1669 3163 ac-

141 3179 382 3229 cusatorcm
411 3176 704 3236 formidata
734 3185 838 3238 reis
868 3202 1023 3254 ptena
1072 3193 1342 3248 transiret.
1389 3196 1493 3251 Sed
1542 3212 1663 3253 cum

140 3272 200 3312 me
217 3262 424 3321 Africani
451 3271 652 3326 militia
683 3275 876 3342 pariter
909 3288 1068 3348 atque
1114 3281 1324 3338 incauta
1354 3285 1665 3344 adolescen-

141 3348 186 3399 ti:
204 3365 546 3428 permoveret,
577 3365 741 3417 malui
766 3365 1022 3433 judicium
1046 3370 1112 3424 de
1137 3386 1202 3425 eo
1223 3374 1522 3433 clementiae
1551 3394 1665 3433 ves-

138 3449 204 3494 tra:
223 3459 492 3505 reservare.
518 3455 642 3508 Alia
673 3469 752 3509 est
782 3459 922 3512 enim
955 3462 1190 3518 conditio
1233 3468 1658 3539 magistratuum,

136 3542 309 3595 Quorum
335 3553 601 3611 corruptae
631 3545 875 3602 videntur
896 3564 1016 3605 esse
1045 3556 1348 3621 sententiae,
1376 3557 1420 3611 si
1446 3559 1555 3613 sint
1584 3561 1660 3617 le-

133 3621 243 3684 gibus
277 3629 538 3697 mitiores;
573 3635 680 3687 alia
709 3637 1042 3694 dominorum
1075 3645 1370 3714 principum
1400 3658 1654 3715 potestas,

131 3722 226 3776 qnos
249 3716 389 3774 decet
417 3726 771 3782 acrimoniam
797 3736 967 3786 severi
996 3735 1132 3803 juris
1164 3737 1457 3795 inﬂectere.
1492 3741 1656 3798 Rela-

130 3801 220 3858 tioni
257 3823 392 3876 gesta
435 3817 715 3885 subtexui,
746 3825 970 3890 partium
999 3801 1229 3896 quoque
1276 3834 1655 3901 supplementa

129 3896 298 3953 sociari.
345 3906 538 3971 Qnmso
597 3920 828 3966 vestram
868 3921 1299 3986 augustissimam
1351 3928 1655 3994 perennita-

126 3990 198 4038 lem
216 4001 285 4057 ut,
308 3999 592 4066 perpensis
618 4003 864 4060 omnibus
885 4048 900 4072 ,
933 4012 1198 4079 sequenda
1217 4014 1468 4082 jubcatis.

639 4111 850 4169 EPIST.
895 4117 1076 4173 LXXI.

120 4198 153 4237 It.
185 4204 273 4245 IHP.
305 4211 532 4256 BONORIO
583 4217 786 4259 δευρί-ιιι
816 4224 938 4262 AUG.
981 4225 1288 4269 SYMMACIIUS
1325 4233 1494 4273 Puri-3F.
1524 4237 1643 4276 URB.

118 4471 281 4527 semper
307 4469 548 4526 exhibeo.
599 4474 728 4530 Cum
771 4478 860 4532 diu
904 4485 1186 4554 episcopus
1216 4488 1460 4547 Zosimus
1488 4497 1635 4564 gravi

115 4546 396 4614 incommodo
418 4562 709 4632 laboraret,
729 4585 893 4640 usque
915 4576 1067 4645 adeo,
1095 4591 1149 4633 ut
1171 4581 1476 4652 frequenter
1498 4604 1637 4644 mor-

117 4648 206 4693 tuus
218 4644 512 4718 jactaretur,
542 4659 741 4716 accidit
769 4672 825 4716 ut
847 4644 1080 4722 secundo
1100 4670 1185 4725 die.
1204 4685 1316 4741 post
1338 4677 1632 4746 ingressum

113 4742 250 4790 meum
281 4742 382 4796 vita
410 4746 720 4805 decederet.
761 4753 949 4809 Statim
977 4759 1059 4826 (ut
1088 4742 1436 4837 convenerat)
1469 4783 1634 4839 popu-

984 4819 995 4826 .
1310 4819 1337 4820 κν
1400 4819 1431 4837 η
1469 4819 1607 4839 τ-τ-

113 4819 191 4875 lum
217 4828 518 4900 alloquendo
549 4847 856 4900 commonui
882 4883 897 4911 ,
941 4859 999 4904 ut
1042 4867 1164 4906 cum
1206 4857 1386 4925 quieto
1409 4861 1629 4918 clerico-

109 4921 194 4968 rum
215 4929 420 4981 tractatu
463 4935 646 4987 omnia
677 4937 986 5007 (inirentur,
1027 4959 1125 5000 nec
1172 4961 1230 5004 se
1257 4951 1419 5008 rebus
1447 4954 1626 5024 dispo-

108 5008 255 5063 nendis
279 5015 524 5075 misceret
555 5025 782 5081 turbatio
808 5034 1107 5100 popularis:
1135 5041 1394 5108 siquidem
1423 5055 1623 5102 certum

105 5103 212 5148 esset
239 5099 285 5154 in
324 5105 569 5178 eligendo
596 5118 846 5188 episcopo
882 5099 977 5177 ῙΜ
1019 5129 1399 5196 omnipotentis
1435 5149 1626 5205 exspe-

104 5188 307 5247 ctandum
331 5210 449 5254 esse
478 5203 762 5275 judicium,
794 5212 995 5271 domini
1027 5219 1375 5288 imperatores
1395 5228 1621 5295 (llonnri

106 5285 136 5295 -.
160 5276 210 5295 m
305 5286 315 5295 .
381 5291 391 5295 -

105 5285 140 5323 et
160 5276 392 5343 Theodosi
413 5330 426 5351 ,
455 5295 569 5361 pii,
605 5298 786 5358 felices
823 5315 878 5359 et
915 5310 1094 5381 inclyti
1127 5313 1375 5386 victores,
1407 5333 1619 5391 semper

113 5365 296 5391 μη,
367 5379 380 5391 .
417 5381 430 5391 .
604 5389 622 5391 -
934 5390 940 5391 κ

107 5365 322 5443 Augusti).
353 5379 622 5441 Admonui
646 5399 699 5445 et
720 5365 1052 5470 corporatos,
1086 5403 1278 5461 ofﬁciis
1303 5365 1512 5481 qtioque
1526 5365 1621 5469 ζη-

109 5459 296 5481 ,περ

819 5459 831 5464 _
1039 5459 1051 5470 ,
1214 5459 1225 5460 η
1254 5459 1271 5461 -
1309 5459 1512 5481 ναι--

109 5459 366 5525 terminatus
393 5485 511 5528 sum
539 5517 554 5542 ,
585 5493 644 5535 ac
674 5485 909 5552 majores
945 5490 1177 5548 deterrui
1207 5499 1480 5568 regionum
1506 5544 1520 5568 ,
1553 5521 1619 5561 ne

109 5548 187 5608 tu?!»
209 5557 422 5623 quietem
456 5565 612 5624 L'rbis
634 5548 820 5632 vestra:
853 5581 1070 5638 turbare
1095 5592 1340 5646 tentaret.
1372 5593 1520 5660 Quod
1546 5597 1614 5652 ita

1357 190 1832 264 EPISTOLARUM
1874 211 2073 269 LIBER
2114 217 2175 272 Χ.

3299 249 3404 312 398

1748 325 1802 384 Α
1825 324 2150 381 custoditum
2173 338 2275 398 est,
2303 341 2356 386 ut
2388 337 2501 392 sine
2528 341 2751 411 strepitu
2771 351 2955 404 omnia
2989 353 3405 416 linirentur.Vc-

1831 425 1948 465 rum
1977 428 2094 468 cum
2131 419 2211 472 vir
2240 432 2455 480 sanctus
2499 429 2732 489 Eulalius
2765 438 2830 492 ad
2863 439 3154 497 Ecclesium
3187 447 3403 503 Latera-

1827 517 2047 560 nensem
2097 507 2162 564 de
2191 519 2459 584 exsequiis
2499 523 2968 602 priorisep'seopi
3000 551 3028 588 a
3069 540 3266 606 populo
3295 552 3351 596 et
3374 559 3406 596 τι

1823 595 2036 653 clericis
2059 600 2626 678 fuissetadductus,ibi
2648 633 2743 686 per
2771 622 2988 678 biduum
3020 643 3138 682 cum
3169 633 3402 689 maxima

1822 686 2163 746 multitudine
2194 704 2248 748 et
2283 712 2402 753 cum
2434 704 2671 770 pluribus
2700 715 3068 779 sacerdotibus
3097 734 3396 777 remoratus

1822 783 1903 826 est
1930 814 1944 838 ,
1977 786 2033 830 ut
2074 794 2476 849 exspectaretur
2502 793 2615 849 dies
2645 811 2931 858 consuetus
2960 822 3066 874 quo
3102 823 3282 876 posset
3307 826 3397 864 so-

1821 866 2067 923 lemniter
2091 874 2348 931 ordinari.
2367 879 2497 937 Cum
2523 885 2608 941 hic
2625 888 2694 944 ita
2708 906 2909 962 essent,
2929 900 3106 955 subito
3136 903 3394 974 aliquanti

1818 958 2115 1030 presbyteri
2145 980 2262 1020 cum
2297 968 2565 1031 Bonifacio
2593 981 2828 1046 ejusdem
2861 958 3060 1046 ordinis
3100 994 3166 1048 ad

1815 1044 1961 1100 doraa
1979 1050 2283 1121 ecclesiam,
2306 1060 2531 1118 collecto
2551 1044 2766 1137 populo,
2789 1089 3160 1148 properarunt,
3189 1086 3388 1158 ibique,

1819 1134 1991 1158 I...l.:._
2028 1151 2155 1158 -A-,.
2202 1156 2208 1158 _
2304 1149 2314 1158 .
2582 1156 2590 1158 Α

2624 1134 2634 1136 ἡ
2755 1134 2802 1142 ..
2889 1134 2903 1145 .
3086 1134 3112 1135 η
3149 1134 3160 1148 ι
3189 1134 3388 1158 ““⁷”Ί’“”

1818 1134 1996 1191 habito
2027 1151 2270 1210 tractatu,
2301 1149 2471 1216 ipsum
2497 1156 2746 1214 ordinare
2773 1166 3084 1237 episcopum
3117 1175 3252 1231 velle
3278 1193 3389 1235 ca:-

1815 1237 2025 1293 perunt.
2055 1232 2205 1298 Quod
2251 1238 2336 1293 ubi
2381 1249 2639 1314 comperi,
2674 1267 2862 1308 omnes
2893 1232 2980 1327 qui
3009 1263 3210 1328 pariter
3237 1281 3392 1324 erant

1811 1317 1877 1369 ad
1922 1324 2006 1375 me
2049 1331 2102 1376 ut
2145 1329 2390 1385 venirent
2436 1338 2778 1407 presbyteros
2809 1317 3095 1417 depoposci
3123 1371 3137 1408 :
3165 1370 3228 1409 ac
3258 1361 3388 1414 resi-

1810 1407 1942 1464 dens
1973 1426 2092 1467 cum
2116 1416 2416 1476 clarissimo
2445 1426 2560 1480 viro
2592 1433 2804 1487 tribuno
2827 1439 3138 1511 Sereniano,
3173 1463 3265 1502 eos
3293 1452 3387 1504 ad-

1810 1500 1990 1553 monui
2017 1544 2030 1567 ,
2065 1509 2288 1574 nequid
2329 1520 2530 1570 temere
2562 1518 2674 1573 ﬁeri
2706 1531 3042 1597 paterentur,
3068 1545 3159 1589 aut
3201 1552 3385 1596 contra

1811 1599 1976 1643 sacra:
1992 1592 2124 1662 legis
2135 1597 2373 1654 ordinem
2391 1605 2659 1676 venirent,
2685 1623 2775 1665 aut
2788 1629 2972 1674 contra
2987 1629 3382 1694 consuetudinis

1815 1683 2098 1738 rationem.
2124 1687 2228 1743 Sed
2251 1701 2391 1746 tanta
2406 1699 2693 1764 pertinacia
2716 1708 3042 1777 restiterunt,
3059 1719 3380 1788 utquidquid

3031 1769 3040 1777 .
3144 1769 3158 1785 .
3204 1769 3377 1788 την--

1805 1769 2062 1826 tninatum
2080 1773 2259 1844 fuerit,
2279 1780 2452 1838 facere
2476 1787 2692 1844 minime
2709 1793 3036 1855 dubitarent.
3063 1803 3193 1859 Nam
3219 1811 3377 1866 etiam

1805 1860 2174 1930 presbyterum
2203 1868 2527 1928 Bonil'acium
2555 1877 2606 1931 in
2631 1885 2853 1938 ecclesia
2872 1888 3105 1947 Marcelli
3127 1897 3380 1954 ordinan-

1801 1947 1926 2008 dum
1958 1968 2078 2009 esse
2108 1957 2397 2030 duxerunt,
2440 1974 2602 2037 atque
2632 1987 2752 2028 cum
2777 1992 2840 2030 eo
2865 1981 2930 2033 ad
2954 1981 3012 2036 S.
3041 1984 3183 2042 Petri
3200 1989 3375 2045 basili-

1797 2051 1914 2093 catn
1966 2057 2363 2110 processerunt.
2410 2055 2475 2108 Et
2521 2064 2774 2126 quoniam
2814 2069 3025 2135 pietatis
3063 2086 3255 2132 vestrae
3295 2092 3374 2140 est

1797 2126 1865 2182 de
1893 2129 1990 2185 ltac
2031 2147 2181 2200 parte
2222 2139 2362 2196 ferre
2381 2139 2660 2219 ju'dicinm,
2712 2159 2891 2210 statim
2924 2177 3020 2230 pro
3049 2161 3375 2237 competenti

1794 2218 2152 2280 sollicitudine
2195 2240 2423 2287 \estram
2463 2238 2797 2306 maiestatem
2837 2252 3039 2307 credidi
3081 2260 3370 2318 consulen-

1792 2308 1935 2379 dam,
1985 2324 2034 2367 ut
2064 2320 2204 2385 quod
2249 2324 2418 2391 pietas
2448 2344 2622 2386 ves:ra
2651 2334 2922 2410 decernat,
2972 2360 3242 2421 praecepto
3279 2370 3368 2411 ve-

1789 2403 1884 2454 stri
1929 2407 2160 2463 numinis
2205 2415 2482 2472 evidenter
2527 2421 2816 2495 informet,
2857 2403 2989 2488 (διε.-
3018 2403 3367 2514 Βαι,’(ιιιητιο

1790 2491 1970 2514 ..ηιμ-ΑΙ
2037 2494 2076 2514 Ι-
2227 2502 2260 2514 ’⁸

1787 2491 1995 2546 calend.
2025 2494 2279 2554 Januarii.

2338 2575 2553 2634 EPIST.
2597 2582 2803 2641 LXXII.

1887 2665 1995 2705 IMP.
2035 2670 2291 2715 BONORIUS
2321 2681 2587 2724 AUGUSTUS
2617 2688 2895 2736 SYHMACIIO
2922 2699 3094 2740 PBEF.
3135 2705 3253 2747 URB.

1851 2756 2016 2814 Gestis
2039 2768 2269 2824 omnibus
2294 2779 2572 2844 recensitis,
2598 2781 2872 2842 laudanda:
2901 2793 3226 2854 sublimitath
3256 2813 3360 2860 tuas

1778 2847 2020 2905 relatione
2042 2859 2319 2923 perclaruit
2353 2865 2406 2917 in
2441 2870 2765 2930 ordinatione
2797 2885 3095 2941 venerabilis
3119 2899 3360 2952 sacerdo-

1776 2940 1840 2992 tis
1883 2951 2095 3007 quietem
2144 2961 2356 3010 veterem
2397 2978 2677 3028 paucorum
2730 2974 3050 3033 insolentiam
3107 2993 3358 3046 attentare

2136 3059 2184 3096 m
2213 3062 2327 3101 cum
2366 3063 2476 3119 post
2505 3056 2790 3114 abscessum
2817 3071 3112 3125 venerabilis
3138 3077 3232 3130 viri
3251 3078 3354 3132 Ζοι-

1754 3217 1960 3285 judicio
1981 3229 2277 3284 conveniens
2306 3236 2577 3293 multitudo
2598 3245 2870 3312 sonaisset,
2887 3267 2948 3303 ac
2978 3257 3128 3318 plena
3154 3275 3276 3329 erga
3296 3279 3350 3318 se

1766 3312 1938 3365 omnia
1985 3331 2098 3383 qua:
2129 3323 2307 3391 regula
2361 3326 2637 3386 Catholica:
2664 3349 2890 3404 posceret
2917 3343 3204 3414 disciplima
3231 3369 3348 3406 suce-

1762 3409 1975 3461 cessoris
2018 3414 2337 3480 conﬁrmatio
2380 3424 2656 3479 custodiret
2689 3468 2705 3494 ,
2747 3430 3063 3508 uehementer
3101 3442 3346 3498 miramur

1760 3497 1959 3568 aliquos
1987 3506 2235 3562 exstitisse
2275 3514 2362 3580 qui
2403 3518 2724 3577 solemnitate
2751 3536 3039 3600 contempta
3085 3537 3223 3592 circa
3253 3557 3341 3593 or-

1761 3590 2074 3650 dinationem
2109 3601 2320 3658 alterius
2363 3607 2684 3676 festinarent.
2730 3615 2797 3670 In
2839 3637 3054 3689 quorum
3082 3614 3361 3699 castigan;

1759 3686 1881 3739 dum
1902 3689 2095 3758 factum
2119 3703 2552 3757 mansuetudinem
2581 3716 2806 3763 nostram
2832 3713 2929 3767 rite
2957 3729 3150 3786 Oportet
3169 3723 3339 3776 insur-

1756 3793 1894 3846 gere,
1924 3783 2024 3835 nisi
2048 3783 2144 3839 ltoc
2171 3796 2367 3843 tantum
2388 3810 2565 3873 gerere
2591 3803 2914 3861 decernemus
2936 3825 3020 3862 eos
3050 3814 3120 3865 ad
3138 3818 3337 3872 reniam

1755 3875 2022 3941 pertinere,
2048 3882 2186 3948 quod
2205 3882 2404 3954 lapsum
2417 3889 2518 3941 cito
2536 3896 2799 3959 propriam
2830 3909 3139 3966 contuentes,
3167 3909 3235 3959 ad
3247 3911 3337 3963 dc-

1753 3965 1995 4028 precandi
2022 3967 2301 4040 suffugium
2341 3986 2457 4032 sunt
2486 3980 2692 4048 relapsi,
2727 3985 2920 4055 ignosci
2947 3992 3042 4047 sibi
3063 4011 3216 4066 super
3242 4001 3334 4066 id,

1751 4050 1888 4112 quod
1917 4053 2014 4106 vim
2043 4063 2268 4126 perpessi
2293 4069 2555 4134 conquesti
2594 4083 2713 4126 sunt
2736 4050 2765 4136 ,⁷
2781 4080 3114 4143 postulantes.
3141 4088 3332 4146 Conue-

1751 4139 1861 4194 nire
1900 4158 2020 4214 ergo
2059 4160 2225 4204 notum
2269 4165 2316 4207 et
2345 4159 2571 4215 studium
2619 4177 2848 4222 nostrum
2879 4175 3015 4229 circa
3064 4179 3328 4239 Eulalium

1748 4243 1906 4284 sacra:
1935 4233 2056 4304 legis
2078 4241 2352 4297 antistitem
2380 4249 2665 4308 sublimitas
2702 4267 2789 4311 tua
2835 4263 3114 4323 clementia:
3141 4287 3328 4331 nostra:

1746 4323 2047 4390 auctoritate
2075 4337 2311 4398 praesenti
2331 4353 2598 4408 cognoscat
2622 4362 2640 4406 ξ
2671 4351 2753 4402 cui
2781 4368 3064 4422 competens
3084 4379 3326 4424 numerus

1743 4416 2114 4488 ordinantium,
2144 4427 2354 4496 legitimi
2373 4435 2663 4494 solemnitas
2685 4450 2946 4514 temporis,
2973 4454 3168 4525 locique
3190 4479 3324 4531 qua-

1748 4506 1863 4531 Η.--
1892 4523 2018 4531 ..ΑΑικ
2075 4530 2078 4531 ν
2309 4521 2340 4531 ⁸⁸
2494 4527 2504 4531 ⁸
2552 4529 2559 4531 “

2788 4506 2797 4514 .
2934 4506 2944 4514 υ
3031 4506 3320 4531 "I""I"""‘

1744 4506 1863 4560 (itas
1891 4523 2023 4566 recte
2069 4521 2340 4573 venerandi
2367 4527 2585 4582 nominis
2609 4533 2801 4599 apicem
2829 4544 3164 4603 contulerunt.
3191 4551 3320 4609 Cum

1742 4609 1909 4652 autem
1938 4601 2206 4674 Bonifacio
2231 4623 2422 4667 constet
2453 4621 2625 4673 omnia
2671 4624 2911 4695 defuisse,
2945 4640 3202 4706 super/lue
3231 4661 3318 4697 (.1:-

1739 4703 2015 4760 specfatam
2052 4703 2350 4757 sententiam
2380 4719 2604 4764 nostram
2633 4731 2739 4769 esse
2771 4723 3041 4789 sensimus,
3084 4746 3199 4784 cum
3240 4736 3319 4802 fa-

1740 4790 1877 4835 ctum
1911 4802 2058 4841 suum
2104 4791 2203 4858 ipsi
2223 4797 2308 4861 qui
2342 4813 2767 4869 prasuntpserant
2792 4811 3014 4867 admotis
3047 4818 3319 4878 damnasse

1737 4873 1966 4938 precibus
2011 4878 2292 4939 rideantur.
2347 4888 2594 4944 Absoluta
2631 4895 2800 4966 itaque
2838 4902 3158 4964 decernimus
3193 4915 3311 4982 jus-

2715 4963 2723 4966 .
3140 4963 3147 4964 κ
3193 4963 3284 4982 ,νην

1731 4963 1900 5030 sione,
1940 4975 2344 5028 extraordinaria
2381 4987 2774 5051 pra'sumptione
2813 4992 3064 5061 submota,
3087 4996 3311 5072 Bonifa-

1731 5053 1863 5105 cium
1908 5061 2176 5115 interdicta
2214 5068 2477 5134 confestim
2543 5071 2677 5138 Urbe
2717 5079 2972 5146 prohiberi
3014 5084 3136 5152 (crit
3175 5053 3310 5147 νένε-

1729 5145 1932 5198 cundia:
1972 5149 2084 5218 ejus
2123 5163 2200 5217 ut,
2241 5169 2430 5209 morem
2472 5176 2646 5229 gerens
2689 5165 2965 5224 (celestibus
2994 5179 3303 5246 constitutis,

1726 5251 1906 5305 sponte
1931 5245 2203 5314 discedat),
2241 5253 2550 5318 pertinacius
2575 5260 2905 5327 resistentem,
2930 5266 3141 5324 invitum
3168 5291 3301 5341 pric-

1725 5332 1939 5401 cipimus
1972 5339 2176 5405 expelli.
2215 5338 2430 5395 Plebeia:
2471 5361 2594 5400 sane
2621 5350 2886 5406 seditionis
2923 5366 3153 5412 auctores
3183 5376 3298 5415 cum

1725 5423 1874 5476 sociis
1907 5426 2012 5476 suis
2039 5427 2321 5483 sublimitas
2350 5441 2437 5485 tua
2454 5475 2468 5498 ,
2504 5435 2810 5506 Symmache
2831 5461 3016 5512 parens
3038 5448 3298 5504 carissime

1723 5525 1869 5585 atque
1912 5521 2252 5575 amantissime
2273 5563 2292 5589 ,
2333 5533 2521 5581 statuat
2548 5532 2791 5600 attineri;
2815 5547 2964 5604 atque
2992 5538 3042 5589 in
3068 5554 3150 5592 eos
3177 5555 3298 5594 con-

1723 5621 1845 5674 grue
1876 5609 2121 5662 vindicari
2144 5647 2160 5668 .
2191 5621 2242 5666 ut
2273 5630 2350 5666 res
2379 5626 2561 5673 temere
2600 5633 2910 5691 nrtesumpta
2933 5641 3032 5681 non
3069 5635 3293 5684 transeat
