4048 6184
606 318 708 372 599

1774 310 1837 376 Ω.
1881 305 2225 362 AURELIUS
2264 307 2698 362 SYMMACIIUS.

3764 309 3870 366 400

603 421 875 491 impunita.
913 420 976 474 In
1015 434 1113 487 qua
1143 432 1196 472 re
1234 418 1594 488 Aphrodisium
1640 416 1706 470 V.
1746 415 1804 469 C.
1836 414 2095 468 tribunum
2132 422 2180 468 et
2210 423 2261 480 Α
2284 432 2403 486 qua:
2434 417 2572 471 male
2618 417 2825 471 fuerant
2873 419 3102 472 admissa
3127 418 3430 473 temeritate
3462 434 3785 489 paucorum;
3813 429 3872 477 et

604 513 858 566 notarium
875 511 1026 581 dirigi
1046 528 1079 564 a
1098 517 1271 563 nostra
1300 506 1684 561 mansuetudine
1704 504 1925 576 placuit,
1946 514 2021 569 ut,
2047 518 2178 567 prat—

602 610 740 654 sente
762 617 850 667 eo,
878 616 994 668 qua:
1019 598 1289 652 statuimus
1311 597 1527 651 celerius
1559 596 1891 665 impleantur,
1917 604 2170 665 quatenus

602 696 746 761 quies
783 694 957 763 populi
1009 689 1151 745 nulla
1196 690 1571 760 perturbatione
1608 699 1844 754 vexetur,
1892 698 1939 742 et
1993 696 2178 758 pacata

600 803 712 840 eum
734 793 990 838 veneretur
1020 781 1341 845 universitas,
1363 796 1508 847 quem
1528 780 1803 835 secundum
1832 786 2044 833 veterem
2065 792 2177 829 con-

600 875 914 928 suetudinem
945 872 1205 925 observata
1228 885 1388 924 sacra:
1404 870 1529 940 legis
1554 870 1796 939 mysteria
1821 875 2173 937 susceperunt.

602 961 721 1015 Dat.
750 978 805 1015 ιιι
836 978 954 1015 non.
987 959 1252 1025 Januarii,
1298 958 1571 1013 Ravennae.

1148 1065 1362 1121 EPIST.
1406 1065 1635 1120 LXXIII.

671 1178 721 1214 Ι).
761 1173 987 1213 πημοῐιιο
1028 1173 1232 1212 εειίιιειι
1272 1172 1395 1211 AUC.
1443 1162 1753 1210 ειιηιΑοιιῠε
1780 1170 1947 1209 FBA-3F.
1981 1170 2103 1209 ΗΠΒ.

667 1252 764 1307 Ubi
788 1251 1016 1320 primum
1046 1263 1198 1303 sacer
1225 1261 1405 1303 sermo
1427 1246 1639 1316 pietatis
1669 1257 1865 1301 vestras
1894 1254 2174 1316 exspecta-

596 1343 791 1395 tionem
808 1339 986 1408 populi
1012 1338 1289 1392 celeritate
1316 1338 1592 1406 praevenit,
1622 1349 1782 1391 omne
1802 1334 1943 1405 quod
1964 1336 2063 1390 sibi
2095 1335 2176 1389 di-

597 1430 823 1484 versitas
887 1427 1217 1482 voluntatum
1279 1435 1631 1492 usurpaverat
1679 1426 1747 1480 de
1802 1426 2172 1495 episcoporum

595 1520 861 1576 electione
887 1560 900 1582 ,
942 1517 1241 1583 submovit,
1283 1532 1347 1571 ac
1368 1517 1545 1571 divina
1576 1517 1881 1586 provisione
1910 1519 2048 1573 inter
2076 1518 2174 1572 ini-

595 1612 666 1665 tia
700 1609 958 1665 resecavit
982 1648 996 1674 ,
1027 1607 1166 1677 quod
1208 1608 1457 1661 tarditate
1481 1607 1742 1677 imperita:
1788 1606 2171 1674 multitudinis,

594 1698 959 1754 crescentibus
985 1695 1177 1752 studiis
1202 1738 1217 1763 ,
1249 1695 1526 1753 dlllicillus
1556 1698 1817 1768 potuisset
1841 1696 2038 1752 auferri
2065 1739 2079 1763 ,
2109 1698 2170 1752 l).

2279 515 2475 575 quanta
2520 510 2690 577 gratia
2731 518 2975 576 suscepta
3036 510 3143 563 sint
3195 524 3315 579 qua:
3352 511 3637 565 clementia
3688 520 3867 567 vestra

2278 600 2459 653 divino
2486 599 2682 655 indicio
2722 609 2776 655 et
2809 601 3216 670 perseverandze
3246 598 3519 671 religionis
3564 604 3866 658 reverentia

2277 690 2614 745 decernenda
2660 692 2920 758 credidit,
2951 701 3007 748 et
3050 708 3149 762 pro
3188 694 3365 763 quiete
3410 694 3595 764 populi
3636 694 3865 749 Romani

2279 780 2332 834 in
2383 788 2699 850 perpetuum
2739 782 3000 838 servanda
3051 785 3347 838 constituit.
3396 785 3515 840 Dat.
3569 792 3723 839 sexto
3747 784 3864 839 idus

2278 869 2543 925 Januarii.

2830 962 3043 1017 EPlST.
3075 962 3309 1019 LXXIV.

2277 1065 2600 1106 PRESBYTER]
2634 1068 2699 1105 EX
2746 1069 2915 1107 PARTE
2961 1069 3243 1121 BONIFACII,
3296 1070 3434 1118 QUOD
3460 1069 3681 1111 SCIRENT
3712 1073 3864 1111 111³ιῖ-

2347 1136 2598 1175 ΒΑτοιιεΜ
2641 1138 2916 1177 DECEPTUI
2950 1140 3266 1187 RELATIONE,
3309 1141 3463 1180 DATIS
3493 1143 3728 1183 LITTEBIS
3762 1142 3862 1183 5E5

2349 1206 2593 1246 PRECIBUS
2629 1208 2731 1245 ιιευ
2760 1209 2964 1248 GESTL!
2993 1210 3165 1248 CERTA
3196 1210 3314 1249 Ηυε
3336 1211 3605 1251 NARRANT.

2354 1323 2583 1378 Petimus
2618 1324 2935 1378 clementiam
2977 1336 3215 1393 vestram,
3256 1329 3474 1396 piissimi
3498 1338 3547 1382 et
3567 1328 3863 1384 clementts-

2274 1416 2392 1469 simi
2421 1417 2583 1484 impp.
2619 1414 2821 1470 Honori
2848 1426 2895 1469 ct
2923 1415 3177 1471 Theodosi
3217 1434 3413 1484 semper
3442 1420 3548 1472 AA.
3585 1433 3695 1483 post
3745 1421 3864 1475 abs-

2276 1525 2472 1563 cessum
2503 1507 2563 1563 S.
2589 1507 2784 1561 Zosimi
2803 1525 2948 1580 papa:
2961 1508 3203 1564 Ecclesiw
3222 1509 3501 1566 Catholicte
3526 1512 3666 1564 urbis
3683 1511 3866 1566 Roma:

2277 1601 2357 1669 (ut
2394 1600 2508 1667 fieri
2557 1616 2665 1654 mos
2691 1600 2884 1653 t'olcbal
2922 1611 3073 1671 atque
3122 1604 3237 1669 ipsa
3270 1603 3532 1673 religionis
3583 1604 3861 1675 disciplina

2277 1689 2522 1759 dictabat)
2551 1689 2719 1758 plures
2746 1691 2800 1743 in
2826 1706 2984 1744 unum
3010 1695 3330 1746 convenimus
3355 1694 3668 1760 sacerdotes,
3711 1706 3764 1747 ut
3791 1702 3863 1749 de

594 1792 900 1857 imperator.
929 1786 1009 1841 Ob
1035 1802 1194 1856 quam
1225 1802 1339 1841 rem
1369 1788 1544 1842 statim
1588 1787 1770 1842 debito
1802 1786 2053 1842 famulatu
2075 1789 2174 1843 im-
2204 1771 2252 1833 Β
2278 1781 2631 1834 constituendo
2667 1798 2952 1836 successore
2980 1785 3235 1837 communi
3262 1786 3464 1855 judicio
3497 1794 3860 1841 tractaremus.

595 1880 741 1946 plere
799 1890 917 1946 quae
984 1876 1192 1931 fuerant
1246 1877 1504 1946 imperata
1560 1878 1877 1948 properavi;
1932 1887 1987 1933 et
2036 1880 2177 1949 quod

595 1965 835 2019 felicitati
861 1964 1161 2020 clementiae
1185 1976 1377 2021 vestra:
1398 1968 1771 2022 ascribeudum
1792 1975 1893 2034 est,
1928 1982 2018 2024 res
2055 1968 2177 2024 novi

596 2059 826 2127 exempli
850 2098 865 2124 ,
889 2068 944 2114 et
964 2059 1210 2114 maxima:
1234 2059 1595 2113 contentionis
1619 2058 1899 2128 magnique
1927 2060 2173 2114 certami-

594 2151 712 2215 nis,
746 2157 800 2203 ut
840 2150 957 2204 sine
986 2151 1406 2205 commonitione
1446 2150 1622 2218 populi
1654 2161 1829 2218 empta
1870 2150 2073 2216 fuerat,
2104 2152 2176 2207 ita

588 2240 736 2296 salva
761 2240 1044 2295 clementia
1074 2247 1251 2295 vestra
1279 2255 1399 2295 cum
1430 2240 1590 2296 totius
1619 2240 1972 2295 multitudinis
1998 2240 2176 2311 quiete

591 2332 737 2386 ﬁnita
761 2342 865 2388 est.
912 2331 1045 2386 Nam
1071 2347 1191 2387 cum
1223 2346 1288 2388 eo
1315 2340 1557 2402 tempore
1590 2332 1656 2387 ad
1679 2347 1765 2387 me
1784 2347 1936 2388 sacra
1969 2333 2175 2402 perlata

591 2432 738 2478 esset
790 2423 1081 2478 auctoritas
1122 2437 1227 2493 quo
1271 2422 1443 2477 sancti
1473 2421 1561 2478 die
1586 2430 1703 2477 erat
1743 2422 2061 2478 celebranda
2086 2437 2172 2479 so-

590 2516 862 2583 lemnitas,
887 2514 1063 2569 statim
1095 2513 1188 2585 (ut
1221 2514 1561 2584 oportebat),
1591 2513 1756 2568 misso
1791 2513 2169 2583 primiscrinio,

592 2605 926 2659 Bonitacium
956 2603 1022 2658 ad
1056 2618 1143 2658 me
1168 2605 1351 2660 venire
1371 2604 1645 2669 admonui,
1677 2605 1818 2674 quod
1844 2614 2169 2675 praeceptum

591 2698 788 2764 fuerat,
807 2696 1133 2766 agniturum,
1154 2704 1249 2750 uta
1267 2695 1806 2767 processione,quam
1836 2693 1939 2751 sibi
1969 2694 2169 2752 inhibi-

588 2796 695 2840 tam
719 2785 975 2841 didicerat
996 2784 1309 2841 abstineret.
1326 2784 1448 2854 Qui,
1467 2785 1820 2841 conventione
1839 2793 2166 2855 contempta,

587 2878 878 2947 processit,
926 2885 1087 2947 atque
1129 2891 1251 2932 eum
1300 2892 1460 2947 quem
1499 2876 1740 2932 dixeram
1782 2876 1931 2933 dedit
1975 2877 2169 2947 populo

586 2956 1000 3022 verberandum.
1038 2966 1193 3035 Quod
1222 2967 1315 3022 ubi
1359 2969 1660 3023 nuntiatum
1690 2976 1807 3036 est,
1837 2967 2020 3023 habito
2044 2982 2166 3023 eum

586 3058 652 3112 γ.
684 3058 744 3113 C.
778 3059 992 3114 tribuno
1022 3057 1315 3114 Sereniano
1345 3067 1606 3126 tractatu,
1650 3059 1716 3113 ad
1757 3066 2001 3115 sanctum
2030 3058 2169 3114 Pau-

585 3150 719 3219 lum,
760 3165 865 3218 quo
890 3158 1217 3206 convenerat
1241 3191 1256 3216 ,
1280 3158 1339 3204 et
1371 3165 1525 3206 sacra
1546 3150 1881 3220 exemplaria
1911 3165 2011 3221 pro
2038 3166 2166 3208 cau-
2192 3122 2241 3187 θ

585 3242 692 3295 tela
716 3241 905 3305 direxi,
930 3255 999 3294 ne
1028 3239 1153 3308 quid
1178 3239 1231 3293 in
1255 3240 1503 3309 iniuriam
1534 3241 1799 3310 publicam
1830 3241 1896 3296 de
1923 3256 2166 3311 praecep-

587 3329 656 3385 tis
704 3331 942 3385 immissa
982 3329 1268 3384 multitudo
1316 3338 1604 3385 temeraret
1629 3374 1643 3398 ,
1676 3339 1729 3386 et
1759 3341 1963 3400 partem
2002 3331 2166 3386 oillcii

585 3420 786 3486 pariter
817 3420 1101 3474 destinavi.
1135 3417 1247 3474 Sed
1271 3429 1519 3474 neutrum
1543 3419 1659 3475 ﬁeri
1683 3434 1872 3489 passus
1899 3462 1915 3488 ,
1949 3435 2071 3475 cum
2102 3422 2165 3476 ad

590 3508 787 3565 Urbem
814 3510 977 3565 vellet
1017 3511 1214 3579 pariter
1255 3525 1377 3565 cum
1428 3511 1624 3580 populo
1669 3524 1913 3567 remeare
1938 3551 1954 3577 ,
1985 3512 2165 3566 statim

586 3604 650 3657 ad
678 3612 854 3672 portas
873 3612 979 3657 tam
1008 3602 1417 3659 contubernales
1438 3617 1598 3672 quam
1624 3603 1954 3673 apparitores
1975 3617 2167 3658 occur-

584 3703 791 3759 rerunt,
817 3694 906 3764 qui
936 3709 1057 3748 eum
1086 3696 1167 3764 (ut
1193 3701 1449 3749 statutum
1480 3692 1673 3765 fuerat)
1707 3693 1903 3749 Urbem
1930 3704 2164 3749 vestram

585 3788 790 3857 ingredi
839 3787 1205 3857 prohiberent.
1239 3786 1438 3841 Verum
1486 3786 1632 3855 ipsos
1684 3800 1895 3856 quoque
1921 3794 2167 3842 contem-

583 3881 787 3935 nendos
812 3880 1041 3935 credidit
1065 3924 1081 3949 ,
1128 3889 1284 3949 atque
1312 3878 1576 3933 violenter
1603 3879 1880 3948 ingressus
1903 3918 1919 3945 ,
1961 3893 1991 3932 a
2018 3888 2166 3935 certa

583 3970 744 4025 Urbis
776 3978 927 4039 parte
957 3969 1199 4039 pluribus
1222 3968 1632 4023 occurrentibus
1661 3977 1744 4023 est
1771 3968 2041 4037 repulsus,
2067 3983 2169 4024 nec

582 4062 875 4129 permissus
916 4060 1055 4129 quod
1097 4058 1363 4129 cogitabat
1404 4058 1652 4127 implere.
1677 4057 1831 4123 Quod
1882 4058 1971 4112 ubi
2006 4058 2162 4112 turba

581 4164 703 4217 qua:
746 4148 1103 4203 comitabatur
1144 4148 1383 4217 aspexit,
1418 4146 1535 4201 sine
1574 4147 1758 4216 aliquo
1801 4148 2027 4202 tumultu
2056 4147 2166 4202 dis-

581 4253 737 4307 persa
764 4252 866 4293 est.
887 4239 1004 4308 ipse
1027 4253 1155 4293 vero
1174 4248 1325 4293 extra
1349 4252 1561 4292 murum
1591 4238 1849 4294 deductus
1872 4253 1980 4292 non
2010 4238 2166 4307 longe

579 4332 648 4387 ab
675 4330 818 4386 Urbe
846 4340 1144 4386 remoratur
1181 4347 1193 4382 :
1233 4330 1322 4399 qui
1352 4344 1440 4393 ne,
1468 4329 1674 4384 occulte
1715 4343 1811 4397 per
1843 4337 2054 4384 noctem
2084 4328 2166 4383 itt-

578 4440 796 4493 gressus
823 4425 1049 4492 Urbem,
1078 4424 1143 4479 ad
1174 4424 1458 4479 ecclesiam
1490 4423 1799 4478 convolaret
1818 4464 1832 4489 ,
1875 4431 1929 4477 et
1974 4436 2163 4477 rursus

578 4518 764 4586 populi
812 4518 982 4572 studia
1031 4526 1416 4584 commoveret,
1467 4516 1736 4571 communi
1785 4523 2013 4570 tractatu
2064 4530 2161 4584 pro

578 4611 904 4678 competenti
931 4608 1292 4663 sollicitudine
1316 4608 1730 4663 contubernales
1750 4615 1805 4662 et
1825 4592 2159 4677 apparitores

578 4708 810 4768 quatuor
857 4699 966 4753 illic
1003 4699 1121 4753 sine
1171 4698 1365 4767 injuria
1406 4699 1524 4767 ejus
1563 4699 1853 4754 observare
1896 4698 2155 4768 disposui,

585 4800 907 4861 exspectans
950 4792 1077 4859 quid
1130 4791 1300 4859 pietas
1348 4798 1525 4844 vestra
1577 4790 1857 4856 decernat,
1901 4800 1959 4845 ut
2005 4791 2157 4859 quies

581 4883 754 4952 possit
794 4896 916 4953 quas
964 4881 1228 4936 hactenus
1265 4887 1480 4935 servata
1521 4888 1603 4936 est
1639 4879 1956 4950 perdurare.
2002 4880 2155 4936 Circa

576 4982 783 5042 partem
811 4988 940 5029 vero
972 4970 1165 5027 Eulalii
1192 4971 1430 5042 episcopi
1460 4971 1782 5026 venerabilis
1806 4971 1939 5037 viri,
1970 4972 2061 5041 qui
2087 4987 2155 5028 eo

575 5066 664 5120 die
708 5079 843 5134 pene
883 5080 1005 5120 cum
1049 5062 1196 5119 omni
1242 5063 1588 5120 multitudine
1618 5064 1683 5118 ad
1714 5063 1885 5118 sancti
1923 5064 2152 5133 apostoli

574 5157 719 5213 Petri
768 5157 1038 5213 basilicam
1079 5157 1342 5213 solemnia
1391 5157 1732 5225 celebrabat,
1779 5158 1870 5212 ubi
1922 5156 2148 5226 primum

574 5247 786 5317 pietatis
825 5256 1017 5302 vestra:
1066 5256 1333 5317 praecepta
1377 5258 1502 5303 sunt
1541 5247 1837 5316 publicata,
1863 5245 1964 5302 fuit
1989 5246 2150 5304 totius

572 5338 758 5395 lmtitia
785 5340 1034 5395 civitatis.
1059 5339 1213 5396 Unde
1240 5355 1301 5395 ea
1330 5355 1450 5410 qua:
1487 5338 1714 5409 populus
1753 5337 2023 5394 Romanus
2048 5353 2147 5409 pu-

570 5430 712 5485 blico
756 5427 951 5500 gaudio
990 5430 1216 5487 diversis
1249 5429 1725 5486 acclamationibus
1759 5444 1923 5500 agens
1946 5430 2144 5500 gratias

569 5522 837 5592 ntajcstati
881 5530 1076 5577 vestrae
1126 5525 1374 5593 (testatus
1408 5525 1514 5591 est)
1552 5521 1753 5577 credidi
1787 5522 2104 5591 publicanda
2126 5562 2142 5590 ,

571 5623 622 5666 et
640 5612 883 5667 relationi
918 5627 1033 5668 mea
1066 5613 1310 5669 universa
1342 5614 1567 5683 subjeci,
1598 5624 1657 5668 ut
1688 5622 2005 5684 agnosceret
2031 5614 2143 5683 pie.

575 5711 654 5756 tas
694 5715 870 5760 vestra
908 5715 1105 5777 quanta
1144 5706 1321 5777 quiete
1370 5704 1525 5761 Urbis
1563 5705 1724 5760 totius
1765 5713 2005 5761 correcta
2035 5704 2141 5763 sint

2280 1870 2389 1926 Sed
2418 1873 2660 1939 quoniam
2697 1872 3091 1928 Lateranensem
3122 1875 3405 1942 ecclesiam,
3436 1877 3703 1932 obstructis
3731 1894 3862 1943 pene

2277 1963 2508 2016 omnibus
2536 1964 2865 2033 ingressibus,
2907 1966 3298 2020 archidiaconus
3329 1967 3589 2033 Eulalius,
3629 1979 3862 2023 content-

2275 2053 2380 2120 ptis
2406 2054 2559 2123 impie
2581 2055 2767 2107 summi
2792 2056 3072 2109 sacerdotis
3106 2058 3372 2123 exsequiis,
3400 2058 3632 2111 diaconis
3657 2070 3705 2112 et
3723 2074 3860 2128 past-

2275 2143 2492 2197 cissimis
2520 2143 2847 2213 presbyteris,
2889 2160 2948 2197 ac
2975 2145 3304 2199 multitudine
3337 2147 3550 2201 turbata:
3579 2148 3736 2217 plebis
3764 2149 3856 2202 ob-

2273 2234 2523 2299 servabat,
2547 2234 2708 2287 altero
2729 2233 2812 2286 die
2837 2233 2908 2287 ad
2926 2235 3154 2289 eamdem
3181 2235 3469 2300 ecclesiam,
3501 2237 3587 2290 ubi
3616 2238 3761 2306 prius
3789 2240 3856 2291 ab

2274 2323 2504 2377 omnibus
2530 2325 2697 2395 fuerat
2724 2326 3071 2394 constitutum,
3094 2326 3269 2380 Itabita
3303 2327 3527 2381 omnium
3555 2329 3851 2395 collatione,

2273 2418 2656 2487 properavimus
2685 2432 2706 2471 :
2737 2417 2902 2488 ibique
2938 2420 3245 2489 participato
3272 2436 3385 2474 cum
3408 2420 3698 2476 Christiana
3710 2423 3855 2494 plebe

2272 2509 2512 2573 concilio,
2544 2526 2693 2580 quem
2721 2508 2859 2564 Deus
2874 2512 3031 2583 jussit
3060 2514 3320 2583 elegimus.
3357 2512 3496 2568 Nam
3518 2516 3858 2571 venerabilem

2270 2601 2433 2654 virum
2462 2600 2807 2671 Bonifacium,
2834 2613 3042 2657 veterem
3069 2604 3431 2675 presbyterum,
3452 2606 3502 2659 in
3533 2606 3639 2679 lege
3657 2608 3858 2661 doctis-

2276 2693 2485 2762 simum,
2530 2710 2591 2747 ac
2620 2695 2761 2749 bonis
2782 2696 3004 2751 moribus
3032 2697 3437 2766 comprobatum,
3466 2710 3512 2752 et
3548 2699 3706 2769 (quod
3733 2715 3861 2753 eum

2272 2786 2437 2856 magis
2470 2785 2703 2855 ornabat)
2733 2788 2967 2855 invitum,
3001 2789 3367 2843 acclamatione
3396 2791 3547 2844 totius
3572 2791 3747 2861 populi
3792 2808 3863 2844 ac

2271 2892 2518 2930 consensu
2553 2880 2823 2932 meliorum
2853 2881 3068 2934 civitatis
3099 2883 3403 2936 asseruimus
3431 2883 3615 2937 divina:
3650 2885 3862 2937 institu-

2272 2966 2424 3020 tionis
2468 2966 2646 3021 ordine
2673 2979 3043 3023 cousecratum.
3080 2969 3221 3023 Nam
3265 2971 3685 3027 subscribentibus
3736 2975 3862 3041 plus

2271 3060 2442 3113 minus
2458 3061 2781 3130 septuaginta
2807 3062 3052 3133 presbyte.
3069 3064 3136 3129 is,
3169 3064 3451 3118 astantibus
3480 3082 3656 3119 novem
3684 3066 3861 3119 diser-

2271 3164 2446 3203 sarum
2482 3150 2859 3219 provinciarum
2902 3152 3172 3222 episcopis,
3220 3152 3615 3209 benedictionem
3655 3172 3862 3228 compe-

2273 3242 2396 3295 tenti
2425 3251 2645 3312 tempore
2663 3251 2864 3297 constat
2880 3244 3044 3314 fuisse
3073 3245 3393 3301 celebratam.
3413 3248 3485 3299 Ac
3513 3249 3654 3316 prius
3679 3251 3862 3304 omnia

2271 3347 2384 3401 quae
2407 3330 2699 3386 solemnitas
2728 3334 2958 3405 exigebat
2984 3335 3230 3389 celebrata
3256 3345 3397 3392 sunt.
3434 3336 3538 3391 Sed
3578 3354 3689 3391 cum
3715 3355 3861 3409 pra-

2270 3422 2433 3475 dictus
2456 3421 2695 3477 Eulalius
2722 3425 2835 3493 (qui
2850 3437 2996 3478 antea
3023 3443 3112 3495 per
3135 3440 3234 3481 tres
3251 3428 3635 3482 consacerdotes
3649 3439 3860 3483 nostros

2270 3512 2439 3580 fuerat
2462 3528 2524 3565 ea:
2562 3514 2835 3567 multorum
2863 3518 3162 3571 auctoritate
3189 3528 3483 3587 conventus,
3522 3535 3585 3573 ne
3610 3520 3735 3582 quid
3750 3521 3859 3575 sibi

2271 3610 2454 3657 temere
2495 3614 2680 3675 prwter
2716 3608 3074 3661 conscientiam
3102 3610 3227 3662 cleri
3268 3610 3477 3681 majoris
3517 3610 3858 3679 assumeret),

2269 3695 2619 3750 circumventis
2652 3699 2970 3765 paucissimis
2998 3700 3319 3769 presbyteris,
3350 3701 3481 3755 male
3501 3701 3723 3768 acceptis
3744 3699 3853 3769 Itis,

2270 3801 2329 3839 ac
2367 3787 2584 3841 diversa:
2627 3787 2871 3842 custodia:
2914 3790 3215 3857 mancipatis
3249 3789 3337 3858 qui
3371 3789 3440 3842 ad
3476 3787 3859 3860 prohibendum

2270 3892 2383 3929 cum
2403 3876 2584 3932 litteris
2612 3886 2884 3945 venerant,
2916 3880 3133 3933 exhibito
3163 3880 3311 3933 etiam
3337 3894 3449 3932 cum
3470 3878 3587 3934 aliis
3625 3879 3858 3936 Ostiensi

2268 3969 2521 4039 episcopo,
2568 3985 2720 4039 quem
2750 3986 2904 4040 prope
2931 3981 3184 4023 mortuum
3224 3978 3416 4023 constat
3443 3972 3662 4024 accitum
3700 3972 3855 4043 (nam

2270 4067 2487 4111 tractum
2506 4075 2611 4113 esse
2638 4058 2890 4113 nolentem
2917 4061 3052 4114 senis
3069 4060 3317 4129 (egritudo
3343 4062 3576 4130 testatur)
3598 4064 3650 4114 in
3677 4062 3855 4117 locum

2267 4151 2363 4204 sibi
2406 4166 2508 4204 non
2555 4151 2813 4216 debitum,
2846 4152 3151 4204 incustodito
3195 4153 3458 4224 religionis
3499 4152 3711 4218 ordine,
3753 4171 3855 4221 per

2266 4241 2511 4295 ambitum
2550 4243 2851 4313 proruisset,
2879 4242 3024 4311 carpit
3069 4243 3262 4311 factum
3298 4259 3443 4296 suum
3487 4259 3574 4311 per
3612 4244 3855 4299 homines

2268 4330 2555 4401 disciplinae
2582 4332 2770 4386 inscios
2813 4349 2871 4386 ac
2907 4332 3169 4402 religionis
3197 4332 3486 4386 indecenter
3516 4335 3682 4400 tueri,
3706 4337 3856 4388 testi-

2268 4438 2412 4475 ntans
2428 4422 2666 4475 humanis
2682 4422 3139 4493 perturbationibus
3147 4439 3201 4476 se
3219 4424 3527 4494 confundere
3544 4425 3855 4479 sententiam

2266 4530 2413 4584 posse
2439 4515 2682 4568 divinam.
2712 4512 2779 4566 Et
2798 4515 3039 4582 quoniam
3063 4513 3385 4569 clementiam
3409 4523 3623 4569 vestram
3644 4526 3853 4571 constat

2264 4604 2502 4674 fulsidica
2521 4604 2769 4658 relatione
2787 4603 3066 4673 deceptam,
3097 4613 3151 4657 ut
3178 4605 3348 4659 nescio
3367 4604 3490 4674 quid
3514 4605 3568 4658 in
3593 4606 3851 4676 injuriant

2262 4696 2420 4749 divini
2460 4696 2684 4750 numinis
2725 4695 2988 4748 sanciretis
3030 4695 3176 4765 (nam
3214 4695 3441 4749 divinum
3480 4705 3553 4750 est
3591 4697 3852 4765 quidquid

2261 4796 2520 4842 tantorum
2563 4788 2735 4857 ﬁrmat
2763 4787 2987 4857 electio),
3023 4789 3237 4857 petintus
3276 4788 3513 4857 pietatem
3535 4798 3759 4841 vestram
3782 4798 3850 4843 stt

2257 4878 2503 4932 removeri
2540 4879 2714 4948 priora
2759 4878 3032 4931 constituta
3064 4877 3309 4946 jubentis,
3348 4889 3499 4948 atque
3541 4876 3846 4946 Eulalium,

2254 4970 2346 5040 qui
2366 4969 2419 5023 in
2445 4969 2613 5023 locum
2638 4970 2885 5041 surrepsit
2910 4970 3154 5034 alienum,
3185 4969 3254 5023 ad
3274 4971 3569 5024 comitatum
3586 4972 3849 5025 serenita-

2251 5061 2317 5116 tis
2341 5070 2521 5115 vestrat
2544 5077 2660 5114 cum
2685 5062 2978 5115 auctoribus
2996 5062 3102 5117 suis
3130 5062 3311 5117 debere
3329 5064 3539 5117 adduci.
3565 5062 3680 5119 Nos
3702 5066 3847 5121 enim

2252 5152 2550 5223 proﬁtemur
2581 5151 2644 5209 S.
2676 5168 2863 5224 papam
2891 5150 3221 5222 Bonifacium
3242 5154 3432 5208 nostris
3456 5170 3572 5208 cum
3592 5157 3847 5211 sacerdo-

2251 5244 2384 5298 tibus
2410 5243 2711 5315 adfuturum
2733 5260 2752 5298 :
2778 5243 2967 5298 relictis
2995 5244 3208 5313 singulis
3233 5245 3396 5299 titulis
3417 5244 3696 5317 presbyteri
3718 5262 3844 5300 ons-

2250 5352 2336 5391 nes
2357 5335 2594 5400 aderunt,
2617 5334 2703 5403 qui
2724 5333 3031 5389 volunta'em
3050 5350 3216 5403 suam,
3238 5335 3334 5390 hoc
3351 5344 3444 5401 est,
3467 5333 3566 5390 Dei
3575 5336 3845 5406 judicium

2247 5428 2636 5499 proloquantur.
2679 5426 2864 5481 lubeat
2906 5428 3059 5481 etiam
3118 5438 3283 5483 vestra
3339 5429 3608 5484 clementia
3657 5446 3842 5486 omnes

2248 5520 2429 5573 adesse
2451 5534 2578 5590 quos
2608 5533 2765 5572 causa
2786 5519 3120 5587 constringit,
3161 5520 3279 5590 ejici
3311 5520 3468 5575 etiam
3492 5520 3694 5575 civitate
3736 5537 3844 5575 no—

2247 5611 2425 5679 lentes,
2468 5611 2558 5682 qui
2593 5627 2645 5666 se
2678 5627 2778 5666 non
2817 5613 3071 5682 patientur
3110 5611 3321 5667 adduci.
3364 5610 3664 5679 Invenietis,
3709 5629 3841 5669 cum

2248 5703 2448 5775 ctepcrit
2480 5705 2666 5776 agitari
2710 5703 2902 5758 incerta
2928 5705 3195 5771 discussio,
3216 5704 3353 5774 quod
3376 5705 3610 5762 omnibus
3639 5705 3840 5764 divinis
