4048 6184
256 272 333 327 ιο.
1413 262 1887 321 εριετοιιιιιιιι
1928 264 2127 319 LIBER
2169 265 2235 321 χ.
3355 278 3455 334 tos

251 383 415 452 legibus
435 379 715 442 abhorreat,
759 388 929 429 verum
950 375 1097 429 etiam
1122 373 1392 439 displicere
1421 376 1576 440 possit
1598 374 1782 429 Ituma-
1810 380 1858 438 Α
1890 388 2042 428 suum
2070 373 2379 444 compositis
2412 374 2704 431 mendaciis
2746 389 3079 435 excusarent.
3109 380 3257 446 Quod
3300 398 3367 438 ne
3403 387 3457 438 in

249 472 313 525 nis
332 486 351 523 :
374 485 471 538 quo
492 469 584 521 hoc
611 467 865 520 consecuti
893 463 1104 534 agdntus
1141 475 1326 519 wterno
1368 466 1579 535 imperio
1613 476 1776 519 vestro

248 562 466 615 mximas
491 568 634 626 atque
662 557 837 610 uberes
867 557 1080 627 gratias.

766 645 980 700 EPIST.
1007 644 1216 699 LXXV.

303 755 393 793 llP.
426 749 680 791 BONORIUS
707 749 908 790 SEIPER
928 750 1049 789 AUC.
1072 748 1349 789 SYIMACHO
1379 749 1552 788 PREF.
1589 749 1708 788 Ulli.

299 827 415 882 Post
435 829 725 881 relationem
750 827 1079 880 sublimitatis
1107 836 1207 879 tua:
1233 826 1452 879 delatam
1492 835 1782 881 mansuetu-

214 894 217 907 Ι
242 922 357 974 diuis
379 928 555 973 nostrte
582 918 810 984 auribus,
833 918 1234 986 presbyterorum
1260 918 1444 986 legatio
1466 934 1670 971 causam
1693 936 1785 972 uo-

242 1012 306 1063 bis
328 1025 426 1061 non
449 1021 774 1077 εαρετιιασιιω
811 1006 1187 1060 ἀειὶὸεναλὶοηὶι
1226 1007 1417 1077 injecit.
1454 1005 1582 1060 Ideo
1618 1008 1779 1075 decet,

241 1100 541 1170 antb'guitate
574 1099 817 1168 seposita,
849 1098 1048 1164 ﬁdelem
1081 1114 1251 1152 rerum
1290 1100 1519 1152 ordinem
1553 1101 1783 1154 cominus

240 1190 434 1256 experiri
456 1203 476 1242 :
491 1203 743 1257 quamque
765 1197 959 1254 partem
989 1189 1359 1256 praetermissus
1386 1197 1540 1259 gesta:
1566 1191 1637 1242 rei
1657 1191 1783 1243 ordo

238 1290 417 1348 arguat,
436 1294 589 1347 quant
605 1286 829 1331 servatus
843 1287 1054 1339 annuat,
1071 1278 1240 1330 multis
1257 1294 1427 1331 coram
1446 1280 1780 1343 censentibus,

238 1368 509 1434 approbari,
540 1376 617 1431 ut,
649 1367 907 1435 utriusque
932 1368 1053 1436 facti
1073 1369 1224 1421 simul
1243 1367 1489 1438 qualitate
1513 1385 1726 1438 perpetis
1744 1387 1781 1434 ι,

237 1460 411 1510 etcirca
449 1474 602 1510 unam
626 1458 720 1510 rite
746 1458 954 1525 deﬁnita
993 1458 1254 1523 consistat,
1286 1468 1332 1512 et
1358 1460 1491 1511 circa
1525 1460 1679 1512 aliam
1712 1471 1784 1512 te-

235 1562 349 1599 tuere
369 1555 625 1615 assumpta
652 1562 753 1599 non
782 1557 1001 1612 maneat,
1029 1546 1331 1616 Symmache
1378 1565 1558 1615 parens
1589 1550 1784 1602 carissi-

236 1651 301 1687 ote
323 1646 363 1687 et
399 1635 766 1689 amantissime.
799 1634 876 1688 0b
901 1653 1050 1705 quam
1079 1653 1183 1691 rem
1213 1638 1425 1691 illustris
1458 1648 1503 1691 et
1541 1638 1784 1703 prwcelsa

1885 462 2061 532 aliquo
2084 463 2424 517 clementiam
2453 473 2686 519 vestram
2717 466 2895 531 lateat,
2937 469 3122 522 eadem
3153 485 3272 539 qua:
3307 472 3460 525 obtu-

1884 553 2061 608 lerunt
2114 555 2247 607 actis
2264 554 2459 609 inserta
2484 556 2781 623 transmisi,
2808 573 2873 613 ne
2895 559 3181 628 quidquam
3211 576 3460 629 suppres-

1890 660 2009 701 sum
2048 659 2168 699 esse
2196 656 2510 713 querantur.
2551 646 2807 715 Superest
2846 658 2904 702 ut
2945 651 3082 717 apud
3121 651 3460 706 clementiam

1886 742 2118 789 vestram
2162 735 2359 789 nullius
2388 734 2553 802 partis
2599 736 2789 791 studiis
2821 738 3027 794 I'amuli-
3048 742 3209 795 vestri
3238 751 3462 809 appeta-

1886 835 1970 878 tur
1993 824 2258 889 absentia,
2292 825 2384 894 (ιιιὶ
2413 841 2626 893 semper
2656 828 2921 897 majestati
2945 840 3138 884 vestra:
3170 831 3319 898 puris
3349 846 3462 885 ser-

1884 915 2024 969 vitiis
2045 930 2128 984 ap.
2150 916 2245 970 rob
2282 925 2385 978 tus,
2406 917 2471 971 ab
2495 918 2738 987 itnpugna
2750 920 2891 975 tione
2907 932 2958 974 et
2981 923 3160 976 favore
3184 924 3456 975 ambarum

1886 1004 2132 1071 partium,
2166 1014 2221 1058 ut
2247 1004 2490 1071 decebat,
2522 1008 2753 1061 credidit
2777 1012 3335 1079 temperandum.Dat.
3371 1029 3461 1067 vut

1887 1095 1990 1150 cal.
2024 1095 2181 1150 Febr.
3444 1138 3478 1161 ,

2431 1185 2638 1240 EPIST.
2674 1186 2925 1244 LXXVII.

2084 1289 2189 1327 IHP.
2220 1289 2477 1329 HOXOBIUS
2498 1292 2619 1330 ABG.
2651 1293 2928 1335 δῖιιιιΑῦιιο
2956 1297 3124 1338 ΡΒίΕΙ-ὀ
3151 1301 3266 1338 Ulli}.

1966 1364 2272 1434 Magnarum
2298 1364 2718 1421 deliberationum
2750 1386 2850 1421 non
2896 1371 3037 1425 debet
3068 1376 3217 1426 citum
3248 1391 3353 1428 esse
3376 1378 3460 1439 iu-

1894 1455 2104 1520 dicium,
2147 1471 2237 1507 nec
2266 1465 2449 1509 temere
2486 1458 2793 1525 proferenda
2828 1470 2943 1514 sunt
2987 1479 3098 1532 qua:
3133 1467 3378 1520 servanda
3414 1469 3463 1521 in

1886 1561 2012 1614 perp
2045 1553 2185 1596 tuum
2214 1546 2534 1599 sanciuntnr.
2567 1547 2717 1615 Stepe
2736 1550 2797 1601 de
2822 1552 3066 1619 episcopis
3092 1553 3240 1607 Urbis
3263 1566 3463 1609 tutetute

1886 1635 2216 1687 altercarioue
2243 1636 2466 1703 partium
2492 1635 2582 1689 sub
2609 1638 2840 1691 examine
2860 1643 3182 1694 sacerdotum
3227 1661 3464 1697 concessa

233 1727 500 1796 magnitudo
549 1735 657 1793 tua,
695 1726 952 1792 suspensis
994 1726 1225 1779 omnibus
1253 1742 1365 1795 qua:
1406 1727 1636 1796 superius
1665 1737 1781 1781 sunt
1818 1729 1859 1788 Β
1885 1725 2104 1794 Cognitio
2133 1733 2227 1776 est.
2280 1723 2385 1778 Sed
2418 1740 2481 1777 ne
2527 1726 2650 1793 quid
2696 1728 2938 1794 festiuum
2985 1732 3234 1785 celeritate
3274 1736 3460 1802 judicti

232 1820 424 1884 decreta,
450 1818 681 1887 nullique
704 1818 906 1872 interim
931 1819 1232 1887 pratiudicio
1258 1830 1569 1890 comparato,
1602 1830 1781 1874 aucto-

232 1908 356 1961 ritate
371 1908 639 1975 prtesenlis
666 1908 882 1972 oraculi,
906 1917 1188 1976 utrumque,
1217 1909 1310 1961 ltoc
1333 1916 1427 1973 est,
1459 1907 1781 1979 Bonifacium

233 2017 270 2053 et
292 2000 543 2054 Eulalium
565 2000 975 2072 religiosissimos
995 2003 1126 2054 viros
1146 2003 1390 2055 instantia
1414 2002 1572 2070 digna
1601 2018 1778 2055 conve-

234 2092 337 2154 uics,
358 2102 409 2143 ut
435 2093 579 2144 intra
615 2092 749 2145 diem
777 2101 974 2145 sertum
1020 2092 1199 2145 iduunt
1234 2090 1499 2146 Februarii
1525 2092 1783 2146 Ravenna-

233 2191 312 2233 tcttt
329 2182 580 2235 civitatem
607 2181 926 2248 prtesentiatn
947 2198 1090 2234 suam
1107 2191 1475 2236 maturarenon
1497 2182 1737 2249 di/Teraut
1762 2199 1779 2237 :

233 2270 433 2323 omnibus
455 2280 611 2339 atque
646 2270 863 2339 singulis
892 2271 1187 2336 ndmonitis,
1219 2271 1306 2339 qui
1326 2280 1559 2324 auctores
1591 2272 1777 2325 utrius-

231 2375 309 2427 que
341 2360 682 2414 ordination's
709 2361 948 2424 existunt,
982 2369 1057 2425 ut,
1090 2370 1261 2414 amota
1302 2362 1647 2425 excusatione,
1679 2378 1781 2417 nou

232 2449 388 2512 duint,
409 2457 454 2501 et
483 2452 630 2517 facta
661 2448 870 2517 quisjue
909 2464 1033 2518 erga
1062 2450 1280 2502 alterum
1306 2451 1535 2519 proprio,
1566 2450 1780 2518 prolatis

228 2541 555 2595 ecclesiastici:
600 2541 935 2595 institutionis
985 2540 1249 2608 exemplis,
1292 2541 1527 2610 defensor
1555 2543 1780 2608 existat;

227 2648 353 2701 seque
378 2643 593 2702 purgato
635 2632 795 2685 alium
833 2632 994 2698 ntagis
1020 2633 1071 2684 in
1118 2632 1276 2700 legem
1310 2631 1624 2685 Catholicam
1652 2632 1779 2686 deli-

229 2730 388 2795 ςνσὲκε,
413 2735 729 2796 praesumpta
768 2725 1007 2779 immeriti
1036 2725 1275 2778 electione
1302 2725 1565 2779 convincat
1594 2741 1613 2779 :
1631 2726 1776 2794 judi-

226 2818 340 2869 cituu
356 2819 417 2870 de
432 2828 570 2869 statu
593 2832 690 2869 suo
721 2816 929 2884 quisque
953 2818 997 2867 si
1032 2816 1210 2868 adesse
1247 2817 1542 2885 neglexerit,
1568 2818 1780 2871 sortitu-

228 2923 330 2973 ’κῃ
375 2910 620 2961 nimirum
659 2900 946 2976 intelligens
982 2906 1294 2982 improvide,
1331 2906 1485 2958 immo
1524 2906 1706 2960 illicita
1725 2922 1781 2961 se

228 2997 402 3063 fecisse,
424 2999 562 3065 quod
592 3012 767 3049 rorans
792 3012 892 3049 non
922 2995 1112 3048 audeat
1139 2995 1419 3064 defensare.
1443 2996 1555 3050 Nos
1580 3012 1779 3067 quoque

1882 1816 2194 1884 proferatur,
2228 1813 2282 1865 id
2303 1814 2579 1867 clementia:
2607 1825 2793 1869 nostra:
2819 1818 2947 1870 sedit
2970 1820 3204 1873 arbitrio.
3239 1822 3303 1874 At
3334 1840 3461 1891 quo-

1884 1906 2022 1958 niam
2052 1905 2282 1958 vicinitas
2316 1915 2607 1958 sauctorum
2648 1907 2844 1962 dierum
2882 1910 3107 1978 episco;i
3141 1914 3463 1981 prmsentiam

1884 1994 2159 2060 postularet
2183 2030 2199 2056 ,
2226 2010 2316 2047 nec
2345 1995 2397 2047 in
2420 1995 2541 2047 urbe
2570 1997 2913 2049 sacratissima
2943 1998 3019 2066 fas
3037 2009 3129 2064 est,
3157 2001 3485 2067 pare/tarum-

1882 2086 2162 2151 prtesertim
2190 2085 2321 2153 dies,
2350 2087 2457 2140 sine
2486 2089 2749 2141 sacerdote
2769 2088 3042 2155 celebrare,
3069 2091 3282 2155 idcirco,
3307 2093 3462 2163 Synt-

1881 2175 2057 2229 ntaclte
2113 2190 2299 2244 parens
2348 2176 2605 2230 carissime
2638 2186 2788 2245 atque
2830 2181 3201 2246 amantissime,
3244 2182 3463 2235 illustris

1882 2265 2265 2336 magniﬁcentia
2319 2275 2409 2320 tua
2455 2267 2738 2321 Achilleum
2779 2286 2872 2323 nos
2915 2269 3123 2342 elegisse
3172 2285 3462 2343 cognoscat,

1879 2373 2025 2426 quem
2054 2372 2085 2409 α
2109 2360 2281 2427 favore
2305 2359 2530 2425 partium
2556 2370 2751 2414 constat
2788 2378 2893 2415 esse
2921 2361 3164 2429 alienum,
3213 2366 3300 2432 qui
3339 2384 3460 2437 my-

1880 2452 2034 2505 steria
2051 2466 2201 2504 sacra
2223 2451 2582 2505 observationis
2599 2453 2851 2524 impleret.
2879 2453 2922 2507 Τ
2923 2458 3171 2509 ναπεπιὶε
3188 2473 3303 2512 vero
3324 2459 3463 2528 festis

1883 2539 2056 2592 diebus
2097 2553 2162 2592 ea;
2192 2540 2394 2611 judicio
2443 2541 2758 2595 sacerdotum
2796 2559 2908 2612 qua:
2952 2544 3164 2599 debeant
3213 2548 3462 2601 custodiri

1880 2630 2099 2683 concilio
2120 2632 2392 2684 maturiore
2414 2633 2759 2689 tractabimus.
2780 2633 2834 2685 Μ
2839 2650 3048 2688 onemus
3067 2652 3187 2690 sane
3222 2648 3273 2690 ut
3298 2640 3460 2721 regio-

1883 2735 2006 2772 num
2038 2721 2341 2787 primatibus
2368 2723 2603 2788 evocatis,
2636 2723 2920 2792 disciplina:
2954 2725 3170 2792 publica?
3205 2729 3458 2796 quietique

1881 2809 2161 2877 prospicias
2183 2824 2201 2861 :
2228 2809 2411 2879 quibus
2432 2811 2745 2864 decretorum
2776 2822 3063 2866 nostrorum
3095 2825 3344 2884 pra’cepta
3376 2819 3459 2887 iu-

1885 2902 2002 2955 beas
2045 2902 2256 2970 aperiri,
2289 2919 2352 2955 ne
2393 2904 2507 2969 quis
2540 2902 2733 2956 scilicet
2775 2903 2938 2957 ullum
2977 2908 3253 2958 tumultum
3298 2924 3458 2976 neque

1880 2991 2176 3047 seditionem
2198 2992 2384 3044 audeat
2400 3007 2708 3046 commovere
2728 3008 2746 3045 :
2767 3009 2917 3061 quam
2934 2995 2975 3046 si
3002 2996 3118 3063 quis
3135 2996 3315 3047 insana
3338 3014 3459 3065 per-

228 3101 278 3137 ss
301 3085 497 3140 diotrsis
525 3086 804 3156 provinciis
849 3094 1210 3155 competentem
1242 3101 1508 3138 numerum
1545 3087 1782 3139 sacerde-
1806 3071 1851 3132 Ο
1884 3080 2118 3133 suasione
2144 3081 2428 3149 conquiret,
2461 3097 2563 3134 non
2594 3082 2645 3134 in
2671 3097 2752 3134 eos
2783 3092 2976 3134 tuutuut
3007 3086 3093 3152 qui
3122 3085 3173 3137 in
3195 3087 3459 3155 μένων-ὑα-

227 3182 320 3228 ωσι
337 3179 532 3245 scriptis
557 3186 747 3230 nostra:
773 3177 1056 3231 serenitatis
1086 3178 1372 3243 accivimus,
1397 3186 1449 3230 ut
1486 3193 1591 3230 rem
1617 3178 1780 3231 dedu-

227 3276 337 3316 ctam
359 3268 410 3320 in
437 3267 657 3320 dubium
687 3266 911 3320 absolvat
942 3266 1086 3320 nobis
1108 3282 1284 3321 coram
1312 3268 1589 3337 deceptatio
1618 3268 1782 3335 pluri-

227 3370 413 3408 Itorum.
445 3356 581 3411 Cum
611 3364 781 3409 autem
811 3356 979 3409 omnia
1004 3357 1175 3425 futuro
1216 3357 1411 3425 integra
1443 3356 1545 3410 sint
1577 3357 1780 3427 judicio

227 3454 471 3510 mercata,
513 3446 587 3499 de
622 3448 892 3498 transactis
926 3445 1023 3498 sibi
1052 3446 1273 3498 blandiri
1321 3446 1570 3501 neminem
1614 3448 1776 3500 decet:

228 3530 480 3589 Prasctttis
498 3538 658 3589 etiam
669 3536 861 3606 judicii
880 3536 1073 3590 docebit
1093 3536 1401 3606 exemplum,
1426 3538 1548 3608 quid
1570 3539 1623 3592 in
1644 3540 1780 3610 ejus-

227 3626 343 3676 πιοάὲ
361 3628 581 3696 negotiis
607 3628 860 3681 observari
885 3627 1057 3681 debeat
1083 3628 1133 3681 in
1147 3628 1398 3696 futurum.
1424 3628 1617 3683 Datum
1651 3645 1781 3685 xvut

226 3715 311 3767 cal.
332 3713 608 3770 Februarii
634 3733 723 3787 per
750 3718 1080 3787 Aplttonium.

774 3807 987 3862 EPIST.
1020 3806 1250 3861 LXXVI.

314 3912 361 3950 υ.
386 3908 624 3949 11080310
652 3903 856 3949 εειιῬειι
882 3912 1006 3951 AUC.
1027 3909 1333 3951 εῑιιιιιιεῐιυε
1359 3912 1530 3951 Ριιιε.
1553 3912 1670 3950 ΗΒΕ.

280 3985 403 4038 Cum
432 3988 512 4039 vir
541 3985 875 4039 clarissimus
896 3985 1197 4053 Aphtonius
1222 3984 1442 4040 decurio
1465 3986 1603 4039 sacri
1634 3985 1781 4053 pala-

224 4075 272 4127 tii
297 4075 450 4129 vestri
474 4091 603 4130 cum
645 4074 850 4130 caelesti
882 4076 1239 4143 praeceptione
1276 4075 1343 4129 ad
1374 4075 1570 4130 Urbem
1619 4090 1781 4129 vene-

224 4167 427 4221 rabilem
476 4167 841 4230 convenisset,
876 4167 1020 4220 omni
1050 4181 1247 4235 genere
1285 4167 1554 4231 iestinavi,
1594 4177 1779 4234 qoate-

223 4270 309 4313 nos
336 4256 617 4326 praceptis
640 4256 872 4310 numinis
892 4257 1054 4311 vestri
1077 4256 1432 4311 obedientiam
1474 4256 1782 4311 commoda-

224 4357 342 4399 rent.
370 4346 502 4400 Nam
530 4346 713 4401 statim
752 4347 1032 4400 conventis
1075 4346 1387 4415 proceribus
1418 4359 1570 4401 sacra
1606 4346 1778 4415 jussio

1883 3171 2018 3224 tione
2044 3173 2231 3240 fuerint
2257 3170 2572 3239 deprehensi,
2604 3173 2693 3226 sed
2714 3174 2764 3225 in
2804 3174 3064 3241 regionum
3092 3192 3287 3244 quoque
3321 3180 3459 3247 prio-

1881 3274 1961 3311 res
1982 3259 2108 3311 sciat
2136 3260 2515 3313 vindicandum.
2541 3260 2785 3316 Nouimus
2812 3264 2942 3316 enim
2962 3266 3173 3333 qu’etem
3199 3268 3458 3335 publicam

1884 3348 2035 3416 facile
2062 3349 2332 3415 custodiri,
2383 3352 2427 3404 si
2459 3352 2774 3406 iucentorum
2806 3355 3110 3424 cupiditates
3151 3368 3196 3410 et
3236 3363 3461 3426 fomenta

1884 3443 2203 3496 cessaverint.
2416 3432 2419 3437 ἱ

2403 3532 2616 3588 EPIST.
2648 3532 2926 3588 LXXVIII.

1881 3635 2076 3676 nouitio
2093 3635 2295 3675 seuseu
2320 3636 2557 3676 ILLUSTRI
2586 3635 2651 3677 er
2674 3639 2723 3677 IN
2754 3610 2972 3679 inserts
3004 3640 3281 3680 uscstrtco
3304 3643 3455 3681 strut-

1952 3705 2120 3754 TOQUE
2141 3707 2348 3745 SUBLIMI
2378 3706 2701 3748 CONSTANTIO
2730 3708 3032 3749 διίινιιαιιυε
3061 3711 3227 3748 ΡΠίΕΡ.
3265 3713 3383 3749 υῐιιε.

1951 3802 2293 3871 Quaecunque
2313 3802 2509 3869 subito,
2531 3804 2676 3858 nbllo
2698 3807 2969 3873 opinante,
2993 3808 3324 3874 proveniunt,
3358 3823 3457 3862 nec

1882 3894 1947 3948 ad
1979 3893 2186 3963 culpam
2209 3893 2404 3964 judicis
2422 3894 2605 3950 referri
2629 3904 2934 3964 possunt,ct
2957 3898 3203 3964 populum
3235 3898 3454 3951 rationis

1882 3982 2122 4053 ignarum
2167 3984 2434 4050 insperata
2463 3983 2696 4038 novitate
2738 3984 3068 4051 perturbant.
3104 3984 3194 4037 Vir
3230 4000 3455 4055 namque

1882 4076 2161 4146 religiosus
2193 4076 2424 4130 Eulalius
2442 4076 2627 4144 quinto
2648 4075 2855 4128 decimo
2880 4075 2983 4130 cal.
3002 4076 3199 4144 Aprilis
3232 4076 3450 4142 Urbem,

1882 4182 1967 4221 me
1989 4166 2284 4228 nesciente,
2320 4167 2632 4220 meridianis
2661 4166 2807 4219 boris
2840 4167 3111 4235 ingrcsms
3139 4177 3221 4221 est.
3254 4184 3265 4219 :
3297 4184 3451 4236 quem

1881 4256 2084 4311 credidi
2121 4255 2332 4325 aliquod
2360 4270 2540 4310 secum
2570 4257 2849 4325 pertttlis‘e
2880 4266 3220 4326 praeceptum.
3256 4258 3450 4311 Verum

1882 4346 2068 4400 eodem
2087 4345 2176 4400 die
2190 4346 2331 4399 circa
2353 4360 2631 4413 vesperum
2662 4345 2963 4413 Spoletinus
2989 4348 3296 4415 episcopus,
3322 4350 3423 4401 mis

224 4434 490 4500 publicata,
521 4444 579 4489 et
597 4434 665 4488 ad
694 4434 974 4503 religiosos
1004 4434 1146 4491 viros
1176 4435 1506 4489 Bonifacium
1533 4443 1589 4490 et
1618 4435 1776 4490 Eula-
1801 4422 1854 4482 Ι)
1880 4436 1953 4490 sis
1975 4436 2197 4498 litteris,
2234 4450 2319 4489 tne
2345 4433 2575 4488 credidit
2612 4434 3003 4487 admonendum
3026 4434 3166 4503 quod
3198 4450 3348 4489 sacra
3380 4439 3443 4491 ad

226 4523 335 4579 lium
386 4531 552 4581 missa
601 4528 887 4581 conventio
935 4535 1035 4591 est,
1086 4525 1148 4578 D.
1204 4526 1779 4595 imperatorzclericos

225 4626 413 4682 Quoque
432 4631 622 4670 eorum
654 4615 880 4684 praecepi
909 4616 1106 4683 pariter
1128 4616 1423 4682 admoneri,
1451 4627 1508 4669 ut
1534 4616 1663 4669 nihil
1693 4616 1778 4669 lu-

226 4707 346 4765 turo,
384 4712 745 4773 cognoscente
797 4704 995 4772 pietate
1036 4713 1234 4773 vestra,
1283 4704 1495 4759 deesset
1522 4704 1773 4757 examini.

228 4790 358 4848 [nde
386 4796 500 4848 lucc
553 4796 753 4859 omnia,
798 4806 1069 4863 gestorum
1097 4797 1240 4851 serie
1278 4795 1683 4863 comprehensa,
1706 4795 1774 4849 ad

152 4902 159 4909 ·
227 4882 413 4945 plenam
454 4886 862 4939 instructionem
892 4886 1075 4939 subter
1115 4886 1367 4940 aunesui.
1405 4885 1594 4938 Verum
1622 4893 1773 4953 post-

225 4984 364 5036 quam
393 4987 514 5039 pars
540 4986 762 5041 utraque
793 4974 974 5043 populi
1013 4974 1238 5029 diversis
1266 4974 1619 5029 seditionibus
1648 4989 1773 5029 exa-

225 5062 491 5134 gitaretur,
525 5065 767 5135 singulos
804 5066 1173 5121 admonitione
1212 5067 1373 5120 missa
1404 5066 1651 5134 conveni,
1706 5081 1773 5121 ne

223 5152 282 5205 ad
309 5168 457 5209 unam
493 5156 789 5211 Ecclesium
818 5158 1189 5220 convenirent,
1235 5166 1309 5221 et,
1346 5156 1486 5225 quod
1519 5156 1631 5209 ﬁeri
1664 5171 1770 5210 non

224 5240 419 5309 licebat,
440 5247 582 5300 inter
609 5261 666 5300 se
696 5245 981 5299 multitudo
1024 5246 1353 5312 conﬂigeret.
1392 5246 1495 5298 Sed
1524 5245 1625 5302 hoc
1665 5246 1769 5300 illis

225 5329 377 5386 visum
407 5344 509 5395 est,
541 5333 722 5396 credo,
755 5342 1083 5402 suspectum,
1130 5349 1235 5403 quo
1261 5333 1494 5402 quietem
1538 5333 1770 5406 suaden-

223 5420 331 5476 dattt
352 5425 554 5478 credidi
583 5424 883 5480 hominibus
913 5426 1224 5494 perturbare
1262 5426 1562 5480 volentibus
1588 5426 1771 5479 civita-

225 5520 335 5566 tctu.
374 5515 454 5567 0b
500 5530 655 5583 quam
686 5530 798 5569 rem
850 5517 1019 5569 amba:
1069 5524 1244 5583 partes
1292 5515 1773 5569 calumniosissime

224 5604 546 5660 crediderunt
561 5606 1031 5662 sontcstat'touibus
1056 5604 1433 5675 appetendum,
1462 5616 1515 5661 ut
1536 5620 1771 5661 errorem

1881 4542 1938 4580 se
1989 4525 2255 4578 manantia
2302 4525 2353 4578 in
2404 4524 2547 4579 Urbe
2588 4523 2675 4578 die
2722 4533 2905 4577 sancto
2935 4524 3153 4578 Pa:cbtc
3177 4526 3357 4592 jussus
3383 4526 3452 4579 sit

1880 4616 2171 4671 celebrare.
2212 4616 2361 4681 Quod
2406 4624 2727 4684 prmceptum
2770 4625 2893 4669 ante
2950 4616 3158 4683 penitus
3190 4618 3446 4685 ignoravi,

1881 4707 2104 4761 Domine
2150 4722 2362 4775 semper
2416 4706 2643 4760 illustris
2686 4717 2741 4760 et
2789 4705 2841 4758 iu
2892 4708 3098 4761 cunctis
3147 4708 3445 4777 magniﬁce,

1879 4799 2178 4866 meritoque
2206 4798 2450 4854 sublimis
2474 4813 2537 4852 ac
2568 4799 2821 4866 praecelse
2851 4807 3094 4865 patrone.
3126 4801 3276 4865 Quod
3325 4817 3447 4854 cum

1882 4888 2013 4943 mihi
2062 4889 2208 4957 prius
2256 4887 2314 4943 S.
2358 4888 2551 4942 Eulalii
2599 4888 2918 4944 imtotuisset
2979 4889 3277 4953 adventus,
3336 4902 3448 4945 sta-

1881 4979 1974 5033 tim
2020 4978 2311 5048 parendum
2338 4977 2539 5033 credidi
2571 4977 2897 5031 invictissimi
2930 4978 3181 5046 principis
3211 4980 3442 5044 impera-

1879 5070 1965 5124 tis.
1988 5069 2184 5126 Verum
2209 5085 2328 5127 cum
2360 5070 2569 5123 interim
2597 5068 2739 5123 dicto
2765 5068 2852 5123 die
2875 5068 3069 5123 Urbem
3100 5071 3154 5123 S.
3180 5070 3449 5123 Achilleus

1878 5167 2019 5213 esset
2050 5159 2339 5227 ingressus,
2370 5159 2657 5211 commotio
2682 5158 2884 5211 exstitit
2912 5157 3224 5225 populorum
3245 5197 3259 5221 ,
3293 5169 3351 5211 ut
3380 5158 3446 5210 ab

1879 5262 1981 5302 una
2028 5256 2175 5315 parte
2206 5246 2489 5300 multitudo
2525 5257 2728 5299 armata
2760 5246 2902 5302 ferro
2940 5255 2993 5300 et
3023 5247 3139 5302 telis
3172 5248 3236 5300 ad
3278 5250 3445 5302 lorum

1879 5335 2091 5389 militari
2132 5334 2313 5387 habitu
2343 5335 2672 5388 conveniret.
2715 5334 2782 5387 Et
2818 5348 2962 5401 cum,
2986 5335 3446 5401 convocatisque-

1878 5426 2112 5489 ceribus,
2145 5425 2553 5492 processissem,
2585 5432 2642 5477 ut
2672 5424 2849 5478 habito
2880 5433 3106 5479 tractatu
3145 5440 3238 5493 pro
3266 5424 3447 5490 quiete

1883 5515 2059 5579 Urbis,
2098 5513 2344 5582 populum
2378 5514 2693 5582 alloquendo
2719 5528 3146 5584 compescerent,
3181 5512 3351 5581 prium
3380 5514 3447 5568 ad

1882 5614 2199 5660 conventum
2263 5613 2559 5667 venerunt;
2617 5604 2809 5661 deinde
2866 5618 2985 5660 cum
3050 5610 3455 5668 exspectaretur-

3754 6124 3903 6135 A
