4048 6184
556 293 659 354 MS

1718 287 1781 351 Q.
1824 284 2168 342 AURELIUS
2207 285 2642 344 SYMMACHUS.

3711 287 3816 343 404

557 401 853 462 $.Acbillei
876 400 1179 468 praesentia,
1200 407 1254 450 ut
1280 394 1788 466 quiejussafueraut
1813 395 2128 464 publicaret,
2158 406 2213 461 Α
2240 396 2548 466 Symmache
2579 412 2760 465 parens
2786 396 3066 450 carissime.
3099 395 3245 451 Unde
3279 395 3562 450 sublimitas
3600 405 3687 450 tua
3719 398 3816 452 hoc

557 491 900 548 multitudine
928 489 1223 554 resistente,
1257 489 1436 540 venire
1463 500 1568 540 non
1602 486 1792 554 potuit.
1824 486 1891 540 Et
1914 502 2036 541 eum
2064 487 2133 542 ad

555 585 732 638 forum
759 581 1067 650 Vespasiani
1099 588 1202 632 tam
1233 593 1330 646 ego
1352 591 1512 646 quant
1540 577 1619 630 vir
1645 577 1957 644 spectabilis
1983 576 2132 632 vica-

561 675 668 727 rius
708 680 1025 740 perurgente
1062 668 1257 737 populo
1286 667 1570 721 fuissemus
1601 667 1859 737 ingressi,
1899 677 1957 722 ut
1983 668 2134 737 quie-

559 773 667 817 tem
708 761 979 828 utriusque
1008 759 1168 827 partis
1199 758 1522 812 multitudini
1551 759 1924 824 suaderemus,
1955 758 2132 814 subito

558 855 748 908 armati
774 853 913 907 servi
943 853 1060 905 telis
1088 861 1141 906 et
1169 851 1332 917 saxis,
1362 852 1618 921 aliquanti
1646 853 1804 906 etiam
1834 852 1998 916 ferro,
2030 867 2130 922 po-

559 946 714 1012 pulos
753 942 916 1012 partis
955 941 1146 1010 Eulalii
1176 942 1409 1009 aggressi
1440 950 1594 1007 sunt,
1622 941 1712 1010 qui
1742 942 1973 996 inermes
2000 956 2132 996 cou-

559 1044 843 1102 venerant,
873 1042 929 1087 ut
954 1034 1094 1102 quod
1124 1043 1446 1101 prmceptum
1478 1032 1542 1086 de
1572 1033 1821 1100 cpisc0po
1855 1033 2130 1101 Spoletino

559 1133 700 1178 esset
738 1131 1128 1191 agnoscerent:
1179 1135 1416 1191 quosque
1469 1121 1537 1173 ita
1591 1122 1996 1186 sauciaverunt,
2042 1121 2131 1192 qui

559 1213 728 1281 parati
760 1211 1013 1266 adversus
1033 1209 1322 1278 imparatos
1350 1222 1625 1274 venerant,
1652 1220 1707 1265 ut
1736 1227 1821 1266 me
1847 1226 2056 1281 quoque
2077 1220 2130 1267 et

559 1307 730 1357 virum
776 1302 1124 1371 spectabilem
1159 1301 1411 1354 vicarium
1455 1301 1734 1355 crederent
1775 1301 2125 1370 appetendos,

559 1397 685 1448 dum
727 1392 984 1447 seditioso
1032 1391 1211 1446 furore
1242 1391 1438 1445 nullam
1470 1393 1756 1444 admittunt
1791 1392 2000 1460 penitus
2043 1408 2122 1446 ra«

559 1489 790 1554 tionem,
823 1486 922 1540 nisi
949 1486 1012 1538 ad
1045 1485 1378 1539 liberandum
1415 1500 1510 1539 nos
1548 1485 1800 1539 divinitas
1840 1485 2124 1552 adluiSSet,

559 1579 866 1646 egressique
904 1587 998 1644 per
1039 1577 1383 1629 secretiorem
1432 1584 1633 1642 partem
1681 1574 1844 1630 ictum
1875 1591 2127 1630 saxorum

558 1680 612 1722 et
654 1669 906 1734 impetum
961 1666 1322 1734 conSpirantis
1369 1665 1720 1719 multitudinis
1771 1666 2121 1733 vitasscmus,

557 1757 780 1812 minitne
835 1761 1192 1825 patuissemus
1245 1757 1523 1810 evadere:

557 1860 760 1919 partem
794 1849 846 1902 in
885 1849 1055 1902 servis
1088 1855 1298 1902 constat
1338 1846 1519 1910 fuisse,
1553 1861 1621 1901 ex
1656 1846 1847 1916 quibus
1872 1847 2129 1915 aliquanti

557 1945 718 2014 agniti
756 1953 913 2010 atque
944 1942 1078 1996 tenti
1110 1932 1232 1995 Sunt
1268 1939 1540 1994 audiendi.
1566 1940 1716 1994 Unde
1743 1938 1867 2008 quid
1899 1939 2126 2008 partium

558 2049 797 2091 arearum
826 2017 954 2098 fuit,
979 2031 1312 2086 excellentia:
1343 2039 1533 2085 vestra:
1563 2044 1847 2098 suggerere
1879 2044 2131 2098 propera-

559 2125 608 2178 vi
632 2165 648 2190 ,
675 2133 730 2177 ut
757 2131 959 2177 certum
991 2123 1180 2186 linem,
1224 2121 1380 2174 rebus
1413 2121 1638 2188 cognitis
1670 2134 1790 2188 quze
1815 2127 1962 2188 gesta
1985 2128 2128 2182 sunt,

559 2211 866 2282 magnitudo
881 2218 1055 2264 vestra
1078 2208 1350 2262 decernat.
1369 2207 1501 2262 Cum
1521 2208 1590 2259 ita
1611 2207 1667 2261 S.
1691 2207 1928 2260 Eulalius
1946 2205 2130 2262 fuisset

559 2305 852 2372 ingressus,
874 2301 1100 2354 ettertia
1126 2299 1212 2352 die
1235 2304 1450 2352 secutus
1469 2309 1612 2351 esset
1632 2296 1914 2366 episcopus
1941 2297 2130 2364 Spole-

561 2393 720 2456 tinus,
749 2405 846 2445 nec
868 2390 1040 2458 aliqua
1061 2389 1125 2442 ad
1152 2403 1236 2442 me
1256 2389 1377 2442 data
1401 2386 1651 2441 virtutum
1670 2397 1985 2447 vestrarum,
2013 2402 2131 2456 qua:

559 2497 831 2549 sequerer,
866 2487 1126 2549 praecepta
1147 2479 1444 2542 venissent,
1473 2477 1800 2546 perturbatio
1831 2479 1992 2532 totius
2023 2478 2133 2546 ple-

559 2571 662 2635 bis,
681 2585 798 2638 quae
821 2570 952 2623 inse
976 2575 1031 2622 et
1061 2569 1112 2621 in
1137 2567 1676 2636 periculumjudicum
1698 2568 2132 2633 smviret,exorta

559 2669 640 2716 est
654 2676 668 2713 :
684 2671 736 2714 et
749 2660 800 2714 ni
812 2659 972 2714 celeri
987 2672 1242 2726 responso
1253 2667 1376 2712 ante
1388 2657 1526 2712 diem
1543 2657 1898 2716 venerabilem
1914 2657 2132 2713 Pascha:

557 2757 682 2826 quid
720 2753 836 2807 lieri
865 2751 1058 2806 debeat
1083 2751 1372 2818 iusseritis,
1403 2752 1671 2804 minantur
1695 2765 1752 2805 se
1784 2752 1962 2820 populi
1994 2753 2132 2807 invi-

557 2862 672 2901 cem
705 2850 1051 2912 pugnaturos,
1073 2839 1200 2894 dum
1229 2839 1297 2894 de
1324 2839 1669 2894 Lateranensi
1697 2839 1915 2895 basilica
1942 2842 2136 2896 alteru-

558 2947 700 2990 trum
739 2949 798 2987 se
828 2931 1137 2986 existimant
1174 2929 1566 2984 excludendos.
1597 2928 1674 2984 Ne
1701 2929 1823 2998 quid
1853 2930 2013 3000 igitur
2037 2931 2134 2985 ad-

560 3025 700 3082 versi
730 3023 894 3095 (quod
921 3021 1263 3077 sublimitatis
1296 3031 1484 3076 vestra:
1511 3021 1735 3076 felicitas
1760 3022 1987 3092 avertat)
2009 3037 2135 3078 eve-

2235 503 2326 540 nas
2365 487 2603 540 statuisse
2639 497 2938 556 cognoscat,
2969 496 3023 539 ut
3046 481 3113 540 ‘et
3155 485 3380 540 salubris
3420 488 3655 554 superior
3689 491 3816 542 ordo

2235 577 2494 647 prcecepti,
2521 585 2566 630 et
2598 576 2857 629 moderata
2885 578 3068 644 synodi
3110 577 3368 629 ordinatio
3396 575 3598 630 deberet
3639 586 3810 632 custo~

2235 669 2366 730 diri,
2397 668 2534 736 quod
2562 666 2711 720 aliter
2739 668 2852 735 ﬁeri
2893 683 2994 720 non
3027 683 3172 734 posse
3201 683 3481 732 censemus,
3513 669 3612 722 nisi
3650 667 3814 723 Eula-

2233 760 2333 813 lius
2363 760 2656 814 omnimode
2699 770 2955 830 urgeatur,
2998 769 3073 829 ut,
3119 763 3256 814 antni
3281 761 3534 816 celeritate
3575 763 3637 816 ab
3678 762 3815 819 Urbe

2233 851 2514 917 discedens,
2560 851 2798 904 insolenti
2841 849 3033 918 populo
3075 867 3296 920 prasens
3338 851 3667 908 incitamenta
3711 871 3814 908 non

2234 941 2485 1008 prwbeat,
2521 957 2610 994 nec
2657 941 3003 995 innocentibus
3041 958 3196 994 causa
3241 943 3417 996 mortis
3465 943 3686 1009 «sistat;
3731 946 3816 998 cui

2232 1048 2338 1085 esse
2365 1033 2576 1085 dubium
2605 1047 2708 1085 non
2742 1031 2962 1097 debebit,
2990 1033 3034 1086 si
3062 1035 3115 1084 in
3153 1034 3248 1085 hac
3287 1034 3698 1101 praesumptionis
3723 1036 3812 1088 oba

2230 1125 2502 1178 stinatione
2527 1125 2813 1188 duraverit,
2841 1141 2944 1177 non
2971 1125 3138 1178 solum
3177 1125 3239 1178 de
3268 1133 3405 1178 statu
3439 1141 3530 1178 suo
3550 1125 3815 1196 judicium

2221 1219 2339 1286 jam
2367 1215 2656 1286 prolatum,
2685 1232 2859 1270 verum
2889 1217 3043 1268 etiam
3073 1216 3136 1268 de
3163 1215 3346 1269 salutis
3376 1215 3668 1269 discrimine
3695 1232 3815 1285 pra-

2230 1307 2510 1374 ferendum.
2545 1303 2710 1372 Culpa
2751 1306 2887 1358 enim
2935 1305 3132 1358 nullam
3174 1305 3369 1358 veniam
3409 1307 3528 1374 jam
3570 1313 3812 1372 meretur,

2230 1412 2344 1465 qua:
2375 1413 2490 1448 cum
2522 1395 2838 1463 praadicitur,
2873 1411 2976 1448 non
3005 1407 3230 1448 caretur.
3263 1393 3414 1447 Nihil
3444 1410 3507 1448 ea:
3533 1394 3628 1448 hoc
3661 1412 3813 1448 excu-

2229 1487 2438 1540 sationis
2468 1487 2753 1552 ttabiturus,
2787 1485 2922 1555 quod
2949 1501 3009 1538 ea
3053 1486 3209 1539 invita
3248 1501 3280 1537 a
3329 1484 3470 1554 plebe
3509 1493 3704 1539 asserat
3731 1503 3807 1540 re-

2231 1577 2438 1631 tentari.
2471 1577 2532 1630 Si
2557 1577 2642 1646 qui
2671 1584 2838 1628 autem
2866 1591 2929 1628 ea:
2957 1589 3168 1628 numero
3195 1574 3498 1628 clericorum
3527 1577 3811 1629 communi-

2231 1666 2450 1719 candum
2489 1663 2720 1729 Eulalia,
2755 1663 2957 1732 judicia
2983 1664 3253 1733 pendente,
3282 1663 3558 1729 censuerit,
3604 1665 3718 1734 pari
3753 1681 3812 1719 se

1585 1771 1809 1826 quorum
1868 1757 2129 1824 majorem
2162 1755 2208 1814 Β
2235 1759 2360 1811 sciat
2385 1757 2632 1812 sententia
2660 1771 2768 1810 esse
2795 1755 3163 1808 damnandunt.
3200 1754 3384 1809 Laicos
3415 1771 3528 1810 vero
3566 1757 3652 1824 qui
3699 1765 3816 1826 post

2233 1848 2556 1902 interdictum
2586 1846 2986 1900 mansuetudinis
3023 1855 3210 1899 nostra!
3254 1847 3656 1899 communionem
3702 1845 3814 1899 Eu-

2233 1934 2346 1989 lalii
2382 1935 2664 2006 putaverint
2715 1934 3080 2002 expetendum,
3134 1933 3436 1995 honestioris
3478 1933 3576 2001 loci
3614 1949 3815 2001 prunam

2232 2027 2641 2096 proscriptionis,
2673 2040 2840 2078 servos
2870 2040 2987 2078 vero
3025 2025 3208 2092 capitis
3251 2040 3356 2078 esse
3400 2025 3688 2091 subituros,
3719 2042 3813 2078 nec

2231 2116 2294 2170 ab
2321 2116 2414 2168 hoc
2444 2116 2670 2186 periculo
2707 2116 2938 2168 dominos
2983 2115 3252 2170 eruendas.
3284 2113 3538 2169 Primatcs
3580 2131 3695 2169 uera
3729 2133 3813 2170 re-

2233 2207 2473 2274 gionum,
2523 2208 2622 2260 nisi
2687 2207 2924 2276 spiritum
2979 2204 3136 2273 plebis
3186 2205 3458 2268 incondita:
3521 2206 3810 2264 domuerint

2233 2311 2295 2348 ac
2321 2296 2601 2363 frenarint,
2630 2294 2792 2348 sciant
2819 2310 2872 2348 se
2902 2302 3096 2365 raptos,
3133 2294 3307 2348 ultimo
3325 2295 3528 2363 judicio
3556 2311 3662 2348 esse
3691 2297 3814 2348 sub-

2237 2387 2435 2440 dendos
2465 2403 2484 2439 :
2529 2387 2828 2456 Spoletinus
2880 2396 3052 2440 autem
3093 2387 3359 2453 episcopus
3406 2386 3565 2457 (sicut
3616 2387 3814 2440 dudum

2235 2479 2404 2544 fuerat
2430 2475 2716 2546 deﬁnitum)
2745 2477 2932 2531 sanctis
2961 2475 3178 2530 Pascha:
3205 2476 3380 2531 diebus
3409 2477 3634 2530 ordinem
3669 2477 3814 2546 [estw

2233 2567 2565 2636 solemnitatis
2601 2568 2855 2637 implebit,
2884 2567 2966 2620 cui
2998 2567 3066 2619 ad
3103 2566 3404 2620 celebranda
3441 2568 3677 2636 mysteria
3706 2566 3814 2620 La-

2235 2667 2550 2712 teranensem
2584 2658 2850 2712 ecclesiam
2880 2658 2978 2711 soli
3007 2667 3177 2726 patere
3219 2657 3556 2722 decernimus,
3601 2657 3811 2726 reliquis

2235 2750 2326 2819 qui
2379 2750 2472 2802 hac
2535 2764 2837 2819 praesumere
2889 2748 3142 2802 valuerint
3189 2747 3517 2818 propulsatis.
3567 2747 3707 2801 Sane
3753 2758 3814 2802 ut

2235 2840 2508 2909 pradictus
2557 2839 2790 2895 sacerdos
2839 2839 3122 2907 Spoletina:
3171 2839 3384 2892 civitatis
3437 2839 3490 2890 in
3540 2838 3649 2892 loco
3695 2842 3814 2909 ejus

2234 2941 2528 2985 sanctorum
2576 2933 2927 3001 mysteriorum
2973 2931 3205 2983 ordinem
3240 2931 3578 2998 completurus
3622 2930 3815 2998 suscipi

2237 3022 2441 3087 debeat,
2470 3023 2818 3076 admonemus.
2854 3021 2954 3075 Per
2993 3037 3164 3075 omnes
3208 3037 3322 3074 vero
3363 3019 3535 3074 titulos
3577 3029 3624 3075 et
3663 3019 3811 3084 Iaca,

557 3119 668 3172 niat
695 3159 708 3182 ,
761 3126 882 3186 peto
932 3120 990 3168 ut
1048 3112 1282 3167 evidenti
1339 3121 1605 3182 praecepto
1658 3113 1870 3169 excludi
1915 3113 2130 3170 furiosae
2155 3109 2202 3171 C
2234 3131 2348 3185 qua:
2387 3125 2626 3168 conventu
2669 3115 2851 3168 celebri
2889 3116 3291 3183 frequentantur,
3325 3113 3430 3166 lucc
3463 3127 3578 3180 qua:
3617 3114 3811 3166 statui-

555 3203 917 3266 contentionis
938 3203 1294 3272 periculosam
1324 3202 1668 3270 pertinaciam
1697 3204 1979 3259 censeatis.
2007 3204 2127 3262 Dat.

561 3313 628 3350 xu
655 3296 759 3350 cal.
783 3294 954 3362 April.

1099 3381 1312 3438 EPIST.
1357 3382 1587 3438 LXXIX.

818 3489 1207 3530 C(DNSTANTINUS
1238 3487 1516 3528 εωθιΑουο
1544 3489 1716 3528 pater.
1749 3490 1865 3532 UB3.

632 3567 698 3620 Ut
727 3583 797 3620 cei
811 3577 862 3618 ta
893 3566 1140 3632 pcssimus
1170 3579 1381 3633 quaeque
1411 3579 1732 3633 cognoscere,
1775 3573 1822 3617 et
1851 3563 2130 3632 factionum

558 3671 787 3714 auctores
825 3657 965 3727 ﬁdeli
1007 3655 1185 3711 nuntio
1219 3664 1266 3708 et
1297 3656 1578 3726 inspectore
1615 3671 1717 3709 non
1755 3655 1970 3719 lateant,
2003 3672 2130 3709 can-

558 3752 820 3806 cellarium
859 3759 1083 3803 nostrum
1121 3746 1344 3804 Vitulum
1376 3747 1674 3814 direximus,
1701 3755 1764 3803 ut.
1802 3745 2008 3802 Domini
2048 3751 2131 3801 in-

557 3841 815 3894 victissimi
841 3840 1086 3911 principis
1125 3838 1330 3906 affatus,
1363 3845 1511 3904 atque
1533 3838 1790 3909 judicium
1827 3838 1894 3892 ad
1925 3839 2132 3891 eximie-

557 3941 708 3986 tatem
742 3941 879 3983 tuam
914 3937 960 3983 et
987 3930 1055 3983 ad
1083 3931 1331 4000 papulum
1360 3928 1508 3981 celeri
1537 3929 1862 3998 festinatione
1890 3929 2127 3996 deferret.

558 4019 798 4090 Illudque
843 4037 1120 4084 monentus,
1161 4028 1213 4072 ut
1248 4019 1493 4088 quidquid
1539 4020 1699 4072 sacris
1745 4019 2132 4074 auctoritatibus

557 4111 860 4175 continetur,
890 4112 1028 4164 nulla
1062 4111 1337 4163 temeritate
1378 4109 1608 4172 trioletur,
1639 4117 1688 4161 et
1723 4124 1834 4177 qua:
1880 4120 2131 4178 prcecepta

555 4211 674 4256 sunt
701 4200 906 4266 e/fectui
948 4202 1096 4254 celeri
1144 4201 1450 4253 mandentur
1487 4201 1767 4264 instantia;
1816 4217 1877 4253 ne
1914 4201 2133 4272 Augusti

555 4296 840 4358 clementia,
865 4294 1002 4363 quod
1023 4309 1159 4346 nunc
1184 4294 1412 4362 agnoscit
1443 4291 1720 4358 distulisse,
1748 4302 1998 4345 commoto
2022 4309 2131 4345 ma-

557 4388 750 4458 iestatis
771 4401 879 4440 saw
901 4385 1089 4454 vigore,
1119 4383 1390 4436 emendare
1413 4399 1512 4434 non
1537 4381 1757 4446 di/fcrat.

1105 4472 1318 4528 EPIST.
1363 4471 1574 4525 LXXX.

745 4582 849 4617 llll‘.
886 4577 1142 4617 IIONORIUS
1170 4578 1289 4616 AUG.
1323 4577 1598 4616 SYMMACIIO
1624 4577 1790 4614 Pili-3F.
1821 4577 1940 4615 CRB.

633 4655 766 4707 Dum
807 4656 872 4708 ad
925 4653 1208 4706 sanandum
1254 4653 1430 4722 prima:
1471 4653 1868 4722 perturbationis
1909 4668 2128 4705 errorem

553 4747 646 4798 hac
693 4759 850 4812 genus
898 4743 1095 4794 consilii
1129 4741 1397 4794 clementia
1435 4751 1607 4794 nostra
1646 4742 1945 4812 reparanda:
1990 4742 2130 4807 pacis

553 4834 742 4903 cupida
785 4833 1079 4901 reperisset,
1121 4840 1171 4881 ut
1215 4830 1373 4883 donec
1410 4831 1473 4882 de
1522 4832 1906 4896 confirmatione
1948 4831 2127 4882 urbani

551 4925 820 4982 sacerdotii
861 4923 1103 4976 sententia
1146 4922 1437 4991 procederet
1484 4921 1748 4986 absoluta,
1789 4933 1999 4992 uterque
2044 4941 2128 4977 eo-

549 5033 662 5072 runt
691 5031 908 5084 quorum
935 5029 1088 5065 causa
1127 5009 1372 5064 tumultus
1399 5021 1548 5064 antea
1577 5013 1938 5075 cancrevisset,
1971 5028 2002 5062 a
2039 5029 2124 5064 8(1-

550 5107 835 5158 cratissima
869 5103 1002 5158 Urbe
1029 5102 1404 5154 conversatione
1430 5103 1709 5167 sejunctas,
1747 5100 1906 5167 futuri
1942 5102 2125 5166 iudicii

549 5196 920 5264 exspectatione
966 5191 1236 5263 penderet,
1266 5191 1432 5259 spatio
1461 5205 1560 5258 quo
1600 5191 1936 5242 contineretur
1971 5192 2123 5242 alter-

547 5297 676 5351 uter;
695 5286 945 5338 evidenter
983 5296 1218 5351 expressa
1243 5322 1258 5347 ,
1291 5296 1434 5346 cequo
1463 5281 1634 5332 animo
1663 5280 1987 5334 dissimulare
2021 5295 2123 5332 non

547 5349 814 5447 possOnmus
857 5374 1012 5443 ceptis
1051 5371 1330 5425 clementia:
1366 5380 1552 5424 nostra:
1576 5371 1834 5440 publicum
1864 5388 1988 5439 pene
2017 5369 2121 5423 bel-

545 5470 676 5533 lum,
707 5481 806 5534 quo
835 5464 1175 5526 calcarentur,
1225 5461 1471 5514 indictum
1498 5478 1516 5526 ;
1555 5462 1783 5514 movendi
1809 5465 1916 5533 ejus
1965 5470 2116 5529 caput

545 5558 841 5623 Eulalium,
882 5556 966 5626 qui
987 5555 1138 5624 jussa
1180 5553 1509 5616 transcendit,
1543 5554 1812 5617 exstitisse,
1842 5554 2117 5606 secundant

547 5649 774 5708 ordinem
805 5657 1166 5722 praceptorum
1217 5645 1474 5720 paulisper
1519 5646 1688 5700 abesse
1730 5663 1827 5699 non
1875 5662 2112 5709 passum,

2233 3220 2344 3257 mus
2376 3213 2745 3273 proponantur,
2777 3213 2828 3256 ut
2860 3204 3103 3256 universis
3133 3204 3350 3272 liqueat,
3382 3211 3428 3255 et
3467 3203 3690 3255 noluisse
3718 3218 3815 3257 nos

2234 3293 2494 3346 turbidum
2519 3293 2716 3358 aliquid
2744 3304 3053 3363 perpetrare,
3081 3305 3127 3345 et
3159 3293 3323 3344 adhuc
3353 3301 3408 3344 ut
3438 3292 3639 3344 turbata
3670 3309 3815 3345 com—

2233 3384 2356 3453 poni
2390 3383 2602 3438 debeant
2639 3384 2882 3454 opperiri.
2927 3382 3070 3438 Sciat
3108 3397 3233 3436 sane
3267 3382 3552 3435 sublimitas
3592 3392 3676 3434 tua
3705 3384 3820 3451 prio

2233 3475 2550 3527 miscrinium
2594 3482 2640 3528 et
2687 3475 2939 3542 reliquum
2981 3472 3229 3540 oﬂicium,
3281 3472 3418 3541 quod
3460 3472 3560 3525 tuis
3606 3472 3810 3525 actibus

2235 3565 2570 3632 obseeundat,
2605 3581 2703 3617 non
2751 3565 2918 3618 solum
2959 3563 3270 3634 gravissimw
3299 3562 3502 3616 mulctte
3529 3563 3822 3630 dispend'is

2234 3657 2583 3726 aﬂligendum,
2611 3657 2698 3708 sed
2723 3663 2770 3708 et
2799 3655 3106 3724 supplicium
3133 3653 3316 3718 capitis
3354 3654 3681 3720 sortiturum,
3712 3654 3822 3710 nisi

2235 3746 2369 3799 enixi
2398 3761 2550 3815 apere
2579 3747 2897 3798 commodata
2928 3743 3129 3798 statutis
3156 3743 3436 3796 clementia:
3470 3754 3655 3796 nostra:
3678 3754 3822 3812 pra:-

2234 3834 2347 3887 bere
2383 3835 2646 3888 maturarit
2684 3834 2937 3901 e/fectum.
2990 3833 3110 3887 Dat.
3143 3848 3268 3886 xvut
3304 3833 3403 3885 cal.
3443 3833 3655 3901 Aprilis,
3704 3831 3821 3888 Ra-

2236 3941 2426 3978 ιέηηιε.

2779 4012 2990 4067 EPIST.
3035 4012 3270 4066 LXXXI.

2234 4118 2428 4158 DOMIXO
2464 4119 2665 4158 SEMPER
2712 4120 2945 4158 ILLUSTltI
2999 4121 3061 4156 ΕΤ
3101 4119 3201 4156 PER
3247 4117 3454 4157 CUNCTA
3501 4116 3811 4168 HAGNIFICO,

2305 4189 2606 4236 MBBITOQUE
2633 4190 2693 4227 ευ
2734 4191 2841 4228 ιιιιι
2869 4189 2933 4228 AC
2961 4187 3236 4227 ΡιιΑῖῦΕιδι)
3268 4187 3588 4227 (ΣΟΝΕΤΑΝΥΙΟ
3613 4186 3820 4226 ξηιλ.

2305 4257 2436 4297 CHUS
2468 4259 2634 4297 Pii/EF.
2668 4259 2788 4297 URB.

2306 4375 2401 4430 Ubi
2435 4377 2660 4443 primum
2688 4390 2836 4430 sacra
2865 4375 3076 4430 Domini
3111 4375 3276 4430 nostri
3304 4373 3635 4428 invictissimi
3663 4377 3819 4443 prin-

2154 4465 2208 4525 D
2232 4465 2365 4535 cipis
2391 4474 2655 4536 praecepta
2692 4467 2891 4534 perlata
2921 4475 3084 4530 sunt,
3116 4466 3294 4519 statim
3335 4465 3418 4535 (ut
3448 4469 3814 4534 convenerat)

2237 4557 2472 4611 debitqu
2511 4556 2671 4610 tribui
2709 4555 3044 4610 famulatum.
3093 4555 3198 4610 Sed
3251 4554 3486 4608 Eulalius
3526 4569 3587 4607 ea
3635 4554 3818 4608 obsti-

2238 4651 2450 4705 natione
2488 4665 2590 4720 qua
2629 4650 2747 4704 sine
2785 4657 3053 4718 praecepto
3095 4662 3249 4702 sacro
3291 4647 3485 4702 Urbem
3533 4647 3816 4715 ingressus

2235 4747 2348 4805 est,
2375 4742 2535 4795 etiam
2577 4740 2758 4809 egredi
2787 4741 3105 4794 constrictus
3149 4753 3241 4806 per
3285 4751 3472 4790 omnes
3521 4745 3820 4804 potestates

2236 4833 2346 4900 pari
2374 4833 2658 4900 pertinacia
2681 4830 3017 4886 detrectavit.
3042 4829 3174 4884 Nam
3200 4827 3517 4896 veSpertinis
3543 4828 3687 4880 horis
3715 4843 3821 4897 per

2234 4921 2466 4976 ollicium
2496 4921 2767 4976 Urbanum
2805 4921 2855 4974 id
2892 4919 3031 4990 quod
3065 4926 3393 4988 praeceperat
3425 4918 3819 4974 invictissimus

2228 5013 2536 5081 imperatur,
2576 5027 2640 5066 ea
2687 5012 2771 5065 die
2813 5025 2916 5079 qua
2961 5011 3227 5079 perlatum
3268 5018 3379 5073 est,
3413 5008 3460 5060 ei
3512 5007 3823 5062 innotuisse

2226 5102 2551 5169 agnoscitur,
2592 5101 2813 5154 Domine
2859 5114 3072 5168 semper
3123 5098 3513 5162 illustrissime,
3545 5096 3814 5150 sacratis-

2227 5195 2391 5256 sime,
2433 5193 2746 5262 magnilice,
2806 5192 3100 5261 meritoque
3154 5189 3396 5244 sublimis
3438 5204 3499 5243 ac
3549 5188 3817 5256 prtccelse

2227 5291 2470 5350 patrone.
2507 5284 2624 5346 Quo
2667 5281 2828 5346 lecto,
2850 5280 3129 5334 mandavit
3171 5294 3230 5333 se
3266 5278 3570 5346 diligentius
3612 5284 3818 5329 tracta-

2227 5383 2422 5436 turum,
2455 5387 2552 5426 nec
2595 5381 2770 5425 tamen
2799 5371 3058 5424 instanter
3079 5369 3382 5423 admonitus
3409 5367 3556 5421 exire
3577 5365 3817 5419 curavit.

2225 5465 2342 5518 Alia
2365 5478 2490 5518 vero
2512 5462 2598 5516 die
2626 5476 2836 5515 rursum
2866 5477 2964 5530 per
2987 5476 3198 5515 onmem
3225 5457 3614 5528 apparitionem
3642 5455 3816 5512 etiam

2225 5555 2499 5610 nocturnis
2527 5552 2674 5607 boris
2703 5554 3024 5619 admonitus,
3056 5552 3282 5606 collecta
3316 5547 3676 5610 multitudine,
3705 5547 3785 5601 La

2227 5655 2557 5702 tetancnsem
2598 5643 2867 5700 basilicam
2899 5658 3032 5700 ausu
3065 5640 3348 5698 temerario
3383 5627 3610 5698 credidit
3650 5638 3815 5700 iuva-
