3948 6170
199 279 288 330 ιυδ

866 270 1346 325 EPISTOLARUM
1385 269 1585 324 LIBER
1627 267 1695 321 Χ.
1725 295 1794 306 -
1826 267 2133 326 MAXIMUS
2172 269 2682 326 GRMHIATICUS.

3304 277 3408 330 406

197 387 415 440 detdam.
469 383 651 437 Verum
709 377 891 435 habito
942 391 1167 437 tractatu
1210 397 1330 436 cum
1384 380 1723 450 proceribus.
1753 377 1804 435 Δ
1836 375 2020 429 Urbem
2048 380 2225 446 fuisset
2254 379 2509 448 ingressus
2538 395 2557 432 :
2584 379 2769 432 oblitus
2798 379 2909 445 sui,
2938 381 3165 447 probath
3193 397 3255 434 ex
3283 400 3413 451 pra:-

195 475 412 528 omnibus
447 472 631 526 ofﬁciis
671 471 952 526 destinatis
1001 482 1058 527 ut
1106 473 1391 542 pelleretur
1429 472 1723 538 iniunctum

193 577 280 620 est.
303 565 422 619 Nam
447 574 497 619 et
529 565 604 616 vir
631 564 939 632 spectabilis
970 563 1199 618 vicarius
1235 563 1301 618 ad
1341 563 1585 617 eamdem
1625 562 1722 616 ba-

192 645 367 708 silicam
397 653 468 706 ire
498 652 835 717 decreverat,
879 652 971 706 sed
1015 652 1192 721 primo.
1219 651 1476 706 accedere
1507 665 1616 718 prae
1647 649 1728 702 ni-

190 746 282 797 mio
321 751 513 797 terrore
543 758 643 794 non
684 742 876 810 potuit.
908 741 1019 812 Ego
1055 754 1234 796 autem
1279 751 1386 796 tam
1427 741 1726 811 corporatis

189 833 380 886 directis
407 847 560 900 quam
587 832 734 885 omni
765 831 964 896 oflicio,
993 831 1115 886 ideo
1151 832 1278 886 illuc
1302 833 1380 887 ire
1411 847 1516 886 non
1547 831 1724 900 potui,

186 941 245 979 ne
285 925 394 994 quis
439 924 570 978 mihi
615 925 839 980 tumulus
885 926 1087 981 faceret
1130 927 1406 996 religionis
1448 927 1723 981 invidiam.

186 1015 358 1068 Tamen
383 1015 522 1068 salva
555 1015 873 1069 excellentia
905 1024 1103 1080 vestra,
1130 1016 1452 1072 irruentibus
1487 1018 1726 1084 pluribus

184 1106 484 1173 corporatis,
529 1116 583 1160 et
630 1106 923 1174 majoribus
970 1106 1278 1175 regionum,
1322 1107 1410 1177 qui
1448 1109 1728 1176 praeceptis

182 1195 510 1262 imperialibus
536 1196 809 1260 serviunt,
835 1197 902 1251 de
923 1197 1110 1251 eadem
1134 1198 1362 1253 ecclesia
1387 1197 1593 1267 fugatus
1621 1199 1726 1253 Eu-

181 1285 338 1350 lalius,
368 1285 432 1340 de
462 1285 606 1341 Urbe
630 1285 893 1354 expulsus
929 1295 1042 1354 est,
1071 1297 1231 1356 alque
1259 1287 1522 1356 adjunctis
1562 1304 1726 1356 appa-

179 1376 406 1429 r;toribus
452 1376 578 1430 illuc
617 1377 855 1432 directus
895 1378 982 1430 ubi
1021 1378 1204 1447 jussus
1245 1379 1418 1440 fuerat
1461 1379 1720 1434 residere.

178 1465 458 1519 Mandatum
489 1467 652 1521 etiam
679 1475 737 1520 ut
768 1468 848 1522 vir
875 1468 1171 1538 religiosus,
1202 1478 1419 1524 sanctus
1451 1469 1737 1525 Achilleus.

175 1558 448 1625 episcopus,
482 1573 606 1612 cum
653 1560 834 1630 quiete
863 1577 978 1629 que
1016 1561 1165 1630 jussa
1207 1571 1360 1630 sunt,
1393 1564 1486 1618 illo
1525 1563 1721 1633 ejecto,

173 1646 272 1698 sine
296 1647 511 1715 strepitu
541 1649 743 1717 papuli,
777 1664 872 1718 pro
899 1657 1208 1703 sanctorum
1240 1651 1442 1705 dierum
1473 1667 1721 1706 reveren-

1828 473 1955 525 senti
1985 476 2120 542 [αείο
2155 472 2304 544 quale
2341 474 2573 527 videatur
2613 474 2848 526 habuisse
2889 473 3216 543 principium.
3261 475 3396 541 Quo-

1830 561 1968 614 niam
1995 577 2112 631 ergo
2149 573 2281 617 recte
2310 564 2462 629 hunc,
2501 573 2612 630 post
2658 573 2727 616 tot
2757 564 3011 628 admissa,
3048 562 3181 617 Urbe
3210 574 3404 618 constat

1827 668 1935 706 esse
1968 655 2272 723 depulsum,
2320 656 2387 707 ad
2437 673 2588 725 quam
2641 672 2755 708 cum
2793 656 3030 709 accedere
3076 673 3180 709 non
3225 656 3404 711 debere

1826 743 2103 798 clementia:
2144 755 2330 798 nostra:
2378 754 2425 799 et
2470 753 2821 814 episcoporum
2862 748 3113 801 videretur
3158 749 3396 803 statuisse

1800 833 2104 903 judicium,
2145 833 2469 905 Bonifacium
2515 835 2843 889 venerabilem
2895 838 3059 890 uirum
3105 839 3399 908 episcopum

1815 921 1850 992 '(
1867 923 1934 974 ad
1973 925 2122 993 cujus
2159 924 2554 978 moderationem
2602 925 2952 978 auctoritatem
3000 937 3223 980 nostram
3269 938 3400 982 recte

1828 1013 2112 1066 censuimus
2148 1014 2529 1084 jungendum),
2571 1013 2873 1082 Symmache
2918 1032 3098 1079 parens
3144 1019 3401 1069 carissime

1828 1110 1872 1155 et
1923 1103 2298 1166 amantissime,
2355 1103 2638 1157 sublimitas
2686 1113 2772 1156 tua
2829 1103 3012 1158 Urbem
3064 1106 3258 1175 ingredi
3303 1107 3398 1160 de-

1828 1195 1940 1247 bere
1987 1210 2078 1247 nos
2122 1197 2358 1248 statuisse
2399 1203 2709 1263 cognoscat;
2752 1202 2804 1246 ut
2852 1196 2945 1248 sub
2993 1197 3102 1264 ejus
3148 1197 3398 1266 guberna-

1826 1284 1954 1340 culis
2010 1284 2260 1356 religiosa:
2319 1286 2443 1357 legis
2502 1286 2778 1340 reverentia
2843 1287 3184 1339 moderatione
3235 1287 3397 1340 solida

1824 1377 2157 1447 compleatur.
2217 1377 2342 1434 υω.
2414 1394 2468 1432 ιιι
2530 1395 2691 1432 nonas
2752 1379 2976 1450 Aprilis,
3029 1389 3235 1450 accepta
3284 1381 3399 1436 idus

1824 1467 2036 1536 Aprilis.

2339 1537 2555 1592 EPIST.
2599 1537 2881 1593 LXXXIII.

1921 1643 1972 1681 D.
2005 1641 2232 1681 ιιηΝοιιιο
2262 1641 2464 1682 SEMPEII
2494 1643 2615 1681 AUG.
2649 1642 2956 1682 SYMMACIIUS
2987 1644 3152 1683 PBEF.
3185 1645 3284 1684 URB

173 1733 230 1786 tia
248 1735 549 1791 celebraret.
575 1737 708 1790 Nam
731 1739 795 1791 ad
818 1739 1111 1793 custodiam
1137 1740 1370 1794 basilica:
1394 1741 1720 1797 Lateranen-
1751 1718 1800 1778 Β
1893 1738 2234 1806 Quaecunque
2266 1738 2374 1792 Deo
2409 1747 2624 1792 auctore
2659 1739 2817 1802 fiunt,
2849 1739 3040 1792 merito
3067 1739 3250 1794 divino
3288 1741 3398 1808 pie-

171 1824 234 1878 sis
254 1827 574 1894 apparitores
597 1830 849 1898 apposui,
875 1845 942 1883 ne
961 1832 1045 1883 cui
1073 1831 1160 1885 alii
1191 1831 1522 1886 redderetur.
1549 1833 1720 1888 Partis

171 1931 350 1984 quoque
379 1917 570 1971 Eulalii
614 1919 868 1989 aliquanti
909 1923 1048 1989 capti
1077 1922 1258 1975 clerici
1302 1922 1578 1978 seditionis
1618 1938 1717 1978 au-

172 2017 335 2072 ctores,
356 2009 419 2063 de
440 2011 639 2077 quibus
661 2011 784 2079 quid
806 2012 1055 2079 jubeatur
1075 2021 1349 2081 exspecto.
1379 2013 1443 2066 Et
1465 2015 1717 2083 quoniam

171 2098 224 2149 de
260 2096 332 2151 bis
373 2096 594 2153 intetim
635 2115 752 2169 quae
782 2108 930 2169 gesta
982 2111 1108 2156 sunt
1156 2104 1406 2158 universa
1436 2105 1718 2162 virtutibus

172 2189 332 2241 vestris
349 2189 554 2243 credidi
583 2193 935 2260 suggerenda,
963 2192 1218 2260 quidquid
1241 2195 1582 2262 sequentibus
1603 2196 1720 2252 die.

171 2275 248 2329 bus
283 2291 371 2345 pro
409 2279 599 2347 quiete
631 2279 818 2345 Urbis,
867 2295 1024 2348 quant
1066 2290 1236 2334 vestra
1286 2282 1508 2337 felicitas
1550 2287 1716 2352 regit,

169 2378 433 2435 suggestum
467 2371 656 2436 fuerit,
683 2370 952 2439 sigillatim
995 2387 1090 2441 pro
1119 2363 1297 2426 rerum
1323 2373 1428 2429 tide
1451 2383 1506 2429 et
1532 2375 1740 2434 ordine.

168 2458 439 2515 melioribus
462 2461 680 2516 indiciis
705 2463 982 2518 nuntiabo.

672 2593 889 2648 EPIST.
931 2595 1191 2651 LXXXII.

327 2721 427 2758 Dll’.
464 2719 728 2760 BONORIUS
758 2723 878 2762 AUC.
914 2724 1191 2764 SYEIIACIIO
1217 2725 1383 2764 PRtEF.
1414 2727 1550 2766 υῐιΒ..

223 2813 566 2870 ιίοάεναιὶοησ
607 2819 865 2886 praecipua
895 2821 995 2891 egit
1034 2831 1210 2874 nostra
1237 2823 1502 2891 serenitas,
1545 2840 1608 2879 ne
1636 2825 1734 2880 lo-r

165 2921 258 2956 cum
286 2915 443 2975 posset
481 2908 715 2961 invenire
743 2911 1086 2980 praesumptio.
1119 2911 1214 2965 Dei
1245 2915 1378 2966 enim
1404 2912 1607 2984 judicio
1635 2932 1716 2969 ue-

165 3000 432 3051 neraﬁilium
457 3002 787 3055 sacerdotum
812 3014 883 3056 est
913 3005 1072 3059 dilata
1099 3008 1321 3076 cognitio
1343 3025 1360 3062 .'
1393 3018 1445 3062 ut
1472 3013 1717 3081 quidquid

1822 1837 1946 1888 tatis
1975 1844 2163 1890 vestrae
2183 1834 2381 1902 judicio
2409 1835 2705 1889 ﬁrmantur.
2730 1834 2907 1903 Nuper
2933 1850 3158 1903 namque
3182 1851 3299 1889 cum
3331 1837 3397 1889 ad

1821 1941 1908 1980 me
1939 1925 2194 1980 famulum
2224 1935 2455 1980 vestrum
2496 1939 2645 1979 sacra
2686 1924 2982 1979 clementia:
3019 1934 3213 1979 vestra:
3253 1941 3397 1979 ema-

1821 2024 2000 2071 nasset
2031 2015 2348 2079 auctoritas,
2380 2014 2529 2084 quasi
2559 2013 2905 2081 ambiguitate
2930 2015 3205 2079 submota,
3234 2028 3398 2068 vene-

1821 2106 2004 2159 rabilis
2034 2106 2131 2159 viri
2177 2104 2428 2158 Bonifacii
2461 2105 2697 2173 epiSCOpi
2745 2104 3101 2158 sacerdotium
3149 2105 3397 2172 maiestas

1821 2205 1994 2251 vestra
2043 2195 2329 2250 roboravit.
2372 2195 2503 2249 Tam
2569 2204 2715 2264 grata
2776 2195 3036 2248 universis
3086 2210 3204 2262 qua:
3250 2195 3397 2262 jn~sa

1819 2294 1944 2340 sunt
1983 2287 2259 2349 exstitere,
2299 2293 2358 2338 ut
2400 2284 2502 2337 hoc
2544 2293 2598 2338 et
2640 2283 2772 2337 ordo
2817 2283 3176 2351 amplissimus
3204 2293 3258 2336 et
3288 2284 3397 2338 Ro-

1819 2387 2010 2430 manus
2031 2375 2254 2444 populus
2276 2373 2668 2443 comprobaret,
2694 2373 2757 2425 D.
2784 2375 3094 2441 imperator.
3123 2372 3251 2425 Nam
3276 2388 3396 2427 cum

1819 2474 2014 2520 statuta
2045 2464 2284 2520 coelestia
2332 2479 2428 2532 per
2461 2478 2547 2517 me
2583 2473 2763 2517 essent
2805 2463 3022 2516 recitata
3067 2462 3302 2532 populis,
3344 2473 3400 2518 et

1819 2554 2009 2609 edictis
2035 2569 2099 2609 ex
2139 2567 2320 2608 amore
2350 2552 2636 2620 propositis
2677 2551 2938 2620 publicata
2959 2595 2973 2618 ,
3007 2561 3184 2605 tantus
3221 2551 3400 2606 fervor

1818 2652 1874 2699 et
1900 2644 2079 2698 laetitia
2108 2643 2266 2698 totius
2291 2644 2492 2697 exstitit
2514 2643 2761 2705 civitatis,
2790 2650 2846 2694 ut
2873 2642 3075 2695 scilicet
3100 2652 3152 2694 et
3183 2642 3399 2710 religio-

1821 2750 1942 2790 nem
1978 2734 2268 2797 redditam,
2297 2741 2351 2786 et
2381 2731 2669 2800 prtestitam
2699 2730 2889 2799 quietis
2919 2731 3255 2784 securitatem
3283 2744 3398 2782 om-

1821 2837 1916 2880 nes
1944 2825 2298 2895 gratulatione
2337 2837 2567 2891 eongrua
2613 2829 2954 2876 testarentur.
2986 2818 3271 2886 Interjecto
3299 2819 3398 2873 ita-

1821 2929 1924 2985 que
1948 2915 2130 2980 biduo,
2165 2913 2362 2966 Urbem
2389 2925 2548 2979 supra
2577 2919 2906 2964 memoratus
2935 2908 3256 2962 venerabilis
3284 2907 3398 2975 epi-

1820 3019 2035 3074 scopus,
2076 3001 2223 3057 omni
2260 3011 2573 3056 accurrente
2605 3000 2780 3069 plebe,
2818 3000 3086 3067 ingressus
3115 3007 3230 3063 est,
3262 2999 3400 3052 sicut

165 3091 333 3157 religio,
362 3093 619 3161 quidquid
657 3095 836 3146 veritas
877 3071 1193 3163 postulabar,
1232 3099 1417 3166 absque
1459 3071 1565 3155 ulla
1604 3071 1719 3170 per-
1745 3071 1790 3135 α
1821 3071 2086 3151 serenitas
2115 3103 2290 3149 vestra
2321 3092 2634 3146 constituit:
2666 3087 2826 3143 oflicii
2857 3092 3069 3158 quoq‘ue
3108 3089 3211 3142 mei
3240 3088 3400 3143 obse-

164 3180 414 3234 turbatione
455 3185 556 3235 hoc
603 3185 901 3252 disceptatio
952 3187 1228 3256 tranquilla
1267 3189 1573 3245 decerneret.
1613 3193 1718 3248 Sed

163 3286 230 3322 uer
257 3270 514 3325 Eulalium
553 3276 888 3341 usurpatione
916 3285 1095 3329 contra
1122 3280 1421 3332 sententiam
1463 3283 1719 3336 venerabi-

163 3360 213 3413 lis
249 3365 422 3431 synodi
463 3364 635 3417 multa
679 3363 854 3418 illicite
899 3369 1169 3421 contmissa
1215 3370 1407 3439 fuisse,
1456 3373 1717 3429 relationis

163 3462 296 3506 textus
321 3455 562 3517 edocuit,
591 3456 676 3522 qui
712 3459 980 3522 prtesentia
1022 3475 1116 3511 sua
1161 3475 1364 3513 causam
1407 3461 1596 3528 furoris
1625 3480 1717 3533 po-

163 3541 262 3604 pqu
287 3544 701 3610 subministrans,
737 3556 894 3598 totum
941 3550 1105 3614 perire
1143 3549 1299 3601 uoluit
1337 3552 1586 3620 quidquid
1611 3569 1722 3607 mos

162 3632 329 3686 iteratio
356 3645 534 3688 nostra
567 3644 847 3688 conservat.
883 3635 1023 3688 Nam
1060 3653 1174 3690 cum
1202 3640 1521 3694 ordinatione
1549 3650 1723 3696 nostra

163 3732 194 3772 tt
229 3726 471 3778 sententia
500 3726 896 3794 episcoporum,
925 3743 1139 3795 quorum
1167 3728 1220 3781 in
1247 3731 1445 3798 synodo
1474 3736 1642 3803 major
1669 3749 1722 3787 se

162 3814 409 3866 multitudo
436 3816 752 3884 collegerat,
787 3832 1034 3870 consensu
1076 3819 1228 3871 etiam
1265 3821 1490 3886 partium
1518 3829 1564 3874 et
1605 3839 1724 3891 pro-

162 3907 350 3968 fessione
377 3909 428 3960 id
458 3909 576 3975 ﬁeri
607 3908 873 3968 deﬁnitum
909 3920 1067 3974 esset,
1101 3921 1154 3963 ut
1182 3913 1334 3964 sciret
1362 3929 1415 3966 se
1438 3915 1724 3984 specialiter

163 4006 249 4046 esse
295 3997 601 4050 dantnatum
651 3999 934 4067 quicunque
989 4001 1056 4051 ad
1120 4001 1437 4056 incitandum
1478 4007 1722 4073 papulum

173 4110 1742 4147 ἢ

1822 3187 1941 3255 quia
1972 3185 2192 3238 minime
2211 3183 2520 3236 defuerunt.
2551 3180 2657 3235 Nec
2681 3180 2789 3248 jam
2821 3179 2994 3247 aliqua
3019 3178 3284 3232 dissensio
3313 3194 3402 3233 res

1821 3283 2002 3329 manet
2038 3273 2384 3343 populorum,
2419 3277 2474 3326 et
2507 3284 2695 3323 omnes
2737 3267 2915 3323 divino
2954 3267 3152 3336 judicio
3193 3277 3248 3322 et
3287 3283 3401 3322 tua-

1816 3367 2028 3438 jestatis
2072 3376 2262 3422 vestrae
2311 3364 2690 3434 acquieverunt
2729 3361 3009 3416 voluntati.
3055 3359 3400 3414 Cessantibus'

1819 3477 1949 3530 ergo
1980 3459 2189 3524 studiis,
2217 3467 2403 3512 omnes
2424 3455 2564 3525 quod
2595 3460 2861 3524 pratcepto
2889 3451 2983 3506 Dei
3009 3451 3265 3505 admoniti
3293 3460 3402 3505 stas

1825 3552 2000 3606 tuistis
2021 3546 2220 3606 sentire
2241 3553 2540 3615 coeperunt,
2578 3555 2734 3613 atque
2780 3541 3248 3596 acclamationibus
3281 3555 3400 3607 qua:

1825 3643 2081 3712 subjecta:
2102 3650 2225 3696 sunt
2245 3639 2420 3709 gaudii
2446 3638 2527 3691 sui
2558 3650 2744 3690 causas
2768 3634 2916 3703 pleb‘s
2946 3633 3184 3687 Romana
3207 3638 3398 3684 testata

1824 3742 1933 3799 est,
1963 3748 2025 3786 ac
2049 3730 2319 3787 serenitati
2353 3735 2543 3781 vestra:
2572 3724 2770 3794 gratias
2799 3723 2850 3776 iit
2878 3722 2993 3776 dies
3019 3719 3254 3788 singulos
3274 3732 3401 3786 age.

1827 3840 1887 3880 re
1913 3839 2017 3878 non
2048 3821 2285 3884 desistit;
2323 3832 2547 3888 quorum
2591 3815 2825 3886 provisio
2863 3812 2999 3864 sicut
3031 3824 3213 3878 pacem
3253 3807 3398 3860 orbis

1828 3924 2025 3979 tuetur,
2050 3913 2120 3966 ita
2144 3910 2374 3980 quietem
2395 3907 2552 3963 Urbis
2574 3903 2826 3969 restituit,
2853 3899 3154 3968 populoque
3178 3909 3397 3950 concor-

1787 4059 1798 4069 ,
1828 4006 1993 4059 diam.

1549 4139 3385 4171 *Μῄῂ

1393 4227 1556 4272 Διηαο
1595 4215 1824 4274 bonum
1875 4213 2170 4271 cccicrx.

967 4252 2574 4637 MAEZiMUS

1325 4698 2212 4788 GRAMMATIGUS.

1613 4895 1652 4904 ..ο

832 4966 1334 5029 GUILIELMI
1379 4967 1627 5031 CAVE
1670 4966 2060 5029 NOTITIA
2105 4963 2201 5048 1N
2244 4955 2730 5029 MAXIMUM“.

231 5085 504 5152 Maximus,
533 5096 689 5155 gente
715 5087 862 5152 Afer,
885 5090 1101 5143 civitate
1120 5090 1480 5146 Madaurensis
1511 5091 1726 5161 (Africa:
1753 5101 1805 5159 ι)
1832 5090 1997 5155 initio,
2024 5088 2135 5141 sine
2158 5085 2298 5154 prole
2323 5094 2522 5138 natura:
2549 5080 2798 5148 conﬁteri,
2833 5081 3036 5148 ejusque
3076 5077 3280 5127 virtutes
3317 5087 3407 5142 per

171 5178 383 5244 preprim
413 5179 669 5247 oppidum
700 5190 814 5233 erat
847 5180 985 5235 inter
1009 5181 1306 5236 Numidiam
1331 5192 1384 5237 et
1413 5185 1724 5256 Getuliam),

173 5268 488 5330 professione
537 5270 944 5337 grammaticus,
981 5275 1038 5327 S.
1092 5273 1384 5342 Augustino
1434 5276 1730 5343 familiaris,

172 5359 348 5411 claruit
376 5372 608 5414 exeunte
637 5362 736 5416 hoc
763 5363 981 5427 saeculo,
1011 5363 1152 5417 circa
1182 5378 1377 5418 annum
1407 5366 1532 5419 599.
1562 5366 1734 5418 Homo

173 5450 375 5513 gentilis
404 5460 458 5505 et
502 5451 771 5520 religionis
791 5467 900 5508 sua:
930 5455 1044 5507 zelo
1095 5454 1354 5523 flagrans,
1383 5456 1598 5525 scripsit
1623 5456 1735 5525 epiv

173 5537 350 5592 stolam
381 5540 449 5594 ad
500 5544 868 5611 Augustinum,
894 5560 997 5614 qua
1027 5543 1250 5600 deorum
1283 5561 1499 5599 suorum
1531 5547 1733 5600 cultum

175 5628 428 5693 vindicat.
478 5633 650 5695 aitque
694 5652 746 5690 se
783 5652 938 5691 unum
979 5653 1085 5693 esse
1118 5635 1280 5692 Deum
1318 5651 1595 5690 summum.
1627 5635 1734 5691 sine

1836 5181 2148 5234 mundanum
2175 5193 2301 5244 Opus
2327 5174 2542 5240 diﬁ‘usas
2570 5171 2742 5223 multis
2767 5167 3017 5220 vocabulis
3046 5165 3295 5218 invocare.
3325 5161 3408 5216 Ita

1835 5271 1917 5338 ﬁt,
1944 5266 2135 5336 inquit,
2167 5274 2218 5316 ut
2241 5265 2358 5317 dum
2381 5265 2488 5333 ejus
2509 5259 2655 5329 quasi
2683 5257 2919 5327 quwdam
2948 5254 3167 5308 membra
3195 5249 3409 5319 carptim

1833 5360 1987 5413 variis
2009 5353 2458 5424 supplicationibus
2488 5349 2860 5419 prosequimur,
2905 5355 3066 5399 totum
3093 5344 3257 5398 colere
3283 5356 3407 5410 pro-

1837 5456 1966 5522 fecto
1987 5449 2267 5502 videamur.
2299 5443 2500 5498 Deinde
2530 5442 2585 5495 in
2605 5440 2939 5496 Christianos
2969 5435 3267 5497 invehitur;
3287 5447 3409 5502 par-

1840 5543 1933 5597 tim
1973 5540 2114 5610 quod
2161 5540 2324 5593 Deum
2355 5551 2512 5606 quem
2540 5535 2690 5606 quasi
2723 5531 2996 5605 proprium
3041 5526 3142 5582 sibi
3169 5525 3410 5580 vindica-

1839 5640 1959 5691 rent
2004 5632 2057 5688 in
2083 5630 2215 5688 locis
2262 5628 2455 5686 abditis
2483 5643 2544 5685 se
2579 5627 2764 5685 videre
2807 5623 3166 5686 afﬁrmarent;
3212 5618 3424 5690 partim,
