4048 6184
518 307 617 364 (νοτ

1909 299 1999 353 ΜΛ
2012 298 2376 355 MERTINUS.

3663 294 3769 350 408

518 414 688 484 quod,
718 410 917 467 relictis
948 418 1158 477 tempus
1195 417 1246 462 et
1278 407 1532 476 neglectis
1564 408 1821 477 majorum
1872 423 2088 463 suorum
2118 425 2168 480 Α
2198 412 2326 478 ipsis
2354 408 2593 478 epistolis
2621 409 2893 478 desumpta
2925 422 3043 462 esse
3074 406 3191 475 quis
3222 420 3326 460 non
3359 406 3535 462 videt?
3561 409 3686 478 quin
3713 420 3771 466 et

520 504 786 568 manibus,
814 501 1083 556 hominum
1114 508 1440 552 mortuorum
1469 499 1622 552 busta
1648 499 1810 552 stulto
1839 497 2090 567 frequen-

522 604 712 649 tarent.
763 593 898 647 llinc
941 596 1203 660 martyres
1253 590 1509 657 quosdam
1556 588 1770 643 Punicis
1818 588 2091 644 vocabulis

520 687 798 752 insignitos
843 682 1067 737 ludibrio
1122 682 1375 750 exponit,
1424 680 1732 750 Mygdoniam
1769 695 1859 735 seu
1903 678 2092 750 Miggi-

520 794 656 842 nem,
681 774 925 840 Sanaem,
953 773 1212 840 Lucitam,
1246 782 1300 827 et
1345 788 1453 842 prae
1475 772 1724 827 omnibus
1757 773 2090 841 archimartyv

519 882 626 918 rem
671 863 1136 934 Namphanionem.
1185 863 1287 916 Per
1333 862 1785 930 Namphanionem
1838 861 1958 931 quis
2007 860 2094 914 hic

467 1002 491 1025 ε
520 958 824 1018 denotetur,
857 954 994 1007 haud
1014 953 1182 1007 facilis
1202 963 1283 1007 est
1311 954 1640 1020 conjectura,
1659 966 1801 1005 neca
1830 949 2124 1020 quoquam'

471 1082 481 1092 ε
519 1048 572 1100 id
604 1055 862 1101 tentatum
892 1044 1129 1100 memini.
1164 1045 1219 1100 Si
1258 1045 1312 1098 in
1344 1059 1404 1098 re
1432 1043 1657 1098 obscura
1688 1043 1989 1112 conjectare
2018 1041 2095 1095 fas

521 1139 659 1203 erit,
688 1153 793 1191 non
837 1138 1000 1195 alium
1029 1151 1185 1205 quam
1233 1135 1502 1189 Christum
1532 1134 1810 1189 Dominum
1854 1146 2093 1187 nostrum

521 1226 792 1295 designari
838 1235 1017 1293 putent
1050 1240 1062 1277 :
1104 1225 1291 1293 partim
1335 1226 1476 1292 quod
1504 1225 1837 1293 archimartyr
1866 1218 2095 1292 tippellc-

523 1320 630 1382 tur,
664 1314 752 1384 qui
780 1314 940 1369 modo
970 1314 1174 1368 scilicet
1203 1313 1539 1367 eminentiori
1571 1328 1677 1381 pra:
1704 1312 1823 1365 aliis
1852 1311 2096 1378 martyri-

523 1406 646 1471 bus,
679 1419 773 1472 pro
812 1403 1070 1472 religione
1113 1417 1139 1453 a
1171 1417 1228 1455 se
1255 1402 1493 1455 inStituta
1540 1415 1723 1469 passus
1749 1411 1856 1464 e5t;
1904 1410 2020 1469 part
2044 1416 2094 1452 m

526 1496 665 1564 quod
708 1509 828 1549 cum
872 1494 962 1547 alii
1014 1492 1134 1546 huic
1176 1493 1260 1546 vel
1308 1494 1386 1547 illi
1430 1492 1632 1544 numini
1682 1491 2030 1559 praeferantur
2082 1508 2092 1540 :

526 1588 706 1653 Hunc,
740 1588 930 1655 inquit,
961 1587 1089 1651 proh
1126 1587 1302 1655 nefas!
1332 1587 1427 1638 diis
1461 1586 1830 1637 immortalibus
1859 1584 2096 1653 prtetule-

525 1679 629 1730 rint
681 1677 956 1730 Christiani
978 1691 997 1739 ;
1031 1676 1219 1744 partim
1247 1675 1474 1744 denique
1502 1675 1641 1745 quod
1668 1674 1955 1742 interprete
1988 1676 2096 1726 Au—

2195 501 2246 554 in
2281 501 2420 555 notis
2447 501 2557 554 suis
2597 500 2796 553 diserte
2837 500 3029 553 fatetur
3058 497 3457 552 illustrissimus
3487 497 3763 553 Baronius.

2193 589 2762 655 ConcluditMaximus,
2780 589 3006 643 solemni
3022 588 3266 654 formula,
3284 585 3370 640 Dii
3385 598 3429 640 te
3441 598 3660 651 servent,
3676 606 3770 656 per

2194 698 2319 749 quos
2343 691 2386 734 et
2415 697 2613 747 eorum,
2638 688 2787 749 atque
2815 689 3112 732 cunctorum
3136 679 3425 731 mortalium
3453 694 3769 732 communem

2198 771 2438 837 Putrem,
2489 772 2705 823 universi
2728 770 2963 823 mortales
2986 812 3000 835 ,
3037 778 3157 836 quot
3200 778 3335 823 terra
3363 770 3597 831 sustinet,
3632 770 3771 821 mille

2196 863 2360 915 modis
2410 861 2651 914 concordi
2692 861 2951 913 discordia
2995 875 3288 913 veneramur
3326 869 3370 911 et
3400 860 3631 912 colimus.
3683 858 3775 911 llis

2196 953 2527 1021 respondens
2563 952 2888 1020 Augustinus
2933 950 3156 1018 epistola
3189 949 3465 1018 sequenti,
3499 949 3769 1003 hominem

2196 1041 2458 1095 acerrime
2503 1040 2828 1107 perstringit,
2875 1037 3216 1106 ostenditque
3262 1038 3307 1091 si
3365 1037 3566 1091 ludicra
3618 1051 3779 1106 agere

2196 1131 2375 1196 vellet,
2410 1145 2466 1182 se
2495 1144 2587 1196 par
2616 1130 2728 1197 pari
2760 1128 2962 1182 referre
3004 1141 3192 1197 posse;
3219 1128 3487 1182 hominem
3514 1143 3638 1181 vero
3657 1144 3778 1197 gra-

2198 1221 2334 1273 viter
2386 1228 2568 1274 monet
2626 1218 2768 1272 utin
2822 1217 2924 1273 hoc
2962 1227 3274 1285 argumento
3319 1218 3461 1271 serio
3503 1227 3777 1281 versetur;

2201 1322 2438 1382 paratqu
2476 1327 2533 1366 se
2582 1312 2711 1374 fore,
2746 1310 2813 1365 de
2847 1312 2929 1364 his
2971 1326 3065 1378 pro
3093 1311 3389 1380 argumenti
3420 1310 3670 1380 dignitate
3692 1310 3779 1363 di-

2199 1415 2584 1472 sceptaturum.
2617 1400 2825 1455 Claudit
2848 1401 3130 1469 epistolam
3157 1401 3237 1454 his
3258 1399 3435 1454 verbis
3462 1416 3477 1452 :
3505 1399 3585 1453 Ne
3616 1411 3659 1452 te
3680 1399 3779 1453 hoc

2200 1498 2375 1560 lateat,
2421 1503 2467 1546 et
2514 1494 2566 1545 in
2609 1491 2859 1561 sacrilega
2895 1492 3118 1543 conuicia
3164 1490 3536 1559 imprudentem
3587 1491 3783 1564 trahat,

2200 1588 2325 1640 scias
2354 1603 2385 1637 α
2414 1583 2714 1638 Christianis
2750 1582 3032 1646 catholicis,
3065 1599 3278 1651 quorum
3318 1584 3371 1635 in
3400 1592 3560 1636 vestro
3589 1584 3780 1653 Oppido

2197 1676 2352 1730 etiam
2378 1673 2609 1727 Ecclesia
2646 1673 2916 1727 constituta
2946 1680 3038 1738 est,
3071 1662 3411 1726 nullum'coli
3432 1684 3774 1740 mortuorum,

474 1755 482 1764 ’
525 1768 739 1836 gustino
784 1768 836 1819 in
892 1767 1082 1820 litteris
1122 1767 1476 1834 reSpousnriis
1502 1807 1515 1830 ,
1551 1764 1877 1834 Namphauio
1925 1763 2099 1831 lingua
2132 1769 2178 1826 Β
2204 1766 2333 1819 nihil
2373 1765 2587 1832 denique
2633 1770 2905 1818 ut'numen
2949 1769 3188 1831 adorari,
3237 1765 3372 1832 quod
3401 1767 3466 1818 sit
3511 1766 3703 1833 factum
3733 1776 3784 1819 et

526 1857 725 1912 Punica
764 1856 895 1911 nihil
926 1855 1068 1910 aliud
1109 1855 1373 1924 signiﬁcet
1413 1871 1569 1923 quam
1604 1854 1717 1908 boni
1758 1854 1901 1922 pedis
1933 1853 2102 1907 homi-

528 1963 673 2013 nem,
709 1948 757 2000 id
785 1957 867 2001 est
888 1987 901 2010 ,
934 1949 1338 2017 cujusadrentus
1378 1946 1563 2013 a/ferat
1584 1945 1781 2014 aliquid
1807 1945 2103 2013 felicitatis;

527 2037 657 2089 sicut
686 2038 903 2090 solemus
930 2036 1094 2089 dicere
1118 2039 1335 2088 secundo
1369 2037 1493 2104 pede
1519 2034 1794 2096 introiisse,
1824 2034 1970 2103 cujus
2025 2031 2104 2083 in-

528 2128 737 2178 troitum
778 2127 1084 2195 prosperitas
1129 2124 1302 2193 aliqua
1345 2133 1517 2177 secuta
1565 2124 1648 2176 sit.
1685 2122 1839 2188 Quod
1880 2121 2106 2177 Domino

530 2225 715 2270 nostro
756 2216 997 2285 apprime
1026 2215 1312 2283 convenit,
1364 2215 1452 2284 qui
1483 2223 1666 2283 optato
1696 2214 1831 2282 pede
1873 2213 1924 2266 in
1953 2226 2108 2265 mun-

529 2308 654 2361 dum
683 2308 842 2370 venit,
868 2316 921 2360 et
939 2306 1303 2365 obambulavit
1332 2308 1623 2382 εὐεργετῶν.
1651 2306 1727 2360 De
1753 2320 1855 2374 quo
1878 2303 2106 2374 prophe-

529 2400 693 2451 ticum
721 2396 847 2450 iIIud
877 2397 1138 2466 imprimis
1168 2397 1367 2450 dictum
1391 2407 1471 2452 est
1503 2415 1513 2448 :
1541 2398 1701 2463 Quam
1723 2397 1925 2466 pulchri
1953 2410 2106 2465 super

532 2494 727 2542 montes
781 2495 898 2540 sunt
944 2487 1093 2556 pedes
1120 2488 1446 2556 pradicantis
1505 2502 1680 2555 pacem
1703 2527 1719 2551 ,
1750 2484 2105 2538 annuntiantis

532 2579 738 2643 bonum,
762 2580 1084 2648 prmdicantis
1112 2579 1360 2633 salutem!
1381 2578 1602 2632 Nescius
1625 2592 1731 2631 non
1753 2591 1867 2632 sum
1892 2579 1944 2630 in
1968 2576 2103 2629 Mar-

535 2670 792 2741 tyrologio
834 2669 1074 2722 Romano
1115 2668 1239 2721 Ju'ii
1292 2670 1326 2722 4
1379 2668 1637 2723 celebrari
1687 2666 1998 2722 memoriam
2042 2664 2099 2721 S.

533 2744 947 2826 Samphanionis
978 2757 1225 2829 martyris
1250 2766 1301 2810 et
1326 2758 1615 2820 sociorum,
1644 2773 1772 2826 quos
1785 2755 1870 2810 ille
1897 2757 2107 2810 robora-

531 2848 595 2902 sit
623 2847 693 2901 ad
737 2863 962 2923 pugnam
1014 2857 1060 2902 rt
1111 2849 1180 2900 ad
1221 2863 1458 2901 coronam
1486 2849 1741 2917 provexit,
1782 2848 1967 2918 quique
1993 2846 2109 2901 Ma-

533 2937 679 2997 dauri
707 2937 757 2994 in
787 2936 962 3004 Africa
995 2937 1133 3011 passi
1153 2946 1290 2993 sunt.
1327 2938 1517 2991 \‘erum
1542 2936 1656 2991 haec
1701 2937 1900 3004 omnia,
1932 2952 1995 2992 ex
2029 2939 2112 2991 his

2203 1856 2462 1911 conditum
2508 1872 2539 1915 α
2582 1853 2709 1921 Deo,
2756 1855 2845 1908 sed
2875 1871 3031 1908 unum
3071 1856 3236 1924 ipsum
3264 1853 3427 1908 Deum
3473 1857 3560 1923 qui
3598 1856 3715 1923 fecit
3738 1862 3786 1908 et

2204 1948 2432 2002 condidit
2464 1949 2651 2001 omnia.
2682 1946 2757 2000 De
2786 1955 3025 2013 tempore
3047 1962 3152 2017 quo
3179 1946 3528 2017 scriptae-sint
3559 1947 3639 2001 ha:
3670 1947 3788 2014 epi-

2205 2040 2355 2094 stola:
2387 2053 2491 2093 non
2514 2044 2741 2093 constat.
2763 2036 3019 2091 Referunt
3039 2051 3130 2091 eas
3153 2036 3429 2091 novissimi
3453 2035 3687 2091 editores
3718 2035 3787 2090 ad

2209 2146 2403 2185 annum
2443 2128 2575 2194 590,
2616 2142 2733 2182 cum
2760 2126 3002 2196 sequenti
3035 2127 3298 2181 idolorum
3337 2127 3512 2181 cultus
3560 2127 3789 2194 impera-

2215 2230 2390 2274 torum
2433 2219 2549 2287 lege
2586 2217 2892 2288 prohibitus
2919 2218 3007 2270 sit.
3032 2216 3137 2271 Sed
3159 2215 3361 2270 nullum
3390 2216 3511 2271 inde
3544 2212 3790 2283 duci'po-

2212 2319 2317 2364 test
2342 2316 2736 2378 argumentum,
2766 2322 2886 2361 cum
2915 2321 3019 2361 non
3044 2306 3146 2361 hoc
3175 2306 3351 2372 modo,
3385 2305 3479 2361 sed
3518 2316 3572 2359 et
3601 2305 3792 2373 quovis

2211 2398 2324 2452 fere
2350 2412 2489 2451 anno
2533 2397 2774 2466 sequenti
2819 2396 3241 2451 Constitutiones
3269 2395 3570 2464 imperiales
3594 2394 3693 2448 hac
3722 2396 3793 2449 de

2210 2504 2269 2544 re
2298 2488 2417 2543 latae
2446 2489 2583 2551 siut,
2635 2496 2692 2541 ut
2738 2487 2793 2541 in
2823 2486 3006 2541 codice
3046 2486 3423 2541 Theodosiano
3470 2486 3654 2540 videre
3683 2495 3789 2549 est,

2211 2593 2404 2648 nempe
2445 2593 2569 2633 ann.
2619 2578 2745 2642 592,
2764 2577 2891 2644 595,
2919 2577 3057 2642 596;
3088 2592 3227 2632 anno
3254 2577 3356 2633 599
3381 2588 3628 2645 quatuor,
3661 2591 3795 2646 qua-

2211 2686 2330 2726 rum
2377 2670 2495 2725 duae
2531 2669 2598 2723 ad
2652 2668 2885 2725 Africam
2934 2670 3148 2739 proprie
3194 2676 3453 2737 spectant,
3494 2668 3796 2737 iterumque

2210 2775 2351 2815 anno
2377 2760 2504 2823 408,
2537 2774 2604 2814 ne
2630 2759 2852 2814 ulterius
2881 2775 3117 2830 pergam.
3143 2758 3416 2813 Habentur
3433 2760 3514 2812 ba:
3543 2758 3791 2827 epistolae

2212 2850 2342 2905 edit.
2374 2850 2577 2905 noviss.
2604 2850 2692 2914 16,
2724 2850 2810 2913 I7,
2836 2850 2888 2905 in
2921 2849 3226 2919 vulgaribus
3261 2848 3579 2904 editionibus
3632 2862 3780 2901 num.

2216 2942 2307 3007 45,
2334 2942 2424 3047 ξι.

968 3124 1421 3204 ΜΑΧΙΜΙ
1491 3126 2048 3210 EPISTULA

2209 3132 2278 3211 D
2355 3130 2441 3211 S.
2520 3130 3348 3213 AUGUSTINUM.

610 3254 738 3308 Vide
758 3255 889 3308 Itane
913 3256 1179 3326 epistolam
1207 3258 1335 3310 inter
1358 3259 1774 3328 Augustinianas,
1798 3260 1888 3312 sub
1916 3275 2126 3315 numero
2151 3261 2239 3328 16,
2269 3272 2404 3316 torno
2434 3263 2648 3318 XXXIII
2674 3273 2861 3317 nostra:
2889 3263 3115 3329 Patrot.,
3144 3265 3244 3318 col.
3268 3265 3356 3318 8i.
3387 3264 3541 3319 Enn.

553 3365 3767 3422 Μ

1795 3482 1959 3527 ANNO
1991 3484 2221 3529 nouns!
2265 3472 2530 3530 occuli.

989 3622 3324 4008 MAMElilINUS.

770 4088 874 4148 DE
918 4087 1285 4150 AUCTORE
1329 4087 1812 4150 PANEGYBICI
1852 4089 1957 4149 ET
2001 4087 2162 4161 QUO
2204 4086 2581 4146 TEMPORE
2628 4087 2727 4148 AC
2772 4086 2981 4148 LOCO
3024 4088 3364 4151 HABITUS
3406 4091 3550 4152 SIT.

604 4228 973 4293 Mamertinus,
1002 4243 1032 4282 a
1060 4228 1271 4284 Juliano
1298 4228 1538 4298 Augusto
1568 4230 1753 4285 consul
1785 4229 1974 4296 factus,
2009 4229 2107 4284 hac
2134 4226 2178 4288 C
2215 4226 2519 4292 prazl'cctum
2546 4227 2796 4292 prmtorio
2820 4242 2912 4294 per
2938 4227 3226 4298 Illyricum,
3252 4230 3302 4283 iu
3331 4232 3480 4299 cujus
3503 4231 3804 4300 provincia:

536 4318 779 4375 bratione
808 4318 1032 4388 principi
1070 4320 1274 4388 gratias
1320 4319 1447 4387 agit.
1484 4320 1828 4375 Pronuntiata
1859 4330 1942 4375 est
1971 4335 2112 4375 anno
2160 4363 2166 4368 .

537 4406 734 4461 Lhristi
765 4405 888 4472 362,
918 4421 1061 4472 cum,
1098 4415 1153 4460 ut
1175 4422 1239 4461 ex
1284 4406 1434 4461 fastis
1472 4418 1730 4477 apparet,
1778 4394 2111 4463 consulatum

538 4505 747 4562 gereret
772 4494 957 4548 Nevita
989 4496 1216 4564 collega.
1247 4496 1377 4561 Quis
1423 4513 1583 4564 porro
1629 4497 1975 4553 Mamertinus
2025 4501 2114 4555 ille

539 4585 720 4649 fuerit,
752 4599 818 4638 ex
848 4600 950 4655 qua
995 4586 1159 4654 patria
1208 4587 1487 4653 oriundus,
1518 4588 1725 4652 nullibi,
1755 4590 1892 4658 quod
1924 4591 2110 4644 sciam.

542 4676 807 4744 proditum
837 4684 939 4730 est.
972 4676 1080 4744 Ego
1111 4675 1264 4731 facile
1292 4685 1470 4744 putem
1500 4678 1639 4733 hunc
1661 4680 1902 4734 Messnna
1933 4682 2116 4735 oriun-

539 4771 664 4821 dum
714 4767 912 4831 fuisse;
952 4767 1031 4821 sic
1058 4767 1201 4820 enim
1230 4767 1602 4823 Messanenses
1650 4781 1865 4838 propter
1894 4773 2117 4827 Mamer-

543 4859 680 4913 tiuos
730 4857 964 4925 hospitio
1009 4864 1264 4924 exceptos
1303 4855 1428 4909 dicti
1475 4868 1600 4911 sunt
1640 4859 1959 4914 Mamertini.
1992 4863 2118 4930 Ejus

543 4950 747 5005 mentio
788 4950 848 5002 fit
894 4950 948 5003 in
991 4948 1150 5003 variis
1180 4948 1311 5003 locis
1340 4948 1481 5018 apud
1512 4951 1870 5016 Ammianum,
1902 4952 1994 5006 lib.
2039 4969 2114 5018 vt,

543 5041 637 5096 lib.
668 5056 777 5103 xxx,
808 5038 899 5093 Iib.
927 5053 1076 5093 xxtu.
1110 5041 1283 5108 Atque
1308 5041 1467 5095 etiam
1494 5041 1606 5108 ipse
1634 5041 1701 5095 de
1729 5056 1787 5095 se
1817 5056 1921 5096 non
1951 5045 2119 5099 semel

544 5130 778 5200 loquitur
805 5132 906 5184 hoc
932 5130 983 5183 in
1013 5130 1366 5200 Panegyrico;
1406 5145 1472 5185 ex
1500 5132 1692 5194 quibus
1722 5128 1851 5187 locis
1873 5133 2118 5189 omnibus

545 5228 759 5277 cousrat
784 5219 1156 5273 Mamertinum
1206 5218 1514 5289 prmfectum
1560 5221 1750 5276 terario
1796 5224 1977 5291 fuisse,
2007 5233 2118 5280 tum

2220 4315 2682 4370 administratione
2711 4320 2984 4385 peculatus
3014 4336 3136 4374 reus
3162 4322 3437 4375 absolutus
3460 4332 3560 4384 est,
3589 4336 3652 4375 ac
3682 4331 3808 4376 tan-

2216 4406 2631 4461 demaJuliano
2671 4408 2858 4462 censul
2906 4409 3094 4465 factus.
3146 4415 3223 4464 An
3273 4428 3401 4465 vero
3452 4414 3808 4468 Mamertinus

2220 4499 2304 4552 hic
2347 4499 2486 4553 idem
2517 4499 2674 4553 fuerit
2700 4511 2860 4567 atque
2889 4501 2978 4556 ille
3007 4502 3093 4557 cui
3125 4503 3425 4574 panegyrici
3468 4503 3503 4556 2
3533 4512 3588 4557 ct
3615 4503 3649 4556 5
3685 4505 3805 4557 Ma-

2218 4594 2452 4647 ximiano
2502 4593 2627 4647 dicti
2659 4594 3042 4660 attribuuntur,
3077 4610 3248 4663 neque
3294 4596 3450 4650 velim
3503 4596 3807 4661 afﬁrmare,

2222 4691 2280 4736 ut
2320 4682 2387 4736 ad
2430 4682 2527 4737 h‘os
2559 4684 2907 4754 panegyricos
2943 4686 3255 4747 observavi,
3308 4695 3525 4754 promer
3569 4688 3812 4756 spatium

2225 4776 2558 4845 septuaginta
2589 4791 2852 4831 annorum
2881 4777 3020 4831 inter
3048 4777 3260 4831 illorum
3290 4788 3346 4833 et
3371 4778 3527 4846 hujus
3569 4794 3811 4850 panegyo

2227 4867 2325 4921 riti
2353 4879 2589 4935 tempora
2615 4883 2629 4932 ;
2654 4882 2825 4936 neque
2846 4868 3015 4921 ausim
3040 4882 3258 4936 prorsus
3289 4882 3504 4936 negare,
3533 4884 3653 4921 nam
3686 4877 3809 4923 tum

2223 4973 2346 5012 cum
2395 4956 2532 5012 hanc
2571 4959 2867 5012 orationem
2914 4957 3054 5011 dixit
3098 4956 3383 5011 admodum
3426 4974 3589 5012 senex
3637 4958 3813 5013 fuisse

2225 5048 2456 5117 videtur,
2487 5058 2543 5102 ut
2565 5058 2775 5103 constat
2800 5064 2868 5103 ex
2899 5062 3084 5117 paneg.
3116 5064 3263 5102 num.
3295 5050 3361 5103 l7
3390 5066 3403 5100 :
3430 5048 3536 5102 Sed
3562 5064 3595 5101 α
3619 5050 3814 5102 teneris

2224 5142 2370 5193 annis
2404 5142 2466 5193 ab
2500 5149 2650 5193 (etate
2693 5140 2881 5206 puerili
2911 5140 2978 5193 ad
3009 5138 3141 5193 hanc
3169 5156 3330 5209 usque
3355 5140 3591 5193 canitiem
3619 5156 3815 5194 consu-

2223 5230 2358 5285 latus
2378 5247 2549 5286 amare
2572 5232 2806 5301 ﬂagravi.

552 5342 3787 5372 mw

1720 5427 2086 5490 SYNOPSIS
2129 5430 2632 5492 PANEGYRICI.

1134 5544 1198 5598 IN
1229 5544 1553 5601 exonnto.
1762 5613 1783 5622 ο

622 5636 813 5693 Reddit
842 5635 1101 5691 rationem
1124 5649 1217 5691 cur
1246 5649 1345 5704 pro
1373 5637 1691 5705 praefectura
1715 5642 1886 5695 aerarii
1915 5650 1963 5696 et
1991 5657 2097 5711 przc

2241 5563 2354 5605 tura
2398 5567 2517 5606 cum
2569 5551 2779 5607 Iuliano
2826 5555 3132 5624 imperatori
3174 5553 3371 5623 gratias
3400 5552 3673 5625 hucusque
3704 5569 3819 5609 non

2241 5643 2407 5713 egerit
2434 5686 2447 5711 ,
2495 5642 2543 5696 id
2573 5659 2729 5713 agere
2758 5646 2940 5701 causul
2971 5645 3343 5715 aggrediatur.
3362 5644 3512 5711 Quod
3540 5660 3731 5715 nempe
3753 5643 3821 5701 in
