3948 6170
206 294 294 348 «809

832 292 1115 349 JULIANU
1154 295 1474 353 AUGUSTO
1511 298 1702 354 GRA'I‘.

1822 300 1918 357 UM
1963 303 2044 358 At}
2062 305 2157 361 1⁷10
2197 307 2329 362 PRO
2365 304 2789 363 CONSULATU.

3307 301 3409 355 419

206 403 436 473 prioribus
462 401 799 468 dignitatibus
830 407 1118 472 imperator
1142 415 1234 460 aut
1252 421 1360 462 sua:
1385 420 1475 463 aut
1506 412 1728 477 publieae
1760 417 1805 473 Α
1838 430 1981 467 num.
2023 417 2107 471 Η.
2140 419 2352 483 Castus,
2382 420 2432 472 in
2462 421 2649 473 castris
2696 429 2999 488 perpetuus,
3037 437 3182 476 num.
3218 424 3300 478 15.
3331 426 3416 478 Sic

204 491 416 544 utilitatis
441 492 686 543 rationem
721 492 919 547 habere
953 496 1118 549 videri
1151 499 1413 563 potuerit;
1458 500 1509 553 in
1541 516 1733 556 consu-

201 580 290 633 latu
317 595 433 633 vero
459 581 627 634 dando
649 582 765 647 ejus
796 590 1020 650 tantum,
1052 588 1136 640 cui
1166 586 1320 642 datus
1347 598 1450 643 est.

717 712 1167 774 DISTRIBUTIO.

253 821 411 874 Prima
462 822 615 890 hujus
659 825 917 879 orationis
962 836 1112 894 parte
1145 829 1481 897 imperatoris
1510 833 1732 888 virtutes

190 922 420 978 recuset,
445 912 608 966 altera
638 928 737 982 pro
765 925 984 985 accepto
1008 918 1284 973 consulatu
1314 922 1515 990 gratias
1544 924 1671 991 agit.

246 999 362 1052 Pars
388 1001 567 1067 priora.
590 1001 1034 1074 Perstringitejus
1055 1008 1326 1074 victorias,
1352 1020 1591 1078 receptas
1614 1012 1731 1081 ejus

187 1088 354 1143 virtute
379 1089 574 1144 Gallias
598 1131 614 1155 ,
664 1094 938 1147 subactam
970 1111 1106 1163 pene
1148 1114 1359 1153 omnem
1403 1101 1724 1168 barbariam,

184 1198 308 1235 num.
333 1184 382 1236 5.
410 1184 599 1237 lterum
622 1184 691 1238 de
713 1186 882 1241 Gallis
906 1196 1014 1241 tum
1037 1204 1063 1242 a
1089 1190 1434 1246 barbarorum
1460 1196 1725 1261 vastitate,

183 1281 272 1324 tum
297 1289 325 1325 a
348 1274 577 1338 judiCum
610 1276 800 1343 quibus
829 1278 1109 1335 subessent
1130 1285 1408 1350 tyrannide
1432 1296 1484 1340 et
1506 1290 1725 1341 avaritia

178 1364 368 1431 ereptis,
400 1364 605 1418 deletos
635 1366 950 1435 Germanos,
978 1370 1066 1439 jus
1098 1373 1402 1427 restitutum
1426 1417 1441 1440 ,
1472 1377 1727 1431 emcnda-

178 1462 244 1505 tos
285 1453 391 1519 ejus
436 1456 692 1510 virtutum
737 1461 982 1530 exemplo
1026 1478 1243 1531 mores,
1295 1482 1442 1520 num.
1493 1468 1545 1521 4.
1596 1472 1725 1534 Qua:

173 1544 323 1595 omnia
354 1546 541 1599 mirum
577 1560 833 1615 quantum
863 1566 891 1602 a
923 1551 1135 1607 Juliano
1179 1557 1546 1613 Constantium
1592 1561 1722 1616 alie.—

172 1635 340 1696 naanl,
374 1650 515 1689 num.
544 1637 601 1690 5.
634 1638 879 1694 Julianus
909 1642 958 1694 in
983 1644 1162 1698 medio
1195 1646 1389 1714 Illyrici
1418 1650 1533 1701 sinu
1566 1650 1721 1705 dere-

172 1736 304 1789 pente
324 1726 490 1793 ades't,
523 1728 613 1783 hic
642 1740 699 1783 et
721 1731 916 1799 ubique
945 1733 1132 1799 \ictor,
1179 1754 1234 1792 n.
1265 1738 1317 1792 6.
1350 1740 1540 1793 Istrum
1571 1744 1718 1797 navi-

168 1818 250 1870 bus
277 1823 585 1876 transcurrit
635 1824 983 1880 barbarorum
1035 1838 1240 1886 terrore
1286 1842 1456 1897 tanto,
1488 1844 1548 1889 ut
1590 1851 1716 1905 sup-

165 1908 304 1999 plices
347 1913 551 1965 veniam
608 1924 817 1982 petant,
868 1934 1013 1972 num.
1067 1922 1118 1975 7.
1162 1923 1242 1976 Ad
1283 1926 1533 1989 Adriani.
1578 1929 1715 1999 Tyr-

169 1998 355 2055 rhenum
376 2043 392 2067 ,
439 2004 742 2060 Mmotidem
791 2021 986 2079 pugnat
1015 2022 1066 2066 et
1107 2015 1286 2079 vincit,
1315 2016 1607 2087 Nicopolim
1628 1998 1715 2074 in

166 2102 369 2158 staurat,
417 2094 726 2151 Eleusinam
772 2110 825 2153 et
867 2101 998 2155 alias
1025 2104 1379 2170 Macedoniae,
1425 2109 1615 2179 Illyrici
1661 2121 1716 2166 et

165 2181 475 2249 Peloponnesi
540 2186 785 2244 civitates
847 2194 1114 2261 restituit,
1175 2211 1321 2251 num.
1391 2200 1442 2252 9.
1501 2200 1714 2256 Patiens

162 2274 324 2330 laboris
342 2277 541 2342 bellici,
567 2284 824 2337 castrensi
848 2285 969 2340 cibo
991 2296 1292 2353 contentus,
1310 2307 1453 2345 num.
1485 2294 1569 2346 12.
1597 2294 1707 2349 Sibi

159 2380 303 2434 asper,
325 2368 376 2422 in
401 2370 540 2425 alios
583 2372 777 2439 facilis,
800 2376 900 2430 sibi
947 2392 1158 2445 parcus,
1184 2381 1235 2435 in
1275 2383 1407 2436 alios
1447 2385 1702 2453 liberalis,

1842 519 2115 577 peragrata
2161 511 2394 565 victoriis
2424 510 2647 565 Thracia
2680 512 2747 566 de
2777 513 3098 567 sublevanda
3134 514 3291 568 Urbis
3324 532 3417 567 an-

1839 610 1994 650 nonae
2020 600 2238 666 penuria
2266 600 2480 668 cogitat,
2510 616 2656 654 num.
2694 602 2777 655 Η.

1908 684 2041 739 Pars
2069 690 2312 748 secunda.
2344 690 2685 759 Imperatoris
2716 691 2765 745 in
2799 706 2855 746 se
2884 693 3195 748 beneficium
3227 694 3412 761 ampli-

1837 775 1959 829 Iieat
1983 818 1998 842 ,
2041 779 2179 846 quod
2205 780 2539 834 consulatum
2569 784 2831 849 acceperit
2860 799 2963 844 non
2997 785 3236 851 meritus,
3271 785 3410 853 quod

1835 866 1886 921 in
1917 882 2121 921 summa
2168 871 2403 925 virorum
2447 872 2708 925 bonorum
2760 875 2909 939 cupio
2933 913 2947 936 ,
2979 875 3119 943 quod
3152 876 3408 928 minorem

1834 957 2200 1025 magistratum
2232 970 2416 1025 petens
2441 1000 2455 1025 ,
2494 962 2632 1030 quod
2663 962 2779 1015 sine
2822 963 3189 1032 largitionibus
3213 972 3268 1017 et
3295 979 3407 1016 aio-

1832 1044 2010 1100 biendi
2040 1046 2242 1111 labore,
2276 1050 2412 1116 quod
2441 1051 2492 1103 in
2521 1052 2664 1104 tenui
2696 1066 2754 1106 re
2780 1060 2834 1106 et
2862 1052 3131 1105 ambiendi
3162 1054 3403 1120 ignaras,

1831 1135 1938 1188 voti
1967 1152 2187 1202 compos
2216 1139 2326 1192 ﬁeri
2359 1157 2628 1209 nunquam
2660 1143 2940 1211 potuisset,
2972 1160 3118 1197 num.
3158 1145 3405 1209 I5.Quod

1835 1242 1946 1280 uno
1990 1229 2286 1299 eodemque
2317 1245 2456 1283 anno
2484 1234 2654 1284 :erarii
2683 1233 2876 1300 publici
2907 1249 3065 1299 cura,
3097 1236 3404 1303 pra'leetura

1829 1327 1885 1371 et
1929 1320 2207 1372 consulatu
2237 1321 2518 1388 insignitus
2548 1322 2637 1386 sit,
2674 1338 2819 1375 num.
2849 1324 2938 1376 ‘22.
2969 1323 3126 1376 Redit
3150 1324 3216 1376 ad
3256 1338 3405 1377 com-

1829 1408 2268 1464 memorationem
2295 1412 2548 1465 virtutum
2583 1413 2938 1481 imperatoris,
2972 1414 3123 1481 cujus
3150 1414 3198 1467 in
3227 1414 3404 1467 Iovem

1827 1500 1910 1553 dis
1940 1500 2130 1553 litteris
2173 1501 2595 1569 revocandisqne
2635 1504 2838 1556 artibus
2869 1503 3101 1556 studium
3134 1518 3404 1556 commcn—

1826 1588 1955 1653 dat,
2005 1605 2148 1642 num.
2195 1590 2296 1655 25;
2340 1592 2390 1644 in
2421 1593 2659 1644 omnium
2689 1593 2882 1645 animis
2911 1594 3010 1646 sibi
3055 1593 3403 1647 conciliandis

1828 1679 2179 1742 industriam,
2224 1697 2368 1733 num.
2418 1683 2519 1744 23’;
2562 1684 2612 1733 in
2646 1683 2905 1750 eligendis
2936 1684 3125 1736 amicis
3173 1685 3402 1750 pruden-

1748 1772 1791 1829 B
1823 1772 1967 1835 tiam,
1993 1774 2044 1825 in
2070 1772 2283 1826 eosdem
2317 1774 2493 1838 tidem,
2522 1788 2669 1827 num.
2694 1773 2791 1837 26;
2826 1775 2874 1825 in
2904 1788 3112 1826 summo
3140 1773 3400 1826 honorum

1821 1867 1970 1930 apice
2014 1863 2329 1916 modestiam
2356 1904 2370 1925 ,
2422 1866 2473 1915 in
2505 1864 2871 1917 condonandis
2916 1864 3124 1931 injuriis
3169 1865 3398 1917 elemen-

1823 1956 1988 2021 tiam,
2025 1970 2170 2007 num.
2220 1956 2318 2019 9.7;
2362 1971 2424 2008 ac
2474 1956 2739 2023 praecipue
2789 1957 3107 2026 singularem
3156 1957 3205 2011 in
3249 1971 3308 2010 se
3346 1967 3395 2009 et

1819 2047 2076 2116 collegam
2113 2048 2515 2101 humanitatem.

2467 2164 2531 2217 IN
2573 2162 2749 2217 FINE.

1893 2296 2129 2364 Denique
2154 2299 2353 2366 accepti
2389 2313 2416 2349 a
2451 2306 2596 2350 tanto
2643 2299 2962 2365 imperatore
2992 2295 3233 2348 1›ι·ιιιι[ἰιεὶί
3266 2312 3393 2346 nun-

1816 2403 1972 2456 quatn
2002 2389 2234 2443 futurum
2262 2405 2318 2443 se
2351 2393 2712 2443 immemorem
2745 2388 3038 2455 pollicetur,
3060 2404 3199 2439 ntun.
3232 2387 3319 2438 3i.

172 2500 2046 2532 ___.______._________________

1082 2618 2372 2787 MAMERTIN
2391 2631 2475 2781 Ι

802 2880 2003 3030 GRATIARUM
2082 2885 2698 3032 ACTIO

1252 3126 1682 3217 JULIANO
1731 3127 2239 3206 AUGUSTO.

196 3392 229 3452 Ι.
259 3392 363 3447 Etsi
389 3393 506 3447 seio
556 3398 632 3456 te,
678 3391 990 3458 imperator,
1020 3397 1074 3442 et
1092 3394 1315 3442 cunctos
1338 3396 1363 3423 ιι
1390 3387 1478 3455 qui
1518 3386 1695 3440 consi-
1724 3389 1768 3450 C
1802 3403 1887 3442 mc
1918 3390 2064 3456 prius
2111 3390 2449 3454 honestaras,
2482 3389 2659 3443 minor
2702 3402 2820 3444 esse
2859 3404 3015 3444 causa
3045 3392 3108 3444 ad
3150 3394 3377 3455 agendas

140 3484 244 3534 lium
277 3491 425 3535 tuum
471 3480 798 3550 participant
830 3493 987 3545 posse
1027 3478 1206 3530 mirari
1245 3476 1383 3546 quod
1420 3491 1560 3529 nunc
1598 3476 1692 3529 de-

137 3587 256 3624 niunr
298 3573 498 3641 gratias
531 3586 692 3638 agere
727 3583 955 3622 exorsus
984 3583 1125 3631 sum,
1166 3568 1317 3635 quasi
1348 3566 1602 3620 beneﬁcia
1643 3567 1692 3618 in

135 3677 205 3715 ore
226 3672 306 3715 tua
331 3665 347 3693 ‘
376 3662 649 3729 cmperint
676 3676 705 3713 a
728 3659 1025 3723 consulatu,
1070 3658 1275 3711 fatebor
1296 3668 1469 3711 tamen
1497 3655 1524 3693 δ
1552 3656 1692 3725 quod

136 3750 303 3819 ingenii
335 3753 514 3823 (cujus
556 3766 642 3805 me
670 3750 913 3819 pmnilcl)
942 3750 1212 3812 conscius,
1255 3750 1413 3804 etiarn
1442 3763 1583 3802 nunc
1615 3760 1690 3800 ta-

131 3858 233 3897 cere
260 3847 580 3907 voluissem,
628 3851 683 3896 et
712 3856 1069 3911 prorumpens
1114 3842 1235 3895 licet
1269 3841 1426 3910 hujus
1457 3842 1693 3895 muneris

130 3935 352 3999 gaudium
383 3935 528 3988 intra
552 3948 762 3987 arcanae
789 3932 985 3986 laetitiae
1006 3933 1385 3987 coxiscientiam
1416 3947 1687 3985 coercere.

127 4023 213 4077 Sed
242 4026 351 4079 sive
374 4039 623 4079 errorem
655 4033 918 4087 nostrum,
973 4026 1086 4077 sive
1114 4024 1395 4077 consilium
1442 4032 1692 4091 congesta

128 4121 172 4165 et
195 4125 506 4169 coacervata
540 4114 590 4166 in
624 4128 789 4166 unum
822 4111 1079 4166 beneﬁcia
1138 4112 1410 4175 vicerunt;
1459 4111 1692 4175 atquein

126 4202 169 4256 id
204 4204 529 4273 redegerunt
554 4214 576 4241 ο
603 4203 939 4258 necessitatis
968 4201 1297 4271 ambiguum,
1348 4211 1405 4255 ut
1449 4201 1577 4254 mihi
1604 4209 1695 4254 aut

126 4294 369 4360 indiserti,
393 4305 487 4350 aut
513 4296 704 4365 ingrati
728 4305 872 4349 esset
896 4295 1032 4347 fama
1059 4296 1329 4346 subeunda
1359 4312 1371 4346 :
1400 4293 1556 4346 malui
1580 4294 1692 4345 elo—

125 4385 378 4453 quentiam
418 4386 602 4453 potius
630 4399 788 4453 quam
822 4386 1070 4453 pietatem
1100 4400 1222 4453 erga
1271 4394 1321 4437 te
1352 4382 1690 4449 ol‘liciumqne

126 4492 283 4530 meum
311 4477 633 4531 desiderari.
684 4477 750 4529 Et
793 4490 924 4531 sane
970 4477 1021 4529 in
1064 4475 1146 4529 bis
1176 4476 1470 4529 honoribus
1496 4475 1689 4543 quibus

186 4590 201 4620 ί
230 4590 343 4643 iam
387 4589 741 4643 Mamertinus
789 4589 959 4642 aerarii
1008 4589 1376 4651 prtefertnram
1416 4602 1442 4638 a
1471 4587 1683 4641 Iuliano
1713 4593 1766 4652 ι)

127 4662 340 4727 Angusto
367 4668 675 4727 acceperat,
715 4658 823 4726 jam
858 4660 1107 4726 prrctorio
1138 4675 1229 4726 per
1259 4658 1520 4726 Illyricum
1551 4672 1682 4720 pra:-

126 4731 273 4783 leetus
319 4730 527 4793 fuerat,
574 4742 693 4781 cum
739 4729 1049 4781 consulatus
1096 4728 1257 4781 veluti
1306 4736 1382 4779 tot
1422 4727 1682 4778 honorum

122 4799 347 4855 eantulus
387 4798 636 4853 accessit.
683 4797 859 4864 Quare
906 4801 1060 4857 intra,
1109 4814 1256 4850 num.
1288 4799 1349 4850 2|
1392 4812 1406 4849 :
1440 4796 1567 4848 Cum
1607 4812 1685 4849 me

124 4880 307 4936 propter
332 4867 595 4922 tantillum
638 4868 938 4921 innocentia:
964 4868 1199 4921 meritu’m
1228 4883 1328 4919 uno
1369 4867 1420 4920 in
1449 4882 1584 4918 anno
1615 4876 1686 4919 ter

126 4939 272 4991 rideat
297 4939 623 4992 honoratum.
1342 4956 1352 4966 ο

183 5010 201 5039 ¹
230 5010 281 5062 Μ
311 5019 415 5074 est,
450 5009 715 5074 publicam
742 5008 1020 5074 pecuniam
1054 5006 1105 5060 in
1134 5006 1348 5062 Saturni
1379 5005 1579 5072 templo
1603 5019 1686 5058 re-

123 5079 353 5143 positam.
400 5079 604 5131 [ΕΙ-πῆ
647 5077 929 5145 pratici-tos
963 5080 1029 5130 ab
1052 5078 1292 5145 Angusto
1336 5075 1562 5145 primum
1598 5076 1682 5126 in-

123 5094 353 5143 positam.
400 5094 604 5131 noram
683 5094 929 5131 rccter-tos
963 5094 1029 5130 ou
1052 5094 1292 5145 Atlgttsm
1336 5094 1562 5142 primum
1598 5094 1682 5126 m-

120 5149 329 5269 giizutg;
364 5148 590 5269 aldvdunt,
637 5094 924 5203 guetonius
973 5148 1026 5199 in
1057 5148 1307 5216 Augusto,
1349 5160 1467 5212 cap.
1499 5144 1587 5206 49,
1630 5153 1686 5197 et

164 5219 229 5271 io.
259 5218 347 5271 lib.
382 5233 471 5271 ιν.

184 5286 204 5316 ³
232 5286 391 5352 Vere,
422 5303 491 5341 an
512 5286 742 5362 injuria?
770 5287 912 5362 haud
950 5287 1062 5362 scio
1112 5283 1483 5362 Mamertinum
1523 5296 1680 5362 pecu-

120 5352 247 5410 latus
287 5372 442 5411 reum
487 5352 838 5413 ab'Avitiano
883 5358 1115 5410 delatum
1169 5355 1326 5408 tradit
1371 5353 1682 5406 Ammianus

117 5425 202 5478 lib.
230 5441 393 5480 xxv".
684 5458 695 5461 -

1801 3482 1999 3547 gtatias
2029 3481 2323 3536 ridebatur.
2368 3484 2498 3536 Nam
2525 3498 2644 3536 cum
2678 3498 2762 3537 me
2782 3486 2801 3513 ³
2829 3485 3077 3537 aerarium
3109 3485 3375 3553 publicum

1802 3586 1991 3625 curate
2018 3572 2253 3635 voluisti,
2302 3587 2423 3626 cum
2470 3587 2743 3641 qumreres
2775 3573 2943 3626 virum
2992 3575 3153 3627 animi
3200 3577 3375 3641 magni

1801 3660 2057 3714 adversus
2100 3662 2401 3728 pecuniam,
2458 3662 2608 3716 liberi
2659 3663 2916 3715 adversus
2956 3664 3210 3729 offensas,
3243 3678 3377 3717 Cott-

1799 3752 1989 3803 stantis
2019 3750 2279 3804 adversus
2300 3750 2575 3818 invidiam,
2609 3768 2714 3814 me,
2743 3753 2854 3817 ³.ίυὶ
2889 3754 2980 3805 tibi
3012 3753 3215 3807 viderer
3239 3754 3375 3819 ejus-

1801 3841 1968 3903 modi,
2021 3840 2262 3910 delegisti
2310 3859 2322 3893 :
2367 3842 2526 3911 idque
2565 3857 2629 3896 eo
2672 3851 2909 3910 tempore
2959 3858 3061 3910 quo
3107 3844 3377 3898 exhaustai

1800 3931 2087 4001 provincia:
2136 3932 2329 3999 partim
2377 3931 2773 3999 depraedationis
2820 3931 3127 3994 barbarica,
3185 3933 3373 4000 partim

1799 4037 1904 4075 non
1936 4022 2113 4074 minus
2156 4021 2513 4074 exitiabilibus
2558 4037 2715 4089 quam
2774 4022 3035 4088 pudendis
3088 4023 3375 4089 pra-sideri.

1800 4111 1926 4165 tium
1976 4111 2175 4180 rapinis
2225 4112 2364 4165 ultro
2413 4127 2567 4179 opem
2617 4111 2954 4179 imperatoris
2998 4128 3371 4182 exposcerent,

1798 4200 1991 4252 milites
2034 4215 2178 4267 smpc
2224 4203 2484 4254 anteactis
2532 4202 2862 4268 temporibus
2908 4204 3033 4255 ludo
3062 4204 3370 4257 babiticum

1802 4308 2034 4360 prazsens
2058 4294 2377 4363 stipendium
2397 4294 2718 4362 ﬂagitarent,
2739 4311 2949 4363 quoquo
2975 4296 3133 4348 modo
3159 4296 3372 4349 \idebar

1800 4384 2054 4437 honorem
2084 4400 2248 4438 onere
2280 4400 2524 4452 pensare.
2557 4385 2622 4437 At
2649 4400 2769 4439 cum
2800 4401 2883 4438 me
2910 4384 2930 4413 δ
2955 4384 3215 4451 praetoriis
3240 4402 3371 4454 pim-

1801 4476 1992 4540 fecisti,
2016 4486 2072 4531 et
2104 4477 2407 4545 provincias
2437 4477 2503 4531 de
2532 4487 2583 4532 te
2606 4478 2817 4547 egregie
2850 4477 3067 4532 meritas
3086 4493 3219 4532 mea:
3250 4479 3370 4533 ﬁdei

1861 4589 1882 4620 ‘
1914 4589 2052 4644 Ante
2097 4590 2433 4645 Constantini
2485 4602 2721 4659 tempora
2780 4591 3062 4660 pravfectns
3118 4598 3369 4658 prtctor‘n

1789 4659 2085 4723 dicebatur,
2116 4660 2206 4728 qui
2235 4661 2491 4715 militibus
2522 4661 2584 4714 iis
2613 4659 2860 4727 praeerat,
2902 4675 3034 4728 quos
3078 4661 3367 4728 imperator

1789 4732 1841 4782 in
1872 4730 1951 4781 sui
1983 4731 2278 4785 custodiam
2319 4733 2593 4801 allegcrat.
2626 4732 2911 4800 Postquam
2946 4746 3071 4784 vero
3106 4734 3364 4797 pra-terim

1789 4801 2038 4853 cohortes
2064 4801 2441 4868 proMaxentio
2464 4803 2644 4854 turbas
2661 4806 3000 4863 excitassent,
3028 4810 3146 4868 po~t
3170 4816 3365 4855 Cat'snttt

1790 4877 2094 4940 tyrannum,
2150 4873 2262 4925 lucc
2295 4873 2523 4940 dignitas
2569 4873 2778 4939 penitus
2801 4887 2827 4922 a
2855 4870 3207 4923 Constantino
3235 4874 3334 4925 sub

1790 4939 1892 4990 lata
1917 4949 2021 5005 est,
2045 4952 2098 4994 et
2129 4944 2261 4995 orbe
2292 4939 2529 4995 Romano
2565 4943 2614 4993 in
2650 4951 2875 5009 quatuor
2904 4950 3079 5005 partes
3109 4956 3199 4992 seu
3228 4941 3362 4994 dite-

1788 5010 2155 5081 cesesdiviso,
2206 5022 2436 5081 quatuor
2468 5010 2641 5077 praufc.
2666 5013 2700 5063 ti
2750 5011 2999 5078 prmtorio
3043 5012 3228 5081 creati,
3274 5011 3362 5077 qui

1789 5079 2010 5147 singulis
2034 5079 2317 5147 praeessent
2342 5096 2593 5148 :qnurum
2620 5096 2754 5133 unus
2774 5082 3025 5148 pra-torio
3048 5079 3361 5139 Galliarum.

1787 5146 1927 5201 alter
1956 5146 2204 5216 prJr-torin
2234 5146 2413 5211 Italiae,
2444 5151 2632 5203 tertius
2674 5146 2920 5213 praetorio
2960 5146 3173 5215 Illyrici,
3204 5165 3362 5215 quar-

1790 5224 1873 5269 tus
1904 5219 2151 5284 primario
2178 5220 2410 5273 Orientis
2439 5218 2719 5286 pra-lectus
2749 5217 3042 5270 tiiCt'blilll‘.
3093 5217 3135 5268 Μ
3157 5218 3357 5270 nnerti-

1788 5302 1914 5357 num
1962 5289 2264 5349 pra-lectum
2313 5288 2563 5352 prastorio
2613 5304 2707 5356 per
2755 5286 3025 5357 Illyricum
3074 5286 3237 5340 fuisse
3285 5286 3359 5337 ait

1789 5355 2102 5410 Ammianus
2132 5358 2224 5411 lib.
2257 5374 2386 5412 xxii.

1449 5511 2002 5569 INTERPRETATIO

178 5615 206 5673 β
233 5607 334 5673 Qui
364 5607 455 5660 tibi
481 5617 593 5661 sunt
618 5624 648 5659 a
678 5606 926 5661 consiliis.

175 5672 204 5715 ⁵
230 5672 382 5743 Quod
400 5680 627 5732 conscius
651 5678 923 5733 tenuitatis
944 5675 1130 5746 ingenii
1151 5676 1249 5729 mei
1266 5677 1410 5744 cujus
1430 5690 1506 5727 me
1526 5674 1681 5744 piget.

1868 5616 1888 5643 ε
1922 5604 2248 5659 Neceuitatis
2277 5606 2556 5676 angustias.
