4048 6184
203 287 299 340 H3

849 279 1134 337 JULIANO
1174 278 1493 336 AUGUSTO
1531 273 1944 335 GRA'I‘IARUM
1983 273 2186 330 ACTIO
2223 273 2358 328 PRO
2396 272 2830 330 CONSULATU.

3381 277 3481 331 4M

201 393 453 451 barbaros
483 389 705 444 domitet
731 434 745 457 ,
778 399 867 442 aut
892 389 1098 443 civibus
1123 389 1242 457 jura
1278 390 1559 454 restituat,
1593 401 1781 456 perpe-
1810 388 1860 445 Δ
1891 385 2153 440 tientiam.
2185 385 2364 454 Itaque
2389 399 2510 439 cum
2543 386 2564 416 ³
2595 386 2645 438 in
2677 385 2792 453 ipso
2823 381 3097 439 molimine
3132 386 3485 453 oppressisset

203 497 342 537 tuum
373 481 647 550 professus
679 488 771 534 aut
797 489 980 534 contra
1015 479 1222 534 hostem
1251 517 1268 544 ,
1318 488 1408 533 aut
1436 487 1623 533 contra
1656 478 1788 532 vitia

202 583 490 627 certamen.
1767 573 1778 581 ’

267 664 332 716 V.
374 662 470 715 Ila:
499 675 658 715 voces
688 660 900 714 fuerunt
923 660 990 712 ad
1020 659 1396 714 inﬂammanda
1426 659 1544 713 odia
1580 657 1791 726 probris

203 755 448 809 omnibus
480 754 833 822 potentiores.
875 753 928 806 Si
958 753 1099 806 enim
1128 752 1464 806 comminisci
1493 752 1667 821 aliqua
1699 751 1793 804 lla-

201 845 320 913 gitia
346 851 665 909 tentassent,
691 842 848 896 facile
871 843 986 908 ipso
1013 843 1299 910 splendore
1329 843 1498 895 laudis
1527 853 1579 894 et
1607 841 1792 909 gloria:

200 935 582 989 refutareutur.
626 935 951 987 Invenerunt
989 931 1275 985 accusandi
1305 946 1472 1000 genus
1499 931 1640 1000 quod
1672 931 1793 984 nul-

201 1028 276 1080 lus
306 1027 603 1082 refelleret.
644 1027 747 1081 Sed
778 1025 928 1095 quid,
958 1039 1055 1078 oro
1077 1038 1190 1091 vos,
1223 1026 1515 1093 principem
1550 1033 1789 1079 nostrum

203 1118 380 1172 facere
421 1117 676 1172 debuisse
717 1116 991 1170 censetis?
1041 1115 1309 1169 Romanas
1354 1117 1513 1170 urbes
1552 1115 1792 1170 hostibus

200 1210 461 1272 dederet,
502 1223 569 1263 ne
607 1209 844 1261 animum
889 1206 1064 1260 fratris
1102 1206 1436 1261 offenderet?
1485 1207 1793 1261 Provincias

201 1300 536 1353 tirmissimas
557 1339 571 1362 ,
606 1298 1019 1366 utilissimusque
1049 1297 1354 1365 reipublicm
1382 1295 1484 1350 sub
1513 1296 1790 1350 obtutibus

200 1392 306 1441 ius
334 1390 516 1442 vexari
545 1403 606 1442 ac
634 1387 793 1456 diripi
837 1387 1060 1455 sineret,
1094 1403 1161 1440 ne
1187 1387 1315 1455 quid
1347 1387 1620 1455 Augustus
1649 1386 1789 1455 quod

200 1482 368 1535 nollet
396 1482 649 1535 audiret?
697 1481 936 1549 Flagitiis
969 1480 1458 1534 administrantium
1493 1495 1598 1534 non
1633 1482 1792 1535 modo

199 1575 343 1626 frena
377 1573 619 1637 laxaret,
663 1571 758 1625 sed
789 1573 949 1625 etiam
981 1571 1285 1625 stimulator
1323 1571 1679 1637 accenderet,
1724 1587 1791 1626 ne

198 1663 340 1718 inter
385 1663 657 1730 principes
696 1661 894 1716 faceret
924 1676 1134 1714 morum
1177 1661 1556 1715 dissimilitudo
1584 1662 1793 1716 discor-

1893 474 2266 530 Alamanniam
2308 477 2693 542 rebellantem,
2723 480 2813 547 qui
2851 477 3006 546 paulo
3036 487 3160 533 ante
3193 490 3214 516 °
3248 479 3481 536 inaudita

1895 569 2193 636 regionum,
2228 567 2514 622 fluviorum
2538 611 2552 631 ,
2585 570 2846 623 montium
2877 571 3088 624 nemina
3127 573 3367 626 exercitu
3403 575 3482 628 vi-

1892 673 2042 716 etore
2100 671 2515 730 peragraverat,
2565 675 2659 730 per
2715 661 2900 715 ultima
2954 660 3185 715 ferarum
3244 664 3480 731 gentium

1894 773 2055 825 regna
2083 801 2097 823 ,
2130 757 2333 810 calcata
2371 771 2555 824 regum
2591 756 2764 823 capita
2809 755 3155 823 supervolans
3176 796 3190 818 ,
3219 755 3270 808 in
3305 757 3482 811 medio

1893 849 2088 918 lllyrici
2144 849 2260 901 sinu
2325 848 2644 914 improvisus
2694 845 2961 914 apparuit.
3012 844 3252 897 Vidimus
3301 845 3481 901 felices

1894 945 2034 1000 illius
2071 941 2298 996 comites
2327 942 2426 993 via:
2458 948 2772 1005 stupentes,
2804 939 3019 990 urbium
3057 937 3282 1006 populos
3322 937 3479 990 dubi-

1896 1042 2038 1088 tasse
2075 1031 2298 1086 credere
2324 1045 2442 1098 qure
2473 1029 2745 1082 videbant.
2775 1027 2889 1082 Non
2929 1028 3082 1081 aliter
3115 1038 3480 1083 consternatus

1893 1126 2128 1180 arbitror
2162 1132 2349 1189 gentes
2373 1136 2490 1190 qua:
2528 1120 2834 1187 prolapsum
2863 1119 3003 1172 ccelo
3025 1134 3285 1186 excepere
3315 1121 3334 1152 ⁹
3361 1119 3478 1171 Pal-

1892 1218 2113 1272 ladium.
2146 1214 2412 1282 Virgines,
2441 1211 2612 1278 pueri,
2645 1209 2870 1271 feminrn,
2907 1208 3144 1261 tremula:
3168 1223 3321 1273 anus,
3357 1207 3478 1260 titu-

1892 1308 2085 1362 bantes
2117 1319 2274 1361 senes
2300 1305 2340 1334 ¹⁰
2364 1319 2471 1357 non
2503 1304 2622 1356 sine
2652 1315 2847 1369 magno
2869 1300 3076 1352 attoniti
3109 1300 3334 1354 horrore
3363 1315 3479 1353 cer-

1895 1399 2092 1451 nebant
2133 1397 2510 1464 imperatorem
2551 1394 2761 1459 longam
2795 1392 2935 1444 viam
2976 1391 3076 1444 sub
3115 1391 3354 1458 gravium
3396 1406 3480 1443 ar-

1894 1504 2100 1543 morum
2119 1501 2284 1541 onere
2303 1493 2630 1547 currentem,
2655 1484 2990 1552 properantis
3011 1483 3303 1536 anhelitum
3319 1481 3343 1519 ἀ
3364 1485 3481 1540 sine

1893 1594 2054 1632 sensu
2104 1576 2434 1631 lassitudinis
2468 1618 2484 1643 ,
2533 1574 2834 1629 crebriores
2883 1573 3140 1628 sudorum
3193 1577 3335 1628 rivos
3390 1591 3482 1642 per

1895 1665 2050 1721 fortia
2091 1666 2228 1720 colla
2269 1675 2579 1730 manantes,
2611 1673 2666 1718 et
2695 1674 2717 1700 ⁸
2750 1665 2890 1717 inter
2920 1663 3066 1717 illum
3113 1664 3353 1732 pulveris
3395 1666 3482 1735 qui

200 1753 378 1808 diam?
413 1753 659 1808 Nobilem
699 1753 714 1782 ¹
751 1751 978 1806 Etruria:
1009 1751 1403 1806 adolescentem
1433 1750 1638 1816 ferunt,
1666 1766 1787 1805 cunt
1818 1747 1864 1806 B
1897 1757 2116 1812 barbam
2159 1766 2214 1810 et
2247 1757 2499 1826 capillum
2531 1764 2779 1810 onerarat
2810 1756 3088 1809 horrorem
3134 1759 3382 1812 micantia
3413 1760 3482 1812 si-

201 1856 415 1916 propter
442 1847 694 1900 eximiam
736 1845 920 1899 forma:
957 1843 1269 1914 dignitatem
1309 1844 1601 1898 multarum
1642 1845 1692 1896 in
1731 1858 1792 1898 se

203 1938 518 1993 feminarum
552 1952 760 1990 amores
792 1935 1094 1999 excitaret,
1138 1935 1326 1990 faciem
1372 1949 1520 1990 suam
1562 1935 1626 1988 ad
1659 1935 1794 1989 obli-

207 2030 476 2083 terandam
508 2029 956 2098 pulchritudinem
1001 2027 1309 2082 vulneribus
1346 2028 1637 2083 sauciasse.
1685 2027 1791 2082 Sed

204 2121 346 2175 facile
386 2121 487 2174 fuit
523 2120 710 2189 juveni
749 2119 991 2187 dignitati
1039 2119 1280 2186 corporis
1328 2119 1576 2172 decorem
1627 2116 1790 2171 animi

207 2212 526 2280 pra'ponenti
557 2220 612 2264 et
639 2211 923 2264 candorem
956 2210 1274 2264 deColorare
1295 2250 1311 2275 ,
1344 2221 1396 2266 et
1421 2211 1530 2264 oris
1561 2210 1788 2264 nitorem

205 2303 302 2356 alte
322 2302 599 2370 impressis
621 2301 958 2356 cicatricibus
978 2303 998 2332 ¹
1020 2301 1393 2356 devenustare.
1426 2302 1558 2354 Num
1588 2301 1788 2370 aliquid

206 2393 500 2461 hujusmodi
550 2392 807 2446 adversus
854 2407 1091 2446 amorem
1137 2393 1330 2447 civium
1379 2391 1559 2446 facere
1605 2392 1789 2446 debuit

206 2484 470 2539 Julianus?
496 2487 576 2540 Ac
607 2499 676 2539 ne
709 2485 875 2552 potuit
908 2484 1157 2553 quidem;
1202 2485 1300 2537 nisi
1333 2484 1470 2538 forte
1510 2485 1784 2538 existima-

207 2592 316 2630 mus
343 2578 608 2645 patientes
639 2577 914 2630 vulnerum
949 2575 1146 2629 formas
1176 2590 1296 2630 esse
1326 2575 1602 2630 virtutum.
1631 2575 1787 2630 Scili-

207 2678 280 2722 cet
309 2678 362 2721 et
397 2666 690 2721 candorem
729 2665 995 2735 azquitatis
1043 2665 1213 2734 potuit
1258 2665 1584 2719 obumbrare
1609 2709 1623 2732 ,
1668 2674 1721 2720 ct
1755 2679 1785 2719 a

207 2758 548 2826 temperantia
604 2765 629 2791 α
685 2771 972 2824 purpuram
1041 2756 1210 2808 sancti
1276 2755 1486 2809 ruboris
1545 2757 1783 2822 abolere,

205 2846 222 2878 ³
250 2849 421 2902 vicem
482 2846 807 2900 fortitudinis
851 2847 1081 2915 indignis
1122 2845 1409 2901 confodere
1455 2847 1784 2914 vulneribus,

205 2953 382 2992 eruere
422 2939 607 2992 oculos
647 2937 1034 3006 providentize!
1082 2936 1287 2991 Deinde
1327 2937 1427 2991 nisi
1475 2937 1565 2992 ille
1601 2938 1784 2992 adole-

202 3043 351 3083 seens
378 3044 619 3082 severam
664 3042 878 3081 manum
932 3028 1159 3096 propriis
1213 3028 1445 3082 vuitibus
1495 3027 1780 3092 intulisset,

207 3096 361 3174 ‘dies
398 3132 452 3174 et
482 3136 629 3174 mora
656 3163 671 3187 ,
711 3135 816 3174 non
850 3120 1004 3190 longa
1048 3120 1224 3174 aetatis
1271 3120 1544 3176 successio
1572 3135 1786 3176 omnem

195 3214 345 3268 illum
384 3214 574 3268 florem
617 3215 859 3283 corporis
904 3216 1239 3282 peremisset.
1272 3215 1292 3246 ⁸
1332 3218 1400 3271 At
1428 3215 1480 3270 in
1504 3216 1787 3270 virtutibus

198 3303 456 3372 principis
484 3305 652 3358 nostri
675 3313 874 3373 quanto
903 3312 1036 3360 aetas
1067 3305 1342 3375 prolixior,
1376 3314 1522 3360 tanto
1554 3307 1787 3376 pulchri-

198 3395 325 3449 tudo
353 3396 722 3464 prmstantior.

265 3486 352 3541 VI.
386 3487 536 3541 Mitto
557 3495 804 3541 cunctam
837 3486 1137 3541 barbariam
1165 3486 1428 3542 adversus
1461 3488 1482 3519 ⁸
1514 3488 1780 3543 vindicem

199 3577 455 3632 Romamre
497 3578 757 3632 libertatis
799 3579 850 3632 in
889 3593 1037 3631 arma
1094 3591 1442 3646 commotam,
1500 3591 1790 3650 gentesque

205 3663 224 3692 ⁷
246 3683 439 3722 recens
474 3669 638 3722 victas
668 3678 722 3722 et
753 3669 1011 3722 adversus
1051 3669 1240 3738 jugum
1283 3686 1452 3737 nuper
1483 3671 1790 3738 impositum

199 3759 413 3811 eet-vice
453 3757 611 3810 dubia
647 3768 1026 3823 contumaces,
1057 3756 1083 3795 δ
1117 3760 1167 3811 iu
1213 3759 1510 3813 redivivum
1556 3760 1788 3814 furorem

199 3845 444 3902 nefandis
483 3847 714 3901 stimulis
753 3848 1039 3901 excitatas.
1075 3847 1204 3914 Quae
1243 3849 1422 3902 omnia
1466 3850 1787 3904 obstinatam

199 3948 247 3992 et
292 3939 617 3994 immobilem
660 3939 916 4009 principis
953 3941 1170 3994 maximi
1221 3942 1432 3996 tandem
1477 3943 1653 3998 vicere
1697 3960 1789 4014 pa—

273 4051 390 4122 ‘__Is
420 4052 652 4119 Spurina
696 4052 823 4118 fuit,
866 4060 926 4106 ut
969 4052 1194 4121 margini
1223 4053 1548 4122 adscriptum
1580 4057 1790 4121 reperio

199 4121 245 4189 in
285 4119 574 4174 Viennensi
613 4123 868 4176 editione.
910 4119 1110 4189 Quam_
1135 4119 1416 4177 historiam
1464 4127 1578 4178 fuse
1625 4119 1788 4181 refert

201 4187 380 4243 \‘aler.
412 4191 669 4260 Slaximus
695 4192 784 4245 lib.
814 4208 884 4256 tv,
917 4187 1036 4260 cap.

265 4263 284 4290 ³
334 4261 449 4314 Vox
500 4275 530 4313 a
567 4259 738 4315 Gellio
781 4259 1032 4332 usurpata
1070 4276 1166 4330 pro
1196 4275 1261 4316 eo
1303 4263 1446 4332 quod
1495 4273 1577 4318 est
1615 4267 1788 4319 detur-

203 4346 340 4396 pare.

269 4399 478 4474 ’-μεθ-ᾳὲ
505 4415 627 4453 cum
656 4400 856 4474 ‘Lipsio
893 4402 1131 4456 cervicem
1166 4405 1476 4474 fortitudinis
1515 4420 1534 4457 :
1579 4421 1699 4459 nam
1734 4415 1790 4460 ut

206 4470 275 4520 ait
303 4469 397 4544 ille
427 4470 519 4522 lib.
567 4485 621 4523 ttt
655 4471 904 4538 Epistol.,
939 4483 1126 4544 quast.
1161 4469 1230 4529 ‘24
1253 4520 1266 4540 ,
1302 4478 1353 4528 in
1385 4478 1571 4527 cervice
1605 4477 1677 4528 vis
1717 4478 1793 4544 fe-

208 4540 349 4610 rendi
372 4549 417 4591 et
433 4556 703 4592 nervorum
719 4552 1012 4594 conventus.
1039 4542 1403 4606 Mamertinus,
1428 4560 1610 4610 supra,
1640 4540 1785 4600 nnin.

209 4605 266 4667 5,
300 4611 397 4688 nisi
443 4613 574 4677 forte
615 4612 966 4664 existimamur
1010 4617 1253 4679 patientes
1299 4605 1558 4668 vulnerum
1599 4605 1792 4684 formas

210 4693 310 4729 ηδε
339 4690 598 4731 uirtutum.

277 4746 299 4775 ⁸
327 4747 459 4812 Quid
488 4751 531 4801 si
565 4750 803 4820 legamus
832 4765 952 4804 cum
980 4752 1220 4807 Acidalio
1257 4772 1269 4807 :
1307 4754 1422 4806 Dies
1454 4764 1498 4808 et
1526 4771 1666 4808 mora
1693 4773 1791 4809 non

214 4814 384 4881 longa,
412 4821 577 4871 aetatis
602 4814 937 4873 successione.

282 4887 302 4914 ⁵
331 4889 393 4937 At
423 4890 553 4940 enim
580 4891 631 4942 in
661 4890 946 4943 virtutibus.
983 4891 1182 4946 Acidal.

282 4955 302 4984 ⁸
328 4955 615 5012 lulianum.

281 5026 302 5053 ⁷
331 5026 725 5104 (Σοιιεξ-ιιιιιίιιρθι
748 5028 1098 5104 Constantino
1117 5047 1318 5104 magno
1343 5034 1457 5099 ejus
1488 5032 1592 5086 filio
1621 5033 1796 5088 domi-

219 5101 296 5146 tas
327 5105 379 5148 et
405 5115 433 5148 a
467 5097 793 5152 Francdrum
821 5097 1514 5156 incursionibusliliei'atas.

237 5233 248 5240 _
287 5165 309 5193 ⁸
339 5165 390 5240 ld
421 5177 531 5240 est,
569 5177 700 5233 tum,
730 5184 849 5222 cum
886 5186 1048 5239 prope
1079 5173 1266 5226 abesse
1297 5174 1558 5238 crederet,
1595 5181 1652 5227 ut
1678 5174 1800 5228 Gal-

215 5230 314 5286 lias
343 5237 633 5291 invaderet.

287 5306 309 5332 ’
339 5303 567 5360 Palladis
601 5308 942 5361 simulacrum
983 5309 1100 5375 fuit,
1132 5313 1272 5381 quod
1309 5328 1372 5366 eo
1415 5322 1654 5382 tempore
1696 5328 1802 5382 quo

1893 1845 2074 1901 dereis
2109 1847 2320 1914 ignibus
2352 1846 2571 1899 lumina.
2614 1845 2784 1900 Voces
2825 1846 3170 1914 gaudentium
3201 1861 3482 1915 oppresse-

1893 1943 1976 1987 rat
2013 1935 2257 1989 miraculi
2302 1935 2633 2004 magnitudo.
2674 1933 2966 1990 Cessabant
3013 1935 3188 1992 officia
3237 1938 3482 1997 laudandi

1892 2026 2013 2095 plus
2043 2041 2202 2094 quam
2232 2026 2494 2079 laudanda
2517 2028 2882 2082 cernentibus.

1962 2117 2071 2171 \‘Il.
2105 2117 2391 2172 Sufficeret
2430 2117 2645 2186 quidem
2693 2117 2759 2170 ad
2805 2117 3207 2184 espeditionem
3252 2134 3484 2188 praesen-

1891 2207 2021 2261 tium
2073 2207 2407 2277 negotiorum
2457 2207 2567 2261 sola
2618 2207 2960 2276 prOpcratio,
3000 2207 3094 2260 sed
3141 2221 3245 2260 non
3288 2211 3488 2264 sufficit

1891 2301 2116 2368 principi
2178 2308 2364 2353 nostro
2416 2299 2724 2367 reipublicae
2777 2314 2878 2351 una
2929 2299 3136 2352 ratione
3185 2300 3484 2355 consulere.

1888 2392 2050 2446 Multa
2092 2393 2293 2460 pariter
2319 2392 2624 2461 aggreditur
2655 2401 2842 2460 pectus
2876 2394 2914 2423 “
2952 2392 3112 2446 nullis
3145 2409 3374 2462 unquam
3407 2395 3485 2448 la-

1894 2480 2113 2536 boribus
2161 2481 2458 2550 fatigatum.
2513 2482 2579 2536 Ut
2630 2498 2735 2536 uno
2790 2483 3088 2552 eodemque
3139 2493 3378 2552 tempore
3435 2496 3488 2541 et

1891 2584 2240 2643 componeret
2287 2575 2668 2629 lidissimarum
2718 2577 3110 2644 provinciarum
3159 2588 3388 2644 statum,
3433 2591 3487 2636 ct

1891 2665 2193 2721 barbariam
2235 2681 2448 2720 omnem
2489 2667 2705 2720 admoto
2764 2667 2986 2735 propius
3038 2678 3241 2724 terrore
3284 2671 3488 2734 percel-

1892 2755 2046 2821 leret,
2066 2757 2376 2826 longissimo
2391 2771 2552 2811 cursu
2572 2757 2760 2809 Istrum
2785 2757 2987 2823 placuit
3003 2757 3258 2824 navigari.
3281 2758 3320 2788 ¹¹
3340 2757 3484 2812 Prolt

1889 2859 2070 2903 sancta
2101 2849 2382 2901 divinitas!
2419 2848 2547 2914 Qua:
2585 2846 2935 2914 navigationis
2966 2845 3108 2898 illius
3141 2845 3240 2898 fuit
3270 2861 3486 2914 pompa,

1887 2955 2009 2995 cum
2059 2940 2420 2994 dexteriorem
2472 2937 2659 3006 inclyti
2706 2935 2942 2989 lItttniuis
2997 2937 3164 3004 ripam
3215 2937 3488 3005 utriusque

1888 3044 2069 3098 sexus,
2103 3029 2341 3083 omnium
2366 3027 2636 3090 ordinum,
2661 3036 2988 3080 armatorum
3017 3018 3488 3094 atque'inermium

1814 3101 1862 3162 (ἶ
1895 3128 2186 3188 perpetuus
2223 3119 2358 3171 ordo
2399 3127 2739 3186 praetexeret,
2778 3118 3148 3185 despiceretur
3187 3118 3253 3172 ad
3301 3120 3488 3175 laevam

1895 3210 1948 3263 in
1999 3210 2339 3264 miserabiles
2384 3224 2571 3277 preces
2618 3224 2759 3278 genu
2807 3211 2928 3262 nixa
2970 3211 3252 3265 barbaria?
3291 3213 3488 3270 Omnes

1896 3304 2056 3357 urbes
2082 3317 2204 3371 qua:
2245 3301 2540 3355 Danubium
2575 3301 2814 3354 incolunt
2837 3301 3015 3365 aditm,
3039 3303 3276 3356 omnium
3309 3305 3488 3361 audita

1892 3391 2130 3457 decreta,
2163 3391 2322 3444 levati
2353 3399 2543 3454 status,
2577 3388 2595 3426 τ
2629 3391 3044 3460 instaurataeque
3072 3391 3383 3457 fortunae,"
3408 3396 3490 3449 in-

1895 3480 2319 3540 numerabilibus
2354 3481 2599 3534 barbaris
2635 3480 2758 3534 data
2791 3483 2976 3548 venia,
3014 3492 3068 3537 et
3108 3499 3301 3539 munus
3340 3487 3485 3552 pacis

1897 3578 2179 3633 indultum.
2208 3574 2307 3641 Qui
2340 3575 2772 3642 properationem
2813 3575 2960 3629 illam
3009 3580 3487 3647 contemplabitur,

1899 3672 2030 3726 nihil
2069 3669 2264 3738 legisse
2305 3675 2502 3735 praeter
2531 3667 2666 3719 viam
2710 3666 3088 3734 imperatorem
3132 3669 3365 3736 putabit;
3397 3672 3488 3740 qui

1895 3773 2165 3835 gestarum
2227 3775 2405 3813 rerum
2466 3757 2860 3811 multitudinem
2918 3757 3316 3824 considerabit,
3366 3775 3488 3828 pro-

1898 3866 2116 3922 perasse
2142 3865 2246 3902 non
2277 3847 2484 3902 credet.

1966 3943 2100 3997 Vlll.
2132 3941 2178 3996 Ο
2212 3940 2458 3994 facundia
2505 3927 2694 4008 p'otens
2740 3925 2966 4002 Grmcia,
3000 3937 3238 3992 omnium
3277 3949 3487 3996 tuorum

1899 4072 1988 4111 ara
2016 4064 2069 4110 et
2093 4054 2348 4122 templum
2376 4052 2626 4106 Minervzc
2657 4051 2983 4117 struebatur,
3011 4051 3078 4105 de
3105 4053 3244 4106 cmlo
3279 4055 3484 4120 lapsum

1899 4128 1999 4180 sibi
2034 4127 2087 4178 in
2121 4125 2321 4191 templo
2347 4123 2492 4188 legit.
2528 4122 2658 4191 Quia
2696 4130 2873 4174 autem
2907 4133 3018 4175 erat
3062 4124 3111 4176 in
3156 4123 3277 4177 fatis
3307 4127 3486 4178 tandiu

1898 4195 2114 4261 'I‘rojam
2159 4190 2480 4246 ineolumem
2527 4190 2668 4256 fore,
2700 4191 2930 4258 quandiu
2968 4192 3102 4245 intra
3138 4193 3254 4259 ejus
3293 4197 3488 4248 mmuia

1898 4264 2248 4318 simulacrum
2295 4262 2426 4314 illud
2470 4270 2814 4328 servaretur,
2862 4261 3145 4315 Diomedes
3187 4271 3242 4316 et
3274 4262 3488 4328 Ulysses

1903 4335 2061 4388 fatale
2081 4333 2206 4385 illttd
2234 4333 2442 4398 signum
2472 4329 2827 4383 sustulerunt.
2856 4330 2964 4382 Nec
2988 4331 3155 4383 multo
3178 4339 3298 4398 post
3317 4329 3488 4386 Graeci

1904 4404 2116 4470 'I‘rojam
2143 4410 2260 4470 post
2291 4402 2474 4453 decem
2501 4411 2762 4452 annorum
2787 4398 3118 4470 obsidionem
3146 4401 3358 4470 tutelari
3389 4403 3488 4457 ltoc

1899 4468 2116 4528 numine
2144 4468 2422 4539 spoliatam
2449 4471 2844 4523 subverterunt.
2875 4468 3093 4522 Eneid.
3124 4484 3183 4534 tt,
3220 4469 3342 4524 165.

1974 4545 2015 4574 ¹⁰
2042 4543 2202 4595 Forte
2230 4539 2524 4594 inducenda
2560 4542 2672 4592 luce
2708 4547 2972 4604 postrema
3008 4554 3107 4592 vox
3134 4541 3358 4594 attoniti.

1976 4615 2015 4645 “
2059 4613 2324 4667 lulianum
2370 4610 2568 4663 laboris
2600 4609 2772 4662 bellici
2831 4609 3276 4677 patientissimum
3328 4609 3489 4665 fuisse

1904 4694 2165 4738 testantur
2195 4683 2309 4752 ejus
2346 4681 2465 4733 vita:
2494 4680 2817 4748 scriptores,
2856 4679 3222 4748 imprimisque
3251 4681 3495 4734 Ammia~

1902 4771 2020 4808 IIIIS.

1977 4826 2014 4854 ¹²
2050 4823 2210 4885 Infra,
2246 4838 2389 4874 num.
2416 4821 2484 4875 ‘28
2507 4839 2518 4872 :
2545 4819 2684 4876 Illic.
2712 4818 2838 4884 proli
2868 4829 3045 4892 saneta
3073 4820 3311 4874 divinitas
3328 4822 3348 4873 .’
3366 4838 3492 4892 gau-

1902 4895 2136 4946 dentibus
2165 4894 2389 4956 uinctis;
2418 4908 2516 4961 quo
2546 4893 2670 4944 ore?
2692 4907 2789 4958 qua
2819 4890 2978 4943 vare?
2998 4891 3196 4959 inquit;
3226 4908 3337 4957 ave,
3368 4890 3490 4944 eon-

1899 4964 1980 5017 sul
2007 4965 2338 5031 amplissime.

1975 5034 2017 5065 ⁸³
2046 5025 2204 5087 Forte
2228 5031 2423 5098 Quadis
2446 5039 2499 5084 et
2523 5029 2822 5082 Saxonibus
2837 5044 2970 5097 quos
2983 5025 3226 5082 Julianus
3252 5030 3490 5083 Chariet-

1905 5104 2045 5158 tonis
2073 5104 2347 5170 cujusdam
2381 5102 2665 5167 transfugio
2691 5113 2852 5164 opera
2883 5099 3072 5151 delevit
3094 5142 3108 5163 ,
3138 5110 3191 5153 et
3215 5116 3274 5153 ea
3307 5101 3492 5152 condi-

1908 5175 2052 5226 tione
2079 5176 2142 5224 ad
2175 5187 2357 5239 pacem
2399 5170 2644 5234 admisit,
2680 5177 2739 5222 ut
2776 5183 3045 5236 nunquam
3077 5179 3260 5223 contra
3294 5170 3489 5223 Roma-

1906 5259 2004 5297 nos
2026 5259 2174 5296 arma
2203 5243 2424 5295 ferrent.

1568 5401 2136 5457 INTEIII’RE’I‘ATIO.

285 5474 313 5500 λ
350 5464 601 5518 Ruborem
627 5478 781 5521 came
806 5470 1140 5524 verecundius.

285 5534 313 5570 δ
347 5538 494 5589 Acta:
525 5538 577 5589 in
605 5554 786 5591 novum
818 5540 1064 5604 furorem.

287 5613 313 5642 ε
360 5605 608 5660 Victorem
633 5611 904 5660 erercitum
928 5611 1222 5686 traduxerat
1254 5622 1396 5686 trans
1423 5613 1668 5686 regiones,
1703 5615 1802 5681 {iu-

219 5675 347 5741 viu,
379 5689 570 5734 montes
595 5695 655 5734 ne
682 5690 825 5734 notos
855 5679 1055 5748 quidem
1076 5683 1139 5736 de
1167 5683 1386 5738 nomine.

1982 5469 2009 5506 (1
2040 5475 2111 5522 Ita
2145 5477 2195 5521 ut
2222 5466 2636 5534 defatigationem
2663 5465 2852 5518 sentire
2877 5481 2976 5518 non
3007 5464 3279 5516 videretur.

1982 5550 2005 5576 θ
2038 5540 2162 5592 Cum
2194 5539 2348 5589 barba
2375 5532 2420 5588 et
2459 5537 2676 5603 capillus
2715 5536 2966 5606 equuleret
3005 5536 3236 5604 pulvere,
3277 5540 3322 5585 et
3352 5532 3487 5585 oculi

1912 5610 2094 5665 “rimi
2122 5611 2329 5676 ﬂamma
2355 5607 2620 5676 fulgorem.

1989 5680 2006 5717 ί
2042 5678 2213 5732 Auth
2239 5691 2377 5744 opes.
