4048 6184
554 314 658 371 415

1923 314 1968 367 Μ
1987 311 2383 366 \MERTINUS.

3703 321 3810 375 416

554 429 846 498 p-incipum
890 437 1036 498 gesta
1085 428 1135 481 in
1184 427 1353 497 majus
1394 427 1651 481 extollere
1712 427 1823 481 sola
1869 426 2118 496 potuisti,
2151 429 2200 484 Α
2231 425 3303 496 mteSIidefortne”justitiumeszeillzn
3328 428 3584 482 bonarum
3607 432 3801 484 artium

555 527 580 554 ι
610 519 722 571 Sola
760 518 1014 572 factorum
1053 518 1248 587 glorias
1281 519 1346 573 ad
1383 519 1665 572 verborum
1703 519 1912 586 cepiam
1958 527 2129 572 teten-

551 610 700 663 disti.
731 609 808 664 Tu
842 612 857 640 ¹
890 626 1077 664 navem
1116 626 1272 663 unam
1307 605 1524 678 propter
1560 609 1729 663 aurati
1766 609 1978 662 velleris
2021 610 2129 662 fur-

556 706 698 760 tum,
727 706 780 750 et
807 700 825 727 ²
857 699 1075 766 virginis
1109 707 1317 766 raptum
1358 697 1410 751 in
1441 700 1632 752 malum
1666 712 1833 766 llSqtte
1862 698 2126 751 sublatam

552 786 816 839 sideribus
853 788 1196 840 consecrasti.
1227 787 1308 841 Tu
1348 801 1568 855 puerum
1615 787 1635 817 ³
1677 788 2004 841 inventorem
2037 801 2125 840 se-

553 875 739 938 rendi,
769 875 1062 930 draconum
1104 877 1286 929 alitum
1325 891 1484 930 curru
1523 877 1784 930 volantem
1823 876 2026 930 Semina
2073 876 2126 929 in

553 977 726 1021 terras
763 969 1024 1036 sparsisse
1067 969 1296 1037 jactasti.
1341 969 1476 1034 Quid
1521 978 1574 1022 tu
1615 969 1658 1022 si
1711 969 1776 1021 ad
1821 967 2128 1022 scribendas

552 1058 1004 1127 celebrandasque
1034 1073 1122 1112 res
1157 1059 1411 1125 principis
1451 1059 1615 1112 nostri
1656 1059 1886 1110 animum
1920 1057 2128 1125 adjece-

552 1149 656 1214 ris,
685 1149 750 1203 de
779 1148 974 1202 Juliani
1009 1148 1031 1179 ⁸
1062 1149 1252 1202 lembis
1286 1149 1620 1216 liburnisque
1657 1149 1854 1201 factura
1887 1148 1978 1201 es?
2011 1163 2128 1216 qua:

554 1251 658 1290 non
682 1237 838 1291 modo
861 1237 993 1290 nihil
1022 1239 1264 1299 cuiquam
1287 1238 1546 1302 adimunt,
1574 1252 1743 1304 neque
1771 1239 1926 1290 urbes
1949 1237 2129 1305 hospi-

553 1338 635 1384 tas
665 1331 938 1398 p0pulant,
964 1329 1058 1382 sed
1084 1331 1220 1382 ultro
1243 1329 1490 1382 omnibus
1515 1330 1719 1397 populis
1742 1329 2126 1394 immunitates,

552 1421 849 1486 privilegia,
878 1423 1128 1488 pecunias
1158 1421 1474 1488 largiuntur.
1504 1421 1613 1484 Qua
1641 1421 1897 1489 dignitate
1927 1420 2129 1474 descri-

553 1511 646 1562 bes
690 1511 913 1564 classem
944 1551 957 1574 ,
1009 1526 1102 1578 per
1142 1512 1356 1564 maximi
1406 1511 1639 1564 ﬂuminis
1690 1519 1912 1564 trartnm
1963 1513 2127 1565 remis

551 1603 827 1669 ventisque
859 1602 1194 1666 volitantem,
1237 1612 1342 1655 tum
1392 1602 1687 1671 principem
1735 1613 1973 1655 nostrum
2021 1604 2124 1657 alla

551 1707 725 1760 puppe
765 1693 1048 1746 sublimem
1098 1709 1111 1745 :
1161 1707 1264 1746 non
1312 1709 1406 1761 per
1445 1694 1800 1760 cujuscemodi
1829 1709 1984 1760 agros
2015 1693 2122 1748 fru-

2233 519 2499 584 magistra:
2539 527 2593 572 et
2622 519 2940 574 inventrices
2970 521 3010 551 “
3045 521 3301 583 Athenze,
3346 536 3557 574 omnem
3603 523 3802 576 cultum

2233 608 2440 676 publice
2470 609 2819 676 privatimque
2848 609 3206 678 perdiderant.
3237 611 3293 664 ln
3318 611 3672 664 miserandam
3697 615 3804 666 rui-

2232 712 2350 750 nam
2383 699 2690 753 conciderat
2711 701 2752 731 "
2777 699 3046 753 Eleusinia.
3076 699 3180 754 Sed
3215 700 3490 753 universas
3521 703 3679 756 urbes
3700 718 3802 770 ope

2232 787 2566 852 imperatoris
2583 785 2609 823 ά
2631 789 2827 856 refotas
2849 804 3164 843 enumerare
3189 791 3496 858 perlongum
3520 801 3600 843 est
3628 809 3639 842 :
3665 795 3802 844 scire

2230 877 2358 930 satis
2387 887 2468 930 est
2497 878 3127 944 cuttctas”bl:tcetlorii;e,
3149 879 3365 949 Illyrici,
3389 880 3431 910 ¹⁵
3451 881 3800 948 Peloponnesi

2229 967 2472 1021 civitates
2504 968 2620 1020 unis
2648 980 2738 1022 aut
2767 969 2901 1023 binis
2929 969 3169 1037 epistolis
3208 972 3423 1025 maximi
3465 972 3800 1039 imperatoris

2235 1065 2257 1092 ε
2289 1059 2617 1120 repentinam
2649 1057 2882 1112 induisse
2914 1058 3121 1111 novatis
3151 1061 3417 1113 montibus
3443 1060 3797 1128 juventutcm,

2230 1161 2392 1216 aquas
2419 1148 2667 1201 omnibus
2704 1150 2833 1202 locis
2875 1158 3081 1204 scatere
3109 1168 3122 1202 :
3161 1166 3277 1218 qua:
3318 1151 3474 1218 paulo
3500 1159 3624 1204 ante
3653 1152 3799 1205 arida

2229 1250 2280 1292 et
2315 1239 2399 1292 siti
2431 1239 2733 1292 anhelantia
2767 1240 3092 1306 visebantur,
3123 1256 3186 1294 ea
3228 1255 3367 1294 nunc
3401 1242 3564 1308 perlui
3587 1285 3600 1309 ,
3645 1259 3799 1295 mun-

2230 1330 2368 1394 dari,
2399 1333 2645 1392 madere;
2677 1331 2812 1392 fora,
2847 1332 3248 1398 deambulacra,
3281 1333 3551 1401 gymnasia
3586 1335 3718 1386 lil‘llS
3748 1345 3800 1387 ct

2229 1421 2578 1487 gaudentibus
2609 1421 2818 1490 p0pulis
2849 1421 3207 1488 frequentari,
3241 1424 3355 1475 dies
3388 1425 3548 1474 festos
3573 1434 3626 1475 et
3655 1425 3799 1476 cele-

2231 1508 2370 1562 brari
2399 1519 2640 1575 veteres,
2671 1520 2724 1564 et
2753 1525 2924 1564 novos
2951 1512 3002 1563 iu
3033 1511 3288 1564 honorem
3318 1512 3567 1580 [rincipis
3607 1526 3796 1564 conse-

2229 1603 2362 1652 ειητί
2375 1639 2387 1652 .

2301 1689 2366 1741 Χ.
2403 1688 2457 1744 Si
2481 1691 2600 1758 quis
2629 1691 2931 1744 mortalium
2975 1691 3027 1744 in
3057 1691 3284 1758 aliquam
3313 1692 3581 1744 cwlcstem
3613 1706 3801 1756 Spcru-

550 1792 727 1836 menta
759 1793 1119 1852 spargentem,
1149 1783 1241 1838 sed
1273 1783 1522 1837 Romanis
1550 1784 1758 1852 Oppidis
1783 1785 1947 1838 bonas
1981 1799 2125 1853 spes,
2159 1774 2202 1832 B
2230 1780 2332 1833 lam
2361 1781 2500 1834 nube
2531 1781 2788 1848 sublatus,
2819 1782 2972 1850 paulo
2996 1792 3118 1834 ante
3142 1781 3362 1834 vidisset
3386 1791 3571 1834 moesta
3597 1783 3798 1836 omnia.

549 1873 870 1936 libertatem,
903 1875 1112 1927 divitias
1138 1875 1482 1941 dividentem,
1520 1887 1626 1930 tum
1665 1891 1729 1930 ex
1771 1885 1920 1944 parte
1958 1878 2123 1932 altera

549 1964 600 2017 in
635 1964 965 2018 barbaricum
1002 1966 1172 2020 solum
1215 1974 1474 2020 terrorem
1505 1966 1782 2032 bellicum,
1817 1967 2126 2036 trepidatio-

550 2069 665 2118 nes,
699 2055 866 2123 fugas,
900 2056 1207 2110 formidines
1237 2057 1611 2111 obserentem?

580 2208 584 2215 ι
620 2143 709 2196 IX.
750 2144 866 2198 Jam
895 2147 1048 2212 quale
1071 2147 1194 2200 illud
1229 2147 1356 2212 fuit,
1389 2149 1528 2217 quod
1558 2151 1577 2178 ⁵
1607 2148 1796 2204 Istrum
1826 2151 1998 2206 adhuc
2027 2168 2121 2205 ua-

548 2234 732 2302 vigans
757 2233 1012 2288 beneﬁcia
1043 2243 1128 2288 tua
1153 2251 1318 2304 usque
1343 2237 1362 2266 ⁶
1389 2239 1454 2292 ad
1485 2238 1730 2304 Adriam,
1761 2239 2119 2310 Tyrrhenum,

550 2323 848 2378 Maeotidem
906 2324 1249 2393 porrigobas?
1298 2325 1414 2393 Ipso
1471 2327 1614 2380 enim
1666 2337 1904 2397 tempore
1967 2330 2122 2384 levati

548 2430 804 2484 equorum
831 2415 1011 2483 pretiis
1033 2416 1339 2470 enormibus
1361 2419 1380 2447 ⁷
1410 2418 1685 2484 Dalmatae,
1716 2420 1942 2487 Epirota:
1967 2419 1992 2456 ι)
2015 2423 2035 2451 ⁸
2057 2421 2122 2475 ad

549 2507 736 2560 incitas
767 2505 1084 2559 intolerandi
1130 2506 1308 2560 tributi
1348 2508 1488 2561 mole
1528 2509 1794 2578 depressi,
1836 2511 2122 2579 providen-

550 2597 652 2662 tia,
695 2595 1004 2663 imperator,
1042 2605 1163 2659 tua,
1210 2610 1314 2648 non
1346 2596 1503 2649 modo
1539 2597 1790 2652 miserias
1825 2609 2120 2664 exuerunt,

549 2685 642 2738 sed
669 2683 898 2750 amplam
923 2683 1082 2737 etiam
1111 2692 1270 2751 atque
1291 2685 1592 2752 opulentam
1621 2696 1642 2723 ο
1668 2697 1989 2741 revexerunt
2015 2688 2125 2742 for-

549 2784 751 2828 tunam.
800 2774 940 2827 Urbs
967 2777 988 2806 ⁹
1017 2773 1287 2843 Nicopolis
1311 2816 1324 2837 ,
1370 2792 1527 2844 quam
1568 2777 1722 2830 divus
1761 2778 2030 2848 Augustus
2073 2781 2124 2834 in

489 2939 494 2944 ι
549 2872 954 2918 monumentum
1009 2865 1237 2918 Actiaca:
1286 2865 1521 2920 victoria:
1583 2869 1767 2936 troptni
1817 2869 1983 2922 instar
2033 2883 2128 2924 ex-

549 2965 848 3022 struxerat,
880 2957 930 3010 in
974 2957 1156 3010 ruinas
1186 2957 1561 3026 lacrymabiles
1592 2975 1756 3028 prope
1799 2970 1904 3014 tota
1938 2963 2124 3016 conci-

550 3045 722 3111 derat,
755 3047 941 3100 lacerte
973 3046 1227 3100 nobilium
1259 3047 1468 3114 domus,
1500 3050 1613 3102 sine
1640 3050 1796 3104 tectis
1826 3051 1960 3117 fora,
1984 3052 2124 3121 jam-

550 3137 748 3196 dudum
779 3151 1036 3206 aquarum
1085 3135 1333 3191 ductibus
1381 3139 1717 3205 pessundatis
1749 3141 1901 3208 plena
1933 3155 2121 3199 cuncta
2148 3123 2197 3186 θ

551 3227 812 3295 squaloris
859 3235 912 3279 et
969 3228 1217 3294 pulveris.
1277 3226 1556 3282 Certamen
1604 3229 1888 3296 ludicrum,
1944 3234 2122 3289 lustris

552 3319 798 3372 otnnibus
828 3316 1044 3372 solitum
1073 3317 1429 3386 frequentari,
1467 3318 1825 3375 intermiserat
1871 3330 2124 3395 temporis

623 3471 764 3553 ξῼιιί
807 3472 943 3553 Argo
982 3488 1174 3553 nomen
1217 3489 1232 3527 :
1275 3473 1414 3528 unde
1451 3475 1771 3553 Argonauta:
1808 3478 2120 3553 dic‘tigsunt,

555 3543 737 3614 quigin
779 3556 840 3596 ea
881 3543 1155 3614 ad__vellus
1194 3559 1412 3597 aureum
1455 3548 1832 3614 asportandum
1869 3543 2121 3610 Colchida

555 3612 887 3680 navigarunt.
922 3611 1066 3681 Virg.
1099 3615 1268 3683 eclog.
1300 3629 1371 3680 tv,
1406 3617 1493 3668 54.

614 3699 766 3771 Algac
782 3703 874 3750 erit
901 3709 999 3771 tum
1023 3703 1219 3765 Tiphys,
1245 3708 1298 3753 et
1320 3703 1476 3752 altera
1495 3717 1604 3765 quae
1631 3705 1775 3755 vehat
1794 3709 1926 3771 Argo

675 3762 906 3812 Delectos
930 3762 1117 3813 heroas.

555 3845 703 3927 Piget
732 3845 934 3927 referre
955 3859 1284 3927 quaecunque
1313 3846 1385 3927 de
1417 3861 1479 3900 ea
1507 3847 1645 3927 apud
1679 3859 1858 3915 poetas
1890 3855 2130 3907 referun-

557 3925 644 4014 tur;
669 3914 1054 4035 ut'fatidicam
1078 3916 1222 3970 illam
1252 3915 1418 3971 fuisse
1446 3919 1582 3971 caalo
1603 3914 1992 3988 consecratam,
2020 3934 2124 3978 etc.

724 3999 772 4036 θ(
793 3999 890 4037 eae.

625 4052 649 4118 ξ
675 4024 1082 4120 Triptolemum.
1112 4053 1263 4109 Ovid.
1296 4055 1452 4108 Trist.
1477 4056 1571 4112 lib.
1601 4073 1676 4119 ιιι,
1706 4059 1844 4128 eleg.
1877 4061 1931 4114 8.

615 4143 754 4206 Nunc
775 4155 896 4206 ergo
911 4143 1192 4203 Triptolemi
1218 4159 1449 4206 cuperem
1473 4149 1806 4197 conscendere
1830 4160 2036 4199 currus:

679 4204 808 4252 Misit
830 4204 878 4251 in
903 4205 1111 4266 ignotam
1133 4208 1212 4266 qui
1237 4204 1359 4255 rude
1385 4219 1552 4255 semen
1576 4209 1792 4258 humum.

555 4282 781 4354 Notarex
815 4285 988 4354 poetis
1017 4285 1266 4340 omnibus
1297 4287 1492 4341 fabula.

623 4353 644 4424 ξ
671 4353 938 4409 Naviculze
964 4355 1166 4424 exigua:
1191 4371 1358 4424 genus
1375 4396 1389 4420 ,
1422 4357 1572 4411 mira:
1592 4357 1909 4413 velocitatis.

625 4423 647 4456 ⁸
684 4424 759 4478 De
790 4424 941 4490 Istro,
976 4423 1070 4479 seu
1103 4423 1338 4479 Danubio
1367 4427 1552 4480 lluvio.

624 4493 646 4524 ⁸
685 4493 881 4564 ld_est,
903 4494 968 4546 ad
1001 4510 1148 4549 mare
1175 4495 1525 4550 Adriaticum.
1563 4495 1912 4564 Tyrrhenum,
1941 4496 1992 4550 id
2023 4507 2121 4560 est,

557 4575 705 4616 mare
733 4561 1089 4632 Tyrrhenum,
1117 4564 1256 4632 quod
1285 4574 1335 4618 et
1366 4561 1624 4629 Tuscum,
1657 4575 1710 4620 et
1735 4566 2016 4620 Etruscum
2047 4568 2128 4620 di-

557 4633 716 4697 citur,
747 4631 795 4684 ια
821 4648 925 4683 nter
952 4633 1012 4684 de
1042 4631 1288 4686 Toscane.
1321 4633 1632 4688 Marotident.

628 4701 649 4730 "
689 4699 870 4776 P_opu|i
899 4701 1094 4776 Illyrici
1117 4702 1182 4755 ad
1211 4717 1359 4776 ora_m
1383 4707 1546 4776 maris
1577 4702 1848 4759 Adriatici.
1875 4704 2122 4776 Epirota,

559 4768 776 4844 Graecia:
809 4768 1006 4844 populi,
1032 4771 1096 4823 ad
1125 4786 1271 4826 mare
1301 4773 1502 4826 Ionium
1526 4814 1539 4838 ,
1565 4787 1790 4841 quorum
1814 4768 1958 4844 regio
1984 4768 2126 4831 nunc

559 4837 780 4892 Albania
805 4838 1017 4892 dicitur.

629 4910 650 4938 ⁸
686 4907 991 4978 Metaphora
1021 4909 1172 4962 ducta
1203 4925 1233 4963 a
1263 4909 1386 4962 ludo
1413 4909 1760 4977 calculorum,
1793 4912 1842 4965 in
1865 4928 1970 4978 quo
1993 4929 2130 4969 unus

559 4988 736 5048 certus
769 4977 1036 5042 calculus,
1073 4994 1228 5047 quem
1263 4979 1489 5048 Regillin
1519 4989 1744 5040 vocant.
1778 4982 1830 5034 in
1874 4977 1966 5035 sua
1991 4984 2128 5038 linea

561 5046 812 5118 immotus
838 5046 1162 5112 asservatur,
1195 5046 1365 5118 neque
1407 5050 1529 5103 inde
1565 5060 1806 5104 movetur
1833 5053 1933 5104 nisi
1961 5054 2010 5106 in
2039 5068 2132 5106 ett-

562 5125 732 5189 tremo
767 5117 1094 5189 discrimine.
1127 5119 1259 5172 Cum
1282 5117 1424 5188 ergo
1459 5119 1787 5187 significatur
1812 5121 2004 5189 aliquis
2038 5122 2133 5175 ad-

559 5187 750 5240 ductus
778 5187 828 5256 in
858 5203 1093 5242 summas
1117 5187 1404 5256 angustias,
1432 5200 1553 5243 tunc
1583 5190 1773 5244 dicitur
1801 5187 2030 5244 reductus
2067 5193 2132 5243 ad

560 5256 758 5311 incitas.
787 5255 920 5311 Nam
952 5260 1156 5325 incita),
1190 5260 1345 5314 linem
1387 5255 1540 5325 Sunt,
1585 5260 1726 5316 unde
1772 5261 1901 5316 cieri
1945 5261 2132 5315 calculi

2150 4643 2206 4703 D

2227 1873 2480 1926 semiruta
2511 1873 2726 1940 oppida,
2760 1872 2997 1926 desolata
3029 1872 3254 1935 mmnia,
3290 1873 3356 1925 ab
3388 1871 3646 1938 indigenis
3676 1873 3802 1923 soli-

2230 1965 2495 2030 tudinem,
2525 1965 2748 2018 ‘exulum
2781 1965 3018 2027 turbam;
3053 1964 3097 2017 is
3126 1963 3169 2017 si
3214 1979 3354 2016 nunc
3396 1962 3448 2015 in
3497 1962 3624 2014 illud
3659 1962 3798 2014 idem

2227 2057 2427 2110 editum
2455 2064 2764 2122 reponatur,
2787 2070 2849 2108 ac
2870 2055 3128 2123 despiciat
3151 2063 3340 2108 cuncta
3366 2054 3614 2117 laztantia,
3644 2068 3802 2117 agros

2225 2145 2479 2212 consitos,
2513 2145 2673 2198 urbes
2703 2144 3026 2211 frequentes,
3060 2158 3224 2211 aquas
3255 2142 3462 2211 oppidis
3495 2141 3799 2206 inﬂuenlt‘s,

2225 2235 2506 2304 magnilico
2552 2234 2696 2288 cultu
2743 2234 2784 2263 ¹⁵
2828 2248 2932 2286 non
2965 2233 3196 2300 privatas
3241 2232 3416 2297 a'des,
3450 2232 3541 2284 sed
3589 2231 3800 2300 publica

2229 2336 2362 2380 tecta
2391 2325 2684 2395 surgentia,
2716 2323 2854 2376 dites
2878 2338 2972 2391 pro
3003 2331 3264 2378 terrarum
3289 2322 3510 2388 ingeniis
3538 2319 3803 2374 messibus

2225 2426 2464 2484 segetes,
2500 2415 2773 2468 vincentes
2804 2412 3153 2482 agricolarum
3195 2422 3316 2465 vota
3349 2412 3674 2476 vindemias,
3715 2424 3803 2462 ar-

2226 2509 2359 2562 duos
2387 2507 2575 2572 colles,
2604 2505 2998 2574 profundasque
3020 2504 3205 2567 valles,
3233 2503 3344 2556 et”
3375 2503 3475 2555 lata
3495 2516 3802 2570 eamporum

2227 2597 2426 2660 balatu,
2456 2595 2686 2662 hinnitu,
2716 2592 3002 2661 iungitihus
3035 2606 3256 2659 persona
3282 2632 3294 2654 ,
3325 2591 3558 2658 profecto
3583 2592 3807 2642 mirabi-

2227 2696 2311 2741 tur
2344 2696 2447 2739 tam
2479 2685 2625 2738 brevi
2657 2693 2842 2737 cuncta
2889 2691 3120 2745 mutata,
3154 2681 3360 2733 desiliet
3397 2696 3426 2733 c
3457 2681 3712 2744 nubibus,
3749 2689 3805 2732 et

2226 2779 2470 2834 viciniam
2501 2776 2624 2830 coeli
2651 2776 2842 2842 cupide
2865 2774 3220 2840 dcrelinquet,
3249 2782 3306 2825 ut
3337 2773 3458 2833 tuis,
3489 2773 3801 2839 imperator,

2229 2871 2382 2924 terris
2407 2868 2629 2920 fruatur.
2665 2864 2796 2917 Illud
2829 2877 2954 2917 vero
2977 2861 3128 2929 cujus
3157 2862 3395 2914 miraculi
3424 2871 3538 2925 est,
3571 2859 3587 2896 ί
3624 2859 3802 2914 nemi-

2227 2976 2346 3015 nem
2378 2959 2542 3012 ullum
2587 2956 2640 3010 in
2691 2965 2837 3007 tanto
2880 2967 3057 3007 rerum
3101 2959 3285 3020 paratu
3325 2952 3557 3004 sensisse
3587 2951 3805 3017 dispen-

2226 3051 2392 3114 dium,
2428 3049 2478 3101 in
2509 3047 2684 3100 omnia
2713 3043 2990 3114 pecuniam
3016 3043 3084 3096 ab
3109 3044 3431 3110 imperatore
3455 3042 3714 3109 depromi,
3748 3052 3803 3094 et

2227 3137 2491 3209 quoddam
2531 3151 2682 3190 versa
2718 3135 2834 3187 vice
2863 3131 3150 3201 provinciis
3179 3131 3334 3199 pendi
3369 3132 3642 3195 tributum,
3672 3132 3711 3162 "
3743 3133 3804 3182 il-

2229 3234 2333 3286 linc
2361 3231 2426 3284 ad
2454 3230 2735 3283 universos
2777 3225 2940 3278 fluere
2979 3223 3188 3277 divitias
3227 3238 3332 3292 quo
3377 3224 3521 3292 prius
3569 3223 3808 3290 undique

2227 3319 2601 3382 confluebant?
2633 3317 2700 3372 Ut
2738 3316 2790 3369 in
2826 3315 3058 3369 maxima
3087 3315 3382 3382 qumstione
3412 3314 3478 3366 sit
3510 3327 3538 3365 a
3570 3329 3674 3382 quo
3715 3329 3808 3366 ac-

2229 3500 2334 3540 non
2359 3482 2623 3550 poterant.
2647 3475 2724 3528 lta
2748 3471 3014 3525 Erasmus.
3036 3469 3208 3538 Atque
3234 3469 3335 3524 hoc
3359 3469 3639 3538 proverbio
3661 3485 3807 3538 smpe

2230 3549 2397 3612 utitur
2419 3549 2657 3602 Plautus.
2785 3602 2790 3608 ,

2300 3626 2320 3656 ³
2347 3617 2496 3688 Apud
2529 3616 2733 3688 Actium
2766 3629 2778 3663 :
2808 3609 3017 3666 condita
3044 3617 3125 3664 est
3148 3609 3214 3663 ab
3237 3612 3471 3678 Augusto
3497 3608 3547 3662 in
3571 3609 3807 3662 Actiaca:

2233 3683 2471 3748 victoria:
2498 3683 2828 3739 memoriam.

2307 3762 2346 3792 ¹⁰
2377 3756 2538 3824 Quasi
2563 3753 2696 3824 juris
2735 3750 2893 3824 statio
2909 3789 2935 3824 ,_
2959 3765 3056 3824 seu
3083 3750 3223 3824 juris
3260 3748 3466 3824 dicendi
3506 3747 3572 3824 in.
3590 3747 3812 3824 publico

2235 3817 2422 3896 aliquo
2463 3817 2605 3896 luctu
2653 3821 2993 3896 intermissio.
3039 3819 3236 3896 Livius.
3285 3818 3514 3870 Dictator
3546 3817 3810 3882 justitinm

2235 3890 2406 3962 edicit,
2434 3893 2604 3947 claudi
2629 3891 2860 3962 tabernas
2891 3900 2993 3941 tota
3021 3890 3316 3962 urbej_ultet,
3348 3897 3475 3962 retat
3502 3901 3810 3962 quamquam

2236 3953 2446 4038 prirqu
2464 3964 2738 4031 quidquam
2764 3961 2836 4038 rei
2861 3975 3024 4038 agere.
3057 3953 3323 4038 iustitium
3348 3958 3505 4038 etiam
3539 3953 3806 4007 interdum

2236 4023 2462 4092 sumitur
2477 4023 2584 4099 'pro
2602 4023 2918 4099 cessatione
2934 4027 3181 4099 exigendi
3205 4027 3325 4099 teris
3357 4023 3580 4099 50Adi‘es.

2311 4107 2350 4136 “
2391 4095 2526 4158 Urbs
2550 4099 2614 4153 ad
2647 4099 2859 4151 fluvium
2888 4098 3094 4150 llissum
3117 4098 3214 4149 sita
3248 4096 3298 4148 in
3329 4109 3392 4146 ea
3419 4095 3630 4145 Achaia)
3658 4102 3811 4157 parte

2237 4190 2357 4244 qua;
2386 4171 2556 4227 Attica
2580 4168 2806 4244 dicitur,
2842 4167 3003 4244 totius
3029 4164 3442 4244 (irascier-aput
3474 4171 3524 4215 et
3564 4162 3809 4228 disripli-

2235 4235 2420 4298 uarum
2451 4239 2686 4294 omnium
2716 4251 2929 4302 parcns.
2963 4235 3129 4288 llodie
3161 4235 3376 4288 Setinis.

2307 4315 2347 4344 ¹²
2377 4309 2639 4380 Oppidum
2679 4301 2868 4380 Attica:
2917 4305 3240 4380 maritimum
3287 4304 3423 4356 inter
3459 4301 3722 4368 Megaram
3756 4309 3814 4354 et

2232 4375 2477 4454 Pyrmpm
2505 4375 3169 4454 portumAtheniensiurn.

2305 4452 2346 4482 ’³
2365 4437 2583 4504 Gracia:
2604 4445 2948 4500 celeberrima
2971 4447 3116 4511 regio
3140 4445 3276 4496 inter
3296 4440 3532 4507 [Egarum
3551 4449 3602 4490 et
3625 4437 3810 4511 Adria-

2231 4523 2390 4574 ticum
2415 4559 2430 4583 ,
2463 4531 2603 4571 nunc
2645 4507 3054 4581 angustioribus
3075 4527 3232 4582 quam
3276 4512 3401 4564 olim
3438 4507 3678 4562 terminis
3715 4509 3811 4560 de~

2232 4593 2404 4644 linita.
2587 4621 2594 4626 -

2303 4659 2346 4692 “
2384 4657 2603 4725 Graeciaa
2619 4652 2918 4721 peninsula,
2939 4666 3054 4719 qua:
3077 4649 3236 4704 hodie
3263 4649 3435 4702 Morea
3463 4647 3678 4710 dicitur,
3706 4645 3811 4698 La-

2232 4724 2540 4785 cedaemone
2570 4724 2790 4778 famosa.
2997 4789 3007 4794 _
3141 4788 3150 4794 _
3345 4787 3354 4794 _
3435 4785 3446 4794 ,
3717 4783 3770 4794 η,

2307 4800 2349 4829 ¹⁵
2376 4797 2480 4850 Pro
2507 4811 2608 4847 non
2639 4795 2857 4859 privatas
2889 4789 3038 4841 modo
3072 4788 3234 4851 (edes,
3267 4787 3354 4859 sed
3382 4785 3530 4859 etiunt
3549 4829 3562 4849 ,
3582 4793 3687 4859 etc.
3717 4783 3813 4859 Sit;

2230 4869 2367 4924 infra
2391 4881 2536 4920 num.
2569 4854 2670 4917 49':
2705 4861 2811 4914 Nec
2831 4861 2960 4912 viros
2987 4860 3222 4928 quidem,
3254 4857 3340 4909 sed
3375 4855 3692 4908 mulierculas
3713 4893 3728 4916 ,
3756 4854 3813 4905 id

2233 4947 2333 4999 est,
2364 4951 2470 4989 non
2499 4935 2642 4987 viros
2667 4931 2847 4984 modo.
3113 4996 3124 5000 _
3742 4991 3752 5000 ,

2307 4995 2348 5038 ³⁷⁸
2380 5006 2481 5060 Pro
2507 5006 2636 5056 latos
2655 5015 2884 5068 campos,
2910 5005 2966 5051 ut
2990 4996 3127 5065 apud
3149 4995 3442 5064 Virgilium,
3468 5000 3682 5062 angusta
3707 4995 3815 5043 via-

2233 5085 2567 5206 ruﬁ’l‘dﬁst,
2597 5140 2667 5194 ab
2696 5137 2887 5192 aerario
2918 5133 3172 5206 principis
3199 5133 3263 5188 ad
3292 5131 3518 5203 populos
3558 5129 3702 5184 unde
3731 5129 3813 5182 al.

2235 5217 2463 5271 ﬂuxerat
2483 5211 2773 5268 confluere.

1886 5368 2134 5437 [NTERP
2145 5355 2460 5422 RETATIO.

630 5493 657 5521 ⁸
685 5481 813 5554 Sola
849 5498 1023 5554 rerum,
1053 5490 1306 5552 gestarum
1343 5498 1557 5554 gtortnnt
1592 5483 1903 5554 exaggerasti
1923 5523 1938 5551 ,
1967 5497 2133 5553 quan-

559 5560 670 5607 tutn
700 5552 830 5606 satis
850 5562 934 5607 est
959 5552 1024 5604 ad
1046 5555 1324 5606 orationem
1353 5552 1792 5619 ampliﬁcandam.

630 5619 660 5693 Ρ
685 5621 764 5693 {id
791 5633 1036 5676 extremas
1065 5623 1324 5693 angustias
1351 5623 1559 5676 reducti.

631 5686 658 5724 ιι
687 5689 1017 5756 Receperunt.

2310 5478 2711 5543 dRerormatas.
2789 5540 2792 5542 γ
2873 5543 2879 5545 Α
3058 5542 3068 5545 _
3133 5539 3153 5545 Δ

2311 5559 2333 5616 cf
2372 5539 2588 5616 Repente
2615 5540 2907 5616 instauratur
2936 5542 3095 5594 muris
3118 5539 3293 5616 [inquit
3317 5539 3622 5616 constitisse.

2312 5615 2331 5653 ί
2366 5598 2494 5667 Cuin
2533 5625 2603 5665 tot
2645 5629 2762 5680 apes
2797 5598 3128 5680 undecunque
3158 5605 3530 5677 colligerentur,
3564 5598 3817 5654 neminem

2239 5688 2475 5740 damnum
2502 5687 2732 5738 sensisse.
