3948 6170
198 293 278 349 tl'l
800 281 1082 339 JULIANO
1120 278 1442 337 AUGUSTO
1480 278 1888 335 GRATIARUM
1924 276 2123 335 ACTIO
2162 278 2294 334 PRO
2331 276 2731 338 CONSULATU

3295 255 3425 344 iis

190 401 356 472 cipias,
382 398 678 465 imperator,
702 393 791 463 qui
815 393 892 447 sic
921 391 1168 447 omnibus
1198 391 1460 460 largiaris.
1498 390 1602 447 Sed
1631 391 1721 461 qui
1749 397 1800 454 Α
1829 399 2028 458 truces,
2053 391 2307 446 remissos
2337 392 2539 447 desidia
2564 393 2880 462 reddiderit,
2905 408 3222 466 semperque
3250 397 3397 453 b.se—

189 496 293 548 vita:
315 500 409 544 tua:
427 487 654 542 instituta
684 485 1053 554 rationemque
1075 484 1405 554 cognoverit,
1433 483 1588 539 facile
1612 483 1728 539 fon-

190 596 279 639 tem
303 582 455 649 copia:
482 578 640 647 hujus
666 575 924 632 inveniet.
952 575 1239 630 Maximum
1263 574 1356 629 tibi
1378 574 1578 643 prebet
1611 588 1730 643 par-

194 672 395 728 cimonia
424 678 538 734 tua,
570 667 810 737 Auguste
831 706 848 732 ,
874 665 1102 734 vectigal
1131 680 1147 719 :
1188 664 1443 735 quidquid
1478 664 1619 719 enim
1644 664 1731 718 alii

189 763 233 816 in
260 759 484 828 prodigas
518 755 838 824 cupiditates
867 755 1218 825 prodigebaut
1237 794 1254 821 ,
1307 755 1359 809 id
1401 769 1563 811 omne
1590 768 1733 809 nunc

189 855 232 905 in
256 864 368 902 usus
393 848 627 916 publicos
656 854 989 900 reservatur.
1406 913 1413 923 ι

246 936 324 991 XI.
354 937 627 1003 [lucusque
651 934 799 988 solus
828 933 917 990 hic
945 934 1150 988 fructus
1182 933 1392 1001 imperii
1423 932 1730 1003 putabatur,

187 1038 235 1081 ut
261 1031 527 1094 imperator
564 1040 594 1078 a
636 1024 847 1079 caeteri;
891 1023 1097 1077 civibus
1134 1038 1239 1077 non
1281 1023 1508 1077 fortibus
1551 1024 1733 1083 lactis.

187 1133 269 1173 nec
297 1116 571 1184 sylendore
617 1114 835 1184 gloriaa,
879 1113 973 1168 sed
1015 1113 1376 1181 magnitudine
1428 1120 1735 1181 sumptuum

184 1218 208 1246 ι
226 1217 561 1276 ερρετειτειυτ.
589 1206 718 1260 lude
748 1204 872 1258 nihil
905 1205 1220 1259 necessariae
1247 1206 1263 1234 ¹
1282 1205 1735 1257 substructionum

184 1300 228 1353 in
252 1296 438 1350 aedibus
476 1298 645 1349 moles
666 1336 679 1359 ,
712 1296 962 1363 ingentes
986 1294 1284 1348 aulicorum
1315 1302 1546 1347 caterva:
1573 1292 1739 1361 legio-

184 1406 292 1444 num
320 1398 581 1456 sumptum
614 1387 769 1441 facile
798 1387 1105 1441 vincebant.
1139 1386 1275 1451 Quin
1303 1385 1462 1439 etiam
1497 1384 1741 1453 prandio-

182 1497 280 1536 rum
310 1490 359 1534 et
389 1493 661 1534 crenarum
708 1479 975 1533 laboratas
1017 1475 1410 1546 magnitudines
1458 1475 1735 1530 Romanus

184 1570 383 1639 populus
427 1568 722 1633 sentiebat;
777 1583 901 1621 cum
933 1569 954 1598 ²
993 1565 1383 1636 qumsitissimae
1429 1565 1595 1634 dapes
1632 1579 1737 1619 non

182 1669 345 1731 gustu,
394 1658 485 1713 sed
548 1657 951 1713 difﬁcultatibus
1012 1657 1427 1719 aestimarentur,
1485 1654 1737 1708 miracula

1832 481 1926 535 riis
1975 482 2384 551 imperatoribus
2419 485 2611 551 gratia,
2658 495 2681 523 α
2709 486 2729 515 ⁵
2755 486 3129 541 communibus
3172 487 3403 542 defuerit

1833 570 2113 626 industria.
2139 571 2322 641 Neque
2351 573 2629 641 quisquam
2667 574 2769 629 sibi
2802 575 3061 629 molestus
3088 577 3159 629 ita
3180 591 3240 629 se
3271 576 3399 629 faci-

1834 660 1939 714 lem
1991 660 2198 715 caeteris
2238 661 2482 729 praebuit,
2528 671 2588 716 ut
2628 677 2732 717 non
2783 663 2851 718 ad
2892 679 3046 718 suum
3095 665 3398 732 exemplqu

1834 751 1968 803 alios
2001 760 2298 806 coerceret.
2347 754 2540 808 Noster
2575 756 2864 821 imperator
2899 756 3029 809 nihil
3061 756 3162 811 sibi
3205 756 3400 819 vonim,

1836 840 1967 895 nihil
1994 842 2204 896 caeteris
2226 843 2483 897 molestia:
2513 859 2576 898 ac
2611 845 2807 898 laboris
2836 847 3164 914 impartiens,
3189 862 3288 902 suo
3310 863 3403 902 ne-

1835 932 1980 1000 gotio
2016 931 2265 985 omnibus
2295 932 2461 985 otium
2505 943 2745 1002 praestat,
2773 931 2801 970 ά
2830 935 3132 990 divitiarum
3161 937 3402 1005 largitor,

1838 1038 2087 1078 curarum
2131 1037 2345 1090 avarus,
2398 1024 2814 1079 lalzoriosissima
2862 1026 3191 1096 negOtiorum
3232 1041 3403 1097 praeo-

1838 1121 1993 1183 ptans
2018 1113 2133 1181 ipse
2158 1129 2317 1182 agere
2340 1128 2495 1183 quam
2518 1115 2637 1168 aliis
2663 1116 2951 1185 imperare.

1909 1208 2044 1262 XIII.
2079 1205 2225 1260 Multi
2256 1216 2374 1274 post
2403 1218 2622 1261 exactos
2653 1221 2807 1276 reges
2835 1218 2857 1245 ο
2886 1209 3162 1275 imperium
3196 1223 3404 1263 univer-

1840 1314 1914 1352 sa:
1953 1297 2259 1365 reipublicae
2306 1296 2603 1349 solitarium
2656 1298 2955 1363 cupierunt.
2995 1298 3126 1351 Nota
3166 1308 3289 1352 sunt
3325 1314 3406 1353 re~

1840 1386 2184 1442 cordantibus
2223 1384 2438 1439 nomina
2487 1399 2670 1439 eorum
2702 1383 2944 1439 videlicet
2969 1387 3059 1454 qui
3101 1387 3153 1439 in
3200 1386 3409 1454 propria

1842 1476 2111 1541 furentes,
2159 1476 2180 1506 ⁸
2214 1475 2445 1529 affectati
2500 1476 2647 1543 regni
2706 1475 2967 1544 supplicia
3021 1477 3409 1545 pependerunt.

1843 1571 1994 1625 Mitto
2015 1578 2222 1624 veteres
2253 1569 2342 1639 qui
2373 1584 2502 1623 saxo
2532 1570 2829 1637 praecipites
2855 1569 2986 1631 dati,
3018 1578 3244 1638 Quorum
3273 1570 3410 1627 bona

1844 1661 2132 1730 publicata,
2165 1660 2186 1691 ⁷
2213 1659 2403 1713 domus
2454 1669 2640 1725 eruta),
2691 1659 2970 1713 interdicta
3012 1661 3238 1729 posteris
3267 1662 3289 1693 ⁸
3311 1676 3411 1716 no-

183 1752 357 1814 avium,
377 1749 651 1818 longinqui
678 1748 843 1803 maris
866 1749 1061 1817 pisces,
1089 1748 1247 1801 alieni
1275 1746 1529 1814 temporis
1558 1761 1735 1815 poma,
1771 1759 1817 1820 Β
1845 1753 2019 1817 mina;
2049 1766 2154 1804 non
2184 1764 2382 1819 paucos
2412 1749 2712 1816 hujusmodi
2743 1750 2923 1803 furore
2945 1751 3203 1804 vecordes
3229 1757 3283 1805 et
3319 1767 3412 1803 no-

183 1842 200 1873 ³
219 1843 400 1896 aestivae
417 1841 595 1908 nives,
620 1841 857 1895 hiberna:
884 1854 1039 1894 rosae.
1061 1839 1185 1893 Haec
1204 1847 1395 1892 cuncta
1420 1837 1630 1892 animus
1652 1853 1745 1891 vo-

181 1934 411 2002 luptatum
440 1933 684 1986 omnium
712 1931 885 1986 victor
905 1930 1119 2000 abjecit.
1149 1930 1333 1999 Neque
1356 1929 1498 1984 enim
1525 1943 1743 1997 compa-

184 2027 338 2079 randa:
367 2032 490 2079 sunt
530 2025 810 2093 picturata:
841 2035 1166 2076 marmorum
1206 2030 1429 2084 crustae,
1477 2027 1533 2073 et
1571 2018 1744 2073 solido

184 2132 292 2170 auro
321 2126 452 2170 tacta
490 2115 797 2185 laquearia,
839 2117 929 2183 qui
977 2113 1234 2182 majorem
1273 2112 1399 2165 anni
1446 2121 1652 2180 partem
1685 2110 1739 2165 in

185 2206 296 2259 nuda
341 2205 501 2259 humo
549 2204 740 2268 cubet,
785 2212 841 2258 et
884 2203 1022 2257 caelo
1067 2210 1272 2256 tantum
1302 2210 1537 2269 tegatur;
1571 2215 1745 2270 neque

182 2297 325 2350 turba:
352 2295 726 2349 institutorum
750 2294 815 2346 ad
847 2292 1064 2346 delicias
1090 2292 1458 2345 ministrorum
1476 2330 1491 2354 ,
1519 2289 1607 2344 cui
1636 2298 1743 2344 tam

186 2400 328 2454 pauca
367 2386 475 2440 sint
520 2383 913 2446 ministranda;
957 2398 1129 2453 neque
1162 2389 1373 2451 tempus
1398 2382 1667 2451 cpulatum
1695 2382 1744 2436 ei

182 2477 257 2545 qui
280 2478 465 2545 saepius
497 2480 787 2530 statarlum
828 2475 1108 2545 prandium
1146 2474 1213 2529 ad
1244 2475 1620 2530 necessitatem
1648 2474 1747 2528 hu-

180 2566 303 2620 mani
338 2566 591 2634 corporis
625 2566 831 2633 capiat,
875 2563 1114 2633 gaudens
1153 2562 1413 2617 castrensi
1454 2561 1604 2629 cibo,
1646 2562 1747 2616 mi-

178 2655 324 2709 nistro
345 2656 504 2710 obvio
538 2664 595 2709 et
626 2654 814 2724 poculo
838 2652 861 2684 ⁵
888 2653 1125 2709 fortuito.

235 2743 341 2800 XII.
368 2745 470 2799 Sed
510 2745 656 2799 inter
692 2743 806 2797 haec
841 2743 1020 2796 mirari
1058 2742 1186 2796 satis
1225 2755 1431 2810 nequeo
1457 2740 1599 2807 quod
1635 2746 1740 2793 tam

178 2848 340 2888 severe
379 2848 579 2903 parcus
633 2834 685 2888 in
739 2828 937 2898 semet,
986 2833 1039 2886 in
1088 2832 1232 2885 cives
1280 2844 1407 2885 suos
1457 2838 1563 2884 tam
1612 2829 1745 2884 libe-

176 2924 287 2979 ralis
326 2933 405 2980 est
441 2939 511 2979 ac
564 2924 849 2988 remisms;
898 2922 1137 2977 laborum
1177 2921 1471 2990 asperrima
1513 2919 1615 2975 sibi
1649 2936 1741 2977 su-

180 3029 331 3080 mens,
360 3026 416 3069 nt
446 3031 552 3071 nos
583 3015 777 3085 quietis
806 3015 966 3070 rebus
990 3000 1275 3082 agitem-ns,
1302 3026 1424 3067 cum
1456 3013 1508 3066 id
1530 3027 1627 3066 usu
1650 3028 1743 3068 ve-

1845 1852 1956 1895 stra
1988 1849 2118 1893 tetas
2149 1839 2287 1904 tulit,
2318 1839 2407 1907 qui
2438 1846 2656 1907 propter
2698 1851 2893 1891 caecam
2926 1838 3218 1905 imperandi
3263 1838 3412 1907 cupi-

1844 1933 2024 1987 dinem
2055 1932 2106 1984 in
2138 1930 2335 1984 ferrum
2377 1935 2617 1982 ruerunt.
2652 1927 2705 1982 Si
2744 1929 2843 1980 hos
2870 1925 3004 1980 deus
3038 1926 3303 1996 pauliSper
3334 1928 3414 1980 vi-

1847 2033 1915 2077 ta:
1966 2020 2208 2075 redditos
2260 2019 2593 2087 alloqnatur;
2645 2016 2799 2082 heus,
2845 2016 2997 2070 verbi
3049 2015 3413 2085 gratia,’Ne-

1848 2114 2063 2183 potiane
2112 2121 2273 2179 atque
2315 2110 2357 2140 ιο
2400 2109 2670 2177 Sylvaue,
2739 2123 2833 2176 per
2897 2108 3116 2161 infestos
3168 2106 3415 2175 gladios,

1846 2211 2249 2273 praesentesque
2289 2207 2493 2254 mortes
2533 2199 2815 2269 imperium
2850 2197 3136 2266 petivistis.
3184 2198 3253 2250 At
3281 2213 3417 2252 nunc

1847 2294 1987 2348 ultro
2014 2293 2166 2346 vobis
2198 2300 2432 2360 potestas
2465 2288 2718 2358 regnandi
2756 2287 2932 2352 datur,
2982 2298 3039 2340 nt
3081 2302 3166 2353 ea,
3195 2303 3297 2358 qua
3327 2287 3418 2341 Ju-

1849 2385 2044 2450 lianus,
2079 2382 2386 2438 conditione
2415 2380 2669 2450 regnetis,
2698 2388 2755 2433 ut
2781 2393 2877 2448 pro
2915 2377 3153 2432 omnium
3196 2377 3307 2432 otio
3334 2377 3419 2432 die

1847 2463 2124 2546 noctuque.
2143 2478 2393 2545 v‘giletis,
2427 2488 2476 2532 et
2500 2488 2621 2531 cum
2645 2477 2845 2531 domini
2869 2476 3156 2540 vocemini,
3185 2476 3419 2530 libertati

1846 2566 2042 2621 civium
2089 2568 2355 2633 serviatis,
2413 2567 2610 2637 saepius
2654 2567 2896 2637 praelium
2941 2581 3098 2636 quam
3142 2565 3419 2635 prandium

1847 2657 2157 2726 capessatis,
2191 2657 2318 2711 nihil
2342 2659 2587 2727 cuiquam
2620 2655 2891 2721 auferatis,
2920 2666 2975 2710 et
3004 2658 3144 2710 ultro
3172 2654 3420 2709 omnibus

1847 2745 2166 2815 largiamini,
2199 2748 2330 2803 nulli
2359 2734 2749 2817 gratificemini.
2780 2748 2833 2800 in
2863 2747 3128 2801 neminem
3157 2745 3417 2810 saeviatis;

1846 2847 1958 2893 toto
1986 2837 2040 2891 in
2079 2839 2209 2893 orbe
2236 2848 2494 2893 terrarum
2533 2839 2727 2893 nullius
2755 2839 2973 2908 virginis
3003 2838 3140 2892 fama
3173 2839 3418 2903 violetur,

1846 2929 1916 2984 sit
1943 2929 2165 2984 lectulus
2192 2930 2355 2983 etiam
2392 2931 2506 2983 sine
2534 2930 2824 2991 concessis,
2850 2926 2891 2960 “
2917 2928 3010 2983 sed
3051 2928 3297 2998 legitimis
3325 2942 3422 2982 vo-

1848 3019 2137 3088 luptatibus
2168 3038 2180 3072 :
2214 3021 2258 3052 ¹¹
2292 3019 2583 3074 Vestalium
2624 3021 2756 3074 toris
2803 3019 3016 3089 purior;
3053 3029 3237 3073 aestate
3293 3020 3421 3072 Ala-

179 3104 280 3160 nire
305 3106 820 3170 animadvertamus,
849 3115 904 3158 ut
933 3104 1023 3173 qui
1042 3112 1301 3158 remotam
1332 3118 1363 3157 a
1383 3102 1742 3171 voluptatibus

1854 3111 2149 3165 mannicum
2180 3111 2492 3179 pulverem,
2539 3112 2716 3166 hieme
2747 3111 2985 3179 pruinam
3017 3112 3257 3165 Thracia:
3288 3111 3424 3163 inte-

178 3194 321 3250 vitam
347 3205 651 3267 sequantur
678 3195 926 3250 difficiles
951 3203 1006 3251 et
1039 3195 1236 3249 morosi
1264 3192 1394 3260 sint,
1425 3192 1525 3249 sibi
1556 3206 1741 3262 parum

178 3288 292 3355 lteti,
346 3290 438 3345 sed
495 3290 625 3344 aliis
667 3288 954 3352 tristiores,
1007 3296 1229 3341 mmmas
1272 3296 1432 3354 atque
1486 3285 1744 3339 sollicitas

179 3377 319 3431 etiam
350 3379 598 3449 privatas
639 3378 830 3432 domos
860 3377 1073 3430 faciant.
1121 3375 1191 3428 At
1240 3374 1610 3429 sanctissimus
1647 3376 1747 3428 im-

179 3476 371 3532 perator
409 3469 661 3537 impense
689 3466 870 3520 studet
898 3474 955 3519 ut
985 3479 1083 3518 nos
1119 3477 1217 3533 pro
1246 3462 1506 3532 dignitate
1540 3463 1745 3518 habite.

176 3571 298 3622 mus,
322 3568 378 3612 ut
400 3556 708 3612 commodis
736 3557 1042 3619 afﬂuamus,
1072 3562 1130 3607 ut
1159 3562 1358 3607 castam
1387 3553 1625 3622 quidem,
1652 3554 1747 3608 sed

179 3644 383 3703 hilarem
412 3650 678 3703 ducamus
715 3655 959 3710 aetatem;
986 3660 1104 3700 cum
1135 3646 1271 3699 alios
1301 3644 1567 3713 principes
1597 3645 1749 3700 labor

239 3769 256 3798 ¹
284 3766 583 3836 lugentium
607 3763 1196 3836 tediiiciorumﬂullius
1216 3778 1310 3836 pro
1332 3761 1747 3836 Mil._num.‘53_:

182 3835 281 3903 Quo
304 3831 366 3890 in.
387 3839 554 3907 fundo
578 3844 781 3907 prapter
801 3836 1012 3888 insanas
1037 3834 1151 3886 illas
1183 3831 1579 3907 substructiones
1605 3831 1754 3907 facile

180 3900 303 3960 mille
326 3900 594 3960 hominum
617 3900 928 3957 versabatur.
960 3907 1022 3956 Et
1044 3919 1191 3956 num.
1219 3903 1287 3955 8S)
1312 3917 1326 3953 :
1354 3900 1471 3954 Ara:
1493 3917 1615 3965 quas
1635 3900 1755 3953 sab-

182 3982 501 4029 Ilrtrctionum
528 3976 722 4027 insanis
749 3974 966 4025 molibus
989 3983 1327 4042 oppresserat.

242 4047 261 4075 ²
288 4046 535 4099 Similem
568 4047 741 4097 locum
768 4044 929 4096 habet
959 4039 1184 4095 Pacatns
1209 4058 1353 4094 num.
1384 4042 1448 4095 15
1479 4048 1525 4091 et
1549 4039 1635 4103 14,
1661 4039 1751 4093 ubi

182 4114 317 4181 plura
337 4116 509 4168 videri
538 4121 758 4183 possunt
776 4113 841 4166 de
859 4113 1372 4183 Itonianorumjluxu
1394 4111 1448 4163 in
1471 4110 1749 4183 conviviis.

183 4179 221 4308 ὲ
245 4183 265 4213 ³
289 4185 438 4307 Utlin
470 4179 550 4237 ιμ’
568 4182 691 4237 Veri
718 4184 994 4251 imperato:
1010 4181 1054 4235 is
1080 4181 1330 4237 convivio
1357 4179 1643 4245 contigisse
1676 4179 1751 4234 ait

224 4263 358 4308 antto
384 4270 529 4308 mus.

224 4255 529 4308 anhohnus.

244 4269 712 4392 5nivaria"lfifidnituin
738 4336 972 4386 spernere
1002 4322 1239 4392 cespitem
1261 4320 1390 4389 legcs
1415 4319 1666 4384 sinebant,
1699 4317 1750 4371 id

186 4402 257 4443 cst
295 4391 536 4446 obvium.
585 4392 780 4445 Juliani
826 4391 1199 4444 abstinentiam
1244 4400 1299 4443 et
1344 4392 1750 4458 temperantiam

186 4463 397 4518 mirifice
418 4462 641 4516 laudant
666 4462 825 4515 etiam
849 4462 938 4530 qui
968 4471 1161 4516 czetera
1189 4460 1302 4530 ejus
1332 4459 1459 4513 vitia
1489 4462 1751 4513 acerrime

187 4543 569 4655 eaEuxeiiilalius
591 4600 720 4667 legit
744 4601 989 4655 comibus.
1012 4598 1285 4654 Utrumvis
1303 4598 1460 4667 elige.

252 4670 271 4700 ⁸
294 4672 501 4725 Alludit
541 4671 607 4722 ad
653 4666 704 4723 id
749 4671 888 4738 quod
919 4670 986 4724 de
1015 4669 1207 4722 Manlio
1249 4666 1551 4736 Capitolino
1581 4666 1747 4722 refert

191 4736 355 4793 Livius
381 4743 478 4796 lib.
504 4756 577 4805 vr,
604 4754 721 4808 cap.
747 4736 839 4807 90,
864 4741 952 4807 qui
979 4738 1211 4793 allectati
1234 4739 1443 4807 imperii
1469 4740 1748 4791 damnatus

190 4810 248 4860 de
288 4814 417 4862 saxo
463 4811 694 4879 Tarpeio
737 4810 789 4863 in
836 4824 1073 4878 praeceps
1108 4809 1347 4877 dejectus
1390 4818 1492 4862 est.
1532 4808 1752 4875 Insuper

190 4891 361 4949 eversa
391 4882 513 4949 ejus
552 4882 761 4947 domus,
795 4880 972 4933 addita
992 4880 1129 4949 ilege
1161 4889 1215 4932 ut
1249 4893 1316 4932 ne
1352 4880 1470 4949 quis
1500 4879 1751 4949 patricius

191 4946 435 5017 deinceps
472 4966 525 5003 in
555 4964 699 5015 arce,
748 4946 841 5003 aut
881 4952 933 5003 in
975 4946 1238 5018 Capitolio
1288 4948 1569 5018 habitaret.
1600 4946 1751 5018 Item

190 5021 350 5084 grntis
378 5020 590 5074 Manlia:
605 5019 823 5074 decreto
847 5017 1065 5074 cautum
1088 5030 1171 5074 est
1207 5033 1273 5073 ne
1310 5018 1428 5087 quis
1451 5017 1645 5072 deinde
1675 5017 1746 5072 Μ.

193 5086 403 5142 \lanlios
427 5099 725 5143 vocaretur.

257 5158 274 5228 7
297 5159 433 5228 Lege
463 5161 669 5226 dirum,
693 5171 750 5212 ut
776 5159 992 5214 Juretus
1011 5158 1331 5228 suspicatur.

254 5226 276 5257 ⁸
296 5226 484 5297 Ponus
508 5230 829 5297 praenomina
854 5246 867 5282 :
900 5244 1021 5283 nam
1049 5226 1201 5283 abeo
1226 5237 1465 5295 tempore
1493 5226 1748 5281 exstitere

190 5297 272 5362 qui
290 5296 463 5353 llatalii
481 5296 805 5365 dicerentur,
826 5315 983 5355 nemo
997 5300 1152 5369 plane
1163 5298 1254 5368 qui
1271 5298 1478 5369 Marcus
1499 5297 1636 5350 Manl
1661 5309 1742 5348 ns.

1778 4577 1829 4639 D

1849 3200 1947 3254 ctis
1987 3201 2271 3255 verticibus
2318 3202 2618 3270 perferatis.
2673 3202 2916 3256 Profecto
2945 3202 3229 3255 verborum
3279 3201 3424 3269 ipso-

1846 3305 1965 3344 rum
2010 3291 2309 3345 molestiam
2353 3293 2596 3345 delicatze
2633 3306 2791 3346 aures
2838 3306 2942 3344 non
2976 3299 3223 3360 poterunt
3264 3290 3424 3343 susti;

1850 3394 1998 3444 nere,
2029 3381 2189 3435 tantis
2212 3382 2436 3450 negotiis
2463 3384 2655 3445 territi,
2681 3397 2785 3435 non
2818 3382 2976 3435 modo
3006 3381 3307 3451 imperium,
3330 3378 3426 3436 sed

1849 3470 2006 3525 etiam
2036 3472 2194 3524 vitam
2226 3473 2421 3539 perosi,
2465 3474 2529 3525 ad
2563 3472 2843 3527 inferiores
2884 3473 3090 3541 aliquos
3119 3472 3318 3526 inferos
3348 3486 3426 3525 re«

1849 3560 1965 3614 dire
2008 3562 2384 3629 properabuut.
2433 3561 2696 3615 Videbunt
2730 3562 2870 3616 enim
2910 3562 3111 3631 justum
3163 3561 3427 3630 principa-

1853 3658 1961 3703 tum
2004 3650 2298 3720 lahorihns,
2348 3654 2510 3717 curis,
2557 3653 2752 3722 vigiliis
2792 3654 3083 3723 inquietum
3111 3670 3124 3704 :
3156 3653 3313 3722 cujus
3351 3650 3427 3706 illi

1926 3772 1947 3802 ⁹
1978 3769 2027 3823 Is
2071 3785 2132 3823 cx
2184 3769 2414 3822 Tristaui
2464 3768 2785 3823 iztimismate
2841 3768 3052 3822 Flavius
3102 3767 3427 3833 Nepotianus

1856 3838 2251 3893 Constantinus.
2296 3841 2370 3891 Ex
2394 3840 2600 3892 Goltzto
2630 3853 2755 3892 vero
2773 3846 2827 3891 et
2856 3838 3065 3893 Occone
3089 3837 3302 3890 Flavius
3325 3837 3428 3888 Pu»

1860 3910 2016 3976 pilius
2060 3910 2400 3973 Nepotianus.
2455 3909 2529 3960 Ex
2581 3908 2831 3975 Eutropia
2877 3906 3209 3960 Constantini
3254 3905 3423 3974 Magni

1858 3994 2065 4042 sorore,
2112 3989 2163 4031 et
2213 3979 2418 4044 Popilo
2447 3977 2741 4040 Nepotiano
2784 3978 2899 4030 viro
2943 3976 3205 4030 consulari
3236 3985 3423 4039 natus;

1857 4048 1947 4116 qui
1976 4063 2093 4100 com
2124 4063 2264 4101 creso
2287 4048 2568 4116 Magnentii
2596 4048 2829 4099 exercitu
2858 4046 3052 4100 Urbem
3078 4044 3231 4116 simul
3253 4055 3305 4099 et
3327 4044 3426 4099 im-

1860 4115 2064 4186 perium
2096 4115 2395 4182 invasisset,
2431 4117 2542 4185 ipse
2570 4117 2800 4169 vicissim
2832 4131 2863 4170 a
2905 4115 3171 4170 Maxentio
3192 4116 3423 4181 deletus,

1858 4203 2136 4255 cmsusque
2161 4198 2263 4241 est.

1932 4257 1973 4287 ¹⁰
2004 4254 2264 4326 sylvanns
2306 4256 2357 4309 in
2388 4254 2570 4309 Galliis
2598 4265 2769 4315 ortus,
2812 4255 2984 4308 Boniti
3018 4254 3294 4323 cujusdam
3330 4268 3425 4306 na-

1859 4326 2001 4379 tionc
2027 4327 2230 4390 Franci,
2260 4326 2487 4379 hominis
2514 4328 2652 4379 bello
2676 4326 2958 4378 clarissimi
2992 4326 3158 4387 filius;
3186 4328 3273 4392 qui
3303 4337 3424 4376 cum

1856 4411 1885 4448 a
1933 4397 2024 4449 τρι»
2064 4397 2115 4448 lli
2160 4398 2458 4463 Magnentio
2509 4394 2880 4461 transfugisset
2926 4393 2992 4447 ad
3027 4392 3421 4463 Constantium,

1855 4466 2081 4534 ideoque
2109 4461 2340 4533 pedestri
2368 4466 2675 4531 magisterio
2714 4466 2941 4516 donatus
2972 4463 3184 4534 fui.~set,_
3212 4461 3423 4534 tando-nt

1856 4532 2140 4605 purpuram
2172 4542 2402 4600 sumpsit
2422 4535 2658 4589 Colonia:
2685 4534 3012 4605 Agrippina).
3039 4532 3189 4605 Quod
3218 4532 3337 4585 fecit
3359 4546 3423 4605 es

1857 4602 2174 4675 necessitate
2203 4606 2376 4674 potius
2396 4620 2553 4675 quam
2578 4620 2640 4659 ex
2670 4603 2963 4674 tyrannidis
2991 4602 3284 4675 cupiditate
3310 4618 3323 4654 :
3348 4602 3427 4675 af-

1854 4674 2036 4728 fecta'i
2080 4670 2219 4727 enini
2265 4670 2472 4744 imperii
2517 4670 2797 4742 suspectus
2831 4674 3006 4744 “morti
3047 4670 3077 4725 a
3114 4670 3427 4744 constantia

1858 4744 2249 4809 destinabatur;
2274 4741 2431 4813 quam
2462 4741 2633 4799 tamen
2660 4759 2764 4797 non
2788 4741 2992 4813 effugit,
3019 4756 3137 4796 nant
3166 4741 3426 4813 ineadcm

1859 4815 1997 4885 urbe
2011 4831 2039 4867 a
2069 4811 2462 4870 Constantianis
2486 4828 2770 4885 oppressus
2794 4811 3197 4869 est.'Ammian.
3226 4811 3319 4866 lib.
3351 4826 3425 4875 tv,

1860 4884 1926 4938 A.
1960 4883 2157 4939 Victor.

1932 4955 1970 4985 “
2001 4959 2099 5027 Alii
2128 4959 2329 5027 legunt,
2358 4967 2405 5011 et
2434 4956 2692 5027 legitimis.

1929 5027 1971 5056 ¹²
1999 5019 2236 5081 νθιιειιὲε
2262 5019 2503 5096 virgines
2515 5025 2686 5096 Vestae
2714 5022 2887 5096 sacris
2906 5019 3426 5096 perpetuiqueignis

1857 5096 2115 5150 custodia:
2152 5092 2368 5161 dicatae;
2412 5112 2442 5149 a
2492 5094 2658 5148 Numa
2713 5094 2973 5162 Pompilio
3004 5093 3230 5160 primum
3276 5092 3429 5144 iusti-

1856 5174 2005 5220 tuue.
2032 5166 2183 5220 Ovid.
2210 5166 2455 5219 Triarium
2499 5165 2589 5220 lib.
2616 5178 2688 5230 tv,
2722 5164 2792 5218 el.
2824 5164 2880 5217 2.
2912 5164 3108 5229 Quae...

2188 5302 2436 5367 Perpetua
2459 5314 2657 5353 servant
2681 5240 3150 5364 virginitate

1509 5382 2078 5440 INTERPRETATIO.

259 5483 282 5509 ³
314 5474 574 5540 Difl'erret.

255 5541 282 5578 δ
315 5543 415 5619 ραι
444 5561 577 5619 ajgre
597 5548 679 5600 sui
708 5550 908 5619 copiam
931 5549 1148 5619 faciunt.

260 5621 281 5682 ξ
320 5612 691 5682 Ρυριιιὶιηὺιιε.

255 5677 282 5717 ἀ
317 5677 454 5752 Opes
490 5686 573 5740 dat
608 5688 751 5757 larga
796 5704 976 5755 manu,
1008 5688 1401 5743 sollicitudinem
1427 5699 1553 5739 vero
1586 5698 1754 5752 parre,

1863 5475 2000 5543 quod
2035 5473 2386 5543 diﬂirillimum
2415 5482 2487 5529 est
2518 5474 2705 5529 mavult
2738 5475 2844 5544 ipse
2883 5474 3106 5541 exsequi,
3140 5485 3292 5540 quam
3314 5469 3429 5523 aliis

1861 5547 2133 5612 prtr'ct'pere
2162 5546 2557 5611 exsequendum.

1933 5623 1955 5649 ο
1984 5614 2161 5668 Totam
2188 5616 2500 5683 rempublica
2520 5632 2551 5669 ιι
2574 5615 2669 5671 soli
2698 5628 2869 5686 regere
2897 5618 3254 5681 pemptartmt.
