3948 6170
529 253 630 306 ιιι]

1901 235 2369 292 MAMERTINUS.
3649 249 3732 306 4Ξο

525 363 713 417 [aciem
736 376 1002 416 arumnam
1030 369 1083 415 et
1105 357 1386 412 amabilem
1410 351 1835 420 contemplantes
1862 348 2108 404 laborum
2141 353 2194 411 Α
2223 351 2534 418 imperator,
2559 349 2602 403 si
2635 358 2836 404 tantum
2864 349 3078 415 amasti,
3102 358 3159 402 ut
3183 361 3268 402 mc
3296 348 3544 405 consulem
3573 355 3735 414 faceres

525 466 716 521 astiera
750 467 854 504 non
880 450 1155 503 videbant.

597 543 736 596 XIV.
768 543 902 596 Cum
931 543 1090 609 igitur
1117 540 1256 591 inter
1277 534 1487 604 egregia
1518 533 1731 601 negotia
1765 532 1959 585 itinere
1983 544 2114 584 con-

527 636 665 690 fecto
711 649 877 701 usque
909 633 974 684 ad
1005 629 1246 683 Thracio
1279 626 1413 678 lines
1455 631 1769 692 perventum
1811 623 1963 685 foret,
1994 635 2112 674 cur-

526 728 626 779 sim
654 723 914 792 disposito
940 720 1208 774 exercitus
1235 724 1562 778 commeatu,
1594 713 1660 767 ad
1694 713 1988 766 Romanam
2019 726 2111 763 ur-

523 813 670 876 bem,
709 825 937 864 annonae
981 822 1227 871 vacuam,
1273 818 1506 860 mentem
1551 805 1782 858 reﬂexit.
1813 801 2114 867 Quemlibet

523 902 686 954 alium
716 915 744 952 a
773 896 1129 952 subveniendi
1161 895 1444 950 conatibus
1487 893 1802 962 gravissima
1841 890 2030 953 fames,
2059 897 2115 943 et

525 990 888 1045 tristissimum
928 987 1241 1056 reipublicae
1271 986 1566 1055 periculum
1597 983 1970 1038 deterruisset.
1999 980 2106 1036 Sed

525 1080 808 1150 stipendiis
835 1079 1257 1148 provinciarum,
1289 1085 1343 1129 et
1373 1074 1674 1143 patrimonii
1715 1072 1795 1126 sui
1827 1069 2107 1134 fructibus,

525 1183 637 1226 tum
677 1171 911 1239 undique
949 1171 1231 1224 frumentis
1267 1167 1526 1234 coemptis
1574 1179 1742 1233 usque
1787 1163 1855 1217 ad
1890 1161 2110 1231 opulen:

525 1264 652 1317 tiam
689 1262 1178 1336 abundantiamque
1219 1260 1540 1314 esurientem
1567 1256 1675 1324 jam
1717 1254 1911 1310 Urbem
1944 1256 2113 1307 reler-

524 1355 612 1408 sit.
668 1354 815 1407 Dicet
853 1354 1067 1422 aliquis,
1119 1350 1389 1420 quomodo
1441 1358 1547 1402 tam
1593 1346 1757 1399 multa
1813 1355 1917 1397 tam
1961 1344 2110 1397 brevi

527 1442 802 1510 tempore?
847 1442 913 1495 Et
950 1450 1117 1495 recte.
1161 1439 1263 1494 Sed
1296 1439 1586 1506 imperator
1633 1443 1814 1488 noster
1850 1433 1998 1486 addit
2040 1432 2109 1488 ad

529 1541 742 1602 tempus
781 1531 924 1600 quod
961 1531 1072 1583 otio
1109 1544 1208 1582 suo
1249 1527 1507 1581 detrahit.
1547 1524 1688 1578 Nihil
1719 1538 1932 1588 somno,
1975 1522 2109 1578 nihil

526 1624 721 1692 epulis,
778 1622 908 1676 nihil
949 1622 1060 1675 otio
1103 1618 1311 1685 tribuit,
1346 1627 1371 1654 ⁸
1400 1619 1514 1685 ipsa
1557 1632 1618 1671 se
1649 1616 1969 1670 naturalium
2013 1630 2104 1670 ne-

2221 441 2383 495 etiam
2417 455 2524 494 non
2555 451 2874 495 merentem.
2904 441 3012 494 Nec
3045 441 3234 510 ignoro
3281 441 3522 495 maximos
3546 442 3735 504 honores

2218 533 2282 586 ad
2316 547 2500 601 parum
2544 533 2733 600 dignus
2770 535 2991 600 penuria
3023 531 3307 586 meliorum
3353 532 3514 586 solere
3554 535 3734 603 deferri,

2217 621 2313 676 sed
2359 637 2464 675 non
2498 636 2688 675 vereor
2719 637 2785 675 ne
2829 622 2952 690 quis
2996 619 3376 674 malevolorum
3417 621 3465 674 in
3508 627 3734 682 consulatu

2217 726 2339 765 meo
2361 711 2413 764 id
2441 720 2681 764 autumet
2697 711 2982 765 accidisse.
3006 710 3067 765 Si
3095 710 3216 778 quis
3248 709 3348 762 hoc
3367 710 3737 783 lividusjactitat,

2216 802 2334 870 ipso
2367 812 2606 870 tempore
2627 802 2920 866 refutatur,
2964 802 3226 854 adversus
3256 814 3407 868 quem
3437 800 3614 857 dixisse
3631 809 3738 861 satis

2215 901 2322 958 est,
2349 892 2460 961 jam
2511 903 2621 947 tum
2668 892 2896 960 principi
2938 901 3126 946 nostro
3171 893 3338 946 ltoma
3378 894 3595 959 parebat.
3630 897 3740 962 Quid

2214 983 2357 1051 quod
2384 983 2514 1035 nihil
2546 982 2784 1051 speranti
2803 982 2932 1036 mihi
2963 980 3031 1035 de
3052 981 3274 1034 honoris
3295 991 3581 1049 augmento,
3601 1001 3740 1053 neque

2213 1072 2356 1127 enim
2385 1073 2522 1126 ultra
2553 1071 2930 1140 praefecturam
2959 1085 3019 1124 se
3048 1080 3298 1124 votorum
3333 1085 3552 1126 meorum
3591 1075 3740 1130 mode-

2213 1164 2318 1217 stia
2352 1163 2675 1232 porrigebat,
2702 1161 2987 1229 praefertur
3003 1162 3225 1215 nuntius
3245 1163 3511 1216 consulem
3529 1179 3603 1218 me
3621 1181 3742 1219 crea-

2219 1263 2332 1307 tum
2360 1253 2478 1306 sine
2507 1251 2810 1320 impendio,
2840 1251 2983 1318 quod
3010 1253 3121 1318 jam
3145 1251 3238 1304 diu
3263 1252 3472 1318 paucis;
3500 1255 3602 1308 sine
3622 1255 3741 1310 labo~

2215 1358 2293 1408 re,
2325 1343 2465 1413 quod
2491 1358 2760 1412 nunquam
2788 1357 2804 1406 ;
2833 1343 2950 1396 sine
2981 1342 3261 1411 petitione,
3291 1342 3431 1411 quod
3461 1345 3674 1397 nemini?

2285 1435 2420 1488 XVI.
2448 1436 2578 1500 Quis
2602 1436 2804 1503 ignorat
2839 1444 2948 1486 tum
2975 1448 3189 1502 quoque
3209 1448 3333 1486 cum
3357 1435 3574 1490 honores
3596 1438 3740 1504 populi

2213 1527 2440 1580 Romani
2471 1525 2738 1593 suffragiis
2769 1523 3167 1577 mandabantur
3193 1523 3392 1577 multos
3422 1524 3572 1578 fuisse
3597 1527 3746 1579 caudi-

2212 1615 2456 1669 datorum
2509 1615 2758 1669 labores?
2812 1614 3114 1668 Ediscenda
3151 1615 3392 1668 omnium
3438 1617 3630 1670 nomina
3669 1619 3744 1671 tri-

527 1718 994 1781 cessariarumque
1035 1724 1214 1765 rerum
1245 1708 1593 1777 usurpatione
1634 1706 1931 1767 defraudat,
1964 1713 2105 1760 totus
2136 1711 2184 1772 Β
2211 1709 2392 1775 buum,
2425 1710 2445 1739 ⁶
2473 1710 2742 1773 homines,
2775 1719 2939 1778 atque
2960 1709 3122 1763 etiam
3142 1707 3338 1776 singuli
3365 1706 3628 1766 salutandi.
3658 1725 3747 1776 pre-

524 1801 824 1856 commodis
855 1801 1080 1870 publicis
1109 1807 1278 1854 vacat.
1305 1799 1488 1867 Itaque
1507 1795 1850 1866 grandaevum
1869 1795 1981 1863 jam
2005 1795 2105 1848 im-

525 1894 736 1963 rerium
764 1892 1034 1946 videbitur
1066 1892 1148 1944 his
1187 1890 1277 1959 qui
1325 1903 1432 1942 non
1471 1889 1679 1941 ratione
1715 1887 1946 1947 dierum,
1974 1886 1990 1915 ⁸
2017 1894 2107 1938 aut

526 1983 815 2048 mensium,
870 1981 966 2035 sed
1007 1995 1229 2049 operum
1275 1976 1638 2046 multitudine,
1690 1983 1747 2030 et
1796 1975 2103 2029 effectarum

526 2087 707 2126 rerum
749 2073 910 2126 modo
953 2069 1150 2124 Juliani
1199 2079 1438 2137 tempora
1487 2066 1793 2120 metientur.
1840 2065 1969 2118 Cum
2003 2064 2108 2118 Ro-

527 2166 670 2220 mani
693 2165 872 2234 populi
900 2163 1092 2228 victus,
1124 2171 1179 2215 et
1209 2161 1479 2216 exercitus
1517 2163 1852 2212 commeatus
1879 2165 2025 2212 esset
2051 2155 2105 2208 in

528 2259 794 2322 manibus,
818 2259 870 2312 in
902 2256 1075 2311 media
1105 2252 1454 2323 expedienda:
1475 2264 1702 2305 annona:
1725 2247 2102 2317 trepidatione,

528 2349 746 2403 nuntius
773 2347 916 2402 venit
944 2345 1200 2416 plurimas
1230 2357 1393 2398 naves
1421 2340 1674 2396 Africano
1706 2338 1882 2393 tritico
1912 2352 2107 2406 graves

527 2441 548 2472 '
577 2441 726 2494 littus
763 2439 1058 2493 Achaicum
1102 2440 1483 2502 praetervectas
1529 2432 1551 2462 ³
1588 2428 2105 2496 Constantinopolim

526 2529 854 2599 pervolasse.
912 2525 1147 2581 Permoti
1194 2537 1404 2589 omnes,
1455 2531 1510 2577 et
1558 2522 1815 2576 adversus
1865 2532 1959 2573 eos
2014 2518 2106 2588 qui

525 2633 675 2674 oram
707 2619 1027 2673 maritimam
1051 2615 1336 2670 tuebantur
1364 2613 1506 2678 irati,
1537 2611 1778 2666 venimus
1808 2609 1876 2664 ad
1905 2611 2104 2679 princi-

523 2722 670 2777 pem,
701 2707 903 2762 desidia
930 2706 1169 2775 judicum
1202 2713 1406 2760 tantum
1428 2704 1632 2771 perisse
1654 2701 1904 2758 frumenti
1934 2711 2109 2754 certa-

525 2800 619 2852 tim
645 2813 741 2868 pro
767 2811 825 2852 se
851 2795 1076 2865 quisque
1109 2794 1511 2864 conquerimur.
1541 2791 1613 2847 At
1643 2791 1909 2846 maximus
1936 2791 2106 2860 impe-

522 2897 670 2942 rator
700 2902 954 2943 serenum
1000 2886 1273 2952 renidens,
1323 2884 1455 2938 nihil
1499 2898 1622 2938 esse
1654 2891 1956 2952 peccatum,
1998 2898 2105 2937 non

520 2979 620 3034 sibi
646 2980 866 3048 perisse,
899 2994 1020 3047 qua:
1047 2979 1112 3031 ad
1137 2978 1275 3032 hanc
1299 2976 1486 3032 urbem
1509 2975 1778 3031 frumenta
1801 2976 2101 3030 venissent.

2212 1799 2503 1854 hensanda:
2549 1799 2828 1853 obviorum
2861 1814 3086 1865 manus,
3115 1797 3367 1852 omnibus
3420 1798 3745 1864 arridrndum;

2212 1907 2319 1945 non
2343 1893 2516 1946 Solum
2544 1907 2665 1945 cum
2698 1892 2921 1955 intimis,
2952 1891 3045 1946 sed
3072 1892 3234 1946 etiam
3262 1905 3388 1944 cum
3425 1890 3605 1959 ignotis
3620 1890 3750 1944 fami-

2211 1984 2460 2038 liaritatis
2488 1985 2665 2053 imago
2685 1984 3006 2049 simulanda,
3036 1985 3316 2050 multaque
3337 1984 3437 2037 alia
3464 1994 3656 2052 propter
3673 1984 3747 2037 ho-

2209 2090 2393 2128 norem
2431 2076 2657 2143 agenda,
2687 2090 2806 2144 quae
2844 2075 2978 2128 alias
3008 2075 3182 2128 virum
3228 2073 3439 2128 honore
3469 2073 3666 2142 dignum
3689 2073 3751 2126 fa-

2207 2180 2331 2219 cere
2361 2179 2467 2219 non
2497 2165 2735 2219 deceret.
2765 2165 2919 2220 Unde
2948 2164 3077 2218 illud
3108 2165 3292 2218 Crassi
3326 2164 3537 2218 celebre
3563 2163 3749 2227 dictum,

2207 2269 2330 2308 cum
2360 2262 2564 2321 peteret
2591 2253 2931 2308 consulatum
2953 2295 2967 2318 ,
3004 2263 3060 2308 et
3107 2255 3244 2308 forte
3275 2268 3400 2306 cum
3442 2253 3663 2307 Sczevola
3686 2268 3752 2306 so—

2208 2358 2335 2399 cero
2365 2359 2462 2413 per
2484 2345 2597 2398 vias
2627 2344 2783 2399 Urbis
2827 2343 3139 2407 incederet,
3171 2358 3270 2397 nec
3304 2350 3566 2412 praesente
3587 2342 3756 2408 gravis-

2209 2435 2348 2488 simo
2395 2442 2450 2488 et
2491 2433 2835 2489 severissime
2867 2435 2981 2488 viro
3025 2433 3254 2488 blandiri
3308 2433 3528 2502 populo,
3575 2431 3758 2501 palpare

2206 2524 2428 2590 obvios,
2477 2533 2532 2579 et
2580 2532 2727 2580 artes
2775 2522 3052 2594 petitorias
3081 2525 3308 2580 auderet
3343 2538 3608 2579 exercere.
3634 2524 3760 2589 Qua:-

2208 2630 2293 2679 so,
2327 2617 2519 2684 inquit,
2567 2617 2731 2680 Muci,
2782 2617 3054 2685 paulisper
3096 2617 3384 2680 abscedas,
3418 2631 3516 2671 nec
3541 2616 3760 2670 comitatu

2207 2713 2301 2760 tuo
2348 2707 2622 2760 honestari
2665 2715 2819 2776 putes
2856 2725 2868 2758 :
2911 2707 3141 2776 impedis
3193 2707 3464 2762 honorem
3495 2720 3693 2767 meum;
3723 2711 3764 2756 te

2206 2804 2487 2864 spectante
2517 2796 2732 2864 ineptus
2764 2798 2927 2851 Vesse
2973 2811 3082 2850 non
3125 2811 3375 2866 possum.
3417 2796 3486 2850 At
3526 2810 3644 2852 vero
3684 2808 3762 2862 ego

2207 2887 2406 2942 nullius
2447 2886 2687 2940 favorem
2722 2888 2861 2955 turpi
2910 2889 3281 2941 assentatione
3325 2889 3624 2956 promerui,
3657 2883 3765 2937 nihil

2205 2976 2306 3032 feci
2326 2979 2584 3044 ineptum,
2612 2975 2744 3029 nihil
2773 2977 2856 3044 egi
2876 2977 3018 3046 quod
3043 2984 3294 3045 spectare
3325 2977 3557 3030 Mucium
3576 2973 3762 3027 nollem.

519 3069 628 3123 Nos
663 3085 846 3124 vocem
879 3070 1023 3123 illam
1043 3069 1155 3123 noti
1181 3068 1382 3122 amoris
1423 3067 1475 3121 in
1509 3068 1734 3137 patriam
1767 3067 2100 3136 putabamus,
2129 3053 2175 3115 Ο
2207 3068 2324 3123 Non
2355 3068 2518 3122 modo
2547 3067 2752 3122 nullum
2783 3067 3120 3136 popularium
3157 3067 3490 3136 deprecatus
3525 3080 3654 3127 sum,
3691 3061 3767 3117 sed

519 3174 642 3214 cum
671 3159 1022 3228 proditionem
1048 3158 1212 3212 futuri
1249 3158 1538 3213 verborum
1581 3157 1809 3226 ambago
1852 3159 2096 3213 celaret:

518 3252 624 3320 iam
653 3261 761 3304 tum
808 3253 950 3304 cnim
983 3260 1220 3305 venturae
1261 3250 1529 3326 felicitatis
1567 3260 1818 3305 eventum
1849 3250 2096 3304 conscius

517 3342 682 3394 divini
709 3341 916 3394 animus
947 3340 1292 3408 prtevidebat.

590 3429 704 3482 XV.
736 3428 827 3482 Cis
854 3431 1110 3496 pauculos
1131 3428 1246 3482 dies
1275 3428 1328 3482 in
1357 3441 1554 3482 novum
1582 3441 1645 3482 ac
1670 3428 1951 3483 florentem
1985 3437 2097 3484 sta-

517 3531 628 3575 tum
659 3521 930 3590 republica
960 3521 1235 3585 restituta,
1279 3533 1428 3573 sacra
1457 3535 1610 3574 mens
1652 3520 1718 3574 ad
1749 3519 2012 3576 honorum
2041 3531 2098 3577 et

518 3614 924 3682 magistratuum
953 3621 1264 3666 ornamenta
1293 3610 1549 3679 respexit.
1578 3612 1792 3667 Versari
1819 3612 2016 3681 cmpit‘
2038 3613 2094 3668 in

515 3703 656 3758 sacri
697 3704 930 3771 pectoris
968 3695 1196 3756 'comitio
1224 3701 1558 3755 consulatus.
1591 3701 1729 3768 Quid
1780 3713 1998 3756 secutus
2026 3702 2098 3757 sit

515 3794 630 3861 ipse
659 3795 780 3858 scit,
813 3803 867 3847 et
890 3807 1222 3862 quaecunque
1253 3791 1474 3846 consilia
1496 3794 1616 3860 ejus
1637 3793 1838 3862 gaudet
1865 3795 2097 3850 formare

515 3887 789 3942 divinitas.
819 3887 894 3940 De
923 3886 1174 3940 omnibus
1216 3885 1443 3939 Romani
1490 3885 1701 3954 imperii
1732 3884 1860 3938 viris
1891 3885 2094 3953 primus

514 3977 716 4031 electus
739 3992 880 4042 sum,
901 3992 1020 4030 cum
1044 3976 1302 4030 honorem
1334 3990 1510 4030 meum
1537 3976 1747 4029 adoreis
1775 3975 2092 4031 militaribus

515 4065 785 4134 gloriosus
816 4065 836 4094 ⁸
864 4065 1068 4134 collega
1096 4064 1418 4118 cumularet.
1451 4062 1663 4118 Gratias
1691 4063 1815 4128 tibi,
1861 4064 2092 4132 gratias,

512 4157 826 4226 imperator,
861 4156 904 4210 si
929 4157 1124 4210 mereri
1153 4171 1238 4212 me
1261 4156 1561 4222 credidisti,
1586 4163 1640 4210 et
1667 4155 1848 4224 plures
1873 4157 2091 4225 gratias,

583 4271 603 4303 ⁸
641 4271 828 4325 Habita
857 4277 940 4323 est
962 4269 1104 4323 enim
1136 4269 1249 4323 ha'c
1276 4270 1446 4323 oratio
1475 4270 1645 4324 altero
1669 4277 1949 4338 postquam
1991 4272 2091 4324 im-

513 4351 732 4412 pet-ator
759 4343 1084 4395 acclamatus
1111 4349 1256 4412 esset
1285 4356 1447 4393 anno.

581 4413 600 4442 ²
630 4411 854 4474 Achaia,
883 4427 1002 4478 qua:
1022 4422 1076 4464 et
1104 4410 1307 4465 Cra-cia
1332 4412 1627 4472 dicitur,ex
1651 4424 1753 4463 una
1782 4419 1933 4478 parte
1958 4409 2091 4463 mari

510 4481 799 4535 circunﬂua
825 4521 841 4543 ,
882 4497 946 4534 ex
987 4483 1149 4534 altera
1179 4480 1468 4534 Thessalia:
1498 4490 1550 4533 et
1581 4479 1744 4546 Epiro
1786 4480 2086 4533 terminata.

511 4551 711 4605 Achaia
745 4558 922 4603 tamen
952 4553 1166 4618 proprie
1187 4550 1349 4614 dicta,
1381 4550 1529 4619 regio
1565 4550 1917 4619 Peloponnesi
1953 4551 2092 4604 inter

510 4621 822 4674 Corinthum
856 4629 910 4673 et
941 4621 1148 4673 Patras.

580 4692 601 4720 ³
634 4690 770 4744 Urbs
786 4690 850 4744 ad
881 4690 1209 4756 Il05phorum
1225 4689 1510 4744 Thracium
1533 4688 1632 4744 sita
1653 4704 1716 4744 ac
1738 4689 1982 4744 Thraciae
2002 4704 2090 4744 ca-
2115 4679 2168 4739 D

511 4772 626 4831 put,
657 4761 782 4814 olim
816 4762 1146 4829 Byzantium.

579 4830 600 4861 ⁸
621 4832 710 4885 Sic
739 4827 881 4883 enim
928 4831 1016 4898 qui
1045 4844 1225 4883 secum
1257 4827 1372 4896 ipse
1401 4828 1468 4881 de
1493 4829 1665 4897 aliqua
1713 4845 1774 4883 re
1804 4829 2087 4893 deliberat,

507 4913 563 4954 et
593 4902 857 4954 rationum
891 4901 940 4953 in
966 4910 1247 4966 utramque
1273 4909 1479 4967 partem
1512 4910 1780 4953 momenta
1811 4902 2088 4967 expendit,

509 4972 658 5038 quasi
712 4972 925 5024 comitia
979 4970 1137 5024 habet
1165 4971 1303 5037 apud
1345 4984 1404 5023 se
1452 4980 1506 5024 et
1541 4969 1593 5023 in
1623 4970 1804 5024 animo
1850 4983 1968 5024 suo.
2003 4971 2093 5024 Sic

511 5041 750 5105 l’lautus,
788 5041 993 5111 Epidic.
1027 5055 1104 5094 sc.
1127 5041 1184 5108 2,
1209 5049 1312 5094 act.
1340 5041 1364 5094 1
1396 5057 1410 5092 :

629 5130 652 5177 ,Ι
661 5143 738 5178 am
760 5140 983 5181 senatum
1005 5132 1283 5181 convocabo
1305 5133 1355 5180 in
1377 5133 1527 5181 corde
1552 5129 1868 5180 consiliorum

580 5213 724 5268 Idem
749 5216 798 5266 in
831 5215 1014 5267 Μοδῑεί
1039 5232 1057 5269 :

637 5305 756 5353 Dum
780 5305 894 5352 mihi
917 5314 1138 5354 senatum
1164 5306 1349 5356 consilii
1376 5307 1422 5355 in
1443 5305 1588 5355 corde
1615 5318 1846 5354 convoco.

580 5390 602 5420 ⁸
631 5391 841 5445 Flavius
864 5393 1070 5458 Nevita,
1105 5394 1210 5461 qui,
1244 5393 1388 5446 utait
1417 5394 1734 5446 Ammianus
1758 5393 1853 5445 lib.
1874 5405 2005 5453 χχιι,
2031 5400 2090 5444 ut

2207 3173 2276 3213 ne
2306 3167 2358 3212 te
2380 3158 2596 3228 quidem
2628 3158 2824 3227 ipsum,
2858 3157 3172 3226 imperator,
3200 3172 3370 3226 quem
3396 3169 3551 3208 orare
3574 3152 3766 3221 praecla-

2197 3265 2339 3316 rum,
2369 3251 2454 3304 cui
2487 3265 2673 3320 preces
2710 3250 2972 3304 adhibere
2991 3250 3372 3319 plenissimum
3396 3246 3666 3318 dignitatis
3685 3255 3768 3306 εει,

2199 3341 2366 3396 verbo
2396 3342 2585 3396 saltem
2613 3341 2741 3395 adii.
2771 3341 2976 3410 Sponte
3004 3341 3058 3395 in
3089 3340 3351 3394 familiam
3379 3336 3620 3393 divinum
3647 3333 3767 3389 istud

2203 3447 2232 3486 a
2271 3443 2323 3488 te
2353 3449 2544 3490 munus
2575 3433 2809 3489 infusum
2838 3444 2943 3489 est.

2273 3524 2436 3578 XVII.
2472 3524 2704 3580 Fatebor
2743 3536 2923 3580 autem
2952 3524 3068 3593 tibi,
3113 3525 3358 3580 maxime
3403 3525 3700 3592 imperator,
3728 3529 3771 3570 ct

2204 3624 2322 3671 tuto
2349 3617 2488 3686 apud
2536 3627 2589 3672 te
2629 3617 2808 3672 omnia
2836 3616 2864 3656 δ
2892 3617 3055 3671 animi
3096 3626 3292 3684 operta
3347 3614 3625 3670 reserabo.
3650 3610 3772 3664 Nunc

2203 3723 2366 3778 quam
2391 3710 2414 3740 ⁸
2443 3709 2497 3762 in
2527 3710 2702 3778 capita
2725 3706 2930 3763 'civium
2975 3716 3322 3777 potestatem,
3368 3721 3638 3776 nunquam
3668 3717 3772 3772 pro-

2199 3797 2405 3852 vincias
2436 3797 2740 3866 concupivi,
2771 3799 2865 3852 sed
2887 3799 3009 3867 quia
3029 3798 3266 3867 juvanda
3289 3799 3460 3852 etiam
3489 3812 3518 3849 a
3544 3811 3625 3850 me
3641 3792 3770 3846 vide-

2199 3887 2357 3942 batur
2377 3892 2397 3922 ’
2429 3905 2527 3960 pro
2561 3889 2702 3944 virili
2732 3891 2981 3959 portione
3011 3891 3343 3960 respublica,
3382 3905 3511 3944 cum
3541 3889 3603 3941 ad
3633 3884 3772 3953 magi-

2198 3991 2426 4036 stratum
2454 3997 2698 4048 voearer,
2720 3993 2942 4054 propter
2981 3982 3294 4052 opinionem
3329 3983 3560 4038 desidiae
3586 3995 3683 4034 non
3701 3991 3772 4031 re-

2198 4071 2330 4142 fugi.
2348 4073 2630 4143 Negotium
2654 4074 2922 4143 publicum
2945 4089 3117 4142 neque
3132 4074 3348 4128 ambitu
3379 4075 3606 4142 appetii,
3626 4084 3773 4137 neque

2199 4176 2296 4230 per
2327 4164 2689 4230 timiditatem,
2715 4173 2805 4218 aut
2828 4165 3094 4234 ignaviam
3116 4164 3398 4227 recusavi,
3432 4166 3528 4218 sed
3551 4177 3579 4215 a
3602 4159 3772 4214 teneris

2197 4275 2421 4345 primum
2464 4277 2714 4345 augenda:
2738 4277 3016 4332 barbarica:
3044 4277 3256 4330 vilitatis
3294 4287 3590 4341 auctorem,
3614 4276 3773 4326 immo-

2194 4344 2369 4398 derate
2398 4344 2665 4400 natarerat
2695 4346 3106 4401 Constantinum.

2267 4414 2288 4444 ⁶
2317 4416 2375 4468 Id
2403 4426 2507 4479 cst,
2543 4418 2640 4484 ipsi
2670 4417 2806 4471 adeo
2835 4419 3028 4485 singuli
3059 4417 3312 4471 homines
3354 4415 3647 4472 salutandi.
3676 4411 3776 4485 Aci:

2194 4483 2366 4539 dalius
2401 4485 2526 4558 legit
2552 4481 2744 4549 omnes,
2773 4481 3095 4552 atque'vctiam
3120 4489 3343 4558 singuli,
3380 4499 3493 4540 etc.
3538 4489 3589 4539 lu
3629 4481 3773 4558 veleri

2194 4569 2324 4607 vero
2354 4553 2538 4609 codice
2566 4567 2669 4620 est,
2703 4559 2973 4610 ediscenda
3021 4553 3247 4610 omnium
3279 4559 3507 4610 nomina
3532 4571 3549 4610 :
3577 4553 3775 4608 tributim

2195 4640 2371 4696 omnes
2397 4635 2548 4693 atque
2567 4628 2719 4678 etiam
2743 4629 2932 4696 singuli
2969 4629 3252 4681 salutandi.

2265 4695 2284 4724 ⁷
2311 4689 2594 4764 Sumptum
2621 4697 2750 4750 illud
2773 4713 2804 4751 e
2825 4689 2986 4751 Tullii
3007 4699 3097 4751 lib.
3129 4714 3143 4749 ι
3169 4699 3234 4748 de
3264 4696 3458 4761 Orat.,
3483 4711 3630 4749 num.
3662 4689 3774 4746 “2:

2194 4761 2584 4833 Equidenicum
2608 4778 2826 4836 peterem
2867 4769 3218 4836 magistratus,
3243 4778 3364 4822 etc.

2269 4835 2290 4862 "
2318 4835 2372 4888 Id
2401 4846 2504 4896 est,
2533 4831 2803 4911 nunquam
2850 4831 3170 4911 pra-turam,
3207 4831 3516 4911 nunquam
3558 4831 3778 4911 consula-

2197 4912 2307 4978 tum
2339 4907 2594 4974 appetivi,
2641 4905 2864 4978 utrique
2890 4908 3032 4962 enim
3064 4923 3160 4978 pro
3203 4921 3306 4962 suo
3360 4905 3679 4977 magistratu
3704 4905 3776 4970 ius

2197 4973 2398 5028 habent
2416 4973 2480 5030 in
2511 4977 2705 5031 civium
2728 4973 2913 5032 vitam.

2269 5047 2290 5077 θ
2316 5045 2367 5099 Id
2392 5055 2491 5111 est,
2514 5063 2611 5116 pro
2626 5049 2848 5102 viribus.
2865 5048 3083 5102 Tac'tus
3103 5048 3154 5101 in
3183 5047 3268 5102 Jul
3301 5047 3618 5115 iAgricelm
3643 5043 3776 5118 Vita;

2201 5113 2465 5178 Tanquam
2516 5112 2609 5186 pro
2669 5120 2801 5172 virili
2855 5120 3084 5187 portione
3148 5112 3516 5171 innocentiam
3582 5112 3776 5187 principi

2197 5193 2416 5253 (nempe
2449 5188 2775 5256 Domitiano)
2800 5186 3036 5243 denares.
3068 5189 3218 5255 Quod
3242 5193 3354 5241 etsi
3391 5188 3540 5256 apud
3573 5186 3777 5238 Tullium

2196 5257 2336 5323 quod
2365 5259 2578 5326 quidem
2610 5261 2800 5323 sciam,
2835 5274 2940 5312 non
2969 5260 3178 5322 legitur,
3209 5273 3320 5310 non
3349 5259 3595 5312 alienum
3623 5265 3774 5326 tamen

2195 5322 2276 5398 «ist
2307 5322 2431 5398 illud
2457 5327 2596 5381 Tull.
2634 5343 2729 5396 pro
2751 5328 2964 5384 Sextio:
2995 5329 3119 5383 llwc
3146 5329 3229 5398 qui
3252 5344 3356 5397 pro
3383 5328 3526 5382 virili
3554 5335 3691 5398 parte
3709 5322 3775 5375 do-

2197 5395 2434 5464 fendunl,
2467 5395 2734 5467 optimates
2763 5410 2900 5453 sum.

1858 5482 2428 5543 INTERPRETATIO.

513 5638 546 5687 ά
584 5572 854 5690 ’ξάιζοηιηῃ
897 5589 1008 5645 qua?
1034 5574 1317 5628 necessaria
1350 5583 1464 5628 sunt
1503 5575 1571 5626 ad
1599 5578 1771 5639 vitam,
1820 5590 1963 5627 usum
1989 5574 2083 5626 sibi

550 5655 618 5690 ea
659 5653 718 5690 it.

550 5653 718 5697 ριιαιε.

2272 5576 2297 5615 ι’
2326 5577 2554 5635 Pectoris
2582 5595 2791 5636 arcana.
