4048 6184
225 252 305 308 lit
832 245 1116 302 JULIANO
1151 185 1472 301 A'UGUSTO
1514 244 1919 300 GRATIARUM
1958 246 2092 303 ACT
2118 246 2162 302 Ο
2203 247 2336 303 PRO
2375 231 2804 308 CONSULATU.

3346 261 3451 315 429.

222 361 352 414 annis
379 360 443 412 ab
463 367 612 412 aetate
643 358 835 427 puerili
861 359 875 388 ί
903 359 969 411 ad
1003 360 1140 412 hanc
1171 371 1339 426 usque
1361 357 1609 412 canitiem
1634 371 1766 410 con-
1793 365 1838 419 Α
1869 366 2032 426 atque
2075 361 2356 414 titubantia
2396 363 2557 416 verba
2611 364 2874 432 proferre,
2927 381 3097 435 neque
3151 371 3446 425 orationem

220 454 399 506 sulatus
436 465 610 504 amore
657 452 893 519 flagravi.
928 459 954 486 ιι
980 451 1288 506 Secundum
1331 450 1491 503 etiam
1524 449 1617 502 tibi
1642 464 1770 501 con-

221 540 445 594 fessionis
473 543 686 609 gradum
716 540 907 594 debeo.
945 537 1077 592 Cum
1110 539 1164 592 in
1204 540 1430 592 aliorum
1469 538 1768 606 principum

220 637 342 682 esset
376 638 632 695 putestatc
673 629 999 696 reSpublica,
1044 627 1135 681 diu
1175 629 1384 681 inanem
1423 627 1767 696 cupiditatem

218 720 317 773 sine
341 719 449 788 spei
481 719 686 773 solatiis
722 721 849 773 fovi.
881 719 1031 774 Unde
1061 719 1203 773 enim
1235 720 1364 773 mihi
1388 719 1660 787 aspirandi
1700 720 1768 773 ad

221 809 304 861 hoc
329 823 516 862 nomen
559 819 705 863 esset
753 809 1008 873 amentia,
1043 807 1071 846 δ
1094 824 1254 876 opum
1288 823 1456 863 vacuo
1494 821 1546 863 et
1581 809 1770 879 ignaro

217 899 494 954 ambiendi?
522 900 652 954 Nam
689 901 914 969 primum
948 915 1067 954 cum
1101 901 1283 954 Cmsar
1311 916 1479 966 esses,
1524 915 1770 955 marcen-

225 1001 311 1043 tem
327 990 429 1057 jam
457 991 760 1058 cupiditatis
791 1007 924 1046 mea:
941 991 1206 1044 flammam
1231 992 1344 1059 spei
1376 991 1528 1044 bona:
1557 991 1770 1046 ﬂatibus

215 1082 450 1136 excitasti.
474 1083 608 1136 Cum
629 1098 760 1137 vero
777 1092 850 1149 te,
874 1083 1130 1151 Auguste,
1149 1084 1432 1137 miriﬁcum
1451 1084 1768 1138 innocentia:

214 1191 265 1229 ac
303 1179 549 1230 virtutum
604 1186 963 1245 spectatorem
1017 1179 1301 1244 viderem,
1353 1189 1481 1234 tunc
1535 1195 1765 1246 mecum,

213 1265 373 1317 Claudi
401 1266 731 1330 Mamertino,
775 1268 1048 1336 hucusque
1070 1283 1175 1322 non
1207 1269 1401 1323 frustra
1433 1270 1632 1324 vixisti.
1665 1271 1770 1324 lla-

216 1354 293 1407 hes
319 1355 573 1411 idoneum
598 1358 721 1411 ﬁdei
752 1373 814 1411 ac
851 1359 1399 1428 industrimjudicem.
1423 1361 1690 1416 Memento
1716 1364 1766 1416 in

212 1459 382 1511 magno
410 1462 497 1499 rvs
525 1455 644 1500 tuas
665 1463 784 1502 esse
808 1447 1369 1505 discrimine.Scietur
1382 1467 1484 1505 non
1505 1455 1768 1509 meruisse

215 1542 256 1585 te
275 1534 627 1601 consulatum,
656 1537 700 1589 si
745 1537 839 1592 tibi
874 1555 980 1593 non
1011 1540 1264 1595 detulerit
1315 1540 1402 1595 hic
1449 1543 1764 1611 imperator.

269 1622 437 1678 XVlll.
485 1637 510 1664 ο
568 1627 765 1696 Habes,
819 1631 1078 1697 Auguste,
1135 1633 1496 1698 proditionem
1553 1635 1760 1690 silentii

1873 449 2042 499 solum
2070 449 2349 516 inclinare,
2383 453 2474 505 sed
2501 453 2626 506 totis
2651 456 2966 522 corporibus
3016 459 3067 510 in
3109 473 3281 526 genua
3324 461 3451 512 sub-

1874 537 2031 591 tnitti.
2054 538 2299 604 Prorsus,
2327 547 2382 594 ut
2403 557 2467 594 ex
2499 543 2945 600 animisententia
2977 547 3183 617 loquar,
3219 550 3452 604 maximo

1872 628 2054 681 vendit
2077 629 2392 684 beneﬁcium
2423 635 2510 700 qui
2544 648 2734 703 preces
2770 637 2985 705 accipit.

1942 717 2084 772 XlX.
2117 721 2198 772 Au
2228 736 2358 775 vero
2387 725 2430 775 si
2456 725 2769 779 centuriatis
2816 729 3046 784 comitiis
3077 733 3265 785 consul
3299 747 3450 786 crea-

1872 815 1957 861 tus
1995 823 2193 876 essem,
2225 811 2513 880 gloriosius
2544 817 2672 869 mihi
2703 818 2937 872 universi
2975 823 3152 890 pepuli
3180 824 3447 892 suffragiis

1871 897 2174 955 declaratus
2219 901 2478 958 viderer?
2524 906 2785 962 Minime:
2831 909 3096 978 siquidem
3146 916 3304 968 etiam
3343 915 3449 971 illis

1871 992 2062 1060 priscis
2106 996 2452 1063 temporibus,
2496 1000 2789 1056 multorum
2843 1001 3046 1059 ambitu
3099 1006 3194 1061 fuit
3229 1024 3448 1077 campus

1873 1082 2106 1138 infamis.
2135 1084 2268 1139 Nota
2307 1107 2314 1115 -
2350 1087 2640 1143 divisorum
2681 1093 2901 1162 ﬂagitia,
2927 1106 3067 1150 nota:
3094 1098 3116 1128 δ
3148 1100 3446 1154 loculormn

1871 1175 2176 1244 prmstigiw,
2209 1187 2316 1230 tum
2349 1194 2634 1247 operarum
2659 1185 2724 1236 ad
2758 1189 2862 1238 vim
2893 1197 2948 1242 et
2975 1190 3292 1246 seditionem
3330 1209 3445 1246 ma-

1871 1281 1972 1318 nus
1999 1277 2213 1334 empta'.
2245 1270 2355 1324 Nec
2384 1287 2515 1326 sane
2540 1284 2714 1340 potest
2748 1280 2797 1330 in
2820 1280 3040 1335 confusa
3072 1285 3445 1351 impvtitorum

1872 1359 2213 1414 multitudine
2253 1359 2274 1397 τ
2302 1365 2593 1433 quidquam
2628 1384 2748 1423 esse
2789 1385 3134 1440 perpensum.
3164 1375 3294 1429 Nam
3323 1391 3445 1432 cum

1869 1444 1994 1499 boni
2052 1449 2160 1502 rari
2207 1453 2334 1518 sint,
2388 1458 2749 1523 improborum
2780 1463 2966 1530 vulgus
2997 1463 3343 1531 immensum,
3394 1469 3447 1522 in

1869 1551 2059 1606 campo
2089 1551 2264 1596 autem
2290 1560 2546 1600 numerus
2574 1559 2626 1602 et
2653 1552 2801 1606 turba
2834 1557 3164 1623 praepolleat,
3195 1561 3312 1612 sine
3349 1559 3448 1614 du-

1869 1626 1958 1681 bio
2001 1627 2325 1700 intelligitur
2374 1651 2496 1689 eum
2546 1639 2813 1709 suffragiis
2846 1646 3026 1710 populi
3075 1649 3447 1715 magistratum

211 1718 316 1782 mei,
345 1728 397 1771 et
436 1734 555 1772 rem
584 1735 613 1772 a
655 1735 742 1774 me
770 1736 875 1775 non
899 1722 1077 1777 brevis
1105 1726 1203 1778 aevi
1231 1726 1595 1782 taciturnitate
1622 1728 1764 1782 cela-
1794 1725 1842 1784 Β
1868 1731 2082 1786 capere.
2116 1738 2272 1790 quem
2325 1726 2528 1796 plures,
2572 1729 2622 1782 id
2667 1741 2769 1796 εει,
2801 1749 2959 1800 quem
3001 1737 3212 1804 pejores
3254 1738 3450 1806 prOba-

211 1817 317 1861 tam.
361 1809 609 1864 Nondum
666 1822 843 1866 tamen
901 1825 1092 1868 cuncta
1143 1815 1494 1884 prodidimus.
1547 1819 1761 1875 Nullum

211 1897 312 1952 hinc
330 1900 433 1966 jam
459 1917 677 1955 mecum
708 1905 835 1957 volo
878 1905 1082 1960 referre
1112 1917 1402 1976 secretum,
1454 1913 1632 1965 omnia
1667 1927 1762 1980 p2-

212 2000 352 2042 ctoris
401 2006 601 2045 arcana
643 1994 902 2047 vacuabo.
935 1997 955 2026 ¹
1007 1996 1394 2065 Suspeudisses
1436 2000 1768 2055 benevolen-

213 2081 315 2132 tiam
349 2090 523 2143 tuam,
549 2093 601 2136 et
627 2092 732 2138 tua:
759 2085 845 2138 isti
873 2085 925 2140 in
954 2101 1038 2140 me
1081 2087 1391 2143 liberalitati
1425 2100 1611 2145 contra
1647 2109 1763 2147 mo-

211 2184 279 2223 res
302 2181 409 2224 tuos
435 2173 658 2226 artiﬁcii
686 2175 888 2244 aliquid
939 2177 1264 2242 addidisses,
1298 2177 1522 2235 forsitan
1578 2197 1762 2252 rogas-

210 2276 317 2315 sem.
346 2263 493 2318 Parvi
540 2276 742 2334 autem,
795 2269 1104 2335 imperator,
1160 2279 1315 2339 putas
1353 2287 1473 2326 esse
1519 2275 1762 2332 beneﬁcii

209 2355 320 2419 quod
347 2357 574 2425 rogandi
608 2358 735 2411 mihi
768 2361 1070 2426 periculum
1115 2364 1367 2417 remisisti
1396 2365 1419 2417 ?
1464 2369 1758 2434 periculum

206 2445 406 2514 inquam,
437 2450 793 2505 sanctissime
840 2452 1153 2521 imperator,
1204 2454 1248 2508 si
1306 2467 1561 2523 prmstare
1611 2460 1763 2514 dubi-

205 2546 364 2600 tasses,
391 2541 433 2592 si
464 2539 532 2591 in
564 2552 836 2608 posterum
859 2542 1182 2609 distulisses,
1207 2546 1330 2614 quid
1361 2562 1447 2601 me
1474 2549 1622 2604 fleret
1647 2560 1764 2618 post

205 2629 477 2693 repulsam?
537 2631 596 2684 ln
639 2632 926 2687 levissimis
978 2650 1187 2704 quoque
1238 2636 1512 2693 beneﬁciis
1557 2642 1758 2709 petitis,

205 2730 285 2770 nec
323 2721 645 2788 impetratis,
701 2725 932 2778 amicitia
983 2725 1314 2783 dissolvitur.
1372 2729 1614 2801 Namque
1661 2731 1762 2790 dis

205 2823 290 2874 quo
313 2814 540 2868 amicitia
576 2816 886 2870 continetur
912 2832 1085 2887 amor,
1120 2820 1258 2887 apud
1309 2833 1596 2892 utrumque
1646 2827 1764 2895 pol-

205 2898 360 2958 luitur.
389 2903 538 2958 Alter
571 2906 742 2959 amari
764 2923 822 2962 se
852 2909 974 2977 quia
1001 2924 1102 2962 non
1135 2912 1382 2978 prmstitit
1431 2929 1536 2967 non
1586 2925 1757 2984 putat,

203 2987 315 3042 alter
340 2991 458 3046 odio
483 3008 547 3048 se
579 2999 856 3065 essequia
902 3012 1007 3051 non
1036 2999 1270 3053 obtinuit
1304 3003 1617 3058 arbitratur.
1646 3005 1760 3061 Nec

1867 1821 2011 1863 runt.
2065 1813 2218 1868 Unde
2274 1817 2470 1872 factum
2523 1829 2606 1874 est
2653 1831 2710 1875 ut
2733 1825 2963 1891 majores
2997 1828 3167 1881 nostri
3201 1827 3448 1884 viderent

1866 1901 1886 1929 ³
1919 1900 2176 1956 Gabinius
2205 1906 2514 1974 designatus
2543 1917 2598 1964 et
2625 1913 2864 1980 repulsos
2895 1915 3146 1970 Catones.
3195 1917 3299 1972 Sed
3332 1918 3448 1973 haec

1863 2002 2073 2046 vetusta
2108 2004 2132 2041 Β
2165 1996 2293 2050 dent
2321 2003 2591 2054 recordari
2619 2005 3072 2070 quemadmodum
3125 2011 3286 2076 paulo
3323 2020 3447 2067 ante

1863 2081 2035 2136 honor
2065 2086 2260 2153 petitus
2287 2090 2376 2143 sit.
2414 2090 2510 2144 Vix
2540 2094 2694 2160 pauci
2726 2096 3052 2152 exstiterunt
3079 2115 3307 2168 quorum
3337 2103 3454 2157 vir-

1864 2170 2062 2228 tutibu's
2085 2178 2418 2233 deferretur:
2452 2195 2572 2235 cum
2592 2184 2804 2250 quidem
2833 2186 2962 2254 ipsis
2984 2190 3091 2243 illis
3113 2192 3262 2245 tarda
3285 2193 3446 2247 indu-

1863 2266 2008 2320 striae
2032 2280 2094 2321 ac
2125 2271 2404 2336 probitatis
2433 2287 2640 2329 merces
2681 2277 2905 2333 veniret.
2939 2279 3130 2335 Caneri
3176 2297 3302 2339 vero
3328 2300 3445 2354 per-

1863 2355 2183 2412 ditissiin'um
2233 2376 2496 2430 quemque
2543 2378 2606 2417 ex
2651 2365 2840 2421 aulicis
2889 2367 3318 2440 frequentabant,
3370 2376 3444 2432 uti

1864 2449 2132 2518 quispiam
2165 2463 2261 2521 per
2287 2463 2432 2508 artes
2464 2459 2804 2524 turpissimos
2831 2459 3141 2531 imperatori
3181 2467 3444 2536 acceptis-

1864 2541 2034 2596 simus
2065 2542 2366 2610 videbatur,
2401 2561 2522 2600 eum
2557 2549 2786 2604 assiduis
2827 2552 3099 2622 obsequiis
3129 2558 3446 2613 emereban-

1867 2642 1971 2699 tur,
2003 2635 2262 2703 donisque
2287 2641 2596 2706 captabant.
2627 2642 2736 2698 Nec
2763 2647 2906 2699 viros
2936 2647 3176 2715 quidem,
3203 2651 3295 2705 sed
3325 2667 3442 2706 mu-

1871 2725 2120 2780 lierculas
2143 2722 2516 2794 exat'nbihant,
2549 2739 2647 2786 ne‘c
2688 2733 2912 2788 feminas
2937 2746 3164 2805 tantum,
3199 2740 3294 2793 sed
3323 2756 3444 2809 spa-

1865 2814 2032 2870 dones
2061 2829 2442 2888 quoque,quos
2464 2824 2613 2890 quasi
2640 2839 2669 2877 a
2687 2828 2958 2881 consortio
2991 2827 3202 2884 humani
3232 2836 3444 2900 generis

1865 2918 2109 2964 extorres
2139 2911 2206 2964 ab
2229 2908 2455 2981 uti'oque
2484 2930 2614 2970 sexu
2645 2928 2735 2970 aut
2766 2928 2972 2975 naturae
3003 2925 3176 2992 origo,
3218 2937 3308 2978 aut
3336 2927 3444 2981 cla-

1865 2999 1960 3053 des
1991 3002 2231 3070 corporis
2259 3009 2543 3072 separavit.
2582 3008 2654 3062 Ita
2681 3012 2937 3077 praeclara
2958 3014 3047 3069 illa
3078 3023 3318 3071 Veterum
3352 3033 3444 3073 no~

202 3092 310 3136 sane
337 3084 460 3139 mihi
488 3090 684 3141 consul
708 3092 938 3157 gratuito
968 3091 1140 3146 factus
1161 3093 1394 3163 viderer,
1421 3097 1466 3149 si
1496 3097 1754 3156 honorem

1865 3092 2008 3146 mina
2023 3069 2450 3150 sordidissimum
2483 3101 2748 3170 quemque
2763 3113 2828 3156 ex
2841 3106 3064 3160 cohorte
3103 3103 3444 3177 imperatoria

203 3173 418 3235 precibus
438 3178 725 3232 emissem.
751 3181 1004 3236 Miserum
1028 3182 1169 3237 enim
1194 3193 1252 3239 et
1281 3187 1606 3244 laboriosum
1633 3193 1760 3246 sub-

203 3258 356 3316 iissem
378 3269 610 3322 meliore
635 3270 733 3323 aevi
762 3280 911 3338 parte
935 3285 1200 3330 transacta
1228 3278 1530 3335 tirocinium
1562 3299 1757 3354 rogan-

202 3349 262 3403 di.
305 3353 480 3425 Neque
511 3359 665 3411 enim
709 3361 957 3418 existimo
999 3365 1278 3422 molestius
1320 3384 1442 3426 esse
1473 3349 1754 3442 pecuniam

203 3454 333 3505 quam
362 3460 552 3512 preces
582 3446 829 3503 fundere.
860 3450 1099 3522 Denique
1121 3469 1309 3510 omnes
1347 3459 1399 3512 in
1423 3463 1650 3518 emendo
1679 3465 1757 3518 vi-

202 3529 362 3588 demus
389 3545 413 3574 ⁸
445 3541 776 3607 repensandi
805 3541 997 3599 ﬁducia
1040 3562 1232 3616 magno
1259 3559 1548 3621 erectoque
1574 3557 1756 3610 animo

203 3633 359 3678 aurum
388 3639 782 3700 argentumque
802 3633 1147 3704 depromere;
1179 3654 1276 3694 eos
1303 3657 1431 3696 vero
1455 3646 1543 3713 qui
1571 3661 1756 3714 preces

202 3712 404 3782 allegant
449 3723 690 3778 humiles
729 3735 888 3797 atque
927 3730 1190 3786 demissos
1239 3733 1330 3787 vix
1379 3712 1755 3794 cuncta—bunda

259 3829 272 3857 ¹
303 3831 650 3912 blame-uinus
679 3839 837 3908 igitur
856 3855 1020 3897 senex
1053 3845 1173 3912 fuit,
1207 3861 1328 3901 cum
1377 3847 1514 3904 hanc
1551 3854 1756 3908 oratio-

203 3909 300 3951 nem
324 3905 525 3960 habuit.

256 3969 273 3997 ’
301 3971 406 4059 lfoc
438 3985 548 4059 est,
682 3982 1030 4059 suspendisse:
1067 3983 1479 4059 benevolentiam,
1521 4006 1627 4059 quo
1676 3993 1756 4047 lo-

201 4041 367 4127 quendi
395 4045 562 4127 modo
583 4045 728 4127 nihil
743 4041 882 4127 apud
903 4053 1071 4106 bonos
1094 4057 1380 4122 scriptores
1405 4041 1750 4127 frequentius.

259 4066 367 4092 cuut
395 4066 562 4097 ιιιυαο
583 4066 716 4101 ntmt
743 4066 769 4100 a
815 4066 882 4103 nu
903 4066 1071 4106 bonos
1094 4066 1380 4122 scriptores
1405 4066 1749 4127 frequentius.

259 4107 277 4135 ³
302 4110 406 4165 Mos
435 4123 559 4167 erat
582 4119 730 4198 apud
762 4066 1030 4198 [genuarios
1083 4134 1138 4175 ut
1170 4127 1506 4198 magistratus
1534 4133 1621 4198 qui
1664 4148 1749 4196 pe-

203 4182 372 4263 terent,
401 4182 636 4263 pecunia
670 4187 1058 4263 largitioneque
1110 4182 1519 4263 suffragatorum
1551 4182 1754 4256 'studia

202 4247 282 4330 sibi
307 4247 654 4330 conciliarent
687 4274 698 4306 :
735 4247 818 4325 q'ui
849 4247 1025 4312 autem
1056 4247 1552 4330 pecuniis’trbutim
1575 4247 1755 4324 dist—ri:

203 4314 402 4392 bueudis
433 4334 723 4392 prmerant,
749 4314 1000 4382 'divisores
1024 4314 1363 4390 dicebantur.

1865 3193 1918 3238 et
1949 3185 2417 3253 probrosissimum
2451 3190 2797 3248 ‘adulabant.
2834 3195 2894 3251 lli
2924 3210 3040 3250 cum
3069 3199 3119 3252 in
3147 3204 3445 3268 provincias

1866 3276 2091 3332 itumissi
2139 3289 2315 3345 erant,
2366 3297 2470 3351 qua
2499 3297 2676 3348 sacra,
2729 3302 2831 3356 qua
2880 3291 3098 3357 profana
3145 3293 3445 3364 rapiebant,

1867 3369 1969 3424 iter
2012 3370 2113 3424 sibi
2141 3371 2207 3425 ad
2237 3375 2571 3429 consulatum
2627 3380 2847 3444 prcu'nia
2889 3382 3213 3438 munientes.
3264 3385 3446 3453 Itaque

1863 3461 2067 3516 nullum
2088 3462 2198 3531 jam
2228 3473 2344 3518 erat
2374 3465 2632 3520 bonarum
2659 3469 2854 3523 artium
2882 3471 3137 3528 studium.

1932 3553 2051 3607 XX.
2084 3553 2283 3608 Militia
2313 3556 2462 3610 labor
2487 3571 2517 3611 a
2538 3559 2871 3614 nobilissimo
2893 3571 3105 3634 quoque
3133 3579 3232 3634 pro
3261 3569 3448 3623 sordi-

1860 3647 1928 3702 do
1977 3657 2032 3702 et
2085 3648 2330 3703 illiberali
2374 3649 2736 3718 rejiciehatur.
2793 3651 2932 3708 Iuris
2990 3656 3160 3711 civilis
3194 3661 3442 3729 scientia,

1861 3755 1980 3812 qua:
2009 3742 2027 3772 "
2060 3738 2299 3805 Manlios,
2336 3740 2358 3772 ⁸
2383 3740 2673 3807 Scaevolas,
2696 3746 2716 3775 ⁹
2739 3743 2954 3799 Servios
2980 3746 3032 3800 in
3057 3750 3443 3816 amplissimum

1930 3857 1950 3886 "
2060 3854 2308 3932 Manlium
2341 3855 2592 3932 intelligit
2620 3869 2777 3923 quem
2796 3857 2978 3932 Valer.‘
2999 3859 3360 3932 illanitnuslih.
3388 3881 3441 3932 v,

1857 3940 1976 3992 cap.
2011 3928 2066 3989 8,
2090 3923 2234 3976 Juris
2256 3925 2493 4001 cit'ilise‘t
2521 3940 2784 4001 aiter-orum
2831 3928 3206 4001 ponti/italiam
3243 3923 3443 4001 peritis;

1856 3999 2042 4073 simum
2089 3995 2250 4073 fuisse
2295 3994 2481 4073 tradit.
2538 3995 2826 4073 Acidalius
2887 4011 2984 4063 pro
3044 3994 3268 4073 Manlios
3319 4005 3444 4073 legit

1859 4065 2122 4117 Manilios.
2171 4064 2416 4116 Manilius
2459 4064 2673 4130 qu‘dem
2723 4079 2842 4117 cum
2870 4078 2930 4119 se
2975 4081 3002 4116 a
3037 4081 3097 4121 re
3128 4071 3341 4125 militari
3369 4064 3444 4128 ad

1857 4133 2127 4188 forensem
2158 4133 2320 4187 vitam
2352 4134 2684 4199 contulisset,
2713 4142 2820 4188 tres
2848 4134 3016 4192 libros
3044 4137 3111 4192 de
3137 4137 3266 4194 Jure
3299 4143 3442 4198 civili

1860 4203 2094 4270 scripsit.

1933 4274 1954 4304 ⁸
1993 4275 2052 4322 P.
2088 4270 2279 4323 Matius
2311 4271 2548 4326 Scaevola
2576 4285 2716 4325 anno
2750 4271 2812 4326 υ.
2845 4273 2905 4327 C.
2938 4275 3043 4329 6l7
3081 4279 3267 4331 consul
3319 4296 3441 4336 cum

1861 4341 1922 4396 L.
1975 4340 2304 4409 (Ialphurnio
2355 4341 2550 4410 Pisone
2603 4340 2720 4404 fuit,
2771 4352 2823 4396 et
2870 4344 3106 4410 pontifex
3158 4349 3442 4406 maximus.

260 4386 444 4481 ‘llaud
482 4386 894 4481 absitnileoillud
937 4402 1156 4481 Ausonii
1189 4386 1380 4472 paneg.
1429 4405 1496 4459 ad
1545 4406 1754 4463 Gratia-
1781 4415 1834 4475 D
2760 4386 3442 4481 libras

204 4466 307 4508 num
331 4475 344 4511 :
373 4460 565 4517 Consul
587 4481 700 4532 ego,
728 4468 1002 4536 imperator
1032 4460 1276 4541 Anguite,
1308 4460 1512 4530 munere
1543 4460 1632 4530 tuo
1653 4460 1752 4532 non

203 4537 357 4618 pessus
382 4543 544 4618 septa,
562 4551 738 4618 [neque
763 4552 1018 4607 campum,
1047 4537 1148 4594 non
1175 4542 1444 4616 su/fragia,
1493 4563 1594 4600 non
1625 4566 1756 4618 putt-

203 4602 285 4656 ιω,
314 4613 406 4651 non
436 4604 655 4658 loculos.

222 4665 280 4754 εἰ
305 4672 378 4719 An
403 4674 589 4754 potius
627 4673 968 4754 i’atinios,_ut
994 4679 1486 4754 observatLipsius
1525 4702 1613 4754 ep.
1661 4689 1751 4754 24,

299 4750 376 4823 ‘l'll.
392 4729 531 4819 .Cato
553 4745 786 4823 enimhin‘
800 4729 1056 4823 pettitione
1068 4729 1399 4806 consulatus
1421 4729 1754 4823 posthabiqu

205 4803 520 4886 fsl_"atitiio,
548 4828 660 4886 non
694 4803 936 4870 Gabinio.
974 4803 1401 4886 lamentatus}:
1690 4803 1754 4881 li:

206 4870 336 4963 tit-cllo,
369 4870 591 4963 (Lambin
621 4886 922 4963 sapietttent_
943 4870 1652 4963 uenient—iitinﬁrmando;
1689 4870 1752 4953 die

205 4939 348 5035 ‘5!!qu
379 4946 440 5035 ξ’,
455 4939 729 5018 οτίἄεηιὶξι,
755 4967 808 5035 et
832 4939 1008 5035 Valer.
1499 4939 1641 5035 173}?
1659 4939 1712 5020 δῖ

262 5013 402 5090 ‘llac
447 5034 582 5076 voce
614 5013 739 5078 usus
791 5026 1070 5082 Lucretius
1125 5033 1217 5084 lib.
1252 5049 1309 5085 v:
1342 5013 1603 5088 (ὶαηίιὶιιιΓ
1619 5037 1751 5090 vocis

204 5079 420 5164 adulant;
443 5100 497 5142 et
523 5096 786 5149 Ausonius
811 5098 862 5149 in
885 5079 1176 5164 gratiarum
1198 5104 1424 5158 Actione
1445 5106 1510 5158 ad
1539 5107 1752 5160 Gratia-

202 5162 336 5205 num:
364 5155 624 5215 Centurio;
654 5181 756 5218 non
784 5155 1014 5222 adufavi.
1213 5174 1216 5178 ί

1861 4482 2178 4557 Plutarchus
2207 4482 2257 4557 in
2288 4479 2456 4557 Sylla.
2492 4480 2658 4557 llujus
2689 4480 2922 4557 ﬁl_ius_Q.
2949 4479 3140 4557 Mutius
3171 4486 3436 4557 Scaevola,

1862 4551 2066 4626 primus
2092 4552 2178 4626 jus
2210 4550 2366 4626 civile
2395 4553 2711 4626 generatim
2737 4551 2794 4626 in_
2832 4551 3001 4626 libros
3061 4556 3128 4626 18
3173 4550 3440 4626 digeSsit}

1861 4619 2119 4688 plurimos
2147 4619 2640 4674 habuit'auditores
2665 4619 3027 4686 clarissimos;
3083 4625 3150 4679 ab
3181 4619 3253 4679 eo
3277 4629 3442 4688 multa

1859 4692 2108 4766 didicisse
2135 4704 2191 4743 se
2219 4689 2292 4742 ait
2319 4690 2554 4766 Tullius.
2595 4691 2852 4766 Eumdem
2899 4693 3127 4766 Crassus
3157 4698 3444 4766 jurisperi-

1861 4769 2035 4814 torum
2062 4761 2581 4834 eloquentiss‘mtmt,
2605 4770 2667 4834 et
2682 4761 3051 4834 Aeloqueptinm
3076 4761 3437 4834 juriSperitis-

1860 4833 2224 4902 simum‘apugl
2257 4831 2484 4884 Tullium
2515 4832 2842 4899 appellabat.
2868 4832 2989 4887 Fuit
3019 4831 3276 4902 pra-terea
3303 4840 3442 4894 alter

1860 4901 1923 4966 Q.
1948 4899 2150 4970 inlutius
2182 4900 2417 4956 Scaevola
2448 4903 2651 4969 Augur,
2679 4917 2836 4970 quem
2866 4899 3056 4959 Cicero
3084 4907 3438 4965 disserentem

1862 4971 1913 5042 in
1945 4969 2080 5023 libro
2106 4971 2173 5024 de
2203 4972 2451 5026 Amicitia
2483 4969 2794 5035 introducit,
2826 4989 2854 5026 a
2879 4989 2985 5041 quo
3005 4975 3094 5042 jus
3121 4978 3276 5032 civile
3304 4980 3439 5034 didi-

1860 5039 2001 5111 cisse
2022 5056 2082 5094 se
2114 5043 2418 5107 proﬁtetur.
2453 5042 2581 5094 Erat
2611 5043 2654 5094 is
2676 5043 2820 5095 Laelii
2843 5039 3028 5111 gener,
3051 5044 3232 5099 Crassi
3261 5063 3434 5104 εοοιιτ.

1931 5113 1950 5142 ⁸
1983 5110 2040 5162 Ρ.
2095 5112 2340 5166 Servium
2387 5111 2668 5179 Sulpitium
2717 5110 2864 5180 pu'a’
2893 5115 2982 5180 qui
3025 5132 3110 5167 an.
3147 5116 3210 5170 U.
3240 5119 3299 5171 (3.
3337 5120 3439 5172 705

1862 5181 2048 5233 consul
2109 5181 2229 5234 fuit.
2287 5182 2334 5234 Is
2378 5195 2602 5250 magnus
2630 5181 2695 5248 Q.
2729 5182 2876 5236 Mutii
2909 5185 3162 5240 Scmvola:
3199 5187 3435 5242 imitator

1519 5265 2090 5327 INTERPRETATIO.

256 5341 278 5422 ς
304 5335 413 5422 ac
439 5358 638 5412 quoque
664 5349 883 5402 alterum
913 5352 1004 5405 tibi
1026 5354 1176 5422 fateri
1208 5355 1384 5412 debeo.

199 5477 236 5520 τε
253 5399 276 5437 ιι
301 5408 419 5460 Cum
443 5399 601 5479 neque
619 5429 938 5488 suppeterent
963 5399 1102 5492 oiz'es,
1123 5442 1283 5494 neque
1301 5426 1563 5482 ambiendi
1588 5439 1749 5484 artem

237 5489 408 5528 narem.

255 5543 867 5639 :‘lfgf'esexpticationem
899 5563 1087 5618 silentii
1120 5566 1218 5619 mei
1253 5575 1300 5621 et
1331 5583 1435 5622 rem
1471 5585 1621 5639 quam
1653 5582 1750 5624 au-

200 5608 294 5664 dunt
316 5617 516 5672 silentio
547 5608 842 5690 presseram.

1926 5361 1952 5398 ά
1987 5362 2041 5415 Is
2061 5363 2295 5430 n/feclus,
2327 5381 2426 5432 quo
2452 5376 2678 5418 annch
2703 5377 3036 5421 sustentatur.

1934 5443 1956 5468 (⁵
1988 5433 2222 5499 Compen:
2238 5437 2380 5486 andi.

1932 5501 1952 5538 τ
1991 5504 2194 5571 Aliquid
2219 5521 2324 5555 esse
2349 5503 2749 5558 consideratam.

1932 5579 1953 5617 6
1992 5571 2234 5626 Revocent
2264 5575 2312 5625 in
2345 5575 2654 5628 memoriam.
