4048 6184
573 263 674 318 ,ωδ
1565 226 1581 260 ⁶
1947 247 2143 304 MAME

2258 247 2418 305 .NUS.

2842 196 2863 227 \

3740 255 3840 310 425

571 370 790 442 gradum
816 368 1085 437 dignitatis
1111 366 1370 433 evexerit,
1398 366 1712 421 libertorum
1752 359 2043 416 artiﬁcium
2069 358 2152 414 di—
2181 363 2238 420 Λ
2261 359 2540 425 dentiam;
2596 361 2736 419 ultro
2775 364 2839 419 ad
2881 373 2932 420 te
2962 366 3229 421 maximus
3260 366 3553 433 imperator
3581 367 3804 425 accedet

571 461 808 516 cebatur.
832 461 1129 516 Oratoriam
1172 457 1386 514 dicendi
1409 457 1740 523 facultatem,
1771 453 1922 509 multi
1954 453 2150 507 laboris

571 559 626 605 et
646 550 852 604 minimi
875 564 999 604 usus
1020 548 1315 615 negotium,
1339 547 1505 601 nostri
1533 559 1782 617 proceros
1806 541 2149 611 respuebant,

572 642 696 695 dum
745 640 987 695 homines
1018 638 1256 694 noluisse
1303 638 1470 692 videri
1498 637 1708 703 volunt,
1742 634 1884 705 quod
1935 633 2151 702 assequi

577 733 949 800 nequiverunt.
993 731 1059 785 Et
1095 745 1221 786 vere
1249 738 1453 784 tantum
1494 729 1693 785 laboris
1742 728 2152 798 vigiliarumque

571 822 850 891 suscipere
878 820 946 875 ad
992 821 1394 890 adipiscendum
1425 819 1579 889 cujus
1620 834 1746 874 usus
1774 817 1999 889 agendae
2027 818 2152 871 vita:

571 922 888 967 ornamenta
915 927 1019 966 non
1042 911 1352 981 adjuvaret,
1390 910 1661 967 dementia
1689 908 2006 964 ducebatur.
2052 908 2153 962 lla-

571 1020 676 1074 que
702 1017 864 1058 omne
907 1002 1141 1057 studium
1195 1002 1436 1070 pecuniae
1462 998 1865 1055 coacervandae.
1913 1000 1929 1029 ί
1982 997 2153 1052 Tanto

572 1095 714 1148 enim
741 1092 823 1147 vir
848 1093 1072 1162 quisque
1095 1092 1307 1158 melior,
1328 1100 1528 1160 quanto
1555 1090 1892 1158 pecuniosior
1914 1087 2150 1144 habeba-

572 1194 677 1241 tur.
709 1184 825 1240 Jam
873 1183 1144 1239 serviendi
1190 1183 1494 1238 miseranda
1533 1181 1810 1252 patientia,
1841 1181 2150 1237 assentandi

574 1278 710 1331 mira
754 1277 1039 1332 calliditas.
1089 1276 1458 1331 Ministrorum
1505 1275 1644 1329 aula:
1690 1274 1928 1344 quotidie
1971 1274 2150 1328 limina

572 1366 905 1421 terebantur.
928 1365 1009 1422 Ad
1042 1350 1203 1421 fores
1234 1380 1418 1421 eorum
1450 1366 1539 1435 qui
1564 1365 1726 1434 regiis
1775 1363 2153 1434 cupiditatibus

575 1456 886 1512 serviebant
914 1459 935 1489 ³
966 1466 1149 1513 ternos
1177 1456 1413 1526 patriciae
1438 1457 1612 1527 gentis
1637 1456 1784 1511 viros
1804 1470 2057 1511 cerneres
2084 1456 2153 1511 ab

573 1548 880 1617 huiusmodi
910 1549 1177 1604 dedecore
1207 1562 1315 1603 non
1348 1547 1529 1614 imbri,
1560 1562 1667 1602 non
1701 1547 1845 1616 gelu,
1879 1561 1987 1601 non
2007 1561 2155 1601 ama-

575 1637 810 1692 ritudine
849 1638 1017 1707 ipsius
1040 1638 1250 1707 injuria:
1280 1637 1567 1693 deterreri.
1600 1636 1848 1702 Demissi,
1877 1636 2150 1706 jacentes—

2256 460 2311 505 et
2369 459 2433 505 ut
2469 465 2724 522 capessas
2766 456 3150 526 rempublicam
3194 455 3475 526 ﬂagitabit.
3524 457 3708 512 Otiose
3750 459 3844 514 tib'

2253 551 2415 613 atque
2441 544 2548 599 alia
2579 548 2785 600 curanti
2818 548 3133 616 provinciae,
3182 548 3552 616 praefecturae,
3598 549 3620 579 ⁸
3648 548 3842 615 fasces,

2254 638 2389 693 sella
2432 639 2671 705 curulis,
2720 648 2881 708 atque
2929 639 3155 709 insignia
3204 640 3383 694 omnia
3430 641 3838 707 magistratuum

2258 726 2614 797 perferentur.
2668 728 2802 795 Quid
2846 729 2989 783 enim
3033 730 3134 783 sibi
3165 744 3311 784 verte
3355 730 3437 783 vir
3482 729 3842 800 perfectaeque

2253 819 2465 875 virtutis
2490 835 2595 876 non
2623 829 2931 875 constanter
2953 821 3020 876 de
3046 822 3251 877 honore
3282 821 3579 889 promittat,
3602 837 3724 877 cum
3756 838 3843 879 me

2254 920 2477 980 propter
2506 912 2775 967 tantillum
2806 913 3130 968 innocentiae
3170 913 3421 969 meritum
3463 928 3570 969 uno
3611 915 3665 969 in
3704 929 3845 969 anno

2256 1002 2277 1032 °
2305 1012 2385 1056 ter
2413 1002 2598 1056 videat
2626 1001 2945 1056 honoratum
2970 1001 2994 1055 ?

2328 1091 2496 1146 XXII.
2542 1092 2737 1162 Ecquis
2759 1092 2892 1148 deus
2914 1107 3022 1147 uno
3052 1093 3103 1146 in
3132 1107 3274 1147 anno
3299 1092 3623 1161 multiplices
3642 1093 3845 1147 fructus

2254 1192 2383 1253 agro
2423 1184 2515 1238 uni
2554 1184 2744 1239 dedit?
2796 1184 2933 1239 Num
2977 1185 3256 1253 quisquam
3285 1184 3381 1238 Vin
3424 1184 3611 1239 eadem
3657 1185 3839 1238 novali

2253 1281 2441 1329 testate
2470 1289 2577 1329 una
2609 1273 2839 1343 amplius
2867 1290 3024 1343 quam
3068 1274 3238 1330 semel
3276 1274 3541 1329 messuit?
3590 1274 3728 1327 Num
3758 1274 3845 1328 cui

2256 1381 2362 1420 uno
2389 1375 2668 1431 autumno,
2695 1380 2905 1433 unoque
2932 1366 3110 1419 viueto
3135 1364 3402 1419 vindemia
3434 1365 3626 1432 triplex
3650 1363 3846 1418 fluxit?

2262 1456 2373 1513 Una
2407 1466 2555 1510 certe
2586 1456 2741 1512 unius
2772 1464 2856 1510 est
2898 1455 3092 1511 hiemis
3116 1458 3137 1488 ⁸
3159 1455 3397 1510 olivitas.
3448 1455 3555 1511 Sed
3589 1456 3640 1509 in
3674 1457 3844 1511 nostri

2261 1545 2518 1613 principis
2557 1544 2830 1603 beneficiis
2874 1545 3134 1600 miraculo
3173 1556 3322 1601 caret
3364 1545 3714 1615 multiplicata
3766 1545 3845 1600 fe-

2255 1636 2521 1691 cunditas.
2579 1636 2647 1691 Ut
2686 1636 2754 1690 de
2795 1636 2914 1690 aliis
2956 1637 3171 1705 optimis
3214 1635 3344 1690 vitis
3391 1632 3625 1700 taceam,
3672 1636 3765 1705 qui
3810 1652 3840 1690 a

579 1743 681 1796 que
711 1729 796 1782 vix
821 1729 994 1797 capita
1024 1743 1185 1798 supra
1229 1743 1415 1784 eorum
1446 1743 1583 1798 quos
1602 1728 1957 1797 precabantur
1978 1743 2151 1798 genua
2183 1712 2229 1771 Β
2258 1728 2436 1797 priore
2490 1724 2543 1780 iu
2593 1726 2894 1794 proximum
2944 1735 3258 1780 autumnum
3311 1725 3513 1780 fructus
3569 1727 3839 1781 honorum

574 1818 848 1873 tollebant.
884 1817 963 1871 Ad
1000 1827 1351 1887 postremum,
1399 1819 1629 1888 honores
1672 1833 1781 1872 non
1803 1818 2026 1888 judicio,
2060 1827 2153 1874 aut

574 1908 948 1964 benevolentia
999 1910 1376 1978 superborum,
1427 1909 1523 1965 sed
1566 1909 1933 1964 misericordia
1974 1925 2148 1965 mere-

573 1999 783 2052 bantur.
1684 1988 1767 1998 ﬂ

574 2080 580 2087 ’
642 2090 785 2144 XXI.
825 2090 895 2144 At
945 2104 1084 2144 nunc
1132 2089 1374 2159 quisquis
1423 2089 1757 2158 provincias,
1810 2090 2150 2154 tribunatus,

575 2183 945 2251 pra-facturas,
977 2185 1287 2239 consulatus
1318 2174 1498 2248 cupit,
1533 2182 1665 2236 nihil
1702 2196 1923 2237 necesse
1951 2188 2035 2236 est
2062 2196 2155 2251 pe-

577 2273 779 2328 cuniam
814 2287 909 2342 per
939 2271 1017 2326 fas
1047 2281 1104 2326 et
1128 2272 1280 2327 nefas
1309 2281 1545 2342 qumrat,
1580 2285 1645 2325 ac
1672 2271 1972 2325 libertatem
2002 2284 2153 2326 suam

571 2364 831 2417 salutator
856 2363 974 2417 vilis
1002 2363 1303 2417 imminuat.
1345 2363 1557 2428 Quanto
1583 2361 1747 2416 fuerit
1776 2361 2010 2431 paratior
2034 2376 2150 2415 ser-

573 2454 750 2519 vituti,
772 2461 920 2508 tanto
948 2451 1156 2507 honore
1176 2451 1443 2523 indignior
1466 2451 1487 2483 ⁸
1512 2452 1809 2507 vocabitur.
1844 2452 1979 2507 Tum
2009 2450 2153 2507 aliud

571 2545 831 2613 quoddam
880 2545 1154 2601 hominum
1193 2560 1366 2617 genus
1405 2555 1489 2600 est
1532 2546 1586 2600 in
1626 2546 1859 2600 amicitia
1896 2546 2152 2616 principis

575 2636 777 2701 nostri,
820 2635 974 2700 rude,
1019 2644 1078 2690 ut
1104 2636 1322 2691 urbanis
1353 2637 1469 2691 istis
1496 2636 1726 2700 videtur,
1758 2651 1946 2706 parum
1975 2650 2149 2702 come,

574 2726 975 2792 subrusticum;
1028 2725 1410 2781 blandimentis
1463 2726 1793 2783 adulantium
1848 2737 2148 2797 repugnat,

573 2818 812 2884 pecuni-at.
846 2831 975 2871 vero
1005 2816 1194 2873 aliena:
1223 2825 1473 2885 tanquam
1514 2818 1593 2872 rei
1625 2818 1800 2871 noxia:
1832 2812 2028 2872 taclun't
2063 2833 2151 2872 re-

570 2908 852 2974 formidat,
919 2908 1182 2964 maximas
1229 2923 1363 2978 opes
1411 2909 1464 2962 in
1513 2908 1823 2977 reipublica:
1868 2907 2053 2963 salute'
2097 2916 2153 2964 et

569 2998 803 3065 gloriosa
835 2999 1173 3069 imperatoris
1214 3000 1297 3054 sui
1338 2999 1495 3055 laude
1523 3002 1830 3057 constituit.
1880 3000 2000 3055 Jam
2038 3000 2151 3070 ipse

2257 1816 2624 1885 multipliciter
2674 1826 3052 1881 messuerunt,
3107 1816 3235 1870 mihi
3282 1825 3429 1871 certe
3479 1818 3631 1871 tertia
3684 1818 3843 1871 unius

2257 1906 2383 1959 anni
2425 1905 2639 1960 ubertas
2681 1917 2764 1960 est
2802 1907 3136 1960 consulatus.
3191 1906 3423 1972 Primum
3461 1906 3843 1963 thesaurorum

2257 2001 2494 2055 omnium
2524 2000 2772 2056 mandata
2809 2001 3082 2068 custodia,
3113 2010 3167 2056 et
3196 2001 3525 2070 dispensatio
3553 2001 3837 2071 largiendi.

2256 2090 2557 2147 Secundum
2593 2092 2765 2146 locum
2808 2101 2957 2146 tenet
2997 2093 3049 2145 in
3087 2093 3352 2149 bonorum
3385 2107 3624 2148 meorum
3654 2092 3845 2147 fructi.

2256 2180 2354 2234 bus
2380 2179 2722 2249 prmfectura.
2766 2179 2996 2236 Additus
3024 2182 3128 2248 his,
3160 2197 3265 2250 quo
3294 2182 3379 2236 vel
3408 2183 3525 2236 solo
3552 2182 3843 2251 cujuslibet

2255 2270 2484 2325 aviditas
2502 2270 2826 2339 vinceretur,
2849 2284 3202 2340 proventuum
3231 2279 3441 2326 tuorum
3474 2271 3682 2335 tertius,
3706 2287 3840 2327 cer.-

2254 2363 2481 2419 sulatus.
2539 2363 2671 2418 Dein
2719 2379 2839 2419 eum
2885 2379 3015 2434 ager
3058 2364 3371 2419 assiduitate
3414 2364 3679 2419 fructuum
3720 2363 3750 2403 ι’
3789 2364 3843 2419 in

2257 2454 2482 2508 maciem
2530 2453 2911 2524 decoquatur:
2965 2454 3307 2525 imperatoris
3356 2454 3523 2510 nostri
3573 2455 3843 2524 posterior

2257 2544 2550 2600 liberalitas
2575 2542 2739 2598 vincit
2764 2543 3020 2613 priorem,
3046 2557 3143 2599 nec
3169 2544 3229 2598 lit
3248 2542 3405 2600 effeta
3432 2543 3718 2613 gignendo,
3743 2543 3844 2600 sed

2254 2650 2350 2705 per
2390 2636 2534 2691 vices
2578 2635 2843 2691 fructuum
2893 2636 3230 2692 fecundatur.
3286 2635 3432 2690 Nova
3479 2651 3699 2704 prorsus
3739 2635 3844 2690 fuit

2254 2724 2513 2781 honorum
2539 2725 2952 2791 deferendorum
2980 2738 3034 2783 et
3061 2728 3334 2798 insperata
3360 2728 3656 2797 congestio.
3689 2727 3844 2782 Non-

2252 2816 2379 2871 dum
2423 2824 2620 2871 statum
2668 2833 2822 2874 suum
2866 2818 3101 2876 siderum
3147 2819 3413 2874 curricula
3456 2829 3832 2881 mutaverant.

2256 2923 2279 2953 ο
2303 2914 2415 2981 jam
2445 2913 2697 2983 princeps
2726 2926 2944 2967 cursum
2971 2911 3245 2982 dignitatis
3273 2912 3492 2967 alterius
3520 2926 3837 2968 commove-

2252 3003 2370 3067 bat;
2403 3011 2457 3058 et
2481 3002 2591 3072 jam
2624 3009 2735 3056 tum
2764 3000 2845 3056 sol
2881 3002 2949 3056 ab
2976 3001 3290 3057 eorumdem
3318 3011 3583 3057 astrorum
3617 3004 3840 3071 regione

571 3098 593 3121 ⁵
614 3091 812 3160 ingenti
844 3091 1134 3162 divinaque
1172 3091 1510 3161 providentia
1551 3093 1811 3148 adversus
1848 3106 2037 3149 omnes
2065 3109 2150 3148 as-
2174 3072 2220 3133 (ἶ
2253 3094 2518 3159 radiabat,
2546 3094 2658 3163 jam
2688 3094 2954 3164 Augustus
2982 3094 3136 3148 tertia
3170 3094 3510 3162 magistratus
3544 3094 3651 3147 mei
3678 3093 3836 3162 signa

572 3190 901 3234 sentatorum
959 3181 1241 3237 illecebras
1307 3183 1688 3252 captionesque
1753 3185 1990 3239 munitus
2043 3193 2145 3240 est.

575 3277 598 3303 ιι
629 3270 834 3337 Quippe
863 3271 912 3323 ei
940 3285 971 3323 a
998 3270 1188 3325 fucatis
1225 3270 1556 3325 adulantium
1582 3273 1804 3327 venenis
1832 3273 1975 3342 quod
2007 3276 2149 3342 peri-

572 3356 748 3409 culttm
790 3366 903 3425 est,
945 3360 1034 3426 qui
1075 3374 1234 3414 aures
1263 3359 1425 3414 etiam
1453 3361 1596 3416 veris
1626 3361 1873 3417 laudibus
1900 3372 2148 3431 gravatus

574 3446 883 3514 impertiat?
934 3448 1038 3503 Sed
1086 3450 1252 3503 multo
1298 3450 1574 3517 multoque
1620 3465 1762 3506 nunc
1812 3451 2021 3508 facilior
2064 3463 2148 3509 est

570 3540 705 3591 rat'o
749 3538 1008 3602 honorum
1050 3540 1425 3608 petendorum.
1472 3540 1747 3612 Quisquis,
1787 3545 2023 3614 inquam,
2055 3562 2146 3602 ca-

570 3642 695 3694 pere
734 3630 1098 3697 magistratum
1139 3632 1318 3697 voles,
1372 3632 1488 3686 auri
1538 3644 1699 3702 atque
1737 3636 1943 3704 argenti
1981 3638 2147 3707 negli-

569 3732 699 3786 gens
746 3727 893 3784 esto;
945 3720 1115 3773 nullas
1162 3721 1398 3774 ostiatim
1445 3724 1740 3790 potentium
1790 3725 1934 3781 aedes
1978 3727 2144 3794 obito,

568 3808 762 3860 nullius
795 3809 977 3876 pedes,
1010 3809 1206 3863 nullius
1238 3825 1412 3879 genua
1439 3814 1830 3881 complectitor.
1880 3815 2147 3873 Adhibeto

568 3907 766 3951 tantum
802 3898 890 3951 tibi
922 3901 1182 3967 gratuitas
1238 3908 1291 3953 et
1333 3910 1517 3969 paratu
1556 3900 1838 3957 facillimas
1888 3907 2144 3974 comites,

569 3985 856 4056 justitiam,
896 3989 1298 4055 fortitudinem,
1340 3992 1785 4060 temperantiam,
1824 4004 1985 4063 atque
2012 4011 2147 4065 pru-

569 4163 686 4228 fuit,
728 4180 755 4218 a
794 4180 899 4231 quo
953 4164 1017 4219 ad
1043 4165 1179 4233 juris
1221 4165 1392 4221 civilis
1420 4169 1698 4223 scientiam
1744 4172 2011 4227 excitatur
2060 4190 2143 4230 ms

568 4236 743 4289 verbis
776 4252 787 4286 :
818 4234 991 4312 Turpe
1036 4247 1108 4289 est
1146 4235 1376 4312 [fatricio
1412 4254 1592 4312 causas
1630 4242 1816 4312 oranti,
1840 4244 1927 4312 jus
1956 4246 2008 4296 in
2036 4261 2141 4311 quo

568 4314 793 4382 uersatur
843 4305 1100 4382 ignorare.
1152 4307 1400 4382 Omnium
1443 4309 1643 4375 primus
1668 4305 1999 4382 dialecticam
2034 4305 2142 4382 juri

2257 3184 2683 3239 transcenderat.
2714 3184 2927 3248 Quaaso,
2957 3197 3065 3238 non
3090 3183 3242 3237 vobis
3271 3182 3444 3237 inanis
3473 3184 3656 3252 glorias
3679 3185 3840 3253 cupi-

2253 3278 2526 3340 dissimus,
2548 3291 2654 3331 non
2674 3274 2907 3345 ﬂagrans
2925 3275 3217 3330 ambitione
3239 3277 3458 3331 notabili
3479 3276 3775 3344 videretur,
3793 3277 3838 3330 si

2252 3368 2371 3438 quis
2399 3368 2452 3421 in
2479 3370 2539 3421 Se
2571 3375 2716 3420 tanta
2759 3368 2957 3434 pariter
2984 3375 3251 3434 optasset,
3292 3374 3485 3437 quanta
3525 3366 3579 3420 in
3611 3380 3697 3421 me
3730 3380 3841 3422 uno

2250 3468 2493 3525 tempore
2518 3457 2789 3524 Augustus
2816 3455 3076 3524 ingessit?

2321 3545 2511 3600 XXIII.
2556 3545 2792 3600 Habitari
2840 3545 2909 3600 ab
2952 3544 3112 3614 justis
3140 3546 3267 3600 virts
3306 3553 3476 3600 terras
3523 3546 3576 3599 in
3618 3545 3841 3601 Oceano

2251 3638 2451 3704 ferunt,
2479 3652 2613 3708 quas
2634 3641 2654 3671 θ
2673 3636 3085 3692 Fortunatorum
3112 3637 3312 3690 insulas
3337 3644 3549 3701 vocant,
3572 3637 3715 3705 quod
3743 3651 3840 3705 per

2251 3744 2342 3785 eas
2372 3745 2476 3783 non
2511 3737 2662 3782 arato
2692 3728 2808 3783 solo
2835 3728 3100 3783 frumenta
3128 3737 3437 3789 nascuntur,
3476 3726 3716 3782 fortuitis
3747 3730 3829 3781 vi-

2254 3824 2394 3899 tibus
2430 3822 2558 3892 juga
2602 3821 2817 3876 collium
2844 3821 3165 3887 vestiuntur,
3216 3829 3407 3888 sponte
3452 3820 3623 3888 pomis
3666 3819 3835 3875 arbor

2253 3924 2527 3980 gravatur,
2569 3911 2634 3965 ad
2674 3910 2959 3966 herbarum
2987 3910 3157 3965 vicem
3185 3913 3303 3963 olus
3332 3909 3488 3976 vulgo
3519 3918 3621 3963 est.
3651 3907 3836 3974 Quan-

2257 4004 2370 4057 tula
2395 4003 2496 4057 ista
2517 4011 2662 4067 sunt,
2684 4001 2730 4055 si
2750 4000 2907 4056 deum
2928 4009 3199 4055 auctorem
3222 3999 3552 4064 consideres,
3575 4012 3800 4052 munera
3818 4039 3833 4051 .

2249 4249 2282 4304 ι)
2320 4182 2341 4211 ⁵
2388 4181 2629 4237 Duodent
2677 4197 2708 4236 a
2755 4179 3034 4236 lictoribus
3082 4190 3208 4236 ante
3252 4182 3526 4236 consulem
3570 4179 3836 4250 praefere-

2288 4262 2465 4304 antur.

2288 4262 2654 4375 aggeurihus
2695 4319 2997 4375 Mamertini
3038 4319 3437 4389 magistratibus
3480 4319 3628 4374 initio
3673 4318 3838 4388 hujus

566 4374 914 4448 atl_ltibttit_,_et
934 4377 1121 4448 ordine
1150 4377 1378 4448 quodam
1407 4374 1636 4432 tractare
1666 4379 1851 4448 coepit.
1896 4374 2144 4438 Ciceroni
2172 4388 2225 4448 Ι)
2250 4390 2512 4444 orationis
2538 4374 2737 4444 dictum
2769 4400 2872 4444 est.

568 4444 669 4519 fuit
698 4444 1285 4519 familiarissimtts,’qui
1309 4458 1362 4502 et
1392 4449 1492 4514 ipsi
1526 4449 1593 4502 ad
1635 4444 1916 4515 Mutinam,
1945 4468 2051 4519 quo
2081 4454 2146 4508 ad

570 4514 883 4581 placandum
903 4516 1204 4584 eloquentia
1234 4532 1331 4571 sua
1354 4520 1642 4572 Antonium
1678 4535 1706 4571 a
1734 4514 1923 4574 senatu
1949 4514 2146 4578 missus

571 4594 720 4663 erat,
759 4595 969 4663 mnortuo
1015 4596 1242 4639 statuam
1281 4603 1497 4663 uirgam“
1522 4589 1823 4663 pedestrem
1850 4590 1901 4645 in
1954 4595 2148 4648 rostris

570 4653 765 4723 posuit.
795 4652 869 4706 De
895 4654 995 4709 lioc
1023 4669 1166 4723 saepe
1192 4658 1329 4723 apud
1361 4652 1593 4711 Tullium
1623 4661 1825 4714 mentio
1855 4671 1959 4716 est.

644 4723 659 4752 ⁸
691 4721 983 4790 Iuvenalis,
1013 4721 1116 4780 sat.
1144 4727 1197 4793 5,
1228 4721 1365 4781 N5;

572 4860 575 4861 ν
663 4835 903 4891 Quantum
922 4837 1132 4898 quisque
1154 4852 1242 4887 sua
1265 4852 1566 4890 nummorum
1588 4852 1751 4894 servat
1768 4846 1816 4893 in
1837 4857 1947 4895 arca

664 4898 871 4967 'I‘antum
895 4899 1045 4948 habet
1064 4905 1116 4949 et
1140 4900 1270 4949 tidei.

572 5071 605 5127 5
640 5003 660 5032 ²
684 5001 833 5126 ιεξέ
844 5019 1075 5070 cernuos,
1096 5013 1153 5058 ut
1174 5003 1666 5075 observatLipsius,
1690 5006 1936 5077 Epistol.,
1952 5008 2144 5080 quaistl

610 5112 626 5127 .
654 5088 737 5127 eo.
839 5108 854 5124 .

610 5088 1007 5224 ,ξέλξξλΐεῑυθ
1022 5151 1087 5224 ἒξ
1106 5144 1368 5224 (Στυῑθῐζυδ
1389 5146 1905 5219 ιεειιηι-Ῑυάίεαθίτυν
1923 5164 1942 5203 ³
1969 5150 2150 5221 itaque

571 5221 650 5267 est
679 5214 730 5265 in
758 5214 993 5268 editione
1022 5214 1331 5269 Viennensi.

638 5280 660 5313 ⁸
680 5284 951 5339 Acidalius
977 5284 1100 5355 legit
1126 5287 1315 5356 ingenti
1340 5286 1637 5357 diutinaque
1660 5289 2017 5358 providentia.

2322 4461 2341 4491 ⁷
2367 4459 2583 4513 Navalis
2607 4460 2690 4514 vel
2737 4459 2916 4513 navale
2952 4466 3093 4513 terra
3135 4466 3221 4528 est
3257 4474 3377 4528 qua}
3419 4457 3635 4513 alternis
3674 4458 3836 4513 annis

2250 4528 2476 4598 quiescit
2496 4543 2558 4583 ac
2579 4529 2796 4592 seritur,
2820 4543 2927 4597 quo
2953 4542 3118 4583 sensu
3143 4527 3329 4596 Virgil.
3348 4527 3563 4598 Georg.,
3584 4528 3677 4583 lib.
3697 4544 3737 4595 ι,
3766 4530 3835 4583 7:

2494 4618 2710 4669 Alternis
2731 4618 2860 4668 idem
2880 4624 3042 4669 tonsas
3065 4624 3263 4668 cessare
3290 4616 3519 4674 novales,

2251 4721 2361 4775 IIoc
2385 4721 2504 4775 loco
2529 4736 2627 4790 pro
2653 4729 2793 4776 terra
2822 4702 3135 4790 simpliciter
3160 4721 3405 4790 sumitur.

2318 4793 2339 4824 ⁸
2366 4790 2476 4845 Vox
2495 4788 3034 4871 aicatone,_Varrone'
3066 4799 3120 4843 et
3146 4788 3435 4845 Columella
3459 4796 3710 4857 usurpata
3731 4804 3838 4858 pro

2252 4860 2945 5000 twbzrittiogigfﬁagm
2964 4859 3418 4998 magna“,
3446 4927 3605 4997 epod.
3637 4927 3741 4981 t6:

2587 5051 2740 5113 Beata
2762 5056 2988 5113 petamus
3000 5060 3132 5113 arva,
3155 5048 3334 5113 divites

2590 5111 2652 5162 Et
2678 5110 2874 5173 insulas,
2903 5110 3067 5161 reddit
3089 5112 3168 5161 ubi
3194 5110 3429 5161 Cererem

2650 5173 2819 5222 Tellus
2842 5175 3024 5221 inarata
3048 5174 3325 5234 quotannis,

2650 5234 2716 5284 Et
2738 5236 2971 5296 imputata
2992 5235 3135 5284 ﬂoret
3154 5245 3310 5294 usque

2588 5297 2765 5356 Vinea,
2793 5302 2892 5345 etc.

1908 5397 2200 5453 INTERPR
2209 5396 2485 5455 ETATIO.

636 5493 662 5522 ι
692 5483 870 5558 Neque
898 5485 1032 5558 enim
1062 5486 1381 5558 metuendum
1417 5496 1491 5541 est
1510 5502 1573 5541 ne
1602 5487 1747 5558 falsis
1774 5498 2145 5542 assentatorum

568 5556 880 5630 sermonibus
921 5555 1033 5630 capi
1052 5573 1112 5630 se
1140 5557 1274 5630 sinat
1302 5559 1347 5611 is
1380 5559 1466 5627 qui
1489 5555 1641 5612 etiam
1666 5574 1799 5629 argre
1826 5575 1976 5614 aures
2006 5575 2142 5630 pra:-

571 5628 678 5678 beat
709 5628 834 5681 reris
864 5625 1256 5680 laudationibus.

2322 5488 2351 5527 δ
2376 5486 2681 5541 Macilentus
2709 5486 2975 5540 reddatur.

2328 5568 2348 5596 ο
2371 5556 2492 5612 lam
2524 5558 2800 5627 imperator
2832 5572 3012 5611 novam
3040 5553 3333 5625 dignTtatem
3368 5550 3494 5606 mihi
3519 5548 3809 5605 destinabat
