3948 6170
188 273 275 331 ηε
783 262 1067 323 JULIANO
1104 257 1426 319 AUGUSTO
1464 254 1736 313 GRA'l‘lAl

1866 254 1876 310 Ι
1916 252 2120 310 ΔΟΤΙΟ
2156 251 2296 310 PRO
2331 241 2760 310 CONSULATU.
3305 256 3411 313 4‘26

187 385 360 448 Nempe
383 375 527 434 nobis
552 387 803 446 quoque,
847 387 970 429 eum
1011 385 1201 442 agrum
1244 384 1351 423 non
1383 365 1578 422 nostris
1608 378 1722 418 ma.
1752 366 1800 434 Α
1829 373 1959 426 tem,
1983 362 2077 418 sed
2105 362 2394 433 plurimum
2422 363 2583 418 etiam
2613 363 2735 418 novi
2769 361 2986 416 honoris
3011 361 3306 429 adieceris?
3333 367 3419 420 An

187 477 318 530 uibus
342 469 655 532 excolanus,
696 467 814 522 hzec
846 464 1126 522 illaborata
1160 469 1472 518 nascuntur.
1515 459 1728 524 Quanto
1835 455 2060 522 populus
2085 464 2168 508 est
2187 453 2456 510 timendus
2477 457 2497 488 ⁸
2527 453 2862 523 procuratori
2888 453 3262 510 alinwntornm
3286 470 3414 512 suo-

184 566 544 620 leliciurnostra
565 557 1043 626 conditio,quanto
1066 552 1338 609 beatitudo
1357 547 1729 621 praestantior?
1832 560 1949 598 rum
1971 586 1988 612 ,
2019 544 2141 600 vita:
2175 545 2402 612 vindici,
2443 545 2705 600 libertatis
2739 545 2980 598 aucton?
3022 545 3152 599 Nam
3186 546 3311 614 quid
3351 547 3419 601 de

183 653 280 708 Non
303 651 471 719 'spica
510 648 748 711 triticea,
790 662 900 701 non
934 645 1069 700 viles
1099 657 1319 698 uvarum
1354 639 1590 704 racemi;
1631 636 1726 694 sed
1835 635 2095 692 militibus
2133 636 2363 706 loquar?
2401 637 2442 668 ¹⁰
2475 638 2608 705 Duo,
2640 646 2732 690 aut
2771 638 2868 691 tria
2914 637 3082 692 ferme
3130 652 3194 694 ex
3236 648 3417 694 vetere

180 759 293 812 opes
330 750 482 811 atque
525 738 728 794 divitia
769 736 907 792 nihil
957 734 1324 790 laborantibus
1373 733 1724 801 ingerunttir;
1832 727 2091 786 memoria
2129 728 2422 784 amicorum
2463 728 2608 796 paria
2652 727 3012 795 proferuntur.
3054 729 3200 802 Nt'gu
3234 747 3420 800 quem-

182 833 464 903 piovinciai,
513 829 882 900 praefecturae,
933 827 1104 881 fasces
1150 834 1342 894 Sponte
1389 821 1727 893 proveniunt.
1831 819 1974 887 piam
2003 818 2072 872 ab
2100 833 2208 872 uno
2239 820 2414 874 amico
2445 821 2564 887 plus
2603 820 2854 876 diectum
2887 837 3043 890 quain
3077 835 3153 888 tu,
3182 823 3413 891 impera-

181 924 246 978 ‘l'u
273 934 340 988 tu,
371 923 582 991 inquam
602 960 618 985 ,
649 919 884 974 maxime
913 916 1228 982 imperator,
1257 915 1566 970 exsulantes
1594 911 1731 968 rele—
1833 919 1936 976 lor,
1957 926 2062 964 non
2094 912 2253 965 modo
2273 928 2302 965 a
2339 913 2375 943 ¹¹
2404 913 2711 974 comitibus,
2738 914 2966 967 txihunis
2997 915 3120 979 tuis,
3151 915 3246 969 sed
3276 930 3303 968 a
3337 917 3416 974 le-

159 1026 400 1083 galasque
436 1012 666 1066 virtutes
711 1009 779 1062 ad
828 1006 1213 1076 rempublicam
1243 1005 1478 1073 quodam
1503 1005 1522 1036 '
1545 1000 1732 1072 postli-
1831 1001 2079 1069 giouibus
2107 1005 2334 1068 cunctis,
2360 1005 2632 1073 equitibus
2676 1021 2737 1060 ac
2787 1006 3070 1074 peditibus,
3091 1007 3132 1038 "
3160 1009 3418 1077 gregariis

177 1107 268 1158 mia
289 1119 318 1158 o
349 1102 646 1158 reduxisti:
691 1111 745 1155 tu
787 1099 1052 1154 esstincta
1091 1097 1201 1167 iam
1231 1097 1527 1154 litterarum
1550 1093 1729 1153 studia
1829 1092 1992 1148 etiam
2023 1095 2283 1149 militibus
2312 1094 2574 1164 diligaris.
2612 1097 2809 1164 Izaque,
2841 1098 2978 1164 quod
3011 1098 3076 1150 ad
3120 1109 3173 1154 te
3201 1100 3416 1161 attinet.

176 1193 464 1249 ‘ﬂauimasti
490 1209 503 1248 :
528 1194 550 1224 ‘
574 1202 627 1247 tu
655 1190 1050 1262 philosophiam
1077 1188 1237 1258 paulo
1257 1195 1381 1244 ante
1401 1195 1725 1254 suspectam,
1829 1196 2021 1240 cuncta
2041 1187 2151 1256 jam
2178 1203 2206 1240 a
2237 1188 2480 1242 custodia
2511 1190 2583 1242 tui
2609 1204 2755 1246 arma
2783 1203 3109 1257 removeres,
3135 1190 3228 1244 sed
3251 1207 3420 1260 quan-

173 1301 225 1340 ac
247 1285 465 1338 'uedum
494 1282 782 1354 spoliatam
824 1279 1152 1345 honoribus,
1193 1277 1290 1334 sed
1316 1288 1623 1334 accusatam
1664 1292 1730 1333 ac
1832 1278 1902 1332 do
1939 1277 2044 1334 hoc
2084 1295 2116 1348 p
2141 1289 2237 1333 rtrs
2274 1279 2598 1348 persuadere
2640 1280 2935 1336 militibus?
2963 1280 3135 1334 Anxia
3169 1291 3252 1335 est
3287 1281 3418 1336 lide-

172 1393 295 1433 ream
324 1391 425 1431 non
453 1376 618 1431 modo
640 1373 848 1446 judicio
882 1371 1122 1428 Iiberasti
1141 1410 1155 1432 ,
1200 1369 1294 1428 sed
1322 1370 1573 1426 amiCtam
1607 1386 1730 1438 pur-
1832 1368 1960 1426 lium
1991 1370 2283 1440 diligentia.
2311 1380 2337 1409 ⁸
2369 1371 2602 1426 Maximo
2623 1371 2792 1426 amori
2818 1373 3083 1428 maximus
3113 1373 3269 1428 timor
3293 1374 3419 1442 jun-

172 1481 312 1534 pura,
355 1479 482 1520 auro
516 1464 864 1535 gemmisque
914 1460 1220 1519 redimitam
1245 1460 1339 1514 “in
1384 1459 1547 1531 regali
1593 1461 1732 1514 solio
1828 1473 1944 1518 ctus
1974 1473 2076 1520 est.
2117 1463 2230 1518 Non
2262 1465 2416 1520 nobis
2441 1463 2644 1519 sufﬁt-it
2674 1464 2820 1534 quod
2849 1464 3126 1520 obtinuiin
3163 1474 3222 1520 ut
3259 1481 3417 1526 nemo

168 1558 434 1612 collocuti.
483 1556 775 1627 Suspieerc
805 1556 914 1625 jam
953 1555 1006 1610 in
1036 1553 1236 1610 celum
1267 1554 1414 1620 licet,
1445 1563 1502 1610 et
1525 1554 1732 1610 securis
1832 1565 1884 1610 te
1910 1556 2037 1610 velit
2072 1558 2287 1622 laedere,
2318 1557 2420 1612 nisi
2455 1571 2553 1612 nos
2574 1573 2825 1614 curamus
2851 1567 2908 1612 ut
2936 1573 3092 1612 nemo
3123 1557 3312 1627 possit.

167 1649 487 1716 contemplari
507 1657 659 1704 astra
683 1648 995 1712 luminibus,
1021 1646 1112 1714 qui
1140 1647 1298 1716 paulo
1321 1656 1445 1702 ante
1471 1663 1724 1716 pecorum
1907 1646 2072 1700 XXV.
2109 1647 2417 1704 Habuerunt
2449 1647 2691 1702 nonnulli
2723 1648 2812 1701 alii
2860 1648 3130 1717 principes
3171 1649 3416 1704 devotam

167 1750 302 1807 atque
318 1738 725 1808 quadrupedum
750 1736 1103 1792 animantium
1127 1736 1230 1792 ritu
1253 1736 1308 1790 in
1331 1736 1549 1791 humum
1581 1738 1728 1794 visus
1760 1721 1802 1779 Β
1829 1745 1886 1790 et
1913 1745 2184 1792 amantem
2221 1736 2303 1790 sui
2335 1735 2620 1792 cohortrm
2645 1777 2661 1802 ,
2689 1737 2783 1794 sed
2821 1738 2928 1790 alio
2968 1737 3196 1805 quodam
3224 1737 3418 1803 modo;

170 1834 378 1899 trepidos
409 1831 727 1900 ligebamus.
777 1829 910 1896 Quis
938 1829 1082 1884 enim
1112 1838 1361 1896 spectare
1389 1832 1614 1884 auderet
1641 1845 1729 1883 or-
1833 1826 2063 1895 primum
2117 1827 2258 1895 quod
2293 1827 2337 1858 ¹³
2377 1827 2610 1894 imperiti
2659 1842 2724 1880 ac
2775 1828 2936 1882 rudes
2994 1827 3416 1884 indoctissimum

167 1932 260 1975 tum
294 1922 504 1988 sideris,
556 1922 677 1991 quis
723 1918 1018 1976 occasum?
1067 1919 1145 1975 Ne
1189 1919 1439 1988 agricolae
1487 1921 1726 1988 quidem,
1827 1931 2095 1985 quemque
2127 1917 2178 1970 in
2207 1917 2490 1974 consilium
2511 1917 2841 1987 deligebam,
2862 1919 3072 1974 scilicet
3095 1927 3154 1974 ut
3179 1919 3417 1988 ipsorum

167 2029 360 2082 quorum
388 2028 558 2080 opera
599 2012 666 2067 ad
710 2021 914 2068 motum
953 2011 1228 2079 sign-mum
1255 2011 1560 2066 molestiam
1593 2020 1729 2068 temo
1831 2009 2110 2077 prudentia
2147 2010 2304 2078 vulgo
2339 2025 2437 2067 suo
2475 2011 2816 2080 aliquatenus
2838 2013 3162 2070 eminerent.
3195 2013 3270 2069 Ita
3295 2029 3418 2070 cum

168 2106 366 2173 peranda
414 2113 580 2170 sunt,
631 2112 1009 2172 tempestatum
1061 2101 1319 2170 praesagia
1371 2101 1722 2159 rimabantur.
1831 2100 2125 2156 vilissimus
2174 2101 2402 2170 quisque
2451 2101 2716 2155 bonorum
2764 2113 2814 2154 et
2863 2102 3171 2156 divitiarum
3223 2098 3421 2172 potitus

170 2195 249 2262 Ipsi
289 2205 487 2256 nauta,
539 2193 632 2261 qui
677 2204 968 2248 nocturnos
1006 2204 1200 2246 cursus
1245 2189 1316 2246 ad
1361 2198 1504 2244 astra
1543 2191 1732 2246 mode-
1836 2188 2015 2252 foret,
2047 2203 2144 2243 sua
2171 2190 2456 2245 commoda
2481 2231 2496 2255 ,
2538 2202 2593 2245 et
2625 2190 2748 2244 vitia
2781 2192 3078 2261 principum
3107 2194 3418 2263 diligebant.

167 2294 346 2348 rantur,
399 2283 690 2337 stellarum
741 2280 1047 2335 nominibus
1092 2279 1452 2340 abstinebant.
1503 2279 1729 2340 Prorsus
1829 2278 1914 2334 Ab
1965 2279 2051 2335 his
2097 2280 2332 2349 Optimus
2379 2281 2607 2351 quisque
2655 2281 2972 2352 abigebatnr
3022 2286 3244 2352 procul,
3298 2299 3419 2344 cum

165 2383 283 2428 terra
318 2376 570 2443 marique
604 2387 710 2429 non
747 2371 958 2428 ratione
994 2369 1236 2436 ctelesti,
1278 2371 1371 2427 sed
1401 2385 1531 2425 casu
1561 2387 1624 2432 ac
1653 2380 1727 2430 te.
1829 2380 2080 2440 suspecta
2118 2383 2259 2428 esset
2304 2373 2538 2442 probitas
2565 2383 2622 2427 et
2652 2373 2856 2439 invisa;
2889 2383 2942 2429 et
2969 2386 3170 2445 quinto
3198 2377 3422 2447 quisque

168 2479 293 2520 [nere
318 2465 622 2518 vivebatur.
1139 2457 1142 2462 ’
1831 2462 2134 2527 honestior,
2165 2461 2192 2502 δ
2221 2473 2371 2520 tanto
2406 2465 2760 2534 importunior
2787 2467 3023 2536 turpium
3051 2469 3255 2523 arb‘ter
3285 2470 3422 2524 vita-

224 2554 395 2608 XXIV.
425 2553 576 2608 Nihll
616 2552 776 2621 igitur
804 2552 997 2606 mirum
1035 2560 1152 2617 est,
1175 2550 1494 2619 imperator,
1525 2551 1569 2605 si
1609 2560 1731 2610 tan-
1834 2563 2004 2607 retur.
2038 2556 2106 2610 At
2131 2564 2186 2608 tu
2205 2595 2221 2617 ,
2250 2555 2518 2624 Auguste,
2548 2557 2800 2614 omnibus
2823 2560 2975 2625 nugis
3004 2563 3248 2624 remotis,
3277 2563 3423 2631 opti-

167 2655 238 2700 tus
268 2661 437 2710 amur,
467 2654 530 2701 et
577 2653 682 2699 tam
714 2658 874 2698 verus
913 2643 966 2696 iii
1004 2653 1055 2697 te
1097 2642 1298 2697 civium
1325 2641 1517 2698 fervet.
1546 2642 1733 2712 Neque
1835 2659 1981 2698 mum
2029 2653 2082 2699 et
2135 2645 2504 2702 docti~simum
2545 2661 2814 2714 quemque
2860 2648 3143 2715 perquiris.
3200 2650 3254 2704 Si
3303 2651 3423 2715 quis

158 2737 283 2789 enim
318 2737 483 2790 ullum
535 2743 667 2804 puto
707 2743 830 2801 post
871 2732 1118 2788 homines
1155 2741 1309 2787 natos
1337 2741 1486 2789 tanto
1518 2735 1734 2803 generis
1835 2741 2057 2802 pra-stat
2078 2733 2362 2790 virtutibus
2388 2735 2596 2790 bellicis
2620 2746 2676 2790 et
2700 2736 2854 2792 laude
2887 2737 3126 2800 militiae,
3161 2740 3212 2793 in
3236 2740 3424 2797 amicis

162 2824 354 2882 humani
393 2827 598 2882 ardore
645 2827 920 2880 dilectum.
963 2823 1296 2878 Caeterorum
1344 2839 1529 2893 regum
1575 2833 1736 2895 atque
1836 2825 2096 2890 habetur;
2140 2827 2229 2894 qui
2281 2826 2335 2882 in
2373 2827 2611 2882 oratoria
2661 2826 2946 2892 facultate,
2973 2827 3068 2896 qui
3109 2830 3161 2884 in
3200 2830 3424 2886 scientia

160 2918 526 2987 imperatorum
552 2917 850 2973 charitates
876 2915 1164 2969 admodum
1193 2929 1349 2980 rara},
1375 2931 1475 2973 nec
1503 2933 1735 2985 unquam
1833 2915 1971 2984 juris
1999 2915 2173 2972 civilis
2205 2916 2442 2982 excellTI.
2475 2917 2617 2972 ultro
2646 2917 2711 2972 ad
2737 2917 3152 2974 familiaritatem
3181 2932 3423 2979 vocatur.

159 3007 401 3064 diuturna:
431 3010 675 3064 fuerunt.
706 3008 726 3038 "
758 3005 817 3060 lu
849 3006 1077 3061 summis
1104 3005 1248 3060 enim
1281 3005 1555 3062 hominum
1585 3008 1738 3062 habi—
1838 3008 2153 3076 Quicunque
2182 3007 2234 3060 in
2262 3007 2726 3067 administratione
2758 3008 3064 3078 reipublicae
3088 3011 3424 3068 ini-cenlem

158 3109 322 3154 tavere
358 3100 710 3166 pectoribus,
748 3097 922 3152 subita
963 3106 1019 3151 et
1054 3096 1320 3152 fortunata
1363 3097 1732 3154 benevolvntia
1761 3085 1807 3148 C
1839 3112 1900 3154 se
1930 3111 2162 3166 unquam
2189 3108 2245 3154 et
2273 3109 2550 3155 strenuum
2579 3098 2826 3168 pra-buit,
2860 3100 2913 3152 in
2943 3105 3270 3157 consortium
3303 3119 3423 3160 mu-

159 3201 479 3256 provocatae,
521 3205 631 3244 non
663 3189 914 3243 virtutum
955 3186 1312 3241 admiratione
1343 3187 1623 3246 devinctis.
1663 3192 1734 3247 At
1839 3203 2025 3243 nerum
2066 3196 2391 3257 receptatur.
2426 3188 2693 3255 [legendis
2734 3190 3020 3258 pr-vinriis
3063 3207 3170 3245 non
3202 3191 3428 3249 I‘atnilia-

158 3295 270 3336 vero
305 3292 495 3338 nutet
537 3282 763 3337 allectus
807 3281 918 3336 veri
965 3280 1207 3348 certique
1231 3280 1418 3348 jud.cii
1456 3290 1572 3347 est,
1611 3281 1734 3338 imis
1838 3280 2106 3332 rissimum
2133 3295 2429 3350 quemque,
2465 3279 2559 3335 sod
2591 3280 3082 3335 innocentissimum
3112 3282 3263 3352 legis.
3293 3285 3427 3339 0m-

164 3377 340 3428 mentis
366 3375 600 3430 sedibus
624 3373 870 3442 alligatus
892 3371 1125 3435 animus,
1156 3380 1211 3426 et
1233 3373 1358 3425 vita:
1387 3371 1661 3429 immixtus
1679 3382 1735 3431 et
1839 3386 1934 3426 nes
1959 3388 1984 3423 a
2012 3381 2062 3430 te
2088 3381 2349 3442 augentur
2363 3371 2609 3442 pecunia,
2643 3371 3028 3442 locupletatitnr
3064 3375 3262 3433 divitiis
3285 3417 3298 3443 ,
3329 3379 3429 3434 ho-

159 3464 337 3533 unitus,
357 3465 616 3520 resolutis
636 3462 798 3518 etiam
828 3470 1000 3516 morte
1028 3461 1344 3530 corporibus
1366 3475 1489 3516 cum
1512 3461 1732 3518 immor-
1838 3464 2059 3519 noribus
2095 3465 2464 3519 honestautur.

159 3559 238 3612 tali
282 3571 464 3616 mente
512 3560 777 3615 victumas.
819 3561 984 3613 Arma
1013 3557 1210 3627 igitur,
1249 3566 1303 3612 et
1334 3557 1560 3626 juvenes
1607 3570 1728 3612 cum
1912 3554 2100 3608 XXVI.
2135 3554 2360 3610 Prorsus
2385 3553 2646 3610 amicitias
2673 3557 2841 3611 tueris
2881 3556 3069 3626 privati
3108 3556 3233 3620 ﬁde.
3259 3558 3428 3628 impe-

156 3649 327 3717 gladiis
357 3660 532 3720 atque
583 3651 706 3720 pilis
747 3663 852 3704 non
886 3649 1144 3703 custodia:
1177 3649 1418 3717 corporis
1445 3657 1606 3714 sunt,
1641 3647 1736 3704 sed

160 3739 362 3806 quidam
423 3741 800 3810 imperatoria:
843 3739 1142 3809 maiestatis
1185 3740 1442 3794 solemnis
1493 3749 1735 3795 ornatus.

157 3831 279 3897 Quid
317 3834 467 3888 enim
513 3833 636 3888 istis
661 3846 797 3902 opus
823 3841 904 3886 est
927 3871 942 3895 ,
974 3845 1096 3886 cum
1128 3830 1434 3887 ﬁrmissimo
1470 3831 1544 3886 sis
1582 3846 1738 3888 muro

156 3924 290 3980 civici
322 3927 534 3980 amoris
560 3924 853 3994 obseptus?
875 3928 956 3979 An
986 3923 1269 3979 metuenda
1299 3923 1393 3977 tibi
1414 3925 1436 3957 ⁸
1464 3925 1609 3979 curia
1626 3935 1734 3993 est,

156 4030 266 4070 tum
300 4017 522 4073 senatui
559 4031 663 4069 non
695 4014 868 4070 solum
900 4025 1138 4070 teterem
1178 4013 1478 4070 reddideris
1511 4015 1739 4085 dignita-

222 4217 298 4269 Ἀ
345 4212 688 4269 nominativo
730 4211 956 4281 spicum,
1003 4226 1110 4282 quo
1149 4225 1278 4267 usus
1314 4223 1398 4268 est
1427 4213 1636 4268 Tullius
1681 4216 1734 4269 in

159 4288 338 4349 Arato,
366 4287 576 4350 spicum
604 4283 804 4336 illustre
828 4286 1013 4350 feretis.

221 4356 240 4385 '
264 4354 612 4407 Postliminio
643 4353 893 4414 rvdeunt,
937 4353 1238 4421 quicunque
1279 4352 1501 4418 eodem,
1545 4369 1640 4410 seu
1668 4356 1734 4409 ad

157 4422 289 4477 idem
320 4425 489 4478 limen
523 4431 882 4483 revertuntur,
912 4424 1052 4475 unde
1078 4425 1341 4476 exierant.

219 4495 239 4524 ³
264 4494 374 4547 νος
406 4510 518 4546 non
547 4493 710 4546 semel
736 4492 922 4545 Tacito
952 4502 1226 4558 usurpata,
1258 4507 1354 4557 pro
1378 4494 1733 4561 inﬂammasli.

220 4563 240 4592 "
263 4565 453 4618 Melior
473 4564 705 4616 fortasse.
733 4563 918 4615 luisset
937 4561 1202 4627 Julianus,
1227 4565 1270 4617 si
1297 4573 1501 4616 naturai
1526 4566 1736 4620 arcanis

161 4634 567 4700 perscrutandis
592 4633 769 4685 minus
797 4647 858 4686 se
887 4631 1140 4685 dedisset.

221 4705 241 4734 '
260 4705 314 4757 Id
345 4713 454 4766 est,
483 4718 589 4756 non
617 4703 769 4755 modo
795 4702 1089 4767 spoliatam.

221 4773 245 4804 ⁸
267 4774 360 4829 Sic
390 4774 624 4828 Paculus
645 4773 696 4826 in
729 4770 998 4825 Thcodos.
1030 4770 1159 4825 Pan.
1191 4787 1339 4825 num.
1364 4771 1432 4827 16
1459 4789 1472 4826 :
1505 4772 1578 4825 Tu
1605 4778 1736 4828 ami—

156 4843 321 4895 ci:iam
370 4860 479 4897 non
521 4844 686 4898 solum
732 4845 868 4922 intra
911 4842 1096 4922 aulum.
1124 4843 1341 4922 uocasti,
1386 4845 1476 4896 sed
1503 4843 1740 4922 indutam

158 4929 405 4981 purpura,
437 4930 572 4967 auro
590 4913 898 4983 gemmisque
914 4911 1202 4964 rediude
1230 4911 1360 4965 solio
1385 4914 1632 4983 recepisti.

222 4984 239 5013 ⁷
269 4985 324 5038 Id
356 4993 466 5046 est.
514 4988 569 5036 in
622 4983 803 5035 intima
834 4990 984 5047 parte
1014 4983 1268 5053 pectoris,
1303 4990 1358 5034 ut
1411 4985 1466 5035 lit
1517 4987 1736 5053 opposi-

160 5053 230 5103 tio
256 5068 377 5108 cum
420 5055 490 5108 iis
520 5068 638 5120 qua:
669 5067 789 5105 mox
818 5060 1116 5120 sequuntur
1151 5069 1162 5105 :
1195 5051 1258 5104 At
1285 5066 1401 5106 vero
1426 5051 1602 5106 noster
1621 5055 1742 5119 affe-

155 5132 260 5176 etus
280 5125 396 5177 imis
425 5119 610 5176 "reniti:
631 5121 832 5176 sedibus
853 5119 1114 5190 alligatus.
1143 5121 1503 5190 Expnngenda
1529 5125 1738 5180 videtur

158 5193 393 5248 Acidalio
419 5209 527 5246 vox
549 5209 666 5261 qua:
693 5191 956 5257 sequitur,
990 5206 1180 5258 nempe
1209 5193 1431 5246 animus.

221 5264 243 5294 '
272 5265 448 5318 Locus
479 5263 568 5316 ubi
595 5264 660 5316 de
685 5261 847 5316 rebus
878 5261 1103 5327 publicis
1131 5261 1402 5329 agebatur.

131 5349 134 5364 ι
221 5335 241 5363 ⁸
259 5333 512 5387 Julianus
531 5333 669 5386 enim
695 5331 916 5386 Romani
943 5339 1156 5400 propter
1174 5331 1422 5386 diuturna
1445 5331 1580 5388 bella
1599 5332 1740 5388 fame

1844 3647 2040 3701 ratoris
2074 3647 2382 3714 epulentia,
2409 3661 2532 3716 quae
2561 3657 2830 3716 perpetuae
2858 3657 2914 3703 et
2940 3650 3234 3704 constantis
3262 3651 3429 3706 benc—

1844 3739 2096 3794 volentite
2141 3738 2309 3807 prima
2338 3737 2530 3794 ﬁducia
2575 3750 2679 3805 est,
2709 3740 3004 3798 certissima
3055 3741 3307 3796 virtutum
3327 3782 3342 3807 ,
3372 3753 3427 3800 et

1846 3832 2093 3902 princeps
2113 3831 2329 3885 veritas.
2359 3828 2405 3861 “
2425 3828 2561 3884 Num
2587 3845 2744 3899 quem
2773 3831 2822 3884 in
2845 3830 3026 3885 animo
3053 3845 3172 3885 esse
3191 3833 3430 3900 suspica-

1847 3931 1959 3977 tum
1987 3922 2204 3976 audivi?
2233 3921 2400 3977 Nemo
2437 3919 2704 3976 simulatis
2743 3921 3052 3989 blanditiis,
3098 3937 3258 3978 nemo
3297 3924 3428 3979 falsa

1848 4013 2233 4085 pollicitatione
2256 4011 2512 4082 deceptus
2531 4021 2635 4068 est.
2655 4011 2787 4079 Quis
2811 4013 2982 4068 nescit
3000 4013 3224 4068 aliorum
3254 4015 3427 4083 impe-

1841 4215 2093 4269 alllictam
2119 4215 2470 4283 suppeditatis
2499 4213 2764 4268 alimentis
2795 4223 3141 4268 sustentavat.

1915 4286 1958 4318 ¹⁰
1987 4285 2119 4338 Nota
2146 4295 2228 4338 est
2254 4285 2446 4338 Thesei
2479 4293 2530 4338 rt
2562 4283 2807 4348 Pirithoi,
2837 4283 3089 4336 Damonis
3116 4293 3170 4336 et
3201 4283 3426 4351 Pythiae,

1841 4355 1901 4409 C.
1935 4355 2080 4409 Laelii
2127 4363 2183 4409 ct
2225 4354 2460 4409 Africani
2508 4353 2768 4422 Scipionis
2811 4352 3063 4405 amicitia.
3108 4352 3264 4405 Plura
3309 4353 3427 4420 ejus

1839 4427 2053 4494 generis
2080 4425 2319 4492 exempla
2353 4425 2548 4494 passim
2582 4422 2700 4494 vide
2723 4423 2860 4490 apud
2888 4432 3152 4494 aut-tores.

1916 4496 1955 4526 “
1987 4495 2064 4550 De
2103 4495 2274 4548 ttibus
2307 4493 2560 4546 comitum
2590 4493 2862 4546 ordinibus
2896 4507 2926 4543 a
2965 4492 3315 4546 Constantino
3340 4494 3427 4547 in-

1845 4565 2104 4619 trnductis
2137 4581 2151 4616 :
2182 4564 2308 4633 quid
2337 4564 2562 4629 singulis
2590 4580 2684 4629 pro
2716 4571 2920 4616 ratione
2948 4565 3028 4614 sui
3059 4562 3262 4615 ordinis
3300 4579 3430 4616 con-

1713 4635 1718 4640 ’
1763 4630 1816 4690 Ῐ)
1843 4635 2048 4688 veniret
2078 4654 2092 4688 :
2129 4630 2213 4688 de-
2229 4634 2491 4686 comitibus
2518 4633 2922 4703 prouinciarum,
2947 4633 3009 4684 de
3037 4633 3217 4684 camile
3244 4633 3428 4688 divine

1841 4704 2045 4769 domus,
2085 4705 2438 4774 largitiommt.
2467 4701 2572 4758 utr.
2602 4702 2735 4756 Vide
2764 4701 3100 4757 Grutheriuni
3131 4704 3195 4755 de
3241 4703 3430 4771 O/ﬁcii’a

1845 4777 2027 4843 domus
2048 4777 2314 4843 Augustae.

1917 4845 1958 4874 “
1990 4841 2276 4913 Gregurius
2305 4843 2460 4898 miles
2487 4841 2682 4896 dicitur
2707 4855 2843 4896 unus
2879 4856 2910 4896 e
2942 4856 3123 4911 grege,
3150 4852 3205 4896 et
3234 4843 3426 4897 tumul-

1847 4913 2014 4968 luarie
2040 4916 2391 4981 undecunque
2421 4913 2698 4966 Cul'ectns.

1922 4983 1965 5015 "
1994 4984 2067 5037 ita
2099 4980 2484 5038 restitui-udum
2514 4983 2610 5035 fuit
2635 4999 2700 5036 ex
2731 4980 3040 5044 Cuspiniani
3072 4981 3276 5046 rmlire,
3303 4995 3425 5033 cum

1853 5055 1903 5107 in
1936 5055 2204 5122 plerisque
2235 5055 2384 5132 libris
2423 5053 2628 5132 legatur
2666 5052 2920 5132 imperitia
2958 5053 3134 5103 rudes.
3165 5050 3426 5106 Similiter

1847 5140 1941 5194 pro
1965 5129 2206 5192 primum,
2235 5123 2390 5190 anu-
2423 5123 2602 5189 legunt
2629 5124 2870 5189 plerique.

1920 5195 1960 5225 “
1991 5192 2247 5262 Fortasse
2264 5208 2388 5243 num
2412 5192 2524 5262 quis
2554 5193 2772 5260 maligne
2796 5192 2858 5244 de
2901 5207 2954 5245 se
2981 5191 3290 5262 suspicatum
3325 5205 3423 5242 au-

1843 5264 2012 5336 divit?
2041 5261 2378 5316 It.i-Livitteio
2402 5261 2625 5315 videtur.

1502 5465 2074 5521 lNTEllPRETATlO.

220 5613 241 5641 ι
278 5604 409 5667 Eius
433 5615 612 5660 causa,
639 5614 794 5666 quem
818 5599 1032 5651 multum
1057 5598 1244 5665 diligis.
1271 5597 1541 5666 plurimum
1567 5597 1730 5648 times.

221 5674 245 5710 ⁵
279 5673 448 5725 Tuuto
473 5672 726 5722 molestior
747 5672 884 5720 tentis
915 5669 1004 5737 fug
1035 5682 1171 5722 r.tur
1199 5683 1367 5720 eorum
1399 5684 1510 5734 qua'
1531 5683 1738 5735 agmu-

399 5764 668 5823 Pnnon.
715 5759 941 5820 XVIII.

1841 5605 1922 5648 lur
1947 5607 2046 5661 tur;
2064 5597 2172 5648 iter.

3048 5743 3118 5800 ιιι
