4048 6184
527 248 629 302 427

1215 239 1678 300 MAMERTINUS.
1707 272 1778 284 —
1807 243 2212 300 GRATIARUM
2254 244 2456 301 ACTIO
2495 244 2630 300 PRO
2669 245 3093 303 CONSULATU.

3680 251 3784 308 ηε

526 370 759 416 ratorum
787 357 1008 412 hilarem
1035 355 1303 411 diritatem
1323 395 1338 420 ,
1367 356 1383 386 ¹
1413 354 1930 424 cachinnantemque
1951 357 2105 408 εαξνί-
2131 360 2179 416 Α
2211 363 2428 411 ventare
2451 371 2548 411 nos
2579 358 2830 428 principi,
2870 358 3009 414 forte
3035 369 3142 412 tum
3173 357 3322 413 danti
3343 373 3564 428 operam
3587 364 3608 396 ⁸
3639 365 3784 416 salu-

528 455 689 514 tiam;
729 463 758 502 a
801 447 993 518 quibus
1035 444 1265 521 ingenita
1296 444 1586 499 crudelitas
1623 445 1875 514 ﬁgmento
1916 445 2110 500 laetitia:

529 542 845 613 tegebatur?
867 541 994 596 Mira
1018 548 1099 594 est
1127 539 1179 592 iu
1205 537 1443 608 principe
1471 545 1657 592 nostro
1679 526 1874 591 mentis
1897 537 2112 606 lingua:-

527 651 629 704 que
672 634 976 690 concordia.
1017 632 1132 687 Non
1176 629 1334 684 modo
1381 628 1597 684 humilis
1641 638 1695 683 et
1737 632 1885 696 parvi
1923 627 2107 695 an'mi,

527 727 620 783 sed
651 729 672 761 '
704 727 900 782 servile
923 726 1110 778 vitium
1155 723 1256 777 scit
1295 736 1416 776 esse
1455 721 1813 776 mendacium.
1847 719 1912 773 Et
1939 734 2068 774 vere
2090 762 2104 784 ,

526 833 646 872 cum
675 817 960 872 mendaces
993 816 1234 869 homines
1267 820 1361 867 aut
1386 813 1582 882 inepia,
1614 824 1706 866 aut
1733 813 1889 865 timor
1920 811 2108 874 faciat,

528 907 946 979 magnitudinem
989 906 1218 961 fortuna;
1256 919 1364 958 sua:
1407 903 1697 969 imperator
1735 903 1822 971 qui
1858 903 2109 956 mentitur

527 1001 756 1069 ignorat.
784 996 948 1062 Quis,
979 1009 1074 1050 oro
1104 1007 1198 1046 vos
1218 1033 1232 1056 ,
1266 993 1417 1062 plura
1447 992 1670 1060 prmbuit
1701 991 1818 1045 fidei
1861 999 2098 1044 constan-

526 1091 724 1158 tiaeque
756 1086 1112 1144 documenta?
1140 1085 1342 1139 Omnes
1371 1098 1505 1151 quos
1539 1083 1770 1152 privatus
1802 1083 1854 1136 in
1886 1081 2107 1136 familia-

523 1183 735 1237 ritatem
761 1180 984 1246 recepit,
999 1176 1188 1231 eodem
1213 1175 1372 1229 habet
1395 1175 1686 1241 imperator
1706 1173 1896 1227 all’ectu
1941 1173 2106 1226 Nemo

526 1272 695 1339 gradu
737 1267 950 1338 pulsus,
998 1281 1158 1321 nemo
1198 1265 1344 1319 aditu
1387 1263 1718 1333 prohibitus,
1753 1265 1881 1318 nulli
1927 1263 2103 1332 palatii

513 1359 665 1419 fores
699 1361 896 1415 clausas
921 1366 1065 1414 sunt.
1090 1359 1109 1390 ³
1133 1359 1330 1413 Omnes
1356 1358 1525 1413 bonos
1557 1357 1730 1410 habet.
1763 1358 1815 1410 lu
1848 1357 2106 1427 recip'en-

520 1453 610 1513 dis
651 1451 838 1507 amicis
875 1450 1108 1520 optimus
1133 1451 1294 1520 judex
1322 1457 1423 1504 est.
1453 1449 1506 1505 Si
1534 1449 1695 1518 aliqui
1726 1457 1848 1503 sunt
1879 1450 2104 1517 improbi

527 1542 828 1609 tolerandi,
863 1540 1197 1596 familiarium
1225 1540 1364 1595 vitiis
1395 1539 1735 1595 immutabilis
1763 1549 1844 1594 est
1879 1541 2100 1594 amicus.

595 1633 804 1691 XXVII.
837 1633 906 1688 At
934 1641 1143 1688 mutant
1163 1631 1412 1687 secunda:
1441 1647 1528 1687 res
1555 1632 1806 1686 animos?
1844 1631 2097 1686 Nostrum

2217 447 2498 514 tutoribus,
2529 449 2821 503 nuntiatur.
2855 449 3048 504 Statim
3080 465 3110 504 e
3133 450 3271 504 solio
3296 450 3340 483 ⁸⁸
3367 459 3620 522 tanquam
3652 469 3786 523 pra-

2215 549 2403 607 ceptus
2429 538 2668 604 exsiluit,
2693 540 2845 594 vultu
2873 539 3085 608 trepido
3114 551 3274 609 atque
3293 551 3588 612 satagente,
3612 546 3785 614 qualis

2215 641 2368 681 meus
2396 642 2512 681 mea
2544 643 2664 683 esse
2693 632 2976 698 potuisset,
3007 631 3052 685 si
3089 633 3314 701 principi
3342 647 3497 688 serus
3538 648 3786 690 occurre-

2212 732 2350 772 rem.
2390 717 2556 788 }Egre
2591 721 2812 775 remotis
2855 721 3032 790 populi
3073 723 3162 789 qui
3204 737 3302 777 nos
3334 724 3786 793 praegrediebaiur

2213 805 2534 875 agminibus,
2568 817 2623 862 ut
2652 824 2810 878 quam
2836 811 3144 879 longissime
3171 812 3324 864 nobis
3353 813 3563 866 obviam
3598 829 3785 882 proce-

2211 897 2366 952 deret
2390 898 2671 952 laboravit.
2700 899 2828 966 Illic,
2856 901 2988 969 prob
3021 911 3208 955 saucia
3237 902 3521 958 divinitas!
3544 903 3783 973 gauden-

2213 990 2354 1045 tibus
2372 990 2597 1052 cunctis,
2617 1005 2724 1059 quo
2743 992 2874 1046 ore?
2899 1007 3003 1062 qua
3031 993 3198 1048 voce?
3227 995 3415 1064 inquit.
3440 995 3574 1061 Ave,
3592 997 3634 1028 “
3656 1011 3786 1051 cou-

2211 1079 2293 1132 sul
2333 1079 2681 1148 amplissime.
2725 1080 2984 1150 Dignatus
3025 1084 3210 1136 osculo
3250 1083 3364 1138 oris
3405 1085 3546 1139 illius
3587 1085 3784 1142 divinis

2209 1166 2458 1224 allatibus
2479 1172 2778 1225 consecrati
2801 1171 3075 1227 dexteram
3103 1173 3272 1240 dedit,
3308 1174 3454 1228 illam
3481 1175 3785 1242 dexteram,

2210 1260 2513 1316 immortale
2563 1264 2752 1332 pignus
2797 1264 3046 1330 virtutis,
3100 1277 3155 1320 et
3182 1266 3325 1321 fidei.
3381 1269 3556 1324 Poeta:
3604 1268 3786 1325 ferunt

2207 1353 2522 1408 altissimum
2570 1355 2751 1422 illum,
2800 1364 2856 1411 et
2903 1367 3092 1412 cuncta
3137 1366 3401 1427 potestate
3443 1360 3783 1416 cohibentem

2209 1443 2398 1511 deum,
2443 1445 2533 1514 qui
2571 1445 2775 1502 ditione
2829 1457 3081 1517 perpetua
3125 1448 3302 1504 divina
3340 1459 3501 1521 atque
3549 1453 3782 1508 humana

2210 1533 2534 1602 moderatur,
2549 1549 2669 1590 cum
2691 1535 2950 1604 despiciat
2970 1538 3024 1592 in
3054 1547 3225 1594 terras
3247 1540 3289 1571 ¹²
3311 1540 3493 1595 habitu
3508 1543 3618 1596 oris
3644 1551 3784 1599 tem-

2209 1637 2469 1696 pestatum
2497 1627 2702 1682 incerta
2727 1638 2962 1697 mutare,
3007 1630 3124 1699 ejus
3151 1639 3280 1685 nutu
3311 1632 3567 1688 mundum
3595 1637 3786 1690 tremi-

526 1725 827 1807 principem
855 1725 901 1780 si
923 1723 1155 1778 nondum
1185 1723 1525 1788 mutaverint,
1545 1723 1758 1793 quando
1787 1724 2104 1779 mutabunt?
2140 1728 2182 1786 Β
2207 1732 2378 1784 scere,
2424 1718 2562 1772 illius
2590 1719 2854 1775 hilaritate
2894 1720 3134 1776 turbines
3174 1721 3336 1793 abigi,
3387 1723 3556 1780 nubes
3584 1724 3780 1796 fugari,

523 1816 687 1886 Cujus
718 1829 949 1884 unquam
972 1814 1200 1870 divinior
1229 1813 1452 1870 felicitas
1479 1815 1618 1869 fuit?
1651 1815 1815 1870 Paulo
1845 1827 1970 1870 aute
1991 1817 2010 1847 ⁸
2039 1817 2091 1871 iu

525 1906 776 1962 laceratis
802 1904 992 1961 Gallias
1027 1903 1320 1974 provinciis
1367 1905 1548 1974 lapsus
1584 1905 1604 1937 ⁸
1644 1904 1978 1960 inimicorum
2008 1923 2097 1960 ca-

523 1996 768 2073 pitalium
788 1997 988 2065 apertis
1009 1997 1197 2064 armis,
1223 2005 1279 2050 et
1308 1996 1533 2051 occultis
1558 1995 1766 2050 ἰιιείάεὶε
1789 1999 2094 2066 petebatur;

526 2090 580 2143 in
611 2088 850 2157 pauculis
875 2087 1148 2142 mensibus
1163 2087 1343 2142 divino
1367 2103 1588 2145 munere
1612 2087 1814 2160 Libyae,
1845 2091 2092 2160 Europae,

524 2181 773 2248 Asiznque
813 2189 1063 2249 regnator
1111 2187 1211 2233 est.
1255 2179 1386 2246 Quae
1432 2179 1635 2249 majora
1663 2181 2096 2252 exspectabimus

524 2268 615 2323 dei
641 2269 889 2337 prmmia,
931 2282 1122 2336 quisve
1153 2267 1401 2323 uberiora
1430 2268 1568 2323 dona
1601 2268 1864 2324 fortuan
1909 2269 2096 2325 Videte

524 2374 652 2413 num
693 2358 945 2413 secundis
991 2357 1152 2412 rebus
1185 2358 1358 2412 elatus
1395 2358 1592 2429 aliquid
1634 2359 1705 2415 de
1744 2360 1936 2429 prioris
1975 2360 2096 2416 vita:

524 2449 935 2503 mansuetudine
981 2456 1037 2502 et
1091 2446 1456 2502 moderatione
1501 2451 1808 2504 mutaverit.
1877 2449 2096 2504 Mutavit

526 2540 698 2608 plane,
732 2539 974 2594 mutavit.
1006 2537 1138 2593 Nam
1163 2537 1376 2592 civilior
1397 2537 1567 2594 factus
1599 2554 1978 2608 prosperorum
2012 2541 2094 2594 in-

518 2629 680 2700 fregit
728 2628 1003 2684 invidiam.
1060 2629 1154 2684 Cui
1201 2643 1308 2683 non
1338 2629 1421 2684 vel
1464 2629 1592 2684 illud
1640 2638 1852 2700 tempus
1896 2631 2094 2686 sedata:

521 2721 747 2789 praebuit
777 2721 972 2775 mentis
1001 2720 1286 2786 indicium,
1342 2735 1450 2788 quo
1499 2720 1752 2775 horrendi
1787 2721 1909 2776 belli
1950 2733 2094 2776 metu

522 2812 794 2881 republica
825 2811 1068 2875 liberata,
1097 2811 1223 2866 elati
1254 2825 1438 2866 smnus
1466 2811 1642 2865 cuncti
1673 2812 1933 2880 gestiente
1963 2812 2095 2867 laeti-

521 2903 626 2958 tia?
653 2903 758 2958 Sed
800 2903 1112 2968 imperator,
1140 2916 1443 2972 quanquam
1485 2901 1691 2956 caelesti
1731 2916 1833 2971 ope
1867 2903 2091 2957 salutem

519 2995 830 3064 reipublica
852 3001 1194 3064 propagatam
1215 2995 1443 3060 videret,
1465 3002 1520 3050 et
1539 2995 1897 3050 conditionem
1924 2996 2092 3050 doluit

2204 1809 2424 1863 nitentia
2446 1822 2542 1879 per
2562 1809 2748 1866 orbem
2779 1825 2970 1866 serena
2997 1811 3228 1868 refundi.

2271 1900 2464 1956 XXIX.
2504 1901 2616 1958 Hoc
2642 1902 2711 1956 ita
2738 1918 2880 1966 esse,
2910 1905 3067 1973 paulo
3093 1916 3218 1960 ante
3242 1907 3412 1961 oculis
3441 1907 3586 1963 licuit
3610 1923 3787 1977 expe-

2199 1991 2314 2048 riri.
2345 2000 2371 2028 ι
2402 1992 2457 2046 In
2483 2001 2736 2062 quantam
2767 1993 2976 2049 laxatus
3003 2003 3086 2050 est
3123 1997 3352 2066 populus
3389 2005 3442 2053 te
3470 2001 3784 2056 consulibus

2198 2084 2303 2138 tuis
2331 2083 2601 2140 arridente
2627 2085 2864 2140 laetitiam
2887 2089 2912 2141 τ
2951 2086 3191 2143 Vidimus
3220 2089 3478 2144 attonitos
3504 2090 3781 2146 admiran-

2198 2176 2331 2230 tium
2362 2177 2567 2242 vultus,
2609 2177 2964 2233 multiformes
3006 2178 3299 2234 ltctantium
3337 2189 3545 2246 status,
3594 2183 3782 2239 varios

2197 2282 2480 2337 corporum
2514 2277 2714 2326 motus.
2764 2268 3044 2325 Clamores
3091 2271 3393 2327 inconditos
3422 2273 3782 2342 profundebat

2197 2358 2447 2414 laudandi
2475 2359 2640 2415 eil'usa
2673 2361 2910 2416 libertas.
2945 2361 3291 2430 Tripudiabat
3319 2363 3526 2418 crebris
3552 2365 3782 2420 saltibus

2199 2450 2502 2506 multitudo.
2553 2450 2740 2506 Nimia:
2774 2452 2975 2507 laetitiae
3004 2451 3214 2508 decoris
3239 2463 3364 2508 sunt
3395 2465 3448 2508 et
3492 2455 3782 2524 gravitatis

2198 2539 2559 2594 immemores.
2613 2540 2703 2594 Illa
2744 2541 2970 2609 jactatio
3015 2551 3291 2612 togarum,
3345 2544 3432 2599 illa
3481 2547 3781 2601 exsultatio

2196 2641 2483 2696 corporum
2513 2629 2878 2684 nescientibus
2904 2644 3041 2699 pene
3068 2629 3374 2688 hominibus
3413 2633 3778 2692 excitabatur.

2195 2716 2421 2772 Omnem
2448 2718 2768 2774 modestiam
2800 2719 3002 2789 populi,
3039 2735 3252 2776 omnem
3288 2722 3662 2778 verecundiam
3693 2727 3779 2780 tui

2195 2808 2388 2879 gaudia
2429 2808 2633 2864 elfrena
2671 2821 3074 2879 superaverant.
3142 2813 3276 2880 Ave,
3320 2815 3507 2868 consul
3551 2814 3781 2882 amplis.

2195 2901 2350 2955 sime.
2398 2903 2544 2955 Aveo
2587 2901 2773 2969 plane,
2821 2903 3115 2971 imperator
3141 2945 3156 2970 ,
3199 2911 3254 2956 et
3281 2903 3474 2958 avebo.
3509 2903 3538 2943 δ
3587 2905 3779 2975 Neque

2195 2988 2339 3044 enim
2381 2999 2604 3045 eventus
2641 3003 2763 3045 esse
2809 2999 2984 3060 potest
3023 2991 3193 3060 optati
3245 2992 3400 3060 hujus
3444 2994 3772 3064 ambiguus;

521 3086 829 3148 humanam,
879 3094 954 3148 et,
999 3083 1326 3138 oil'ensarum
1364 3083 1590 3153 gratiam
1643 3083 1865 3151 faciens,
1921 3086 2088 3140 induit
2114 3090 2159 3151 (ζ
2193 3095 2313 3135 cum
2345 3083 2390 3135 is
2410 3095 2572 3136 avere
2591 3081 2797 3150 jubeat,
2829 3082 2918 3150 qui
2943 3081 3053 3150 jam
3084 3082 3208 3137 fecit
3230 3090 3540 3137 utaverem.
3564 3083 3774 3139 Consul

518 3175 756 3239 fratrem,
779 3182 832 3227 et
857 3172 1011 3242 cujus
1036 3174 1198 3226 armis
1220 3173 1241 3204 ⁸
1267 3172 1430 3227 vitam
1457 3173 1815 3243 impugnatam
1845 3177 2044 3230 sciebat
2069 3194 2084 3242 ;

519 3273 745 3318 mortem
774 3264 890 3330 ejus
916 3263 1148 3327 ornavit,
1192 3276 1254 3317 ac
1277 3270 1459 3331 postea
1501 3264 1615 3333 ipse
1643 3264 1778 3333 justa
1812 3267 2084 3333 persolvit.

519 3353 582 3408 Et
605 3353 882 3419 memoria,
909 3363 962 3407 et
985 3353 1256 3408 oblivione
1283 3353 1560 3420 mirabilis,
1583 3355 1604 3386 "
1634 3355 1831 3410 oblitus
1865 3356 2084 3423 inimici,

516 3443 758 3500 meminit
789 3443 1037 3498 haeredis.

587 3534 823 3589 XXHll.
874 3534 980 3590 Sed
1021 3535 1149 3605 quid
1191 3550 1292 3605 ego
1337 3535 1548 3604 longius
1591 3534 1783 3591 indicia
1833 3537 1976 3592 mitis
2025 3546 2082 3592 et

516 3635 807 3680 mansueta:
836 3626 1030 3680 mentis
1054 3626 1310 3680 accerso?
1332 3625 1428 3682 llic
1451 3627 1583 3695 ipse,
1614 3625 1702 3681 hic
1731 3627 1944 3696 inquam
1968 3628 2082 3696 ipse

501 3718 629 3773 dies
677 3716 902 3787 praebuit
939 3717 1110 3771 civilis
1157 3718 1320 3772 animi
1371 3717 1503 3772 satis
1547 3719 1691 3772 clara
1739 3717 2075 3772 documenta.

515 3807 628 3877 Ego
656 3817 711 3862 et
739 3807 761 3840 ⁸
788 3806 988 3876 collega
1039 3821 1212 3870 meus,
1240 3822 1307 3860 ne
1345 3807 1468 3876 quid
1501 3807 1762 3861 maximus
1790 3808 2074 3875 imperator

515 3897 834 3966 propensius
879 3896 1222 3951 humanitatis
1265 3897 1444 3951 studio
1491 3897 1687 3951 faceret
1739 3900 2074 3951 verebamur.

514 3989 694 4056 Itaque
735 3988 994 4042 matutino
1031 3989 1348 4057 crepusculo
1391 3989 1640 4057 palatium
1685 3989 1934 4056 petimus.
1981 3989 2082 4043 Atl-

2189 3173 2538 3241 amplissime.
2587 3175 2717 3226 Sum
2762 3173 2915 3240 plane
2966 3183 3020 3227 et
3057 3173 3266 3238 consul,
3309 3183 3361 3228 et
3401 3173 3776 3242 amplissimus

2188 3265 2393 3318 consul.
2411 3262 2540 3328 Quis
2560 3264 2700 3318 cuim
2718 3277 2804 3318 me
2822 3263 2918 3317 fuit
2931 3264 3156 3333 amplior
3170 3265 3376 3330 consul,
3397 3279 3552 3328 quem
3570 3264 3614 3297 “
3629 3268 3770 3320 sub-

2188 3352 2338 3407 limat
2375 3361 2430 3407 et
2474 3352 2704 3408 illustrat
2746 3352 3074 3418 consulatus,
3106 3367 3266 3422 quem
3312 3352 3544 3408 tribuisti
3579 3370 3594 3406 :
3645 3368 3772 3408 am-

2191 3443 2412 3513 plitudo,
2443 3456 2599 3512 quam
2631 3443 2840 3498 tribuis.
2872 3442 2999 3497 Post
3024 3441 3214 3512 prima;
3235 3443 3570 3498 salutationis
3590 3442 3769 3498 fausta

2187 3533 2473 3604 colloquia,
2500 3533 2624 3603 quid
2655 3548 2749 3604 pro
2773 3533 2896 3601 jure
2915 3533 3177 3588 consulari
3199 3547 3356 3602 agere
3383 3533 3534 3586 nobis
3557 3535 3772 3602 placeat

2186 3624 2510 3690 sciscitatur,
2555 3625 2884 3678 senatorium
2917 3623 3232 3692 impleturus
3259 3607 3490 3678 officium
3520 3626 3562 3678 si
3596 3623 3770 3679 libeat

2190 3715 2233 3748 “
2263 3717 2494 3772 tribunal
2526 3725 2736 3785 petere,
2765 3714 2810 3770 si
2837 3713 3146 3769 concionem
3174 3715 3458 3779 advocare,
3512 3713 3556 3767 si
3587 3723 3766 3768 rostra

2185 3807 2567 3863 conscendere.
2600 3807 2704 3863 Sed
2736 3821 2834 3861 nos
2859 3807 2927 3860 ad
2953 3807 3151 3860 curiam
3179 3804 3434 3860 solemnia
3468 3805 3622 3873 hujus
3651 3805 3762 3860 diei

2184 3897 2641 3953 senatusconsulta
2668 3897 2951 3952 ducebant.
2984 3896 3166 3966 Itaque
3195 3910 3255 3950 se
3295 3896 3542 3950 comi:cm
3574 3897 3762 3949 statim

2191 3990 2432 4060 prabet,
2478 3999 2533 4044 et
2578 3997 2862 4055 utrumque
2901 3986 3039 4042 latus
3076 3985 3382 4042 comulatus
3431 3985 3765 4054 prietestatis

585 4119 601 4148 ¹
631 4116 692 4191 Id
716 4125 818 4191 est,
843 4132 1000 4191 quam
1032 4117 1290 4172 cachinno
1318 4133 1412 4191 seu
1435 4117 1604 4173 effuso
1631 4119 1738 4172 risu
1767 4119 2075 4174 dissimula-
2109 4123 2154 4180 D
2183 4136 2254 4186 tv,
2286 4137 2374 4191 ep.
2400 4123 2433 4176 8
2460 4139 2472 4176 :

510 4189 619 4240 bat.
661 4187 1014 4259 Domitianum
1039 4195 1244 4259 notat,
1271 4187 1394 4256 qui,
1423 4191 1842 4259 quotiescunque
1889 4191 2078 4244 sevire

507 4259 563 4311 in
586 4257 886 4328 quempiam
916 4257 1233 4328 destinabat,
1261 4259 1557 4328 composito
1594 4259 1659 4312 ad
1697 4257 1835 4315 risus
1857 4259 2080 4328 etjocos

508 4327 675 4389 vultu,
708 4326 1032 4380 iracundiam
1062 4327 1288 4393 tegebat.

578 4397 600 4428 ³
629 4396 908 4462 Sumptum
939 4397 1067 4450 illud
1094 4411 1161 4451 ex
1192 4397 1474 4450 Plutarcho
1499 4396 1566 4452 de
1595 4398 1927 4453 Institutione
1955 4414 2081 4464 pue-

510 4478 716 4541 rerum,
745 4464 1086 4541 δουλοπρεπὲς
1115 4471 1171 4541 re
1200 4465 1495 4541 ψερδςσθᾳς.

581 4535 602 4564 ³
631 4541 714 4608 an
735 4544 909 4588 amat:
934 4535 1032 4588 'nisi
1061 4535 1217 4608 habet;
1232 4537 1282 4588 id
1306 4537 1582 4604 signilicat,
1606 4540 1746 4606 quod
1769 4539 1905 4608 apud
1935 4537 2079 4591 ϐπε-

507 4616 606 4656 cos
632 4603 663 4657 ἶ
668 4623 773 4670 χει,
807 4619 899 4669 pro
930 4613 1092 4666 leniit,
1122 4607 1330 4658 retinet.

545 4671 605 4750 .‘
641 4673 911 4726 Acidalius
966 4673 1113 4741 legit,
1187 4675 1240 4726 in
1288 4676 1536 4728 laceratus
1607 4673 1794 4730 Gallia:
1869 4679 2073 4748 provin-

511 4755 637 4794 ειαε.

582 4810 604 4841 ⁸
641 4808 842 4879 Nempe
871 4810 1185 4875 Constantii,
1215 4811 1435 4879 ejusque
1455 4811 1718 4869 factionis.

581 4880 604 4952 ξ
642 4879 1028 4952 Ilittersbusius
1060 4881 1202 4952 legit,
1234 4883 1386 4934 vitam
1406 4899 1552 4935 suam
1581 4885 1952 4952 impugnatum.

544 5021 555 5032 .
579 4949 599 4980 τ
637 4949 846 5030 Oblitus
869 4965 926 5004 se
954 4949 1221 5032 inimicum
1251 4952 1434 5019 fuisse,
1456 4949 1697 5008 tuetutnit
1720 4949 1778 5008 se
1805 4954 2071 5008 hzeredem

509 5033 625 5089 ejus
653 5033 772 5074 esse
801 5034 1027 5088 imperii.

577 5092 600 5122 ⁸
637 5089 839 5159 Νθνὶω,
871 5089 937 5144 de
964 5105 1070 5159 qtto
1101 5105 1204 5144 non
1231 5105 1336 5144 uno
1359 5090 1410 5144 in
1444 5091 1562 5147 loco
1594 5093 1925 5148 Ammianus.

577 5162 598 5193 θ
635 5157 766 5234 Nam
794 5161 956 5214 moris
984 5157 1100 5213 erat
1119 5160 1256 5230 apud
1286 5161 1573 5234 Romanos,
1603 5173 1660 5218 ut
1682 5163 1775 5217 viri
1807 5163 2072 5234 principes

505 5246 598 5285 seu
629 5228 719 5298 qui
743 5243 897 5301 supra
925 5228 1167 5301 caeteros
1196 5231 1426 5300 potentia
1464 5228 1991 5301 cminerentfprima'
2018 5244 2072 5294 et

505 5297 742 5355 secunda
771 5297 902 5353 hora
930 5297 1209 5354 matutina'
1231 5301 1610 5356 salutarentur.
1653 5297 1938 5370 Martialis,
1974 5303 2066 5357 lib.

2335 4213 2495 4262 Prima
2514 4212 2778 4263 salutantes
2799 4217 2947 4275 atque
2970 4211 3124 4261 altera
3147 4212 3359 4262 conterit
3378 4211 3512 4260 hora.

2261 4296 2301 4326 ¹⁰
2343 4296 2396 4350 Id
2424 4304 2540 4362 est,
2573 4304 2908 4364 prmventus,
2931 4303 2986 4348 ut
3019 4294 3200 4363 Virgil.
3243 4293 3455 4348 Eneid.
3497 4309 3568 4353 vt.
3612 4293 3716 4348 l05
3742 4312 3760 4349 :

2338 4385 2509 4435 Omnia
2531 4385 2757 4447 praecepi,
2775 4391 2921 4446 atque
2944 4385 3102 4433 animo
3121 4395 3311 4433 mecum
3331 4388 3446 4432 ante
3469 4385 3662 4446 peregi.

2258 4467 2296 4497 ¹¹
2336 4466 2520 4521 Utrum
2552 4466 2653 4520 hoc
2677 4467 2892 4521 honoris
2924 4465 3077 4521 titulo
3102 4465 3586 4519 cohonestabantur
3625 4479 3761 4519 con-

2184 4535 2330 4606 sules
2350 4575 2366 4599 ,
2394 4548 2457 4606 ut
2477 4537 2542 4588 ad
2570 4539 2738 4606 epigr.
2765 4537 2820 4606 9,
2879 4536 2971 4590 lib.
3010 4553 3024 4590 t
3071 4535 3392 4606 Apollinaris
3415 4534 3620 4606 Sidonii
3651 4542 3754 4586 ob-

2182 4605 2362 4659 s’ervat
2382 4605 2536 4660 Joan.
2565 4603 2800 4660 smmi
2829 4619 2894 4659 an
2919 4606 3060 4674 quod
3083 4603 3430 4674 Mamertinus
3455 4603 3521 4658 ad
3552 4619 3753 4658 con-u-

2183 4675 2344 4728 latum
2377 4677 2569 4729 virtute
2595 4691 2687 4730 sua
2712 4673 3082 4744 perveuiSset?
3109 4673 3167 4728 Is
3184 4675 3338 4741 enim,
3363 4673 3532 4744 inquit
3549 4676 3756 4728 'l‘ullius

2184 4759 2279 4814 pro
2301 4744 2494 4799 Roscio
2529 4743 2796 4809 Amerino,
2828 4761 2973 4814 num.
3003 4745 3111 4799 85:
3154 4743 3286 4814 Milli
3310 4743 3508 4797 videtur
3543 4747 3758 4812 amplis-

2180 4812 2357 4878 simus,
2385 4818 2473 4883 qui
2497 4832 2591 4868 sua
2619 4816 2801 4869 virtute
2825 4817 2878 4868 in
2904 4813 3137 4868 altiorem
3166 4812 3335 4866 locum
3365 4816 3610 4883 peruenit.

2252 4885 2294 4916 "
2333 4881 2414 4938 An
2437 4885 2638 4938 halitu?
2658 4885 2967 4954 Quanquam
2989 4894 3044 4939 et
3061 4883 3260 4937 habitus
3281 4884 3383 4937 oris
3404 4884 3544 4953 apud
3573 4881 3743 4936 Luem

2181 4969 2305 5007 num
2334 4954 2548 5008 dicitur.

2255 5022 2300 5055 ι’
2343 5026 2576 5078 Ιιιιοιιίι.
2602 5023 2714 5078 Vox
2746 5021 2900 5078 Ennii
2929 5030 2983 5077 et
3007 5021 3182 5078 Nonii.

2253 5093 2296 5126 "‘
2334 5093 2466 5148 Nota
2521 5095 2667 5147 varia
2709 5094 2989 5148 consulum
3036 5091 3237 5155 officia,
3268 5091 3497 5145 tribunal
3543 5100 3753 5159 petere,

2177 5166 2486 5218 concionem
2515 5164 2814 5222 adviveare.
2861 5173 3037 5216 rostra
3063 5163 3460 5224 conscendere.
3513 5163 3563 5214 iu
3597 5167 3750 5214 curia

2175 5236 2635 5289 senatusconsulta
2686 5236 2942 5302 proferre.
3012 5232 3124 5286 lloc
3169 5231 3365 5301 passim
3419 5231 3598 5285 videre
3665 5241 3754 5285 est

2176 5305 2317 5375 apud
2351 5305 2582 5358 Ιιί-ιοτίω
2609 5305 2861 5357 ltomantc
2887 5302 3197 5372 scriptores.

1829 5433 2395 5491 lN-TERPRETATIO.

578 5556 601 5581 ι·
635 5543 696 5598 1η
725 5556 967 5616 quantum
984 5545 1227 5616 gaudium
1254 5545 1444 5610 effusus
1471 5557 1540 5600 est
1564 5549 1798 5616 papulas,
1821 5548 1940 5600 dum
1967 5549 2065 5600 tuis

505 5617 789 5667 consulibus
811 5614 1198 5668 adbluntircris.

2242 5547 2272 5629 b_
2311 5547 2490 5628 Neque
2539 5549 2668 5602 enim
2716 5558 2875 5616 potest
2919 5547 3105 5602 dubites
3147 5564 3254 5602 esse
3289 5564 3549 5602 surcesus
3591 5547 3754 5616 hujus

2177 5629 2272 5671 υοη
2301 5629 2394 5671 Illi.
