3948 6170
188 291 276 347 εἶθ
654 289 745 343 AD
780 288 1159 348 MAMERTINI
1198 288 1606 349 OPUSCULUM
1647 287 1987 344 APPENDIX
2019 320 2087 331 —
2119 291 2275 346 VITA
2311 292 2413 346 PL.
2456 293 2559 348 CL.
2591 293 2874 350 JULIANI.

3292 296 3396 350 450

187 410 331 455 tectus
357 397 563 463 incedit,
594 413 697 452 non
729 401 951 455 multmn
982 401 1236 457 differens
1263 417 1292 455 a
1320 398 1721 470 magistratibus
1754 403 1795 459 Α
1831 407 1983 465 putes
2010 413 2132 453 esse
2154 399 2515 456 tribuendum.
2547 401 2715 456 Nemo
2743 417 2973 471 unquam
3008 414 3122 467 post
3154 403 3397 456 homines

183 493 278 545 suis
295 498 344 542 et
365 504 551 557 genere
574 502 628 544 et
653 490 836 543 colore
863 493 1110 544 vestitus.

241 576 391 634 XXX.
427 578 764 646 Superilunm
802 579 941 634 forte
981 581 1226 636 videatur
1265 597 1382 652 qua:
1412 582 1717 650 vosmetipsi

182 669 362 722 vidistis
387 668 578 722 iterare
595 708 611 732 ,
635 683 808 737 neque
833 670 976 723 enim
1003 672 1222 725 auribus
1251 682 1408 740 expet
1451 680 1569 725 ntnr
1598 688 1716 737 qu.u

179 759 346 812 fuerint
358 770 599 826 usurpata
615 759 920 822 luminibus,
943 763 1034 814 sed
1056 762 1346 815 mandanda
1366 772 1489 816 sunt
1509 764 1715 822 litteris,

179 849 422 903 inserenda
444 850 819 913 monumentis,
846 851 1101 905 mittenda
1131 852 1182 905 in
1211 864 1454 920 posteros
1481 858 1717 909 venturis

176 939 356 993 saeculis
383 941 466 993 vix
496 941 762 996 credenda
792 944 1069 997 miracula.
1099 942 1247 999 Pene
1283 947 1415 999 intra
1457 948 1598 1014 ipsas
1625 964 1714 1017 pa-

176 1032 325 1084 latina:
350 1032 539 1086 domus
570 1034 781 1099 valvas,
826 1035 1044 1090 lecticas
1089 1039 1398 1093 consulares
1433 1040 1592 1108 jussit
1630 1042 1712 1095 irr-

174 1121 305 1183 ierri;
342 1129 565 1186 etcum,
608 1122 797 1177 honori
837 1125 952 1193 ejus
983 1128 1416 1197 venerationique
1440 1130 1710 1195 cedentes,

170 1211 309 1265 sedile
335 1209 460 1264 illud
497 1213 767 1280 dignitatis
791 1215 1133 1283 amplissima
1171 1231 1569 1284 recusaremus,
1600 1221 1710 1274 suis

168 1318 248 1356 nos
274 1318 431 1371 prope
463 1303 709 1358 manibus
734 1305 1010 1374 impositos
1040 1310 1237 1364 mixtus
1273 1312 1469 1379 agmini
1502 1320 1709 1381 togato-

166 1407 262 1445 rum
291 1393 477 1458 pra‘ire
500 1395 661 1461 coepit
696 1394 876 1463 pedes,
906 1396 1126 1465 gradum
1156 1398 1438 1452 moderans
1473 1415 1608 1469 pene
1643 1406 1708 1455 ad

165 1481 338 1534 lictoris
361 1491 571 1543 nulum,
603 1494 657 1537 et
684 1484 903 1540 viatoris
924 1485 1225 1556 imperium.
1270 1488 1466 1545 Credet
1490 1491 1589 1546 hoc
1615 1494 1711 1547 ali-

162 1572 260 1639 qui.
284 1574 365 1640 qui
389 1573 483 1628 itla
515 1584 923 1643 purpuratorum
964 1579 1097 1633 vidit
1138 1581 1294 1648 paqu
1320 1595 1445 1637 ante
1473 1581 1706 1651 fastidia,

158 1665 229 1732 qui
277 1663 388 1719 ideo
441 1675 646 1721 tantum
695 1668 952 1724 honorem
996 1671 1047 1725 in
1090 1686 1257 1735 suos,
1303 1689 1371 1729 ne
1411 1674 1704 1729 inhonorus

1830 500 1980 540 natos
2012 491 2274 556 amphora
2304 494 2524 559 prauuia
2563 510 2590 545 a
2634 495 2844 560 legibus
2871 504 3030 557 atque
3057 496 3398 563 imperatori-

1828 579 1924 632 hus
1950 590 2264 634 consecutus
2295 591 2405 643 est;
2438 583 2565 636 uulli
2586 585 2703 652 plus
2722 588 2903 639 oneris
2934 585 3262 654 impositum.
3281 586 3391 640 Ncu

1822 668 2049 722 abnuain
2096 671 2459 738 profecturas.
2501 685 2553 727 et
2586 676 2897 729 con~ulatus
2939 677 3121 731 mults
3151 692 3268 731 esse
3295 677 3391 733 de~

1824 759 1977 823 Πίος,
2020 759 2117 813 sed
2160 760 2242 814 his
2279 772 2399 829 post
2430 765 2719 817 immensos
2762 768 2992 830 labores,
3042 768 3211 821 honos
3240 767 3394 837 quasi

1820 848 2029 901 debitus
2062 851 2332 905 restitutus
2373 865 2453 907 cst
2489 872 2502 907 :
2545 856 2672 908 mihi
2700 873 2817 909 cum
2843 860 2952 924 jam
2984 860 3241 913 honorem
3266 861 3396 915 ade-

1822 948 1940 1004 ptus
1976 940 2097 1004 sim,
2137 957 2276 995 nunc
2306 943 2518 997 demum
2558 959 2608 999 ιιι
2647 962 2854 1002 merear
2898 950 3244 1003 laborandum
3283 962 3377 1006 est.

1825 1027 1982 1081 Versa
2028 1031 2233 1085 ratione
2267 1043 2586 1101 temporum,
2620 1047 2915 1105 permutata
2949 1056 3228 1095 munerum
3273 1042 3388 1096 vice

1818 1121 1974 1173 modo
1994 1123 2301 1177 enitendum
2324 1137 2402 1179 est
2423 1136 2478 1179 ιιι
2505 1128 2726 1196 praemio
2742 1130 2928 1197 dignus
2950 1134 3243 1195 existimer,
3263 1149 3327 1187 cu
3342 1156 3393 1193 ιιι

1809 1211 1917 1276 jam
1946 1214 2218 1279 prmmium
2245 1216 2498 1282 cepe:ittt.
2528 1220 2571 1270 υ
2600 1220 2727 1271 mihi
2771 1223 2974 1277 lestium
3016 1233 3119 1277 tmt-
3150 1226 3384 1278 benevo-

1815 1303 1991 1355 lentiae
2015 1305 2389 1371 gravissimum
2423 1311 2655 1375 pondus!
2694 1310 2890 1366 Vereor
2919 1324 2977 1367 ut
3002 1332 3114 1382 ape.
3134 1327 3185 1369 te
3208 1343 3216 1360 ι
3240 1320 3373 1383 spri-

1814 1408 1962 1447 tucre
1988 1393 2360 1450 difﬁcultatum
2395 1414 2633 1452 mearum
2655 1401 2896 1455 ordinem
2914 1404 3139 1458 valeam.
3155 1406 3379 1460 Fui-alius

1812 1496 1914 1551 est,
1945 1487 2255 1555 imperator,
2286 1489 2436 1542 bouis
2464 1491 2669 1544 artibus
2713 1496 2904 1549 mereri
2939 1498 3210 1551 consulem
3241 1499 3377 1565 ﬁeri,

1811 1590 1971 1642 quam
2002 1575 2259 1630 industria
2290 1588 2345 1633 et
2386 1578 2571 1636 labore
2609 1585 2864 1651 perlicere
2910 1597 2967 1641 ut
3012 1587 3238 1642 videaris
3270 1606 3383 1645 mc-

1811 1666 1984 1720 ruisse
2005 1680 2126 1720 cum
2152 1666 2323 1722 factus
2349 1669 2445 1723 sis.

156 1764 556 1818 contemnerent,
581 1757 962 1814 conferebant?
991 1758 1400 1831 Credet'aliquis
1418 1773 1565 1818 tanto
1587 1774 1705 1834 post

1879 1753 2091 1810 XXXII.
2128 1759 2300 1821 Absit,
2348 1760 2605 1830 Auguste,
2650 1771 2704 1817 et
2742 1764 2882 1819 istud
2920 1776 3104 1822 sancta
3131 1769 3381 1824 divinitas

158 1856 225 1898 vel
255 1860 357 1898 rem
385 1845 535 1900 illam
583 1846 878 1915 priscorum
918 1858 1218 1920 temporum
1257 1852 1559 1909 libertatem
1599 1856 1706 1909 rei-

156 1934 347 2002 publicae
377 1937 643 1991 redditam
667 1937 690 1989 ἲ
719 1939 901 2009 Neque
928 1940 1070 1994 enim
1096 1955 1196 2008 ego
1227 1942 1243 1971 ί
1280 1942 1424 1997 Lucii
1455 1943 1621 2009 Bruti,
1650 1953 1701 1998 et

158 2024 299 2080 Publii
335 2026 571 2096 Valerii,
614 2031 701 2098 qui
744 2030 903 2099 primi
938 2031 1139 2086 exactis
1185 2033 1397 2101 regibus
1442 2042 1705 2103 potesuite

152 2130 295 2170 annua
323 2116 538 2172 civibus
568 2117 923 2187 prmlut-runt.
962 2123 1295 2175 consulatum
1343 2134 1528 2177 nosne
1556 2132 1706 2177 ante-

157 2208 431 2274 ponendum
472 2222 619 2278 puto.
654 2209 889 2281 Uterque
915 2212 1055 2267 bono
1085 2214 1317 2283 publico,
1345 2223 1567 2283 uterque
1596 2214 1704 2269 Ro-

151 2312 292 2353 mana:
318 2299 634 2369 reipublicae
657 2300 934 2366 salutaris,
977 2310 1201 2372 uterque
1246 2304 1468 2374 insignis
1506 2303 1705 2374 princi-

150 2390 232 2457 piis
256 2391 708 2459 commodorum;
756 2394 849 2449 sed
901 2394 1063 2450 habet
1109 2396 1308 2468 aliquid
1342 2399 1703 2467 unusquisque

146 2484 469 2553 pmoipuum.
502 2486 583 2540 Illi
612 2495 931 2555 potestatem
953 2489 1293 2545 consularem
1328 2506 1422 2560 per
1452 2492 1699 2560 populum

143 2586 429 2645 acerperunt
461 2616 477 2641 ,
522 2591 622 2631 nos
667 2591 762 2645 per
797 2578 1067 2633 lulianum
1109 2580 1431 2650 recepimus.
1482 2581 1699 2639 Illorum

142 2680 259 2720 anno
284 2667 515 2722 libertas
544 2680 661 2723 orta
689 2678 792 2735 est,
828 2678 1014 2725 nostro
1042 2673 1309 2727 restituta.

196 2755 376 2812 XXXI.
405 2758 529 2815 Sed
555 2758 686 2824 sint,
716 2759 1049 2815 sanctissime
1075 2762 1386 2831 imperator,
1417 2779 1479 2819 ea
1503 2780 1623 2834 qua:
1646 2777 1701 2820 tu

134 2846 276 2914 justo,
319 2851 629 2917 moderate,
670 2852 897 2909 civiliter
924 2853 1056 2910 facis
1093 2856 1210 2910 aliis
1238 2856 1373 2911 forte
1402 2859 1699 2919 miraculo:

137 2939 246 2992 mihi
288 2955 406 2996 esse
473 2955 578 2995 non
619 2953 864 3011 possunt,
911 2945 1000 3013 qui
1041 2955 1093 3000 te
1130 2945 1376 3001 omnibus
1404 2947 1424 2978 ³
1454 2947 1703 3007 humanis

136 3029 257 3083 vitiis
273 3031 587 3087 ab~olutum
607 3039 664 3088 et
688 3031 935 3099 liberum,
951 3033 1113 3089 sciam
1141 3035 1260 3091 solo
1286 3037 1700 3095 immortalitatis

133 3136 295 3178 amore
320 3124 562 3195 ﬂagrare
579 3166 595 3190 ,
627 3124 861 3195 dirigere
887 3140 1077 3182 omnes
1105 3142 1239 3198 opes
1264 3139 1318 3183 et
1347 3131 1699 3199 cogitationes

137 3222 236 3266 tuas
273 3215 336 3269 ad
363 3214 691 3270 memoriam
731 3217 1063 3285 posteritatis
1090 3228 1371 3287 aeternam,
1413 3232 1573 3291 atque
1615 3223 1698 3278 his

137 3305 344 3362 maxime
388 3308 603 3362 servire
643 3306 912 3375 iudicibus
949 3308 1041 3379 qui
1084 3309 1152 3365 de
1191 3311 1351 3365 rebus
1390 3313 1553 3381 gestis
1595 3314 1699 3369 tuis

135 3394 234 3450 sine
251 3397 375 3451 odio
394 3407 455 3453 et
479 3397 655 3466 gratia
683 3400 929 3454 venturis
964 3401 1179 3455 Steculis
1201 3401 1536 3470 judicabunt.
1581 3404 1695 3459 Non

136 3495 288 3554 potest
314 3489 617 3560 quidquam
651 3488 913 3560 abjectum
952 3500 1009 3547 et
1056 3492 1257 3548 humile
1303 3496 1559 3564 cogitare,
1604 3498 1696 3566 qui

135 3578 219 3631 scit
236 3579 300 3634 de
323 3594 385 3634 se
412 3594 637 3649 semper
669 3579 1012 3650 loquendum
1048 3580 1198 3637 Nunc
1231 3583 1279 3637 si
1308 3583 1424 3648 tibi,
1463 3584 1693 3654 impera-

136 3675 223 3733 tor,
251 3682 438 3738 parum
469 3669 678 3739 ampla,
703 3684 802 3726 nec
824 3670 1183 3740 respondente
1212 3672 1420 3728 meritis
1448 3673 1551 3730 tuis
1576 3690 1699 3730 ora-

136 3757 258 3814 tione
280 3774 409 3815 usus
435 3760 687 3825 videbor,
713 3774 895 3830 quaeso
914 3763 1261 3833 obtestorque
1282 3772 1354 3831 te,
1379 3779 1513 3820 mea:
1532 3765 1584 3819 id
1606 3781 1700 3819 na-

135 3858 246 3905 ture
272 3851 450 3921 potius
481 3866 644 3919 quam
674 3852 1024 3920 magnitudini
1070 3853 1454 3910 beneficiorum
1485 3864 1694 3912 tuorum

192 3974 207 4046 ξ
245 3976 318 4033 De
361 3978 451 4034 bs
490 3979 681 4046 primis
718 3979 1079 4035 Romanorum
1107 3983 1418 4039 consulibus
1446 3986 1693 4043 abstineo

132 4041 472 4124 reici-pana:
493 4041 701 4104 habent
721 4048 837 4124 fuse
854 4051 1091 4124 historia:
1104 4052 1357 4124 Romana:
1378 4041 1688 4124 scriptores.

190 4117 209 4147 ’
246 4116 395 4171 Haud
423 4120 501 4173 ita
530 4133 653 4173 esse
691 4119 757 4173 ad
793 4118 988 4174 Julimi
1024 4123 1146 4176 vita:
1180 4123 1338 4177 linem
1368 4116 1685 4180 observabo.

191 4184 211 4215 ³
246 4187 300 4238 In
332 4188 576 4262 editione
624 4189 853 4262 Puteana
898 4200 982 4262 est.
1016 4209 1048 4262 ιι
1087 4208 1165 4246 me
1208 4193 1381 4246 anima
1424 4196 1684 4262 defecerit.

132 4251 255 4310 Duas
279 4259 502 4312 voculas
529 4259 759 4326 expunxi
796 4273 918 4314 cum
951 4261 1206 4316 Acidalio.
1244 4264 1296 4315 In
1323 4264 1442 4318 aliis
1467 4251 1550 4319 est
1571 4282 1685 4319 cum

129 4365 3024 4398 -—._____.___...___________.______—___

1808 1865 1967 1905 omen
1989 1860 2214 1917 avertat,
2247 1862 2303 1906 ut
2325 1862 2379 1906 ιιι
2419 1868 2449 1908 a
2472 1870 2738 1924 quoquam
2769 1858 3069 1914 mortalium
3103 1876 3378 1931 exspectes

1807 1957 1976 1995 v-cetn
2000 1942 2281 1999 benellcii!
2323 1944 2714 2013 Veiumtamen,
2744 1950 2882 2019 quod
2911 1953 3083 2008 solum
3116 1956 3196 2008 vel
3238 1959 3378 2010 acci-

1810 2046 1934 2099 pere
1956 2042 2131 2100 potest
2153 2033 2250 2087 ista
2281 2034 2605 2101 fortuna,va
2629 2053 2657 2091 a
2683 2041 2837 2095 nobis
2863 2044 3053 2110 opibus
3071 2046 3172 2100 tuis
3195 2047 3377 2114 tribui,

1807 2120 2256 2177 immortalitatem
2282 2140 2561 2180 munerum
2592 2139 2801 2183 tuorum
2829 2134 3003 2187 cuiam
3025 2134 3216 2190 ol‘ticiis
3235 2153 3377 2193 sem-

1806 2213 2046 2282 piteruis.
2087 2214 2258 2272 Omne
2293 2221 2584 2289 negotium,
2616 2239 2775 2280 orune
2816 2227 2982 2282 otium
3009 2245 3186 2285 meum
3218 2234 3268 2285 in
3297 2249 3377 2288 or-

1805 2308 1994 2362 nandis
2010 2309 2171 2364 rebus
2197 2313 2299 2365 tuis
2331 2314 2773 2386 celclirandisque
2802 2330 3058 2388 ponetur;
3085 2339 3256 2394 neque
3284 2341 3374 2382 so-

1804 2399 1911 2454 lum
1942 2400 2154 2456 vivente
2176 2418 2260 2456 me
2287 2419 2349 2459 ac
2381 2409 2591 2475 vigente
2624 2412 2759 2478 grati
2795 2414 2956 2467 animi
3004 2416 3372 2476 benevolentia

1802 2489 2185 2559 declarabitur;
2218 2495 2313 2550 sed
2341 2497 2502 2551 etiam
2535 2498 2555 2530 ³
2592 2515 2711 2554 cum
2739 2506 2914 2558 anima
2940 2507 3217 2575 deiecerit,
3261 2528 3376 2565 mu-

1803 2595 2052 2636 numenta
2079 2585 2152 2636 tui
2179 2585 2231 2638 in
2263 2600 2348 2640 me
2368 2586 2612 2643 beneﬁcii
2653 2596 3061 2658 permanebunt.
3093 2598 3116 2629 ⁸
3156 2600 3209 2653 ln
3236 2603 3374 2658 refe-

1804 2672 1967 2726 renda
1995 2682 2173 2729 autem
2202 2678 2393 2744 gratia,
2436 2682 2776 2738 sanctissime
2805 2684 3115 2755 imperator,
3154 2690 3255 2746 hoc
3279 2693 3370 2748 tibi

1804 2763 2079 2831 polliceor,
2114 2780 2435 2838 semperque
2469 2772 2752 2839 praestabo,
2796 2776 2924 2831 mihi
2965 2794 3137 2847 neque
3168 2781 3218 2835 in
3248 2798 3372 2853 sug-

1800 2854 2053 2922 gerendis
2088 2856 2326 2910 consiliis
2364 2860 2665 2929 veritatem,
2713 2878 2886 2934 neque
2921 2868 2975 2921 in
3002 2869 3283 2939 adeundis,
3324 2878 3368 2929 si

1800 2957 1891 2999 res
1910 2947 2235 3014 poposcerit,
2269 2948 2517 3015 periculis
2544 2951 2802 3022 animum,
2822 2970 2994 3026 neque
3024 2958 3075 3012 in
3106 2966 3368 3018 sententia

1800 3036 2111 3105 simpliciter
2137 3037 2357 3094 ferenda
2382 3040 2564 3111 ﬁdem,
2600 3059 2775 3114 neque
2804 3048 2857 3101 in
2889 3051 3161 3108 hominum
3184 3056 3356 3111 volun

1801 3130 1997 3184 tatibus
2014 3144 2111 3198 pro
2122 3131 2391 3201 republica
2410 3143 2568 3205 teque
2589 3136 2843 3195 laedendis
2857 3139 3180 3212 libertatem,
3198 3164 3370 3218 neque

1801 3219 1852 3271 in
1880 3218 2151 3275 laboribus
2176 3220 2506 3288 perferendis
2536 3223 3060 3302 industriam,ncque
3090 3236 3141 3289 in
3169 3252 3368 3307 augen-

1798 3308 1882 3365 dis
1913 3310 2118 3379 imperii
2148 3310 2226 3365 tui
2254 3313 2549 3369 commodis
2572 3317 2708 3385 grati
2739 3319 2902 3374 animi
2934 3321 3370 3383 benevolentiam

1796 3399 2126 3466 defuturam;
2159 3402 2319 3471 idque
2360 3405 2506 3459 omni
2533 3407 2655 3461 vitae
2693 3423 2827 3465 mea:
2865 3420 3107 3480 tempore
3142 3423 3366 3474 summis

1797 3491 1988 3560 Opibus
2016 3492 2316 3562 euixurum,
2330 3495 2749 3566 elaboraturum,
2765 3500 3101 3572 ell‘ecturum,
3122 3516 3179 3561 ut
3200 3507 3369 3562 hono-

1800 3596 1885 3637 res
1914 3585 1965 3637 in
1988 3597 2072 3639 me
2094 3583 2168 3638 tui
2199 3598 2301 3639 non
2329 3585 2450 3654 quia
2469 3601 2689 3643 necesse
2717 3589 2881 3646 fuerit
2906 3593 2973 3647 ad
3003 3609 3373 3668 quemcunque

1801 3675 1985 3743 delati,
2015 3677 2109 3732 sed
2129 3679 2251 3747 quia
2280 3681 2579 3747 Oportuerit
2608 3691 2753 3739 recte
2774 3686 2931 3754 positi
2957 3695 3012 3741 et
3037 3689 3244 3747 ratione
3263 3696 3374 3749 cul-

1800 3767 1956 3822 locati
1978 3781 2101 3825 esse
2128 3770 2433 3826 videantur.

1798 4005 1880 4061 me
1897 3990 2069 4061 anima
2093 3993 2352 4061 defecerit.

1868 4058 1891 4090 "
1926 4058 2206 4132 Sumptuiu
2239 4066 2387 4131 Illud,
2420 4076 2475 4119 ut
2507 4068 2587 4117 vel
2634 4070 2872 4121 omnium
2902 4070 3118 4127 minime
3145 4075 3372 4132 oculatis

1794 4137 1962 4209 patet,
1997 4130 2071 4213 ex
2096 4130 2441 4213 Ficeroniuna
2482 4136 2708 4190 oratione
2745 4148 2856 4207 post
2895 4141 3112 4195 reditum
3150 4148 3218 4196 ad
3245 4130 3371 4213 Qui;

1792 4201 1935 4267 rites,
1965 4201 2065 4255 sub
2093 4201 2275 4256 linem.

3026 4390 3352 4404 ’.ψ-ἠ

1231 4481 2231 4593 APPENDIX.

925 4769 1192 4853 VITA
1266 4772 1428 4853 FL.
1510 4769 1993 4853 CLAUDII
2066 4776 2560 4863 JULIANI.

1715 4675 2103 4699 ~—

1584 4913 1918 4927 _——————_

133 4984 264 5041 Anno
310 4987 471 5045 Urbis
514 4993 736 5084 condite:
780 4993 937 5075 ιοβι,
987 4992 1178 5084 (ﬁxisti
1198 4995 1325 5062 351,
1366 4994 1688 5050 Constantini
1719 4978 1766 5037 Ῑ)
1792 4999 1891 5053 An.
1924 4998 1992 5054 U.
2022 4999 2081 5055 C.
2115 5003 2653 5084 1090.0Chrfsti_33_7,
2701 5010 3040 5084 Constantini,
3084 5017 3371 5080 Constantii

677 5061 855 5133 Magni
880 5064 1006 5133 imp.
1039 5064 1131 5118 26.

193 5164 400 5244 Flavius
429 5169 683 5244 Claudius
719 5173 983 5243 Julianus,
1028 5185 1385 5244 cognomento
1408 5176 1686 5243 Aposlata.

126 5237 255 5314 quod
292 5253 322 5291 a
348 5240 655 5296 Christiana
685 5237 980 5309 religione,
1017 5237 1176 5314 quam
1219 5237 1537 5301 adolescens
1566 5237 1689 5313 proé

128 5306 288 5384 [esus
302 5321 443 5384 erat,
462 5325 636 5384 rerum
662 5306 860 5379 potitus
884 5306 1176 5369 fce'tlis'sime
1193 5316 1475 5370 deiecisset
1490 5333 1504 5379 ;
1539 5306 1690 5384 patre

126 5373 434 5454 (hostanﬁo
460 5373 787 5454 Constantini
835 5383 1008 5454 Magni
1052 5386 1235 5449 fratre,
1265 5397 1433 5439 matre
1460 5373 1687 5441 liaLilina

128 5446 450 5501 nobilissima
486 5448 686 5518 lemina
730 5446 1051 5518 CliriStiana,
1101 5446 1339 5509 secunda
1384 5455 1681 5509 Coostautii

128 5527 306 5592 amre,
336 5533 428 5571 vut
452 5517 594 5592 _idus
634 5521 890 5578 Novemb.
931 5524 1167 5577 nascitur
1203 5523 1679 5592 Constantinopoli.

127 5580 280 5665 μιιςι-
306 5587 500 5651 paucis
529 5600 642 5665 post
668 5592 940 5648 mensibus
965 5595 1193 5649 excessit
1213 5611 1242 5650 e
1265 5595 1389 5649 vita.
1422 5580 1684 5665 (lulianus

131 5653 174 5701 in
205 5652 578 5727 Jlisopogone.)

2178 5084 2224 5126 rt
2253 5071 2542 5130 Constantis
2561 5071 2726 5149 Auyg.
2761 5084 2886 5152 imp.
2921 5087 2971 5139 1.

1862 5182 2218 5261 constantius.
2275 5184 2498 5261 ejusque
2525 5188 2688 5261 [rater
2717 5193 3124 5261 Aunibalianus,
3157 5215 3219 5255 ac
3244 5203 3369 5258 Dal-

1793 5251 2142 5337 matiieortun
2169 5252 2348 5306 fratris
2377 5251 2514 5310 illitis
2538 5259 2824 5317 Dalmatius
2838 5266 3039 5330 Caesar,
3065 5251 3366 5337 quo—sidon-

1790 5321 2055 5402 stantinus
2084 5321 2303 5402 Magnus
2351 5341 2616 5402 purpurea
2655 5346 2925 5402 aureaque
2953 5321 3099 5391 veste
3121 5321 3365 5395 etnobi-

1792 5390 2079 5462 lissintatus
2128 5392 2280 5444 titulo
2332 5390 2662 5461 donaverat,
2718 5400 2770 5453 in
2822 5390 3088 5460 seditione
3128 5390 3362 5462 utilitati

1790 5459 2182 5537 opprimuntur,
2233 5461 2313 5515 vel
2341 5459 2657 5531 instigante,
2703 5470 2784 5524 vel
2815 5459 3185 5529 dissimulante
3204 5459 3364 5532 certe

1791 5527 2410 5612 Cttn‘stan‘tio‘gugustOf
2442 5527 2555 5590 sTve
2596 5527 2653 5590 ut
2697 5540 2859 5612 tutius
2891 5527 3178 5612 imperaret
3203 5527 3365 5609 [£in

1793 5607 1851 5676 ut
1877 5595 2388 5680 Constantinum-atri
2418 5618 2741 5680 porrectum.
2776 5611 2849 5662 uti
2879 5595 3367 5680 sus‘picabattirTab

1794 5666 1857 5718 iis
1885 5680 2143 5720 venenum
2176 5666 2485 5727 vindicaret.
2533 5674 2633 5730 Vix
2668 5666 2911 5734 Julianus
2951 5666 3002 5734 εἰ
3032 5666 3217 5739 Gallus
3249 5666 3367 5757 éj'u}.
