3948 6170
467 282 573 338 ιω
1305 248 1314 252 “
1585 263 1828 322 LFILAS
1866 258 2243 322 cornonuu
2283 257 2675 316 EPlSCOPUS.
2827 239 2830 242 ’
2881 339 2887 346 1
3532 270 3622 323 45.;

465 392 674 450 Colossi
706 391 833 447 duo.
2077 378 2125 436 Α
2150 372 2354 426 Colossi
2396 388 2453 426 ιι.

465 484 740 538 Columna:
769 479 1037 536 coclilides
1063 477 1203 534 dum.
2144 465 2421 519 Columnae
2449 459 2718 518 cocltlides
2767 477 2823 514 ιι.

468 576 688 630 Macella
716 574 846 628 duo.

469 667 700 721 Theatra
734 664 856 719 tria.
2145 645 2378 700 Theatra
2418 662 2496 700 Ill.

471 756 604 810 Ludi
631 763 880 823 quatuor.
2150 739 2280 794 Ludi
2323 755 2421 794 un.

469 843 806 900 Naumachiae
835 839 1088 906 quinque.
2151 829 2496 884 Naumacliizn
2538 845 2588 886 ν.

469 935 756 1006 Nympltzea
789 931 1091 1002 quindecim
1103 968 1116 981 .
2150 920 2424 992 Nympbea
2458 936 2548 974 xv.

470 1026 604 1094 Equi
634 1023 810 1093 magni
837 1021 1022 1090 viginti
1054 1030 1181 1074 tres.
2155 1011 2286 1079 Equi
2317 1011 2493 1079 magni
2534 1027 2664 1064 xxu.

470 1117 719 1171 Deaurati
751 1113 1038 1182 octoginta.
2157 1099 2247 1153 Dei
2279 1102 2428 1153 aurei
2462 1116 2627 1154 Lux.

472 1205 704 1261 Eburnei
736 1206 1002 1274 octoginta
1030 1211 1280 1271 quatuor.
2157 1192 2395 1246 Eburnei
2428 1206 2640 1246 uxuu.

471 1305 644 1352 Arcus
671 1294 952 1350 marmorei
983 1292 1196 1360 triginta
1224 1304 1340 1344 sex.
2153 1281 2280 1337 Arci
2311 1283 2600 1336 marmorei
2632 1295 2832 1335 xxxv".

473 1391 650 1444 Porta:
680 1387 891 1454 triginta
918 1393 1146 1452 septem.
2158 1372 2332 1426 Porta:
2363 1387 2541 1426 xxxvu

475 1480 588 1532 Vici
619 1475 991 1548 quadringenti
1021 1472 1205 1542 viginti
1231 1482 1479 1541 quatuor.
2157 1462 2270 1516 Vici
2303 1478 2593 1520 ccccxxut.

474 1569 639 1626 Edes
665 1569 1066 1639 quadringenta
1095 1565 1275 1632 viginti
1304 1573 1550 1632 quatuor.
2158 1551 2325 1607 A‘Jdes
2362 1567 2646 1607 ccccxxut.

478 1660 662 1714 Vicom
682 1658 846 1727 ~gistri
873 1657 1111 1712 sexcenti
1138 1655 1475 1724 septuaginta
1507 1653 1634 1707 duo.
2160 1643 2528 1713 Vicomagistri
2560 1656 2820 1696 eccum.

477 1753 764 1806 Curatores
792 1749 972 1818 viginti
1005 1757 1253 1818 quatuor.
2088 1731 2129 1788 Β
2159 1734 2446 1788 ϐιιτθόι-ειε
2491 1748 2677 1787 xxvm.
2980 1729 3007 1755 ⁴

476 1838 672 1892 Insulae
718 1852 813 1906 per
859 1847 1024 1890 totam
1071 1835 1263 1889 urbem
1310 1848 1533 1888 numero
1571 1832 1920 1902 quadraginta
1962 1846 2055 1885 ses
2164 1824 2352 1878 Insula:
2383 1839 2475 1892 per
2503 1830 2668 1876 totam
2701 1821 2888 1876 urbem
2921 1836 3040 1874 xui
3072 1831 3173 1872 ocu

550 1929 714 1982 millia
743 1937 1008 1982 sexcenta:
1033 1926 1175 1980 dote.
2164 1917 2363 1969 llomus
2405 1929 2632 1969 loccxc.

482 2020 684 2074 Domus
710 2018 851 2072 m-lle
880 2018 1231 2087 septingenta:
1260 2017 1550 2086 octoginta.
2162 2008 2362 2062 llot'rea
2404 2021 2556 2060 ccxc.

484 2113 684 2167 Balnea
711 2112 1016 2180 octingenta
1043 2109 1423 2179 quinquaginta
1455 2124 1572 2162 sex.
2164 2099 2357 2153 Balnea
2403 2113 2639 2152 eccum.
2675 2094 2792 2156 (ult.
2818 2093 2944 2148 Cod.
2979 2092 3260 2159 l'CCCLXV.)

483 2206 656 2260 Lacus
685 2203 833 2258 mille
862 2204 1084 2257 trecenti
1111 2201 1495 2271 quinquaginta
1523 2202 1649 2255 duo.
2163 2194 2352 2258 Lacus,
2384 2191 2524 2261 quod
2554 2202 2636 2247 est
2663 2200 2841 2261 putra,
2871 2205 3100 2246 IICCCLII.

485 2292 714 2347 Pistriua
747 2291 973 2346 ducenta
1000 2291 1382 2360 quinquaginta
1406 2301 1652 2361 quatuor.
2163 2284 2391 2339 Pistrina
2429 2298 2629 2338 ccum.
2989 2275 3002 2286 ’

485 2383 780 2451 Lupanaria
808 2381 1154 2450 quadraginta
1185 2381 1440 2451 quinque.
1521 2395 1532 2404 ‘
2102 2366 2111 2374 ’
2163 2377 2477 2447 Lupanarite
2515 2391 2657 2430 mit.

487 2475 720 2529 Latrinae
753 2473 976 2542 publica:
1005 2471 1351 2542 quadraginta
1381 2480 1625 2541 quatuor.
2165 2469 2396 2525 Latrinte
2424 2467 2672 2537 publicae,
2699 2466 2842 2536 quod
2871 2473 2954 2520 est
2981 2464 3234 2530 sicessos,
3258 2474 3455 2516 cxuul.

486 2565 749 2618 Cohortes
779 2563 1044 2632 praetoria:
1070 2563 1278 2618 decem.
2163 2558 2426 2616 Cohortes
2466 2557 2729 2628 praetoria:
2770 2573 2823 2611 ι.

489 2656 716 2710 Urbana:
746 2664 994 2724 quatuor.
2169 2649 2397 2704 Urbante
2438 2662 2538 2703 nu.

488 2745 718 2815 Vigilum
748 2760 822 2811 se.
845 2754 971 2803 tem.
998 2759 1223 2814 quarum
1257 2743 1582 2798 excubitoria
1605 2747 2022 2814 quatuordecim.
2165 2741 2518 2812 Vigilumvu.
2548 2737 2785 2804 Quorum
2811 2735 3138 2793 excuritorta
3181 2747 3314 2786 xuu.

489 2835 691 2890 Vexilla
715 2835 1017 2890 communia
1042 2836 1169 2889 duo.
2167 2836 2372 2890 Vexilla
2411 2831 2714 2888 communia
2754 2831 2882 2885 duo.

489 2926 674 2981 Castra
697 2927 935 2997 equitum
962 2927 1404 2997 salgamariqrum
1433 2925 1859 2998 peegrinorum.
2165 2926 2354 2980 Castra
2402 2925 2642 2992 equitum
2689 2919 3096 2991 singulariorum
3117 2959 3131 2983 ,
3181 2917 3590 2986 peregrinorum,
3617 2911 3707 2964 Ra-
3791 2933 3796 2938 τ

2239 3013 2619 3076 rennantium,
2662 3011 3088 3075 lecticariorum,
3135 3007 3530 3073 silagarioruin,
3578 3001 3709 3056 mise-

2085 3105 2133 3168 C
2244 3105 2505 3170 nantium,
2537 3103 2963 3166 tabellariorum,
2995 3100 3434 3154 victimariorum.

2173 3197 2366 3254 Mensae
2387 3197 2608 3253 olearia:
2629 3210 2724 3265 per
2751 3202 2916 3250 totam
2948 3195 3132 3247 urbem
3158 3185 3222 3244 Π.
3253 3205 3368 3245 ccc.

910 3342 1278 3412 Descriptionis
1310 3347 1484 3402 Roma:
1517 3351 1653 3416 ﬁnis.
2840 3319 3083 3419 Explicit.

487 3531 3704 3566 _______________________________________,__.

1671 3683 1968 3725 meum:
2011 3685 2263 3729 δεουιο
2305 3686 2578 3740 ouan'ro.

1199 3844 3038 4118 ULFILAS

1025 4251 2326 4372 MCESO-GOTHORUM
2469 4249 3269 4370 EPISCOPUS.

1580 4647 1658 4714 Μ
1674 4645 1808 4716 ΟΝ
1820 4648 1850 4715 1
1863 4649 2091 4720 TUM
2151 4649 2324 4720 EDI
2337 4649 2680 4723 TOBIS.

566 4961 623 5017 Si
652 4962 772 5031 quis
799 4977 1015 5017 causam
1053 4962 1358 5018 sciscitatur
1381 4963 1451 5018 ob
1488 4976 1649 5031 quam
1696 4971 1874 5018 tantas
1901 4964 2068 5021 Ullila:
2108 4967 2317 5024 edendo
2343 4985 2528 5026 moras
2575 4970 2878 5036 fecerimus,
2928 4968 3033 5024 hoc
3073 4981 3392 5038 responsum
3422 4963 3622 5028 habeat,
3647 4969 3728 5015 nos

499 5053 655 5121 hujus
683 5055 917 5109 auctoris
944 5069 1132 5123 opera,
1159 5054 1339 5110 multis
1369 5055 1672 5109 nominibus
1699 5056 2146 5126 commendanda,
2174 5075 2280 5114 non
2306 5061 2610 5115 exscribere
2647 5059 2882 5115 voluisse
2927 5059 3030 5114 nisi
3071 5073 3136 5113 ex
3167 5057 3408 5112 editione
3453 5054 3636 5125 optima
3661 5046 3726 5100 la-

496 5145 707 5211 cilcque
735 5145 982 5200 omnibus
1011 5146 1402 5214 anteponenda,
1429 5145 1579 5215 cujus
1604 5145 1908 5200 rudimenta
1936 5154 2048 5202 tum
2077 5148 2128 5202 in
2158 5147 2443 5204 Germania
2469 5150 2920 5204 elucubrabantur
2947 5163 3068 5202 cum
3095 5145 3164 5201 ad
3192 5145 3356 5201 linem
3382 5141 3553 5214 quarti
3577 5133 3725 5194 seculi

492 5234 604 5306 jam
634 5235 820 5288 ordine
849 5236 1230 5306 chronologico
1263 5237 1709 5306 pervenissemus.

568 5324 691 5378 llaec
713 5332 892 5378 autem
916 5325 1101 5388 editio,
1129 5327 1213 5380 cui
1241 5327 1425 5396 paucis
1449 5335 1652 5380 tantum
1677 5327 1873 5383 abhinc
1900 5327 2170 5383 mensibus
2194 5329 2381 5383 ultima
2402 5343 2600 5400 manus
2638 5328 2865 5382 admota.
2895 5337 2995 5392 est,
3023 5326 3193 5381 tribus
3219 5325 3462 5394 partibus
3489 5313 3724 5376 coalescit.

496 5414 651 5470 Prior
683 5414 920 5470 Ulﬁlantn
941 5417 1198 5471 versionis
1229 5427 1431 5472 textum
1457 5420 1671 5473 exhibet
1704 5437 1716 5472 :
1749 5421 2115 5489 pneeuutibus
2146 5421 2568 5488 Prolegomenis,
2600 5422 2653 5474 in
2681 5421 2875 5490 quibus
2895 5418 3151 5490 quidquid
3177 5419 3290 5474 sive
3320 5418 3386 5471 ad
3415 5411 3642 5468 Auctoris
3663 5406 3727 5458 νὶ-

503 5517 608 5561 tam
638 5509 750 5564 sive
797 5509 865 5563 ad
913 5507 1087 5564 editos
1132 5509 1630 5579 manuscriptosque
1679 5510 1895 5564 codices
1940 5511 2192 5579 pertinet,
2241 5511 2579 5580 exploratur;
2611 5509 2993 5567 comitantibus
3029 5523 3156 5561 vero
3197 5515 3363 5576 atque
3406 5502 3726 5559 indesinenter

497 5599 898 5742 subjogentibus
951 5599 1394 5670 interpretatione
1453 5599 1615 5655 latina
1664 5601 1913 5670 notisque
1968 5601 2258 5659 lectionum
2299 5601 2584 5658 varietates
2635 5615 2842 5656 necnon
2885 5609 3160 5655 auctorum
3213 5597 3549 5666 conjecturas
3584 5599 3724 5657 expo-

498 5689 646 5740 nenti
688 5705 768 5742 us.

498 5689 768 5744 uentibus.
