4048 6184
234 251 308 304 157
1355 241 1685 299 EPISTOLA
1728 238 2209 298 DEDICATORIA.
3307 231 3414 291 ιω

277 350 526 407 Secundam
565 361 771 422 partem
799 350 963 408 etiicit
988 351 1348 407 Grammatice
1371 353 1575 417 critica,
1609 368 1726 422 qua:
1775 368 1897 408 cum
1941 353 2084 408 circa
2133 349 2411 419 generales
2448 348 2659 406 Gothici
2706 343 2970 403 sermonis
2999 342 3257 405 theorias,
3300 352 3417 398 tum

233 443 331 496 circa
352 439 665 494 dillicultates
691 448 868 495 textus
900 439 1110 494 Ullilani
1140 442 1498 496 eruditissime
1522 452 1786 496 versatur.

279 528 420 582 Tertia
443 542 562 596 pars
585 528 692 583 duo
715 529 885 584 lexica
906 531 1148 584 continet
1172 548 1185 582 :
1212 546 1374 584 unum
1401 531 1606 586 scilicet
1629 529 2156 598 Gothico-Latinum,
2177 546 2286 602 quo
2313 531 2521 603 singula
2549 529 2790 586 Ulﬁlanaa
2828 528 3021 598 lingua:
3051 525 3310 582 vocabula
3328 537 3427 580 ex-

231 629 441 692 ponuntur
473 628 565 674 aut
595 621 758 674 etiam
784 620 1179 688 discutiuntur;
1223 622 1452 681 alterum
1489 621 2014 691 Graeco-Gothicum,
2055 639 2124 680 ex
2170 641 2277 697 quo
2301 633 2502 696 quanta
2532 639 2951 697 synonymorum
2979 623 3134 693 copia
3168 619 3430 676 Gothicus

229 722 366 762 sermo
389 706 594 776 polleat,
623 709 926 778 comperire
955 709 1014 762 ﬁt
1037 710 1277 766 obvium.

283 801 337 853 At
357 815 466 854 vero
491 798 904 855 Grammaticem
944 800 1242 871 lexicaque,
1280 818 1400 858 cum
1433 804 1754 860 Germanice
1780 807 1978 878 scripta
2001 815 2202 875 essent,
2233 807 2498 863 latinitate
2521 807 2709 864 donari
2737 820 2957 862 necesse
2984 803 3104 871 fuit,
3129 812 3184 859 et
3206 802 3296 856 hic
3313 802 3437 871 qni-

230 887 324 945 dem
361 904 481 959 opus
529 897 586 945 et
612 889 784 954 labor,
833 905 933 944 nec
962 899 1110 945 certe
1153 890 1324 947 facilis
1349 894 1569 963 patebat
1594 895 1699 959 via,
1735 895 1832 950 sed
1874 895 2054 966 potius
2100 897 2393 953 innumeris
2437 897 2644 952 hirsuta
2686 895 3105 966 asperitatibus:
3135 893 3277 948 inter
3301 906 3438 961 quas

232 979 470 1050 principem
497 979 676 1034 locum
719 980 1034 1034 obtinebant
1079 980 1437 1036 arctissimum
1492 983 1635 1052 pacti
1685 985 1943 1054 temporis
1983 985 2345 1053 intervallum,
2389 985 2536 1055 quod
2579 985 2853 1055 praeterire
2879 982 3097 1038 omnino
3124 981 3273 1036 nefas
3297 989 3437 1046 erat,

232 1067 574 1139 identidemque
604 1069 890 1124 verborum
914 1069 1352 1128 Germanicorum
1379 1074 1585 1130 indoles
1605 1075 1800 1144 linguze
1831 1075 2033 1131 Latina:
2054 1078 2266 1148 penitus
2292 1077 2572 1147 impervia.

283 1151 513 1222 Quidquid
540 1156 630 1219 sit,
654 1155 798 1224 quod
823 1157 964 1211 intra
994 1159 1133 1216 vires
1154 1159 1286 1228 fuit,
1318 1162 1423 1218 hoc
1448 1162 1678 1220 libenter
1698 1165 2074 1233 relligioseque
2113 1165 2408 1236 priestitum
2437 1183 2452 1219 :
2484 1180 2586 1222 nec
2608 1165 2802 1221 saltem
2832 1163 3259 1233 interpretationi
3283 1157 3442 1217 deest

231 1245 307 1302 dos
328 1247 547 1302 omnium
573 1247 1047 1314 desideratissima,
1077 1265 1272 1320 nempe
1295 1253 1544 1326 ἀκρίϐεια,
1563 1267 1681 1320 seu,
1709 1262 1768 1310 ut
1788 1254 1960 1321 aiunt,
1983 1255 2236 1323 ﬁdelitas,
2256 1270 2356 1310 nec
2379 1255 2662 1326 interpreti
2682 1269 2809 1325 spes
2829 1253 2932 1310 sibi
2954 1251 3174 1309 lectoris
3186 1251 3438 1319 gratiam,

232 1335 496 1403 renixuque
519 1353 633 1396 sum
655 1337 839 1406 opella:
867 1336 1165 1394 defectibus
1191 1341 1526 1396 conciliandi.

243 1500 3437 1536 mm

1047 1624 1644 1799 QZ-p'tstola
1771 1549 2322 1761 bebicato
2339 1625 2571 1764 ria.

860 2047 2800 2258 MAXIMILIANO

1169 2409 1477 2489 ‘REGNI
1552 2411 2007 2491 BAVARICI
2085 2414 2458 2492 HEREDI

1525 2630 1593 2700 E
1607 2630 2062 2704 DITORES
2073 2679 2099 2706 .

1697 2823 1966 2879 *ω’

284 3058 405 3120 Tuo
431 3057 709 3128 nomine,
759 3054 1049 3134 princeps
1085 3051 1434 3127 celsissime,
1489 3051 1604 3111 hoc
1632 3063 1918 3112 nostrum
1950 3069 2106 3129 opus
2138 3070 2362 3114 ornare
2388 3071 2514 3115 non
2542 3056 2697 3132 alio,
2726 3073 2911 3136 quam
2937 3074 3185 3120 summa
3213 3075 3473 3120 venera-

217 3157 385 3220 tionis
417 3179 607 3220 sensu
641 3157 814 3220 ducti
840 3173 1048 3216 sumus
1078 3155 1217 3216 ausi
1239 3176 1258 3215 :
1301 3155 1438 3234 quis
1465 3154 1626 3213 enim
1658 3161 1716 3213 te
1739 3157 1997 3231 gravior
2025 3153 2244 3212 harum
2303 3153 2659 3218 litterarum
2702 3167 3014 3236 patronus
3044 3158 3316 3233 exstitit,
3361 3169 3474 3220 aut

215 3256 330 3332 quis
354 3257 515 3319 alius
541 3255 952 3337 praeclariore
989 3255 1111 3316 haec
1142 3253 1353 3315 studia
1382 3251 1761 3314 liberalitate
1803 3251 2125 3322 accendit,
2161 3252 2380 3326 auxit,
2409 3255 2660 3316 ornavit
2685 3256 2715 3314 Υ
2743 3257 2967 3336 Itaque
2996 3271 3126 3315 non
3159 3252 3474 3314 metueba-

213 3373 348 3424 mus,
375 3376 449 3419 ne
482 3356 901 3439 oﬂ'endereris
932 3352 1259 3418 conatibus
1282 3351 1553 3426 nostris,
1587 3351 1722 3430 qui,
1763 3368 1901 3411 cum
1955 3349 2072 3410 tibi
2105 3353 2503 3430 propositum
2532 3361 2685 3414 esset
2713 3354 2797 3416 ad
2834 3352 3354 3435 perscrutandum
3381 3371 3475 3413 ce-

215 3451 593 3520 leberrimum
619 3456 782 3519 illud
809 3455 1192 3520 bibliotheca:
1225 3452 1612 3530 Upsaliensis
1639 3451 1948 3512 cimelium
1975 3449 2138 3512 alios
2166 3451 2343 3514 uiros
2375 3451 2597 3514 doctos
2623 3454 2892 3527 mittere,
2921 3460 3248 3534 antequam
3285 3452 3489 3530 huius.

212 3553 440 3618 consilii
474 3559 655 3634 fama
690 3555 773 3616 ad
809 3573 925 3616 nos
958 3553 1358 3632 pervenisset,
1401 3552 1524 3629 ipsi
1566 3551 1721 3613 illuc
1762 3551 2039 3629 profecti
2082 3568 2249 3612 nova
2287 3553 2487 3614 animi
2535 3570 2671 3614 vere
2707 3555 2869 3632 regii
2915 3554 3286 3616 documenta
3327 3552 3477 3613 dare

214 3652 312 3712 tibi
342 3656 632 3736 cupienti
676 3657 938 3734 fortasse
972 3651 1404 3731 impedimento
1452 3650 1642 3727 fuisse
1671 3647 2021 3710 videremur
2045 3669 2066 3710 :
2095 3649 2202 3709 sed
2218 3651 2436 3728 potius
2463 3653 2772 3729 persuasi,
2801 3653 3082 3732 principi
3109 3651 3350 3713 excelso
3378 3659 3476 3710 at-

210 3772 306 3830 que
327 3758 672 3838 magniﬁco
700 3764 922 3814 nostra
960 3770 1073 3812 nos
1099 3750 1310 3812 studia
1334 3749 1741 3828 probaturos,
1796 3747 1912 3808 tibi
1935 3748 2096 3807 hanc
2127 3747 2390 3824 opellam
2411 3759 2691 3810 nostram
2718 3749 3478 3819 consecrarestatuimus,

212 3867 370 3932 quam
393 3866 462 3918 ut
493 3857 665 3938 equi
688 3855 951 3934 bonique
975 3856 1178 3932 facere
1211 3850 1399 3923 velis,
1445 3849 1818 3928 suppliciter
1865 3855 2184 3925 rogamus;
2232 3849 2617 3927 Collegimus
2663 3869 2798 3930 qua:
2831 3851 2900 3911 in
2948 3858 3248 3930 promptu
3295 3855 3477 3908 erant

210 3965 310 4031 pro
355 3959 609 4020 viribus
645 3974 761 4017 nos
793 3953 1035 4035 quidem
1079 3974 1102 4014 :
1151 3961 1215 4012 at
1255 3969 1390 4033 qua:
1429 3959 1484 4010 te
1527 3949 2039 4020 acclamationes,
2084 3956 2335 4027 quantae
2379 3947 2594 4010 laudes
2659 3952 2856 4014 totius
2889 3950 3097 4031 gentis
3139 3939 3474 4020 litteratae,

209 4059 398 4133 quales
431 4055 1018 4138 congratulationes
1048 4052 1396 4131 excipient,
1444 4050 1500 4109 si
1528 4048 1701 4108 missi
1738 4048 1835 4108 tui
1862 4048 2038 4125 regia
2077 4048 2508 4127 muniﬁcentia
2555 4049 2763 4130 adjuti
2795 4069 2877 4111 ex
2903 4049 3114 4112 Gallia
3141 4056 3202 4110 et
3228 4048 3474 4127 Hispa-

209 4157 337 4232 nia,
375 4175 535 4238 quas
583 4166 789 4218 terras
819 4151 1010 4214 Gothi
1041 4151 1192 4213 olim
1230 4167 1640 4230 occupavere,
1687 4149 1899 4227 copias
1933 4149 2492 4211 desideratissimas
2539 4168 2616 4210 ex
2651 4153 3170 4214 monasteriorum
3215 4149 3468 4213 latebris

213 4261 491 4336 tanquam
522 4277 606 4318 ex
637 4255 944 4318 diuturna
973 4251 1335 4330 captivitate
1373 4250 1714 4328 redemptus
1754 4249 1823 4309 in
1854 4250 2024 4310 atria
2075 4258 2188 4308 tua
2213 4259 2482 4328 augusta
2518 4253 2942 4330 reportarintl
2974 4253 3112 4332 Qua
3145 4269 3251 4332 spe
3283 4252 3472 4312 erecti

210 4366 307 4412 nos
329 4400 345 4423 ,
399 4356 456 4415 si
481 4357 567 4416 ad
600 4363 682 4426 te,
716 4352 1004 4432 princeps
1038 4349 1365 4412 celsissime
1393 4358 1574 4428 atque
1601 4346 2183 4426 indulgentissime,
2214 4347 2477 4412 libellus
2493 4361 2704 4412 noster
2719 4351 2968 4425 facilem
3001 4352 3313 4414 invenerit
3339 4349 3476 4411 adi—
3506 4376 3510 4381 ·

211 4456 323 4510 tum
347 4495 365 4525 ,
395 4451 854 4532 aniplissimum
878 4448 1203 4526 premium.
1231 4454 1594 4507 consecutos
1621 4464 1743 4505 esse
1767 4444 2298 4507 existimabimus.

1003 4824 1136 4883 Tuo
1165 4820 1402 4882 nomini
1433 4817 1764 4880 celsissimo

2559 5134 2975 5198 addictissimi

2399 5262 2476 5321 Η.
2513 5262 2583 5321 C.
2620 5259 2699 5320 de
2736 5259 2864 5318 (ἱ...
2911 5257 2967 5314 J.
3001 5255 3125 5314 L...

488 5734 770 5794 PATRUL.
815 5731 1046 5793 XVIII,
2913 5709 2982 5766 15
