4048 6184
560 289 662 342 lli?»

561 422 618 459 re
646 406 1020 472 l’hilustorgio,
1055 404 1171 473 ipso
1195 401 1362 457 Ullilze
1393 400 1604 468 arquati,
1623 399 1724 453 li.lc
1747 396 1957 466 dignior
1977 396 2131 449 testis

561 513 720 550 nomo
751 495 979 550 videtur.
1023 495 1227 548 Abesse
1255 508 1286 544 a
1319 489 1561 545 versione
1590 488 1804 559 gottnica
1836 487 2004 540 libros
2032 483 2137 538 Re-

561 602 686 651 gum
733 601 852 640 cum
904 586 1069 638 sciret
1121 584 1234 652 ipse
1292 583 1374 636 vel
1432 580 1570 634 fama
1627 578 1964 646 accepisset,
2021 575 2140 645 ejus

563 677 869 730 omissionis
899 689 1114 729 causam
1155 673 1386 740 aliquam
1434 669 1698 740 subjicere
1741 666 1991 730 volebat,
2031 680 2138 719 non

563 785 758 824 curans
792 782 916 822 vera
963 774 1134 829 esset,
1167 778 1358 820 necne.
1402 761 1592 817 Libros
1635 761 1838 830 Regum
1869 757 2030 828 igitur
2071 757 2140 811 ab

566 860 724 916 Ulflla
766 872 870 912 non
909 872 1030 912 esse
1057 869 1352 912 conversos
1378 857 1505 923 quin
1544 851 1846 912 credamus,
1876 848 2008 903 nihil
2041 849 2142 902 im-

565 952 710 1018 pedit
734 951 782 1014 ¹;
816 964 911 1003 cur
937 964 1041 1002 non
1065 947 1410 1009 converterit,
1436 945 1644 1000 nescire
1674 959 1771 996 nos
1795 941 2023 996 fatentes
2051 953 2142 993 su-

564 1043 849 1109 spicamur,
871 1040 1080 1094 Ullilam
1110 1039 1175 1092 ad
1198 1053 1331 1108 opus
1361 1048 1465 1091 tam
1491 1036 1726 1103 amplum
1749 1034 2139 1089 conficiendum

565 1143 658 1185 aut
679 1133 820 1185 vires
849 1140 934 1185 aut
966 1139 1174 1197 tempus
1201 1127 1502 1190 defecisse;
1533 1127 1820 1179 maximam
1853 1123 2140 1176 bibliormn

567 1232 770 1292 partem
811 1225 854 1275 si
895 1223 1186 1284 transtulit,
1219 1221 1271 1274 id
1314 1221 1488 1289 ipsum
1516 1221 1802 1273 maximam
1831 1223 2006 1270 movet
2050 1214 2146 1268 ad-

567 1318 935 1378 mirationem,
985 1328 1106 1366 cum
1155 1319 1350 1380 praeter
1398 1310 1536 1364 hanc
1582 1323 1767 1362 curam
1813 1321 1918 1360 non
1969 1303 2142 1358 solum

566 1407 710 1462 domi
745 1408 1000 1475 permulta
1032 1405 1238 1473 negotia
1267 1412 1449 1457 essent
1473 1399 1726 1469 gerenda,
1757 1398 1851 1452 sed
1877 1397 2038 1452 etiam
2068 1394 2146 1449 le-

567 1499 809 1570 gationes
838 1498 904 1551 ad
927 1494 1542 1562 Constantinopolitanos
1571 1504 1792 1544 suorum
1821 1488 2016 1543 civium
2044 1499 2142 1540 no-

570 1590 713 1651 mine
741 1586 1096 1656 suscipienda:
1124 1585 1168 1637 ⁸.

638 1678 831 1732 Tutum
860 1685 1038 1730 autem
1059 1657 1615 1728 librorum/sacrorum
1637 1682 1834 1737 corpus
1859 1665 2070 1721 Gothos
2093 1665 2146 1720 in

565 1769 721 1824 suum
751 1781 1054 1822 sermonem
1091 1778 1407 1819 conversum
1440 1761 1722 1824 habuisse,
1767 1757 1819 1812 id
1847 1757 1986 1827 quod
2017 1758 2144 1810 olim

567 1860 908 1927 scriptorum,
939 1857 1125 1910 harutn
1157 1870 1333 1909 rerum
1362 1852 1730 1920 imperitorum
1761 1860 1810 1902 et
1837 1849 2004 1902 relata
2033 1857 2147 1901 tan-

569 1963 678 2005 tum
729 1949 1109 2016 referentium,
1143 1946 1247 2000 tide
1295 1944 1631 2006 credebatur,
1677 1956 1819 1996 nunc
1869 1941 2148 2010 permultis

569 2043 897 2112 argumentis
942 2038 1343 2107 comprobatur.
1395 2034 1596 2089 Praeter
1641 2031 1917 2100 evangelia
1961 2030 2146 2093 enim,

569 2143 723 2186 antea
753 2131 869 2185 Sola
898 2128 1129 2197 cognita,
1159 2134 1340 2180 nostra
1371 2131 1530 2177 astate
1571 2122 1860 2190 fragmenta
1899 2121 2150 2188 epistola-

572 2240 690 2278 rum
715 2222 1051 2275 Paulinarum
1073 2230 1126 2271 et
1150 2218 1218 2271 de
1242 2215 1438 2270 veteris
1465 2213 1765 2268 testamenti
1794 2213 1945 2266 librls
1968 2212 2149 2266 Esdra:

571 2323 629 2369 et
649 2313 922 2368 Nehemie
950 2309 1193 2379 quaedam
1224 2315 1405 2376 partes
1429 2306 1662 2359 iovean
1687 2315 1812 2357 sunt
1834 2318 1850 2368 ;
1873 2302 2014 2356 unde
2041 2304 2152 2356 col-

574 2407 808 2476 ‘igimus,
855 2402 1112 2458 Gothicos
1155 2399 1439 2467 theologos
1483 2397 1643 2451 etiam
1692 2396 1926 2462 reliquos
1955 2393 2151 2448 veteris

577 2495 880 2552 testamenti
921 2494 1088 2547 libros
1121 2505 1226 2544 non
1268 2490 1498 2543 intactos
1539 2485 1836 2554 reliquisse.
1868 2485 1998 2539 Nam
2025 2483 2151 2553 quid

574 2601 914 2642 commovere
943 2584 1064 2638 illus
1085 2582 1275 2652 potuit,
1301 2589 1358 2633 ut
1379 2578 1593 2635 omissis
1617 2577 1737 2632 aliis
1761 2586 1867 2631 tam
1896 2585 2151 2643 praestan-

577 2680 720 2734 tibus
747 2691 908 2747 atque
933 2675 1206 2745 gravibus,
1230 2673 1395 2727 libros
1419 2683 1524 2725 tam
1547 2669 1712 2740 jejuni
1737 2667 2035 2739 argumenti
2060 2681 2154 2721 ne-

575 2787 680 2840 que
709 2771 774 2823 ad
799 2768 957 2822 tidem
985 2775 1076 2821 aut
1100 2766 1163 2820 ad
1191 2766 1390 2820 cultum
1415 2763 1701 2834 quidquam
1726 2762 1964 2816 valentes
1985 2770 2157 2814 trans-

579 2863 715 2915 latos
736 2861 848 2914 suis
871 2857 1185 2913 traderent?
1233 2855 1405 2922 Quid?
1431 2853 1574 2925 quod
1603 2855 1763 2908 etiam
1790 2867 1999 2916 eorum,
2027 2866 2156 2918 quo-

577 2971 696 3008 rum
729 2953 872 3007 nulla
905 2952 1207 3020 fragmenta
1236 2949 1410 3002 adhuc
1430 2959 1556 3002 sunt
1586 2953 1822 3015 reperta,
1853 2943 2076 3013 vestigia
2104 2944 2156 2997 in

577 3046 696 3099 aliis
739 3042 1072 3098 conservatis
1124 3040 1625 3111 deprehendimus:
1673 3038 1725 3092 in
1772 3037 1950 3091 Skeir.
1985 3051 2040 3106 p.
2089 3035 2156 3090 57

582 3153 764 3198 versus
792 3135 929 3189 alter
969 3145 1025 3189 et
1074 3136 1265 3188 tertius
1315 3132 1508 3186 Psalmi
1553 3129 1980 3200 quinquagesimi
2017 3128 2156 3181 tertii

576 3233 811 3282 citantur
829 3241 841 3276 :
861 3225 966 3278 saei
989 3222 1190 3293 [γαρ]αὲ
1211 3220 1600 3292 aippausokjai
1619 3206 1891 3290 gul).nllai
1919 3217 2160 3270 iuvandi-

577 3317 771 3369 dedun.
803 3329 1015 3368 samana
1053 3311 1322 3381 unbrukjui
1352 3311 1616 3382 vaurliun,
1643 3311 1676 3363 i.
1704 3327 1754 3362 e.
1787 3309 1872 3378 qui
1906 3311 2159 3378 intelligat

577 3418 667 3460 aut
705 3407 930 3474 requirat
976 3403 1185 3468 Deum;
1216 3419 1384 3456 ontnes
1413 3403 1830 3464 declinaverunt;
1863 3401 2013 3453 simul
2042 3401 2161 3452 iuu-

574 3498 693 3551 tiles
719 3497 843 3567 facti
869 3505 1004 3549 sunt.
1045 3493 1246 3547 Deinde
1285 3493 1484 3561 Ephcs.
1527 3507 1610 3558 tv,
1643 3492 1677 3546 8
1715 3491 1769 3543 in
1800 3490 2039 3558 margine
2068 3503 2160 3542 co-

575 3589 713 3640 dicis
743 3591 783 3639 Α
813 3584 1144 3652 adscriptum
1172 3593 1256 3636 est
1281 3585 1571 3651 psalmo...,
1603 3596 1708 3650 quo
1738 3582 1986 3634 librarius
2016 3580 2158 3634 hunc

582 3679 756 3732 locum
776 3692 807 3731 e
835 3678 968 3730 libro
996 3678 1320 3743 psalmorum
1343 3674 1456 3743 (us,
1486 3674 1572 3743 19)
1602 3677 1845 3726 hauStum
1876 3688 1996 3726 esse
2025 3672 2164 3726 indi-

581 3784 704 3824 care
733 3769 920 3822 voluit.
954 3767 1087 3820 llinc
1119 3766 1361 3820 Psahnos
1407 3767 1619 3833 gothice
1661 3779 1952 3820 conversos
2000 3766 2163 3819 fuisse

581 3861 702 3916 sine
748 3858 914 3913 dubio
958 3870 1104 3912 recte
1142 3857 1428 3926 conjicitur
1457 3857 1550 3925 ');
1593 3865 1740 3909 cette
1792 3855 2164 3924 explicationis

577 3953 727 4008 illius
753 3959 942 4006 auctor
984 3950 1160 4003 omnia
1209 3949 1331 4003 novi
1375 3949 1678 4002 testamenti
1710 3949 1824 4002 loca
1858 3963 1890 4002 e
1920 3949 2164 4003 versione

581 4053 768 4098 nostra
784 4043 987 4106 citavit,
1007 4055 1181 4110 neque
1206 4054 1302 4093 nos
1324 4037 1540 4107 quidem
1567 4037 1890 4102 dubitamus,
1914 4038 1964 4091 id
1988 4037 2163 4105 ipsum

582 4133 802 4198 fecisse,
823 4133 866 4186 si
891 4147 1011 4201 qua:
1039 4131 1153 4186 loca
1177 4145 1208 4185 e
1233 4129 1453 4199 reliquis
1478 4128 1763 4182 bibliormn
1786 4128 1934 4181 libris
1955 4128 2163 4180 laudata

579 4209 762 4280 dfert.
791 4225 868 4278 Ex
889 4223 1076 4278 eadem
1102 4222 1361 4290 evangelii
1384 4219 1610 4274 luannei
1634 4219 1987 4288 expliratione
2003 4221 2163 4271 etiam

580 4317 752 4372 libros
777 4314 974 4386 Moysis
1001 4313 1268 4384 gotliicam
1304 4312 1604 4366 versionem
1633 4311 1970 4380 complexam
2003 4311 2166 4366 fuisse

583 4409 991 4477 cognoscimus;
1024 4420 1145 4459 nam
1182 4420 1234 4474 p.
1257 4403 1319 4457 41
1352 4419 1433 4473 sq.
1461 4402 1670 4457 etiarnsi
1701 4416 1806 4457 non
1839 4402 1999 4456 verba
2026 4402 2162 4471 ipsa,

587 4512 764 4554 tamen
797 4511 988 4552 setisns
1019 4510 1267 4549 versuum
1307 4493 1449 4548 2—9
1475 4493 1664 4561 capitis
1700 4507 1787 4545 xix
1825 4492 1945 4546 libri
1971 4491 2169 4548 Nume-

585 4607 768 4645 rorum
808 4589 1085 4644 redditur:
1115 4587 1272 4640 vasu/t
1300 4584 1414 4657 [Jan
1444 4585 1542 4656 jali
1580 4585 1754 4655 {rauja
1790 4580 1868 4654 [)0
1898 4584 2170 4636 ahmeinuu

584 4680 908 4748 ana/ilhands
935 4679 1178 4746 daupein.
1197 4676 1357 4748 eipan
1376 4675 1679 4746 garailttaba
1706 4673 1838 4744 var];
1869 4675 1916 4727 bi
1942 4673 2170 4728 sviimein

583 4773 782 4824 sokeins
807 4770 1208 4839 gavagida.unte
1234 4767 1383 4839 vita];
1410 4766 1533 4837 piae
1560 4768 1959 4835 unfaurveisane
1984 4769 2171 4819 missa-

585 4863 716 4915 dede
763 4862 990 4913 ainaizos
1037 4857 1184 4930 vitoI)
1235 4859 1438 4912 raidida
1483 4873 1692 4927 aegon
1741 4856 2016 4910 kalbons
2057 4875 2166 4928 ga-

583 4953 1064 5006 brannidaizos
1121 4959 1318 5004 utana
1382 4948 1911 5017 bibaurgeinais.
1973 4949 2162 5016 afaruli

581 5043 695 5116 pan
719 5043 796 5115 po
833 5046 885 5097 in
927 5052 1072 5096 vatv
1113 5042 1546 5108 vairpandans
1578 5041 1762 5091 Itrain
1791 5037 1904 5107 jalt
1946 5039 2165 5108 hysso-

580 5152 703 5204 pou
739 5130 873 5207 jaft‘
898 5135 1108 5188 vullai
1151 5133 1392 5186 raudai
1438 5131 1953 5212 ufartrusnjandaus.
1990 5147 2165 5186 svasve

653 5295 672 5322 ‘
703 5290 786 5346 Cf.
819 5289 1033 5344 ‘C‘tstill.
1069 5288 1283 5343 Excurs.
1309 5287 1374 5340 ad
1409 5287 1636 5353 Philipp.
1672 5304 1720 5351 p.
1753 5285 1843 5339 65.

655 5365 676 5392 '
733 5361 852 5416 για.
903 5362 1240 5428 Essbcrgium
1299 5361 1403 5423 l5,
1457 5361 1541 5412 li.
1601 5356 1786 5409 Za/mii
1844 5353 2166 5430 Einleitung.

586 5431 934 5555 “Eglemhr.
968 5497 1167 5554 Salisli.
1199 5499 1325 5552 Nro.
1362 5497 1460 5552 HO
1484 5497 1612 5551 olim
1640 5495 1837 5551 Salisb.
1866 5511 2018 5550 tut.

653 5573 674 5603 ι
720 5575 748 5620 κ’
764 5573 838 5626 id.
865 5568 948 5624 W.
980 5568 1029 5624 J.
1059 5585 1180 5623 thtt
1216 5585 1264 5637 p.
1300 5570 1366 5621 15
1386 5584 1504 5638 sqq.

594 5644 677 5764 ﬁ“
900 5647 1253 5698 bozutnenuin
1304 5639 1369 5706 7,
1424 5636 1512 5692 Π.
1561 5637 1918 5706 Nicephorum
1958 5636 2164 5693 Callist.

630 5749 681 5778 α,
785 5751 800 5767 .

1666 279 2028 337 BIBLIORUM
2063 277 2395 333 ULFIIANA
2435 274 2699 332 VEllSlO.

2238 392 2401 462 gadob
2415 390 2554 461 [)ans
2574 390 2849 458 uformitou
2874 390 3214 454 miinantlans,
3233 390 3268 444 i.
3283 405 3334 444 e.
3352 391 3449 460 fuit
3469 400 3640 442 autem
3659 390 3809 440 etiam

3706 272 3806 324 Mil

2244 483 2477 535 dominus
2497 481 2696 550 (.lesus)
2716 480 2849 534 hunc
2874 481 3196 550 spiritualem
3231 486 3594 534 commendans
3619 479 3810 547 baptis-

2243 588 2382 624 mum
2405 587 2426 634 ;
2458 571 2616 639 igitur
2644 580 2776 623 recte
2806 571 2901 640 fuit
2931 573 2994 623 de
3019 570 3379 639 puriﬁcatione
3408 571 3620 639 quwstio
3640 585 3812 634 mora;

2242 677 2364 713 nam
2408 661 2490 714 lea'
2523 660 2704 714 horum
2746 661 3283 714 non-voluntariorum
3313 674 3635 727 peccatorum
3664 665 3815 716 unius

2241 749 2404 822 legem
2431 751 2608 804 statuit
2629 752 2847 804 cinerem
2872 766 3036 804 vacca:
3063 752 3334 804 combust
3361 763 3502 804 extra
3529 753 3814 804 munimen-

2244 853 2386 904 tum;
2410 841 2620 908 posthac
2641 852 2812 894 autem
2842 842 2979 894 hunc
3003 843 3054 894 in
3075 857 3258 909 aquam
3283 842 3607 912 conjicien'es
3638 840 3820 907 puram

2242 941 2290 985 et
2313 933 2530 1002 hyssopo
2551 941 2596 983 et
2624 932 2744 985 lana
2764 934 2918 985 rubra
2943 941 3298 1003 contegentes;
3320 933 3395 986 uti
3421 933 3588 984 decuit
3613 931 3708 984 ltus
3729 948 3822 984 su-

2246 1024 2441 1092 perbire
2479 1023 2762 1094 cogitantes
2799 1026 2861 1076 “.
2891 1022 3057 1076 Multo
3095 1024 3294 1077 clarius
3325 1039 3511 1077 eorum
3562 1024 3820 1077 libroruin

2246 1128 2420 1167 νει-διο
2449 1114 2789 1181 cognoscitur
2810 1129 2876 1168 ex
2901 1115 3006 1168 alio
3025 1115 3235 1181 codice,
3258 1115 3347 1183 qui
3367 1113 3703 1169 Vindobonae
3727 1117 3823 1168 ad-

2244 1204 2522 1259 servaturiI
2536 1214 2590 1260 et
2608 1215 2802 1272 printer
2823 1220 3078 1260 rimorum
3099 1205 3248 1274 signa
3270 1206 3430 1259 etiam
3455 1206 3703 1274 pleraque
3729 1219 3825 1274 go-

2248 1296 2388 1347 thica
2419 1296 2578 1348 verba
2607 1306 2656 1348 et
2687 1295 2892 1349 litteras
2917 1311 3257 1350 numerorum
3281 1297 3686 1365 continet,qnas
3703 1312 3826 1365 pos-

2249 1397 2448 1440 tremas
2478 1387 2768 1440 maximam
2812 1397 3015 1456 partem
3054 1403 3085 1441 e
3122 1388 3397 1442 Geneseos
3430 1390 3604 1458 capite
3637 1391 3826 1456 quinto

2246 1478 2434 1532 ductas
2453 1493 2572 1532 ease
2598 1477 2922 1533 Wilhelmus
2942 1478 3256 1547 Grinimius,
3279 1480 3358 1534 vir
3380 1481 3676 1534 litterarum
3705 1495 3828 1547 ger-

2248 1570 2577 1623 manicarum
2614 1569 2990 1637 petitissimns,
3024 1571 3226 1640 primus
3254 1569 3384 1624 vidit
3407 1570 3458 1634 ⁴’ς
3484 1582 3611 1625 sunt
3643 1581 3826 1625 autem

2251 1662 2364 1714 lite:
2389 1676 2547 1713 versu
2577 1663 2611 1716 ὅ
2637 1661 2888 1715 sl=230
2911 1661 3090 1730 (Vulg.
3127 1660 3287 1731 ἰδίης
3319 1678 3398 1716 vs.
3430 1662 3463 1714 5
3488 1655 3558 1716 τι
3590 1686 3652 1712 =
3683 1665 3824 1726 950;

2247 1765 2326 1804 vs.
2368 1752 2398 1804 7
2437 1765 2511 1802 wz
2541 1771 2602 1797 =
2639 1752 2739 1805 707
2773 1751 2954 1822 (Vulg.
2993 1753 3166 1820 807);
3231 1769 3316 1806 vs.
3358 1753 3392 1808 8
3429 1744 3521 1807 ‘ib
3567 1776 3628 1802 =
3683 1754 3827 1820 912;

2250 1856 2331 1894 vs.
2359 1842 2426 1896 15
2449 1856 2544 1894 wm
2575 1863 2634 1888 =
2670 1843 2772 1896 740
2803 1841 2981 1915 (Vulg.
3008 1841 3168 1914 850);
3203 1844 3326 1898 inde
3355 1854 3532 1900 autem
3563 1846 3828 1915 sequitur,

2251 1931 2398 1984 illum
2435 1931 2711 1986 librarium
2742 1933 3011 1998 codicem,
3052 1936 3414 1988 continentem
3443 1936 3708 2005 gotliicam
3739 1953 3834 1992 ve-

2253 2024 2381 2076 teris
2429 2026 2732 2078 testamenti
2765 2025 3112 2088 versionem,
3141 2034 3267 2080 ante
3312 2026 3498 2082 oculos
3546 2027 3831 2094 habuisse,

2251 2116 2392 2170 unde
2425 2117 2541 2170 illas
2567 2118 2874 2186 exscripsit.

2327 2207 2525 2261 Omnes
2549 2207 2707 2275 igitur
2729 2207 2846 2262 libri
2871 2207 3008 2263 sacri
3034 2208 3086 2261 in
3107 2208 3373 2277 gothicam
3399 2209 3630 2279 linguam
3656 2218 3835 2265 trans-

2254 2296 2346 2350 lati
2391 2297 2556 2351 l'uisse
2586 2297 2856 2362 videntur,
2895 2313 3213 2366 quamquam
3244 2299 3542 2366 aliquorum
3574 2301 3656 2352 vel
3707 2304 3836 2355 novi

2232 2387 2470 2443 'fmderis
2501 2388 2756 2442 librorum
2797 2389 2942 2442 nulla
2975 2389 3148 2444 adhuc
3200 2399 3461 2458 apparent
3491 2392 3741 2460 vesugia.
3784 2407 3835 2446 v.

2254 2494 2304 2534 c.
2334 2490 2575 2532 actorum
2605 2480 3007 2547 Apostolorum,
3037 2482 3388 2548 epistularum
3420 2483 3837 2550 catholicarum,

2253 2573 2636 2642 apocalypseos
2655 2571 2942 2635 Joannem;
2970 2587 3089 2640 quae
3111 2587 3288 2626 autem
3321 2574 3534 2638 denunt,
3561 2575 3840 2628 lati-autne

2256 2664 2310 2718 in
2326 2665 2771 2718 monasteriorum
2792 2667 3024 2718 tenebris
3043 2675 3131 2717 aut
3149 2667 3840 2722 codicnmoblitteratorum

2256 2756 2552 2824 sepultura,
2582 2771 2650 2809 an
2684 2756 3124 2810 bibl.othecarnm
3155 2758 3397 2812 cladibus
3439 2760 3660 2814 omnino
3690 2761 3840 2816 inte-

2260 2846 2482 2912 rierint,
2523 2845 2642 2915 quis
2669 2845 2910 2900 divinare
2953 2847 3170 2914 putest?
3199 2848 3304 2902 Sed
3338 2847 3521 2902 Ullilas
3551 2865 3682 2903 num
3725 2851 3844 2920 ipse

2259 2936 2402 2990 illam
2447 2936 2846 2990 translationem
2897 2937 3223 3002 coniecerit,
3279 2938 3383 2992 alia
3428 2942 3655 3008 quazstio
3700 2951 3842 3006 est;

2261 3026 2551 3096 perfecisse
2597 3035 2761 3082 tutam
2792 3042 2888 3081 cur
2916 3042 3191 3097 negemus,
3225 3043 3383 3094 supra
3437 3030 3840 3098 indicavimus;

2262 3129 2318 3172 at
2346 3133 2465 3173 cum
2517 3127 2625 3173 tota
2675 3118 2989 3185 antiquitate
3031 3120 3172 3172 fama
3229 3130 3472 3175 manaret
3517 3136 3640 3175 eum
3673 3123 3842 3176 biblia

2263 3211 2318 3263 in
2361 3209 2632 3280 gothicam
2675 3210 2906 3279 linguam
2934 3211 3285 3278 convertisse,
3329 3214 3480 3267 facile
3519 3215 3632 3270 fieri
3663 3217 3848 3283 potuit

2264 3310 2322 3356 ut
2353 3303 2441 3371 qui
2483 3301 2692 3357 initium
2736 3304 3119 3370 interpretandi
3142 3304 3356 3358 fecisset
3376 3305 3635 3376 cujusque
3658 3309 3849 3377 auspi-

2261 3393 2360 3447 ciis
2375 3401 2430 3447 et
2457 3392 2684 3447 fortasse
2710 3395 3026 3448 auctoritate
3064 3411 3148 3459 ea,
3180 3412 3300 3465 qua:
3323 3397 3434 3466 ipse
3461 3415 3566 3453 non
3598 3399 3852 3468 perfece-

2265 3492 2375 3549 rat,
2402 3483 2468 3536 ab
2489 3483 2610 3537 aliis
2632 3484 2757 3537 viris
2791 3485 3017 3538 eruditis
3058 3488 3291 3553 perfecta
3322 3483 3523 3557 esseni,
3552 3489 3620 3541 ab
3647 3491 3848 3544 eodem

2265 3577 2384 3646 ipso
2421 3581 2653 3646 proiecta
2684 3591 2804 3632 esse
2832 3577 3154 3632 dicerentur.
3189 3577 3248 3634 Si
3286 3580 3338 3632 in
3375 3588 3516 3634 tanta
3541 3596 3730 3636 rerum
3753 3585 3853 3639 ob-

2265 3668 2518 3724 scuritate
2537 3669 2843 3738 conjectura
2867 3673 2939 3723 nti
2965 3671 3108 3735 licet,
3141 3673 3230 3739 qui
3255 3673 3490 3726 maxime
3521 3685 3724 3742 przeter
3756 3675 3851 3729 Ul-
3933 3684 3954 3704 °

2267 3759 2406 3812 illam
2451 3757 2865 3826 interpretandis
2906 3759 3082 3814 hibliis
3127 3775 3348 3828 operam
3391 3777 3541 3816 suam
3595 3776 3854 3834 poneret,

2267 3851 2475 3906 Selinas
2516 3851 2731 3920 quidam
2773 3851 2936 3906 fuisse
2966 3851 3196 3917 videtur,
3231 3867 3390 3922 quem
3427 3853 3609 3910 Ulfilas
3635 3870 3667 3910 a
3699 3873 3857 3912 com-

2268 3943 2544 3998 mentariis
2595 3952 2650 3998 et
2689 3942 2742 3997 in
2791 3944 3100 4017 episcopatu
3143 3960 3513 4000 successorem
3561 3949 3758 4004 habuit
3798 3951 3854 4014 ⁸.

2267 4033 2360 4087 ille
2420 4033 2565 4087 enim
2620 4041 2678 4086 et
2734 4033 2887 4101 patrii
2955 4041 3010 4086 et
3069 4035 3229 4102 graeci
3287 4037 3556 4090 sermonis
3601 4052 3857 4105 gnaros,

2267 4137 2400 4190 opus
2436 4137 2467 4175 a
2492 4121 2776 4177 decessore
2805 4123 3132 4190 inchoatum,
3160 4135 3248 4178 aut
3275 4136 3548 4194 receptum
3593 4141 3686 4182 am
3726 4145 3858 4182 sus-

2267 4222 2478 4278 ceptum
2498 4251 2516 4277 ,
2559 4213 2613 4266 in
2639 4213 2879 4267 ecclesiae
2902 4229 3014 4267 suae
3038 4215 3377 4269 commodum
3405 4217 3560 4270 facile
3586 4219 3862 4288 perficere

2270 4306 2438 4375 potuit
2468 4305 2509 4360 ⁸.

2340 4393 2582 4450 Gothicae
2605 4393 2800 4449 deinde
2827 4394 3193 4450 translationis
3224 4411 3329 4450 non
3355 4397 3526 4451 solum
3559 4398 3861 4464 confectm,

2271 4487 2364 4542 sed
2394 4488 2553 4543 etiam
2586 4501 2679 4556 per
2708 4486 2888 4541 secula
2917 4499 3208 4543 asservare
3233 4491 3510 4560 complura
3542 4494 3684 4561 apud
3717 4510 3800 4549 se.
3819 4499 3867 4548 i-

2275 4593 2455 4650 ptores
2471 4581 2814 4636 inveniuntur
2834 4580 3160 4648 testimonia,
3177 4597 3347 4652 eaque
3367 4586 3618 4652 maxime,
3645 4605 3717 4642 ex
3751 4606 3868 4657 quo

2273 4671 2568 4726 Gothorum
2594 4687 2785 4740 magna
2803 4687 2949 4741 pars,
2972 4672 3171 4727 relictis
3192 4675 3410 4728 sedibus
3437 4675 3661 4742 Isll‘it’is,
3680 4679 3870 4734 Theo.

2272 4761 2456 4816 dorico
2483 4762 2619 4816 duce
2645 4762 2808 4828 Alpes
2840 4763 3157 4832 transgressi
3191 4761 3392 4818 italiam
3434 4778 3754 4834 occupatam
3785 4779 3869 4822 te-

2274 4862 2524 4907 nnerunt.
2546 4852 2706 4908 Gothi
2733 4853 2874 4908 enim
2899 4854 3004 4907 illic
3026 4853 3321 4909 incolentes
3341 4863 3500 4924 atque
3519 4856 3871 4924 imperantes

2273 4961 2378 4999 non
2411 4946 2601 4999 mirum
2641 4956 2751 5014 est,
2785 4947 2831 5001 si
2876 4962 2971 5015 per
3013 4946 3171 5016 hujus
3217 4957 3372 5002 terra:
3413 4949 3576 5012 lines,
3605 4962 3766 5004 certe
3800 4953 3870 5005 iis

2274 5037 2610 5108 regionibus,
2642 5039 2730 5091 ubi
2761 5039 2910 5107 regni
2949 5038 3107 5092 sedes
3136 5051 3269 5104 erat,
3312 5041 3522 5109 gotliica
3553 5041 3742 5112 lingua
3780 5045 3870 5097 le-

2273 5131 2381 5185 cuti
2402 5141 2454 5186 et
2477 5132 2528 5184 in
2556 5131 2799 5186 ecclesiis
2822 5133 2932 5184 suis
2957 5130 3186 5200 gotliicis
3211 5134 3373 5186 etiam
3395 5133 3572 5188 bibliis
3599 5137 3680 5188 usi
3707 5148 3870 5190 sunt.

2347 5291 2369 5323 ‘
2406 5289 2804 5344 Cf.CastilIiou.
2838 5287 3285 5358 Specim.prtefat.
3323 5306 3376 5356 p.
3401 5304 3432 5342 x
3464 5303 3570 5356 sq.:
3607 5305 3636 5341 a
3670 5289 3862 5342 Solina

2278 5377 2502 5429 primum
2547 5360 2752 5414 cieditn
2806 5370 2890 5415 est
2939 5361 3150 5428 guthira
3202 5363 3361 5413 lnhlia
3408 5360 3647 5412 dictante
3699 5361 3863 5414 Ultila

2276 5435 2439 5485 fuisse
2463 5431 2765 5496 conscripta
2789 5438 2842 5482 rt
2867 5445 2963 5498 pro
2991 5443 3089 5482 suo
3116 5432 3318 5483 librarii
3346 5445 3566 5482 nmnere
3595 5430 3869 5485 distineta

2273 5512 2432 5566 atque
2462 5504 2765 5554 emendata.

2343 5577 2359 5593 '
2389 5571 2472 5624 Cf.
2505 5570 2721 5622 Massm.
2747 5567 2916 5623 Skeir.
2949 5585 3002 5636 p.
3025 5567 3114 5623 88.

2344 5643 2380 5664 "
2414 5639 2645 5693 Gouium
2679 5640 2793 5691 hzl-c
2830 5653 2895 5692 ex
2925 5640 3148 5706 epistola
3185 5638 3252 5691 ad
3294 5638 3550 5692 Hebraeos
3579 5637 3878 5704 citas-isse,

2272 5709 2484 5764 Masstu.
2513 5712 2548 5762 I.
2577 5710 2635 5775 l.,
2667 5723 2718 5777 p.
2738 5708 2810 5763 65
2833 5723 2916 5776 sq.
2943 5709 3097 5762 nobis
3121 5723 3225 5762 non
3251 5707 3534 5776 persuasit.
