4048 6184
259 386 348 441 ὁ(ὶό

265 501 328 554 Ea
351 503 652 566 tempestate
670 495 757 550 illa
779 495 1132 561 oratiuncula,
1155 497 1206 551 in
1227 498 1330 552 line
1354 497 1554 552 codicis
1579 497 1808 550 Brixiani

266 591 439 658 posita,
475 586 710 642 confecta
743 601 866 642 esse
896 587 1124 651 videtur,
1158 587 1210 641 in
1252 601 1354 654 qua
1386 597 1444 640 ut
1473 597 1702 641 caveam
1731 587 1816 638 iu-

263 691 504 752 terpretes
541 680 840 735 litterarum
889 695 1163 734 sacrarum
1203 691 1508 745 monentur,
1540 695 1602 732 ne
1631 679 1817 750 legenti

257 775 470 827 rideatur
489 772 630 825 aliud
647 771 699 823 in
716 785 882 840 gra’ca
901 771 1096 842 lingua,
1110 770 1253 822 aliud
1274 771 1324 822 in
1346 770 1504 823 latina
1516 769 1592 823 vel
1610 767 1814 838 gothica

256 866 502 935 designata
527 878 633 915 esse
663 861 951 931 conscripta
974 863 1012 914 ⁸.
1067 860 1217 916 Unde
1247 861 1512 930 gotbicam
1554 861 1814 925 interpre-

257 957 493 1008 tationem
539 968 643 1006 non
692 950 864 1005 solum
911 953 962 1004 in
1011 949 1159 1004 Italia
1207 951 1431 1020 aliisque
1463 950 1650 1018 terris,
1683 965 1816 1017 quas

254 1043 397 1099 Gothi
448 1041 733 1108 tenebant,
768 1041 1066 1110 posteriore
1108 1049 1350 1109 tempore
1389 1042 1689 1105 exstitisse.
1717 1041 1813 1096 sed

254 1134 401 1188 etiam
439 1147 561 1186 cum
594 1131 757 1185 latina
784 1131 895 1199 pari
926 1131 1244 1185 auctoritate
1271 1131 1502 1185 valuisse
1531 1131 1812 1186 discimus.

253 1224 477 1279 Alterum
521 1222 592 1276 de
641 1222 891 1276 versione
943 1221 1159 1289 gothica
1206 1221 1565 1276 testimonium
1620 1221 1814 1290 legitur

251 1315 376 1384 apud
405 1314 756 1369 Walal’ridum
786 1313 1035 1368 Strabum
1055 1356 1071 1380 ,
1099 1317 1418 1383 scriptorem
1462 1315 1628 1370 seculi
1660 1317 1810 1382 noni,

251 1408 327 1476 qtti
370 1407 707 1476 gotbieosum
749 1404 1034 1460 bihliornm
1062 1417 1405 1460 monumenta
1443 1422 1542 1461 suo
1571 1416 1813 1475 tempore

249 1498 374 1565 apud
395 1496 681 1551 nonnullos
702 1495 884 1550 haberi
905 1495 1102 1560 dicit’;
1135 1496 1286 1561 cujus
1312 1496 1442 1551 ﬁdes
1467 1497 1548 1552 bis
1575 1497 1627 1551 in
1649 1497 1813 1552 rebus

248 1602 308 1643 eo
333 1586 500 1656 major
526 1597 632 1653 est,
666 1585 807 1656 quod
836 1587 1168 1641 monasterio
1201 1587 1643 1642 lleichenaviensi
1677 1603 1814 1657 prte-

250 1678 456 1748 positus,
493 1678 548 1731 in
578 1677 811 1732 confinio
842 1675 958 1731 fere
981 1677 1253 1731 habitabat
1295 1692 1482 1733 earum
1509 1677 1810 1747 regionum,

248 1783 365 1837 quas
400 1767 561 1823 Gothi
591 1766 802 1836 utrique
824 1767 952 1821 olim
979 1766 1335 1822 incoluerant.

308 1858 594 1928 Postquam
623 1857 818 1914 deinde
858 1871 955 1927 per
993 1872 1088 1913 se:
1119 1859 1301 1914 secula
1327 1873 1357 1912 a
1388 1859 1602 1916 nemine
1629 1859 1810 1930 gothi-

248 1963 414 2004 eorum
445 1947 735 2002 bibliorum
771 1949 974 2002 mentio
1025 1947 1160 2002 facta
1184 1958 1288 2014 est,
1328 1949 1428 2004 nisi
1459 1950 1504 2004 si
1535 1951 1655 2020 quis
1693 1965 1814 2020 quae

248 2039 369 2107 apud
395 2038 692 2107 scriptores
716 2037 964 2107 antiquos
989 2038 1227 2108 legisset,
1248 2039 1502 2107 reddidit,
1523 2055 1696 2110 neque
1716 2041 1815 2097 ali-

248 2130 353 2183 cubi
399 2128 688 2198 vestigium
733 2127 991 2182 librorum
1031 2127 1175 2183 illam
1206 2129 1503 2184 versionem
1532 2131 1816 2186 continen-

249 2221 361 2274 tium
388 2217 726 2286 comparuit:
767 2217 953 2272 seculo
988 2226 1142 2272 sexto
1174 2217 1380 2273 decimo
1408 2220 1459 2274 in
1489 2221 1805 2275 monasterii

250 2308 662 2373 Werdenensis,
691 2307 746 2361 in
784 2307 954 2363 Gallia
998 2308 1204 2378 Belgica
1248 2308 1318 2364 ad
1359 2309 1556 2364 [turam
1586 2312 1811 2377 conditi,

250 2402 560 2458 bibliotheca
589 2401 764 2457 codex
817 2415 957 2457 unus
995 2401 1246 2458 inventus
1273 2411 1377 2460 est.
1407 2406 1641 2459 Antonio
1667 2406 1810 2461 enim

249 2495 494 2550 lorilloni
529 2495 580 2559 ³,
627 2493 716 2562 qui
743 2493 978 2547 Antonio
1012 2494 1323 2560 Perrenoto,
1355 2495 1616 2550 cardinali
1641 2495 1814 2552 Gran-

247 2584 466 2650 vellaoo,
504 2583 586 2637 ab
637 2582 880 2653 epistolis
907 2593 1054 2648 erat,
1087 2585 1423 2641 bibliOthecas
1456 2586 1600 2642 illius
1649 2588 1812 2644 libros

248 2675 636 2743 manuscriptos
675 2675 1032 2743 perscrutanti
1080 2675 1133 2730 in
1176 2691 1366 2731 manus
1407 2678 1591 2732 incidit
1617 2680 1808 2747 codex,

246 2778 385 2833 quem
409 2765 702 2821 Ulﬁlanam
724 2766 1022 2820 versionem
1051 2767 1330 2823 continere
1351 2768 1438 2822 ille
1457 2769 1638 2824 statim
1654 2770 1806 2841 vidit,

245 2865 291 2908 et
313 2856 613 2909 orationem
641 2854 965 2909 dominicam
993 2871 1112 2910 cum
1148 2858 1270 2911 aliis
1295 2857 1613 2926 quibusdam
1641 2863 1806 2930 parti-

245 2945 362 2998 culis
385 2947 451 3000 ab
498 2959 580 2999 eo
606 2945 730 2999 inde
762 2945 1084 3012 descriptam
1131 2947 1545 3016 Masiinilianus,
1590 2954 1808 3010 Antonii

246 3034 406 3099 frater,
447 3051 586 3092 cum
629 3035 864 3104 Gompio
907 3037 1116 3092 Becano
1161 3041 1594 3105 communicavit.
1625 3046 1714 3113 qui
1744 3061 1805 3102 ea

243 3125 578 3183 Gutodzmieis
610 3129 722 3184 suis
750 3130 1036 3185 inseruit‘.
1070 3131 1235 3186 Paulo
1265 3143 1386 3201 post
1411 3133 1671 3192 Gruterus
1700 3139 1806 3194 ali-

243 3229 354 3286 quot
377 3234 596 3286 versus,
628 3220 697 3275 ab
720 3219 958 3275 Arnoldo
986 3222 1280 3278 Mercatore
1303 3239 1370 3280 ex
1399 3228 1589 3282 eodem
1620 3231 1804 3286 codice

241 3322 534 3380 excerptas,
565 3311 617 3365 in
646 3311 897 3367 thesauro
921 3314 1327 3384 inscriptionum
1351 3317 1520 3373 edidit
1547 3321 1588 3372 ⁵.
1614 3323 1803 3378 Omnia

242 3400 511 3467 fragmenta
539 3440 554 3463 ,
583 3400 640 3456 in
670 3401 761 3457 illo
798 3403 984 3458 codice
1007 3415 1216 3459 servata
1235 3447 1253 3471 ,
1293 3409 1462 3462 multo
1493 3419 1613 3478 post
1641 3412 1804 3483 (anno

243 3489 383 3559 i663)
409 3507 578 3559 opera
631 3489 898 3546 Francisci
926 3492 1066 3547 Junii
1101 3505 1156 3549 et
1193 3495 1388 3552 deinde
1416 3501 1613 3569 smpius
1657 3501 1801 3558 edita

241 3589 368 3634 sunt.
405 3582 511 3636 Sed
543 3580 649 3636 viri
693 3583 920 3652 gothicze
952 3583 1144 3653 lingua:
1174 3587 1397 3644 studiosi
1427 3591 1518 3645 diu
1549 3594 1802 3647 multum-

241 3682 328 3736 que
351 3676 522 3740 queSti
554 3683 737 3736 erant,
768 3673 910 3741 quod
935 3675 1002 3729 de
1031 3677 1128 3730 hac
1152 3675 1612 3750 totiusScripturte
1631 3699 1800 3740 sacra!

240 3763 465 3818 versione
521 3774 637 3819 tam
693 3778 859 3833 pauca
887 3809 902 3834 ,
960 3781 1130 3837 eaque
1186 3772 1582 3840 evangeliorum
1639 3777 1801 3832 modo

240 3849 510 3920 fragmenta
545 3856 735 3912 relicta
764 3866 965 3927 essent,
993 3874 1113 3928 quae
1132 3859 1199 3914 ad
1221 3863 1528 3920 enodandas
1547 3875 1601 3922 et
1630 3884 1801 3924 remo-

243 3945 422 3998 vendas
461 3946 854 4013 intrrgretandi
903 3948 1242 4005 ddiicultates
1286 3968 1390 4007 non
1441 3957 1745 4014 snfticerrnt
1781 3979 1796 4015 :

239 4047 342 4089 cum
371 4037 695 4100 Knittelius,
745 4040 876 4094 tedis
921 4044 1346 4111 metropolitano:
1385 4049 1523 4114 apud
1556 4049 1798 4107 Guelfer-

239 4121 443 4192 bytanus
471 4126 909 4195 archidiaconus,
946 4131 1132 4186 seculo
1161 4134 1408 4201 proxime
1435 4138 1712 4206 superiore
1743 4143 1794 4195 in

237 4215 399 4272 codice
421 4219 764 4275 bibliothecae
786 4221 1220 4296 Guelferbytanae
1240 4227 1533 4297 fragmenta
1556 4232 1796 4300 epistolae

237 4303 365 4362 Pauli
393 4312 459 4365 ad
489 4312 769 4368 Romanos
800 4317 1014 4385 scriptae
1043 4317 1263 4374 invenit.
1296 4319 1350 4373 In
1396 4321 1606 4396 ἕρμαιον
1629 4339 1793 4394 gran—

236 4394 341 4453 dius
367 4401 631 4471 incidere,
655 4417 762 4473 qoo
789 4403 950 4460 biblia
977 4408 1213 4476 gothica,
1244 4394 1456 4465 etiamsi
1485 4428 1589 4467 non
1619 4415 1794 4469 omni-

297 4553 312 4584 '
340 4553 472 4633 _Vid._
499 4557 835 4633 Garbellum.
876 4575 971 4633 ap.
1028 4561 1392 4633 Blanchinium
1453 4566 1788 4633 Evangeliar.

236 4623 770 4699 quadrnplraprolegg.
798 4645 850 4696 p.
874 4623 1014 4699 7'sq.
1050 4632 1120 4685 Ea
1149 4635 1309 4688 verba
1338 4635 1530 4690 vitiose
1554 4623 1794 4693 conscri-

236 4701 311 4755 pta
349 4705 403 4769 et
433 4697 680 4752 vitiosius
730 4697 998 4766 descripta
1034 4701 1277 4756 Semlero
1312 4705 1377 4757 ad
1425 4707 1788 4769 praelationem

235 4767 521 4828 quamdam,
543 4769 925 4835 comparationi
954 4772 1180 4838 gothica:
1204 4767 1464 4828 versionis
1481 4791 1602 4829 cum
1627 4778 1789 4834 latina

236 4837 282 4908 et
311 4841 457 4908 textu
485 4851 666 4908 graeco
718 4837 977 4892 faciendae
1033 4842 1323 4907 praefixum,
1373 4847 1640 4908 pertinere
1664 4857 1792 4904 sunt

236 4900 351 4962 visa,
379 4900 674 4974 vidfhujus
703 4909 798 4959 viri
832 4900 1147 4964 venerabilis
1179 4900 1402 4966 Verane}:
1431 4917 1570 4968 einer
1599 4900 1788 4972 Erldit:

235 4974 553 5059 ﬁrqng‘ejner
580 4977 716 5059 altera
747 4977 888 5047 Spnr
915 4981 1051 5033 einer
1075 4985 1368 5051 gothischeu
1394 4983 1787 5059 Uebersetzung,

237 5034 384 5092 Ηιιιιὶ
401 5045 552 5108 1764,
574 5048 627 5099 4.

295 5111 313 5182 ξ
339 5109 408 5182 De
437 5117 583 5168 rebus
613 5117 984 5179 ecclesiastiiis,
1015 5133 1136 5182 cap.
1166 5121 1218 5174 7.

236 5243 247 5254 .
294 5177 568 5258 '“l’rimnm
593 5184 832 5239 UIliL-nze
875 5177 1134 5244 verSionis
1161 5199 1489 5258 repertorem
1524 5209 1644 5249 cum
1671 5195 1788 5252 lbre

234 5247 280 5335 in
298 5247 662 5335 dissert_:i_tiorie
693 5258 760 5335 de
783 5259 958 5324 lingua
979 5260 1179 5335 c_o_dic_i_s
1199 5247 1449 5331 A'rgentei
1480 5247 1784 5335 conscripta

232 5325 278 5402 et
303 5332 436 5402 anno
473 5322 607 5402 172:“
641 5325 783 5402 edita
823 5322 966 5382 recte
1004 5322 1336 5402 Morillone'm
1375 5322 1782 5402 appellavisset,

234 5387 374 5470 patilo
400 5403 516 5470 post
540 5391 602 5470 in
649 5398 818 5448 altera
868 5405 940 5470 ue
963 5401 1153 5470 codice
1192 5387 1462 5470 Argentoio
1490 5387 1780 5460 annil‘lfifi

233 5455 511 5537 amuli-lum
540 5461 885 5537 slert'atorem
919 5468 1080 5522 fuisse
1111 5455 1296 5524 minus
1319 5484 1463 5526 recte
1495 5455 1776 5537 dici—lividi.

232 5520 401 5609 an...“
442 5527 666 5609 em,
713 5553 765 5600 ι».
797 5537 865 5590 ω
911 5552 992 5606 ε...
1049 5520 1644 5609 ἁεὲέίέεὶὑῖιι’ῖιἰἱτὶεῖἱιῖἰὶι’
1675 5520 1778 5609 is;

234 5599 530 5676 :l'ill‘illtltuille
573 5605 738 5657 codex
773 5599 1097 5673 Argenieus,
1128 5625 1196 5662 an
1237 5599 1388 5663 alios.
1415 5611 1609 5676 fuerit;
1659 5599 1782 5668 lhre

233 5656 357 5716 Ullil.
389 5668 576 5722 illustr.
610 5656 727 5742 pag.
767 5656 1780 5742 ὐεσὴέίέξὲὶῖρξςίι’ἱὲἐὶἷιοἻῆΞιῖίῖηὲὀῦ

233 5743 447 5813 (ausmn,
467 5746 601 5817 quod
622 5743 866 5817 hlon’llou
889 5750 1222 5814 compendiis
1242 5750 1508 5804 scribendi
1531 5766 1657 5804 usus
1684 5753 1773 5817 δίε,

236 5815 336 5867 qua:
363 5806 411 5859 in
441 5809 922 5883 cudiccArgeutco,
942 5806 1089 5872 cci-te
1118 5820 1247 5874 locis
1276 5822 1342 5874 ab
1372 5835 1436 5874 co
1465 5806 1770 5890 cxscriptis,

1582 383 2112 441 PROLEGOMENA.

3385 409 3488 461 466

1919 498 2016 554 bus
2055 502 2296 568 partibus
2336 504 2540 574 integra
2564 545 2577 568 ,
2621 509 2877 576 ampliora
2925 519 3102 566 tamen
3141 513 3489 582 plurimorum

1917 589 2040 642 novi
2082 589 2298 647 foederis
2336 594 2592 650 librorum
2623 598 2917 668 fragmenta
2963 604 3103 658 nacti
3133 620 3339 668 sumus,
3363 609 3492 660 viris

1913 678 2082 732 doctis
2123 682 2296 736 nostri
2332 684 2499 738 seculi
2539 700 2866 743 reservatum
2898 701 3049 745 erat:
3083 693 3135 746 in
3168 693 3486 748 bibliotheca

1912 770 2053 824 enim
2088 771 2468 830 Mediolanensi
2497 777 2565 830 ab
2591 778 2792 846 Angelo
2815 781 2950 849 Majo
2973 797 3027 836 ct
3054 784 3246 839 Carolo
3268 788 3492 842 Octavio

1911 859 2274 917 Castillionzeo
2309 866 2526 920 codices
2555 871 2798 939 rescripti
2834 882 2959 926 sunt
3007 875 3230 943 reperti,
3259 892 3487 945 quorum

1911 951 2144 1019 priorem
2163 954 2511 1028 scriptionem
2537 957 2848 1028 diligentius
2873 962 3202 1020 intuentibus
3227 966 3336 1020 illis
3357 967 3488 1022 viris

1911 1039 2104 1106 doctis,
2134 1041 2381 1098 Ullilante
2411 1047 2679 1104 versionis
2707 1052 2968 1120 evangelii
3003 1053 3256 1121 Matthxi,
3283 1057 3488 1126 episto-

1913 1130 2080 1185 larum
2113 1132 2452 1192 Paulinarum
2480 1141 2546 1194 ad
2575 1139 2847 1197 Romanos
2873 1145 3094 1213 ejusque
3124 1148 3294 1217 plura,
3325 1166 3488 1221 quam

1911 1237 2031 1292 qnaa
2046 1225 2331 1283 Knittelins
2346 1230 2454 1298 jam
2479 1242 2774 1301 repercral,
2789 1238 3066 1304 utriusque
3080 1240 3144 1294 ad
3160 1240 3486 1309 Corinthios,

1913 1314 2146 1379 Galatas,
2179 1318 2463 1387 Ephesios,
2493 1322 2883 1393 Philippenscs,
2908 1329 3500 1396 Colossenses,utrius-

1912 1420 2018 1475 que
2060 1409 2126 1462 ad
2171 1408 2677 1470 Thessalonicenses
2717 1425 2772 1470 et
2805 1419 3149 1486 pastoralium
3198 1421 3264 1474 ad
3311 1422 3490 1476 Timo-

1914 1494 2117 1557 theum,
2149 1497 2328 1553 Titum
2382 1509 2438 1555 et
2481 1501 2877 1573 Philemonem,
2925 1519 3180 1577 prasterea
3213 1511 3398 1567 Esdrte
3439 1527 3493 1568 ct

1912 1586 2216 1655 Nehetniaz,
2263 1590 2338 1645 lib
2367 1608 2519 1646 orum
2562 1598 2758 1650 veteris
2809 1603 3147 1667 testamenti,
3195 1603 3488 1673 fragmenta

1912 1677 2188 1733 continere
2224 1682 2538 1748 apparebat,
2569 1699 2689 1752 qua:
2713 1685 3009 1756 fragmenta
3040 1692 3266 1758 primum
3297 1695 3492 1749 duum-

1915 1767 2014 1821 viri
2040 1767 2116 1822 illi
2155 1771 2457 1840 conjunctis
2497 1776 2661 1841 cnris,
2693 1776 2888 1834 deinde
2924 1779 3316 1838 Castillionaeus
3343 1787 3492 1842 solus

1915 1855 2042 1914 inde
2063 1859 2130 1914 ab
2152 1875 2294 1915 anno
2319 1863 2475 1932 hujus
2501 1868 2668 1921 seculi
2701 1869 3100 1926 undevicesimo
3123 1875 3311 1930 edidt.

1988 1949 2093 2004 Sed
2110 1950 2430 2022 jampridem
2459 1959 2808 2026 quaestionem
2842 1975 3132 2031 posuerunt
3154 1967 3249 2021 viri
3274 1968 3488 2032 eruditi,

1914 2047 2091 2094 utrum
2133 2057 2229 2105 ea,
2260 2059 2380 2113 quae
2417 2061 2513 2114 pro
2551 2048 2793 2106 Ulfilante
2831 2066 2925 2106 seu
2961 2057 3191 2122 gothicae
3230 2060 3492 2115 velsionis

1913 2128 2226 2200 fragmentis
2269 2133 2613 2203 haberentur,
2662 2156 2789 2196 vere
2828 2143 3040 2212 gothica
3082 2160 3284 2216 essent,
3328 2164 3396 2204 an
3423 2152 3493 2206 ad

1914 2220 2096 2287 aliam,
2130 2222 2182 2278 in
2229 2239 2383 2280 usum
2427 2229 2566 2285 alius
2611 2231 2904 2289 barbarica:
2947 2239 3121 2306 gentis
3167 2241 3490 2307 confectam,

1914 2313 2264 2382 pertinerent.
2295 2317 2436 2373 Inter
2455 2320 2589 2375 alios
2610 2323 2894 2380 Lacrozius
2915 2328 3128 2397 negavit
3146 2339 3199 2384 et
3215 2331 3492 2401 [rumicem

1913 2416 2035 2459 esse
2084 2405 2316 2476 linguam
2364 2419 2560 2466 nostrae
2623 2415 2884 2470 versionis
2929 2423 3155 2488 probare
3205 2423 3406 2478 studuit
3445 2427 3486 2478 °.

1912 2493 2082 2560 Quam
2125 2499 2246 2553 trita
2277 2509 2359 2554 est
2387 2516 2450 2557 ac
2476 2518 2642 2572 prope
2669 2505 2950 2562 decantata
2977 2511 3065 2564 illa
3086 2515 3335 2580 qua-stio,
3383 2526 3488 2568 tam

1911 2582 2090 2655 inepta
2119 2597 2282 2656 atque
2310 2588 2517 2645 infirma
2543 2603 2669 2648 sunt
2695 2609 3032 2665 argumenta,
3063 2602 3255 2668 quibus
3296 2603 3479 2660 Lacro-

1914 2677 2028 2731 sius
2047 2679 2285 2747 opinioni
2322 2697 2434 2736 suae
2459 2684 2616 2740 fidem
2653 2685 2828 2742 facere
2854 2689 3140 2756 laboravit;
3173 2697 3313 2763 quod
3343 2699 3488 2752 enim

1914 2767 2142 2836 primum
2172 2770 2322 2838 dicit,
2368 2773 2608 2830 codicem
2655 2787 2850 2834 nostrae
2882 2781 3145 2834 versiculis
3175 2801 3280 2838 non
3326 2787 3376 2838 in
3424 2788 3488 2842 iis

1909 2857 2240 2926 regionibus,
2268 2862 2359 2916 ubi
2390 2861 2896 2934 Gothiincolerent,
2920 2871 3015 2926 sed
3045 2873 3129 2926 ubi
3167 2872 3378 2940 Franci,
3403 2892 3487 2932 re-

1911 2961 2123 3020 pertum
2150 2965 2304 3018 esse;
2330 2953 2526 3010 deinde
2545 2958 2832 3014 nonnullos
2857 2961 3044 3016 harum
3069 2963 3362 3020 litterarum
3389 2967 3486 3020 du-

1909 3050 2027 3095 ctus
2047 3042 2114 3096 ad
2145 3041 2472 3100 Francnrum
2499 3056 2736 3103 veterem
2765 3051 3034 3107 scribendi
3061 3055 3322 3110 rationem
3353 3072 3480 3126 pro-

1912 3134 2031 3202 pius
2058 3134 2352 3202 accedere;
2383 3145 2492 3193 tum
2520 3140 2652 3193 alias
2673 3143 2930 3211 quasdam
2967 3146 3151 3199 latinas
3182 3163 3322 3214 esse,
3352 3163 3485 3218 quas

1909 3222 2065 3278 Gothi
2099 3226 2150 3280 in
2191 3226 2376 3283 Maesia
2407 3229 2704 3286 habitantes
2728 3234 2968 3304 cognitas
3002 3235 3199 3291 habere
3226 3254 3330 3293 non
3359 3255 3478 3310 po~-

1905 3323 2056 3378 sent;
2097 3327 2369 3384 postremo
2422 3319 2562 3374 inter
2592 3321 2794 3376 litteras
2842 3325 2999 3393 hujus
3030 3324 3224 3397 lingua:
3256 3338 3485 3397 quatuor

1907 3418 2073 3458 novas
2093 3415 2146 3460 et
2168 3421 2196 3458 a
2217 3421 2514 3477 graecarum
2539 3418 2593 3464 et
2616 3410 2897 3467 latinarum
2921 3415 3268 3473 similitudine
3288 3420 3482 3476 abhor-

1905 3504 2085 3551 rentes
2115 3497 2362 3564 inveniri,
2409 3515 2633 3570 qnarum
2685 3512 2794 3558 tres
2843 3505 3032 3561 litteris
3079 3523 3109 3560 a
3157 3509 3482 3579 Chilperico,

1908 3583 2234 3642 Francorum
2259 3604 2407 3659 rege,
2437 3593 2704 3648 renovatis
2725 3608 3023 3664 congruere
3048 3613 3062 3652 :
3087 3600 3206 3666 quis
3226 3611 3328 3668 est,
3353 3603 3480 3670 quin

1903 3677 2080 3732 videat
2130 3694 2192 3734 ea
2223 3692 2553 3750 argumenta,
2586 3699 2706 3754 quae
2744 3685 3056 3741 refellantur
3098 3691 3184 3744 vix
3229 3690 3261 3744 d
3284 3706 3383 3759 gna
3423 3704 3478 3748 et

1902 3784 1963 3822 ea
1981 3771 2257 3838 posuisse,
2285 3787 2406 3827 esse
2431 3774 2730 3830 refutassc?
2757 3777 2944 3831 Mirum
2983 3778 3160 3845 igitur,
3193 3781 3332 3846 quod
3365 3781 3479 3836 hac

1899 3864 2302 3933 argumentandi
2332 3868 2653 3934 perversitas
2699 3869 2834 3923 inter
2884 3871 3018 3924 alios
3046 3873 3064 3902 ⁷
3097 3870 3478 3940 Wetsteuium,

1901 3956 2073 4011 virum
2102 3971 2308 4026 magnai
2336 3959 2663 4028 sagacitatis.
2707 3970 2764 4014 ut
2794 3963 3044 4028 probaret
3073 3963 3228 4018 i~tam
3272 3966 3476 4034 opinio-

1900 4062 2044 4113 nem,
2077 4063 2392 4118 permovere
2442 4053 2609 4118 potuit
2647 4054 2690 4108 ⁸.
2761 4055 3010 4110 Omnium
3055 4058 3276 4124 optime,
3317 4074 3478 4126 quam

1897 4138 2103 4210 frigidis
2132 4141 2428 4198 rationibus
2455 4160 2584 4198 usus
2612 4154 2756 4199 esset
2800 4145 3109 4207 Lacrozius,
3141 4150 3477 4204 demonstra.

1896 4233 1971 4286 vit
1998 4231 2114 4288 lhre
2146 4235 2196 4287 in
2241 4235 2618 4290 dissertatione
2658 4237 2727 4290 de
2769 4237 2944 4305 lingua
2989 4239 3188 4292 codicis
3222 4243 3473 4308 Argentci

1896 4336 2039 4375 anno
2079 4323 2216 4378 1754
2257 4323 2399 4378 edita
2425 4327 2446 4358 ⁹
2493 4334 2549 4379 et
2595 4327 2948 4395 sapientiores
2996 4328 3312 4399 jampridem
3355 4331 3479 4386 illas

1895 4427 2062 4484 nugas
2089 4413 2524 4484 improbaverunt
2553 4417 2615 4470 “.

1894 4586 2000 4646 non
2047 4573 2422 4646 inveniantur,
2465 4575 2660 4632 deinde
2711 4592 2921 4646 quoque
2973 4579 3119 4634 illum
3174 4580 3470 4637 litterarum

1895 4639 2092 4695 formas
2133 4643 2442 4700 exhibuisse
2468 4687 2483 4711 ,
2528 4663 2661 4714 quas
2701 4639 2870 4704 codex
2913 4650 3214 4714 Argentens
3251 4655 3474 4706 omnino

1894 4725 2002 4763 non
2043 4723 2318 4788 agnoscat.
2352 4717 2454 4788 Alii
2492 4718 2693 4772 nullum
2721 4719 2915 4784 alium,
2949 4735 3105 4788 quam
3144 4723 3465 4787 Argenta-nm

1893 4790 2018 4858 ante
2063 4784 2251 4858 oculos
2294 4786 2546 4842 habuisse
2601 4784 3122 4858 comprobaverunt,
3174 4784 3282 4845 vid.
3331 4793 3468 4847 Zab-

1894 4851 2038 4904 ttitlm
2069 4853 2102 4905 l.
2140 4854 2175 4907 Ι.

1965 4919 1995 4999 ξ
2020 4920 2390 4999 Vid._§oropii
2425 4925 2672 4996 Origines
2711 4929 3112 4999 Antnerpen~es
3148 4932 3282 4986 libro
3312 4948 3380 4986 vn
3413 4950 3462 4998 ιι.

1894 4989 2000 5062 759
2027 5005 2109 5062 sq.
2138 4993 2262 5048 750.

1963 5061 2205 5092 σιγιιη
2237 5083 2256 5092 --

1963 5062 1985 5092 ο
2252 5083 2256 5087 .

1961 5129 1982 5161 ⁸
2011 5062 2427 5189 ,ἒίινὶεῗὲιῖοῑὶἰ
2480 5137 2747 5202 epistolam
2803 5138 2873 5191 ad
2898 5137 3150 5192 Joannem
3183 5140 3459 5196 Chnmber.

1891 5199 2121 5269 layninnt
2150 5205 2199 5254 in
2228 5203 2489 5259 Thesauro
2510 5199 2842 5287 epistolam»:
2868 5216 2998 5262 tom.
3031 5208 3094 5262 Ill
3125 5225 3176 5279 p.
3209 5210 3278 5264 92
3308 5226 3390 5280 sq.

1963 5271 1981 5300 ⁷
2016 5272 2130 5324 Viti.
2165 5271 2351 5325 Zahnii
2381 5274 2591 5328 Eiulett.
2623 5291 2676 5328 ι).
2705 5275 2796 5328 27.

1966 5291 1976 5300 ι
2019 5291 2130 5324 nu.
2167 5291 2351 5325 bannu
2381 5291 2591 5328 muteu.
2623 5291 2676 5343 p.
2705 5291 2796 5330 τι.

1959 5341 2361 5414 '__Wetstenii_
2411 5342 2655 5414 Prolegg.
2726 5347 2778 5398 in
2844 5362 3027 5399 novum
3107 5357 3461 5403 testamentum

1891 5424 1944 5473 p.
1973 5410 2078 5463 504
2105 5425 2188 5479 sq.
2219 5415 2307 5468 ed.
2339 5410 2620 5466 Scmler."

1956 5484 1997 5560 ξ.
2035 5480 2150 5560 ψ.
2185 5481 2334 5560 ill/il.
2367 5483 2610 5560 iliustrnt.
2645 5497 2699 5548 ι).
2727 5483 2832 5560 ἓξὲξ)
2859 5499 2976 5560 sqq.

1955 5550 1999 5581 ‘°
2055 5549 2328 5626 Semlerus
2354 5553 2421 5605 ad
2450 5551 2696 5626 “falson.
2753 5549 2995 5626 Ρνοιεξιξι.
3041 5570 3092 5623 p.
3130 5555 3236 5608 505
3275 5555 3456 5622 (quem

1886 5629 2061 5673 tamen
2103 5624 2366 5691 miramur
2397 5624 2553 5691 paulo
2585 5635 2705 5691 post
2736 5641 2786 5691 p.
2821 5625 2926 5679 308
2948 5624 3312 5690 interpretem
3363 5641 3459 5676 tm-

1884 5702 2052 5765 strum
2095 5685 2509 5771 Fraucpgothuni
2537 5685 2840 5771 .appellarc)
3013 5685 3196 5748 Ζειιὶηῆ
3242 5693 3457 5771 Emisit.

1888 5777 1936 5827 p.
1969 5760 2036 5813 ‘26
2067 5772 2218 5828 seqq.
2251 5761 2642 5817 Aschbachium
2675 5765 2711 5817 l.
2747 5763 2783 5816 l.
2818 5760 2868 5832 p.
2902 5765 2971 5817 '56
3002 5780 3081 5832 et].
