3948 6170
532 321 632 380 467

603 445 737 499 Cum
767 455 947 502 autem
977 445 1308 502 Francorum
1335 459 1458 502 esse
1485 444 1646 499 biblia
1673 451 1854 496 nostra
1887 456 1953 495 ne
1982 453 2108 510 pro-

535 534 712 590 babile
736 536 953 606 quidem
985 536 1212 592 reddere
1240 536 1314 589 illi
1347 536 1637 605 potuerint,
1665 547 1809 587 nunc
1835 545 1966 586 vere
2007 530 2113 584 Go-

535 628 680 680 thica
709 641 831 682 esse
857 627 1185 697 argumentis
1218 627 1550 696 gravissimis
1577 625 1945 680 conﬁrmatur.
1975 623 2118 676 Con-

535 725 642 770 stat
668 719 809 770 enim
841 729 1036 786 pra-ter
1065 717 1349 772 bibliorum
1381 715 1782 770 translationem
1826 713 1894 768 de
1927 712 2118 767 litteris

534 805 765 872 gothicis
787 806 895 861 duo
934 818 1274 861 monumenta
1317 816 1530 862 servata
1557 819 1697 869 esse,
1730 817 1954 871 quorum
1987 802 2120 856 alte-

535 908 657 948 rum
675 904 904 964 quatuor
922 897 1151 967 gothicis
1172 897 1652 964 subscriptionibus
1672 903 1905 957 constat,
1931 894 2120 962 positis

537 987 640 1041 sub
685 989 1004 1043 venditionis
1047 989 1321 1058 cujusdam
1351 989 1658 1048 testimonio
1677 987 1842 1040 latine
1867 986 2070 1052 scripto
2101 985 2118 1014 ¹

537 1092 766 1146 quarum
787 1094 892 1132 una
913 1081 990 1134 sic
1020 1079 1181 1134 habet
1205 1097 1219 1134 ε
1251 1079 1300 1132 ik
1322 1079 1504 1132 merita
1525 1077 1756 1133 bolroreis
1777 1076 1982 1130 handan
2003 1075 2121 1128 mei-

536 1171 627 1224 καὶ
656 1171 900 1240 ιιῙηιεΙὶάιι
922 1171 1018 1241 jolt
1061 1172 1369 1224 andaemum
1414 1169 1711 1240 skilliggans
1743 1169 1801 1238 .j.
1837 1167 1935 1238 jalt
1980 1166 2121 1235 {aur—

539 1262 629 1334 [n's
654 1261 813 1334 Imirh
853 1263 1085 1330 kautsjon
1108 1261 1204 1332 juh
1248 1260 1362 1333 mil)
1401 1260 1627 1314 dtakuna
1677 1259 1917 1311 alantoda
1965 1272 2117 1307 unsa-

537 1369 738 1406 ramma
757 1355 855 1424 jali
891 1352 1008 1424 nti];
1045 1352 1326 1421 galdaibim
1356 1352 1619 1406 nnsaraim
1649 1349 1958 1403 andnemum
1989 1346 2115 1398 skil-

539 1446 738 1516 liggans
762 1445 860 1500 .rk.
886 1445 1037 1518 vairp
1080 1444 1204 1518 pice
1231 1446 1386 1510 saive,
1412 1445 1450 1497 i.
1482 1461 1532 1498 e.
1565 1457 1663 1511 ego
1689 1441 1893 1502 Merila,
1917 1437 2112 1506 scriba,

539 1551 701 1591 manu
731 1551 847 1590 mea
878 1536 1168 1604 subscripsi
1197 1545 1249 1589 et
1277 1535 1582 1603 accepimus
1613 1531 1812 1586 solidos
1842 1528 2113 1596 sexaginta

538 1634 595 1682 et
618 1636 770 1682 antea
801 1642 895 1696 per
921 1628 1222 1681 cautionem
1253 1636 1308 1680 ct
1339 1641 1458 1678 cum
1486 1624 1722 1678 Diacono
1745 1620 2003 1675 Alamodo
2024 1635 2116 1672 no-

536 1728 652 1771 slro
669 1726 722 1771 et
746 1731 866 1770 cum
890 1716 1108 1782 collegis
1130 1715 1324 1769 nostris
1349 1712 1656 1782 accepimus
1677 1711 1879 1766 solidos
1901 1719 2116 1764 centum

536 1804 746 1873 viginti,
779 1805 1002 1872 pretium
1031 1806 1221 1860 horum
1250 1805 1476 1858 lacuum.
1535 1805 1804 1868 Alterum,
1840 1801 2018 1854 simile
2049 1809 2119 1853 te-

538 1896 872 1962 stimonium,
903 1912 1060 1951 unam
1093 1896 1360 1966 gothieam
1392 1894 1837 1961 subscriptionem
1858 1893 2116 1952 continet,

536 2004 658 2057 qua:
683 1988 793 2044 fere
823 1989 901 2042 sic
929 1989 1087 2042 habet
1119 2004 1132 2041 :
1163 1987 1214 2040 ik
1242 1986 1452 2058 gudilub
1483 1984 1675 2038 diaknn
1723 1981 1798 2054 po
1826 1981 2116 2050 [rabuuhtm

537 2081 666 2132 bona
687 2080 708 2110 ‘
741 2082 871 2150 [ram
923 2080 1019 2132 mis
1057 2077 1336 2149 gauaurltta
1367 2075 1473 2148 [ius
1502 2075 1687 2128 diakun
1726 2073 1986 2126 alamoda.
2016 2071 2116 2139 lid-

537 2186 628 2224 vor
656 2170 883 2240 unkjana
913 2168 985 2241 (?)
1030 2169 1206 2238 hugsis
1235 2167 1518 2237 kaballarja
1546 2164 1642 2238 jah
1674 2164 1949 2232 killiggrms
1991 2162 2112 2230 .rlg.

537 2261 762 2314 auditam
797 2259 892 2332 Joh
917 2258 1189 2328 ufmclida,
1219 2259 1254 2312 i.
1282 2273 1333 2311 e.
1367 2273 1459 2327 ego
1487 2255 1712 2309 Gudtlnb
1742 2255 1988 2307 diaconus
2008 2254 2118 2305 Ιιαξο

541 2350 788 2416 vendidi;
852 2348 1079 2403 libellum
1131 2365 1162 2401 α
1196 2365 1275 2402 me
1316 2348 1412 2418 feci
1449 2347 1538 2400 tibi
1575 2347 1791 2399 diacono
1834 2346 2116 2408 Alamodo;

537 2451 753 2510 quatuor
797 2442 972 2494 uncias
1003 2441 1151 2510 fundi
1191 2440 1449 2494 Cabatiari
1479 2450 1526 2492 et
1566 2441 1754 2493 solidos
1791 2450 1991 2493 centum
2025 2441 2117 2492 tri-

538 2534 681 2602 ginta
701 2542 800 2587 tres
827 2535 999 2602 occepi
1024 2543 1070 2586 et
1115 2533 1408 2601 subscripsi.
1453 2533 1648 2586 llorum
1672 2532 2116 2587 documentorum

540 2624 689 2691 prius
716 2624 931 2691 Neapoli
961 2633 1286 2688 asset-vatur,
1319 2623 1547 2692 indeque
1577 2624 1793 2677 nomine
1823 2622 2118 2691 Neapolita-

538 2731 663 2768 num
723 2716 1076 2769 documentum
1135 2725 1353 2768 vocatur
1396 2729 1433 2768 ε·
1471 2715 1696 2768 alterum
1757 2714 1926 2768 Aretii
1987 2713 2115 2768 olim

535 2819 654 2862 erat
678 2804 720 2871 ³,
751 2816 1074 2876 quapropter
1098 2807 1364 2860 Aretinum
1395 2808 1752 2860 documentum
1778 2805 2112 2874 appellatur;

536 2908 822 2968 utrumque
850 2911 1025 2952 autem
1055 2897 1326 2961 Ravenna,
1359 2897 1446 2951 ubi
1471 2898 1724 2965 scriptum
1746 2905 1849 2962 est,
1880 2895 1934 2948 in
1957 2895 2114 2950 sedes

535 2991 864 3061 posteriores
895 2989 1160 3060 pervenit.
1207 2989 1278 3042 Ea
1311 2989 1472 3057 igitur
1517 2988 1717 3056 lingua,
1747 3001 1848 3056 qua
1892 2993 2113 3040 utuntur

540 3093 709 3138 testes
753 3083 848 3147 illi,
877 3095 998 3150 quae
1026 3081 1126 3134 alia
1171 3094 1292 3134 esse
1329 3087 1534 3148 potest,
1573 3078 1672 3133 nisi
1704 3078 1948 3147 golhica,
1991 3090 2110 3130 cum

535 3173 803 3229 Ravenna:
828 3172 983 3227 sedes
1014 3171 1208 3224 nullius
1235 3170 1408 3237 gentis
1433 3167 1774 3238 germanicaz,
1808 3168 1906 3220 nisi
1935 3165 2115 3236 gothi-

535 3281 635 3330 cae,
668 3266 961 3334 imperante
989 3261 1346 3324 Theoderico,
1372 3259 1531 3314 luerit
1555 3267 1608 3312 et
1634 3257 1686 3310 in
1717 3255 1939 3326 reliquis
1967 3256 2112 3310 litteo

536 3358 636 3421 ris,
681 3355 846 3409 latino
891 3368 1141 3408 sermone
1189 3351 1484 3419 conceptis,
1528 3358 1690 3402 testes
1737 3347 1812 3402 illi
1859 3361 2114 3416 expresse

537 3447 767 3517 gothirm
812 3445 1054 3500 ecclesiae
1099 3445 1405 3497 sacerdotes
1456 3439 1832 3510 appellentur?
1886 3439 1952 3492 Et
1991 3452 2110 3490 cum

537 3539 729 3592 horum
772 3537 1213 3590 documentorum
1262 3534 1440 3602 lingua
1484 3532 1694 3598 eadem,
1743 3545 1862 3600 quae
1914 3539 2111 3583 nostra:

535 3628 800 3683 versionis
830 3626 918 3691 sit,
951 3627 1063 3680 haec
1096 3627 1291 3688 versio,
1329 3626 1414 3680 cui
1445 3623 1532 3677 alii
1573 3623 1741 3692 genti,
1775 3623 1872 3676 nisi
1903 3621 2108 3686 Gothis,

541 3715 819 3771 tribuenda
862 3717 985 3770 est?
1021 3717 1238 3770 Accedit
1275 3715 1414 3768 aliud
1456 3714 1614 3768 etiam
1662 3713 1822 3783 idque
1861 3713 2114 3782 gravissi-

537 3823 684 3862 mum
712 3816 1080 3876 argumentum
1111 3821 1128 3859 :
1169 3806 1233 3857 ad
1266 3807 1426 3859 linem
1468 3808 1610 3859 enim
1655 3805 1855 3858 codicis
1894 3805 2114 3858 alterius

539 3895 1014 3951 Ambrosianorum
1047 3894 1091 3960 ⁸,
1148 3894 1340 3963 quibus
1377 3895 1722 3961 epistolarum
1772 3893 2109 3948 Paulinartnn

537 3991 830 4059 fragmenta
879 3988 1242 4053 continentur,
1291 3988 1651 4042 calendarium
1677 3987 1915 4042 additum
1956 3997 2036 4041 cst
2067 3989 2108 4055 ⁸,

536 4083 592 4134 in
608 4095 713 4149 quo
732 4079 847 4133 dies
869 4079 988 4133 le‘sti
1010 4087 1064 4133 et
1083 4078 1243 4144 sacri,
1266 4093 1295 4133 a
1323 4080 1694 4134 communibus
1715 4080 1873 4148 paulo
1889 4079 2112 4146 diversi,

537 4179 811 4224 notantur.
856 4169 1229 4238 Fragmentum
1261 4169 1418 4238 hujus
1453 4169 1737 4224 mlendarii
1775 4170 1852 4224 sic
1879 4170 2064 4238 incipit
2095 4187 2108 4224 :

539 4261 642 4329 Δί).
676 4257 794 4329 [me
821 4275 921 4313 anu
947 4255 1226 4329 gntbiudai
1264 4260 1561 4330 managnize
1585 4269 1807 4329 marytrc
1821 4260 1922 4330 jalt
1942 4258 2114 4330 [ripa-

535 4351 714 4406 reikeis
742 4351 764 4383 ⁸
812 4353 850 4406 i.
897 4366 945 4406 e.
981 4367 1106 4404 xxnt
1175 4351 1387 4420 (intell.
1428 4353 1556 4421 die)
1612 4351 1792 4406 horum
1845 4354 1898 4406 in
1942 4353 2112 4423 gntica

534 4454 681 4515 gente
710 4444 985 4498 nnt'torum
1029 4454 1309 4515 martyrum
1352 4453 1399 4497 et
1448 4441 1750 4497 Fritharici.
1798 4443 1948 4498 Unzle
1995 4443 2111 4498 sole

534 4534 732 4587 clarius
757 4533 949 4600 elucet,
970 4535 1184 4603 gntieze,
1217 4533 1254 4587 i.
1287 4548 1338 4588 e.
1366 4532 1594 4604 gethicze
1625 4533 1767 4603 genti
1800 4533 1900 4587 hoc
1928 4535 2107 4586 calen-

535 4624 741 4676 darium
785 4625 1134 4692 compositum
1176 4623 1418 4694 adeoque
1459 4639 1564 4679 non
1605 4626 1704 4678 alia
1753 4625 1852 4678 nisi
1895 4625 2107 4694 gothica

537 4716 713 4784 lingua
739 4715 1097 4782 consetiptum
1122 4727 1262 4781 esse,
1294 4726 1491 4771 etcum
1522 4717 1609 4770 hic
1649 4717 1808 4769 etiam
1839 4717 2106 4781 eamdem,

534 4822 693 4873 quam
725 4807 776 4859 in
804 4807 1049 4861 versione
1075 4817 1253 4862 nostra
1297 4807 1525 4875 linguam
1567 4807 1890 4871 habeamus,
1918 4821 2108 4862 omnes

606 4919 623 4951 ί
662 4919 794 4990 ννὶιι.
825 4919 1010 4973 Zahnii
1047 4921 1254 4974 Einleit.
1289 4939 1339 4986 p.
1370 4921 1441 4975 76
1469 4937 1548 4990 sq.
1607 4923 1704 4976 Eas
1739 4923 1890 4975 initio
1920 4923 2103 4976 saucu'i

537 4989 675 5062 sexti
711 4991 936 5062 scriptas
959 5004 1080 5045 esse
1106 4990 1397 5062 Grinnnius
1436 4989 1672 5046 Graium.
1700 4997 1848 5062 prter.
1881 5008 1932 5061 p.
1967 5008 2105 5047 xun

539 5061 693 5130 (edit.
712 5059 941 5130 prioris)
971 5061 1294 5130 suspicatur.

607 5130 627 5160 '
680 5129 892 5201 Massrn.
921 5127 1270 5201 ’(Die’_gotli.
1329 5128 1563 5184 Urkund.
1611 5147 1727 5201 oon
1780 5131 1994 5199 Neapet.
2051 5148 2104 5185 ιι.

535 5203 750 5264 Arczso,
790 5197 1001 5254 Vienna:
1027 5197 1251 5269 1858,p.
1277 5202 1366 5267 t8)
1393 5215 1488 5268 pro
1519 5199 1790 5269 {rabauhta
1813 5197 1941 5253 boka
1971 5201 2108 5255 male

531 5270 756 5341 jnnetirn
784 5270 970 5341 scribit
995 5270 1394 5338 frabaulitaboka
1436 5271 1539 5341 (sic
1564 5286 1682 5326 esse
1729 5271 1958 5325 dehebat
1999 5275 2108 5340 fra-

535 5339 887 5409 oaulniboka),
913 5353 1386 5412 nequepropterea
1413 5339 1532 5411 ejus
1562 5341 1931 5412 interpretatio
1953 5339 2108 5410 hujus

536 5412 865 5464 monumenti
897 5410 1106 5478 probari
1137 5420 1327 5478 potest.

604 5478 628 5512 ⁸
658 5480 874 5534 Massm.
925 5479 974 5551 Ι.
1012 5479 1046 5530 l.
1082 5493 1131 5546 p.
1170 5495 1198 5531 x
1238 5480 1349 5551 qui
1379 5481 1778 5551 inscriptionem
1812 5481 1955 5535 illam
1985 5497 2106 5536 cum

539 5552 759 5622 reliquis
774 5549 1037 5622 emendat
1059 5563 1146 5614 ns,
1191 5563 1284 5616 pro
1321 5549 1561 5605 doctrina
1589 5566 1705 5618 sua,
1746 5551 2002 5622 singulari
2047 5552 2108 5608 li-

538 5621 678 5674 hello
701 5621 942 5673 editurus
967 5629 1072 5673 est.

610 5693 626 5719 "'
658 5691 714 5741 ὃ.
747 5690 817 5742 56
863 5699 996 5758 part.
1059 5702 1204 5753 sup.,
1261 5703 1418 5755 quem
1449 5689 1840 5743 Castilliontens
1902 5692 1951 5746 in
2011 5708 2103 5747 sua

539 5759 771 5815 editione
802 5768 854 5810 et
882 5769 1000 5830 post
1040 5772 1160 5810 eunt
1194 5774 1290 5812 nos
1323 5759 1493 5814 litteta
1524 5763 1564 5812 A
1591 5771 1910 5815 nutavanus.

1636 327 1999 386 BlBLlORUM
2043 325 2379 383 L'LFILANA
2423 328 2694 386 VERSIO.
3631 347 3716 403 ws

2219 442 2506 497 concidunt
2531 443 2890 499 dubitationes
2921 444 2986 498 de
3025 444 3227 514 origine
3265 461 3378 502 vere
3414 453 3596 517 golhica
3621 474 3717 513 ver-

2221 531 2391 586 slonis
2439 531 2593 602 ejus,
2655 548 2775 602 quae
2816 533 3042 602 gothicaz
3090 534 3296 590 nomine
3339 538 3662 600 circumfertur
3681 551 3716 602 '.

2222 619 2424 686 Quibus
2445 625 2774 691 argumentis
2791 625 3020 693 denique
3041 625 3143 679 hoc
3163 625 3394 693 addatur,
3419 636 3559 687 etiam
3579 636 3718 695 locum

2223 720 2435 766 exstare
2461 713 2512 765 in
2539 712 2636 766 hac
2657 714 2924 776 versione,
2945 730 3008 768 ex
3032 731 3137 782 quo
3162 716 3485 785 interpretem
3511 723 3722 784 Arianum

2227 801 2391 857 luisse
2434 803 2765 873 intelligitur,
2794 805 2882 858 cui
2912 813 3075 858 secta;
3113 815 3301 871 praater
3337 807 3522 864 Gothos
3557 817 3722 872 nullam

2223 895 2380 949 aliam
2426 896 2784 964 germanicam
2829 906 3042 966 gentem
3088 897 3370 954 adhaesisse
3412 902 3536 957 inter
3573 923 3728 965 omnes

2221 994 2451 1041 constat.

2293 1075 2417 1130 llazc
2461 1078 2504 1130 si
2550 1091 2673 1130 vere
2716 1085 2842 1130 sunt
2883 1076 3173 1146 disputata,
3221 1093 3323 1132 non
3367 1080 3564 1136 dubium
3589 1086 3733 1143 adhuc

2221 1165 2344 1229 erit,
2387 1180 2453 1218 an
2487 1166 2603 1220 haec
2634 1167 2806 1231 lingua
2849 1169 3156 1234 germanica
3196 1168 3297 1231 sit;
3328 1171 3410 1238 qui
3449 1173 3728 1230 theodiscata

2222 1270 2343 1310 esse
2368 1270 2485 1310 eam
2531 1257 2830 1320 voluerunt,
2869 1258 3008 1310 idem
3057 1258 3382 1313 contendunt
3418 1277 3514 1316 non
3543 1265 3629 1317 nisi
3653 1283 3730 1319 no—

2221 1350 2365 1403 mine
2404 1349 2688 1404 variantes.
2723 1349 2884 1405 Gothi
2915 1351 3058 1404 enim
3099 1350 3197 1416 ipsi
3228 1351 3270 1405 si
3301 1354 3500 1408 natione
3526 1355 3734 1412 Germani

2220 1443 2464 1509 luerunt,
2498 1443 2548 1496 id
2589 1442 2729 1511 quod
2777 1443 3082 1496 testimonio
3121 1445 3435 1512 scriptorum
3465 1455 3737 1503 velerumet

2219 1533 2595 1602 inquilinorum
2631 1541 2687 1586 et
2729 1532 2954 1587 aliorum
2983 1533 3380 1603 comprobatur,
3409 1536 3556 1589 etiam
3583 1553 3734 1590 eorum

2219 1639 2398 1680 sermo
2421 1624 2486 1678 ad
2512 1627 2846 1694 germanicas
2873 1625 3081 1696 linguas
3109 1629 3420 1695 pertinuerit
3438 1643 3631 1682 necesse
3653 1642 3735 1684 est.

2219 1711 2470 1769 Ceterum
2503 1714 2588 1768 hic
2616 1729 2797 1770 sermo
2819 1716 3215 1784 ostrogothieus
3241 1731 3306 1770 an
3329 1717 3666 1785 visigothicus,
3686 1735 3740 1774 an

2221 1807 2636 1875 mtesogothicus
2668 1807 3024 1862 nominandus
3060 1809 3151 1874 sit,
3186 1824 3288 1864 non
3331 1813 3614 1878 quaerimus.
3641 1827 3736 1878 per-

2220 1911 2434 1952 suasum
2479 1897 2762 1965 habentes,
2793 1899 3043 1954 omnibus
3078 1900 3270 1955 Gothis
3307 1901 3539 1955 eumdem
3576 1916 3746 1956 sermo.

2220 2002 2362 2053 nem,
2395 1989 2536 2056 quod
2580 1990 2687 2043 alio
2720 1991 2840 2044 loco
2881 1990 3398 2058 demonstrabimus,
3439 1980 3743 2064 eamdemque

2219 2079 2502 2133 bibliorum
2535 2081 2834 2136 versionem
2861 2081 3044 2136 fuisse.

2292 2173 2476 2226 Restat
2516 2181 2573 2226 ut
2613 2172 2681 2227 de
2723 2174 3026 2242 integritate
3067 2174 3308 2229 Ullilanze
3353 2175 3593 2230 versionis
3627 2175 3744 2229 dicae

2220 2278 2370 2325 mus;
2403 2263 2613 2317 fuerunt
2636 2265 2804 2329 enim,
2835 2265 2923 2333 qui
2957 2277 3195 2318 nostram
3228 2267 3518 2319 versionem
3541 2281 3651 2320 vere
3675 2265 3747 2320 lil-

2219 2353 2320 2407 lila:
2362 2369 2484 2410 esse
2523 2353 2857 2418 dubitantes,
2899 2370 2968 2408 an
3009 2355 3128 2408 aliis
3173 2356 3434 2424 theologis
3481 2357 3745 2423 posterioris

2219 2447 2474 2516 temporis
2496 2447 2772 2501 tribuenda
2802 2456 2965 2514 esset,
2992 2447 3376 2516 quasiverunt.
3403 2447 3455 2500 In
3481 2447 3558 2500 his
3580 2447 3747 2513 primas

2219 2537 2316 2590 luit
2346 2535 2620 2591 Ilickesius
2645 2538 2687 2601 ⁸,
2733 2551 2892 2606 quem
2936 2538 3107 2590 virum
3133 2537 3350 2590 doctum
3379 2539 3591 2589 maxime
3613 2535 3750 2587 otTen-

2217 2627 2313 2687 dit,
2334 2626 2474 2696 quod
2499 2635 2678 2681 nostra
2702 2625 2995 2696 fragmenta
3025 2642 3147 2680 cum
3170 2627 3442 2680 codicibus
3464 2625 3623 2678 latinis
3643 2638 3748 2677 eoa-

2219 2719 2498 2784 sent‘rent,
2545 2732 2770 2787 quorum
2797 2718 2950 2785 copia
2973 2732 3091 2771 cum
3123 2717 3304 2772 Gotho
3351 2717 3402 2770 in
3435 2717 3600 2771 llmsia
3629 2715 3747 2767 hahi~

2219 2809 2350 2862 tanti
2379 2810 2464 2862 vix
2489 2817 2650 2874 esset,
2688 2809 2823 2863 haud
2853 2809 3012 2863 dubie
3033 2824 3218 2878 grzeco
3249 2809 3522 2863 bibliorum
3547 2805 3751 2873 exemplo

2217 2898 2292 2954 uti
2321 2899 2608 2964 debuisse;
2661 2899 2856 2954 deinde
2877 2899 3018 2969 quod
3057 2900 3208 2954 nulla
3240 2915 3382 2954 nunc
3407 2899 3655 2953 arianismi
3681 2912 3752 2949 ve-

2218 2988 2373 3058 stigia
2399 2999 2744 3058 apparerent,
2775 3005 2893 3059 quae
2923 3005 3042 3042 cum
3075 2987 3268 3044 Ullilas
3308 3004 3426 3043 cum
3457 2989 3628 3044 Gothis
3661 2986 3751 3039 suis

2216 3077 2537 3132 Arianorum
2582 3081 2808 3134 haeresin
2856 3086 3170 3148 sequeretur
3223 3081 3268 3141 ’.
3335 3080 3604 3145 conspicua
3655 3091 3752 3130 esse

2219 3167 2498 3235 deberent,
2543 3169 2587 3222 si
2609 3169 2729 3238 jure
2757 3169 2802 3222 ei
2836 3168 2947 3222 hinc
2973 3169 3149 3222 versio
3185 3169 3522 3224 tribueretur.
3550 3165 3641 3220 Sed
3679 3178 3753 3216 ne-

2217 3257 2322 3331 que
2349 3273 2585 3316 nostram
2629 3261 2928 3316 versionem
2957 3276 2988 3315 e
3017 3261 3200 3315 latinis
3234 3262 3384 3315 libris
3413 3260 3633 3314 haustam
3657 3271 3756 3310 esse

2217 3352 2352 3406 infra
2382 3352 2889 3416 demonstrabimus,
2927 3366 3099 3424 neque
3128 3351 3500 3420 intelligimus,
3530 3363 3614 3402 cur
3638 3345 3754 3399 Aria-

2215 3459 2404 3499 norum
2423 3444 2703 3512 Opiniones
2727 3445 2776 3497 itt
2799 3458 2860 3498 ea
2889 3443 3064 3497 inesse
3083 3453 3372 3508 oporteat;
3397 3457 3515 3495 nam
3541 3453 3628 3493 nec
3647 3448 3756 3490 tem-

2217 3550 2332 3606 pus,
2363 3549 2469 3604 quo
2496 3533 2686 3590 Uliilas
2711 3551 2741 3589 a
2762 3535 3021 3590 catholica
3049 3534 3150 3588 lide
3185 3535 3254 3589 ad
3289 3536 3509 3590 Arianos
3528 3545 3634 3586 sese
3651 3542 3756 3582 cou-

2215 3626 2394 3690 vertit,
2428 3640 2527 3680 nec
2551 3641 2658 3694 quo
2684 3626 2886 3680 litteras
2915 3640 3094 3680 sacras
3127 3625 3432 3688 transtulit,
3459 3631 3628 3676 notum
3652 3627 3719 3672 est
3744 3633 3757 3668 :

2215 3716 2443 3770 fortasse
2473 3717 2784 3785 priusquam
2810 3715 2875 3770 ad
2922 3716 3067 3769 illam
3119 3717 3374 3770 ha-resim
3413 3713 3644 3780 delapsus
3675 3715 3755 3768 esi.

2216 3807 2710 3876 interpretationem
2741 3822 2891 3860 suam
2919 3808 3173 3869 coalecit,
3229 3816 3324 3860 aut
3353 3803 3494 3874 quod
3526 3799 3674 3856 multo
3695 3803 3761 3848 est

2216 3897 2544 3965 prebahilius
2568 3937 2584 3962 ,
2616 3896 2776 3951 Gonhi
2808 3912 2912 3950 non
2955 3906 3098 3950 tanta
3142 3897 3408 3964 religione
3437 3892 3553 3947 lidei
3579 3898 3628 3944 et
3651 3902 3757 3940 cou-

2216 3988 2464 4044 fessionis
2493 3989 2744 4042 minutias
2789 3987 2940 4041 initio
2983 3989 3175 4040 sectati
3210 3987 3502 4051 videntur,
3529 3989 3584 4034 ut
3621 3977 3688 4032 vel
3719 3976 3763 4027 iu

2216 4079 2375 4134 biblia
2405 4093 2496 4133 eas
2525 4077 2833 4143 intulerint,
2875 4092 3008 4146 quas
3034 4078 3085 4130 in
3117 4077 3422 4147 archetypo
3448 4089 3551 4129 non
3578 4072 3761 4125 invene-

2213 4179 2356 4225 runt.
2387 4169 2608 4224 Accedit
2631 4169 2771 4236 quod
2800 4185 2864 4224 ex
2905 4169 2968 4222 iis
3001 4169 3342 4236 fragmentis,
3371 4182 3487 4236 qua:
3513 4166 3564 4218 in
3605 4161 3759 4214 codice

2215 4260 2488 4330 Argenteo
2515 4261 2879 4324 continentur,
2909 4259 3086 4312 nullus
3114 4259 3271 4313 locus
3301 4259 3582 4326 reperitur,
3603 4255 3660 4306 de
3679 4262 3763 4316 quo

2215 4351 2396 4406 Ariani
2425 4364 2548 4404 cum
2579 4350 2904 4403 Orthodoxis
2948 4350 3348 4418 discreparent.
3397 4347 3622 4402 Z~huzus
3648 4342 3683 4373 "
3711 4340 3764 4392 ad

2213 4460 2329 4502 rem
2371 4444 2746 4500 declarandam
2776 4446 2881 4498 duo
2909 4445 3249 4513 potissimum
3285 4445 3400 4499 loca
3424 4483 3440 4508 ,
3473 4443 3662 4498 initium
3687 4437 3762 4489 Jo-

2213 4537 2368 4590 annei
2396 4535 2657 4604 evangelii
2684 4545 2736 4589 et
2763 4535 2918 4588 Rom.
2954 4551 3026 4598 Ix,
3060 4535 3090 4589 ὅ
3121 4535 3400 4605 inSpicere
3426 4535 3640 4601 optavit,
3664 4540 3765 4597 quo-

2215 4641 2329 4679 rnnt
2364 4625 2603 4678 locorum
2627 4624 2852 4678 alterum
2885 4641 3027 4680 nunc
3056 4625 3323 4680 habemus
3357 4643 3372 4676 :
3399 4625 3586 4678 zrt'sttts
3609 4619 3699 4672 suci
3715 4619 3767 4665 ist

2213 4718 2328 4788 μίαν
2356 4717 2532 4770 allaim
2560 4704 2672 4788 ῥυρ
2699 4715 2938 4789 piaptps
2976 4720 3029 4771 in
3067 4719 3262 4772 uittam.
3289 4716 3443 4784 Quod
3466 4716 3509 4768 si
3533 4713 3644 4782 quis
3669 4706 3767 4762 inde

2212 4807 2416 4862 Gothos
2435 4817 2526 4860 aut
2554 4808 2902 4876 interpretem
2932 4823 3036 4862 non
3063 4807 3302 4863 Arianos
3327 4807 3492 4861 fuisse
3510 4803 3766 4870 colligerel.

2287 4923 2306 4952 ⁸
2342 4921 2459 4992 ιξιιι.
2491 4921 2784 4976 (Σειειίηἰιιιι.
2820 4923 3042 4990 Specim.
3079 4939 3132 4992 p.
3166 4922 3241 4977 26
3267 4939 3351 4989 sq.

2284 4992 2304 5022 ⁶
2349 4991 2553 5047 Cistill.
2634 4994 2772 5046 male
2853 4997 3145 5061 ntadngrize
3195 5006 3253 5048 et
3313 4991 3513 5046 librarii
3563 4997 3769 5061 ρηρτεηε

2212 5061 2645 5133 frt'ftrreikeikeis,
2705 5063 2905 5130 syllaha
2958 5050 3034 5117 ιςέὲ
3079 5063 3218 5118 falso
3263 5062 3531 5131 duplicata
3557 5055 3678 5127 (ad.
3716 5050 3770 5102 αει

2215 5131 2407 5184 Matth.
2441 5148 2514 5192 xl.
2546 5133 2632 5200 16)
2669 5134 2855 5186 edidit.

2283 5203 2302 5232 ⁷
2329 5202 2410 5254 Cl.
2444 5202 2836 5271 Aschbachinm
2869 5203 2906 5257 l.
2934 5203 2995 5267 1.,
3027 5219 3077 5271 p.
3107 5203 3202 5259 38.

2281 5272 2303 5343 ἒ
2337 5269 2838 5343 Yid._liistitntiones
2861 5262 3201 5343 gramfangl.
3237 5279 3434 5343 sanet
3463 5262 3733 5343 ntasogotit.

2283 5342 2305 5374 ο
2341 5341 2422 5394 Cl.
2447 5340 2515 5394 de
2553 5356 2616 5395 ea
2651 5357 2708 5396 re
2741 5329 2956 5409 copiose
2978 5329 3319 5397 disserentes
3367 5329 3668 5406 llenpclitnn
3689 5333 3718 5384 l.
3739 5329 3769 5381 I.

2215 5427 2264 5480 ρ.
2305 5409 2388 5466 Η.
2422 5410 2760 5480 Essberginm
2787 5412 2870 5467 l5.
2907 5412 3218 5466 Kttillcllultt
3250 5428 3305 5478 p.
3335 5411 3475 5480 449.
3496 5409 3767 5480 Natisone!!!

2211 5467 2396 5534 Gesch.
2426 5480 2518 5533 der
2550 5467 2827 5549 Ostgotlten
2861 5497 2910 5550 p.
2938 5484 2990 5536 9.
3029 5467 3434 5535 Ascltbacltiuni
3467 5479 3500 5533 l.
3542 5476 3672 5550 l.,__p.

2211 5568 2292 5615 sq.
2319 5549 2390 5604 cl'.
2424 5565 2475 5617 p.
2509 5550 2612 5604 922
2640 5537 2724 5616 sq.
2775 5537 2990 5606 Massm.
3023 5551 3194 5606 Skcir.
3239 5568 3294 5618 p.
3337 5554 3407 5604 69
3443 5564 3558 5618 sqq.
3582 5537 3766 5618 liastill.

2213 5613 2437 5692 Ea‘rnrsI
2474 5620 2540 5672 ad
2594 5613 2825 5692 Philipp.
2859 5621 2924 5688 2,
2964 5624 3044 5677 l6.
3093 5638 3146 5690 p.
3203 5613 3277 5676 63
3316 5635 3440 5690 sqq.
3471 5613 3540 5671 cf.
3572 5613 3768 5680 Spain.

2215 5691 2376 5759 prttel'.
2395 5704 2445 5754 ι).
2480 5704 2570 5742 XIII
2593 5704 2711 5757 ειμι.

2285 5761 2324 5792 ⁸ο
2355 5758 2506 5813 [inde
2530 5770 2567 5811 t.
2603 5779 2652 5830 p.
2683 5762 2771 5816 57.
