3948 6170
208 364 286 420 ιϐθ

206 468 514 546 properantius
537 473 742 536 ageret,
771 481 893 522 nam
913 476 971 522 ut
995 467 1259 537 interpres
1287 467 1403 540 gap
1425 482 1484 523 re
1509 482 1637 522 vera
1663 467 1728 520 ad

203 567 421 620 Christum
448 559 706 626 retulerit,
745 575 1068 631 quamquam
1100 559 1150 615 id
1191 575 1298 614 non
1325 574 1463 628 opus
1483 574 1603 615 esse
1627 558 1725 614 viri

200 655 312 712 docti
335 654 392 708 ad
415 652 466 708 h.
495 651 530 706 l.
554 651 870 716 docuerunt,
908 651 1197 706 tenendum
1223 660 1326 716 est,
1360 651 1590 706 Arianos
1619 666 1724 706 non

199 745 477 802 divinitatem
500 741 722 810 Christi,
745 743 840 798 sed
871 743 1067 798 Christi
1099 757 1218 798 cum
1251 744 1362 799 Deo
1387 753 1538 812 patre
1576 743 1727 813 quasi

198 835 475 891 identitatem
501 833 804 903 negavisse,
843 843 913 888 ιιι·
931 833 1045 888 Arii
1071 843 1306 890 sectator
1331 836 1415 890 vel
1445 836 1729 891 severissi-

197 942 290 982 mus
313 928 372 980 ita
391 924 619 980 scribere
658 935 863 994 posset,
895 927 970 981 uti
999 936 1186 981 auctor
1211 927 1560 996 expositionis
1585 927 1728 983 illius

195 1019 352 1086 saepius
395 1015 563 1070 citatas
592 1016 612 1047 ¹
655 1013 938 1068 ainabaura
977 1033 1139 1071 stmau
1177 1016 1319 1088 gups
1347 1017 1461 1088 gul)
1490 1017 1728 1071 visandt'n

195 1114 290 1183 (soli
313 1113 408 1168 fil'o
428 1111 537 1181 Dei,
551 1108 697 1166 Deus
719 1112 1042 1181 exsistenti).
1069 1111 1253 1180 Neque
1275 1127 1394 1167 eam
1423 1113 1490 1167 ob
1510 1127 1726 1168 causam

195 1207 332 1273 locus,
369 1204 450 1258 diu
489 1203 1012 1270 desideratissimus,
1057 1204 1294 1258 Timoth.
1335 1205 1372 1269 l,
1419 1221 1498 1272 ιιι,
1550 1206 1618 1260 t6
1660 1206 1727 1261 ad

191 1298 492 1368 quaestionem
527 1295 917 1366 proﬂigandam
950 1295 1095 1356 facit,
1124 1297 1210 1349 ubi
1236 1297 1397 1351 etiam
1419 1296 1487 1351 de
1514 1294 1729 1350 Christo

191 1389 282 1461 gap
303 1386 614 1460 gabairlur'ps
645 1404 732 1442 nas
768 1387 981 1447 iuleika
1012 1388 1208 1442 dicitur
1233 1391 1285 1453 ’ς
1317 1403 1414 1443 nec
1435 1387 1574 1457 quod
1601 1386 1726 1442 Cas-

192 1480 431 1535 tillionaeus
462 1479 533 1534 ad
573 1479 846 1550 gathicam
878 1481 1184 1533 versionem
1219 1477 1579 1533 Itetcrodoxize
1625 1477 1732 1530 cri-

189 1573 305 1626 mine
332 1570 648 1626 liberandam
675 1569 883 1626 Coloss.
916 1587 954 1637 t,
1006 1571 1074 1625 16
1102 1570 1360 1635 laudavit,
1389 1570 1520 1625 satis
1545 1569 1731 1624 mirari

189 1673 443 1729 possumus.
486 1659 640 1716 Unus
669 1660 1040 1716 tantummodo
1069 1662 1217 1715 locus
1261 1669 1366 1728 est,
1397 1675 1426 1714 a
1456 1659 1729 1715 Castillio-

189 1767 281 1806 na-o
297 1753 398 1822 jam
441 1753 732 1820 indicatus,
762 1770 830 1810 ex
867 1769 976 1824 quo
1018 1754 1330 1823 interpretis
1382 1755 1551 1810 nostri
1591 1755 1730 1809 aria-

188 1845 354 1899 nismus
391 1845 672 1916 perspicue
709 1846 1088 1916 cognoscitur;
1137 1847 1366 1914 Philipp.
1409 1847 1553 1900 enim
1593 1862 1651 1910 ιι,
1697 1847 1730 1901 6

185 1935 344 2002 legitur
365 1953 380 1991 :
401 1939 453 1990 in
477 1938 682 1991 cristati
716 1939 848 1992 iesu.
878 1938 982 1991 suci
1009 1940 1062 1991 in
1093 1936 1494 2008 gupaskauneiu
1525 1937 1736 1991 nisands

185 2025 226 2077 ai
240 2026 366 2079 vulva
390 2026 613 2080 raltns'da
639 2028 781 2081 eisan
811 2026 888 2082 sik
909 2027 1013 2100 gal
1023 2029 1077 2081 ei
1092 2029 1164 2082 Iro
1187 2026 1354 2099 grtpa.
1377 2026 1494 2093 Quo
1516 2025 1731 2097 quidem

184 2117 277 2172 loco
309 2118 676 2174 Massmannus
703 2120 880 2178 Skeir.
925 2136 979 2190 p.
1009 2123 1098 2189 75,
1137 2122 1227 2191 qui
1253 2120 1522 2175 samalet'ks
1562 2129 1615 2175 et
1640 2135 1736 2190 ga-

185 2209 284 2264 leis:
307 2225 403 2266 non
432 2220 586 2268 recte
613 2211 965 2278 distinxisset,
995 2214 1343 2268 arianismum
1379 2212 1592 2281 probari
1635 2227 1730 2265 nec

180 2303 314 2368 gavit,
332 2302 420 2358 sed
449 2303 852 2360 Castillionaaus
877 2304 931 2359 in
958 2306 1221 2375 epirnetro
1245 2304 1490 2374 cpistola:
1519 2303 1586 2358 ad
1613 2304 1736 2358 Plii-

181 2393 410 2463 lippenses
432 2397 626 2452 addito
654 2412 707 2468 p.
739 2398 810 2452 63
843 2411 961 2468 sqq.
995 2398 1249 2466 praeclare
1287 2398 1356 2452 de
1390 2413 1456 2453 eo
1481 2397 1736 2453 disseruit

178 2501 370 2558 eumque
388 2488 654 2544 exhibere
670 2498 1067 2558 argumentum,
1093 2489 1440 2558 interpretem
1462 2489 1733 2558 gotlticum

180 2579 251 2646 qui
273 2579 674 2634 similitudinem
702 2594 800 2649 pro
824 2581 1133 2650 aequalitate
1162 2579 1423 2648 posuerit,
1458 2579 1737 2635 arianismi

182 2669 397 2736 placitum
427 2670 478 2725 in
504 2680 718 2726 textum
747 2671 994 2726 intulisse
1021 2670 1226 2726 docuit.

236 2758 413 2815 Contra
453 2761 754 2817 Knittelius
794 2761 970 2818 Ullilre
1011 2761 1178 2828 ipsius
1207 2777 1330 2818 esse
1353 2771 1598 2818 nostram
1621 2777 1739 2818 ver-

177 2849 354 2907 sionem
369 2855 704 2910 contendens
741 2853 882 2910 haud
905 2853 1113 2910 felicius
1137 2869 1352 2910 causam
1373 2871 1525 2912 suam
1553 2855 1736 2926 agit';

179 2941 294 3010 quod
319 2944 455 2999 enim
481 2945 639 3013 dicit,
671 2945 958 3002 Ullilanam
1003 2959 1124 3001 esse
1147 2955 1422 3015 oportere,
1452 2955 1740 3016 propterea

178 3032 294 3100 quod
314 3036 447 3104 apud
474 3037 777 3105 scriptorcs
805 3036 1009 3092 nullius
1039 3035 1140 3091 nisi
1169 3036 1343 3093 Ulﬁlm
1370 3037 1510 3092 sacri
1538 3036 1740 3092 codicis

145 3193 151 3200 η
177 3125 326 3178 versio
343 3137 827 3195 commemoretur,
849 3143 954 3183 non
976 3129 1357 3194 consideravit,
1376 3143 1533 3199 quam
1553 3143 1738 3198 parum

174 3216 422 3282 gravitatis
447 3219 499 3272 in
541 3228 863 3288 argumenta
892 3233 924 3273 e
953 3217 1274 3288 scriptorum
1322 3218 1554 3274 silentiis
1583 3217 1739 3286 ducta

174 3307 441 3375 redundet;
470 3318 527 3367 et
568 3311 619 3376 si
654 3324 744 3366 res
781 3311 1177 3366 ecclesiasticas
1214 3310 1515 3367 Gothorum
1557 3325 1589 3364 a
1629 3311 1743 3366 suis

174 3398 502 3467 scriptoribus
544 3402 750 3458 relatas
793 3401 1133 3468 haberemus,
1178 3413 1273 3459 aut
1315 3403 1383 3459 de
1420 3404 1488 3459 iis
1532 3403 1586 3460 in
1625 3405 1744 3460 aliis

173 3486 490 3549 historiarum
511 3493 854 3564 gotbicarum
875 3494 1025 3550 libris
1043 3495 1261 3565 copiose
1284 3504 1557 3551 narratum
1578 3504 1740 3560 esset,

174 3580 420 3639 silentium
467 3585 538 3640 de
586 3596 847 3640 renovata
893 3584 1338 3655 interpretatione
1393 3584 1741 3652 oﬂenderet;

173 3685 296 3728 nunc
316 3685 518 3741 autem,
552 3690 678 3731 cum
701 3675 964 3745 ejusmodi
998 3676 1200 3731 mentio
1229 3690 1334 3730 non
1365 3675 1476 3745 flat,
1503 3675 1627 3732 inde
1657 3679 1741 3730 in-

176 3762 436 3833 telligimus
456 3768 796 3836 posteriores
812 3769 1134 3837 interpretes
1151 3782 1323 3836 neque
1341 3766 1551 3835 publice
1571 3781 1744 3837 neque

171 3867 297 3909 certo
322 3866 572 3929 tempore
603 3873 739 3928 Opus
774 3857 990 3924 fecisse,
1030 3858 1125 3914 sed
1165 3858 1421 3928 deinceps
1451 3857 1524 3912 ita
1546 3901 1561 3925 ,
1594 3869 1651 3912 ut
1677 3859 1745 3913 ab

173 3945 274 4000 aliis
299 3949 400 4005 alia
427 3959 795 4006 mutarentur.
827 3951 1034 4006 Revera
1077 3950 1374 4021 fragmenta
1406 3950 1471 4005 ad
1504 3959 1743 4006 nostram

170 4044 361 4092 etatem
385 4049 612 4096 servrata
643 4056 764 4096 esse
791 4039 932 4096 illius
953 4043 1240 4111 versionis,
1270 4058 1428 4113 quam
1467 4042 1654 4098 Ullilas
1679 4059 1743 4098 ex

173 4127 476 4195 scriptorum
507 4132 823 4186 testimonio
848 4129 1104 4200 confecit,
1131 4140 1225 4186 aut
1242 4133 1515 4188 al‘lirmare
1539 4141 1633 4187 aut
1653 4147 1744 4188 ne-

168 4228 281 4282 gare
304 4219 522 4276 difficile
553 4220 772 4291 quidem
808 4229 910 4276 est.
957 4221 1233 4277 Versionis
1273 4222 1418 4276 illius
1449 4222 1502 4276 in
1529 4221 1744 4291 gothica

171 4311 377 4365 ecclesia
409 4313 792 4369 auctoritatem
823 4314 989 4371 fuisse
1009 4328 1291 4385 magnam,
1317 4315 1440 4370 huic
1463 4315 1542 4371 rei
1570 4324 1624 4370 et
1649 4313 1745 4369 Ul-

172 4399 262 4455 tlla:
299 4407 625 4472 auctoritas,
668 4421 771 4476 qua
800 4405 941 4476 apud
981 4420 1109 4462 suos
1145 4406 1330 4477 viguit,
1372 4415 1427 4462 ct
1454 4407 1558 4463 hoc
1585 4406 1745 4462 etiam

171 4509 472 4563 argumento
492 4512 606 4566 est,
635 4504 774 4572 quod
809 4503 1006 4558 nullius
1034 4503 1170 4558 alius
1199 4517 1364 4572 opera
1394 4503 1446 4558 in
1474 4503 1746 4572 interpre-

172 4589 314 4644 tanda
339 4593 506 4650 biblia
531 4595 776 4664 impensa
800 4611 829 4649 a
853 4610 1030 4651 rerum
1053 4595 1404 4665 scriptoribus
1427 4609 1749 4650 commemo-

172 4690 323 4737 ratur.
369 4688 503 4750 Qua:
544 4688 839 4742 auctoritas
868 4697 1048 4743 autem
1080 4690 1124 4742 si
1164 4695 1309 4742 tanta
1337 4686 1456 4752 fuit,
1479 4684 1606 4756 quid
1635 4694 1753 4740 erat

172 4784 354 4845 causa,
379 4786 440 4832 ut
468 4779 666 4849 aliquis
698 4779 906 4850 litteras
934 4793 1114 4835 sacras
1148 4779 1328 4835 denuo
1360 4777 1752 4834 convertendas

171 4865 492 4937 susciperet?
523 4872 597 4928 At
632 4872 678 4927 si
701 4872 866 4927 totius
890 4870 1156 4927 versionis
1181 4871 1554 4942 repetitionem
1583 4883 1750 4940 nega-

237 5044 252 5113 ξ
285 5044 450 5100 sua.
485 5062 542 5113 p.
577 5047 666 5113 to.
711 5049 798 5106 is.

235 5111 258 5144 '
285 5115 427 5180 Hec,
459 5111 830 5175 Castillionaeo
873 5128 1092 5176 auctore
1115 5161 1131 5184 ,
1181 5120 1319 5175 dicta
1347 5119 1419 5176 de
1471 5120 1590 5176 loco
1611 5119 1753 5176 Tim.

174 5177 212 5262 ζ,
251 5197 337 5250 ιιι.
367 5177 486 5262 _{6,
523 5187 654 5246 falsa
705 5200 863 5256 sunt;
917 5191 1040 5247 vide
1068 5177 1469 5262 adnotationem
1516 5192 1582 5245 ad
1606 5192 1758 5262 hunc

175 5257 588 5334 ipsnmlocum;
619 5275 790 5334 neque
823 5263 1118 5334 prmsertim
1151 5261 1371 5334 cognito
1401 5261 1537 5315 libro
1585 5261 1678 5334 illo
1702 5276 1755 5334 Δει

177 5319 395 5406 ξνιίιιίο
408 5319 594 5406 edito,
617 5319 780 5406 ullum
809 5319 1562 5406 relinquiturdti'biuntﬂluin
1594 5330 1756 5388 Gothi

171 5392 364 5450 fuerint
394 5392 610 5455 Ariani.
645 5401 783 5458 Vide
809 5392 1006 5457 Waiti.
1038 5419 1092 5474 p.
1129 5402 1200 5459 40
1228 5416 1347 5471 sqq.
1381 5392 1470 5456 56.

237 5463 262 5494 ⁸
290 5466 351 5521 Ρ.
378 5466 488 5522 ιιι
513 5485 608 5522 sa.

240 5533 261 5615 ξ
290 5533 686 5615 ρριεηςηὲρηςε
715 5545 858 5615 apud
877 5544 1092 5599 Iunium
1115 5559 1167 5614 p.
1191 5542 1318 5598 388.

238 5607 372 5684 ξω.
401 5609 600 5684 zsttqit
631 5607 842 5669 simia.
879 5631 933 5684 ρ.
965 5615 1056 5669 ss.

205 5677 262 5755 L'
313 5682 473 5755 Apud
533 5682 838 5755 Simonem
879 5677 1330 5753 'bletaphrastem
1397 5685 1449 5740 in
1508 5685 1641 5739 actis
1699 5685 1758 5739 S.

178 5743 375 5825 [Sirene
403 5751 574 5825 (Acta
602 5753 920 5810 Sanctorum
967 5743 1270 5825 Septembr.
1319 5756 1380 5810 ν.
1413 5771 1467 5825 p.
1512 5755 1574 5809 Ill
1627 5755 1758 5809 edit.

182 5819 460 5891 Antverp.)
490 5817 758 5895 Οῧρφιλος,
788 5827 974 5896 inquii,
1003 5817 1092 5886 τῆν
1131 5830 1266 5904 ἱερὰν
1291 5817 1430 5900 ἡμῶῦ
1454 5832 1646 5902 γραφήν
1679 5829 1762 5878 καὶ

1527 351 2059 409 ριιυιεϐοιιειυι.

3302 350 3406 404 Πθ

1835 484 1978 536 mus,
2011 471 2334 542 procedente
2376 481 2615 542 tempore
2647 472 2732 527 hic
2761 471 2869 528 illic
2893 468 3215 526 mutationes
3251 482 3408 540 quas-

1831 563 1955 617 dam
1985 562 2154 618 factas
2196 577 2317 618 esse
2347 577 2452 618 non
2480 578 2758 634 negamus.
2807 562 2959 630 Quod
2997 576 3030 616 e
3083 560 3269 617 codice
3307 562 3411 613 Ar-

1830 664 2048 724 genteo,
2074 655 2386 710 conditione
2411 664 2466 712 et
2491 655 2673 709 indole
2698 655 3024 724 singularum
3046 652 3162 721 ejus
3184 651 3409 720 partium

1829 735 2138 814 diligentius
2167 754 2468 814 perspecta,
2501 746 2752 816 cognosci
2774 753 3005 816 poterat,
3023 743 3205 813 plures
3225 756 3409 798 recen-

1831 837 2013 890 siones
2039 836 2311 891 exstitisse
2334 837 2508 908 (cujus
2529 838 2605 893 rei
2635 837 2967 906 ignoratione
2996 836 3197 892 factum
3222 843 3329 900 est,
3353 843 3413 888 ut

1832 927 2186 984 Mareshallus
2215 929 2269 983 in
2306 928 2547 984 fraudem
2578 930 2858 995 incideret,
2890 943 3013 984 cum
3057 936 3277 998 propter
3301 937 3414 980 stu-

1831 1021 2058 1091 pendam
2084 1029 2406 1077 vetustatem
2435 1021 2638 1078 codicis
2667 1021 2923 1092 Argentei
2947 1021 3085 1076 hanc
3111 1020 3413 1075 versionem

1830 1129 1938 1169 non
1988 1113 2145 1168 aliam
2186 1127 2328 1180 esse,
2375 1127 2536 1182 quam
2579 1113 2754 1170 Ullilm
2800 1114 2943 1169 illam
2983 1111 3415 1183 antiquissimam

1830 1207 2163 1264 existimaret
2200 1205 2255 1276 ⁴ις
2319 1222 2463 1262 nunc
2509 1222 2631 1263 cum
2684 1207 3032 1276 epistularum
3071 1216 3254 1276 partes
3295 1221 3418 1275 per-

1832 1301 2049 1363 multas,
2079 1299 2479 1370 evangeliorum
2509 1299 2793 1354 nonnullas
2828 1299 2910 1353 bis
2939 1301 2991 1354 in
3021 1299 3246 1354 diversis
3272 1297 3420 1356 codi-

1831 1391 1984 1445 cibus
2011 1404 2326 1459 comparare
2350 1391 2494 1456 licet,
2525 1391 2685 1445 etiam
2717 1390 2916 1446 clarius
2937 1389 3280 1460 intelligitur;
3311 1387 3417 1442 illa:

1835 1494 2011 1538 tamen
2042 1483 2386 1539 recensiones
2411 1492 2558 1537 certe
2589 1497 2654 1538 ex
2698 1499 2800 1537 una
2840 1498 3042 1553 eaque,
3075 1483 3151 1536 uti
3179 1482 3414 1548 videtur,

1836 1575 2062 1632 Ulﬁlana
2092 1576 2357 1644 originem
2403 1574 2693 1639 duxerunt,
2728 1583 3072 1630 mutaverunt
3097 1583 3275 1629 autem
3320 1574 3420 1628 viri

1831 1666 2028 1722 eruditi
2069 1666 2383 1736 posterioris
2418 1667 2614 1730 aetatis,
2655 1674 2748 1720 aut
2786 1665 2876 1720 ubi
2910 1665 3079 1720 υιιιιω
3117 1667 3418 1719 versionem

1835 1759 2007 1815 textui
2032 1773 2209 1829 grmeo
2239 1773 2344 1813 non
2376 1759 2506 1812 satis
2535 1766 2783 1813 accurate
2811 1756 3228 1826 respondentem
3258 1755 3424 1809 vidis-

1834 1857 1974 1915 sent,
2003 1857 2094 1904 aut
2119 1849 2212 1904 ubi
2239 1849 2290 1903 in
2325 1849 2438 1903 suis
2465 1848 2616 1902 libris
2641 1847 2773 1902 alias
2804 1847 3064 1903 lectiones
3091 1848 3422 1917 reperissent

1834 1949 1994 2009 atque
2017 1954 2151 2009 quas
2179 1939 2439 1993 habuerat
2467 1939 2671 1994 Ultllas.
2707 1939 2830 1994 llaec
2856 1938 3071 2009 quidem
3100 1937 3284 1993 videre
3311 1951 3419 1992 non

1834 2029 2059 2086 difﬁcile
2079 2037 2181 2094 est,
2214 2030 2340 2084 illud
2370 2040 2550 2084 autem
2580 2044 2686 2084 nou
2717 2029 2873 2085 facile
2902 2029 3100 2099 aliquis
3116 2027 3279 2095 dicet,
3301 2042 3422 2098 qua:

1835 2122 1941 2178 illis
1970 2122 2103 2177 locis
2129 2121 2280 2177 initio
2309 2120 2376 2176 ab
2409 2121 2561 2177 Ulflla
2593 2121 2789 2191 scripta
2818 2127 2874 2176 et
2902 2135 3021 2190 qua:
3052 2119 3120 2174 ab
3155 2119 3278 2174 aliis
3306 2135 3424 2172 mu-

1835 2223 1966 2281 tata,
1986 2212 2163 2268 addita
2186 2221 2278 2266 aut
2299 2213 2660 2281 praetermissa
2687 2211 2826 2276 sint;
2851 2209 3140 2267 dolendum
3164 2224 3294 2264 vero
3317 2216 3422 2276 est,

1835 2304 1978 2376 quod
2026 2304 2339 2376 lleynatius,
2382 2303 2473 2373 qui
2510 2303 2874 2357 additamenta
2918 2300 3164 2372 quaedam
3205 2299 3422 2356 diversa

1837 2398 2035 2466 linguae
2065 2397 2246 2452 indole
2279 2411 2336 2451 se
2357 2397 2673 2467 cognovisse
2692 2395 2957 2464 gloriatur
2979 2394 3022 2463 ⁵,
3064 2395 3214 2465 signa
3241 2393 3426 2464 cogni-

1840 2497 2014 2544 torum
2049 2504 2153 2543 non
2181 2487 2436 2558 prodidit.
3403 2481 3411 2492 '

1911 2579 2212 2634 Prmmissis
2254 2580 2336 2635 his
2376 2579 2430 2634 in
2461 2579 2770 2634 universum
2801 2578 2869 2634 de
2899 2578 3078 2648 lingua
3118 2585 3172 2634 et
3205 2587 3430 2632 auctore

1840 2683 2040 2728 nostra:
2064 2672 2352 2737 versionis,
2387 2671 2658 2741 pergimus
2675 2671 2740 2726 ad
2765 2670 3147 2726 instituendam
3174 2669 3429 2741 qumstio-

1841 2778 1962 2818 nem
1995 2763 2062 2818 de
2094 2763 2319 2829 ratione,
2343 2778 2446 2834 qua
2475 2762 2553 2818 sic
2574 2762 2843 2829 confecta,
2871 2763 3014 2818 unde
3039 2762 3128 2832 qui
3157 2761 3274 2831 ejus
3300 2775 3431 2816 usus

1843 2859 2076 2912 maxime
2115 2856 2168 2911 in
2215 2854 2568 2911 emendandis
2607 2855 2740 2910 locis
2772 2855 3059 2924 Scriptum
3100 2866 3269 2909 sacra:
3307 2867 3430 2909 esse

1843 2950 2032 3019 possit,
2065 2949 2363 3019 apparebit.
2409 2947 2646 3002 Primum
2683 2953 2863 3004 autem
2904 2945 3191 3002 dicendum
3233 2954 3318 3001 est
3362 2944 3432 3001 de

1845 3042 1989 3096 fonte
2024 3056 2090 3094 ex
2119 3053 2224 3108 quo
2252 3038 2457 3094 Gothus
2485 3033 2751 3108 interpi'es
2787 3034 3043 3092 hauserit.
3095 3033 3312 3092 Ullilam
3343 3035 3432 3090 in-

1845 3133 2284 3200 terpretationem
2310 3143 2462 3185 suam
2493 3143 2526 3185 e
2554 3131 2734 3199 grecis
2761 3128 2914 3184 libris
2939 3126 3238 3184 confecisse
3273 3142 3434 3184 nemo

1846 3223 1976 3278 olim
2006 3221 2289 3288 dubitavit,
2319 3220 2478 3290 idque
2495 3219 2816 3289 jampridem
2843 3218 3082 3290 Martyrii
3109 3217 3312 3274 Niceta:
3334 3214 3434 3272 au-

1845 3325 1963 3372 ctor
1991 3317 2013 3348 ⁸
2043 3323 2268 3372 testatur
2303 3323 2528 3384 postque
2567 3329 2688 3368 eum
2716 3315 2900 3369 Sixtus
2939 3313 3193 3368 Senensis
3211 3312 3254 3365 '.
3304 3311 3435 3379 Quae

1848 3408 2034 3462 notitia
2065 3406 2210 3461 unde
2254 3406 2338 3461 his
2365 3405 2497 3460 viris
2521 3405 2773 3472 venerit,
2806 3403 3020 3460 famane
3049 3404 3190 3471 apud
3223 3413 3436 3459 veteres

1849 3497 2215 3568 percrebuerit
2243 3513 2311 3551 an
2335 3497 2458 3551 inde
2482 3495 2829 3565 conjecerint,
2863 3495 2987 3566 quia
3014 3494 3199 3551 Ulfilas
3222 3494 3275 3548 in
3307 3494 3437 3548 Mm-

1847 3589 1926 3645 sia
1953 3589 2303 3644 habitavisset
2332 3597 2386 3642 ct
2407 3602 2437 3643 e
2459 3587 2784 3642 commercio
2814 3585 3435 3655 Constantinopolitano-

1849 3699 1965 3738 rum
1997 3683 2276 3736 hominum
2306 3695 2501 3750 graeca
2541 3679 2735 3748 lingua:
2766 3680 3012 3749 peritiam
3047 3687 3233 3733 nactus
3271 3685 3435 3741 esset,

1847 3790 1967 3830 eum
1993 3775 2154 3828 etiam
2181 3786 2386 3843 graecos
2417 3771 2585 3826 libros
2622 3771 2686 3825 ad
2711 3785 2845 3839 opus
2870 3786 3024 3825 suum
3053 3769 3434 3839 perliciendum

1847 3864 2191 3930 adhibuisse,
2223 3879 2322 3918 nos
2351 3863 2566 3934 quidem
2596 3863 2888 3927 nescimus,
2935 3861 3030 3916 sed
3073 3861 3440 3916 testimonium.

1850 3959 2082 4013 maxime
2110 3955 2308 4027 prioris
2347 3955 2492 4010 illius
2537 3954 2816 4025 scriptoris
2854 3961 3072 4023 prepter
3116 3963 3446 4010 vetustatem

1849 4065 1954 4103 non
1997 4047 2132 4101 adeo
2174 4044 2631 4100 contemnendum
2673 4042 2908 4097 videtur.
2953 4042 3054 4108 Qui
3101 4057 3234 4098 vero
3272 4051 3381 4097 stat
3407 4059 3443 4097 τι

1851 4139 2094 4208 partibus
2132 4151 2344 4202 eorum,
2384 4135 2476 4204 qui
2506 4133 2720 4190 Ullilam
2759 4147 2965 4204 graecos
3003 4132 3170 4190 libros
3194 4142 3437 4189 secutum

1849 4245 1968 4285 esse
1983 4232 2004 4260 "
2024 4226 2377 4291 contendunt,
2396 4225 2442 4281 is
2464 4241 2568 4281 non
2600 4225 2772 4280 solum
2787 4226 3108 4292 scriptorum
3133 4225 3439 4278 auctoritati

1851 4320 2009 4375 fidem
2041 4317 2237 4372 habere
2256 4316 2437 4383 debet,
2464 4316 2553 4385 qui
2585 4316 2636 4370 in
2683 4315 2768 4370 his
2797 4315 2959 4370 rebus
2999 4313 3139 4368 haud
3185 4314 3436 4368 idoneam

1849 4411 1915 4468 ad
1951 4407 2380 4479 persuadendum
2413 4407 2519 4461 vim
2549 4406 2747 4462 habere
2771 4406 2981 4461 soleant
3012 4421 3026 4458 :
3055 4403 3250 4459 adsunt
3276 4403 3439 4460 etiam

1850 4511 2162 4573 argumenta
2193 4499 2349 4555 ducta
2378 4513 2408 4554 e
2427 4498 2837 4569 comparatione
2861 4494 3130 4552 versionis
3155 4506 3356 4551 nostra:
3381 4505 3439 4552 et

1855 4605 2033 4652 textus
2060 4593 2243 4665 graeci,
2277 4592 2469 4658 quibus
2495 4592 2546 4647 id
2577 4589 2856 4661 probatur.
2899 4590 2941 4644 E
2971 4588 3154 4644 multis
3176 4587 3294 4643 aliis
3325 4590 3443 4645 haec

1854 4701 2021 4756 pauca
2050 4686 2375 4757 proferimus
2409 4703 2421 4738 :
2470 4698 2576 4738 non
2622 4682 2798 4738 solum
2839 4683 2982 4737 enim
3025 4699 3146 4738 eum
3192 4682 3440 4738 ordinem

1857 4779 2165 4843 verborum,
2203 4793 2311 4848 quo
2334 4777 2494 4848 grmci
2533 4777 2884 4846 prmiverunt,
2914 4774 3144 4831 fideliter
3166 4784 3347 4830 servat
3371 4804 3444 4817 -—

1855 4877 2215 4940 prmterquam
2238 4869 2326 4925 ubi
2371 4867 2583 4925 indoles
2619 4865 2850 4938 gothicaa
2877 4866 3073 4936 linguae
3101 4865 3266 4922 alium
3296 4865 3442 4920 ordia

1857 5049 2194 5109 θεὸπνευστον
2228 5050 2330 5104 ἀπὸ
2362 5057 2453 5109 τῆς·
2496 5046 2699 5110 meo;
2730 5048 2801 5118 si;
2841 5050 2930 5118 τήν
2961 5049 3184 5118 γοτθικήν
3206 5046 3443 5118 γλῶσσαν

1925 5120 2178 5200 eadem”.
2359 5118 2666 5200 Hieronymi
2713 5117 3088 5200 epistolam-ad
3121 5117 3454 5195 Suttjatn'et

1910 5189 2146 5268 rithilam
2173 5190 2426 5268 scriptam
2445 5229 2460 5252 ,
2489 5185 2593 5256 qua
2627 5185 2831 5268 (iothos
2849 5186 3039 5254 graccis
3066 5201 3234 5241 sacrae
3272 5186 3444 5253 scrip-

1864 5269 1997 5314 tura:
2019 5261 2294 5316 codicibus
2322 5272 2451 5312 usos
2478 5271 2600 5312 esse
2622 5256 2770 5310 dicit.

1930 5331 1949 5361 τ
2000 5331 2230 5361 Ιὶέιιιιιιιιι
2286 5344 2335 5361 ιν
2369 5345 2400 5361 ιι
2453 5329 2558 5361 XO“
2587 5327 2693 5361 mli!
2749 5326 2916 5361 lfnlnn
2999 5326 3181 5361 lllﬂlon
3235 5325 3314 5361 mni

1930 5331 1949 5361 '
1999 5331 2250 5387 Biblioth.
2286 5344 2335 5382 tv
2369 5345 2420 5393 ιι.
2453 5329 2558 5383 390
2586 5327 2717 5380 edit.
2749 5326 2938 5382 Colon.
2999 5326 3182 5383 Ullilas
3235 5326 3444 5394 primus

1864 5400 2074 5478 ﬁnibus
2095 5415 2284 5457 omnes
2310 5399 2518 5453 divinas
2541 5397 2839 5478 scripturas
2858 5412 2890 5452 e
2903 5414 3073 5468 grrcco
3094 5397 3144 5451 iu
3170 5395 3442 5465 guthicam

1865 5469 2095 5548 linguam
2129 5487 2158 5526 a
2189 5485 2247 5548 se
2271 5482 2564 5548 conversas
2586 5466 2821 5548 tradidit.

1935 5533 1967 5573 ί
2012 5544 2145 5613 Cum
2203 5537 3100 5613 Ussero_apud-Ju_ninm__Glossar.
3129 5550 3204 5613 _p.
3236 5533 3323 5588 i6.

1867 5608 2245 5688 hlareshallum
2280 5623 2333 5674 ιι.
2520 5625 2602 5678 sq.
2647 5608 2961 5688 lienaeliuni
3012 5603 3235 5688 praefat;
3272 5619 3329 5688 ρ.
3359 5603 3446 5688 γι,

1868 5679 2066 5764 Lycum
2097 5697 2146 5750 p.
2171 5673 2368 5764 minari,
2388 5673 2792 5764 _l|treuitth(]l/il,
2823 5673 3025 5764 illum.
3044 5673 3260 5764 p.268,
3290 5673 3444 5730 linit-

1869 5747 2050 5808 telium
2076 5747 2125 5823 ιι.
2161 5751 2282 5813 μδ,
2311 5749 2567 5806 Zabnium
2601 5747 2811 5805 Einlcit.
2846 5765 2896 5820 p.
2923 5747 2994 5806 28
3022 5763 3141 5822 sqq.
