4048 6184
527 375 624 429 Α’Τὶ

532 500 657 541 nem
680 485 866 557 exigit,
899 485 976 540 uti
1011 485 1064 540 in
1097 486 1383 554 negatione
1418 485 1571 555 juxta
1595 484 2110 541 verbum‘enuntiati

529 579 800 648 ptmeuda,
829 578 900 633 cl.
926 577 994 632 ad
1020 576 1177 634 Joan.
1207 593 1316 641 xiv,
1335 578 1393 632 ll
1415 593 1431 643 ;
1454 576 1586 633 Luc.
1612 593 1726 644 vnt,
1746 576 1842 642 ης
1868 577 1921 630 in
1949 576 2114 631 collo-

529 668 716 723 caudis
735 667 1051 737 quibusdam
1075 666 1346 736 paniculis
1363 675 1454 722 aut
1475 667 1628 722 initio
1647 679 1738 722 aut
1762 677 1882 736 post
1901 665 2113 721 initium

529 757 817 822 enuntiati,
849 760 922 812 uti
949 759 1038 830 ip,
1067 757 1208 826 quod
1237 760 1397 813 aliter
1415 767 1578 829 atque
1604 758 1681 823 δέ,
1719 774 1894 829 grzrca
1921 759 2113 813 vocula

529 850 758 916 gethiczn
800 849 1153 919 respondens,
1188 851 1362 920 primo
1390 851 1655 906 enuntiati
1688 853 1810 907 loco
1857 853 2112 921 ponitur;

532 950 625 996 aut
651 941 767 996 alia;
799 940 982 996 nescio
1010 957 1130 1010 qua:
1155 943 1420 997 sermonis
1454 957 1633 999 causa
1669 943 1833 998 alium
1869 942 2114 997 ordinem

532 1031 826 1101 postulant,
844 1040 901 1086 ut
924 1045 1219 1100 pronomen
1245 1030 1581 1086 substantivo
1604 1041 1964 1102 praeponatur,
1985 1029 2119 1102 pata

530 1120 779 1175 audbaltti
801 1145 862 1170 =1
885 1126 976 1180 τήν
999 1119 1256 1176 διακονίαν
1284 1123 1478 1182 ταύτην
1498 1149 1570 1162 -
1606 1121 1701 1176 sed
1723 1123 1883 1177 etiam
1913 1135 2117 1177 sermo-

531 1228 657 1268 nem
685 1228 839 1268 suum
863 1213 917 1266 in
949 1211 1232 1282 permultis
1251 1212 1318 1267 ad
1347 1227 1578 1283 grzecunt
1607 1211 1985 1275 conlormavit,
2010 1226 2118 1279 quo

531 1305 807 1374 pertinere
850 1305 1062 1360 videtur
1102 1319 1231 1359 usus
1270 1304 1446 1359 dualis
1492 1306 1699 1359 numeri
1724 1343 1743 1371 ,
1781 1319 1889 1374 quo
1930 1312 2112 1358 tamen

535 1397 720 1452 Utlllas
746 1399 941 1465 sepius
962 1399 1157 1466 utitur,
1187 1411 1347 1466 quam
1377 1397 1430 1450 in
1461 1409 1638 1465 graeco
1661 1401 1811 1450 testu
1840 1403 2017 1450 exstat
2059 1402 2119 1449 et

533 1489 651 1541 fere
691 1486 942 1542 omnibus
987 1487 1139 1551 locis,
1187 1485 1276 1540 ubi
1323 1484 1444 1540 dure
1488 1499 1736 1554 persona:
1780 1484 2114 1548 indicantur;

534 1576 733 1632 deinde
780 1579 967 1644 ligura,
1008 1591 1168 1646 quam
1207 1575 1582 1630 attractionem
1622 1581 1836 1640 vocant,
1869 1575 2120 1644 lrequens

536 1682 664 1723 usus
693 1667 1092 1736 participiorum
1118 1667 1312 1737 graecis
1353 1665 1618 1735 exemplis
1656 1666 2116 1730 accommodatus,

532 1758 734 1814 abusus
781 1758 1115 1828 pronominis
1151 1756 1556 1812 demonstrativi
1601 1757 1668 1812 ad
1719 1758 1866 1812 vires
1906 1756 2116 1812 articuli

534 1850 695 1917 graeci
737 1849 1062 1919 implendas,
1089 1850 1362 1920 multaque
1395 1860 1522 1905 sunt
1565 1850 1691 1918 alia,
1725 1866 1846 1921 quae
1888 1851 2118 1906 lectores

533 1945 883 2014 grammatica
903 1953 1086 1998 nostra
1108 1943 1344 2000 docebit.
1395 1943 1526 2010 Quas
1550 1958 1674 1999 cum
1697 1945 1768 1999 ita
1789 1945 1916 2008 sint,
1943 1953 2120 1998 tamen

536 2033 776 2104 luerunt,
825 2035 916 2104 qui
955 2035 1101 2089 omni
1153 2034 1346 2104 linguae
1388 2034 1620 2105 gothicze
1661 2035 1885 2104 ejusque
1929 2033 2124 2089 indolis

537 2128 724 2198 peritia
753 2128 1029 2194 destituti,
1059 2129 1380 2198 comparatis
1420 2128 1649 2198 singulis
1686 2127 1916 2197 gotliicis
1944 2126 2125 2182 verbis

535 2234 658 2274 cum
684 2220 897 2287 graecis,
953 2219 1402 2274 animadvertisse
1427 2219 1530 2273 sibi
1560 2219 1880 2273 videbantur
1910 2218 2122 2274 Ullilsm

536 2313 732 2379 saepius
759 2327 789 2366 a
823 2327 1001 2383 grzeco
1033 2321 1181 2366 textu
1210 2313 1578 2368 discedentem
1605 2326 1729 2366 cum
1761 2312 1942 2366 latinis
1974 2312 2125 2366 libris

537 2408 882 2474 consentire,
929 2407 1016 2462 cui
1060 2406 1511 2462 animadversioni
1567 2413 1770 2461 tantam
1825 2404 2128 2460 lrihuernnt

536 2499 666 2561 vim,
700 2509 757 2552 ιιι
796 2515 826 2552 e
852 2513 1029 2567 graeco
1053 2500 1200 2552 loute
1227 2497 1472 2552 hausisse
1491 2511 1615 2552 eum
1647 2505 1925 2565 negantes,
1953 2495 2126 2564 potius

537 2588 733 2643 latinus
763 2589 926 2643 libros
955 2597 1198 2644 secutum
1223 2602 1344 2643 esse
1372 2587 1604 2656 probare
1623 2585 1988 2653 susciperent;
2015 2598 2126 2650 prze

539 2682 736 2736 ceteris
771 2679 1102 2735 Wetstenius
1132 2679 1183 2733 id
1215 2678 1324 2748 egit
1352 2679 1402 2746 ‘;
1447 2678 1683 2733 rationes
1727 2685 1942 2740 autem,
1994 2689 2126 2745 quas

540 2783 794 2840 tanquam
819 2772 1108 2838 probantes
1133 2769 1377 2845 adduxit,
1403 2780 1548 2822 tanta
1571 2767 1886 2822 laborabant
1903 2766 2128 2820 inﬁrmi-

542 2873 672 2930 tate,
705 2873 763 2918 ut
792 2878 898 2918 non
927 2863 1105 2918 solum
1125 2861 1217 2917 alii
1247 2863 1596 2927 exsiswrent,
1631 2859 1723 2928 qui
1763 2873 1857 2913 eas
1879 2858 2129 2914 refellere

533 2963 867 3011 conarentur
887 2955 932 3019 ',
983 2952 1077 3008 sed
1100 2953 1264 3008 etiam
1289 2953 1426 3023 ipse,
1463 2965 1521 3006 re
1547 2949 1728 3005 denuo
1763 2948 2128 3014 considerata,

540 3044 610 3099 ad
649 3044 970 3113 sapientiam
1015 3059 1266 3100 reversus
1306 3044 1557 3098 versione
1591 3050 1775 3097 nostra
1817 3041 2129 3111 plerumque

541 3136 760 3207 quidem
789 3152 1025 3207 graecum
1052 3145 1254 3192 textum
1278 3135 1529 3204 exprimi,
1551 3148 1698 3202 stupe
1719 3143 1896 3188 tamen
1927 3132 2129 3188 relictis

543 3228 755 3298 graecis,
786 3229 1089 3283 versionem
1117 3227 1303 3281 Italam
1333 3225 1482 3295 sequi
1508 3225 1846 3280 existimaret
1873 3223 1918 3279 ³.

620 3319 687 3373 Et
712 3319 827 3374 loca
863 3317 1082 3387 quidem
1121 3333 1265 3385 esse,
1322 3333 1354 3372 e
1382 3316 1579 3385 quibus
1620 3325 1972 3384 cognoscatur
2017 3329 2135 3369 ver-

545 3408 687 3464 sioui
717 3416 917 3463 nostra:
956 3408 1179 3476 plurima
1215 3416 1274 3462 et
1303 3406 1462 3462 verba
1493 3414 1549 3460 et
1579 3405 1876 3460 versiculos
1902 3404 1954 3458 in
1981 3404 2133 3458 libris

546 3501 726 3556 latinis
761 3498 1102 3554 solummodo
1142 3500 1408 3554 exstantia
1455 3495 1692 3552 admixta
1719 3510 1862 3560 esse,
1905 3509 2135 3563 eamque

546 3593 808 3648 lectiones
838 3591 1060 3656 habere,
1088 3607 1209 3662 quae
1236 3606 1266 3644 a
1289 3591 1481 3661 grzecis
1505 3589 1845 3643 discedentes
1868 3602 1991 3642 cum
2015 3588 2135 3640 lati-

549 3685 635 3738 nis
661 3682 1026 3750 consentiant,
1059 3698 1164 3736 non
1201 3681 1303 3735 nisi
1337 3680 1468 3735 czeci
1507 3690 1599 3734 aut
1641 3679 1803 3734 rixosi
1841 3680 2130 3748 negabunt.

540 3759 784 3831 ‘l’rimum
817 3777 961 3830 enim
1003 3775 1363 3830 additamenta
1403 3790 1508 3829 non
1557 3788 1721 3841 pauca
1770 3774 2135 3838 inveniuntur,

540 3881 670 3935 qua:
680 3865 838 3938 graeci
849 3866 1064 3921 codices
1076 3866 1294 3920 omnino
1307 3875 1588 3935 spernunt,
1605 3866 1753 3920 latini
1769 3874 2064 3936 agnoscunt
2083 3865 2134 3921 ’δε

551 3956 620 4011 Μ.
653 3972 706 4021 x,
735 3955 807 4012 29
831 3957 992 4024 viliau
1013 3986 1082 3998 —
1107 3956 1202 4012 lat.
1231 3956 1540 4022 voluntate;
1570 3957 1620 4012 Μ
1642 3977 1674 4011 λ.
1697 3971 1804 4018 xtv,
1826 3955 1896 4011 65
1917 3957 2137 4027 gabaur-

542 4048 670 4118 jaba
690 4077 759 4088 —
783 4062 905 4103 cum
926 4050 1230 4113 voluntate;
1255 4049 1316 4103 L.
1346 4063 1385 4114 l,
1406 4049 1443 4104 3
1461 4049 1558 4122 jah
1572 4047 1746 4102 alimiu
1765 4047 2048 4102 vei/taurina
2069 4076 2137 4087 —

549 4151 607 4195 et
634 4139 860 4206 Spiritui
886 4147 1104 4204 sancto;
1135 4155 1211 4205 is,
1234 4141 1272 4195 2
1296 4140 1466 4194 atlaus
1492 4169 1561 4181 -
1586 4153 1804 4204 omnes;
1837 4139 2000 4204 ut,“
2026 4138 2138 4210 ᾳαρ

550 4233 768 4303 ραὶιηισ.
803 4234 976 4304 frouja
1002 4231 1147 4285 dum
1166 4233 1270 4286 veis
1298 4232 1351 4285 ui
1373 4232 1661 4284 malttednm
1684 4229 1954 4284 usdreiban
1982 4229 2140 4301 pam-

553 4343 659 4382 rua.
684 4324 749 4398 ib
773 4327 910 4379 iesus
929 4324 1201 4397 qabpata
1221 4325 1345 4378 kuni
1369 4325 1422 4378 ui
1445 4324 1704 4396 usguggiI)
1731 4323 1872 4378 nibai
1889 4324 1945 4376 in
1970 4323 2139 4376 bidem

545 4419 644 4490 jah
680 4421 733 4472 iu
767 4419 1029 4490 [astubuja
1056 4448 1127 4462 —-
1167 4417 1392 4488 (paucis
1429 4418 1645 4472 mutatis
1687 4416 1850 4471 θοι-ι).
1875 4424 1933 4470 et
1959 4414 2138 4482 Colb.)

555 4511 686 4562 dixit
712 4509 758 4563 ei
781 4507 962 4563 Petrus
977 4526 994 4561 :
1012 4503 1242 4576 Domine,
1265 4517 1475 4580 prapter
1499 4509 1625 4579 quid
1653 4523 1744 4561 nos
1767 4523 1868 4561 non
1883 4507 2138 4577 potuimus

555 4602 738 4673 ejicere
759 4600 891 4653 illud
913 4602 939 4655 ξ)
963 4600 1143 4670 quibus
1163 4601 1292 4654 dixit
1311 4588 1591 4655 :Quouiam
1619 4599 1917 4672 Imjusmodi
1945 4599 2136 4652 oratio-

627 4777 650 4855 "
685 4773 929 4846 Protegg.
959 4775 1014 4828 iu
1043 4791 1228 4829 novum
1255 4783 1609 4830 testamentum
1641 4791 1696 4845 p.
1728 4773 1826 4829 114
1853 4789 1974 4845 sqq.
2002 4775 2138 4829 edit.

560 4860 803 5042 giliis.
854 4915 1086 4985 Bengelii
1142 4915 1462 4985 Apparatum
1507 4916 1625 4969 noui
1681 4914 1969 4969 testamenti
2018 4929 2140 4986 pag.

691 5001 772 5042 su.

691 5001 749 5039 Sil
759 5026 772 5039 .

630 5003 664 5136 ξ
684 5003 838 5136 ’³η
867 5070 990 5136 νοις
1017 5055 1144 5136 ἕξει
1175 5055 1306 5136 sd"-
1329 5055 1503 5136 See!-

630 5070 654 5086 ⁸
684 5070 743 5110 L.
778 5070 838 5121 l.,
867 5070 990 5178 pag:
1017 5070 1144 5138 ὒρδ.
1175 5070 1306 5138 edit.
1329 5070 1503 5112 actm.

628 5125 658 5157 ιδ
682 5125 765 5197 Gl.
795 5126 866 5180 Za
890 5142 984 5180 mu
1016 5125 1232 5180 Etulett.
1267 5142 1388 5197 pag.
1419 5127 1492 5181 δὲ
1517 5142 1602 5196 sq.

635 5197 655 5228 '
687 5195 1022 5252 Wetstenius
1045 5213 1163 5267 pag.
1195 5197 1301 5252 506
1323 5195 1645 5253 sententiam
1694 5195 1763 5251 de
1805 5195 2144 5252 confectione

565 5277 762 5322 nostra:
793 5267 1055 5322 versionis
1083 5283 1114 5323 e
1145 5267 1322 5321 latinis
1352 5268 1505 5323 libris
1534 5269 1674 5322 male
1715 5267 1908 5336 probat
1933 5267 2138 5330 dicens,

563 5339 652 5394 ubi
687 5337 881 5392 latinus
903 5338 1168 5406 interpres
1192 5340 1351 5393 verba
1373 5353 1547 5408 grteca
1574 5345 1664 5390 aut
1686 5352 1870 5407 parum
1893 5346 2145 5408 accurate

560 5421 650 5464 aut
683 5424 962 5479 perperam
994 5410 1235 5476 verterit,
1285 5409 1475 5464 eodem
1522 5408 1681 5461 modo
1717 5410 1878 5461 etiam
1915 5407 2142 5463 vertisse

563 5478 830 5544 Gothum;
860 5479 954 5534 sed
977 5479 1236 5534 lectiones
1273 5479 1648 5549 plerorumquc
1697 5478 1936 5549 locorum
1977 5479 2141 5549 abeo

561 5550 988 5621 vituperatorum
1026 5549 1118 5621 (ill.
1149 5564 1223 5613 vt,
1251 5550 1337 5611 ll,
1371 5551 1458 5611 lii,
1482 5547 1581 5621 27;
1613 5565 1687 5610 rx,
1719 5549 1824 5621 58;
1853 5548 1954 5602 Mc.
1983 5563 2019 5612 ι,
2049 5547 2144 5621 58)

493 5600 513 5684 ἰ
561 5600 1159 5689 malignissima
1181 5600 1952 5689 g‘.zu'a.'c'.;..;.'.in;si;uiuis;
1975 5600 2140 5689 pagis;

563 5703 666 5756 pro
703 5689 975 5744 intellectu
1025 5688 1202 5744 Gothi
1228 5689 1438 5744 reddita
1468 5691 1762 5743 continent.
1793 5689 1987 5742 Contra
2020 5688 2140 5742 aliis

545 5756 700 5810 locis
721 5758 928 5812 Gothus
955 5760 1149 5814 latinos
1195 5759 1359 5814 Iihros
1407 5776 1512 5812 non
1565 5771 1781 5812 secutus
1823 5773 1921 5810 suo
1970 5757 2137 5810 Marte

565 5825 746 5882 ntiuus
771 5839 922 5883 recte
947 5831 1232 5897 convertit,
1260 5828 1379 5887 vide
1407 5831 1473 5886 de
1503 5830 1619 5885 alits
1647 5830 1776 5883 Luc.
1802 5843 1838 5897 ι,
1867 5829 1899 5882 5
1920 5835 1972 5884 et
1995 5826 2026 5881 8
2049 5829 2139 5882 ubi

1625 373 1994 432 BIBLIORUM
2036 371 2374 434 ULFILANA
2415 375 2684 434 VERSIO.

3657 374 3672 384 ’
3700 373 3802 428 ιῖξ

2221 485 2371 540 nibus
2408 495 2458 540 et
2484 487 2704 557 jejuniis
2739 485 3006 554 rjicietar;
3053 499 3128 552 ιι,
3179 483 3251 539 ω
3280 485 3334 538 ui
3357 485 3552 538 aiulrstn
3598 482 3698 537 artis
3737 488 3802 538 ist

2218 595 2425 634 "tuane.
2458 580 2566 633 saei
2593 580 2648 632 ni
2663 577 2965 651 gavastrkjai
2987 578 3126 631 malit
3141 581 3195 633 in
3215 579 3390 632 transiit
3411 578 3718 631 meinamma
3734 607 3803 618 —

2220 687 2367 724 nemo
2389 682 2463 724 est
2485 671 2644 735 enim,
2668 671 2755 739 qui
2783 685 2885 723 non
2907 669 3062 740 faciat
3085 671 3318 724 virtutem
3347 671 3400 723 in
3430 668 3633 723 nomine
3657 682 3801 733 meo;

2219 776 2311 825 xv,
2343 761 2404 814 3i
2431 768 2539 814 vast
2559 760 2655 830 jalt
2683 788 2752 800 --
2774 759 2922 814 luisti
2948 768 3033 825 et;
3071 775 3179 823 xix,
3211 759 3282 814 ‘12
3300 760 3399 831 ,ἰαὴ
3429 760 3624 813 lata—
3649 769 3707 814 et
3727 758 3804 828 pi-

2208 867 2346 922 ger;
2394 851 2510 905 lucc
2552 855 2732 905 omnia
2774 867 2804 906 a
2846 852 3038 922 gmcis
3083 853 3442 921 prmtermissa
3477 867 3600 906 cum
3627 851 3804 907 Gotho

2218 943 2377 998 codd.
2411 942 2564 999 Colb.
2590 941 2754 998 Corh.
2781 943 2928 999 Brix.
2956 943 3146 1012 Redig.
3174 955 3268 996 aut
3292 943 3380 997 alii
3403 942 3548 997 latini
3581 941 3801 999 habent.

2222 1036 2428 1094 Deinde
2456 1037 2724 1108 permulta
2752 1045 2878 1091 sunt
2914 1037 3055 1102 loca,
3089 1036 3288 1106 quibus
3329 1035 3588 1090 lectiones
3621 1037 3804 1089 latina:

2219 1145 2319 1200 pro
2353 1131 2545 1200 graecis
2586 1129 2853 1194 insident;
2899 1128 2966 1184 ad
3009 1129 3151 1196 quod
3193 1127 3528 1197 probandum
3571 1125 3808 1181 Zalmius

2221 1222 2444 1277 Einleit.
2474 1237 2526 1291 p.
2557 1221 2627 1277 52
2649 1221 2828 1276 minus
2853 1231 2978 1289 apte
3018 1221 3202 1274 laudat
3236 1219 3364 1274 Luc.
3395 1233 3452 1284 v,
3484 1221 3517 1273 5
3555 1229 3609 1273 ct
3644 1218 3806 1273 Joan.

2218 1327 2315 1380 vn,
2346 1312 2380 1367 9
2406 1327 2632 1383 quorum
2664 1311 2903 1365 locorum
2932 1309 3105 1364 altero
3123 1309 3356 1364 Gothum
3378 1323 3502 1363 cum
3531 1308 3676 1363 llrix.
3707 1323 3809 1378 pro

2219 1406 2453 1480 ἠρώτησι
2475 1405 2634 1474 jussit
2665 1401 2947 1472 (ἐκέλευσε)
2968 1386 3141 1455 altero
3178 1414 3274 1470 pro
3302 1403 3458 1455 εἰπὼν
3485 1399 3641 1470 {usus
3673 1399 3809 1453 dixit

2220 1510 2337 1548 cum
2361 1502 2489 1548 esset
2509 1493 2704 1563 legisse
2727 1494 3012 1558 opinatur;
3045 1492 3256 1560 penitus
3279 1490 3575 1545 insinuabit
3600 1490 3654 1543 in
3678 1504 3810 1544 cau-

2219 1598 2357 1652 sam,
2387 1585 2479 1654 qui
2508 1584 2623 1639 htec
2651 1584 2765 1639 loca
2791 1583 2983 1654 legerit
3007 1599 3022 1638 :
3051 1583 3151 1639 Mc.
3180 1599 3271 1648 vu,
3297 1584 3332 1638 5
3358 1583 3470 1652 αμα
3497 1582 3677 1654 (sirpe)
3700 1597 3809 1636 non

2220 1691 2398 1747 graeco
2421 1684 2624 1753 πυγμῇ,
2653 1675 2748 1731 sed
2779 1676 2995 1731 lectioni
3019 1676 3305 1730 latinorum
3330 1675 3666 1745 quorundam
3695 1691 3811 1729 crc-

2221 1767 2312 1822 ὀνο
2329 1767 2792 1823 accommodatum
2822 1775 2939 1833 est;
2972 1767 3035 1821 L.
3060 1781 3144 1832 lx,
3172 1766 3246 1820 20
3274 1765 3363 1819 uhi
3389 1781 3471 1835 gr.
3495 1766 3694 1820 habent
3722 1775 3814 1821 τόν

2220 1863 2436 1936 Χριστὸν
2460 1865 2553 1916 τοῦ
2575 1864 2729 1927 Θεοῦ,
2755 1857 2964 1914 Gothus
3011 1867 3189 1913 autem
3232 1856 3314 1930 pa
3349 1861 3394 1912 is
3424 1857 3616 1912 aristas
3651 1873 3816 1912 sanus

2225 1950 2389 2022 gulis,
2411 1965 2531 2020 qua:
2559 1950 2886 2006 conveniunt
2905 1965 3025 2004 cum
3050 1949 3239 2020 Redig.
3260 1959 3314 2006 et
3341 1950 3486 2004 Brix.
3515 1961 3568 2003 tu
3590 1967 3640 2003 es
3660 1947 3816 2004 Chri-

2223 2052 2353 2108 stus,
2386 2043 2528 2110 ﬁlius
2557 2041 2687 2107 Dei;
2710 2057 2765 2109 v,
2793 2042 2860 2097 10
2882 2043 3002 2097 siud
3041 2053 3247 2107 nutans,
3280 2042 3473 2111 quibus
3506 2057 3610 2096 non
3638 2056 3817 2110 gra-ra

2224 2135 2318 2208 ἴσῃ
2348 2139 2554 2208 ζωγρῶν
2588 2135 2914 2202 redduntur,
2956 2135 3052 2191 sed
3095 2134 3272 2204 potius
3302 2135 3461 2190 lectio
3492 2134 3634 2188 Brix.
3669 2133 3818 2187 eritis

2225 2210 2493 2293 raptore}:
2525 2241 2583 2291 ιι,
2613 2226 2683 2281 M
2710 2227 2859 2297 godis
2885 2228 3060 2298 oiljius
3088 2227 3208 2297 quis
3238 2239 3473 2293 graecum
3507 2224 3708 2281 εὐδοκία
3729 2224 3819 2278 vel

2226 2318 2459 2380 εὐδοκίας
2483 2316 2713 2372 Gothum
2744 2319 2828 2373 liis
2853 2320 3032 2375 verbis
3055 2319 3354 2374 reddidisse
3373 2317 3684 2383 contendat,
3715 2332 3822 2372 nec

2227 2412 2404 2483 potius
2425 2409 2668 2466 codicum
2693 2412 2975 2466 latinorum
3003 2412 3148 2466 bona
3169 2412 3484 2466 voluntatis?
3512 2428 3551 2478 I,
3566 2411 3638 2466 29
3661 2414 3821 2464 iuno-

2226 2501 2401 2574 gahtai
2432 2502 2614 2571 procul
2644 2502 2789 2555 on'mi
2837 2503 3005 2555 dubio
3040 2502 3234 2556 latinos
3277 2504 3542 2572 sequitur,
3581 2501 3672 2570 qui
3719 2516 3826 2568 pro

2226 2609 2404 2664 graeco
2438 2595 2570 2668 λόγῳ
2609 2595 2821 2648 introitu
2858 2595 3069 2665 legunt;
3118 2595 3196 2649 sic
3235 2595 3394 2650 etiam
3436 2595 3489 2649 iu
3529 2595 3820 2662 epistolis:

2227 2683 2353 2738 Cor.
2385 2685 2447 2746 ll,
2473 2700 2524 2747 v,
2560 2685 2626 2738 l0
2653 2685 2739 2739 uhi
2761 2701 2844 2755 gr.
2889 2683 2974 2740 διά
3015 2685 3232 2749 habent,
3273 2686 3478 2740 Gothus
3508 2701 3718 2739 smoua
3749 2705 3824 2735 ea

2231 2773 2519 2828 latinorum
2547 2776 2808 2846 proprios,
2836 2777 2924 2844 qui
2955 2775 3061 2831 ἴδια
3089 2776 3282 2845 legisse
3310 2776 3588 2842 videntur;
3621 2791 3716 2841 xu,
3749 2775 3826 2829 ιτ

2227 2867 2332 2920 ibai
2357 2864 2518 2937 pair-It
2562 2882 2710 2920 wana
2741 2887 2801 2916 ==
2831 2865 2986 2936 Vulg.
3026 2867 3255 2939 nunquid
3307 2883 3398 2940 per
3440 2871 3677 2938 aliquem,
3729 2885 3824 2936 gr.

2227 2980 2345 3016 τινα
2383 2955 2450 3012 ὧν
2481 2981 2543 3007 =
2575 2958 2637 3015 δι’
2678 2961 2870 3023 αὐτοῦς
2918 2959 3151 3028 Philipp.
3195 2975 3268 3026 tv,
3313 2963 3347 3016 8
3403 2963 3516 3015 reih
3555 2985 3617 3010 ιε
3648 2962 3828 3016 latino

2228 3060 2428 3114 sancta,
2453 3065 2534 3120 gr.
2559 3049 2713 3124 ἁγνάς
2743 3066 2781 3119 ι,
2824 3048 2911 3116 18,
2945 3051 3145 3123 pandei
3171 3075 3233 3103 ει
3258 3053 3540 3108 latinorum
3563 3055 3707 3115 dum,
3730 3069 3826 3124 gr.

2230 3144 2360 3203 πλήν
2387 3144 2471 3198 vel
2491 3144 2619 3203 πλὴν
2641 3141 2739 3199 ὅτι.
2769 3144 2862 3198 Sic
2889 3144 3120 3199 Gothum
3143 3160 3263 3200 cum
3285 3144 3411 3201 Cor.
3429 3145 3494 3210 ll,
3513 3146 3709 3210 vtu,l9
3723 3161 3830 3214 pro

2228 3248 2405 3302 graeco
2429 3235 2800 3310 χειροτονηθιὶς
2820 3233 3054 3305 gatevips
3081 3235 3287 3300 reddit,
3307 3236 3525 3290 latinum
3549 3236 3832 3290 ordinatus

2233 3327 2303 3381 ob
2331 3330 2516 3382 neritos
2537 3327 2789 3382 habuisse
2827 3329 3185 3396 suspicamur,
3230 3329 3313 3382 cui
3347 3331 3514 3384 verbo
3543 3327 3829 3399 gothlcmn

2236 3418 2286 3482 (ιι
2319 3418 2435 3483 tevi,
2468 3419 2623 3484 ordo,
2671 3417 2932 3485 ductum)
2973 3421 3142 3472 multo
3187 3421 3405 3490 propius
3445 3433 3605 3488 quam
3641 3435 3832 3486 ατη-οη

2232 3511 2468 3575 accedit;
2501 3520 2550 3565 el
2585 3511 2814 3580 Philipp.
2839 3512 2960 3577 tv,(i
2989 3513 3078 3567 uhi
3109 3528 3283 3583 graeca
3310 3515 3358 3568 ἐν
3383 3517 3536 3569 παντὶ
3563 3523 3625 3590 τῇ
3646 3536 3831 3590 προσ-

2234 3612 2371 3679 ωχῇ
2403 3617 2497 3670 per
2524 3606 2575 3656 in
2606 3603 2774 3657 allai
2812 3604 2952 3657 bidui
2989 3613 3394 3664 convertuntur,
3427 3603 3620 3671 aliquis
3649 3605 3833 3672 conji-

2234 3709 2361 3748 cere
2393 3704 2585 3761 potest,
2615 3695 2847 3750 Gotlunn
2883 3697 3232 3764 interpretem
3272 3711 3376 3750 non
3420 3709 3590 3761 graeca
3629 3696 3828 3758 verba,

2236 3789 2330 3842 scd
2358 3790 2514 3841 latina
2542 3792 2594 3842 in
2623 3790 2792 3844 omni
2814 3791 3066 3854 oratione,
3085 3789 3224 3843 tuale
3248 3787 3516 3843 intellecta
3540 3785 3682 3858 quod
3709 3783 3832 3840 for-

2239 3879 2437 3934 mulam
2469 3880 2520 3934 in
2566 3880 2751 3944 omni,
2796 3895 2892 3947 per
2917 3896 2978 3935 se
3008 3881 3236 3950 positam
3283 3879 3367 3947 (in
3394 3875 3588 3946 ollam),
3637 3878 3705 3932 ad
3735 3892 3828 3934 se.

2237 3969 2488 4042 quentem
2511 3984 2696 4025 vocem
2729 3971 2971 4036 traxerit,
2992 3985 3114 4027 esse
3139 3979 3378 4027 secutum
3410 3970 3453 4023 ⁸.

2310 4061 2484 4129 Quod,
2516 4063 2561 4116 si
2604 4062 2854 4117 indicatis
2903 4061 2987 4116 his
3010 4061 3270 4131 vestigiis,
3307 4069 3484 4116 tamen
3513 4059 3829 4114 versionem

2240 4160 2477 4206 no~tram
2508 4168 2539 4208 e
2563 4155 2754 4222 graecis
2783 4152 2934 4208 libris
2955 4152 3170 4208 ductam
3199 4165 3319 4207 esse
3339 4149 3748 4216 contendimus:
3774 4163 3832 4205 et

2239 4242 2564 4298 remittimus
2592 4246 2821 4299 lectores
2843 4243 2909 4298 ad
2931 4259 3014 4311 ea,
3038 4258 3158 4313 qum
3187 4257 3344 4312 supra
3371 4241 3440 4296 de
3463 4241 3640 4296 indole
3663 4241 3834 4311 hujus

2241 4334 2507 4390 versionis
2546 4335 2602 4389 in
2646 4335 2957 4390 universum
2995 4332 3248 4399 diximus,
3294 4341 3348 4388 et
3389 4333 3504 4388 haec
3532 4331 3830 4386 addimus:

2241 4428 2450 4484 Gothus
2471 4426 2809 4496 participium
2831 4425 2979 4482 verbi
3002 4423 3321 4479 substantivi
3343 4420 3469 4480 ιῖναι
3487 4432 3542 4477 et
3559 4424 3838 4498 ὑπάρχειν

2239 4536 2360 4575 cum
2391 4520 2582 4590 grrecis
2612 4533 2811 4589 ponere
2847 4517 3008 4581 solet,
3055 4517 3145 4571 tibi
3199 4516 3345 4570 latini
3398 4522 3618 4585 propter
3667 4513 3836 4582 hujus

2245 4613 2509 4684 participii
2553 4609 2786 4682 inopiam
2833 4620 2926 4667 aut
2966 4611 3190 4666 relativo
3225 4609 3543 4681 pronomine
3576 4616 3671 4662 aut
3698 4620 3837 4663 con-

2244 4787 2478 4838 grancum
2505 4772 2746 4842 ἐφημερία
2763 4767 3103 4842 Ιπιὶιιίλιιιιιιιρ
3123 4765 3320 4842 rectius
3343 4779 3438 4842 per
3455 4763 3635 4842 uigent,
3664 4775 3833 4842 quam

2249 4791 2478 4838 praecum
2505 4791 2657 4842 εφημε
2695 4792 2746 4824 ια
2765 4791 2909 4824 taum
2937 4791 3103 4822 "Ilum
3123 4791 3320 4820 rrum:
3343 4791 3437 4833 pur
3457 4791 3635 4827 vacem,
3664 4791 3833 4831 quam

2249 4842 2456 4898 Gothus
2478 4856 2574 4908 per
2601 4791 2718 4910 (ter
2732 4850 2789 4910 et
2805 4839 2928 4892 kuni
2955 4837 3324 4910 reddiderunt.
3356 4833 3835 4910 Ner-firmioribus

2250 4903 2578 4976 argumentis
2600 4903 2871 4965 Semlerus
2901 4909 2965 4961 ad
2991 4906 3254 4962 Wetsten.
3292 4921 3344 4974 p.
3390 4904 3493 4960 508
3540 4903 3833 4971 epistolam

2247 4982 2314 5034 ad
2348 4983 2621 5035 Romanos
2649 4996 2680 5035 e
2701 4979 2864 5033 latino
2888 4977 3074 5032 codice
3097 4989 3405 5043 expressam
3431 4987 3553 5028 esse
3576 4987 3838 5038 compro-

2254 5051 2364 5115 bat,
2404 5066 2525 5104 nam
2549 5065 2670 5120 quite
2701 5050 2814 5102 loca
2845 5050 3121 5120 probantia
3152 5047 3388 5120 adducit,
3417 5053 3509 5120 aut
3539 5043 3674 5120 nihil
3703 5055 3838 5108 prn-

2249 5113 2400 5184 han‘t,
2429 5132 2522 5175 aut
2552 5113 2581 5174 εἰ
2627 5113 2881 5174 Knittelio
2912 5118 3046 5172 falso
3090 5128 3218 5172 sunt
3249 5118 3382 5172 lecta
3416 5114 3499 5167 vel
3524 5113 3832 5184 explicata;

2247 5191 2328 5247 sic
2351 5181 2426 5253 xi.
2450 5192 2518 5245 54
2551 5195 2706 5245 immo
2737 5190 2970 5243 dativutn
3000 5203 3096 5256 pro
3117 5201 3292 5256 gmco
3319 5187 3474 5241 αὐτοῦ
3518 5187 3696 5256 posuit
3721 5181 3836 5256 Go-

2250 5263 2393 5326 thus,
2415 5252 2540 5326 quia
2571 5263 2641 5314 ita
2670 5261 2788 5332 ejus
2812 5252 3013 5332 lingua
3031 5252 3243 5312 dativus
3283 5253 3674 5332 pto_genitivo_
3697 5252 3834 5332 sub:

2247 5322 2493 5388 stantiv'is
2518 5322 2718 5396 apponi
2742 5331 2878 5385 solet
2894 5322 2994 5393 {et
3028 5343 3155 5402 qua:
3185 5322 3558 5402 versio__la_tina
3591 5322 3833 5402 helluari

2248 5405 2328 5456 vel
2357 5404 2453 5467 illi,
2490 5393 2687 5455 Ill-eam
2732 5411 2948 5454 secutus
2970 5393 3090 5452 esse
3116 5397 3324 5452 Gothus
3351 5396 3452 5450 diei
3487 5395 3683 5467 possit?
3732 5393 3835 5467 Sic

2246 5489 2340 5536 xn,
2366 5474 2400 5526 5
2443 5464 2591 5543 'gups
2619 5471 2661 5543 _(
2685 5469 2800 5538 Dei)
2829 5467 3388 5543 versiplatinannlla,
3416 5465 3634 5543 codices
3661 5464 3835 5543 ara-ci

2247 5531 2499 5614 permulti
2520 5531 2762 5606 addunt;
2783 5531 2893 5614 'xu,
2924 5539 2991 5614 l_9
3019 5535 3509 5614 linitteliumjalso
3536 5535 3728 5602 legisse
3756 5531 3832 5614 ad

2246 5603 2300 5667 h.
2331 5614 2365 5669 l.
2393 5613 2660 5677 diximus;
2691 5603 2802 5674 xlv,
2823 5603 2888 5684 θ’
2915 5611 3199 5684 qipaim—
3217 5605 3472 5684 dauliaim
3497 5605 3610 5658 huic
3653 5603 3832 5684 verba

2243 5699 2366 5737 cum
2392 5684 2574 5738 Gotlio
2601 5671 2706 5738 non
2756 5671 2940 5739 solum'
2975 5681 3147 5747 latini,
3199 5677 3294 5734 scd
3322 5671 3483 5733 etiam
3509 5673 3666 5745 gra:ci
3693 5671 3832 5728 Lbri

2243 5762 2279 5808 tt
2293 5761 2613 5824 ansputtuttl.

3121 5933 3191 5943 νο..-
