3948 6170
204 364 296 416 475

202 473 451 546 jiinctione
478 472 652 541 aliqua
672 472 741 527 ad
768 473 897 527 illud
924 474 1473 528 circumscribendutu
1500 485 1753 537 utuntur;

205 565 469 635 particulas
493 566 750 632 quasdam
780 580 983 633 grazcas
1010 581 1040 618 a
1074 567 1253 619 latinis
1279 569 1507 621 omissas
1532 568 1766 622 lldeliter

202 658 475 722 rcildit,sic
500 656 562 712 ἆν
597 658 730 711 Luc.
754 673 831 722 ιχ,
856 659 968 722 46;
1000 675 1065 721 x,
1100 660 1193 724 l3;
1230 676 1371 721 xvtt,
1418 664 1483 724 ὓς
1526 660 1682 713 .loan.
1712 677 1762 713 ix

200 752 291 809 Al;
326 754 474 801 Itoni.
507 765 582 813 ιιι,
613 749 721 814 29;
750 772 847 828 περ
881 751 1007 804 Luc.
1032 767 1184 816 xvnt,
1208 750 1270 804 l4
1290 770 1305 815 ;
1329 752 1453 807 Cor.
1481 754 1544 816 ll,
1565 769 1677 821 vni,
1697 755 1760 817 7;

204 842 362 895 multis
391 840 520 895 locis
544 841 802 896 lectiones
826 841 1111 895 latinorum
1136 857 1165 895 ιι
1189 845 1377 912 grmcis
1401 845 1763 911 discrepantes

202 947 288 985 nec
315 929 515 984 Gothus
542 931 722 993 habet.
746 934 839 985 sed
875 948 996 986 cmn
1017 934 1205 1002 graecis
1236 934 1495 998 concinit,
1528 937 1605 989 sic
1638 937 1698 991 L.
1725 953 1762 999 t,

202 1022 258 1076 10
279 1022 356 1076 ubi
380 1022 557 1076 nullus
586 1022 873 1075 latinorum
897 1039 1017 1076 cum
1044 1025 1218 1076 (iotho
1237 1022 1661 1097 προσδεχόμενον
1688 1026 1765 1079 le-

196 1115 286 1183 git;
313 1115 410 1167 sub
437 1114 698 1168 orationis
725 1115 1006 1169 dominica:
1030 1120 1185 1169 tinem
1212 1114 1421 1171 Gothus
1451 1133 1571 1170 cum
1600 1118 1756 1170 codd.

196 1208 366 1275 grwcis
390 1205 733 1275 duxologiam
764 1205 947 1272 habet,
982 1223 1139 1275 qnam
1174 1205 1461 1261 latinorum
1495 1206 1608 1263 fere
1642 1211 1762 1261 nul-

196 1298 270 1352 liis
293 1335 300 1345 .
321 1299 563 1367 gnoscit;
597 1306 652 1351 et
680 1298 809 1367 quid
840 1298 942 1351 alia
995 1298 1373 1367 producamus,
1429 1314 1549 1352 cum
1580 1302 1765 1369 paucis

195 1391 418 1458 Olct'lilis
455 1389 637 1442 omnia
688 1389 805 1444 fere
850 1404 883 1443 e
937 1389 1127 1458 gra-cis
1181 1389 1368 1443 hausta
1410 1404 1532 1444 esse
1581 1400 1765 1459 aperte

194 1490 437 1534 testentur
459 1481 483 1533 Ἰ

262 1570 362 1624 Viri
390 1571 587 1625 eruditi
642 1571 802 1637 igitur
842 1587 964 1625 cum
995 1572 1045 1625 in
1073 1571 1245 1627 υιηιω
1274 1572 1527 1627 versione
1560 1572 1766 1641 aliquot

193 1662 317 1717 locis
362 1665 647 1716 latinorum
705 1666 951 1718 codicum
1002 1664 1264 1720 lectiones
1294 1667 1639 1735 reperissent,
1673 1667 1762 1720 alii

193 1769 305 1807 euut
326 1755 484 1809 libros
508 1757 787 1824 utriusque
807 1758 1076 1810 sermonis
1095 1757 1433 1812 consuluisse
1458 1758 1501 1821 ¹,
1528 1759 1618 1810 alii
1644 1773 1762 1812 ver-

197 1843 394 1896 sionem
424 1844 692 1912 gethienm
731 1845 1030 1913 posteriore
1070 1856 1229 1899 aetate
1256 1846 1324 1900 ab
1352 1845 1471 1900 aliis
1500 1846 1763 1917 theologis

190 1933 257 1985 ad
282 1934 463 1987 latinos
493 1936 659 1989 libros
690 1934 1031 1990 rel‘ormatam
1051 1951 1171 1992 esse
1191 1947 1513 1992 censuerunt
1534 1940 1574 1992 ³.
1617 1938 1761 2007 Qua-

190 2036 305 2076 rum
330 2023 635 2092 opinionum
670 2027 814 2092 prior
846 2042 1031 2094 parum
1060 2026 1323 2081 laudanda
1352 2028 1603 2093 videtur;
1637 2046 1758 2084 naut

186 2114 384 2168 etiamsi
420 2130 594 2185 neque
634 2132 756 2170 cum
796 2117 1114 2186 Wetsteuio,
1167 2135 1293 2173 num
1339 2118 1521 2174 Ullilas
1568 2121 1761 2190 linguae

190 2204 359 2258 latina:
382 2207 607 2271 peritus,
635 2221 809 2276 neque
830 2223 953 2262 cum
978 2208 1227 2264 Hicltesio
1248 2220 1301 2263 et
1332 2210 1609 2276 Lacrozio,
1633 2226 1757 2265 num

189 2300 343 2352 latina
374 2301 550 2369 tiugtta
581 2302 633 2354 itt
661 2301 842 2356 Moesia
872 2303 1108 2372 vulgaris
1138 2315 1191 2357 et
1234 2304 1385 2358 latini
1428 2319 1595 2358 sacra:
1616 2308 1760 2363 Scri-

189 2403 351 2459 ptura:
397 2393 614 2449 codices
654 2394 783 2450 illuc
832 2397 1074 2451 translati
1114 2398 1308 2450 laerint
1335 2398 1379 2463 ³,
1437 2400 1755 2466 quaerimus;

190 2492 357 2536 Iatuen
403 2483 525 2551 quia
558 2485 647 2537 lux
676 2486 937 2556 evangelii
969 2485 1157 2540 Gothis
1184 2501 1212 2539 a
1244 2501 1422 2555 graeco
1450 2486 1581 2542 orbe
1606 2488 1760 2542 alfal-

185 2590 341 2640 sera',
367 2576 483 2630 ﬁeri
515 2590 619 2629 non
658 2577 859 2643 potuit,
906 2582 1033 2647 quin
1065 2578 1316 2633 doctores
1343 2580 1566 2648 gothici,
1597 2581 1686 2649 qui
1727 2596 1757 2635 a

185 2663 379 2720 Griecis
399 2668 699 2735 doctrinam
742 2678 1065 2737 acceperant
1106 2679 1162 2723 et
1206 2669 1256 2724 in
1287 2684 1581 2740 graecorum
1611 2672 1758 2726 chri-

184 2759 466 2811 stianorutn
497 2759 745 2813 conciliis
778 2760 1090 2825 intererant,
1143 2776 1337 2830 graeca:
1380 2763 1757 2832 lingua-gnari

183 2858 371 2912 essent,
404 2864 473 2902 ιιι
501 2866 609 2917 quo
662 2850 976 2919 intelligitur
1005 2852 1205 2905 nullam
1241 2866 1361 2907 esse
1404 2868 1620 2908 causam
1661 2869 1757 2909 cur

185 2947 374 3010 perus
404 2947 673 3013 interpres
700 2944 983 3000 bibliorum
1006 2948 1071 2999 ad
1103 2948 1268 3003 libros
1294 2947 1487 3002 latinos
1507 2950 1757 3017 confuge-

184 3033 270 3097 rit,
291 3035 446 3102 cujus
468 3035 683 3105 linguae,
707 3037 751 3090 si
779 3050 904 3091 vere
922 3051 1038 3090 eam
1062 3038 1268 3101 calluit,
1289 3039 1522 3107 cognitio
1542 3042 1590 3093 ei
1609 3050 1755 3093 certe

180 3138 274 3177 non
301 3124 540 3192 paratior
565 3139 724 3195 quam
762 3140 952 3194 grascae
981 3136 1144 3181 esset.
1178 3126 1354 3182 Medio
1381 3127 1600 3197 quidem
1638 3143 1754 3183 ιιινο

184 3214 451 3284 theologos
474 3224 621 3269 tanta
654 3215 847 3285 linguae
875 3232 1065 3287 graeca:
1114 3218 1381 3288 imperitia
1427 3219 1755 3276 laboravisse

178 3304 390 3369 scimus,
423 3318 479 3359 ut
502 3306 677 3361 sicuti
704 3308 897 3362 littera:
924 3322 1095 3363 sacra:
1115 3319 1297 3363 essent
1318 3310 1659 3375 adhibendte,
1684 3310 1752 3366 ad

183 3396 331 3451 libros
364 3397 560 3451 latinos
589 3397 990 3466 confugeretur,
1025 3400 1075 3452 id
1107 3401 1249 3469 quod
1278 3400 1541 3455 Lutherus
1570 3411 1755 3455 noster

181 3486 313 3549 fecit,
345 3487 658 3557 priusquam
688 3490 878 3559 graecis
902 3491 1099 3544 litteris
1115 3493 1330 3545 studere
1347 3492 1632 3560 coepisset;
1656 3494 1750 3547 sed

179 3575 289 3630 inde
314 3577 570 3647 probare,
623 3579 711 3632 illa
739 3595 953 3649 quoque
1002 3590 1158 3635 aetate
1204 3582 1513 3637 hominibus
1553 3585 1753 3638 exteris

180 3670 382 3743 latinam
410 3686 570 3739 quam
596 3687 826 3741 graecam
853 3673 1147 3728 faciliorem
1177 3674 1447 3728 intellectu
1480 3676 1646 3729 fuisse
1674 3686 1756 3729 at-

177 3772 269 3827 que
297 3763 345 3814 in
369 3762 709 3830 explicandis
739 3762 873 3817 locis
913 3762 1304 3819 difﬁcilioribus
1350 3765 1543 3819 latinos
1588 3766 1755 3823 libros

178 3850 456 3917 adtribLtos,
494 3852 847 3920 periculosius
874 3854 1101 3908 videtur.
1137 3856 1205 3908 Et
1232 3855 1281 3909 si
1311 3871 1439 3911 vere
1474 3856 1660 3911 habuit
1688 3859 1751 3912 li-

180 3943 291 3999 bras
319 3949 537 4009 latinos,
567 3961 667 4000 cur
690 3947 759 4001 de
787 3956 893 3999 tam
937 3947 1121 4016 paucis
1152 3947 1284 4002 locis
1327 3963 1423 4003 eos
1462 3950 1753 4014 consuluit,

179 4036 237 4087 de
264 4036 506 4103 plurimis
536 4036 658 4090 aliis
698 4037 952 4106 neglexit,
1008 4037 1094 4091 ubi
1141 4047 1363 4107 propter
1406 4039 1754 4095 dillicultates

180 4124 627 4196 interpretationis
668 4137 759 4182 aut
805 4129 984 4183 minus
1022 4140 1168 4184 recte
1214 4141 1304 4184 aut
1363 4146 1582 4199 prorsus
1621 4134 1757 4187 falso

179 4218 467 4271 convertit?
522 4216 686 4271 Multo
725 4226 901 4273 autem
935 4219 1260 4287 probabilior
1288 4230 1370 4275 est
1416 4226 1584 4277 altera
1633 4238 1757 4277 seu-

182 4312 355 4377 tentia,
381 4325 485 4379 qua
516 4312 699 4365 versio
731 4312 784 4365 in
814 4312 998 4366 Mtesia
1026 4326 1092 4367 ex
1124 4312 1274 4367 libris
1296 4314 1485 4382 graecis
1512 4315 1755 4370 conficta

183 4410 353 4465 postea
383 4403 434 4455 in
471 4401 615 4456 Italia
650 4402 720 4455 ab
761 4403 879 4458 aliis
927 4404 1194 4473 theologis
1221 4406 1449 4473 gothicis
1486 4406 1552 4459 ad
1599 4417 1757 4459 terro-

182 4503 283 4544 rem
308 4501 361 4546 et
387 4510 633 4547 normam
666 4494 951 4549 latinorum
991 4494 1247 4549 librorutn
1279 4506 1479 4549 mutata
1506 4506 1559 4551 et
1590 4498 1755 4551 inter-

182 4582 343 4646 polata
385 4598 509 4637 esse
552 4584 911 4638 existimatur.
963 4583 1145 4653 Neque
1185 4584 1567 4639 Griesbachius
1600 4584 1621 4616 ‘
1653 4601 1750 4639 au-

182 4670 394 4727 diendus
424 4685 528 4737 est,
552 4675 641 4743 qui
670 4675 937 4743 gothicam
964 4676 1262 4729 versionem
1288 4675 1463 4743 aliqua
1496 4676 1753 4729 relatione

183 4777 292 4817 cum
324 4764 503 4819 latinis
532 4766 875 4834 eoujuuetam
907 4780 1028 4820 esse
1058 4781 1259 4834 negans
1291 4767 1486 4835 potius,
1513 4782 1634 4835 qua:
1665 4766 1751 4820 ila

184 4869 240 4906 ex
287 4853 368 4908 bis
409 4856 464 4909 in
510 4871 569 4910 se
596 4857 850 4910 translata
885 4856 1083 4912 habere
1107 4856 1371 4922 videatur,
1404 4872 1465 4911 ea
1498 4868 1588 4911 aut
1624 4869 1751 4911 casu

251 4968 266 4997 ‘
298 4967 575 5023 Benzelius
608 4968 815 5037 puniat.
846 4986 900 5038 p.
930 4985 1098 5023 xxxnt
1127 4986 1139 5021 :
1166 4969 1341 5022 versio
1364 4968 1499 5021 facta
1530 4978 1635 5033 est,
1669 4970 1748 5023 itt-

186 5040 308 5103 quit,
355 5055 462 5093 non
488 5040 723 5105 aliunde,
774 5057 932 5107 quam
976 5039 1284 5094 authentiea
1338 5054 1532 5106 graeca,
1585 5040 1749 5093 latino

190 5117 353 5179 tamen
384 5108 698 5178 interprete,
747 5112 836 5176 qtti
888 5110 977 5163 ille
1018 5108 1396 5179 cuiiique_l'uit,
1427 5126 1532 5179 non
1565 5109 1749 5163 incon-

189 5177 343 5242 sulto;
365 5176 774 5249 cf._Bengelinm
811 5180 1113 5249 Defensioue
1137 5176 1209 5232 Ν.
1238 5176 1301 5231 Τ.
1334 5178 1506 5249 ρῷὶἹ.
1536 5180 1746 5233 Sentie-

190 5249 382 5317 rouiad
411 5247 675 5303 Wetsteu.
702 5266 750 5315 p.
778 5247 903 5314 509,
928 5249 1244 5303 Grimmium
1272 5248 1356 5301 W.
1380 5248 1430 5303 .l.
1461 5265 1556 5304 cxx
1583 5265 1633 5317 p.
1656 5251 1746 5303 47.

248 5316 625 5388 'hWeNenius
649 5335 701 5388 p.
730 5321 832 5374 306
853 5321 981 5373 edit.
1021 5322 1188 5374 Setnl.
1219 5318 1339 5372 lhre
1366 5319 1514 5387 Ulﬁl.
1543 5320 1733 5372 ilmstr.

192 5400 238 5451 ι).
267 5386 388 5443 268.
422 5386 661 5443 lahnius
684 5388 892 5442 Eiuleit.
949 5405 999 5455 p.
1023 5390 1086 5443 3i
1119 5406 1243 5512 ειμὲ
1266 5388 1561 5443 Castillion.
1616 5391 1747 5454 Spe-

192 5460 296 5511 ttm.
326 5461 474 5512 brief.
510 5476 559 5512 ιι.
599 5476 693 5512 xx.
725 5461 793 5512 cf.
826 5462 1073 5512 eumdem
1106 5460 1171 5512 ad
1252 5460 1402 5512 nltes.
1436 5476 1494 5512 ll.
1525 5457 1558 5512 3
1591 5470 1645 5512 et
1677 5460 1743 5512 ad

187 5460 474 5580 ‘prtef.
599 5476 693 5514 xx.
725 5461 793 5514 cf.
826 5462 1073 5514 eumdem
1106 5460 1171 5513 ad
1203 5457 1402 5529 Ephes.
1436 5476 1494 5525 ιι,
1525 5457 1558 5512 3
1591 5470 1645 5512 et
1677 5460 1743 5512 ad

231 5541 258 5576 a
280 5544 306 5577 τι
338 5568 349 5577 .
386 5543 466 5583 Ιν.
570 5570 582 5581 .

261 5568 708 5668 ῗιὶιῆιίτὲνὺιιιι.
738 5600 983 5653 illustrat.
1012 5615 1063 5668 p.
1085 5599 1211 5664 eoo,
1241 5598 1367 5653 269.

328 5670 558 5752 Epistula
601 5673 667 5724 ad
708 5670 971 5725 Zahuium
1005 5665 1150 5734 data,
1208 5670 1314 5723 vid.
1379 5668 1567 5724 Zalmii
1625 5669 1755 5724 Eiu-

192 5738 286 5838 ‘m'.
320 5740 574 5864 ἐκ
625 5811 891 5880 paralltlis
966 5812 1278 5883 interpolata
1347 5808 1512 5867 habes
1578 5808 1745 5865 lucc:

1531 356 1895 413 PllOLEGOM
1905 357 2033 412 ENA
2046 398 2060 411 .

3346 363 3445 419 ιιι

1866 474 2087 528 fortuito
2114 485 2169 529 et
2192 490 2221 527 a
2249 472 2426 530 Gotho
2452 484 2507 531 et
2531 492 2560 531 a
2594 476 2796 531 Latinis
2820 478 3023 546 addita,
3052 488 3145 532 aut
3167 495 3289 534 cum
3317 496 3449 535 con-

1870 579 2059 618 sensus
2099 567 2167 617 ita
2200 565 2411 631 haheat,
2447 576 2502 619 ut
2529 569 2759 623 maxime
2787 569 3280 637 interpretamenta,
3307 572 3451 641 glos-

1868 667 2071 709 semata
2089 697 2103 719 ,
2130 658 2493 710 additamenta
2528 675 2558 712 ει
2590 660 2719 712 locis
2749 660 3021 729 parallelis
3047 661 3068 691 '
3095 661 3314 730 ejusque
3341 661 3450 716 sint

1868 750 2079 817 generis
2105 750 2238 813 alia,
2276 752 2329 804 in
2364 761 2645 817 utramque
2675 752 2970 805 versionem
2997 769 3061 808 ex
3090 755 3278 808 eodetn
3304 755 3449 809 fonte

1867 842 2091 895 deducta
2122 858 2243 897 esse
2266 845 2532 911 opinatur.
2563 845 2685 898 llirc
2714 848 2880 899 altera
2902 849 3106 915 opinio,
3138 858 3193 901 ιιι
3215 849 3445 915 priorem

1867 936 2174 989 omittamus
2195 976 2209 999 ,
2255 937 2518 1003 sagaciter
2551 939 2762 1006 quidem
2800 940 3093 1007 excogitata
3133 949 3244 1005 est,
3277 942 3369 995 sed
3399 942 3443 996 si

1869 1025 1949 1078 vir
1974 1026 2313 1081 doctissimus
2341 1028 2683 1093 epistularum
2710 1046 2852 1083 nunc
2879 1031 3139 1085 editarnm
3168 1050 3447 1101 compara-

1868 1116 2066 1170 tionem
2096 1115 2374 1171 instituere
2405 1122 2657 1183 potuisset
2688 1129 2743 1174 et
2769 1121 2850 1174 νιιΙ
2884 1136 3095 1175 errores
3123 1137 3153 1177 e
3180 1122 3359 1177 latinis
3390 1125 3443 1178 in

1868 1205 2133 1273 gothicam
2168 1206 2471 1261 versionem
2498 1209 2771 1263 transiisse
2797 1211 3034 1274 vidisset,
3065 1213 3251 1281 procul
3282 1213 3445 1268 dubio

1866 1296 2021 1350 aliter
2053 1296 2381 1364 judicasset;
2422 1314 2544 1352 nam
2572 1315 2621 1352 e.
2654 1315 2706 1367 g.
2734 1302 2874 1369 quod
2908 1302 3042 1371 Eph.
3078 1320 3111 1357 ιι
3133 1343 3147 1364 ,
3181 1303 3214 1356 3
3236 1304 3300 1358 ad
3329 1321 3445 1359 vcr-

1870 1386 2202 1466 buut'textus
2229 1391 2415 1461 viljaus
2468 1391 2814 1461 (voluntates)
2864 1392 2918 1445 in
2962 1394 3203 1462 margine
3245 1394 3445 1449 lustrius

1868 1477 2216 1546 (voluptates)
2247 1480 2475 1547 positum
2506 1490 2613 1541 est.
2638 1481 2779 1536 unde
2808 1496 2869 1536 ea
2903 1483 3059 1537 lectio
3087 1484 3254 1548 venit,
3282 1484 3382 1537 nisi
3413 1498 3445 1539 ο

1868 1570 2033 1624 latino
2058 1570 2242 1624 codice
2266 1611 2282 1633 ,
2330 1574 2381 1625 in
2408 1587 2513 1641 quo
2544 1574 2701 1627 verba
2746 1588 2880 1627 sonu
2919 1576 3113 1629 similia
3147 1586 3443 1642 permutata

1864 1662 2053 1714 erant?
2081 1660 2264 1728 Neque
2291 1663 2377 1715 illa
2405 1662 2694 1725 sententia,
2729 1663 2883 1717 nobis
2912 1666 3154 1732 probata,
3183 1676 3287 1718 tam
3316 1666 3447 1719 ridi-

1866 1751 1983 1803 cula
2008 1761 2127 1815 est,
2162 1767 2320 1819 quam
2356 1752 2621 1807 Richardo
2649 1752 2852 1806 Simoni
2886 1754 2907 1783 ⁸
2936 1754 3248 1820 videbatur,
3282 1756 3444 1811 modo

1867 1858 1934 1897 ne
1956 1842 2024 1897 de
2057 1843 2277 1913 Vulgata
2305 1846 2595 1915 cogitetur,
2627 1845 2691 1899 ad
2722 1860 2878 1912 quam
2912 1855 3089 1899 nostra
3124 1846 3300 1900 versio
3331 1863 3447 1901 mu-

1867 1943 1971 1988 tata
2001 1935 2089 1989 sit.
2129 1935 2405 2005 Vulgatam
2438 1939 2604 2001 enim,
2636 1953 2792 2005 quam
2833 1952 2974 1990 nunc
3002 1946 3211 2002 vocarit,
3242 1936 3447 1992 Gothos

1863 2041 1969 2080 non
2018 2028 2328 2082 adhibuisse
2370 2043 2477 2081 nou
2519 2028 2693 2082 solum
2726 2027 2851 2082 inde
2890 2030 3263 2096 cognoscitur,
3303 2032 3445 2100 quod

1863 2120 2030 2172 multo
2063 2129 2181 2187 post
2230 2135 2325 2174 usu
2371 2128 2583 2189 recepta
2613 2129 2736 2186 est,
2768 2135 2953 2175 verum
2983 2122 3143 2175 etiam
3174 2123 3312 2192 quod
3340 2123 3447 2178 Go-

1864 2211 2009 2265 thica
2041 2214 2218 2268 versio
2244 2222 2300 2267 et
2330 2214 2456 2265 novi
2481 2223 2535 2267 et
2560 2212 2754 2267 veteris
2783 2215 3115 2281 testamenti,
3146 2229 3266 2288 cum
3300 2215 3448 2269 unlio

1862 2300 1976 2356 fere
2014 2303 2147 2357 libro
2188 2303 2393 2367 rarius,
2421 2319 2580 2373 quam
2610 2319 2732 2357 cum
2765 2304 2853 2358 illa
2879 2305 3118 2358 concinit
3143 2306 3162 2337 ⁷
3196 2321 3211 2369 ;
3261 2317 3445 2359 contra

1862 2394 2059 2462 sirpius
2092 2410 2213 2448 cum
2244 2396 2461 2465 antiqua
2494 2396 2582 2449 illa
2606 2397 2876 2464 versione,
2909 2410 3068 2464 quam
3102 2397 3203 2450 hoc
3230 2397 3446 2451 nomine

1860 2484 2180 2551 appellatam
2204 2485 2449 2539 Sabatier
2478 2502 2508 2537 e
2536 2485 2700 2539 variis
2720 2484 2993 2540 codicibus
3017 2486 3295 2542 collectam
3324 2502 3445 2540 cum

1862 2573 2085 2644 Vulgata
2129 2575 2333 2640 edidit,
2380 2575 2577 2644 sa'pius
2605 2578 2765 2631 etiam
2812 2592 2933 2631 cum
2963 2578 3212 2632 Brixiano
3236 2578 3446 2643 codice,

1860 2681 2019 2734 quem
2046 2665 2389 2720 Blauchinius
2410 2666 2609 2730 edidit;
2632 2666 2727 2721 sed
2749 2681 2871 2720 cum
2900 2667 3046 2720 nullo
3070 2668 3258 2721 horum
3283 2668 3447 2722 libro-

1862 2772 1979 2810 rum
2008 2757 2075 2810 ita
2105 2759 2352 2825 congruit
2392 2756 2598 2810 Gothus
2622 2797 2639 2822 ,
2688 2767 2746 2811 ut
2774 2773 2936 2810 unutn
2964 2766 3055 2810 aut
3083 2758 3307 2811 alterum
3335 2772 3446 2828 pne

1867 2847 2088 2917 reliquis
2117 2860 2333 2902 secutus
2361 2862 2481 2902 esse
2508 2848 2611 2901 diri
2646 2849 2832 2916 possit.
2889 2848 2992 2903 iles
3020 2859 3196 2902 autent
3232 2851 3311 2903 sic
3347 2850 3443 2902 lia-

1860 2938 1987 2993 bere
2024 2938 2278 2994 videtur:
2311 2937 2469 2993 Gothi
2521 2939 2719 2993 relictis
2767 2940 2881 2993 lstri
2940 2939 3072 3002 ripis
3116 2940 3278 2995 bililia
3324 2956 3442 3009 sua,

1858 3031 1998 3085 sicut
2024 3040 2181 3085 erant
2210 3032 2278 3086 ab
2308 3031 2461 3087 Ultila
2491 3045 2746 3085 conversa
2774 3072 2789 3094 ,
2820 3042 2911 3085 aut
2937 3033 3097 3087 eiam
3143 3034 3212 3088 ab
3238 3033 3441 3104 aliquo,

1855 3123 1900 3177 si
1931 3123 2056 3192 qttid
2083 3128 2326 3187 deesset,
2365 3122 2602 3191 perfecta
2622 3162 2638 3186 .
2666 3137 2848 3177 secum
2882 3122 2935 3176 in
2966 3122 3166 3177 Italiam
3193 3124 3445 3194 deporta-

1858 3222 2014 3277 raut;
2064 3214 2132 3267 ibi
2169 3213 2463 3269 incolentes
2496 3228 2618 3267 cum
2648 3213 2881 3282 linguam
2912 3213 3275 3269 Romanorum
3306 3214 3444 3271 didi-

1855 3305 2056 3360 cissent
2083 3315 2137 3360 et
2167 3304 2362 3360 latinos
2398 3319 2567 3360 sacra:
2585 3302 2877 3374 Scriptura:
2923 3305 3134 3361 codices
3160 3346 3176 3371 ,
3218 3306 3269 3360 in
3307 3322 3442 3378 quos

1855 3396 2183 3462 inciderant,
2211 3412 2242 3451 a
2272 3412 2370 3451 sua
2402 3397 2842 3466 interpretatione
2868 3395 3175 3467 discrepare
3194 3437 3211 3463 ,
3243 3399 3440 3467 passim

1856 3490 2017 3542 etiam
2039 3489 2308 3541 auctiores
2328 3502 2448 3541 esse
2476 3487 2758 3551 vidissent,
2780 3503 2843 3541 ex
2870 3487 2976 3541 illis
2995 3490 3258 3557 exemplis
3278 3488 3442 3542 libros

1856 3591 1985 3631 suos
2011 3577 2080 3629 ita
2110 3587 2459 3631 correxerunt
2483 3587 2644 3645 atque
2667 3589 3029 3644 mutaverunt,
3052 3587 3109 3631 ut
3131 3580 3212 3633 vel
3233 3580 3439 3647 singula

1858 3668 2019 3721 verba
2049 3669 2259 3737 gothica
2284 3670 2513 3737 antiqua:
2544 3668 2805 3723 versionis
2830 3684 2950 3722 cum
2980 3670 3105 3724 aliis
3130 3672 3243 3725 sive
3275 3673 3443 3727 usita-

1858 3761 2103 3825 toribus,
2135 3759 2248 3815 sive
2292 3759 2358 3813 ad
2400 3775 2615 3813 sensum
2663 3760 2991 3814 reddendum
3036 3762 3205 3827 magis
3237 3762 3442 3817 idoneis

1857 3860 2266 3921 permutarent,
2299 3852 2382 3905 vel
2412 3850 2456 3905 si
2484 3868 2601 3920 qua:
2634 3866 2817 3905 manca
2852 3852 3183 3920 viderentur,
3222 3867 3283 3906 ea
3315 3868 3441 3921 sup-

1858 3943 2086 4013 plereut.
2106 3946 2223 4011 Quo
2246 3942 2441 3996 factum
2460 3952 2564 4004 est.
2591 3952 2646 3996 ut
2670 3958 2773 3996 non
2796 3943 2969 3995 solum
2995 3944 3255 3997 lectiones
3279 3943 3442 3998 libro-

1856 4049 1974 4087 rmn
1999 4034 2286 4089 latinorum
2313 4032 2367 4088 in
2391 4034 2635 4087 versione
2657 4048 2744 4095 ea,
2769 4049 2887 4099 quae
2907 4048 2938 4088 e
2958 4033 3146 4102 graecis
3166 4034 3441 4089 codicibus

1859 4123 1996 4178 facta
2020 4133 2156 4187 erat,
2176 4123 2670 4193 deprehendantur,
2691 4124 2713 4154 ⁸
2734 4124 2828 4175 sed
2850 4124 3013 4177 etiam
3036 4138 3118 4178 eae
3145 4125 3439 4179 litterarqu

1854 4230 2127 4270 sacrarum
2154 4226 2353 4284 partes,
2378 4230 2497 4284 quae
2526 4214 2664 4269 binis
2686 4215 2949 4282 exemplis
2970 4215 3198 4285 gothicis
3218 4230 3440 4269 conser-

1857 4321 1991 4362 vatze
2021 4308 2157 4373 sint,
2193 4307 2419 4361 duarum
2459 4306 2839 4361 recensiouttm
2878 4306 3101 4375 vestigia
3132 4306 3437 4371 ostendant,

1855 4402 2074 4456 alteram
2121 4398 2478 4467 antiquiorem
2516 4400 2582 4452 ad
2625 4406 2799 4451 textus
2837 4398 2997 4466 grzeci
3036 4397 3439 4452 similitudinem

1858 4493 2029 4560 magis
2066 4490 2553 4553 accommodatam,
2594 4489 2817 4542 alteram
2855 4488 3213 4542 recentiorem
3257 4489 3443 4544 multis

1859 4584 1990 4638 locis
2012 4580 2369 4645 emendatam,
2397 4589 2675 4644 mutatam,
2703 4577 3101 4646 interpolatam,
3123 4576 3217 4631 sed
3242 4576 3312 4631 ita
3361 4588 3441 4645 ut,

1854 4678 1944 4746 qui
1973 4690 2094 4730 eaut
2146 4672 2449 4742 relegerent
2476 4684 2635 4738 atque
2681 4679 3077 4736 retractarent,
3118 4670 3153 4723 ii
3184 4670 3442 4725 librorum

1855 4769 2202 4834 antiquorum
2232 4766 2491 4819 lectiones
2521 4764 2769 4832 religiose
2796 4765 2848 4817 in
2876 4762 3111 4831 margine
3134 4762 3214 4817 sui
3245 4763 3442 4817 codicis

1854 4860 2206 4929 appingerent
2229 4897 2245 4924 ,
2278 4872 2411 4927 quas
2458 4855 2833 4912 adnotationes
2864 4853 3068 4910 librarii
3114 4854 3441 4923 posteriores

1860 4972 2045 5027 Matth.
2077 4973 2181 5041 (ιιι,
2213 4969 2304 5036 ll)
2346 4986 2510 5041 xxvtt,
2562 4968 2631 5022 42
2662 4970 2836 5041 (ἴ›8);Δ
2858 4968 3020 5041 mare.
3063 4983 3120 5035 ιι,
3154 4966 3251 5041 22;
3290 4983 3342 5031 x,
3371 4970 3439 5041 ιιι

1860 5038 2333 5116 ιινηξῖέῌινιῖι,
2365 5040 2449 5103 31,
2478 5041 2575 5116 ιρς
2597 5054 2709 5116 xvi,
2738 5043 2787 5102 ι,
2809 5038 3035 5116 Luc.
3064 5052 3134 5106 tv,
3157 5039 3255 5102 33;
3277 5052 3351 5116 vi.
3377 5040 3437 5116 id;

1859 5129 1935 5179 ιιι,
1964 5112 2057 5175 43,
2087 5114 2176 5175 50;
2207 5111 2363 5167 Joan.
2396 5126 2485 5175 xv,
2506 5110 2561 5174 ‘3;
2589 5108 2705 5164 Gal.
2736 5124 2789 5175 γ,
2818 5109 2920 5175 20;
2941 5108 3149 5163 Coloss.
3169 5123 3250 5173 ιιι,
3273 5111 3336 5173 8;
3365 5110 3437 5161 ct'.

1859 5183 2009 5239 Millii
2042 5182 2283 5250 Prolegg.
2315 5179 2419 5234 742
2446 5195 2563 5247 seq.

1932 5254 1954 5284 ⁶
1984 5244 2422 5305 Ιιὶδιοιιὰἶιὶιὶεα
2448 5244 2736 5301 νει-ἰἱοηιιιιι
2762 5246 2836 5318 Ν.
2861 5246 2923 5301 Τ.
2954 5263 3010 5318 p.
3041 5244 3165 5300 222.

1929 5324 1949 5353 "
1991 5322 2073 5374 Cf.
2122 5320 2427 5373 Kuitteliutn
2481 5333 2530 5384 p.
2577 5318 2715 5385 376;
2767 5314 3023 5370 Zaltnitim
3084 5333 3135 5385 ιι.
3190 5315 3279 5369 32.
3335 5314 3438 5385 Pro

1860 5393 2042 5447 multis
2072 5392 2192 5444 alits
2221 5390 2351 5442 locis
2381 5404 2521 5441 nunc
2551 5384 2828 5439 laudamus
2854 5384 3091 5441 Tituotlt.
3122 5385 3162 5446 Ι,
3194 5400 3271 5446 ιιι,
3294 5386 3328 5437 6
3356 5384 3436 5436 lo-

1857 5477 1978 5517 cum
1997 5460 2425 5521 celelierrimum,
2452 5456 2538 5509 tibi
2565 5455 2725 5509 Goth.
2748 5473 2867 5511 cum
2888 5457 3078 5526 gra-cis
3102 5455 3232 5519 οιός,
3254 5470 3282 5507 a
3313 5453 3438 5506 Vul-

1856 5541 1979 5601 gata
2008 5536 2285 5604 omissum.
2312 5528 2457 5604 legit,
2491 5536 2545 5581 et
2572 5526 2637 5580 tle
2670 5539 2851 5581 vetere
2893 5525 3208 5604 testamento
3238 5525 3306 5577 cf.
3340 5539 3439 5604 Itll-

1858 5598 2036 5655 meros
2085 5618 2116 5654 e
2149 5599 2284 5652 libro
2324 5598 2597 5653 Getteseos
2637 5612 2797 5665 supra
2846 5608 2898 5661 ιι.
2947 5611 2999 5649 xt
3039 5598 3252 5660 citatos,
3284 5598 3373 5665 qui
3405 5607 3440 5649 a

1863 5672 2014 5738 Vulg.
2050 5670 2275 5723 multmn
2306 5669 2630 5738 discrepant.

1930 5744 1949 5772 ⁸
1976 5737 2112 5795 Vide
2141 5753 2295 5809 t-ttpra
2324 5753 2437 5807 pag,
2483 5737 2736 5793 tostos.
