3948 6170
491 229 594 285 4⁸13

492 339 672 394 rieuda
705 337 1074 392 imbuerentur
1100 345 1259 403 atque
1288 335 1762 396 confirmarentur;
1788 332 1878 384 sed
1903 330 2064 385 ctiam

490 429 842 486 demonstrari
893 429 1143 498 perfacile
1193 436 1398 495 potest.
1437 425 1670 480 Gothum
1724 441 1835 477 sua:
1879 423 2070 492 lingua:

488 522 656 593 cepits
684 524 752 576 ita
783 537 934 575 usmn
964 535 1083 575 esse
1111 519 1331 587 ejusque
1359 518 1502 586 leges
1533 517 1602 570 ita
1631 516 1975 577 observasse,
2010 522 2070 566 ut

491 615 888 670 translationem
933 626 1060 666 vere
1106 611 1411 680 gothicam,
1461 625 1566 664 non
1616 623 1843 677 gmcatn
1894 607 2071 661 verbis

488 706 724 775 gothicis
755 705 998 758 vestitam
1027 701 1334 756 exhibuisse
1373 699 1479 752 dici
1521 701 1691 768 possit
1725 700 1766 751 ¹.
1801 697 1931 751 Nam
1978 711 2070 750 ne-

488 810 594 863 que
627 793 906 848 articulum
955 791 1134 860 ponit,
1180 789 1282 844 nisi
1313 789 1400 844 ubi
1447 803 1626 843 sermo
1669 786 1916 857 gothicus
1945 801 2069 841 eum

489 884 755 950 admittit,
790 895 964 951 neque
987 895 1191 934 morem
1214 894 1446 949 graecum
1469 894 1590 933 cum
1615 877 1857 946 subjecto
1879 885 2072 930 neutro

489 976 710 1047 pluralis
738 974 958 1029 verbum
991 973 1273 1042 singularis
1303 971 1510 1025 numeri
1550 968 1908 1039 conjungendi
1952 966 2072 1022 imi-

489 1077 659 1132 tatur;
689 1065 827 1119 duali
859 1077 1084 1118 numero
1122 1061 1337 1132 saepius,
1369 1075 1528 1130 quam
1557 1059 1610 1114 in
1654 1059 1847 1129 graecis
1895 1057 1986 1122 lit,
2017 1065 2072 1110 et

491 1158 610 1212 loco
645 1155 1000 1225 genitivorum
1038 1169 1066 1207 a
1112 1151 1460 1208 substantivis
1499 1151 1842 1222 pendentium
1884 1149 2072 1218 saepis-

487 1246 624 1299 sime
649 1243 843 1298 dativis
881 1243 1050 1296 utitur
1092 1239 1187 1314 (cf.
1211 1241 1276 1295 ad
1303 1240 1460 1296 Joan.
1484 1256 1572 1294 vui
1590 1280 1605 1306 ,
1633 1241 1760 1307 54);
1809 1238 2069 1307 praedica-

488 1346 600 1390 tum
629 1350 734 1388 non
761 1347 889 1388 casu
915 1347 1036 1387 cum
1081 1332 1324 1402 subjecto
1371 1345 1605 1400 congruo
1637 1331 1815 1399 ponit,
1851 1327 1944 1382 sed
1974 1327 2071 1381 ad-

487 1429 596 1482 dita
627 1427 696 1479 du
735 1424 1111 1494 praepositione
1152 1422 1354 1487 reddit;
1387 1423 1595 1476 duobus
1625 1421 1776 1476 verbi
1816 1417 2072 1487 tempori-

492 1521 591 1574 bus
619 1526 902 1573 contentus
929 1530 1104 1585 neque
1131 1515 1197 1568 ad
1237 1513 1567 1569 reddendum
1603 1515 1863 1574 futurum,
1899 1524 2072 1579 neque

488 1609 553 1662 ad
612 1606 876 1675 pneterita
931 1603 1302 1674 distinguenda
1357 1617 1518 1657 novas
1577 1603 1775 1655 formas
1830 1600 2064 1663 inducit;

489 1710 729 1766 tempora
762 1711 867 1750 non
889 1701 1165 1764 computat
1185 1708 1444 1747 annorum
1463 1735 1476 1760 ,
1506 1691 1602 1746 sed
1627 1691 1858 1745 hiemum
1883 1689 2069 1758 spatiis

489 1788 622 1859 (vid.
649 1787 714 1841 ad
747 1787 935 1841 Matth.
961 1799 1014 1838 ιι
1036 1824 1050 1847 ,
1075 1783 1164 1848 20,
1189 1793 1244 1838 et
1271 1783 1403 1837 Luc.
1432 1797 1497 1848 ιι,
1524 1782 1656 1851 42),
1707 1797 1813 1834 non
1865 1779 2069 1835 novilu-

490 1881 616 1943 niis,
642 1877 737 1931 sed
770 1875 1081 1946 pleniluniis
1122 1874 1256 1943 (vid.
1281 1875 1347 1928 ad
1385 1874 1592 1928 Coloss.
1618 1888 1682 1938 ιι,
1714 1872 1820 1942 ιϐ),
1853 1882 1907 1927 et
1949 1872 2070 1941 quis

483 1984 800 2024 enumerare
841 1977 1048 2037 potest,
1073 1967 1284 2036 quoties
1327 1965 1488 2021 verba
1522 1964 1821 2034 transponit
1842 2003 1856 2028 ,
1891 1978 2068 2032 neque

489 2063 829 2130 negationem
857 2060 1068 2129 quidem
1093 2059 1262 2113 solum
1279 2099 1296 2125 ,
1325 2058 1392 2112 de
1419 2073 1522 2127 qua
1547 2072 1605 2113 re
1627 2072 1787 2127 supra
1813 2057 2068 2121 diximus,

488 2153 583 2208 sed
617 2151 776 2206 etiam
817 2151 920 2204 alia
970 2147 1116 2220 (vide
1142 2163 1174 2202 e
1202 2147 1456 2202 Matthzeo
1485 2148 1603 2202 solo
1640 2163 1743 2215 vn,
1772 2145 1844 2199 24
1874 2147 2071 2199 vanrda

488 2241 655 2294 meina
671 2280 686 2304 ,
712 2255 794 2309 gr.
818 2245 916 2309 μοῦ
940 2241 1057 2298 τοὺς
1083 2237 1286 2310 λόγους.
1313 2236 1386 2290 24
1407 2236 1696 2307 jainamma
1726 2253 1886 2290 razna
1904 2264 1975 2276 —
1999 2239 2072 2290 οἰ-

488 2336 573 2408 κίᾳ
612 2333 786 2404 ἐκείνῃ,
815 2331 893 2384 sic
927 2344 1047 2394 vin,
1085 2330 1182 2393 l5;
1216 2343 1295 2394 ιι,
1323 2328 1420 2393 26;
1452 2343 1574 2394 vut,
1597 2329 1631 2382 5
1665 2327 1793 2397 pata
1834 2326 2072 2398 prustﬁll

485 2426 530 2478 is
550 2451 618 2465 -—
638 2425 791 2478 αὐτοῦ
821 2424 852 2480 ἡ
875 2423 1058 2495 λέπρα.
1088 2420 1121 2473 8
1147 2425 1210 2490 ιιι·
1233 2422 1347 2474 Itrot
1377 2422 1511 2473 main
1538 2449 1600 2459 —
1625 2427 1722 2490 μοῦ
1742 2421 1846 2476 ὐπό
1865 2421 2068 2492 στέγην.

486 2529 568 2576 ιι,
610 2512 643 2567 6
673 2511 819 2582 pana
861 2511 960 2582 ligr
987 2510 1221 2581 Im’naua
1251 2537 1317 2550 -
1339 2517 1437 2564 σοῦ
1464 2515 1554 2568 τήν
1595 2512 1776 2569 κλίνην.
1820 2510 1889 2564 27
1927 2512 2071 2563 iesua

482 2602 699 2676 jainpro
722 2631 791 2642 --
813 2601 992 2655 ἐκεῖθεν
1040 2609 1110 2670 τῷ
1153 2601 1338 2660 Ἰησοῦ.
1370 2616 1450 2664 ιι,
1486 2600 1551 2654 10
1589 2615 1647 2654 sa
1671 2603 1737 2652 ist
1767 2599 1868 2653 auk
1887 2629 1957 2638 —
1981 2597 2070 2653 οὖ-

487 2713 572 2752 τος
593 2695 694 2763 γάρ
723 2694 854 2746 ἐστι.
889 2705 1060 2754 xxv",
1093 2689 1162 2743 45
1207 2691 1352 2743 earth
1383 2691 1506 2761 riqt's
1531 2720 1599 2734 -ι-
1627 2689 1811 2752 exoro;
1849 2692 2065 2764 ἐγένετο.

484 2781 553 2837 46
599 2783 744 2835 weila
787 2782 1018 2834 niundon
1044 2810 1112 2820 —
1139 2783 1344 2840 ἐννάτην
1380 2785 1552 2855 ὧρανε
1605 2782 1818 2848 quoties
1867 2781 2070 2835 nullam

483 2859 853 2926 auctoritatem
881 2881 1094 2926 seculus
1117 2872 1281 2928 verba
1305 2873 1546 2942 quaedam
1574 2873 1756 2937 addit,
1781 2873 1855 2926 uti
1880 2870 2068 2925 Matth.

484 2981 536 3034 v,
566 2967 628 3019 t7
672 2968 753 3030 ik;
784 2965 850 3020 19
894 2965 1020 3030 salt,
1047 2963 1187 3034 quod
1233 2964 1522 3034 respondet
1568 2978 1868 3034 prmgresso
1919 2965 2067 3028 seei;

485 3071 605 3121 vni,
635 3054 706 3110 26
725 3058 858 3110 iesua
881 3056 1044 3125 (quod
1070 3056 1232 3110 etiam
1256 3055 1380 3126 Syr.
1407 3063 1462 3110 et
1494 3054 1646 3124 Vulg.
1676 3055 1947 3111 versiones
1968 3054 2063 3108 ad-

492 3148 690 3215 dunt);
745 3162 830 3214 ιι,
867 3147 930 3201 17
973 3146 1130 3218 bipes
1171 3147 1317 3217 pan;
1367 3162 1430 3212 x,
1489 3146 1559 3201 28
1607 3146 1870 3217 patainei,
1927 3147 2069 3216 quod

489 3248 685 3309 praeter
713 3239 1096 3294 Tertullianum
1129 3239 1339 3293 advers.
1370 3237 1561 3292 Gnost.
1592 3253 1710 3308 pag.
1739 3237 1845 3293 829
1875 3240 2066 3308 (nostr.

488 3330 685 3385 Patrol.
719 3340 852 3388 tom.
878 3330 951 3396 ll,
981 3331 1086 3385 col.
1113 3331 1258 3400 159),
1290 3331 1383 3385 sed
1419 3329 1528 3386 alio
1559 3331 1677 3384 loco
1703 3332 1929 3398 positum
1964 3332 2071 3403 (qui

487 3425 655 3478 solum
679 3440 868 3494 corpus
895 3424 1174 3494 occidant),
1205 3423 1384 3478 nullus
1409 3424 1545 3478 liber
1570 3421 1756 3487 habet;
1779 3439 1856 3490 ιι,
1886 3422 1958 3477 23
1976 3425 2070 3489 eis;

490 3530 660 3578 xxvii,
696 3516 760 3570 l5
790 3514 1084 3584 warjanoh;
1112 3516 1322 3585 quoties
1365 3516 1468 3570 alia
1508 3515 1742 3580 omittit,
1773 3518 1849 3569 uti
1880 3514 2068 3570 eodem

487 3607 764 3676 cvangelio
791 3622 914 3674 xxv,
945 3605 1014 3660 43
1043 3608 1206 3676 ἤμηνς
1238 3623 1420 3672 xxvn,
1448 3607 1514 3663 16
1553 3608 1834 3682 λεγόμενονς
1861 3608 2070 3678 quoties

488 3711 666 3751 rerum
689 3712 753 3752 ac
779 3699 1056 3752 notionum
1096 3697 1536 3767 amplificationes
1577 3699 1828 3764 admittit,
1859 3699 1926 3753 de
1964 3714 2067 3768 qua

489 3803 546 3843 re
574 3789 696 3844 vide
733 3790 801 3844 ad
843 3790 1026 3846 Matth.
1053 3807 1128 3856 ix,
1160 3793 1193 3847 8
1220 3801 1275 3846 et
1304 3792 1395 3847 25.
1427 3791 1501 3846 cf.
1526 3792 1596 3846 ad
1623 3791 1748 3849 Cor.
1783 3790 1824 3860 Ι,
1858 3807 1935 3856 ιι,
1964 3791 2064 3855 25;

485 3884 695 3952 quoties
725 3885 888 3941 verba
929 3900 1134 3955 graeca,
1175 3887 1369 3955 saepius
1411 3886 1611 3955 posita,
1644 3885 1805 3939 variis
1841 3883 2069 3953 gothicis

488 3973 693 4042 reddit,
725 3975 799 4028 uti
832 3975 1018 4030 Matth.
1048 3992 1103 4043 v,
1131 3975 1224 4038 23,
1250 3977 1318 4030 24
1346 3975 1478 4044 aibr,
1510 3976 1626 4046 giba
1655 3974 1859 4050 (δῶρον)
1891 3989 1972 4039 vl,
1999 3974 2062 4038 2,

487 4063 522 4117 5
550 4064 871 4129 anduemun,
905 4067 1106 4120 haband
1157 4066 1482 4138 (ἀπέχουσι)
1515 4067 1577 4132 1,
1608 4064 1644 4116 2
1672 4067 1825 4132 laun,
1858 4065 2065 4120 mizdon

487 4155 706 4226 (μισθόν)
751 4156 836 4223 l9,
879 4157 946 4210 eo
988 4157 1218 4226 hlifand.
1250 4157 1441 4210 stiland
1485 4155 1824 4227 (κλέπτουσι)
1853 4155 1942 4221 27,
1991 4155 2062 4210 28

484 4263 737 4301 maurnan
757 4290 772 4315 ,
800 4264 1024 4320 saurgan
1051 4252 1342 4321 (μεριμνᾷν)
1373 4264 1442 4303 vtt
1459 4289 1473 4314 ,
1500 4249 1567 4303 15
1594 4252 1915 4319 inugaggan,
1947 4251 2064 4301 iun-

489 4339 735 4410 galeipan
776 4340 1154 4416 (εἰσέρχισθαι)
1200 4341 1287 4404 17,
1322 4342 1388 4397 18
1416 4342 1573 4413 gods,
1611 4339 1864 4412 [)iupeigs
1905 4341 2058 4412 (ἀγα-

481 4427 586 4496 θός)
614 4427 710 4494 24,
743 4429 812 4483 26
846 4431 977 4497 vair,
1010 4445 1200 4483 manna
1238 4430 1432 4506 (ἀνήρ)
1463 4447 1544 4497 ιι,
1577 4431 1644 4486 17
1683 4432 1910 4501 niujata,
1935 4433 2060 4504 jug-

479 4531 598 4588 gata
640 4520 799 4590 (νέον)
829 4521 930 4585 52,
960 4523 1031 4576 53
1073 4521 1264 4586 bands,
1305 4523 1483 4576 dumbs
1527 4522 1743 4594 (κωφὸς)
1782 4537 1936 4588 xxvn,
1967 4523 2052 4586 70,

483 4609 833 4678 721augnida,
865 4611 1057 4677 afaiaik
1086 4611 1420 4685 (spuma);
1448 4612 1518 4668 cf.
1551 4613 1779 4667 Maresh.
1805 4628 1924 4682 pag.
1955 4614 2059 4667 472

478 4710 562 4766 sq.
587 4699 800 4752 Massm.
829 4701 888 4752 Β.
915 4701 980 4753 Α.
1010 4701 1146 4755 4834
1173 4715 1291 4770 pag.
1317 4700 1456 4766 962;
1484 4717 1550 4756 ex
1576 4703 1767 4772 quibus
1787 4703 2056 4770 omnibus,

479 4801 578 4854 nec
615 4787 787 4842 solum
819 4789 872 4843 in
921 4789 1170 4844 Matthteo
1207 4790 1469 4855 inventis,
1514 4805 1697 4846 verum
1740 4793 1791 4846 in
1834 4793 2058 4863 reliquis

477 4879 637 4933 etiam
666 4880 957 4953 evangeliis
993 4891 1047 4934 et
1088 4881 1138 4934 in
1167 4880 1431 4949 epistolis,
1465 4879 1674 4936 Ullilam
1721 4897 1829 4935 non
1878 4882 2058 4950 inepte

478 4971 807 5038 graccissare,
838 4971 934 5025 sed
964 4971 1228 5044 sermonis
1263 4969 1460 5039 gothici
1490 4978 1544 5024 et
1581 4985 1789 5024 morum
1820 4969 2053 5026 indolem

477 5063 704 5116 fideliter
727 5078 946 5118 servare
973 5071 1216 5133 apparet.
1244 5063 1427 5132 Neque
1467 5062 1519 5117 in
1549 5063 1714 5118 altera
1745 5063 1834 5118 illa
1867 5077 2056 5119 recen-

473 5153 645 5216 sione,
678 5167 837 5219 quam
866 5155 1158 5222 posteriore
1187 5163 1426 5222 tempore
1448 5153 1639 5209 factam
1666 5163 1721 5208 et
1743 5153 1886 5223 stylo
1913 5169 2051 5223 grae-

471 5239 551 5294 cis
591 5240 890 5295 accuratius
937 5241 1293 5311 respondente
1338 5242 1662 5300 elaboratam
1704 5257 1828 5298 esse
1877 5257 2040 5310 supra

474 5332 730 5401 diximus,
762 5333 1112 5402 proprietates
1138 5334 1328 5402 lingua:
1354 5333 1580 5402 gothica:
1603 5335 1672 5387 ita
1703 5334 2043 5400 interierunt,

471 5431 527 5474 ut
556 5437 648 5491 pro
683 5436 855 5492 graeca
894 5422 1071 5476 verbis
1111 5423 1338 5492 gothicis
1373 5424 1561 5477 vestita
1610 5422 1795 5477 haberi
1853 5424 2045 5492 possit.

539 5558 557 5600 ’ί
588 5569 1143 5645 VitlLGrimmiutn‘de
1172 5571 1351 5645 littere
1378 5572 1652 5645 docte,uti
1675 5573 1831 5645 solet,
1857 5574 2038 5645 dispu-

469 5643 666 5693 tantem
693 5639 922 5695 Gramm.
949 5639 1099 5711 prtel’.
1123 5639 1596 5710 p.XLV'leditionis
1628 5644 1840 5712 prioris.

1587 218 1952 276 BIBLIORUM
1993 217 2333 274 ULFILANA
2376 218 2412 270 γ
2425 218 2643 274 ERSIO.
3592 235 3674 292 484

2174 331 2310 396 Qtne
2347 331 2434 399 qui
2466 331 2802 386 considerant
2823 371 2836 394 ,
2871 331 3110 397 Ullilam,
3137 341 3383 401 quantum
3413 352 3496 406 pro
3519 341 3678 401 intelli.

2173 419 2348 487 gentia
2376 419 2489 474 fieri
2520 428 2755 487 poti-rat,
2781 435 3074 488 grzecorum
3101 421 3319 491 vestigia
3348 427 3563 494 religiose
3588 451 3678 504 per.

2175 517 2451 570 secutum,
2483 509 2575 562 ubi
2620 518 2794 564 autem
2827 509 3018 581 lingua:
3058 510 3263 566 indoles
3306 514 3379 568 sic
3408 523 3679 589 postularet,

2174 599 2386 654 illorum
2413 602 2730 655 auctoritate
2771 610 3074 670 contempta
3115 618 3326 659 sensum
3369 616 3523 664 tamen
3549 617 3683 682 probe

2172 699 2331 761 atque
2358 702 2502 746 recte
2532 693 2825 747 reddidisse
2853 694 3105 748 sentient.

2243 783 2380 836 Sunt
2406 783 2620 851 quidem
2645 783 2791 848 loca,
2822 783 2909 836 ubi
2939 783 3114 838 minus
3145 795 3384 842 accurate
3407 793 3686 849 convertisse

2173 872 2411 935 videtur;
2444 872 2495 926 id
2517 883 2696 928 autem
2727 873 2977 928 omnibus
3018 875 3130 929 fere
3162 874 3451 943 linguarum
3493 888 3689 950 peregri-

2173 978 2358 1017 narum
2406 964 2788 1032 interpretibus
2831 965 3057 1031 accidit,
3101 974 3159 1020 ut
3199 976 3290 1021 aut
3337 983 3366 1022 a
3412 970 3687 1040 singulorum

2174 1054 2457 1108 verborum
2501 1055 2736 1109 auctoris
2773 1055 3070 1124 significatu
3115 1056 3448 1130 oberrarent,
3483 1070 3564 1116 aut
3595 1064 3689 1131 eius

2171 1146 2488 1198 sententiam
2530 1161 2637 1200 non
2681 1158 3112 1216 assequerentur,
3145 1157 3238 1203 aut
3275 1165 3470 1204 morum
3506 1153 3689 1209 aliarum

2170 1237 2406 1304 gentium
2435 1237 2904 1306 institutorumque
2931 1239 3170 1292 notitiam
3207 1255 3311 1294 non
3348 1241 3468 1296 satis
3495 1253 3688 1310 paratam

2172 1327 2451 1382 baberent.
2483 1327 2662 1396 Neque
2694 1328 2933 1389 Ullilaut.
2968 1329 3159 1398 lingua:
3186 1345 3376 1399 graecae
3411 1333 3597 1401 egregie
3621 1350 3695 1403 pe-

2173 1421 2331 1474 ritum
2358 1431 2412 1474 et
2438 1420 2704 1490 praecipua
2742 1431 2855 1474 arte
2893 1435 3028 1489 opus
3067 1436 3220 1475 suam
3252 1421 3544 1490 facientem,
3566 1427 3622 1481 ab
3643 1442 3693 1481 ea

2170 1511 2324 1579 culpa
2357 1511 2584 1565 liberare
2633 1512 2788 1566 nobis
2829 1511 3035 1565 animus
3065 1521 3179 1574 est,
3201 1513 3294 1582 qui
3323 1515 3601 1570 sacerdotes
3620 1516 3698 1570 Ju-

2171 1603 2408 1658 daeormn
2441 1603 2496 1656 in
2522 1604 2724 1658 classes
2747 1603 3046 1671 descriptos
3082 1617 3282 1672 easque
3313 1606 3528 1674 singulas
3551 1608 3699 1676 singu-

2175 1695 2239 1747 lis
2267 1693 2687 1748 hebdomadibus
2710 1709 2931 1748 munere
2958 1708 3112 1748 sacro
3144 1693 3355 1748 functas
3383 1694 3533 1751 fuisse
3557 1698 3702 1751 nesci-

2169 1794 2248 1838 ret
2269 1827 2284 1846 ,
2320 1799 2440 1838 nam
2472 1787 2715 1859 ἐφημερίσι
2745 1783 2872 1838 Luc.
2901 1801 2944 1850 t,
2970 1783 3004 1837 5
3031 1794 3084 1838 et
3113 1785 3146 1838 8
3177 1798 3279 1839 nec
3323 1800 3414 1853 per
3446 1786 3550 1855 afer
3584 1787 3703 1857 (post

2169 1877 2205 1930 i.
2230 1893 2281 1930 e.
2315 1878 2538 1944 posteri,
2573 1876 2914 1945 posteritas),
2948 1889 3047 1931 nec
3075 1891 3169 1944 per
3197 1876 3321 1929 kuui
3346 1876 3544 1946 (genus,
3572 1893 3700 1945 gens,

2171 1965 2390 2035 familia)
2420 1965 2839 2020 convertendum
2869 1976 3012 2031 erat,
3058 1980 3232 2034 neque
3263 1967 3556 2031 laudamus,
3585 1968 3702 2035 quod

2169 2055 2356 2110 Matth.
2381 2070 2432 2117 v,
2461 2055 2530 2109 26
2561 2055 2800 2108 minuisla
2842 2054 3138 2124 (minimus)
3173 2069 3273 2124 pro
3313 2054 3529 2128 ἔσχατος
3569 2057 3705 2126 (afut-

2171 2147 2378 2216 mistu),
2411 2148 2573 2202 Marc.
2600 2162 2649 2214 ι,
2680 2148 2715 2202 4
2753 2149 3001 2218 aﬂageius
3047 2147 3377 2218 (depositio)
3428 2165 3518 2218 pro
3561 2148 3709 2220 uigeat;

2171 2239 2400 2307 (fi-alet),
2441 2237 2572 2292 Luc.
2597 2254 2679 2305 vt,
2721 2236 2791 2293 44
2833 2238 3019 2292 trudan
3069 2239 3347 2309 (calcare)
3387 2255 3479 2309 pro
3516 2247 3708 2315 τρυγᾶν,

2170 2332 2292 2386 Cor.
2325 2329 2395 2396 ll,
2434 2345 2513 2393 ιι,
2556 2329 2627 2384 20
2665 2331 2718 2383 in
2763 2329 2995 2382 αι’ῡαὶάαὶ
3045 2331 3261 2398 briggan
3309 2345 3402 2399 pro
3446 2332 3710 2407 ἐπαίρεσθαι

2172 2419 2378 2488 posuit,
2405 2418 2476 2475 cf.
2501 2418 2702 2474 CaSIill.
2725 2417 2793 2472 ad
2841 2417 3049 2473 Coloss.
3094 2434 3159 2485 ιι,
3187 2420 3296 2482 25;
3343 2419 3423 2474 bis
3454 2420 3577 2474 locis
3614 2435 3714 2473 ver-

2171 2513 2359 2570 borum
2418 2511 2748 2580 singulorum
2809 2511 3254 2580 significationem
3327 2511 3608 2566 accuratius
3648 2511 3715 2564 in-

2170 2604 2440 2674 vestigare
2483 2603 2749 2671 neglexit,
2780 2603 2920 2671 quod
2963 2603 3124 2658 etiam
3167 2603 3218 2656 in
3267 2602 3543 2659 reddendis
3581 2603 3717 2670 parti-

2171 2695 2306 2750 culis
2335 2694 2650 2764 quibusdam
2679 2695 2728 2750 ei
2755 2694 2976 2759 accidit,
3005 2695 3114 2748 vid.
3139 2694 3206 2748 ad
3238 2696 3364 2749 Cor.
3391 2693 3442 2760 l,
3467 2710 3536 2761 tv,
3557 2695 3612 2758 5;
3641 2709 3718 2757 vn,

2174 2788 2272 2851 17;
2299 2786 2360 2848 ll,
2387 2801 2462 2853 xi,
2485 2785 2572 2841 16.
2603 2786 2715 2841 lluc
2742 2801 2805 2841 ea
2835 2787 3101 2855 pertinent
3125 2787 3269 2852 loca,
3296 2787 3384 2841 tibi
3412 2783 3615 2842 interici
3637 2786 3719 2839 lin-

2173 2893 2290 2948 gum
2317 2893 2507 2947 graeca:
2537 2878 2768 2948 cognitio
2795 2878 2847 2932 ei
2875 2878 3074 2945 defuit,
3108 2879 3185 2934 sic
3213 2879 3379 2935 Joan.
3413 2896 3525 2945 vtu,
3555 2880 3617 2935 25
3652 2886 3725 2937 τήν

2174 2971 2346 3044 ἀρχήν
2375 2969 2514 3022 male
2554 2969 2846 3034 convertit,
2878 2969 3016 3039 quod
3064 2969 3252 3023 vitium
3287 2968 3445 3024 etia'm
3478 2972 3542 3024 ab
3585 2970 3725 3023 inter-

2175 3060 2411 3131 pretibus
2458 3061 2820 3130 compluribus
2869 3061 3045 3118 latinis
3097 3061 3456 3115 commissum
3503 3068 3612 3125 est;
3653 3067 3728 3111 aut

2170 3154 2453 3205 verborum
2479 3151 2723 3206 ordinem
2751 3151 3040 3206 secundum
3076 3151 3223 3221 leges
3256 3165 3566 3206 communes
3606 3159 3728 3204 recte

2169 3243 2413 3312 quidem,
2443 3244 2535 3298 sed
2574 3259 2692 3298 curn
2737 3258 2926 3299 sensus
2973 3244 3308 3299 detrimento
3354 3244 3594 3307 mutavit,
3621 3241 3721 3295 vd.

2169 3335 2236 3389 ad
2266 3335 2421 3389 .Ioan.
2457 3351 2561 3398 xiv,
2596 3337 2692 3400 ll;
2737 3346 2828 3390 aut
2871 3335 3029 3390 verba
3061 3351 3239 3406 grteca
3286 3338 3547 3406 explicata
3578 3334 3727 3388 facilia

2170 3424 2392 3480 liberius
2415 3441 2572 3496 quam
2617 3425 2682 3480 ad
2706 3440 2918 3482 sensum
2947 3425 3284 3482 reddendum
3309 3425 3734 3482 accommodatius

2169 3520 2464 3582 convertit,
2510 3518 2687 3588 qualia
2730 3519 2846 3573 loca
2893 3529 3017 3572 sunt
3043 3518 3170 3573 Cor.
3198 3517 3256 3584 l,
3291 3534 3403 3584 ιιι,
3439 3519 3524 3585 15,
3551 3518 3647 3571 vid.
3674 3516 3728 3569 ad

2171 3607 2226 3660 h.
2261 3609 2328 3672 Ι.;
2360 3608 2530 3672 Rom.
2564 3624 2652 3671 ιιι,
2698 3609 2768 3663 24
2813 3609 2901 3663 ubi
2948 3611 3083 3667 κατὰ
3127 3611 3284 3684 φύσιν
3327 3621 3383 3666 et
3429 3612 3568 3686 παρὰ
3607 3610 3736 3684 φύσιν

2169 3698 2415 3766 opposita
2455 3713 2559 3752 non
2590 3699 2763 3753 solum
2795 3716 2900 3753 non
2933 3699 3201 3766 reddidit,
3234 3701 3334 3756 sed
3367 3700 3732 3770 priorisenun-

2170 3789 2284 3842 tiati
2314 3803 2528 3843 sensum
2560 3792 2849 3858 pervertit,
2883 3806 3002 3845 nam
3033 3806 3128 3860 pro
3160 3809 3229 3847 us
3273 3793 3426 3846 vistai
3457 3791 3544 3864 [iis
3570 3789 3736 3861 villici:

2168 3879 2531 3950 alwabagmis,
2562 3895 2594 3935 e
2620 3892 2806 3936 natura
2852 3883 3008 3952 hujus
3047 3885 3282 3952 agrestis
3310 3887 3470 3951 clem,
3499 3887 3541 3940 si
3568 3885 3736 3954 graecis

2167 3971 2220 4024 ἐκ
2245 3979 2336 4031 τῆς
2359 3975 2492 4028 κατὰ
2519 3974 2668 4046 φύσιν
2698 3974 2984 4047 ἀγριελαίου
3014 3975 3353 4042 respondere
3374 3975 3662 4038 debebant,
3686 3990 3737 4027 us

2166 4058 2384 4130 ﬂamma
2425 4061 2533 4131 (bi)
2578 4062 2818 4115 vistai—
2845 4065 3175 4135 alcvnbagma
3221 4066 3572 4120 scribendum
3617 4073 3732 4119 erat.

2168 4147 2269 4203 Ubi
2318 4160 2536 4218 propter
2574 4151 2841 4205 defectum
2892 4152 3221 4221 formarum,
3269 4155 3470 4225 quibus
3519 4162 3736 4222 tempora

2167 4239 2316 4294 verbi
2340 4241 2616 4309 signantur
2638 4256 2809 4315 gratca
2837 4245 3135 4297 accuratius
3161 4245 3402 4300 reddere
3432 4262 3535 4299 non
3561 4243 3730 4313 potuit,

2166 4331 2306 4385 nulla
2337 4332 2548 4400 quidem
2573 4331 2760 4403 dignus
2782 4343 2865 4387 est
2890 4323 3309 4404 vituperatione,
3343 4336 3442 4392 sed
3469 4345 3520 4390 et
3545 4335 3661 4388 Cor.
3687 4332 3729 4396 l,

2164 4437 2290 4487 xVI,
2317 4421 2351 4476 5
2378 4420 2682 4494 δοκιμάσητε
2713 4426 2981 4491 praeterito
3011 4426 3261 4497 gakusup
3295 4443 3396 4496 pro
3436 4423 3669 4497 gakiusip
3693 4432 3740 4477 et

2161 4511 2314 4568 Joan.
2351 4527 2406 4579 ν,
2437 4513 2507 4567 45
2549 4514 2634 4567 ubi
2682 4515 3016 4584 participium
3066 4525 3379 4590 κατηγορῶν
3425 4511 3737 4570 circumscri-

2160 4603 2341 4672 ptione
2364 4603 2583 4658 relative
2610 4603 2860 4670 reddidit,
2885 4616 3148 4672 praesente
3168 4607 3404 4680 vroheip
3435 4623 3530 4676 pro
3549 4603 3739 4660 rrahida

2161 4694 2358 4748 rectius
2401 4695 2475 4748 uti
2523 4703 2752 4762 poterat.
2795 4696 3064 4765 Quotquot
3108 4706 3297 4751 autem
3346 4698 3464 4753 loca
3509 4698 3590 4750 his
3630 4693 3736 4749 addi

2160 4793 2417 4854 possunt,
2448 4785 2643 4853 quibus
2664 4779 2860 4850 Umlas
2887 4785 3080 4857 aliquid
3112 4788 3345 4844 humani
3375 4800 3461 4844 est
3491 4802 3668 4858 passus
3694 4789 3732 4850 ¹,

2163 4886 2337 4932 tamen
2367 4891 2465 4947 pro
2505 4886 2654 4931 tanto
2682 4891 2846 4945 opere
2875 4893 3063 4933 eorum
3093 4895 3364 4936 numerus
3396 4889 3505 4935 tam
3536 4879 3737 4948 exiguus

2157 4978 2212 5024 et
2239 4976 2456 5038 peccata
2486 4980 2591 5022 tam
2632 4969 2775 5024 levia
2802 4978 2959 5034 sunt,
2989 4977 3048 5023 ut
3074 4970 3190 5039 ejus
3235 4971 3617 5042 interpretatio
3655 4979 3740 5035 pro

2157 5060 2356 5128 Optima
2389 5059 2629 5113 habenda
2661 5060 2756 5124 sit;
2783 5059 2871 5114 illa
2899 5070 3073 5114 autem
3103 5062 3219 5115 loca
3257 5064 3500 5116 maxime
3526 5061 3654 5113 hanc
3673 5056 3732 5110 ob

2155 5161 2369 5202 causam
2424 5147 2796 5214 indicavimus,
2847 5162 2914 5203 ne
2967 5149 3086 5218 quis
3133 5148 3383 5204 Gothum
3431 5149 3508 5204 ibi
3549 5149 3736 5205 variam

2154 5251 2447 5308 graecorum
2477 5237 2765 5294 lectionem
2791 5249 3028 5294 secutum
3055 5242 3382 5296 aibitrctur.

2221 5329 2486 5386 C:eterum
2518 5329 2712 5397 saepius
2743 5331 2938 5385 factum
2966 5340 3068 5394 est,
3097 5345 3153 5387 ut
3209 5333 3513 5404 scriptura
3559 5330 3731 5386 simili-

2153 5419 2338 5474 tudine
2386 5420 2506 5474 sive
2535 5419 2866 5489 singularum
2910 5420 3238 5485 litterarum,
3297 5424 3422 5477 sive
3469 5422 3733 5477 verborum

2221 5579 2241 5606 ¹
2290 5575 2402 5630 Vid.
2440 5577 2505 5630 ad
2535 5577 2692 5632 Marc.
2727 5593 2817 5645 ιιι,
2861 5579 2950 5644 15,
2979 5577 3108 5632 Luc.
3152 5592 3275 5646 ινι,
3313 5579 3431 5644 16;
3478 5594 3605 5643 xvii,
3643 5573 3732 5638 Si;

2153 5645 2395 5702 The~sal.
2431 5647 2471 5712 Ι,
2501 5663 2552 5714 v,
2577 5648 2666 5702 23.
