3948 6170
231 231 316 287 185

227 337 512 411 compendiis
526 338 572 393 in
592 350 688 392 suo
707 334 894 391 codice
911 334 1166 404 deceptus
1183 335 1340 389 aliter
1360 342 1520 401 atque
1533 349 1672 388 nunc
1695 335 1746 388 iu

226 433 483 506 grccisest,
497 429 832 484 converterit.
858 426 1011 481 Nunc
1027 441 1133 480 non
1156 425 1224 481 de
1244 426 1376 480 locis
1398 425 1669 490 Marc.vtt,
1684 426 1751 489 5;

225 527 328 583 Cor.
357 525 410 588 ll,
435 538 485 586 .v,
512 521 602 584 tt);
655 519 887 588 Philipp.
912 533 987 582 tv,
1019 518 1052 571 8
1106 517 1343 580 dicetur,
1378 531 1500 570 nam
1547 515 1621 570 ibi
1659 517 1758 585 pro

226 624 391 690 πυγμῇ,
431 612 507 668 διὰ
553 621 605 664 et
657 610 791 681 ἁγνά
821 608 981 663 etiam
1038 608 1358 676 interpretes
1389 606 1537 661 latini
1563 607 1758 674 aliique

226 711 472 776 scriptores
497 704 660 757 πυκνά
681 701 792 772 (vel
821 700 996 755 simile
1032 697 1205 769 quid),
1256 696 1362 753 ἴδια
1386 708 1442 752 et
1464 697 1590 770 ἅγια
1617 698 1761 766 lege-

230 807 349 860 runt,
374 794 436 846 ita
462 801 516 844 ut
544 790 596 844 in
619 790 826 859 aliquot
869 789 1018 842 libris
1038 787 1304 856 ejusmodi
1331 787 1564 841 varietas
1594 786 1760 841 exsti-

231 885 336 938 tisse
376 881 632 944 videatur;
666 894 838 949 neque
881 879 1123 933 eamdem
1157 879 1227 931 ob
1271 892 1493 931 causam
1521 875 1644 930 Cor.
1696 875 1759 938 ll,

229 991 260 1038 ι,
280 973 339 1044 24
366 974 458 1026 huc
482 970 796 1025 trahendum
824 979 928 1034 est,
954 983 1076 1021 nant
1102 983 1199 1036 pro
1225 972 1400 1044 χαρᾶς
1429 981 1532 1019 non
1556 963 1763 1019 Gothus

227 1067 370 1119 solum
412 1065 620 1140 χάριτος
674 1059 824 1129 legit,
857 1074 1041 1113 verum
1097 1057 1257 1112 etiam
1309 1056 1465 1111 codd.
1500 1058 1588 1122 57,
1621 1055 1678 1108 71
1713 1063 1768 1107 et

226 1156 378 1210 versio
417 1151 747 1216 Armenica;
797 1164 918 1204 cum
973 1147 1155 1217 priore
1209 1155 1388 1200 autem
1440 1145 1532 1199 illo
1582 1143 1770 1198 codice

227 1243 403 1299 Gothus
446 1241 742 1309 saepissime
795 1238 1088 1306 conspirat.
1139 1235 1378 1290 Citamus
1428 1235 1606 1304 ponus
1654 1235 1769 1288 loca

224 1334 367 1388 Marc.
396 1347 464 1397 ιι,
493 1334 579 1398 18,
610 1330 702 1385 ubi
733 1345 828 1398 pro
857 1331 1037 1406 ῥήσει-ει
1067 1327 1196 1395 legit
1219 1327 1391 1400 ῥίπτει
1440 1336 1495 1379 et
1524 1324 1767 1378 Thessal.

226 1425 262 1486 Ι.
287 1441 333 1488 v,
365 1425 443 1488 14,
485 1421 577 1476 ubi
620 1423 866 1492 ἀνέχεσθε
918 1433 1014 1488 pro
1065 1419 1393 1487 ἀντέχεσθε;
1453 1429 1771 1484 quamquam

223 1526 328 1570 sunt
371 1515 544 1579 etiam,
591 1517 681 1581 qui
728 1514 811 1566 his
843 1510 976 1565 locis
1017 1524 1138 1563 cum
1171 1507 1332 1563 Gothi
1381 1506 1608 1562 lectione
1647 1521 1776 1560 con-

225 1607 450 1672 sentiant,
501 1619 553 1660 et
607 1605 702 1659 illo
742 1602 956 1672 quidem
1015 1603 1083 1656 12
1120 1614 1206 1669 ap.
1265 1599 1391 1663 Mi.,
1439 1598 1540 1653 hoc
1590 1599 1658 1652 74
1685 1613 1775 1667 ap.

226 1696 435 1763 (idem,
482 1696 576 1752 sed
609 1711 731 1749 cum
761 1694 827 1748 iis
851 1693 1001 1748 libris
1029 1688 1323 1746 consensus
1347 1698 1440 1742 aut
1468 1687 1666 1756 nullus,
1687 1696 1780 1743 aut

224 1799 313 1843 tant
342 1803 485 1842 rarus
508 1797 616 1852 est,
667 1794 727 1840 ut
756 1785 844 1840 hic
889 1799 1018 1838 casu
1057 1782 1288 1852 quodam
1320 1794 1373 1836 et
1408 1780 1627 1835 fortuito
1652 1794 1782 1834 con-

219 1886 378 1938 cinere
400 1890 452 1936 et
486 1881 724 1934 librariis
753 1877 916 1943 idem,
940 1876 1079 1947 quod
1110 1873 1288 1929 Gotho
1319 1872 1580 1928 accidisse
1603 1871 1784 1926 videa-

226 1987 322 2039 tur;
348 1963 590 2042 idemque
615 1973 683 2027 de
703 1971 836 2026 Luc.
867 1985 905 2036 ι,
933 1969 1001 2024 10
1027 1969 1330 2034 statuimus,
1367 1967 1457 2022 ubi
1476 1975 1532 2021 et
1553 1981 1582 2020 a
1608 1963 1784 2019 Gotho

225 2073 319 2119 eta
362 2064 593 2119 librariis
654 2060 857 2117 codicis
908 2061 1007 2115 151
1061 2069 1113 2114 ct
1161 2057 1506 2128 evangeliarii
1550 2058 1621 2110 41
1687 2069 1784 2124 pro

121 2215 124 2218 ,
224 2157 612 2231 προσευχόμενον
642 2152 775 2207 falso
803 2150 1219 2227 προσδεχόμενον
1248 2150 1445 2204 Icelum
1471 2157 1576 2203 est.
1629 2147 1784 2202 Falso

223 2261 325 2299 eum
354 2245 539 2315 legiSse
569 2247 744 2298 multo
771 2243 968 2297 clarius
1002 2249 1224 2310 apparet
1252 2240 1384 2295 Luc.
1429 2253 1524 2303 vn,
1563 2238 1659 2304 25,
1696 2237 1784 2291 ubi

223 2338 362 2405 graeci
407 2351 598 2391 omnes
643 2343 807 2410 τρυφῇ
854 2334 1076 2397 habent,
1111 2335 1225 2402 ipse
1273 2341 1450 2385 autem
1501 2331 1784 2393 convertit,

225 2432 349 2498 quasi
371 2439 524 2505 τροφῇ
554 2427 846 2499 (fodeinai,
897 2425 1006 2480 vid.
1049 2424 1237 2479 Matth.
1269 2439 1342 2486 v1,
1384 2423 1477 2489 25,
1508 2421 1618 2486 26;
1653 2420 1781 2474 Luc.

225 2521 380 2585 v.16;
414 2521 547 2590 Eph.
582 2536 641 2584 v,
671 2518 774 2582 29;
806 2517 981 2573 Skeir.
1035 2515 1125 2583 50,
1163 2516 1251 2585 14)
1303 2514 1567 2583 scriptum
1623 2525 1782 2580 repe-

224 2613 389 2678 risset;
419 2614 497 2668 sic
552 2612 719 2668 Joan.
757 2625 867 2674 xvt,
897 2610 930 2664 6
977 2624 1098 2663 cum
1138 2606 1428 2679 gadnubida
1459 2601 1788 2676 (obduravit)

221 2704 501 2771 scripserit,
564 2705 880 2775 πιπώρωκεν
935 2713 1032 2768 pro
1086 2698 1410 2774 πεπλήρωκεν
1463 2692 1788 2765 (usfullida)

225 2779 395 2859 legisse
439 2789 847 2847 existimandus
876 2797 985 2853 est;
1033 2796 1086 2842 et
1129 2787 1288 2840 fidem
1342 2786 1540 2840 habent
1587 2785 1788 2838 Mares-

221 2881 375 2936 batlus
431 2892 486 2937 et
531 2880 822 2936 Bettselins
854 2918 870 2943 ,
934 2877 1025 2948 qui
1072 2877 1284 2932 Ultilam
1343 2875 1506 2930 Mare.
1569 2891 1634 2941 x,
1696 2873 1788 2942 ἓξ,

223 2979 452 3046 χρήματα
481 2989 582 3042 pro
631 2976 899 3044 κτήματα,
947 2981 1002 3025 et
1032 2970 1217 3025 Matth.
1249 2985 1412 3032 xxvtt,
1440 2969 1530 3035 52,
1559 2969 1794 3040 κειμένοιν

223 3079 307 3132 pro
331 3065 710 3138 κεκοιμημένων
740 3077 834 3130 per
855 3061 1089 3116 similem
1118 3076 1358 3116 errorem
1388 3061 1581 3129 legisse
1607 3060 1792 3114 existi-

229 3163 382 3218 mant,
416 3153 525 3207 vid.
572 3152 647 3206 ad
695 3151 788 3205 btt.
837 3151 926 3216 ll.;
978 3165 1152 3220 neque
1178 3149 1356 3205 minus
1403 3148 1609 3203 idoneis
1638 3163 1797 3215 argu-

223 3241 400 3295 mentis
423 3243 490 3296 ad
520 3241 691 3296 Marc.
717 3257 770 3305 ιι,
793 3239 864 3293 24
885 3239 1318 3309 comprobavisse
1345 3239 1498 3292 nobis
1526 3238 1789 3306 videmur,

218 3328 434 3387 Gothum
483 3333 844 3393 πιποθηκὸτας
887 3330 1296 3399 interpretatum
1345 3343 1464 3383 esse
1491 3344 1591 3398 pro
1618 3349 1800 3384 πεποι-

219 3421 388 3490 ea“;
417 3425 498 3479 sic
547 3423 719 3478 Marc.
762 3436 851 3487 xv,
903 3419 974 3477 29
1010 3420 1418 3490 praepositiones
1444 3422 1587 3494 παρά
1614 3427 1670 3473 et
1696 3421 1799 3496 πρὸ

223 3509 271 3564 ἰιι
299 3515 698 3582 compositione
723 3527 846 3567 eum
887 3527 992 3567 non
1021 3521 1166 3567 recte
1190 3511 1500 3567 distinxisse
1551 3513 1799 3579 vidimus,

223 3601 313 3656 nisi
358 3604 536 3673 po-ius
585 3603 842 3658 librarius
886 3603 938 3657 in
993 3602 1240 3657 codicem
1290 3602 1542 3657 mendum
1594 3603 1800 3668 intulit;

223 3706 384 3760 neque
408 3692 782 3763 improbabile
803 3693 1010 3747 videtur
1032 3691 1378 3761 interpretem
1403 3701 1648 3747 nostrum
1671 3693 1802 3748 Luc.

227 3797 339 3850 xix,
392 3786 428 3838 2
475 3785 819 3860 ὑποστρέψαι
877 3785 1216 3839 festinatione
1257 3785 1484 3853 quadam
1525 3785 1805 3853 abreptum

223 3890 308 3941 pro
328 3877 662 3949 ὑπίστρεψεν
691 3884 745 3930 et
796 3875 897 3940 18,
941 3877 1009 3930 55
1033 3882 1330 3950 προσαιτεῖν
1381 3890 1476 3944 pro
1515 3883 1807 3951 προσαιτῶν

224 3965 429 4034 legisse,
456 3967 667 4021 deinde
722 3965 851 4020 Cor.
896 3965 959 4032 ll,
1018 3981 1097 4031 ιιι,
1130 3968 1160 4019 7
1187 3964 1358 4041 ἐνδόξῃ
1387 3979 1507 4019 cum
1537 3965 1704 4029 ἕνδόξη
1749 3973 1810 4019 et

223 4056 342 4112 Luc.
373 4075 492 4123 vnt,
525 4060 605 4114 55
637 4057 828 4118 εἰδότες
871 4072 992 4112 cum
1038 4056 1228 4118 ἰδόντες
1269 4057 1676 4126 permutavisse.
1731 4055 1811 4109 Ad

228 4147 347 4201 Luc.
402 4164 461 4203 ιιι
491 4188 509 4214 ,
545 4149 622 4203 14
677 4161 774 4201 nos
813 4147 1068 4216 probasse
1093 4147 1456 4214 conjecturam
1489 4144 1810 4211 Mareshalli,

222 4239 501 4306 iudicantis
554 4238 772 4295 Ulfitam
807 4254 904 4308 pro
947 4241 1176 4312 ἀρκεῖσθε
1203 4237 1431 4292 fortasse
1481 4235 1676 4312 ἄρχετε
1723 4243 1814 4290 aut

225 4326 446 4403 ἄρχεσθε
479 4332 703 4400 legisse,
731 4345 871 4384 nunc
903 4331 1148 4396 poenitet,
1191 4338 1472 4396 propterea
1502 4328 1645 4396 quod
1694 4327 1816 4380 nul-

227 4419 330 4475 lum
368 4423 604 4478 verbum
661 4435 782 4475 cum
838 4420 1023 4474 oaldan
1061 4419 1415 4489 compositum
1455 4417 1584 4473 illud
1627 4416 1815 4490 ἄρχειν

227 4513 498 4578 continet,
553 4521 615 4566 et
667 4509 945 4580 ganohidai
999 4508 1210 4580 sijaip,
1262 4509 1404 4579 quod
1462 4511 1517 4562 in
1573 4506 1816 4576 margine

225 4602 481 4673 scriptum
514 4612 627 4667 est,
657 4606 835 4672 glossa
876 4603 1054 4671 potius
1098 4617 1259 4670 quam
1290 4602 1439 4655 varia
1490 4601 1648 4655 lectio
1696 4614 1818 4654 esse

233 4693 457 4749 videtur.
491 4695 654 4759 Quod
685 4709 813 4748 vero
844 4693 1009 4749 Marc.
1043 4709 1136 4757 xv,
1179 4694 1250 4748 24
1279 4702 1334 4748 et
1377 4693 1510 4748 Luc.
1550 4707 1638 4758 xv,
1683 4693 1718 4746 8
1739 4696 1820 4753 τίς

230 4795 345 4836 eum
383 4803 486 4851 τις,
519 4782 653 4837 Cor.
679 4781 718 4846 1,
745 4798 801 4845 x,
835 4783 900 4838 17
923 4794 979 4836 et
1005 4782 1232 4851 Philipp.
1266 4799 1303 4849 ι,
1331 4783 1398 4837 16
1421 4784 1467 4837 οἱ
1505 4798 1625 4837 cum
1653 4783 1700 4836 οἵ
1725 4781 1818 4853 (cf.

232 4870 355 4926 hic.
379 4889 497 4936 \ltt,
526 4873 642 4942 14),
672 4872 792 4930 Gal.
826 4890 884 4940 ιι,
918 4875 982 4927 17
1004 4869 1105 4947 ἆρα
1135 4889 1255 4928 cum
1282 4873 1385 4946 ἄρα
1413 4883 1710 4942 permutata
1741 4875 1822 4928 in-

237 4967 563 5028 veniuntur;
601 4965 652 5018 id
679 4966 794 5018 sola
825 4965 1136 5033 interpretis
1157 4964 1472 5034 negligentia
1498 4964 1691 5018 factum
1708 4972 1818 5026 est;

233 5053 342 5109 ﬁeri
369 5065 555 5110 autem
587 5055 794 5110 facilius
824 5063 1032 5123 poterat
1067 5065 1284 5125 propter
1321 5064 1577 5110 accentus
1614 5065 1668 5110 et
1713 5055 1823 5124 spi-

235 5143 364 5197 ritus
389 5145 702 5214 antiquitus
726 5146 977 5198 omissos.
1035 5144 1128 5198 llis
1158 5146 1319 5198 etiam
1351 5145 1408 5198 in
1451 5145 1583 5199 locis
1629 5159 1826 5198 caven-

234 5231 356 5286 dum
402 5243 515 5299 est,
557 5248 630 5287 ne
678 5235 799 5303 quis
829 5247 860 5286 a
887 5231 1064 5288 Gotho
1107 5234 1414 5288 varietatem
1437 5235 1596 5304 graeci
1643 5243 1825 5289 textus

235 5322 502 5378 redditam
530 5325 803 5392 opinetur.

305 5412 521 5476 Restat,
549 5421 610 5466 ut
639 5413 704 5467 de
728 5414 790 5468 iis
819 5415 979 5468 etiam
1023 5414 1156 5470 locis
1187 5415 1490 5484 loquamur,
1520 5416 1608 5472 ubi
1639 5415 1827 5471 Ultilas

234 5502 358 5557 vitia
381 5515 582 5557 contra
632 5503 823 5574 linguas
872 5521 983 5560 sua:
1032 5507 1176 5576 leges
1223 5509 1560 5563 commisisse
1598 5509 1827 5572 videtur,

304 5617 323 5648 ι
365 5615 491 5669 Vid.
556 5615 884 5691 Heupelium_
919 5618 974 5691 l.
1017 5619 1053 5672 Ι.
1077 5621 1141 5691 ι,
1173 5635 1236 5691 ιι,
1268 5621 1356 5691 qui
1405 5621 1612 5675 Franzii
1643 5633 1828 5676 aucto-

235 5687 389 5740 ritate
413 5694 718 5755 permotus,
746 5687 1008 5744 versionis
1035 5690 1264 5758 gothica:
1285 5687 1649 5762 praestantiam
1673 5693 1820 5760 igno-

1545 215 2072 274 PROLEGOMENA.

3326 213 3430 266 486

1852 348 1958 401 quo
1990 334 2040 386 in
2068 346 2291 386 numero
2313 347 2374 386 ea
2435 331 2666 385 maxime
2710 341 2855 394 sunt,
2891 331 2978 384 ubi
3010 331 3210 386 oblitus
3237 333 3432 387 verbo-

1860 439 1978 476 rum
2004 432 2303 487 structut-te,
2353 437 2510 491 quam
2542 423 2804 476 sermonis
2826 421 3024 491 gothici
3075 424 3212 476 ratio
3250 434 3438 491 postu-

1861 513 2024 576 labat,
2052 527 2225 582 grzcca
2261 514 2374 566 sola
2404 525 2618 567 secutus
2647 512 2998 582 negligentius
3017 515 3314 578 convertit;
3357 514 3438 567 sic

1860 604 1989 658 Luc.
2008 604 2127 669 1,9,
2152 605 2318 658 hluuts
2344 608 2501 658 intuta
2530 620 2722 656 urramt
2748 605 2816 656 du
2831 605 3002 672 saljan
3032 613 3092 657 at
3109 605 3438 674 gaggands

1865 711 1960 764 pro
1984 696 2351 766 atgaggamlin,
2370 698 2494 762 quia
2523 697 2574 748 in
2596 709 2772 763 grzcco
2794 709 2873 749 est
2895 694 3064 766 ἔλαχε
3091 702 3178 750 τοῦ
3196 698 3440 765 aspiciam

1864 787 2192 840 εἰσελθών.
2227 785 2347 838 Cor.
2384 786 2424 854 l,
2451 801 2544 851 vn,
2587 786 2652 839 10
2700 800 2780 854 sq.
2819 784 2968 856 paim
3009 787 3200 854 (fugam
3244 787 3442 855 haftam

1866 877 2122 930 anabiudu
2153 893 2347 944 qenat
2375 878 2575 948 —jalt
2610 877 2777 930 aban
2812 893 2908 945 pro
2929 877 3076 942 abin,
3122 876 3326 932 Gothus
3369 879 3441 933 ita

1855 979 2085 1035 ~pr0pter
2112 982 2342 1037 grtecum
2371 976 2588 1038 γυναῖκα
2608 997 2677 1008 -
2701 971 2782 1021 καὶ
2807 966 2994 1043 ἄνδρας
3021 967 3148 1022 Luc.
3199 984 3284 1022 XVI
3308 1007 3325 1034 ,
3376 970 3444 1023 18

1869 1058 2049 1109 wazuh
2081 1059 2186 1110 saei
2224 1057 2479 1126 aﬂctands
2515 1085 2574 1097 --
2618 1058 2717 1127 jah
2747 1058 2982 1126 litigantis
3018 1073 3113 1128 pro
3136 1058 3320 1128 αβειὶρ
3345 1060 3445 1128 jalt

1873 1149 2112 1220 liugaip,
2169 1164 2290 1203 nam
2322 1150 2600 1218 participia
2638 1165 2809 1218 graeca
2861 1152 3092 1205 ἀπολύων
3137 1155 3220 1206 καὶ
3271 1160 3446 1223 γαμῶν

1873 1244 2148 1297 enuntiato
2186 1243 2409 1296 relativo
2440 1242 2744 1296 redditurus
2794 1255 2929 1307 erat,
2982 1245 3074 1296 sed
3129 1245 3301 1312 posito
3327 1257 3448 1312 pro-

1877 1333 2090 1386 nomine
2136 1333 2359 1386 relativo
2404 1333 2567 1386 etiam
2617 1331 2897 1400 participia
2946 1347 3044 1399 pro
3099 1332 3277 1385 verbis
3319 1334 3450 1400 ipsis

1876 1423 2112 1485 addidit;
2139 1423 2244 1476 vid.
2294 1423 2453 1477 etiam
2495 1438 2612 1491 quae
2643 1423 2710 1476 ad
2739 1423 2948 1478 Coloss.
2984 1439 3040 1491 tt,
3094 1425 3158 1477 M
3186 1433 3238 1476 et
3287 1440 3364 1488 ιιι,
3413 1425 3448 1479 5

1877 1498 2251 1566 adnotavimus
2276 1522 2329 1565 et
2366 1511 2438 1564 cf.
2488 1511 2619 1566 Luc.
2659 1527 2740 1576 ιι,
2795 1513 2861 1566 15
2893 1514 3052 1565 mm’za
3083 1515 3203 1580 ﬁmi
3229 1513 3456 1568 Itlat'bam

1871 1605 1968 1675 jalt
1991 1603 2144 1670 ﬁskos
2187 1603 2306 1665 wai,
2343 1603 2430 1656 ubi
2456 1617 2577 1656 cum
2618 1617 2715 1671 pro
2744 1603 2967 1671 επιτοῆ
2997 1605 3143 1658 πάντα
3176 1602 3319 1678 ἄρτοι
3361 1605 3457 1657 da-

1885 1695 2045 1748 tivum
2075 1703 2193 1762 post
2216 1693 2638 1761 comparativum
2671 1693 2886 1746 solitum
2919 1694 3206 1762 posuisset,
3238 1709 3458 1763 perge-n-

1883 1783 2007 1838 dum
2059 1793 2176 1838 erat
2223 1783 2402 1852 ﬁskam
2450 1784 2636 1849 tvaim,
2692 1783 2786 1838 sed
2835 1784 3044 1838 consilii
3093 1784 3290 1838 oblitus
3333 1801 3457 1839 cum

1888 1876 2098 1944 graecis,
2133 1876 2223 1945 qni
2255 1885 2400 1930 recte
2441 1877 2621 1946 ἰχθύες
2643 1874 2737 1930 δύο
2774 1874 2994 1940 habent,
3045 1876 3158 1944 ipse
3199 1876 3334 1930 male
3359 1892 3457 1928 no-

1883 1967 2139 2020 minativo
2179 1966 2382 2036 pergit;
2423 1966 2505 2020 sic
2532 1966 2692 2020 etiam
2725 1965 2908 2019 Matth.
2957 1981 3068 2030 vni,
3123 1965 3190 2019 15
3236 1966 3461 2021 fortasse

1884 2056 2081 2112 rectius
2114 2071 2210 2125 pro
2241 2056 2396 2122 licito,
2439 2055 2582 2124 quod
2629 2069 2750 2109 cum
2806 2054 2997 2124 graecis
3053 2055 3236 2122 ponit,
3268 2057 3463 2109 heitons

1886 2149 2168 2217 posuisset,
2193 2156 2413 2218 propter
2441 2147 2750 2217 pra-cedens
2785 2147 2988 2201 licitam.
3018 2147 3134 2203 Alia
3163 2149 3296 2215 loca,
3345 2164 3464 2217 qua:

1886 2237 1989 2293 huc
2010 2238 2144 2292 trahi
2167 2237 2395 2306 possint,
2421 2237 2636 2306 habent,
2659 2251 2766 2307 quo
2798 2237 3174 2302 defendamur,
3205 2240 3276 2291 uti
3306 2238 3462 2292 Joan.

1903 2343 1979 2394 vt,
2011 2329 2081 2382 63
2111 2327 2187 2399 [ιο
2221 2327 2430 2381 t'aurda.
2463 2326 2586 2398 [mei
2609 2326 2659 2379 ik
2697 2327 2881 2380 rodida
2905 2327 3046 2381 izvt's.
3075 2328 3228 2381 altma
3266 2331 3330 2380 is!
3369 2328 3467 2400 jnlt

1886 2420 2073 2473 libatus
2102 2423 2186 2484 ist,
2219 2420 2305 2472 ubi
2336 2419 2556 2472 verbum
2584 2421 2649 2472 ῑιι
2676 2418 2852 2473 Gotho
2883 2436 2987 2473 non
3046 2420 3112 2473 ad
3169 2421 3466 2490 subjectum

1887 2512 2102 2574 vaurda,
2151 2510 2246 2564 sed
2297 2509 2365 2562 ad
2405 2509 2694 2578 pradicata
2737 2511 2892 2562 ahma
2937 2520 2992 2562 et
3034 2511 3241 2576 libatus,
3271 2512 3468 2580 quibus

1889 2599 2200 2669 apponitur,
2249 2599 2522 2667 pertinere
2572 2604 2743 2651 visum
2785 2608 2886 2662 est,
2911 2599 2988 2652 sic
3029 2601 3188 2653 etiam
3217 2615 3246 2652 e
3293 2601 3470 2655 latinis

1891 2689 2341 2758 Cantabrigiensis
2363 2698 2417 2741 et
2451 2687 2794 2742 Corbeiensis
2821 2697 3224 2742 canverternut.
3258 2689 3469 2757 Saepius

1893 2789 2071 2834 autem
2099 2782 2153 2833 in
2194 2794 2260 2833 eo
2287 2777 2509 2843 erravit,
2540 2777 2680 2846 quod
2707 2777 3054 2832 substantivis
3087 2778 3468 2847 adjectivornm

1894 2868 2115 2934 formas,
2163 2869 2230 2923 ab
2262 2869 2475 2922 illorum
2513 2882 2711 2936 genere
2763 2869 3138 2935 abhorrentes,
3197 2870 3467 2939 apposuit,

1895 2977 2014 3033 qum
2044 2961 2160 3016 loca
2187 2960 2505 3029 collegimus
2527 2961 2592 3013 ad
2627 2958 2850 3013 Neltetn.
2877 2975 2947 3024 vr,
2975 2960 3060 3014 16.

1968 3052 2250 3107 Maximam
2283 3059 2460 3104 autem
2484 3065 2550 3104 ex
2577 3051 2976 3119 comparatione
3009 3051 3470 3118 interpretationis

1900 3153 2096 3198 nostra:
2126 3142 2409 3196 utilitatem
2431 3142 2577 3195 nasci
2601 3139 2667 3195 ad
2692 3141 3084 3195 restituendam
3109 3149 3285 3196 textus
3312 3145 3472 3211 εγωσί

1901 3234 2259 3305 integritatem
2305 3247 2466 3287 nemo
2495 3231 2668 3286 adhuc
2699 3232 2914 3300 negavit
2945 3247 3302 3301 :quamqnam
3332 3233 3476 3287 enim

1889 3344 2005 3384 non
2033 3341 2197 3396 pauca
2228 3325 2659 3380 enumeravimus
2692 3325 2830 3392 loca,
2860 3325 2912 3379 in
2936 3325 3128 3394 quibus
3153 3325 3342 3380 Ulfilas
3363 3326 3479 3380 sivo

1903 3435 1998 3488 per
2023 3433 2288 3482 errorem,
2310 3417 2425 3472 sive
2467 3416 2535 3471 de
2563 3419 2808 3471 consulto
2833 3431 2862 3470 a
2887 3418 3078 3487 grzccis
3133 3418 3400 3482 discessit,
3427 3429 3483 3472 et

1905 3510 2165 3580 permulta
2194 3510 2357 3564 etiam
2385 3508 2486 3562 alia
2511 3516 2658 3574 sunt,
2713 3508 2800 3562 tibi
2828 3523 2949 3562 eum
2981 3511 3249 3564 sermonis
3277 3509 3477 3578 gothici

1904 3603 2175 3671 ingenium
2207 3617 2237 3656 a
2266 3601 2605 3670 diligentiore
2623 3615 2920 3671 graecorum
2951 3603 3246 3658 imitatione
3291 3619 3481 3657 avoca-

1904 3698 1982 3748 vit
2014 3711 2029 3758 ;
2059 3701 2240 3748 tamen
2265 3694 2570 3746 versionem
2595 3702 2829 3748 nostram
2861 3695 3034 3762 primo
3083 3695 3320 3748 omnium
3367 3695 3486 3749 luco

1908 3800 2111 3856 ponere
2140 3799 2245 3837 non
2271 3782 2601 3848 dubitamus,
2652 3791 2932 3852 propterea
2985 3783 3125 3851 quod
3173 3798 3279 3836 non
3310 3785 3484 3837 solum

1908 3876 2168 3931 ﬁdissime
2195 3889 2368 3942 grrera
2411 3873 2662 3936 reddidit,
2715 3873 2811 3928 sed
2853 3874 3014 3927 etiam
3043 3874 3164 3943 quia
3195 3873 3336 3928 nulla
3384 3876 3488 3928 alia

1909 3968 2086 4038 lingua
2111 3980 2302 4037 graecae
2331 3966 2549 4035 propius
2597 3975 2843 4034 cognata,
2899 3965 3038 4019 nulla
3094 3967 3262 4036 magis
3300 3965 3491 4020 idonea

1911 4067 2013 4124 est,
2037 4072 2156 4127 quae
2187 4065 2361 4112 textus
2390 4058 2549 4126 graaci
2592 4065 2841 4124 tanquam
2873 4057 3160 4126 imaginem
3203 4057 3490 4127 exprimat,

1912 4163 2072 4218 quam
2116 4147 2353 4216 gethica.
2387 4147 2625 4202 Fuerunt
2648 4148 2863 4217 quidem
2883 4151 2972 4218 qui
3001 4151 3302 4204 versionem
3327 4152 3492 4219 syria-

1914 4254 2031 4294 cam
2105 4249 2496 4308 anteponerent
2559 4241 2612 4304 ‘,
2667 4241 2766 4294 sed
2814 4242 2859 4295 si
2913 4241 3226 4295 varietatttm
3296 4243 3488 4295 nubent

1917 4334 1986 4388 ab
2042 4331 2349 4387 hominibus
2394 4332 2587 4400 linguai
2647 4331 2872 4401 syriacaa
2929 4333 3114 4399 peritis
3161 4331 3489 4386 adductam'

1917 4423 2343 4500 contemplemur
2365 4431 2419 4476 et
2442 4424 2702 4476 versionis
2721 4424 2950 4493 gotlticte
2987 4439 3093 4492 pra!
3122 4424 3214 4478 illo
3242 4425 3492 4495 exiguum

1920 4530 2201 4570 numerum
2227 4523 2618 4583 computamus,
2648 4515 2910 4586 syriacam
2939 4516 3084 4569 nulla
3128 4532 3184 4570 re
3216 4518 3315 4571 nisi
3341 4528 3499 4573 aetate

1919 4620 2040 4662 esse
2062 4605 2496 4675 praestabiliorem
2529 4607 2828 4674 apparebit.
2875 4605 3097 4676 Oportet
3143 4618 3321 4663 autem
3353 4623 3499 4674 eum,

1922 4697 2015 4764 qui
2067 4697 2136 4751 de
2180 4695 2441 4764 dignitate
2491 4697 2756 4752 versionis
2798 4697 3026 4766 alicujus
3075 4711 3222 4754 recte
3267 4709 3501 4755 statuere

1923 4786 2056 4850 vult,
2082 4785 2200 4856 ejus
2220 4785 2436 4856 linguae,
2468 4802 2570 4856 qua
2601 4795 2684 4841 est
2727 4789 3054 4857 conscripta,
3108 4804 3225 4843 eam
3255 4791 3501 4860 peritiam

1926 4876 2144 4943 habere,
2193 4886 2250 4931 ut
2288 4891 2408 4946 qua:
2433 4877 2540 4931 sint
2578 4878 2866 4932 varietates
2897 4879 2948 4932 in
2988 4878 3101 4946 illa,
3149 4895 3268 4947 quae
3308 4881 3503 4950 linguae

1927 4970 2279 5039 proprietates
2336 4971 2502 5038 probe
2549 4969 2863 5038 dignoscere
2914 4983 3110 5039 queat;
3156 4985 3262 5042 qua
3317 4973 3503 5041 peritia

1925 5060 2189 5124 destituti,
2216 5059 2305 5129 qui
2331 5061 2784 5128 comparationem
2815 5070 2990 5115 textus
3035 5064 3192 5130 graeci
3223 5078 3344 5117 cum
3380 5079 3503 5117 vero

1927 5151 2079 5206 sione
2133 5149 2357 5205 Ultilana
2407 5151 2775 5215 instituerunt,
2823 5151 2941 5206 fieri
2994 5167 3099 5207 non
3143 5155 3309 5223 potuit
3374 5155 3500 5223 quin

1930 5256 2042 5296 rem
2070 5255 2321 5294 successu
2351 5244 2528 5296 minus
2573 5255 2833 5310 prospero
2887 5256 3159 5312 gererent.
3211 5246 3283 5299 Ea
3329 5246 3502 5314 impe-
3581 5253 3598 5268 ’

1931 5331 2050 5385 ritia
2078 5329 2311 5384 lahnius
2343 5331 2495 5385 initio
2537 5345 2598 5385 se
2648 5332 2971 5401 prohibitum
3019 5351 3139 5391 esse
3169 5336 3384 5399 fatetur,
3438 5353 3504 5389 ne

1933 5435 2120 5476 omnes
2149 5420 2402 5475 lectiones
2426 5436 2452 5473 a
2469 5423 2662 5490 graccis
2687 5422 3047 5493 discrepantes
3073 5433 3314 5486 notaret;
3355 5436 3504 5494 pest-

1933 5527 2089 5581 quam
2111 5522 2289 5566 autem
2321 5512 2541 5580 peritior
2562 5513 2676 5568 fieri
2702 5516 2973 5585 cmpisset,
2997 5515 3146 5584 operi
3179 5512 3503 5584 perficiendo

1933 5624 2124 5686 rantis,
2157 5623 2208 5676 id
2242 5624 2483 5691 posuisse
2513 5625 2741 5680 videtur.

2005 5697 2025 5724 ²
2068 5693 2183 5748 V'id.
2214 5693 2516 5749 Scholzium
2544 5696 2584 5750 l.
2620 5701 2850 5767 prolegg.
2888 5712 2936 5766 p.
2961 5699 3292 5768 CXXlseqq.
