3948 6170
504 230 598 283 1117

1596 217 1861 275 Βιθιιοιι
1871 216 1965 272 [Ίί
2008 216 2081 274 Ul

2184 216 2358 275 Lam
2403 217 2665 274 \‘ERSIO.
3580 242 3668 296 m

499 355 622 397 eum
654 350 800 392 mors
820 333 1117 406 praeripuit.
1147 332 1292 399 Quas
1310 340 1488 386 autem
1512 330 1799 384 varietates
1829 325 2083 381 Griesba-
2110 328 2165 389 Α
2192 325 2390 383 lectum
2416 328 2597 396 fuerit,
2629 337 2782 383 certo
2811 328 2911 385 dici
2963 344 3067 385 non
3106 338 3307 408 potest).
3342 341 3435 398 sed
3462 346 3559 404 ιιευο
3583 352 3674 405 θυι,

500 428 677 493 chius,
699 423 914 481 omissis
934 421 1300 491 compluribus
1322 420 1431 485 jam
1478 434 1507 470 ιι
1554 418 1720 472 Millio
1758 416 1961 479 datis‘,
2013 431 2078 469 ex

498 515 828 588 imperfectis
848 512 988 568 Junii
1031 520 1085 567 et
1129 510 1368 565 Kuittelii
1417 507 1744 563 editionibus
1784 507 2080 591 adnotave-

497 619 603 676 rat,
647 623 739 663 eas
791 605 1095 665 Scltulzius,
1144 603 1232 671 qui
1280 599 1572 656 editionem
1605 597 2079 653 Griesbachianatn

498 700 693 755 iterum
724 695 956 759 curavit,
1000 692 1235 747 adhibita
1262 690 1444 744 Zahnii
1499 689 1637 743 mala
1685 689 1935 743 versione
1963 688 2082 743 aliis

497 790 668 855 auxit,
700 788 772 842 ita
824 794 1026 849 tamen,
1075 794 1134 837 ut
1184 799 1291 852 quo
1343 780 1573 837 consilio
1626 780 1677 835 id
1717 780 1929 848 fecerit,
1974 795 2079 835 non

497 881 844 948 intelligatur,
868 876 956 944 qui
986 876 1111 929 dum
1141 889 1336 942 paucas
1364 887 1529 929 novas
1577 870 1748 936 addit,
1798 881 2083 927 sexcentas

496 969 761 1023 omiserit.
797 966 874 1022 Ne
894 964 1214 1021 calumniari
1240 964 1541 1025 videamur,
1564 978 1629 1016 ex
1660 962 1886 1016 .loannei
1917 977 2082 1015 evan-

494 1061 619 1130 gelii
646 1059 849 1127 aliquot
887 1056 1175 1127 capitibus,
1226 1068 1360 1125 quas
1413 1052 1675 1108 lectiones
1711 1053 1885 1106 varias
1921 1052 2084 1106 tacite

498 1148 838 1222 praeterierit,
858 1149 1018 1204 liceat
1041 1146 1299 1211 indicare,
1327 1143 1701 1215 praetermissis
1722 1151 1897 1197 tamen
1926 1141 2081 1209 locis,

498 1242 552 1297 in
580 1240 777 1311 quibus
801 1236 961 1293 Gothi
994 1237 1157 1292 lectio
1186 1251 1307 1291 cum
1344 1232 1491 1288 nullo
1520 1233 1623 1287 alio
1648 1232 1784 1286 libro
1813 1232 2079 1300 congruit,

495 1332 611 1386 sive
641 1329 733 1385 ille
754 1344 851 1399 pro
872 1328 1115 1394 arbitrio,
1138 1326 1252 1381 sive
1295 1332 1514 1395 preptcr
1542 1323 1772 1376 nativam
1819 1322 2084 1376 sermonis

497 1420 914 1489 discrepantiam
942 1418 1140 1487 aliquid
1172 1415 1479 1478 mutaverit,
1514 1413 1817 1482 pmciderit
1843 1422 1933 1467 aut
1975 1412 2087 1468 ad-

499 1511 720 1575 diderit,
744 1526 795 1564 V.
828 1524 877 1565 c.
907 1525 962 1575 x,
988 1508 1053 1562 21
1086 1525 1200 1579 mag
1222 1505 1460 1575 unltttlbo
1496 1520 1578 1574 gr.
1599 1502 1847 1573 δαιμόνων
1871 1501 2084 1561 δύναται

501 1603 831 1672 (quanquam
876 1599 957 1653 sic
985 1599 1036 1651 in
1058 1596 1182 1652 cod.
1209 1595 1315 1650 235
1343 1595 1507 1649 etiam
1540 1593 1642 1663 legi
1672 1590 1953 1647 Scholzius
1989 1594 2086 1648 ad-

501 1697 706 1760 notat);
731 1690 800 1744 25
824 1690 914 1744 ubi
944 1691 1116 1749 αὐτοῖς
1142 1687 1449 1751 omittitur;
1479 1699 1555 1750 ιι,
1587 1683 1621 1738 4
1658 1682 1745 1736 ubi
1768 1697 1865 1753 pro
1884 1684 2084 1745 Ἰησοῦς

501 1783 724 1851 ponitis
755 1779 921 1850 (quod
953 1779 1182 1833 fortasse
1224 1775 1426 1831 librarii
1462 1778 1507 1829 ἱε
1554 1789 1653 1844 pro
1681 1762 1759 1857 ’Ξ
1797 1775 2083 1829 scribentis

499 1888 652 1927 error
678 1876 819 1939 est);
849 1871 884 1925 6
910 1870 996 1925 ubi
1022 1867 1221 1923 omittit
1249 1863 1377 1932 οὖνς
1432 1864 1503 1920 25
1554 1866 1642 1920 tibi
1684 1868 1887 1922 omittit
1915 1868 2081 1940 αὐτῇς

501 1979 578 2017 xt.
607 1963 676 2017 54
703 1961 982 2030 lagideduu
1004 1958 1341 2029 (posuerunt)
1366 1971 1463 2026 pro
1480 1959 1740 2012 τεθείκατε
1764 1972 1780 2020 ;
1813 1970 1906 2017 xit,
1939 1955 1972 2010 6
1994 1955 2083 2009 ubi

504 2059 617 2123 ipsa
673 2055 780 2107 alio
828 2054 948 2107 loco
999 2051 1149 2122 ponit
1185 2052 1296 2113 ina,
1347 2050 1456 2102 alio
1502 2048 1701 2117 graeci;
1737 2047 1882 2103 9ubi
1938 2046 2087 2101 addit

500 2148 670 2209 iesas;
696 2144 767 2199 28
796 2144 885 2197 ubi
907 2158 1059 2196 name
1083 2140 1299 2212 priuata
1328 2154 1424 2207 pro
1448 2146 1541 2195 σοῦ
1564 2140 1622 2193 τὸ
1638 2137 1794 2209 ὄνομα
1814 2138 2079 2201 collocat;

506 2249 603 2298 xtl,
629 2233 702 2289 45
718 2233 806 2287 ubi
834 2234 963 2285 mais
993 2232 1100 2287 alio
1128 2231 1247 2285 loro
1279 2229 1449 2298 ponit.
1501 2227 1606 2283 Sed
1652 2238 1777 2283 sunt
1818 2227 2085 2297 permulta

506 2326 633 2389 alia,
666 2323 754 2378 ubi
777 2334 867 2377 aut
895 2323 1028 2377 falso
1058 2322 1352 2384 adnotavit,
1404 2320 1483 2374 uti
1513 2335 1567 2384 ι,
1618 2319 1688 2374 16
1732 2317 1820 2372 ubi
1852 2314 2084 2371 Gothum

502 2416 626 2473 αὐλή
649 2428 746 2484 pro
772 2415 958 2484 ποίμνη
984 2412 1175 2482 legisse
1198 2410 1348 2477 dicit,
1374 2409 1484 2464 vid.
1516 2423 1617 2464 nos
1640 2409 1707 2463 ad
1741 2409 1797 2462 h.
1830 2407 1901 2473 l.;
1932 2422 1991 2472 x,
2018 2406 2087 2462 18

505 2505 593 2558 ubi
624 2502 785 2557 Gothi
806 2503 1094 2557 auctoritas
1139 2501 1366 2555 delenda
1393 2506 1529 2564 erat,
1560 2515 1683 2554 nam
1726 2499 1804 2555 uti
1846 2499 1911 2554 ad
1955 2500 2011 2553 h.
2040 2498 2084 2553 l.

502 2594 990 2665 comprobavimus,
1021 2607 1126 2647 non
1156 2594 1261 2646 ἀλλ’
1286 2618 1358 2633 ——
1386 2592 1602 2663 ἕμαυτοῦ
1624 2606 1652 2644 a
1680 2590 1858 2647 Gotho
1883 2590 2084 2645 omissa

502 2692 647 2749 sunt,
677 2684 773 2738 sed
802 2685 927 2753 ἐμοῦ
971 2710 1043 2725 --
1068 2684 1226 2740 αὐτὴν
1251 2681 1456 2734 librarii
1502 2680 1822 2749 negligentia
1872 2677 2087 2734 excide-

504 2781 654 2836 runt;
685 2787 739 2838 ι,
764 2771 833 2828 56
852 2769 1039 2838 ineptit
1058 2770 1261 2824 addens
1280 2768 1513 2825 Gothum
1535 2771 1786 2826 omittere
1802 2770 2085 2826 articulum

508 2870 624 2926 τοῦς
657 2892 726 2903 -
752 2862 906 2932 quasi
955 2877 1080 2918 eum
1131 2860 1319 2915 Ullilas
1352 2875 1585 2931 unquam
1643 2861 1711 2917 ad
1755 2876 1943 2917 vocem
1973 2862 2086 2920 θεὸς

505 2956 799 3023 posuisset!
830 2971 905 3022 xl,
928 2957 963 3011 4
985 2956 1077 3010 ubi
1102 2955 1232 3013 αὕτη
1262 2954 1486 3010 aGotho
1527 2957 1718 3012 abesse
1763 2954 1915 3022 dicit,
1962 2970 2084 3011 eum

504 3060 687 3119 aperte
716 3064 1034 3104 conversum
1065 3049 1135 3103 sit
1173 3063 1306 3104 voce
1334 3047 1431 3118 [)o,
1463 3049 1555 3104 sed
1595 3064 1690 3117 per
1740 3048 1881 3103 hunc
1928 3063 2081 3103 erro-

505 3153 619 3193 rem
650 3138 950 3193 innumeris
982 3138 1116 3191 locis
1157 3136 1339 3206 lapsus
1364 3149 1450 3191 est
1487 3138 1567 3193 vir
1607 3139 1696 3194 ille
1742 3137 1967 3203 doctus;
2009 3155 2081 3206 xi,

504 3228 539 3282 9
569 3237 626 3282 et
656 3242 748 3293 xtl,
773 3227 842 3281 20
873 3226 961 3281 ubi
988 3228 1039 3280 ἐκ
1059 3224 1294 3281 Gothum
1325 3227 1573 3283 omisisse
1596 3228 1747 3297 dicit,
1766 3243 1883 3283 eam
1909 3238 2085 3284 autem

506 3319 942 3390 prmpositionem
998 3316 1209 3372 Gathus
1242 3326 1364 3387 post
1391 3318 1554 3373 verba
1584 3319 1830 3388 partitiva
1864 3320 2080 3387 (πολλοὶ,

502 3412 635 3471 τινές
687 3408 809 3478 all.)
850 3409 965 3463 fere
998 3410 1137 3464 solet
1177 3409 1463 3474 omittere;
1509 3425 1582 3476 ιιι,
1625 3409 1694 3465 55
1722 3411 1809 3464 ubi
1856 3410 2084 3467 Gothum

503 3514 628 3553 cum
661 3500 701 3552 1)
726 3500 951 3569 aliisque
975 3498 1150 3553 latinis
1173 3498 1451 3555 codicibus
1471 3503 1783 3570 conspirare
1808 3501 1954 3565 dicit,
1977 3501 2086 3556 into

507 3594 684 3661 potius
708 3604 829 3646 cum
854 3592 1058 3661 aliquot
1089 3593 1275 3646 latinis
1288 3591 1430 3661 apud
1451 3591 1719 3659 Sabatier,
1743 3594 1835 3661 qui
1854 3594 2081 3648 habent:

501 3684 737 3752 Judceos,
766 3686 853 3756 qui
896 3700 1133 3740 venerant
1175 3687 1375 3757 (erant)
1412 3702 1527 3739 cum
1561 3703 1622 3740 ea
1659 3686 1961 3756 plorantes;
1995 3697 2087 3743 aut

504 3774 664 3831 Gothi
692 3777 1064 3831 auctoritatem
1089 3775 1206 3829 aliis
1234 3776 1505 3830 adnotatis
1548 3780 1954 3850 non'apposuit,
2005 3781 2082 3836 uti

502 3884 561 3934 x,
591 3870 661 3925 59
685 3869 772 3923 ub;
793 3867 1023 3923 Gothum
1051 3864 1141 3923 οὖν
1160 3883 1212 3925 c.
1244 3869 1405 3924 codd.
1426 3869 1678 3925 omittere
1703 3886 1809 3926 non
1828 3872 2079 3935 adnotat,

500 3973 624 4014 cum
668 3974 795 4013 mox
841 3957 982 4027 apud
1011 3974 1132 4013 eunt
1176 3960 1326 4014 πάλιν
1376 3970 1496 4028 post
1531 3962 1679 4017 αὐτόν
1734 3963 1857 4030 poni
1911 3964 2079 4030 dicat;

501 4049 581 4102 sic
606 4064 660 4114 ι,
689 4047 754 4102 41
786 4058 842 4103 et
868 4046 939 4101 42
967 4063 1139 4118 neque
1162 4046 1372 4108 εποίησε
1398 4060 1609 4121 σημεῖον
1640 4066 1811 4120 neque
1832 4056 1903 4114 εἰς
1930 4056 2082 4109 αὐτὸν

503 4140 606 4193 ἐκεῖ
626 4152 748 4192 cum
778 4137 897 4193 aliis
935 4137 1130 4206 legisse
1163 4139 1412 4203 adnotat;
1455 4155 1532 4204 xi,
1558 4139 1625 4193 21
1676 4138 1705 4195 ὁ
1743 4140 1954 4214 ἁδελφός
1981 4165 2081 4214 μου

503 4238 625 4298 post
647 4230 858 4285 ἀπέθανε
892 4227 1188 4297 (ἐτεθνήκει)
1219 4229 1463 4299 ponitur;
1496 4245 1569 4295 xi,
1621 4230 1696 4286 29
1734 4229 1787 4286 δέ
1837 4233 2079 4296 additur;

502 4338 597 4389 ιιι,
626 4322 658 4376 6
682 4329 832 4377 τοῦτο
875 4319 929 4376 δέ
970 4317 1077 4376 εἷπε
1128 4320 1342 4391 legitur,
1371 4322 1606 4391 itemque
1632 4338 1727 4386 XII,
1756 4324 1827 4378 26
1854 4326 1965 4396 ἐμοὶ
2000 4348 2079 4387 τις

502 4409 736 4487 διακονῇ
770 4411 821 4465 in
845 4412 1015 4479 iisque
1044 4408 1209 4477 Gothi
1233 4426 1355 4466 cum
1380 4411 1500 4467 aliis
1540 4413 1692 4468 libris
1729 4415 1918 4483 gracis
1943 4430 2076 4471 con-

501 4515 716 4555 sensum
753 4515 857 4554 non
889 4499 1180 4554 indicatum
1203 4515 1323 4556 esse
1362 4516 1429 4555 eo
1469 4502 1638 4571 magis
1666 4503 1905 4570 ollendit,
1933 4505 2074 4571 quod

502 4592 624 4644 aliis
665 4592 796 4643 locis
842 4592 1015 4644 veraio
1053 4591 1267 4659 gotltica
1304 4593 1376 4646 .in
1431 4593 1805 4647 auctoritatum
1852 4610 2074 4651 numero

504 4681 674 4751 posita
701 4689 804 4746 est,
844 4681 920 4734 uti
950 4696 1004 4746 x,
1041 4678 1135 4747 ll);
1169 4699 1233 4751 x,
1268 4684 1334 4739 16
1376 4683 1489 4751 (ubi
1524 4685 1755 4739 dubitari
1784 4688 1943 4741 etiam
1987 4704 2074 4758 po~

502 4780 635 4837 test,
687 4784 754 4822 an
796 4785 939 4825 rec.e
992 4770 1189 4825 factum
1236 4774 1333 4835 sit,
1382 4788 1502 4826 nam
1556 4776 1763 4830 etiamsi
1808 4782 2072 4849 γενήσεται

502 4861 708 4915 Guthus
736 4862 971 4931 legisset,
997 4873 1173 4917 tamen
1200 4865 1354 4918 aliter
1372 4865 1612 4920 scribere
1636 4881 1740 4921 non
1765 4868 2070 4938 potuisset),

499 4968 557 5018 x,
580 4951 671 5018 29,
700 4954 787 5018 50,
819 4952 921 5019 59;
947 4969 1020 5018 ιιι,
1057 4955 1146 5019 17,
1168 4954 1258 5019 50,
1291 4953 1379 5020 52,
1415 4955 1485 5010 46
1509 4955 1625 5026 (ubi
1659 4971 1725 5012 ne
1756 4957 1889 5012 falso
1909 4960 2076 5015 adno-

500 5043 714 5105 taverit,
737 5043 968 5097 Gothum
991 5042 1018 5098 ὅ
1045 5059 1139 5113 pro
1176 5044 1209 5097 ἆ
1244 5045 1460 5114 legisse,
1500 5062 1773 5113 verentur,
1824 5065 1945 5104 nam
1997 5052 2077 5106 sic

499 5148 599 5201 pro
648 5133 837 5200 plurali
879 5150 1159 5189 numerum
1204 5137 1532 5206 singularem
1582 5140 1826 5195 neutrius
1874 5156 2075 5210 ponere

499 5219 701 5289 solet);
743 5236 850 5289 xtt,
895 5224 959 5278 17
984 5261 998 5288 ,
1041 5225 1105 5278 57
1140 5226 1495 5294 (superﬂuum
1522 5228 1576 5281 h.
1612 5228 1651 5282 l.
1689 5239 1805 5284 erat
1840 5228 2070 5286 Gothum

498 5311 757 5377 excitare,
804 5326 836 5365 a
882 5327 985 5382 quo
1012 5328 1132 5368 cum
1168 5324 1222 5369 et
1257 5318 1530 5390 galanbjan
1552 5321 1709 5375 imma
1735 5329 1792 5376 et
1827 5322 1898 5376 du
1919 5325 2076 5379 intuta

498 5404 615 5458 sine
645 5402 956 5459 discrimine
985 5404 1221 5471 dicatur,
1269 5418 1445 5465 utrum
1503 5415 1573 5472 r'c
1611 5414 1770 5468 αὐτόν
1816 5428 1887 5468 an
1932 5418 2095 5485 αὐτῷ.

539 5512 593 5571 ’ί
631 5538 781 5606 Quod
799 5540 890 5615 __ei_
926 5540 1067 5615 laudi
1091 5542 1282 5615 magis,
1326 5559 1483 5612 quam
1533 5546 1800 5615 vituperio
1832 5549 2073 5605 tribuen-

501 5604 629 5659 dum
656 5604 777 5664 esse
799 5610 1034 5667 lahnius
1056 5604 1357 5678 existimat;
1386 5615 1600 5670 Einleit.
1718 5616 1836 5672 55⁸.

2181 420 2380 476 ﬁciant.
2448 422 2766 487 Scholzius,
2821 424 3218 481 recentissimus
3261 435 3370 487 novi
3426 447 3675 500 testamenti

2180 510 2386 573 εάίιοιι,
2440 510 2508 566 ad
2544 511 2912 567 additamenta
2958 514 3266 572 Schulziana
3311 523 3429 577 nihil
3489 530 3677 602 addidit,

2182 601 2468 654 maximam
2496 612 2700 670 partem
2740 601 2858 667 eius
2907 605 3222 663 auctoritate
3259 611 3490 670 adductus
3514 601 3678 680 falsario

2180 687 2311 753 sint,
2336 703 2404 744 an
2435 690 2600 757 proba
2630 690 2760 744 nihil
2791 705 3009 759 curans,
3039 692 3153 762 ipse
3173 696 3324 751 etiam
3354 716 3684 765 snucomnten-

2184 778 2319 833 tario
2347 779 2634 848 adspersit,
2666 780 2939 835 nonnullis
2968 784 3149 837 nescio
3190 800 3289 853 quo
3314 792 3514 847 consilio
3547 812 3681 865 quave

2181 882 2343 924 causa
2372 871 2605 925 omissis.

2255 961 2530 1031 Diligentis
2554 962 2723 1018 critici
2745 977 2864 1017 cum
2885 977 3006 1018 esse
3031 962 3311 1033 rideretur,
3340 984 3506 1026 omnes
3523 974 3684 1032 discre-

2182 1052 2394 1120 pantias
2421 1062 2626 1118 notare,
2649 1068 2767 1123 qua:
2803 1054 2945 1107 inter
2970 1061 3169 1108 textum
3196 1071 3410 1124 graacum
3455 1069 3503 1115 et
3523 1065 3687 1117 versio-

2185 1155 2307 1195 nem
2335 1141 2603 1211 gothicam
2628 1143 3050 1210 intercederent,
3098 1144 3149 1199 id
3172 1135 3413 1202 suadente
3452 1150 3688 1207 Michaeli'

2184 1246 2284 1286 nos
2306 1232 2518 1301 quidem
2552 1234 2799 1298 fecimus,
2827 1233 3067 1303 exceptis
3091 1243 3262 1290 tamen
3292 1237 3372 1301 iis,
3400 1254 3505 1307 qua:
3529 1257 3615 1295 non
3632 1259 3684 1297 ex

2183 1322 2283 1376 alia
2315 1323 2567 1388 lectione,
2598 1325 2690 1378 sed
2721 1340 2786 1377 ex
2830 1325 3045 1379 diverso
3077 1324 3348 1395 utriusque
3384 1328 3553 1398 linguae
3575 1331 3692 1400 inge.

2187 1413 2276 1468 nio
2304 1427 2435 1468 ortae
2463 1425 2615 1481 sunt;
2659 1415 2737 1472 sic
2767 1431 2818 1469 v.
2849 1431 2902 1485 g.
2937 1416 3202 1486 genitivus
3233 1419 3437 1488 pluralis
3473 1432 3574 1490 post
3595 1427 3689 1489 aut,

2184 1520 2309 1572 uvas,
2357 1522 2521 1573 surtu,
2579 1507 2799 1561 nim/tun
2858 1522 2953 1571 pro
2996 1507 3188 1563 eodem
3226 1510 3424 1565 illorum
3464 1513 3694 1569 verborum

2186 1611 2338 1659 casu,
2363 1598 2437 1651 uti
2459 1597 2645 1652 Matth.
2666 1613 2738 1654 vn
2758 1642 2773 1666 ,
2803 1599 2871 1653 17
2892 1598 2965 1652 all
2985 1599 3162 1669 bagme
3191 1601 3364 1671 (omne
3382 1601 3617 1672 arborum)
3640 1636 3695 1646 —

2185 1694 2288 1743 πᾶν
2308 1687 2531 1762 δένδρον.
2574 1705 2629 1757 v,
2658 1689 2730 1744 46
2755 1705 2830 1743 too
2864 1691 3101 1744 mizdono
3135 1690 3310 1761 (quam
3335 1696 3621 1766 mercedum)
3643 1728 3699 1739 —

2182 1782 2295 1834 τίνα
2309 1780 2510 1851 μισθόν.
2536 1778 2692 1833 Joan.
2734 1794 2830 1845 ιιι,
2861 1780 2933 1834 20
2949 1781 3117 1834 ειιιιιαί
3141 1780 3308 1852 ῥὶιιάο
3327 1782 3543 1852 (quidam
3565 1789 3699 1853 genti-

2187 1868 2343 1939 lium)
2369 1898 2440 1907 —
2463 1872 2596 1929 τινές
2619 1866 2863 1930 Ἕλληνες.
2894 1870 3061 1926 Marc.
3085 1886 3161 1937 vt,
3193 1873 3227 1926 5
3251 1872 3303 1926 ni
3330 1874 3539 1927 ainolnnt
3569 1874 3703 1927 multis

2183 1960 2315 2025 (non
2343 1974 2500 2013 unam
2527 1962 2808 2031 virtutum)
2829 1991 2898 2003 --
2928 1960 3175 2034 οὐδεμίαν
3229 1962 3462 2033 δύναμεις
3502 1963 3702 2019 circuilio

2186 2048 2435 2103 infinitivi
2461 2064 2579 2104 cum
2608 2051 2985 2120 praepositione
3005 2062 3061 2108 et
3082 2052 3304 2108 articulo
3320 2064 3374 2108 et
3397 2056 3565 2110 eadem
3584 2060 3703 2125 geni-

2184 2141 2413 2196 tivorum
2454 2141 2845 2211 absolutorum,
2870 2146 2942 2201 uti
2973 2145 3164 2200 Matth.
3192 2163 3358 2212 xxvii,
3389 2147 3453 2201 12
3474 2147 3703 2220 ηιὶῥριιιιεί

2186 2233 2403 2305 υνοΙιὶρε
2430 2250 2516 2288 vas
2537 2234 2685 2305 (dum
2704 2245 2981 2291 accusatus
2999 2236 3121 2303 fuit)
3146 2266 3217 2279 ——
3233 2238 3281 2291 ἐν
3296 2245 3365 2310 τῷ
3376 2242 3707 2313 κατηγορεῖσθαι

2184 2326 2359 2381 αὐτόν.
2417 2325 2484 2379 57
2538 2323 2654 2395 pan
2704 2325 2860 2397 seipu
2916 2325 3052 2396 varp
3102 2328 3269 2396 (cum
3310 2342 3428 2381 sero
3466 2328 3618 2394 iteret)
3658 2355 3711 2365 —-

2185 2414 2337 2487 ὀψίας
2363 2416 2661 2487 γενομένης;
2714 2419 2901 2470 eadem
2952 2416 3199 2471 inlinitivi
3247 2417 3456 2486 passivi,
3484 2418 3551 2470 uti
3578 2417 3708 2470 Marc.

2189 2519 2242 2569 χ,
2273 2504 2343 2560 45
2365 2514 2418 2558 at
2444 2506 2777 2575 andbalttjam
2808 2506 2898 2575 (ad
2928 2506 3172 2575 servitia)
3201 2535 3273 2546 —
3305 2506 3633 2573 διακονηθῆναι,
3659 2507 3713 2559 cf.

2185 2597 2251 2650 ad
2276 2612 2389 2665 vut,
2414 2599 2475 2653 51
2511 2606 2566 2653 et
2591 2614 2680 2662 xv,
2700 2598 2767 2661 9;
2799 2614 2925 2651 usus
2957 2599 3223 2668 praeteriti
3266 2604 3511 2667 temporis
3538 2600 3584 2651 ιιι
3621 2612 3718 2649 nar-

2188 2687 2397 2741 ratione
2417 2703 2517 2757 pro
2545 2698 2810 2759 praesente
2832 2702 3028 2757 graeco,
3060 2688 3172 2743 vid.
3226 2689 3293 2741 ad
3326 2689 3499 2742 Matth.
3539 2702 3634 2748 vtu,
3659 2684 3716 2739 ιι)

2186 2783 2242 2829 et
2270 2777 2400 2831 Luc.
2427 2791 2505 2840 ιιι,
2536 2779 2592 2831 tl
2628 2787 2683 2829 et
2736 2786 2990 2845 prieterea
3025 2776 3197 2831 multa
3228 2777 3353 2840 alia,
3395 2791 3507 2846 quae
3540 2789 3718 2829 enume-

2190 2879 2311 2919 rare
2342 2866 2554 2935 Iungunt
2604 2877 2709 2932 est,
2756 2882 2862 2920 non
2911 2877 3037 2921 sunt
3086 2867 3408 2932 varietates;
3458 2881 3542 2921 eas
3579 2875 3724 2918 autent

2191 2952 2439 3010 invenire
2465 2956 2667 3010 auxilio
2688 2956 2959 3011 interioris
2985 2956 3257 3012 sermonis
3294 2957 3485 3027 gotbici
3508 2955 3725 3025 cognitio-

2191 3042 2275 3098 nis
2303 3058 2410 3099 non
2441 3044 2575 3099 adeo
2604 3045 2822 3101 difficile
2858 3055 2957 3101 est.
2994 3047 3348 3101 Inveniuntur
3392 3046 3592 3117 quidem
3615 3044 3726 3107 loca,

2192 3132 2280 3188 ubi
2302 3132 2499 3190 hereri
2522 3135 2709 3204 possit,
2764 3144 2938 3190 utram
2985 3135 3277 3190 lectionem
3310 3135 3506 3190 Gothus
3546 3142 3725 3189 secutus

2189 3225 2282 3292 sit,
2306 3226 2429 3296 quia
2450 3227 2636 3281 eadem
2665 3227 2834 3281 forma
2860 3226 3075 3296 gothica
3097 3228 3311 3280 duabus
3339 3228 3519 3296 grumis
3545 3238 3731 3294 respon-

2188 3320 2300 3384 det,
2323 3319 2399 3374 uti
2425 3318 2538 3374 Gal.
2574 3334 2647 3382 Vt.
2686 3319 2722 3378 2
2760 3319 2849 3374 ubi
2899 3320 3156 3392 κοῙιιιΙείῥ
3187 3350 3261 3363 --
3288 3321 3657 3397 ἁναπληρῶσατι
3687 3325 3731 3369 et

2188 3411 2601 3485 ἀναπληρώσας,
2631 3408 2759 3464 Cor.
2806 3408 2849 3477 l,
2884 3425 2971 3476 xv,
3021 3409 3092 3464 49
3155 3411 3243 3464 ubi
3296 3424 3393 3479 per
3436 3410 3657 3461 boirainta
3688 3414 3734 3459 et

2188 3502 2467 3575 φορὲσομιν
2505 3509 2561 3554 et
2587 3502 2872 3575 φορέσωμεν
2903 3499 3056 3555 reddi
3110 3508 3349 3569 poterat,
3395 3498 3465 3553 cf.
3505 3498 3566 3551 ad
3605 3496 3656 3550 L.
3681 3510 3724 3559 v,

2186 3593 2257 3648 30
2281 3609 2299 3659 ;
2328 3603 2419 3649 aut
2443 3594 2723 3662 particula:
2748 3609 2936 3663 gratare
2962 3594 3196 3647 diversae
3221 3608 3251 3646 a
3288 3591 3465 3648 Gotho
3509 3604 3604 3644 non
3628 3586 3733 3641 satis

2186 3681 2467 3751 diligenter
2516 3692 2645 3738 sunt
2695 3682 2984 3747 distinctas,
3037 3684 3115 3737 uti
3147 3683 3202 3739 δέ
3236 3692 3293 3737 et
3335 3680 3602 3762 γάρνδέθι
3645 3679 3731 3741 καὶ.

2187 3776 2270 3830 καί
2297 3782 2354 3828 et
2400 3770 2517 3843 ait»;
2550 3773 2605 3829 in
2645 3772 2727 3835 his
2769 3773 2938 3833 satius
2981 3773 3086 3833 erit
3117 3774 3360 3834 Gothum
3415 3774 3615 3831 wlices
3655 3780 3732 3823 eos

2186 3878 2426 3923 secutum
2456 3868 2659 3932 dicere,
2680 3884 2804 3924 cum
2842 3869 3037 3937 quilms
3083 3868 3408 3936 conspirare
3457 3865 3562 3918 fere
3602 3859 3731 3913 solet.

2184 3956 2314 4022 Qua
2341 3968 2518 4012 autem
2557 3958 2818 4014 lectiones
2853 3972 3042 4014 revera
3090 3970 3223 4013 sunt
3270 3958 3559 4015 variantes.
3587 3952 3657 4005 lue
3681 3960 3733 4001 eo

2182 4046 2489 4117 diligentius
2544 4048 2789 4103 notanda
2838 4059 2986 4114 sunt,
3024 4049 3157 4119 quia
3218 4048 3407 4103 versio
3447 4044 3615 4107 Gothi,
3638 4052 3735 4107 qua:

2185 4154 2305 4193 cum
2333 4142 2478 4195 nullo
2509 4140 2765 4195 librorum
2801 4146 3137 4195 vetustorum
3168 4140 3353 4194 adhuc
3420 4128 3733 4201 superstitum

2184 4232 2257 4285 ita
2285 4233 2541 4299 concinit,
2569 4242 2629 4287 ut
2657 4246 2723 4288 ex
2750 4247 2819 4288 eo
2864 4233 2981 4287 solo
3012 4232 3235 4287 “hausta
3278 4230 3387 4285 dici
3418 4227 3594 4299 possit,
3642 4224 3735 4291 ἱρεδ

2186 4337 2285 4389 pro
2310 4321 2495 4379 codice
2521 4331 2607 4378 est
2628 4322 2891 4378 habenda.
2922 4322 3054 4375 Nam
3080 4322 3307 4376 etiamsi
3358 4318 3589 4391 plurimis
3626 4310 3736 4366 locis

2182 4412 2581 4481 evangeliorum
2624 4427 2747 4466 cum
2778 4412 2966 4467 codice
2999 4411 3041 4466 D
3083 4412 3447 4480 epistularum
3488 4422 3600 4462 cum
3618 4401 3739 4457 codi-

2182 4503 2335 4557 cibus
2365 4502 2544 4559 DEFG
2569 4508 2588 4528 ⁶
2617 4504 2920 4570 consentit,
2979 4513 3162 4558 tamen
3192 4504 3248 4557 in
3281 4499 3567 4571 evangeliis
3592 4495 3736 4553 illum.

2184 4596 2236 4648 in
2262 4595 2503 4665 epistolis
2532 4595 2630 4649 hos
2656 4595 2870 4649 codices
2909 4593 3146 4649 Gothum
3202 4609 3332 4649 esse
3359 4601 3591 4647 secutum
3629 4599 3737 4640 con-

2182 4686 2324 4739 tendi
2350 4700 2453 4739 ttou
2483 4694 2673 4753 potest,
2707 4684 2829 4752 quia
2860 4683 2997 4737 haud
3044 4698 3220 4751 pauca
3270 4690 3401 4736 sunt
3430 4681 3560 4740 loca,
3584 4674 3662 4729 ubi
3684 4673 3733 4725 alt

2182 4778 2391 4833 illorum
2417 4778 2733 4832 auctoritate
2762 4776 2992 4829 diseedit
3018 4805 3092 4815 —
3118 4791 3247 4844 qua:
3274 4776 3437 4828 etiam
3464 4782 3614 4824 Csltlsa
3653 4773 3737 4827 εει.

2182 4883 2279 4922 cur
2307 4870 2483 4922 versio
2510 4867 2741 4936 gotbica,
2773 4881 2892 4920 cum
2929 4864 3116 4918 mixtis
3156 4859 3563 4919 annumeranda
3590 4857 3668 4917 sit.
3688 4852 3740 4902 ad

2182 4956 2523 5027 byzantinatn
2552 4958 2671 5010 sive
2716 4954 3371 5022 constantitmpolitanam
3411 4946 3745 5005 I'CCCIIaiOﬂt’m

2180 5050 2353 5102 solam
2398 5063 2430 5101 a
2489 5046 2617 5099 viris
2657 5045 2828 5099 doctis
2881 5060 2986 5098 non
3028 5044 3276 5098 debebat
3331 5040 3637 5098 referri—4
3680 5030 3765 5103 είοη

2180 5137 2366 5192 Matth.
2396 5150 2450 5200 ν,
2474 5134 2544 5190 46
2565 5134 2685 5188 00d.
2720 5133 2763 5187 Ι)
2787 5133 3012 5195 τιλῶναι,
3055 5129 3233 5185 Gotb.
3294 5130 3473 5183 tltiudo
3522 5120 3743 5197 (sesami);

2182 5244 2256 5293 Vt,
2314 5227 2418 5282 ‘lD
2468 5224 2807 5289 δικαιοσύνην,
2856 5224 3016 5279 Gotb.
3059 5224 3315 5277 αι’ηαίοη
3365 5210 3741 5293 (ἐλεημοσύνητπ

2183 5334 2256 5382 vi,
2288 5318 2321 5372 4
2371 5317 2412 5371 1)
2453 5317 2611 5371 habet
2653 5317 2830 5380 αὐτὸς,
2861 5313 3000 5384 quod
3038 5312 3215 5368 Gotb.
3251 5314 3491 5376 omittit;
3520 5323 3603 5375 vt,
3633 5300 3691 5359 l5
3712 5298 3744 5352 ί)

2181 5408 2377 5463 omittit
2397 5405 2757 5474 doxologiam,
2788 5416 2949 5474 quam
2994 5402 3167 5457 Gotb.
3227 5402 3418 5465 habet,
3448 5408 3505 5455 et
3543 5397 3618 5451 sic
3641 5402 3743 5461 per-

2254 5548 2274 5578 ¹
2318 5546 2613 5612 Einleitnng
2645 5542 2695 5594 in
2722 5541 2802 5612 die
2823 5539 3099 5611 gdttlichen
3124 5538 3401 5611 Schriften
3420 5556 3474 5607 ρ.
3505 5533 3625 5589 279.

2256 5620 2273 5640 ⁸
2315 5618 2460 5683 Quos
2492 5611 2868 5668 Griesbacbius
2893 5612 3088 5680 signat.
