4048 6184
418 235 527 291 193

1803 233 2333 291 PROLEGUMENA.

3589 241 3689 294 tot

414 368 562 418 u-grc
592 359 797 403 tantum
824 362 1248 420 cognoscuntur:
1279 351 1608 422 plagularum
1638 349 1772 404 ordo
1795 351 2001 420 pariter
2030 351 2080 412 Α
2110 357 2237 415 tata,
2263 364 2404 403 anno
2453 349 2588 405 1702
2635 365 2758 406 cum
2795 351 2908 404 01.ιί
2940 351 3231 404 lltnllieckii
3259 352 3417 406 domo
3447 364 3502 409 et
3528 355 3683 411 libris

412 449 578 506 atque
609 439 662 493 in
688 439 875 494 codice
904 438 949 493 A
979 440 1326 508 perturbatus
1355 449 1462 496 est.

488 526 672 584 Tertio
697 529 1052 585 locoiscodex
1067 532 1450 602 poniturquem
1479 547 1578 587 nos
1609 533 2002 587 Ambrosianum

411 619 829 688 appellavimus;
845 631 1163 676 suntautem
1180 632 1406 692 quatuor
1428 631 1631 677 tantum
1659 623 1879 692 pagellan
1904 637 2003 678 co-

410 714 576 779 dicis,
589 713 758 769 forma
790 715 1016 781 minore,
1042 715 1340 771 versionem
1371 715 1588 770 latinam
1601 715 2002 785 evangeliorum

408 803 745 859 continentis
770 803 818 874 (l
849 805 913 858 6|
941 813 1081 872 part.
1111 805 1358 874 super.),
1392 803 1492 859 sub
1513 818 1616 872 qua
1641 804 1896 872 scriptum
1908 811 1996 857 est

411 893 881 962 interpretationis
913 893 1144 963 gothicae
1173 895 1535 964 fragmentum
1566 893 1838 962 evangelii
1869 893 2003 948 Mat-

412 983 572 1048 thei,
601 983 827 1054 eiusque
842 984 1057 1053 quidem
1082 985 1272 1053 partis,
1302 999 1421 1054 quae
1439 984 1492 1039 in
1514 983 1703 1040 codice
1724 984 2002 1052 Argenteo

412 1073 704 1128 maximam
717 1082 926 1143 partem
958 1087 1102 1127 nunc
1124 1072 1496 1138 desideratur;
1531 1073 1801 1128 lucramur
1821 1081 2000 1126 autem

413 1163 545 1218 inde
571 1179 708 1229 xxv,
737 1164 894 1218 38—
914 1178 1036 1217 xm
1055 1203 1072 1228 ,
1103 1164 1167 1227 5;
1200 1178 1348 1228 xm,
1379 1162 1534 1218 65—-
1555 1162 1649 1225 70,
1685 1161 1961 1232 pergitque
1981 1204 1998 1228 ,

415 1264 697 1324 postquam
725 1257 825 1310 hoc
850 1269 1006 1309 versu
1035 1255 1154 1310 cod.
1182 1256 1482 1324 Argenteus
1508 1255 1728 1324 incepit,
1753 1269 1875 1308 eum
1897 1253 2000 1308 hoc

413 1361 588 1416 usque
616 1347 682 1400 ad
712 1362 874 1412 xxvn,
902 1346 954 1400 1.
992 1347 1285 1415 Scriptura:
1314 1363 1482 1416 genus
1513 1357 1595 1402 est
1622 1346 1827 1418 grande
1857 1359 1912 1403 et
1935 1347 2001 1402 ad

407 1438 658 1492 codicem
703 1441 1026 1508 Argenteam
1082 1440 1304 1508 propius
1332 1455 1490 1509 quam
1545 1440 1726 1495 eteteri
1775 1439 2003 1495 Ambro-

409 1529 552 1582 niani
575 1528 781 1582 accedit
805 1528 941 1600 (vid.
968 1528 1160 1583 Tabul.
1188 1529 1253 1594 Il,
1284 1530 1365 1600 tt).

488 1622 795 1692 Supersunt
840 1623 1035 1678 deinde
1073 1623 1175 1678 tria
1205 1621 1336 1677 folia
1381 1621 1586 1678 codicis
1635 1622 1702 1694 (G
1743 1621 1814 1676 82
1858 1632 1997 1692 part.

2110 441 2474 511 conﬂagravit.
2521 441 2754 497 Primam
2797 453 2976 497 autem
3009 443 3181 498 Ultilte
3209 445 3500 501 editionem
3530 464 3561 503 e
3592 465 3686 504 eo-

2110 529 2228 585 dice
2254 532 2522 600 Argenteo
2559 540 2614 586 et
2649 531 2862 586 Derreri
2913 533 3003 588 illa
3049 533 3414 604 descriptione
3442 536 3683 593 haustam

2110 615 2429 672 Franciscus
2487 616 2680 673 Junius
2743 619 3027 673 adornavit
3075 621 3125 686 ¹;
3179 636 3241 675 ca
3294 623 3468 678 an'tein
3521 626 3685 681 editio

2109 707 2317 761 mendis
2344 715 2513 763 scatet
2533 708 2626 773 ita,
2649 718 2708 763 ut
2730 724 2872 764 nunc
2895 711 3012 778 ejus
3044 712 3188 766 nulla
3216 712 3327 768 fere
3354 715 3555 770 utilitas
3584 719 3674 782 sit;

2106 794 2331 860 accedit,
2365 795 2502 863 quod
2534 796 2696 849 multa
2739 797 2966 863 addidit,
2992 813 3218 870 quorum
3248 801 3473 872 vestigia
3507 804 3563 858 in
3591 820 3684 858 co-

2106 883 2226 936 dice
2255 883 2396 936 nulla
2420 894 2696 950 apparent.
2728 885 2959 956 itemque
2996 888 3198 954 omisit,
3229 905 3349 960 qu:e
3393 893 3476 946 vel
3520 892 3680 949 hodie

2106 971 2222 1026 sine
2251 971 2564 1026 difﬁcultate
2600 973 2700 1042 legi
2746 985 2988 1043 possunt.
3015 977 3177 1036 Multa
3204 989 3382 1035 autem
3416 982 3571 1039 laude
3604 985 3686 1040 di-

2105 1073 2224 1126 gna:
2253 1069 2377 1114 sunt
2428 1060 2838 1116 observationes
2868 1065 3092 1121 Thema:
3142 1069 3468 1141 Mareshalli,
3501 1075 3680 1146 Angli,

2107 1146 2363 1200 volumini
2387 1148 2552 1216 priori
2581 1147 2707 1205 inde
2738 1165 2768 1204 a
2801 1152 2986 1222 pagina
3020 1155 3124 1209 385
3149 1157 3363 1213 additre.
3394 1160 3543 1218 [laud
3572 1180 3678 1220 me-

2105 1236 2207 1292 lior
2252 1236 2425 1291 evasit
2455 1237 2621 1292 editio
2659 1239 2874 1310 Georgii
2913 1241 3339 1311 Stiernhieimii,
3385 1252 3680 1307 consiliarii

2106 1326 2348 1382 militaris
2393 1327 2591 1386 suecici
2633 1338 2688 1384 et
2732 1330 2979 1398 presidis
3033 1334 3241 1404 collegii
3293 1337 3675 1406 antiquitatum

2109 1417 2460 1486 llolmiensis,
2507 1433 2626 1488 quae
2665 1418 2950 1476 Jttnianam
3001 1422 3294 1478 editionem
3339 1427 3677 1492 paucissimis

2107 1505 2239 1561 locis
2262 1506 2621 1574 emendatam,
2645 1510 2929 1578 permultis
2957 1512 3128 1565 etiam“
3164 1515 3557 1584 corruptiorem
3589 1534 3677 1574 re-

2105 1595 2254 1665 petiit
2283 1597 2334 1652 ³.
2381 1597 2541 1651 Multo
2593 1599 2794 1666 majore
2819 1613 2938 1655 cum
2982 1614 3111 1654 cttra
3161 1601 3350 1656 Ericus
3375 1603 3676 1671 Benzelius,

413 1685 591 1783 ιαμ).
624 1713 679 1767 in
710 1727 814 1782 quo
839 1713 1042 1782 scripta
1079 1721 1164 1768 est
1205 1712 1591 1768 commentatio
1621 1685 1673 1768 in
1705 1685 1874 1767 libros
1899 1712 2000 1768 lte-
2033 1723 2076 1782 B
2106 1685 2941 1783 Ϋτ⁰¹¹ίθρί⁵ίξοβ¹¹ἷρὲξθ¹ίθ¹¹⁸ξῗτ
2976 1699 3029 1744 οῖ
3066 1702 3368 1783 °°_m°"“°
3398 1694 3679 1783 βάυπάυε

413 1819 541 1874 gum
557 1803 759 1868 latina;
789 1804 1038 1859 librarius
1057 1805 1114 1859 in
1141 1818 1293 1860 nsum
1315 1819 1469 1860 suum
1491 1805 1758 1861 convertit
1782 1806 1998 1861 codices

411 1896 590 1951 l’lanti
621 1895 944 1960 fabularum,
978 1898 1199 1953 Seneca:
1230 1895 1612 1967 tragtediarutn
1642 1908 1695 1953 et
1727 1899 1999 1968 interpre-

410 1986 637 2040 tationis
676 1985 918 2042 Ultilante
952 1986 1210 2042 librorum
1253 1987 1526 2042 Nebemim
1552 1995 1608 2042 et
1638 1987 1854 2054 Eadm;
1887 2001 2000 2047 ser-

410 2087 680 2134 vatasunt
711 2079 762 2132 in
793 2089 1023 2149 quatuor
1054 2078 1277 2149 pagellis
1295 2077 1362 2134 de
1383 2077 1642 2134 Nebemia
1667 2093 1721 2146 v,
1751 2078 1996 2145 15—18;

410 2186 488 2234 υ,
526 2172 762 2236 ll—vtt.
796 2172 860 2236 ‘5;
891 2171 1097 2226 duabus
1121 2171 1190 2228 de
1221 2171 1390 2226 Esdra
1431 2187 1492 2239 tt,
1536 2170 1736 2229 8—12.
1772 2173 2002 2228 Littera-

407 2263 533 2313 rum
562 2259 836 2328 specimen
865 2259 1132 2314 redditum
1161 2267 1245 2314 est
1272 2259 1462 2316 Tabul.
1495 2259 1560 2325 ll,
1582 2276 1620 2315 t.

481 2349 684 2415 Quinto
714 2348 944 2420 denique
969 2349 1088 2404 loco
1118 2348 1368 2419 ponimus
1395 2349 1638 2405 codicem
1661 2391 1676 2413 ,
1716 2348 1810 2420 qui
1847 2349 2000 2403 Sket-

403 2453 446 2487 r.
467 2439 551 2491 ius
581 2439 853 2506 continet,
891 2438 1046 2507 cujus
1082 2453 1185 2492 una
1219 2452 1344 2507 pars
1368 2437 1554 2492 llomtc
1585 2439 1635 2492 in
1670 2436 1996 2492 biblimheca

409 2525 673 2578 Vaticana
716 2539 838 2580 cum
879 2525 1140 2581 Frontino
1167 2526 1534 2596 superscripto
1581 2526 1726 2597 (cod.
1765 2535 1828 2580 n°
1857 2528 2000 2583 5750

397 2614 648 2668 membr.
705 2615 870 2670 forma
917 2615 1131 2686 quarta)
1163 2624 1446 2682 servatur,
1492 2617 1664 2671 altera
1713 2616 1996 2672 Mediolani

397 2704 831 2772 (eoJ.Ambros.
867 2705 908 2760 E
936 2705 1058 2771 M7,
1091 2705 1321 2761 membr.
1354 2706 1521 2760 forma
1550 2705 1782 2776 quam),
1816 2707 1868 2761 in
1899 2721 2001 2776 qua

401 2807 586 2859 super
600 2792 818 2861 guthiea
841 2793 1129 2848 concilium
1147 2791 1564 2849 Cbaleedoninm
1593 2795 1855 2865 scriptum
1880 2805 1962 2851 est
1983 2813 1996 2861 ;

400 2884 543 2936 uide
580 2882 647 2937 de
675 2897 740 2937 eo
776 2883 1167 2938 Massuannum
1196 2883 1354 2938 docte
1384 2893 1545 2954 atque
1575 2886 1795 2953 cepiose
1818 2884 2003 2953 dispu-

399 2978 622 3024 tantem
645 2969 816 3025 Skeir.
849 2986 910 3039 ρ.
926 2972 998 3027 55
1021 2985 1141 3040 sqq.
1172 2971 1296 3042 Ejus
1325 2982 1504 3027 autem
1527 2973 1857 3028 mentionem
1879 2988 1999 3028 eam

2105 1774 2248 1846 Lye,
2278 1776 2480 1845 Anglus
2505 1817 2522 1843 ,
2553 1775 2766 1832 Ullilam
2819 1777 3102 1832 ediderunt
3129 1779 3180 1844 ³;
3232 1795 3352 1834 nam
3403 1781 3680 1838 Benzclius

2105 1878 2212 1918 non
2236 1863 2409 1918 solum
2440 1864 2700 1920 lectiones
2726 1866 3020 1937 permultas
3038 1867 3180 1922 Junii
3208 1881 3262 1923 et
3287 1869 3677 1929 Stiernhielmii

2101 1952 2429 2018 emendavit,
2453 1953 2548 2008 sed
2571 1955 2732 2009 etiam
2750 1955 2956 2025 primus
2981 1955 3048 2012 de
3075 1968 3269 2013 nostra:
3294 1961 3555 2018 versionis
3570 1965 3680 2020 dis-

2102 2039 2327 2095 crimine
2390 2049 2440 2096 et
2490 2055 2758 2098 consensu
2810 2059 2930 2098 cum
2981 2053 3125 2100 textu
3169 2062 3345 2116 grtneo
3395 2052 3678 2109 verissime

2098 2129 2386 2196 judicavit;
2420 2145 2579 2184 unum
2611 2129 2770 2184 modo
2799 2130 3160 2187 desideratum
3191 2145 3300 2190 est:
3351 2155 3453 2193 non
3500 2144 3680 2198 omnia

2104 2219 2221 2274 loca
2247 2219 2476 2276 evanida
2504 2233 2664 2292 atque
2690 2222 2830 2278 lectu
2863 2225 3104 2279 difﬁcilia
3139 2227 3268 2282 dare
3307 2229 3496 2284 valuit.
3543 2231 3678 2286 Eum

2102 2311 2340 2366 laborem
2369 2313 2604 2383 suscepit
2631 2313 2866 2369 Joannes
2895 2316 2962 2368 ab
2984 2315 3124 2382 lltre,
3157 2319 3316 2387 regia:
3343 2321 3680 2376 eancellaria:

2101 2402 2443 2456 consiliarius
2487 2412 2541 2458 et
2593 2404 2867 2472 professor
2907 2405 3269 2462 universitatis
3317 2409 3680 2479 Upsz'liensis,

2102 2491 2192 2560 qui
2221 2499 2387 2545 totum
2415 2506 2552 2562 opus
2593 2492 2661 2546 ab
2685 2494 2865 2564 aliquo
2892 2509 2923 2550 e
2949 2494 3301 2553 Stierhielmii
3329 2499 3564 2556 editione
3594 2502 3682 2557 de.

2103 2583 2443 2638 sorbendum
2469 2585 2678 2638 curavit
2720 2585 2774 2639 in
2802 2601 3029 2658 eamque
3061 2587 3472 2658 descriptionem
3503 2609 3682 2648 emen-

2105 2674 2348 2728 dationes
2413 2690 2478 2729 ex
2542 2675 2727 2730 codice
2775 2677 2904 2746 Arg.
2966 2680 3081 2746 ipso
3130 2683 3350 2734 haustas
3408 2684 3578 2737 intulit
3626 2685 3675 2748 ις

2104 2778 2278 2833 eoque
2325 2765 2377 2818 in
2423 2765 2640 2834 negotio
2669 2780 2731 2820 ea
2769 2766 3067 2836 diligi-mia,
3121 2769 3425 2837 prudentia,
3482 2775 3674 2842 peritia

2105 2861 2348 2907 versatus
2379 2861 2484 2921 est,
2507 2869 2667 2923 quam
2691 2854 2734 2908 is
2755 2855 2938 2922 modo,
2969 2857 3058 2926 qui
3082 2858 3322 2912 codicem
3355 2863 3680 2930 Argcnteum

2103 2942 2215 2997 suis
2233 2943 2404 2997 oculis
2427 2943 2578 3008 vidit,
2608 2943 2740 2998 satis
2763 2943 3033 3001 mstimare
3062 2956 3259 3016 potest.
3283 2949 3414 3015 Quae
3457 2949 3576 3007 lltre
3617 2954 3682 3009 ad

399 3057 494 3112 ob
519 3072 732 3114 causam
760 3035 1138 3126 lticvfecitnu'si,
1180 3035 1302 3129 quia
1329 3061 1452 3116 inde
1480 3062 1732 3117 duximus
1759 3061 1917 3116 Joan.
1953 3077 1993 3129 t,
2029 3082 2074 3145 ε
3231 3040 3420 3096 come"
3452 3043 3683 3145 aufem"

403 3144 520 3208 29;
550 3161 625 3210 tu,
643 3147 802 3209 3—5,
830 3147 1064 3212 23—26,
1092 3147 1335 3215 29—52;
1362 3166 1414 3219 v,
1445 3151 1684 3222 (21-Ξὸ,
1709 3151 1924 3208 35—38
1952 3162 2006 3207 et

405 3247 682 3305 [nterea
714 3237 818 3290 alia
843 3237 914 3292 ibi
946 3237 1214 3306 leguntur,
1241 3253 1360 3308 qua:
1392 3239 1443 3294 in
1473 3239 1596 3295 cod.
1625 3254 1837 3310 quoque
1862 3241 1993 3310 Arg.

412 3334 675 3391 exstant;
721 3342 906 3381 eorum
951 3327 1268 3382 varietatem
1317 3331 1369 3382 in
1409 3327 1760 3384 adnotatione
1799 3328 2006 3382 indica-

407 3415 618 3470 .illllls.

490 3507 781 3561 Antonium
813 3506 1150 3562 Marillonem
1197 3507 1427 3577 primum
1473 3508 1740 3565 versionis
1761 3503 2007 3561 Ullila'nze

407 3595 738 3651 ntemoriam
769 3596 1216 3666 redintegravisse
1241 3611 1403 3667 supra
1430 3599 2002 3660 commemoravimus;

414 3694 676 3753 posteum
703 3685 1184 3754 Derrerusquidam
1206 3693 1374 3740 totum
1394 3686 1635 3740 codicem
1671 3685 2000 3754 Argenteum

407 3771 726 3840 descripsit,
761 3788 876 3842 qu:e
903 3773 1190 3843 descriptio
1252 3789 1280 3827 a
1312 3776 1509 3829 comite
1536 3777 1600 3828 de
1623 3775 1670 3828 la
1703 3773 1902 3828 Cardie
1935 3776 2004 3828 si-

418 3863 532 3914 tnnl
563 3877 682 3915 cum
705 3863 889 3916 codice
919 3865 1189 3932 Argeuteo
1216 3873 1394 3932 empta
1426 3873 1479 3916 ct
1511 3862 1782 3932 Upsaliatn
1820 3863 2008 3930 depar-

500 3993 516 4021 ί
563 3992 795 4054 Quatuor
851 3991 918 4046 ο.
973 3991 1043 4046 Ν.
1077 3990 1200 4045 Jesu
1232 3991 1421 4045 Christi
1479 3992 1854 4061 evangeliorum
1897 4009 2006 4045 ver-

423 4065 588 4114 siones
616 4063 926 4128 perantiquis
952 4065 1088 4124 dure,
1119 4064 1323 4130 got/tice
1353 4061 1467 4115 scil.
1500 4073 1549 4131 et
1577 4064 2001 4131 unglosaxoiiicu,

417 4127 640 4196 quarum
669 4131 810 4182 ίιιιωι
847 4147 910 4184 ex
955 4127 1276 4184 celebei'rimo
1305 4131 1420 4183 cod.
1458 4127 1582 4198 Arg.
1617 4127 1751 4183 nunc
1782 4132 2003 4198 primum

419 4202 700 4272 depromsit
734 4198 827 4272 Fr.
858 4199 1067 4272 Junius.
1121 4203 1345 4272 Accessit
1378 4212 1436 4272 rt
1477 4202 1788 4272 glossariunt
1829 4202 1999 4272 gotlti-

417 4286 560 4322 cum.
587 4269 881 4339 iDortrechti
914 4271 1051 4324 1065
1100 4269 1498 4338 (Austelodnmi
1535 4269 1695 4339 l68l)
1722 4271 1757 4324 2
1786 4269 1909 4324 voll.
1944 4274 1999 4322 4.

501 4338 638 4411 ’VD.
704 4339 774 4391 Ν.
827 4337 952 4411 Iesu
996 4337 1186 4395 Christi
1235 4341 1342 4396 SS.
1398 4337 1683 4411 Evangelia
1721 4340 1788 4392 ab
1843 4339 2004 4408 Ulﬁla

2110 3131 2271 3194 atque
2325 3124 2542 3179 aliunde
2592 3125 2909 3196 collegerat,
2941 3140 3061 3180 eum
3114 3127 3213 3196 ipsi
3263 3144 3397 3198 opus
3429 3132 3684 3199 perﬁcere

2111 3229 2206 3284 per
2250 3213 2356 3268 fata
2405 3228 2510 3267 non
2541 3214 2746 3280 liceret,
2800 3215 2863 3268 A.
2904 3213 2965 3268 F.
3001 3215 3372 3286 Buscbingius,
3421 3222 3682 3288 gymnasii

2115 3304 2478 3359 Bcrolinensis
2517 3305 2750 3359 director
2779 3345 2796 3370 ,
2845 3305 3012 3360 edidit
3071 3307 3112 3360 ⁸.
3165 3307 3340 3362 Multis
3367 3311 3520 3364 antiis
3564 3323 3684 3381 post

2108 3395 2249 3464 quod
2279 3397 2433 3452 lltreo
2458 3411 2564 3451 non
2595 3396 2915 3466 contigerat,
2952 3406 3012 3452 ut
3031 3397 3239 3453 Ullilam
3273 3407 3442 3456 totum
3471 3401 3678 3470 ederet‘,

2108 3489 2156 3543 J.
2206 3485 2332 3543 Chr.
2381 3488 2590 3542 Zahnio
2618 3529 2634 3554 ,
2679 3489 2946 3544 sacerdoti
2994 3490 3255 3545 saxonico
3287 3537 3302 3560 ,
3363 3495 3584 3564 contigit
3625 3497 3683 3560 ‘;

2109 3582 2154 3636 is
2185 3590 2361 3637 autem
2412 3591 2617 3638 textum
2647 3598 2755 3637 non
2802 3584 2976 3638 solum
3007 3587 3318 3655 fragmentis
3347 3589 3589 3656 epistola:
3620 3595 3685 3647 ad

2110 3675 2439 3729 Romanosa
2467 3674 2729 3730 Kuittelio
2778 3675 3010 3731 inventis
3077 3677 3223 3731 ausit
3265 3679 3322 3742 ',
3369 3681 3464 3735 sed
3517 3685 3684 3738 etiam

2105 3767 2350 3822 adhibita
2381 3768 2547 3822 multa
2585 3784 2713 3823 cura
2757 3777 2812 3823 et
2858 3768 2996 3823 lltrei
3024 3769 3520 3836 emendationibus,
3555 3789 3682 3842 sup-

2109 3861 2391 3930 plementis
2412 3901 2426 3926 ,
2459 3859 2896 3915 adnotationibus
2944 3861 3198 3916 tidissime
3231 3877 3390 3926 usus,
3422 3875 3680 3924 quantum

2109 3993 2230 4046 libri
2259 3992 2555 4060 appettdice
2583 3995 2746 4047 etiam
2775 3992 2993 4045 Jcannis
3041 3992 3291 4056 (Iordni,
3320 3995 3684 4060 juricunsu'ti

2113 4063 2549 4132 lidiuburgensis,
2590 4063 2869 4132 Specitnen
2909 4064 3426 4118 animadversionum
3470 4068 3686 4119 Cl‘itit'a-

2111 4148 2226 4185 tum
2261 4134 2310 4185 in
2361 4134 2589 4200 priscam
2634 4132 3030 4200 evangeliorum
3081 4133 3380 4187 versionem
3417 4136 3683 4203 gntliicam

2108 4203 2431 4268 continetur,
2462 4204 2628 4268 optim
2649 4218 2780 4254 :rutn
2805 4203 3236 4256 observationum
3265 4207 3475 4270 plt-num
3513 4214 3569 4257 et
3591 4207 3686 4256 dn-

2111 4271 2345 4337 lendutn,
2377 4274 2517 4340 quod
2551 4288 2654 4323 nun
2689 4272 2835 4342 plura
2867 4271 2932 4342 de
2961 4287 3026 4342 eo
3061 4274 3253 4338 lingua:
3281 4273 3512 4342 gothleae
3544 4280 3685 4342 peri-

2109 4342 2316 4394 tissimo
2344 4350 2428 4406 atq
2470 4357 2500 4394 e
2527 4341 2880 4394 subat-tissimi
2909 4341 3091 4406 judicii
3120 4357 3232 4395 vno
3270 4341 3550 4396 habemus.

415 4410 709 4498 (lignorum
739 4411 792 4463 in
843 4409 1018 4464 Maesia
1073 4411 1316 4498 episcoPLo
1368 4412 1504 4498 circa
1543 4409 1749 4498 'lttnnum
1795 4427 1827 4462 a
1879 4421 1999 4463 nato
2029 4438 2078 4498 Ι)
2105 4479 2143 4498 Ψ
2178 4409 2425 4498 “ill/itas
2483 4412 2743 4479 gothisclte
2790 4409 3687 4498 Pib'elt'ilier's’etzun'j‘inaclt'[licens

411 4480 846 4551 Christoucccug
880 4496 1136 4551 πρίατο
1179 4480 1376 4550 gothice
1407 4480 1675 4543 translata,
1708 4495 1853 4551 nunc
1884 4497 1998 4551 cum

416 4547 690 4618 parallelis
722 4547 1031 4603 versionibits
1060 4547 1466 4619 suecb-gotltica,
1508 4565 1740 4603 narrante
1773 4549 1811 4602 ι.
1837 4549 1998 4603 islan-

420 4621 541 4670 dica
568 4629 615 4670 et
645 4620 847 4688 vulgata
879 4621 1038 4672 latina
1060 4619 1196 4671 edita
1223 4619 1582 4676 Stockhulmiic
1602 4662 1617 4685 ,
1653 4621 1781 4673 l67l
1805 4659 1818 4680 ,
1843 4621 1896 4672 4.
1921 4621 1991 4673 cf.

418 4689 604 4759 liberti
632 4689 965 4756 Allgemeines
993 4689 1328 4759 bibliograplt.
1363 4688 1590 4743 Lexicon
1620 4705 1679 4753 tt,
1710 4707 1766 4758 p.
1795 4691 1919 4743 991.

497 4758 519 4787 ³
558 4760 835 4830 Sacrorum
887 4758 1261 4830 evangeliorum
1326 4762 1485 4812 versio
1531 4760 1732 4827 gotltica
1777 4773 1840 4830 ea:
1879 4759 1993 4812 cod.

424 4830 552 4898 Arg.
593 4829 859 4899 emendata
888 4829 1036 4898 atque
1064 4832 1297 4899 suppleta
1322 4845 1438 4882 cum
1465 4829 1884 4892 interpretatione
1913 4830 1993 4881 la-

417 4903 531 4951 tino
560 4907 606 4950 et
637 4898 1051 4951 adnotationibus
1199 4898 1423 4952 Benzelii
1469 4899 1651 4958 edidit,
1685 4900 1993 4952 observatio-

417 4967 892 5040 nessuasndjecit
926 4978 973 5040 et
1015 4970 1402 5040 grammaticum
1444 4970 1699 5039 gotlticam
1748 4969 1996 5036 prtemisit

416 5036 638 5108 E.Lge,
665 5036 852 5089 Uxonii
877 5036 1031 5100 175οξ
1056 5037 1108 5090 ι.

496 5107 516 5137 ⁸
556 5109 610 5160 td
686 5107 995 5176 exemplar,
1049 5108 1192 5176 quod
1258 5117 1529 5176 postremo
1594 5108 1646 5161 in
1721 5107 1944 5161 Heinatii
1979 5148 1996 5173 ,

419 5177 743 5244 professoris
776 5175 1271 5246 Francofuriensis,
1293 5179 1690 5246 pos~essionem
1721 5179 1886 5239 venit,
1915 5178 1997 5230 iu-

411 5251 593 5315 statue
634 5247 850 5300 nomine
881 5245 1126 5317 Heynctii
1157 5245 1558 5315 minuscriptum
1603 5258 1848 5301 vocatum
1893 5257 1994 5314 est,

417 5317 661 5370 latinius
689 5317 883 5369 deinde
911 5317 962 5370 in
1000 5318 1282 5370 consilium
1309 5317 1570 5371 adhibuit.

493 5387 513 5416 ⁵
554 5385 778 5438 Joannis
837 5385 898 5437 ab
951 5385 1070 5439 lltre
1131 5391 1320 5455 scripta
1387 5390 1662 5440 versionem
1719 5387 2002 5454 Ulﬁltmam

413 5465 468 5508 et
492 5457 512 5509 Ι
535 5472 724 5524 nquam
751 5459 1184 5526 mmo-galliam
1221 5459 1534 5510 illustrantt'a
1561 5458 1623 5508 ab
1661 5458 1772 5526 ipso
1813 5457 2001 5508 doctis-

414 5530 552 5579 simo
580 5535 784 5578 auctare
822 5529 1090 5579 emendata
1134 5542 1370 5596 namque
1412 5527 1779 5580 accessionibus
1821 5534 1997 5591 aucta,

417 5601 530 5658 iam
551 5596 764 5649 collecta
785 5605 832 5649 et
860 5611 965 5666 una
993 5613 1107 5650 cum
1135 5597 1251 5650 aliis
1279 5599 1483 5666 scriptis
1509 5596 1690 5650 similis
1713 5599 1998 5666 argumenti

410 5669 557 5720 edita
583 5666 646 5721 ab
667 5668 733 5730 .1.
757 5666 828 5733 θ’.
858 5664 1132 5736 Bitsching,
1176 5664 1401 5723 Berolini
1436 5667 1589 5735 1775,
1623 5669 1676 5722 4.
1730 5664 1792 5721 lii
1837 5665 1994 5734 hujus

2105 4479 2251 4542 Text,
2279 4483 2367 4531 mit
2395 4498 2530 4532 niner
2553 4479 3155 4548 grammarischwor.’lic/2.
3176 4481 3552 4535 nluteinischen
3580 4482 3683 4535 Ue-

2101 4549 2416 4618 bersetzung,
2449 4563 2576 4602 samt
2613 4549 2750 4602 einer
2776 4549 3122 4618 Spracltlelire
3153 4553 3255 4601 und
3287 4552 3448 4603 ciuem
3479 4551 3689 4604 (llas-sar

2100 4617 2484 4692 attsgearbeit_’_t_
2507 4635 2602 4692 von
2648 4619 2712 4692 .
2752 4617 2833 4692 .
2873 4617 3061 4692 Fulrla,
3092 4620 3183 4692 das
3207 4619 3419 4673 Glosmr
3449 4638 3688 4692 unigeur-

2101 4691 2245 4760 heitgt
2288 4705 2382 4760 von
2421 4688 2506 4760 ιν.
2640 4687 2710 4740 ll.
2743 4689 3026 4760 lieinwai’d,
3074 4699 3139 4741 tc.
3162 4687 3567 4760 lterausgcgcbeit
3593 4708 3686 4744 von

2096 4757 2152 4810 Ι.
2184 4756 2312 4812 Chr.
2345 4758 2511 4822 Zaltn,
2548 4757 2876 4827 Weissenfels
2906 4757 3062 4822 1005,
3092 4761 3144 4812 4.

2171 4829 2190 4859 ³
2227 4827 2454 4894 υιριηιιε
2509 4832 2790 4898 versionem
2839 4829 3094 4898 got/ticam
3167 4829 3538 4882 nonnullorum
3600 4845 3683 4882 ca-

2103 4899 2269 4966 pitum
2319 4899 2480 4963 episto
2501 4913 2546 4950 te
2590 4897 2744 4950 Pauli
2781 4897 2851 4950 ad
2898 4899 3149 4968 Romanos
3178 4915 3206 4951 e
3233 4901 3388 4968 litura
3415 4902 3688 4968 cujusdam

2101 4985 2199 5020 ms.
2232 4972 2484 5037 rescripti,
2508 4971 2594 5037 qui
2621 4969 2674 5021 in
2697 4979 2917 5038 augusta
2946 4972 3082 5036 apud
3110 4967 3594 5038 Guelplterbytanos
3616 4970 3691 5020 bi—

2104 5038 2351 5091 bliotheca
2375 5039 2691 5101 adservatur,
2715 5037 2835 5095 εῖτ..
2857 5041 3007 5098 eruit,
3033 5048 3396 5090 commentatus
3417 5047 3489 5091 est
3505 5037 3690 5104 datque

2106 5114 2245 5177 foras
2297 5107 2362 5159 [θ’.
2398 5110 2462 5161 Α.
2498 5106 2692 5160 lt'uittel
2725 5108 2878 5170 I762,
2911 5109 2962 5161 Δ.
2998 5108 3126 5160 Eam
3159 5107 3449 5160 editionem
3480 5117 3688 5161 textum

2105 5177 2507 5231 accuratissime
2537 5177 2735 5230 lectum
2760 5188 2810 5229 et
2842 5189 3050 5229 erutum
3080 5177 3356 5231 continere
3388 5178 3432 5230 si
3464 5177 3689 5230 Ebertns

2107 5249 2142 5298 Ι.
2180 5251 2214 5298 Ι.
2253 5263 2302 5312 p.
2332 5245 2436 5300 999.
2465 5246 2612 5312 dicit,
2654 5257 2745 5298 aut
2786 5245 3052 5299 immerita
3102 5245 3256 5298 laude
3285 5262 3402 5299 eant
3453 5247 3686 5308 sustulit,

2108 5327 2198 5368 aut
2215 5317 2281 5368 de
2307 5330 2362 5368 re
2385 5317 2484 5368 sibi
2510 5329 2692 5381 parum
2722 5327 2996 5380 comperta
3025 5315 3382 5369 conﬁdentius
3401 5315 3683 5382 judicavit;

2107 5401 2230 5438 nam
2277 5384 2578 5447 Knittelius,
2633 5399 2751 5452 quae
2801 5385 2968 5438 facilia
3029 5385 3166 5439 lectu
3210 5396 3335 5438 sunt
3376 5385 3429 5436 in
3479 5385 3684 5449 codice,

2104 5466 2250 5508 recte
2282 5455 2426 5522 legit.
2458 5454 2509 5507 in
2539 5455 2622 5514 iis,
2654 5468 2772 5521 qua:
2801 5453 3068 5522 aliquanto
3091 5464 3216 5508 sunt
3244 5453 3564 5518 dil'iieiliora,
3593 5469 3685 5506 sa»

2104 5525 2222 5592 pius
2273 5523 2492 5595 erravit,
2527 5526 2718 5595 linguae
2761 5531 2938 5580 autent
2979 5524 3206 5595 gothica-
3250 5523 3602 5592 proprietates
3639 5539 3687 5580 α

2101 5596 2256 5664 plane
2277 5592 2559 5664 incognita:
2576 5592 2810 5649 fuerunt.
