4014 6172
504 332 641 387 ³8Ἱύ
1599 302 2049 378 nummum.
2089 319 2416 377 conum:
2456 318 2758 375 unum.
3640 306 3724 360 880

590 432 666 542 Ξ
696 453 942 526 tilippaus
970 463 1310 530 apaustaulus
1341 466 1392 519 in
1416 464 1728 536 jairupulai.
1927 471 1938 480 ’

606 561 655 601 ιιι
2275 548 2342 601 krl

606 562 655 611 Ιιι
2275 562 2342 601 ln'd

600 750 653 787 In
2276 730 2339 793 ιςιι

577 813 793 900 διῆκε
814 824 1103 896 alpjanein
1129 825 1142 852 ¹
1176 823 1433 891 banranjai
1464 839 1557 876 'm'
1592 838 1809 877 sentam
2160 870 2163 871 ν
2272 813 2336 875 ἦ

593 906 666 966 ff
1281 953 1284 957 .
2274 903 2343 966 Ῐῶ

579 994 651 1096 EE
2369 1007 2608 1061 andriins
2629 1004 2993 1076 apaustaulus.

579 1102 653 1153 lib
2281 1105 2318 1151 l.

581 1237 599 1269 ι

1696 1563 2633 1760 GRAMMATICA

1017 1933 2192 2096 GOTHlC/E
2328 1928 3311 2093 LINGUAE

809 2274 885 2359 E
924 2272 1672 2389 .GERMANICO
1747 2272 2315 2358 SERMONE
2386 2274 2507 2356 IN
2582 2242 3120 2357 LATINUM
3165 2268 3594 2368 VERSA,

1567 2474 2071 2535 INTERPRETE
2139 2473 2212 2532 Γ.
2273 2473 2435 2532 ΤΕΜ
2452 2472 2777 2534 PESTIN‘l.

1957 2671 2368 2681 _——.——.—__

1773 2801 2653 2931 PR/EFATIO.

607 3091 971 3169 Antequam
1003 3090 1170 3152 hanc
1196 3089 1681 3169 grammaticam
1712 3087 2195 3167 aggrediamur,
2224 3104 2438 3168 Opera
2462 3085 2737 3166 pretium
2768 3102 2907 3147 esse
2934 3084 3236 3146 duximus
3266 3082 3412 3161 ejus
3445 3079 3777 3143 fundamem

517 3194 666 3250 ium
701 3193 762 3249 et
792 3195 1077 3249 tenorem
1115 3189 1335 3265 paucis
1372 3189 1578 3248 verbis
1598 3203 1945 3265 exponere.
2750 3240 2759 3246 .

617 3288 841 3361 Quoad
877 3290 1094 3365 operis
1138 3288 1633 3359 ordinationem,
1666 3291 1997 3366 propriam
2033 3289 2202 3349 viam
2250 3290 2311 3349 in
2365 3289 2619 3369 syntaxi
2667 3288 2973 3365 indagare
3008 3286 3379 3358 debuimus,
3416 3287 3533 3348 bac
3578 3285 3780 3346 lmcus~

527 3404 671 3465 que
706 3388 993 3449 nondum
1022 3390 1385 3465 explorata.
1415 3390 1533 3450 Hic
1560 3406 1713 3452 vero
1773 3390 1956 3450 nobis
2013 3389 2305 3451 ordinem
2359 3388 2743 3452 didacticum
2781 3388 3079 3466 persequi
3109 3391 3501 3450 conantibus
3530 3386 3779 3466 quando-

534 3504 670 3565 que
704 3488 976 3548 attentio
1015 3489 1308 3549 relaxata
1337 3493 1465 3564 est;
1499 3495 1895 3567 quapropter
1935 3506 2060 3549 non
2100 3490 2418 3551 immerito
2445 3507 2777 3570 speramus
2823 3489 3094 3549 indicem
3125 3507 3348 3551 rerum
3389 3498 3453 3551 et
3484 3486 3782 3551 vocabulo«

525 3606 680 3650 .rum
710 3589 787 3651 ad
814 3589 1054 3651 calcem
1086 3589 1297 3670 eperis
1325 3590 1694 3663 remissum,
1717 3606 2023 3667 magnum
2054 3589 2190 3650 fore
2222 3589 2662 3668 adjumentum
2696 3589 2801 3663 iis,
2832 3590 3065 3668 quibus
3094 3590 3252 3651 ordo
3284 3599 3510 3653 uoster
3540 3587 3782 3650 nondum

521 3693 719 3753 tritus
752 3699 864 3753 est.

610 3795 684 3856 In
718 3796 925 3855 tribus
958 3794 1176 3874 primis
1218 3794 1562 3872 capitibus.
1592 3809 1740 3871 qum
1775 3791 1853 3853 de
1888 3791 2205 3869 scriptura
2244 3798 2306 3854 et
2339 3793 2719 3872 prolatione,
2756 3810 3005 3854 necnon
3039 3791 3511 3853 vocabulorum
3548 3789 3784 3852 ﬂexione

522 3914 891 3976 eorumque
932 3897 1319 3959 formatione
1368 3898 1717 3971 disserunt,
1745 3894 1943 3956 secuti
1995 3910 2215 3953 sumus
2270 3896 2563 3972 equidem
2619 3894 2907 3955 ordinem
2941 3899 3323 3955 consuetum
3368 3894 3492 3954 sub
3525 3897 3782 3970 respectu

526 4000 787 4069 formas;
823 4000 944 4059 sub
975 4004 1190 4059 autem
1225 4004 1523 4079 respectu
1562 4001 1877 4075 materiae,
1912 3999 2114 4060 lector
2158 4004 2444 4060 attentus
2481 4000 2664 4061 facile
2700 4001 3198 4076 animadvertet,
3229 4000 3407 4076 quod
3457 3997 3559 4058 hic
3599 3997 3785 4067 etiam,

524 4098 1081 4174 quemadmodum
1116 4100 1178 4159 in
1212 4101 1498 4179 syntaxi,
1528 4101 1808 4179 propriis
1838 4100 2443 4178 investigationibus
2472 4098 2696 4158 muniti
2731 4099 3189 4177 propriamque
3218 4098 3393 4159 viam
3422 4101 3786 4164 sectantes,a

524 4198 828 4260 doctrina
858 4202 1183 4260 communi
1218 4200 1703 4264 deﬂexerimus.
1735 4202 1960 4265 Utrum
1991 4206 2053 4262 et
2084 4201 2148 4261 in
2179 4207 2495 4278 quantum
2523 4199 2753 4261 merito
2785 4199 3149 4274 fecerimus,
3177 4198 3475 4261 sincerus
3507 4197 3693 4259 lector
3713 4192 3782 4251 di-

530 4299 862 4378 iudicabit.
3706 4346 3709 4351 .

612 4401 924 4475 Quamvis
958 4403 1021 4461 in
1053 4401 1497 4465 elucubrando
1527 4400 1649 4463 hoc
1684 4418 1878 4479 opere
1914 4401 1974 4461 id
2005 4401 2319 4478 imprimis
2348 4401 2429 4459 ob
2465 4399 2685 4461 oculos
2715 4399 3161 4475 habuerimus,
3188 4397 3361 4478 quod
3396 4389 3779 4475 grammatica

526 4499 873 4578 cujuslibet
903 4502 1224 4562 sermonis
1256 4502 1341 4563 ita
1374 4500 1822 4578 restringenda
1850 4501 1957 4577 sit,
1984 4505 2054 4562 ut
2084 4500 2375 4577 linguam
2409 4517 2442 4559 e
2472 4499 2691 4577 lingua
2720 4500 2859 4577 ipsa
2888 4499 3249 4576 explicans,
3278 4496 3675 4575 potissimum
3699 4504 3785 4551 cev

532 4605 710 4676 veat,
742 4617 824 4661 ne
864 4599 1194 4677 quodlibet
1231 4606 1510 4678 systema
1544 4606 2057 4678 praeconceptum
2092 4605 2543 4678 persequatur.
2574 4605 2687 4661 aut
2721 4600 2959 4661 formas
2988 4599 3156 4661 alius
3198 4596 3522 4659 sermonis
3564 4591 3659 4654 vel
3700 4604 3786 4650 co-

541 4701 720 4777 gnati
758 4700 998 4777 lingua:
1028 4701 1429 4761 illustrandw
1465 4702 1781 4780 imponat,
1811 4703 1931 4761 hoc
1964 4708 2173 4761 tamen
2210 4699 2526 4778 principio
2558 4716 2683 4759 non
2714 4699 2873 4759 adeo
2904 4699 3230 4759 constricti
3265 4696 3529 4767 fuimus,
3557 4698 3625 4752 ut
3649 4701 3784 4768 prs.

529 4798 720 4874 cipue
765 4800 829 4859 in
871 4802 1157 4880 syntaxi,
1191 4820 1471 4881 graeum
1502 4807 1776 4875 textum,
1808 4802 2078 4880 gothicw
2114 4801 2487 4861 litteratura
2524 4797 3033 4869 fundamentum,
3066 4801 3440 4859 constanter
3473 4812 3598 4856 non
3625 4793 3791 4879 invo—I

532 4901 893 4962 caverimus
930 4922 945 4961 :
988 4904 1246 4980 prepria
1276 4903 1448 4963 enim
1478 4902 1724 4963 indoles
1756 4899 2026 4978 gothicm
2058 4901 2296 4979 lingute
2331 4916 2413 4960 ex
2442 4899 2560 4959 hac
2589 4897 2936 4960 collatione
2963 4896 3323 4957 evidentius
3354 4894 3609 4956 eminet.
3786 4900 3792 4941 I

619 5001 777 5062 Cum
811 5002 889 5062 de
925 5002 1233 5062 anteriori
1271 5009 1333 5064 et
1368 5003 1705 5081 posteriori
1743 5019 2038 5064 sermone
2075 5004 2313 5080 passim
2345 5000 2733 5063 mentionem
2768 5000 3062 5074 facimus,
3093 4997 3372 5089 bunc‘de
3400 5010 3531 5071 quo
3564 4993 3624 5054 iu
3655 5001 3782 5068 pro-

535 5100 705 5180 legg.
745 5104 821 5163 ad
852 5108 1126 5181 textum,
1153 5106 1275 5167 col.
1307 5104 1450 5183 1:73,
1479 5105 1822 5166 innuimus.

616 5197 757 5261 Jam
783 5213 943 5262 vero
973 5203 1281 5279 quoniam
1311 5219 1393 5263 ex
1428 5202 1919 5264 elucubratioue
1956 5201 2146 5280 hujus
2184 5202 2396 5278 operis
2428 5201 2667 5279 pluries
2706 5200 3108 5261 occasionem
3150 5197 3517 5267 habuimus,
3546 5192 3778 5253 lacunas

554 5304 619 5361 et
652 5318 905 5362 errores
938 5305 1046 5379 qui
1081 5311 1207 5366 tam
1246 5305 1311 5365 in
1348 5304 1667 5382 glossario
1740 5305 1756 5339 ³
1836 5322 2031 5383 quam
2082 5305 2147 5364 in
2217 5308 2395 5363 textu
2446 5303 2717 5383 ejusque
2753 5301 3286 5380 interpretatione
3320 5291 3773 5371 subrepserant,

549 5401 886 5479 supplendi
916 5409 979 5463 et
1007 5405 1392 5485 corrigendi,
1425 5423 1559 5467 rem
1594 5423 1722 5467 non
1754 5407 2071 5484 ingratam
2112 5403 2338 5465 facturi
2378 5403 2557 5463 nobis
2591 5402 2908 5474 videmur,
2938 5402 2990 5461 si
3031 5401 3145 5462 bas
3192 5395 3657 5461 emendationes
3688 5386 3774 5450 hic

533 5496 940 5579 colligentes,
968 5502 1274 5564 lectorem
1305 5506 1591 5570 numeris
1630 5505 1930 5587 paginam
1963 5503 2394 5567 indicantibus
2429 5502 2505 5564 ad
2536 5502 3021 5581 grammaticam
3058 5498 3507 5585 remiserimus.

641 5645 658 5679 ‘
728 5647 786 5703 lo
825 5649 1061 5707 editione
1100 5650 1407 5722 germanica
1444 5652 1765 5723 glossarium
1793 5653 1941 5725 prius
1972 5668 2131 5723 quam
2171 5651 2515 5725 grammatica
2548 5658 2752 5708 caluum
2780 5663 2878 5708 est.
2918 5658 3141 5713 Interpr.
