4080 6196
329 250 439 311 885

333 377 525 430 «lorum
597 378 613 408 '
676 375 832 447 (gall.
900 376 971 432 les
1062 377 1306 448 Quades)
1372 377 1566 449 linguis
1638 392 1915 449 superstes

334 462 556 533 fuisset,
610 469 664 522 in
707 469 785 522 eis
830 468 1178 538 probabiliter
1230 470 1597 526 inveniremus
1644 487 1751 542 quo
1792 490 1922 528 con—

332 558 623 629 jiiiigaiiiur
649 558 895 627 gotlilcus
921 575 1100 615 sermo
1132 572 1189 616 et
1216 569 1372 617 vetus
1400 576 1522 631 sup.
1551 565 1919 632 germanicus;

339 649 589 717 idemque
636 652 703 703 de
749 650 963 705 ceteris
1006 652 1334 720 germanicze
1372 650 1589 708 familia:
1616 655 1816 727 linguis
1842 657 1923 711 di-

336 742 566 797 cendum
594 754 698 797 est.
732 762 754 794 ο

402 833 436 899 ’ᾗ
467 834 523 887 4.
552 834 735 899 Quoad
783 835 1029 890 dialectos
1073 834 1300 906 gotliicaa
1348 836 1577 909 linguae,
1624 838 1752 892 nihil
1793 820 1924 893 certi

336 923 548 978 deliniri
582 935 777 992 potest.

416 1032 436 1066 ι
466 1014 572 1069 Nec
605 1016 657 1068 in
687 1015 1003 1083 quibusdam
1042 1016 1345 1085 duplicibus
1380 1019 1588 1085 formis,
1618 1028 1676 1074 ut
1717 1019 1926 1091 aglaitei

336 1115 397 1159 et
423 1104 629 1176 aglai'ti',
663 1120 761 1158 nec
789 1106 839 1159 iii
873 1108 1144 1162 nonnullis
1167 1111 1327 1163 variis
1348 1109 1617 1165 scribendi
1649 1110 1840 1175 modis,
1872 1119 1929 1165 ut

338 1196 639 1268 gaparlijau
690 1212 786 1265 pro
833 1200 1140 1271 gatarlijan,
1169 1202 1394 1271 veStigia
1430 1202 1647 1257 dia'ecti
1692 1203 1929 1271 leg-time

339 1296 735 1354 qumrerenlm',
758 1288 1205 1356 quemadmodum
1234 1291 1511 1345 contendit
1541 1292 1929 1347 Castilliomeus

343 1378 385 1432 11
429 1377 678 1433 Corinth.
734 1379 881 1445 prati.
917 1395 969 1448 p.
994 1395 1046 1434 vt
1076 1392 1129 1435 et
1157 1382 1222 1434 ad
1270 1382 1448 1437 Galzit.
1494 1398 1554 1447 ii,
1597 1384 1693 1448 il;
1734 1383 1930 1452 quippe

339 1483 464 1521 eum
493 1468 547 1523 in
577 1468 743 1536 priori
768 1484 897 1523 casu
925 1470 968 1523 si
1012 1470 1223 1525 diversa
1256 1481 1341 1525 est
1372 1472 1570 1537 forma,
1605 1472 1815 1527 diversa
1859 1474 1934 1527 si-

338 1558 614 1625 gnificatio
639 1560 860 1628 cogitari
894 1563 1091 1629 possit.
1122 1572 1177 1616 et
1207 1564 1257 1615 iu
1288 1565 1607 1630 posteriori,
1641 1566 1833 1619 menda
1861 1566 1933 1620 sit

340 1649 575 1713 librarii,
602 1650 690 1718 qui
719 1650 879 1704 etiam
909 1650 1035 1704 alibi
1074 1651 1113 1721 p
1158 1652 1208 1705 in
1237 1652 1591 1723 tfrequeiiter
1613 1665 1930 1710 commutat.

342 1739 481 1803 Quin
514 1738 699 1805 immo,
728 1740 938 1793 etiamsi
969 1740 1021 1793 iii
1054 1741 1136 1793 liis
1167 1742 1250 1794 vel
1277 1742 1396 1796 aliis
1422 1742 1690 1811 ejusmodi
1720 1745 1937 1800 casibus

341 1836 491 1883 certa
535 1828 751 1883 dialecti
799 1829 1297 1895 deprehenderetur
1347 1832 1741 1900 discrepantia,
1791 1834 1937 1887 nulla

341 1929 523 1973 tamen
568 1919 766 1974 utilitas
796 1919 949 1974 nobis
989 1920 1185 1973 exinde
1232 1921 1362 1975 oriri
1398 1931 1613 1991 posset,
1650 1923 1937 1978 nescienti-

343 2009 447 2063 bus
490 2009 705 2064 cuinam
735 2009 969 2065 dialecto
996 2011 1112 2065 base
1134 2011 1217 2065 vel
1248 2012 1334 2065 illa
1366 2014 1685 2081 pertineant.

420 2118 444 2153 ς
478 2099 549 2156 Ut
576 2100 806 2169 gotliica:
831 2101 1019 2155 afﬁnes
1050 2100 1341 2171 Griinmins
1371 2102 1487 2166 (Gr.
1518 2104 1558 2169 I,
1584 2104 1620 2157 2
1646 2105 1729 2177 [5⁸
1752 2103 1933 2174 edit.])

346 2192 506 2246 habet
536 2191 885 2263 Gepidarum,
926 2192 1270 2259 Vandaliitm,
1315 2193 1630 2248 [ferularum
1687 2207 1741 2249 et
1784 2195 1938 2249 forsi-

349 2293 440 2338 tan
479 2282 849 2337 Bastarnarum
871 2285 890 2313 ’
918 2284 1142 2353 linguas.
1188 2285 1482 2353 Procopius
1516 2296 1774 2353 expresse
1808 2286 1940 2338 dicit

351 2373 456 2443 (De
482 2374 612 2428 bello
638 2376 849 2429 vaudal.
878 2391 915 2439 i,
941 2375 1001 2438 2)
1056 2376 1199 2444 quod
1246 2374 1665 2445 Wisigoiliorum
1683 2418 1699 2442 ,
1731 2377 1940 2430 Vanda-

352 2467 485 2519 iium
509 2474 566 2519 et
608 2463 930 2534 Gepidarttin
960 2474 1077 2519 erat
1118 2472 1247 2536 φωνή
1269 2469 1384 2537 μία,
1428 2468 1634 2539 ’γοτθική
1676 2469 1937 2539 λεγομένη.

353 2556 462 2611 Sed
493 2571 558 2609 ex
599 2570 751 2610 mera
789 2564 936 2609 certe
956 2556 1297 2624 conjectura,
1324 2572 1482 2623 quant
1510 2556 1673 2610 Zeuss
1704 2559 1780 2623 (p.
1811 2557 1941 2623 HI)

352 2656 411 2701 et
440 2647 556 2713 ipse
592 2645 894 2701 Griinmius
924 2646 1207 2701 admittere
1250 2658 1585 2714 repugnant,
1649 2648 1943 2713 Procopius

357 2736 627 2795 Nandales
669 2735 909 2805 ejusdem
939 2736 1124 2805 stirpis
1151 2744 1311 2805 atque
1355 2735 1560 2791 Gothos
1588 2737 1788 2801 credit,
1817 2752 1939 2790 cuni

358 2827 641 2882 vandalica
675 2826 915 2889 nomina,
943 2841 1063 2894 qua:
1087 2825 1154 2880 ad
1183 2840 1281 2880 nos
1310 2836 1700 2895 pervenerunt,
1728 2826 1942 2893 conspi-

356 2933 519 2974 cuum
544 2917 833 2972 discrimen
860 2932 889 2970 a
918 2917 1145 2985 gotliiris
1171 2918 1447 2973 evidenter
1485 2917 1854 2985 prieseferaiit.
1883 2918 1942 2972 Si

357 3011 537 3077 enim,
573 3010 676 3064 tide
724 3009 847 3064 huic
890 3010 1093 3082 γοτθικὴ
1140 3010 1384 3081 λεγομένη
1435 3010 1649 3074 halita,
1692 3008 1942 3064 concludi

359 3108 544 3170 posset
589 3100 819 3168 linguam
846 3114 965 3153 eam
992 3113 1132 3163 esse,
1160 3114 1318 3168 quam
1349 3099 1813 3163 Coustautinoiioli
1844 3115 1943 3168 go-

362 3192 560 3246 thicam
614 3190 877 3243 vocabant
896 3230 913 3256 ,
949 3188 1067 3259 ejus
1093 3188 1343 3243 identitas
1372 3204 1494 3244 cum
1526 3199 1704 3245 nostra
1733 3191 1945 3259 gothica

362 3283 665 3351 periculose
714 3294 1068 3339 assereretur.
1124 3281 1383 3351 Equidem
1432 3280 1595 3336 Gathi
1645 3282 1946 3352 presbyteri

360 3372 677 3429 Vaiidalium
710 3374 967 3429 dot-tores
993 3381 1150 3427 erant
1171 3371 1319 3440 (coll.
1342 3371 1509 3427 Zeuss
1547 3385 1601 3440 p.
1623 3371 1830 3441 455“);
1853 3372 1947 3427 sed

359 3463 560 3518 exinde
590 3479 697 3518 non
726 3463 969 3532 sequitur
996 3463 1217 3517 eosdem
1250 3461 1417 3516 fuisse
1457 3461 1737 3529 utriusque
1769 3461 1949 3529 populi

359 3568 660 3620 sermones,
690 3552 1138 3622 quemadmodum
1169 3567 1236 3607 ex
1268 3551 1684 3606 vehementibus
1728 3551 1948 3606 Saviaiti

358 3645 607 3700 diatrihis
634 3646 686 3699 iii
732 3645 1082 3699 ariaiiismuni
1112 3641 1412 3698 Gothorum
1443 3652 1497 3698 et
1545 3640 1866 3696 Vandalium
1896 3640 1951 3711 (a

364 3737 687 3793 Ilassuianni
707 3736 875 3791 Skeir.
899 3752 954 3803 p.
979 3735 1080 3789 109
1109 3734 1329 3803 allatis),
1355 3749 1567 3789 necnon
1587 3742 1641 3787 et
1667 3748 1732 3787 ex
1760 3742 1951 3787 aucto-

362 3844 484 3884 rum
536 3826 751 3881 silentio
802 3827 871 3881 de
922 3825 1199 3879 vandalica
1243 3824 1529 3878 bibliorum
1569 3824 1815 3878 versione
1854 3822 1956 3877 iiii-

366 3920 563 3974 merito
590 3918 949 3987 conjiceretiir
972 3932 1095 3973 cum
1125 3914 1491 3971 Castilliouzeo
1514 3915 1606 3985 (ad
1636 3915 1867 3984 l'hilipp.
1898 3931 1952 3984 p.

359 4009 460 4079 65)
488 4009 754 4063 Vandales
779 4009 993 4077 gothica
1021 4008 1271 4073 versione
1297 4022 1403 4062 non
1438 4006 1603 4062 fuisse
1625 4021 1772 4061 usos.
1803 4025 1824 4059 ι

438 4099 471 4170 ς
499 4100 552 4154 5.
583 4099 825 4154 Gatliica:
855 4099 1051 4168 linguae
1081 4098 1364 4155 thesaurus
1396 4113 1502 4152 neti
1553 4114 1750 4167 paucas
1790 4098 1954 4155 etiam

368 4190 608 4246 continet
631 4190 957 4258 alienigenas
977 4191 1227 4255 divitias;
1258 4205 1487 4259 quarum
1519 4191 1778 4245 adiiiissio
1804 4206 1870 4245 es
1893 4205 1958 4245 eo

367 4284 525 4340 facile
543 4284 867 4353 explicatur,
895 4283 1037 4353 quod
1068 4284 1232 4339 Gothi
1257 4298 1286 4337 a
1320 4284 1512 4338 vicinis
1540 4284 1808 4353 gentibus,
1837 4284 1960 4339 aliis

362 4375 582 4444 quidem
623 4391 720 4444 pro
753 4375 872 4427 aliis
921 4375 1273 4444 temporibus,
1304 4375 1531 4437 relative
1571 4375 1637 4428 ad
1670 4375 1956 4440 socialem,

370 4468 648 4537 politicum
706 4468 1119 4537 religiosumque
1184 4468 1428 4523 ordinem
1485 4466 1686 4522 fuerint
1746 4467 1957 4537 depen-

367 4560 583 4613 dentes.

443 4667 466 4701 s
506 4648 809 4719 Exaggerat
827 4657 976 4705 certo
991 4649 1388 4704 Castillionreus
1407 4648 1874 4712 dicenstCoi-iuth.
1895 4649 1959 4713 ll,

368 4740 520 4807 praef.
549 4754 600 4808 p.
642 4740 715 4809 iv)
740 4758 752 4791 :
792 4758 810 4790 ι
847 4739 950 4793 Via:
977 4756 1136 4793 unum
1164 4749 1253 4792 aut
1272 4741 1486 4793 alterum
1516 4748 1747 4807 superest
1773 4739 1963 4809 lingua:

363 4830 583 4899 gotltice
598 4828 902 4882 vocabulum
919 4869 935 4893 ,
962 4830 1044 4882 cui
1069 4828 1214 4882 aliud
1237 4830 1383 4898 affine
1407 4838 1495 4881 aut
1524 4829 1574 4879 in
1608 4826 1964 4880 recentioribus

399 4920 674 4972 erniaiiicis
706 4919 941 4974 dialectis
980 4929 1071 4973 aut
1112 4921 1288 4974 saltem
1319 4921 1372 4972 in
1403 4919 1729 4971 vetustiorum
1757 4916 1965 4987 reliquis

375 5026 474 5061 non
506 5011 827 5073 inveniatur;
860 5030 878 5062 i
912 5026 1019 5064 non
1053 5026 1216 5079 pauca
1277 5009 1585 5065 econtrario
1635 5008 1829 5061 dantur
1872 5022 1965 5075 go-

372 5101 513 5155 tliica
556 5103 843 5169 vocabula,
875 5103 1066 5167 quibus
1098 5104 1149 5156 iu
1182 5111 1289 5156 tota
1320 5101 1749 5172 germanicarum
1797 5098 1965 5152 diale-

374 5203 583 5247 ctoruiii
647 5196 811 5259 serie,
847 5206 903 5249 et
946 5208 1204 5264 quantum
1249 5195 1391 5250 scire
1436 5209 1742 5263 possumus,
1785 5192 1966 5246 aflinia

376 5286 737 5357 reperiantur,
784 5287 894 5342 vid.
941 5287 1093 5355 prmi.
1130 5293 1199 5341 ad
1240 5286 1578 5357 glossarium.
1634 5284 1772 5339 Sunt
1822 5282 1971 5353 equi-

372 5377 495 5431 dem
556 5379 812 5431 nonnulla
863 5379 1120 5432 vocab-ila
1174 5378 1407 5448 gotliica,
1457 5392 1575 5447 qua:
1624 5376 1674 5429 in
1728 5372 1968 5442 reliquiis

368 5467 800 5535 germanicarum
833 5468 1134 5535 linguarum
1183 5467 1497 5535 deperdita,
1546 5483 1611 5520 i-x
1658 5463 1841 5516 indicis
1873 5478 1967 5517 ex-

372 5562 640 5628 plicantur
656 5561 790 5630 (vid.
810 5564 976 5631 Bopp,
998 5562 1557 5633 Coujugati'oussgstem
1576 5577 1625 5629 p.
1648 5568 1722 5628 χ),
1750 5573 1972 5628 qumque

452 5679 465 5708 '
502 5680 825 5742 .lloraviam,
866 5694 895 5731 c
919 5678 1096 5731 iiiiiiiia
1125 5679 1267 5731 Silici
1291 5696 1346 5743 ιι,
1384 5676 1670 5744 llniigriani
1719 5674 1961 5740 superio.

380 5765 492 5803 rem
516 5762 569 5804 ei
598 5758 804 5806 partem
832 5749 1058 5805 Austris:
1090 5749 1384 5804 Danubium
1426 5750 1563 5802 inter
1594 5758 1644 5799 et
1680 5746 1965 5800 lloraviam

1633 234 1646 243 ’
1723 256 2208 317 ιητιιοοῠοτισ.

3502 252 3613 307 8‘50

2026 379 2294 435 sanskrita
2336 380 2628 447 priesertiin
2667 382 2986 451 germanlcis
3022 380 3370 438 ldlomatihus
3409 398 3611 452 suppe-

2030 470 2240 535 ditavit;
2268 471 2361 526 sed
2383 470 2486 524 alia
2505 480 2628 526 sunt
2645 472 2799 541 longe
2823 474 2998 543 plura,
3020 488 3143 545 qua:
3163 472 3324 529 Gathi
3348 488 3414 529 ex
3436 475 3624 529 alieno-

2027 562 2173 614 fonte
2199 560 2517 625 hauserunt,
2540 560 2665 615 coll.
2688 560 2918 618 Grimm.
2945 561 3037 617 Gr.
3063 563 3115 632 Ι,
3145 563 3183 619 9
3210 563 3296 636 [3'
3319 554 3504 632 edin].
3537 562 3621 616 De

2026 653 2229 708 slavi‘ci‘s
2251 662 2304 707 et
2330 652 2625 708 litliiiaiii'cis
2644 654 2755 722 jam
2785 656 2838 708 in
2874 654 3191 724 praefatione
3212 655 3276 708 ad
3298 654 3615 725 glossarium

2030 742 2357 797 mentionem
2403 740 2652 808 fecimus;
2692 743 2867 813 quoad
2904 742 3137 813 ﬁnuico,
3193 758 3255 800 ea
3311 754 3438 800 sunt
3483 758 3625 799 sane

2028 831 2290 901 quailhre
2317 831 2493 902 (Ulﬁl.
2520 831 2717 886 illustr.
2742 849 2802 901 p.
2833 833 2962 903 266)
3004 834 3114 904 jam
3158 832 3386 905 scythica
3424 833 3622 889 merito

2036 925 2266 990 vocavit,
2280 939 2503 994 queque
2518 939 2586 981 eo
2609 926 2776 993 magis
2794 941 2933 981 nunc
2951 925 3114 981 hodie
3136 926 3452 981 illustranda
3471 934 3619 991 sunt,

2030 1014 2172 1084 quod
2202 1028 2392 1069 eorum
2431 1013 2622 1068 relatio
2647 1014 2713 1067 ad
2753 1016 3057 1083 gerinsiiiea
3099 1023 3297 1070 statuta
3326 1015 3416 1070 sit.
3452 1015 3624 1070 Porro

2034 1119 2098 1160 es
2141 1104 2223 1159 liis
2263 1104 2516 1158 nonnulla
2557 1105 2747 1159 eadem
2796 1114 3081 1161 remanent
3130 1107 3185 1161 in
3229 1116 3456 1176 utroque
3499 1119 3622 1162 ser-

2034 1210 2218 1262 mone,
2252 1205 2312 1249 ut
2344 1195 2497 1265 goth.
2526 1196 2713 1265 paida,
2740 1195 2877 1249 finn.
2908 1197 3050 1263 paito
3081 1195 3354 1267 (quoniam
3385 1212 3417 1265 ρ
3443 1195 3499 1250 in
3526 1210 3626 1266 go-

2039 1286 2198 1341 tbicis
2236 1285 2511 1340 vocabulis
2556 1295 2763 1340 mutum
2810 1287 3093 1356 occurrit);
3133 1296 3188 1342 et
3232 1288 3339 1342 alia
3394 1288 3622 1358 plurima

2037 1377 2267 1449 gothicis
2321 1378 2670 1447 congruentia
2726 1376 3019 1433 Grimmius
3085 1378 3176 1448 (in
3223 1393 3390 1447 opere
3442 1378 3624 1447 perio-

2038 1470 2159 1523 dico
2186 1467 2384 1523 llol'erii
2413 1467 2480 1521 ad
2511 1467 2793 1522 scientiam
2824 1468 3017 1538 linguae
3046 1468 3088 1536 l,
3114 1468 3181 1522 10
3200 1466 3345 1539 sqq.)
3372 1466 3627 1537 exhibet,

2040 1573 2140 1612 nec
2169 1556 2423 1626 supponit
2452 1556 2537 1610 vir
2567 1556 2656 1611 ille
2682 1556 2870 1613 doctus
2898 1557 3025 1628 quin
3054 1556 3308 1612 alterutra
3352 1557 3529 1627 lingua
3559 1556 3628 1612 ab

2037 1648 2141 1703 alia
2172 1656 2411 1702 mutuata
2432 1647 2524 1700 sit.
2548 1645 2765 1703 Scilicet
2790 1664 2808 1702 :

2402 1739 2553 1810 g0th.
2585 1739 2754 1811 maba
3014 1741 3149 1795 ﬁnit.
3186 1748 3324 1796 moto

2594 1847 2678 1884 ma
2685 1832 2757 1884 rei
3187 1832 3311 1885 meri

2606 1938 2757 1976 minio
3192 1923 3316 1976 nimi

2612 2013 2742 2065 melii
3194 2011 3392 2066 miekka

2618 2103 2797 2155 multis
3189 2102 3353 2154 multa

2611 2195 2785 2248 altatis
3167 2192 3345 2246 akoita

2607 2301 2742 2337 ruitis
3174 2299 3310 2336 rimo
3341 2280 3567 2355 (poemj

2598 2374 2742 2444 gul];
3176 2373 3321 2427 Itulta
3404 2402 3411 2403 ί

2610 2466 2661 2517 ai
2669 2464 2757 2534 [)ci
3168 2462 3270 2518 ᾰὲιί

2620 2556 2847 2609 daulitar
3167 2557 3285 2625 tytti
3302 2587 3327 2591 α

2044 2651 2238 2720 quibus
2263 2660 2316 2703 et
2346 2649 2619 2717 sequentia
2645 2647 2768 2702 addi
2802 2658 3024 2716 possent
3057 2664 3071 2699 :

2412 2744 2566 2808 gotli.
2597 2756 2742 2794 sauia
3026 2741 3156 2793 linit.
3188 2755 3333 2792 sauia

2607 2845 2821 2897 iiiaiiags
3189 2831 3330 2883 morti

2608 2920 2733 2971 mita
2738 2918 2781 2987 [1
3212 2921 3357 2974 mitto

2604 3010 2769 3063 hausit
3192 3008 3355 3063 kansa

2601 3102 2773 3169 audag
3190 3111 3375 3156 outuas

2610 3192 2771 3245 iititan
3190 3195 3389 3246 sitiettiii

2604 3298 2770 3353 aggvu
3196 3299 3363 3353 angens

2616 3373 2746 3424 i'asti
3201 3380 3381 3425 waatet

2609 3460 2770 3531 scapo
3196 3464 3367 3517 wahto

2619 3554 2791 3627 aupja
3215 3558 3364 3611 autin

2618 3646 2807 3701 ltiusait
3215 3648 3419 3703 kiusato

2617 3740 2884 3811 oatd-ufui‘
3218 3742 3370 3794 lt'allts

2622 3830 2793 3885 lilaibs
3218 3834 3349 3885 leibd

2058 3925 2185 3981 coll.
2216 3925 2423 3979 Castill.
2444 3925 2513 3979 ad
2541 3924 2777 3979 Timotlt.
2812 3923 2876 3988 ll,
2900 3939 2935 3986 l,
2961 3926 3016 3980 5.

2138 4033 2159 4067 ι
2186 4016 2267 4070 Ali
2293 4014 2496 4070 Hunnis
2523 4016 2740 4071 nomina
2773 4017 2990 4085 propria
3015 4025 3248 4081 tantum,
3279 4028 3502 4073 auctore
3528 4019 3649 4075 Jor-

2062 4106 2241 4162 riande
2268 4107 2349 4176 (p.
2381 4106 2450 4161 90
2479 4106 2794 4177 Lindenb.),
2823 4109 3046 4162 mutuati
3073 4119 3198 4163 sunt
3228 4109 3421 4176 Gothi;
3455 4110 3650 4165 Roma

2064 4215 2254 4253 norum
2284 4208 2463 4254 autem
2493 4200 2660 4254 multo
2689 4200 2865 4253 minor
2891 4200 2942 4254 in
2981 4200 3250 4270 gothicam
3295 4202 3526 4269 linguam
3552 4216 3649 4255 ex-

2066 4291 2170 4345 tilit
2218 4290 2473 4359 inﬂexus,
2520 4292 2611 4361 qui
2662 4302 2840 4348 tamen
2882 4308 2951 4348 ex
2993 4309 3064 4349 eo
3114 4293 3276 4349 facile
3328 4295 3653 4361 eitplicatur,

2064 4382 2206 4453 quod
2240 4384 2418 4452 lingua
2461 4383 2623 4437 latitia
2669 4384 2734 4437 ad
2785 4393 2950 4437 totam
2981 4383 3223 4439 Maisiam
3253 4385 3657 4444 ostenderetur,

2064 4476 2266 4545 quique
2306 4475 2567 4544 majorem
2600 4475 2764 4529 fuisse
2796 4476 3089 4540 videretur,
3117 4475 3162 4530 si
3207 4474 3422 4544 gotliica
3454 4474 3656 4543 scripta

2066 4581 2132 4622 eo
2162 4575 2400 4635 tempore
2439 4567 2737 4634 composita
2764 4583 2873 4635 quo
2905 4566 3065 4622 Gothi
3092 4566 3423 4635 superiorem
3456 4565 3657 4620 Italiam

2069 4672 2425 4727 romanasque
2464 4656 2653 4712 Gallia:
2680 4666 2736 4712 et
2765 4658 3038 4723 Hispania:
3068 4658 3370 4727 provincias
3416 4656 3659 4711 incolue-

2072 4757 2224 4815 runt,
2249 4764 2419 4820 penes
2444 4764 2543 4804 nos
2587 4750 2831 4806 fuissent.
2867 4750 2908 4805 E
2942 4751 3115 4805 latino
3164 4766 3416 4804 sermone
3447 4759 3662 4803 mutua«

2068 4850 2151 4894 tus
2176 4852 2258 4895 est
2282 4842 2528 4909 gotliicus
2550 4841 2631 4896 vel
2657 4840 2915 4896 admisit:
2942 4842 3140 4895 utilitati
3162 4840 3454 4912 (militari),
3482 4838 3660 4894 kaiiis-

2065 4933 2118 4999 io
2143 4931 2389 5002 (cautio),
2430 4931 2609 4997 taiktio
2643 4932 2885 5003 (lectio),
2924 4936 3159 5004 assarjus
3203 4930 3510 5001 (assarius),
3564 4948 3656 4984 au-

2066 5022 2165 5074 rati
2196 5020 2424 5091 (orale),
2456 5021 2621 5091 faskia
2657 5021 2903 5092 (fascia),
2936 5020 3109 5077 kaisar
3151 5022 3399 5093 (caisar),
3440 5020 3667 5074 karkara

2065 5110 2329 5180 (carcer).
2360 5110 2589 5178 kapillon
2614 5111 2909 5181 (capillus),
2941 5112 3126 5166 (ultam
3157 5112 3447 5182 (lucerna),
3480 5110 3666 5163 kumb-

2059 5203 2159 5271 jan
2204 5200 2527 5270 (cuinbere),
2568 5203 2710 5270 pund
2736 5200 2993 5270 (pondo),
3024 5210 3131 5256 etc.
3176 5202 3216 5257 E
3245 5201 3451 5256 Graecis
3484 5208 3664 5257 autem

2074 5291 2328 5358 majorem
2362 5290 2621 5345 inlluxum
2650 5292 2865 5359 experti
2908 5301 3031 5347 sunt
3070 5292 3230 5348 Gothi
3266 5293 3331 5346 ad
3366 5289 3668 5345 Danubium

2072 5379 2393 5442 habitantes,
2435 5380 2632 5449 quippe
2675 5382 2764 5448 qui
2818 5396 3033 5452 semper
3082 5383 3332 5439 finderati
3392 5395 3670 5437 remanse-

2072 5472 2179 5525 rint
2206 5485 2327 5523 cum
2366 5473 2648 5535 metropoli
2680 5472 2891 5540 imperii
2928 5475 3120 5543 graeci,
3166 5490 3230 5530 ex
3259 5488 3365 5542 quo
3413 5472 3661 5526 christia-

2076 5562 2301 5613 iiisiniim
2336 5569 2647 5628 rem-perant
2677 5572 2731 5617 ct
2763 5562 2886 5617 inde
2910 5578 2940 5620 e
2969 5579 3150 5634 εἴπεο
3196 5561 3342 5618 fonte
3377 5561 3673 5619 Biblioruin

2073 5674 2339 5742 jzioonirui
2366 5673 2684 5729 habitantes.
2712 5675 2937 5745 litterpr.

2147 5747 2167 5777 '
2201 5746 2279 5800 Ad
2315 5746 2528 5801 Daciam
2566 5744 2883 5803 habitantes.
2909 5745 3142 5814 Iulupr.
