4080 6196
516 189 622 246 887

515 303 816 361 versionem
841 305 1140 364 hauserint.
1166 306 1258 363 Sic
1285 323 1316 363 e
1345 305 1546 364 Gr‘mcis
1575 311 1800 366 mutuati
1829 319 1976 376 sunt,
1996 325 2086 366 ex.

515 412 590 472 gr.
619 414 636 454 :
668 395 973 454 marhsitus
1016 392 1406 476 (μάργαρίτης),
1454 398 1714 468 ρὶδήΐεεὶηε
1762 398 2084 470 (πιστικός).

514 490 750 560 ιρῃιοεὶάα
774 490 1038 568 (σπνρξς),
1067 491 1342 561 aipistaale
1368 489 1677 560 (ἐπιστολή),
1705 490 1957 561 ackklesjo
1983 489 2090 561 (ἔκ-

515 584 744 660 κλησία),
757 598 1050 653 paurpaura
1067 581 1372 657 (πῳφῦρα),
1389 582 1598 635 draknta
1614 581 1902 660 (δραχμή),
1915 599 2089 650 smyrn

512 658 808 752 (σρὖρῤον),
834 673 992 736 saban
1045 671 1343 742 (σάϐανον),
1383 658 1719 742 apauslaulus
1755 670 2086 742 (ἀπόστολος)

509 773 616 829 etc.
644 763 752 820 Sed
777 779 939 840 quam
979 763 1140 819 facile
1165 762 1340 832 decipi
1371 763 1564 834 possit,
1590 763 1680 833 qui
1707 758 2101 818 vocabulorum

509 857 917 926 consonantiam
966 855 1193 915 nimium
1226 864 1408 926 urget,
1458 863 1602 925 patet
1637 869 1703 910 ex
1745 853 2088 910 Castiliionzel

505 924 849 1019 annotatione
876 944 945 1001 ad
971 945 1216 1005 Corinth.
1257 924 1313 1012 Ι,
1349 924 1474 1013 χιιι,
1518 945 1582 1010 l,
1611 955 1717 1015 qua
1747 944 1828 999 vir
1871 943 1964 1000 ille
1990 944 2089 1000 do-

505 1047 646 1101 etus.
678 1037 750 1094 de
797 1036 1079 1094 lilismoklis
1132 1037 1438 1101 disserens,
1470 1036 1587 1091 haec
1632 1051 1821 1104 grzecze
1865 1036 2085 1107 originis

504 1128 785 1185 manifeste
829 1144 952 1185 esse
999 1129 1311 1194 contendit,
1357 1143 1479 1183 cum
1529 1128 1746 1182 aliunde
1791 1127 1895 1182 hoc
1946 1127 2086 1183 inter

503 1230 626 1282 nota
652 1219 961 1278 Graecorum
991 1220 1349 1280 instrumenta
1376 1235 1646 1291 nunquam
1675 1212 2084 1278 annumeratnm

502 1313 667 1372 luisse
689 1322 893 1370 certum
923 1314 1014 1369 sit.

578 1422 599 1456 s
633 1403 823 1464 Nullus
841 1414 1020 1462 autem
1051 1406 1257 1462 alienus
1283 1403 1519 1460 inflexus
1547 1413 1768 1474 apparet
1805 1404 1860 1464 in
1901 1407 2082 1476 [lex-'0-

501 1495 583 1561 uis
607 1499 812 1564 forma;
839 1510 961 1565 nam
993 1497 1234 1559 influxus
1255 1495 1434 1550 vocari
1466 1495 1680 1564 nequit,
1712 1496 1852 1565 quod
1883 1499 2082 1566 saepius

502 1585 804 1642 nominibus
835 1588 1088 1658 propriis,
1112 1603 1176 1642 ex
1204 1587 1382 1642 alieno
1405 1586 1550 1643 fonte
1570 1587 1885 1657 desumptis.
1907 1591 2078 1647 aliena

497 1678 567 1732 sit
609 1677 770 1732 dexio
814 1678 898 1734 vel
948 1678 1177 1735 alienant
1227 1677 1463 1746 imitans,
1501 1677 1777 1734 vocabulis
1817 1679 2078 1749 indigenis

498 1776 628 1832 nihil
669 1777 847 1834 simile
883 1780 1305 1848 experientibus.
1338 1781 1447 1835 Nec
1491 1782 1544 1836 in
1597 1781 1861 1848 syntaxim
1905 1782 2074 1834 exteri

497 1870 606 1925 ullo
649 1871 812 1926 modo
842 1871 1200 1939 inﬂuxerunt;
1232 1874 1306 1927 ita
1339 1876 1529 1930 saltem
1557 1877 1628 1931 ab
1650 1875 1899 1931 omnibus
1928 1874 2075 1943 prius

496 1963 896 2030 admittebatur,
925 1979 1082 2033 quam
1105 1965 1173 2019 de
1201 1965 1445 2020 versione
1469 1967 1687 2022 ullilaua
1709 1981 1742 2022 e
1765 1981 1940 2036 gneco
1966 1980 2077 2020 ser-

496 2058 671 2112 viliter
725 2057 864 2113 facta
900 2067 1076 2111 actum
1122 2068 1235 2122 est,
1281 2058 1391 2114 vid.
1443 2061 1678 2129 prolegg.
1727 2060 1793 2114 ad
1839 2058 2067 2114 Ulii'am.

495 2149 640 2215 Quos
699 2159 877 2204 autem
945 2147 1294 2205 hellenismos
1345 2151 1714 2220 agnoscimus,
1780 2152 1939 2206 etiam
2002 2148 2070 2204 ad

499 2239 734 2301 indolem
786 2238 1013 2310 gothieze
1067 2239 1259 2310 lingunt
1313 2244 1812 2310 accommodantur,
1862 2257 1983 2298 cum
2019 2250 2076 2296 et

491 2346 599 2384 non
625 2337 898 2400 praeeunte
925 2345 1101 2401 grmco
1130 2329 1254 2386 alibi
1281 2342 1589 2401 occurrant,
1621 2342 1702 2400 ut,
1729 2349 1783 2388 ν.
1806 2348 1883 2403 g.,
1909 2341 2074 2388 attra-

491 2424 640 2489 ctio;
665 2436 768 2493 qua
792 2425 861 2478 de
881 2438 943 2478 re
968 2423 1076 2477 vid.
1103 2425 1400 2494 syntaxim.
1431 2443 1450 2478 ι

563 2523 592 2595 §
623 2523 679 2576 6.
716 2521 868 2590 Quod
894 2523 962 2580 de
981 2524 1275 2578 litteratura
1307 2524 1519 2595 gothica
1549 2524 1618 2580 ad
1641 2540 1740 2580 nos
1762 2540 1930 2595 usque
1950 2537 2073 2595 per-

489 2618 664 2685 venit,
721 2629 831 2671 non
854 2616 958 2671 nisi
990 2616 1148 2687 inops
1172 2626 1226 2672 et
1269 2617 1514 2687 indigens
1557 2630 1669 2683 est;
1707 2625 1900 2686 praeter
1926 2619 2070 2674 enim

487 2708 785 2776 tragutenta
810 2706 1102 2764 Bibliorum
1131 2708 1394 2764 versionis
1418 2719 1471 2763 et
1494 2724 1614 2778 qua:
1661 2707 1930 2763 Skeireins
1975 2725 2074 2763 uo-

489 2798 632 2853 mine
653 2806 782 2853 nota
799 2806 944 2864 sunt,
975 2796 1217 2868 quasdam
1252 2806 1454 2853 tantum
1499 2798 1716 2854 insulsae
1755 2799 2072 2868 superstites

484 2899 608 2945 sunt
633 2889 899 2960 reliquiar.

560 2999 579 3031 σ
632 2977 783 3046 Quod
832 2978 1188 3035 litteraturam
1237 2978 1452 3049 proprie
1499 2977 1687 3045 efficit,
1739 2980 1883 3047 prius
1924 2977 2065 3048 apud

486 3084 674 3124 omnes
700 3069 925 3139 populos
967 3069 1232 3138 apparuit,
1262 3085 1420 3140 quam
1451 3069 1566 3138 ipsa
1596 3069 1910 3133 litteratura,
1955 3084 2069 3123 car-

487 3159 627 3211 min’a
661 3158 867 3214 scilicet
904 3164 961 3213 et
1000 3159 1292 3222 cautiones;
1334 3157 1445 3226 jam
1493 3172 1619 3212 vero
1663 3173 1773 3212 rem
1822 3157 2065 3212 eamdem

485 3248 625 3314 apud
652 3247 859 3303 Gothos
885 3263 1005 3304 sese
1038 3248 1287 3304 habuisse
1335 3256 1545 3303 constat
1573 3264 1638 3302 ex
1685 3249 1957 3304 vocabulis
1987 3249 2068 3303 in-

485 3340 713 3409 digenis,
746 3339 942 3410 quibus
965 3340 1030 3393 ad
1056 3341 1144 3394 illa
1169 3340 1496 3410 designandi
1531 3340 1814 3394 utebantur
1846 3357 1858 3393 :
1889 3341 2067 3395 cantio

483 3433 624 3486 enim
657 3431 806 3507 (ᾠδή)
829 3432 915 3487 bie
945 3433 1143 3487 dicitur
1169 3448 1348 3502 saggvs
1374 3431 1537 3499 (Eph.
1583 3447 1638 3496 v,
1685 3431 1783 3494 i9;
1815 3431 1932 3485 Col.
1965 3446 2061 3497 ιιι,

488 3525 596 3594 i6),
653 3540 685 3578 a
731 3525 942 3596 siggsan
992 3521 1211 3597 (ᾇδειν)ς
1265 3533 1318 3576 ct
1358 3536 1597 3586 carmen,
1639 3521 1779 3592 (inp,
1809 3536 1838 3574 a
1875 3521 2065 3593 liupan

485 3615 664 3685 (Rom.
687 3629 781 3683 xv,
804 3614 884 3686 9),
908 3629 1007 3684 pro
1027 3613 1232 3685 ψάλλειν
1251 3613 1412 3668 etiam
1435 3624 1710 3682 usurpato.
1738 3615 1942 3670 Praeter
1965 3615 2066 3671 has

484 3705 883 3774 designationes
920 3705 1220 3776 generales,
1251 3703 1447 3758 dantur
1472 3715 1527 3759 et
1572 3705 1841 3759 nonnullae
1878 3707 2066 3777 appel-

485 3797 677 3858 lativae,
711 3805 770 3851 ut
816 3811 912 3865 pro
953 3798 1172 3867 hymno,
1216 3795 1422 3849 hazains
1473 3794 1649 3869 (ὕμνος
1691 3795 1825 3866 Eph.
1869 3812 1920 3864 v,
1954 3799 2061 3866 l9;

477 3896 595 3951 ιιοι.
647 3910 726 3960 ιιι,
779 3896 909 3963 16);
966 3895 1023 3948 in
1071 3895 1290 3947 n'aitsins
1323 3895 1472 3964 (coll.
1506 3904 1610 3947 vet.
1661 3895 1778 3949 lilh.
1836 3897 2060 3968 neizjan,

459 3988 561 4045 =Gf.
616 3987 682 4053 Il,
712 3987 899 4056 1128),
926 3988 1078 4057 quod
1115 3987 1214 4042 Mc.
1247 4002 1306 4052 tt,
1336 3989 1398 4051 7;
1430 4003 1520 4057 tn,
1549 3988 1654 4054 28;
1704 3989 1829 4044 Luc.
1887 4006 1939 4052 v,
1969 3989 2059 4057 23,

475 4101 573 4154 pro
603 4087 898 4158 βλασφημία
927 4085 1164 4153 ponitur,
1195 4086 1359 4155 stirps
1388 4087 1692 4157 germanica
1717 4088 1872 4144 facile
1897 4094 2064 4158 agno-

458 4186 676 4242 ‘scetur,
706 4192 814 4247 qua
845 4177 1110 4232 ironienm
1151 4187 1208 4232 et
1233 4176 1672 4233 declamatorium
1702 4193 1922 4235 carmen
1963 4195 2060 4236 ex-

473 4267 740 4338 primitur,
783 4267 877 4322 tali
905 4267 1151 4323 carmine
1193 4268 1333 4336 apud
1364 4267 1570 4324 Gothos
1596 4266 1778 4324 forsan
1804 4269 1932 4341 nsi];
1963 4285 2060 4325 vo-

468 4370 612 4427 cato,
643 4372 698 4417 ut
743 4359 885 4430 apud
910 4369 1019 4417 vet.
1049 4370 1312 4431 scptentr.
1353 4361 1462 4426 uid,
1493 4361 1624 4418 coll.
1661 4361 1749 4418 Gl.
1800 4362 1864 4428 Il,
1897 4362 2078 4420 1051.-

471 4451 814 4508 Carminibus
838 4452 1104 4523 religiosis
1125 4453 1269 4508 nulla
1294 4452 1510 4508 fuerunt
1540 4453 1752 4523 propria
1776 4455 2056 4524 vocabula,

469 4545 555 4599 vel
569 4545 760 4600 saltem
780 4543 1070 4600 Bibliorum
1092 4545 1416 4614 interpretes
1441 4558 1474 4599 c
1487 4558 1665 4614 graeco
1681 4546 1879 4614 psalmo
1901 4545 2055 4617 (Luc.

467 4633 682 4704 35,42)
709 4635 794 4690 vel
844 4636 1044 4705 psalmo
1074 4634 1228 4705 (Cor.
1281 4636 1323 4700 Ι,
1377 4650 1488 4702 stv,
1546 4635 1650 4700 26;
1706 4635 1842 4705 Eph.
1899 4651 1970 4700 tv,
2021 4635 2056 4691 8

467 4739 680 4796 marg;
717 4741 774 4793 v,
807 4725 904 4792 t9;
945 4724 1061 4781 Col.
1090 4741 1168 4790 ιιι,
1199 4726 1294 4796 16)
1333 4728 1556 4782 mutuati
1603 4739 1748 4795 sunt,
1798 4728 1920 4784 licet
1960 4742 2056 4797 pro

437 4819 667 4891 ’ψαλμός
695 4819 861 4874 etiam
897 4818 1022 4890 lia];
1072 4817 1208 4888 (vid.
1233 4820 1418 4888 supra)
1450 4834 1710 4890 usurpare
1735 4821 2050 4888 potuissent.

467 4909 545 4964 De
585 4908 798 4980 gnomis
847 4909 959 4964 vid.
1017 4910 1174 4964 infra.
1206 4907 1454 4980 Enignta
1504 4904 1794 4964 Vocabatur
1843 4913 2054 4979 [risaltts

464 5001 615 5076 (Cor.
646 5002 687 5069 Ι,
717 5017 834 5068 χιιι,
883 5001 1011 5073 12);
1055 5001 1373 5069 similitudo,
1404 5000 1594 5072 gajuko
1645 5001 1790 5072 (vid.
1821 5002 2050 5073 glossar.

429 5098 522 5156 'h.
571 5104 691 5173 v.);
741 5102 959 5170 fabulae,
1005 5104 1296 5176 parabolae,
1347 5105 1704 5169 narrationes,
1753 5103 1876 5174 spill
1915 5101 2048 5172 (vid.

459 5205 689 5273 glossar.
722 5204 778 5259 lt.
808 5201 911 5274 v.).
941 5203 1060 5260 Non
1079 5205 1253 5260 solum
1282 5214 1462 5260 autem
1491 5205 1657 5258 fuisse
1684 5217 1875 5259 cantus
1907 5205 2049 5271 apud

464 5294 670 5352 Gothos
709 5311 775 5355 ex
821 5309 889 5352 eo
934 5296 1330 5364 concludimus,
1373 5297 1515 5368 quod
1549 5298 1776 5367 propriis
1815 5296 2048 5353 numiui-

461 5386 561 5441 bus
602 5385 974 5455 designentur,
1014 5387 1111 5444 sed
1150 5388 1312 5444 etiam
1351 5403 1418 5443 ex
1462 5402 1718 5458 expresso
1760 5387 2049 5445 Jornandis

463 5476 797 5541 testimonio,
827 5478 917 5549 qui
953 5491 1050 5534 eos
1075 5487 1186 5534 tum
1204 5476 1474 5534 cautiones
1504 5479 1581 5550 (p.
1622 5479 1692 5534 93
1721 5479 1808 5536 ed.
1837 5479 2043 5551 Lind.),

464 5573 575 5618 tum
607 5568 932 5638 carmiua(p.
963 5568 1056 5641 83)
1078 5579 1254 5635 vocat,
1282 5570 1557 5624 affirmans
1580 5569 1798 5644 insuper
1828 5571 2044 5625 histori-

460 5665 556 5711 cos
583 5663 639 5713 et
665 5658 911 5718 heroicos
934 5661 1097 5719 fuisse
1125 5668 1336 5731 cantus,
1361 5659 1650 5732 inquibus,
1683 5677 1768 5717 ex.
1796 5678 1878 5733 gr.
1927 5661 2037 5720 ϐο·
2058 5736 2068 5740 _
2092 5735 2119 5742 _

1584 198 2036 256 GRAMMATch
2077 199 2402 258 GOTIIICrE
2443 202 2745 260 LiNGU/E.

3667 219 3767 276 888.

2193 311 2406 364 thotutn
2437 311 2613 365 exitus
2661 329 2692 368 c
2730 312 3086 370 Scandinavia
3123 316 3176 371 in
3224 317 3604 390 ccutinentetl,
3639 325 3757 381 Van-

2192 400 2391 456 dalium
2430 404 2712 472 subjectio,
2749 420 2935 459 eorum
2968 421 3066 478 per
3094 406 3372 478 Scythiam
3403 409 3471 463 ad
3510 427 3646 468 mare
3669 415 3746 470 Ni.

2192 483 2344 560 grutn
2387 492 2641 546 transitus
2685 496 2764 563 (p.
2811 495 2926 565 85).,
2962 496 3126 550 immo
3159 515 3176 548 t
3214 497 3351 567 facta
3397 497 3747 572 Ethesparnur,

2195 581 2432 654 llanalw,
2465 581 2756 657 Fridigerut
2776 628 2791 652 ,
2835 585 3084 644 Vidiculat
3111 597 3160 643 et
3197 588 3440 656 aliorum,
3468 608 3672 660 quorum
3694 596 3741 650 in

2189 672 2287 727 hac
2332 685 2480 745 gente
2521 693 2708 747 magna
2737 677 2913 747 opinio
2955 689 3051 747 est,
3091 680 3272 751 qualn
3293 682 3377 736 vix
3403 681 3582 738 heroas
3613 687 3751 755 fuisse

2190 773 2426 828 miranda
2445 777 2611 846 jactat
2657 778 2936 847 antiquitas
2984 780 3066 850 (p.
3106 780 3233 849 ‘86),
3266 797 3292 833 ι
3336 780 3742 840 celebrabantur.

2189 863 2377 930 Quoad
2395 880 2520 921 vrro
2539 861 2847 938 rhythmum
2867 869 3057 924 horum
3079 870 3395 936 carminum,
3410 871 3541 926 nihil
3552 874 3762 950 omnino

2188 956 2471 1022 novimus;
2502 959 2715 1016 fuerunt
2758 961 3104 1028 probabiliter
3129 961 3395 1030 iterativa,
3421 957 3759 1033 quemadmoJ

2189 1047 2317 1110 dum
2365 1061 2684 1134 caetetorum
2735 1051 3121 1110 Germanorum
3171 1065 3402 1122 cantus;
3449 1067 3650 1116 certum
3681 1070 3762 1133 est.

2186 1156 2365 1206 autem
2400 1165 2460 1204 ea
2488 1150 2706 1208 heroico
2737 1153 3050 1208 Grzecortnn
3076 1163 3250 1209 metro
3275 1169 3382 1208 non
3411 1153 3577 1210 fuisse
3615 1157 3753 1211 indu-

2186 1248 2236 1298 ta
2254 1279 2270 1304 .
2315 1240 2388 1294 uti
2429 1241 2719 1298 infeliciter
2747 1243 3118 1299 ilasstnannus
3147 1246 3214 1299 de
3243 1261 3400 1300 versu
3429 1245 3482 1300 in
3514 1249 3665 1315 epist.
3693 1250 3752 1301 ad

2183 1330 2290 1389 Tit.
2323 1349 2372 1398 ι,
2409 1334 2477 1388 12
2517 1334 2725 1390 laudata
2754 1336 3008 1405 ccujecit.
3038 1337 3305 1392 Caeterum
3350 1352 3450 1391 nec
3478 1350 3627 1392 erant
3664 1354 3755 1394 nec

2181 1420 2400 1480 luerunt
2428 1427 2710 1495 scriptura:
2748 1428 2996 1483 mandata
3019 1468 3040 1496 ,
3078 1428 3196 1494 sed,
3241 1437 3299 1484 ut
3327 1444 3448 1484 tuos
3483 1440 3600 1484 erat
3626 1432 3754 1500 apud

2178 1521 2313 1577 alias
2341 1524 2678 1594 germanicas
2713 1536 2930 1596 gentes,
2964 1541 2998 1586 ιι
3032 1527 3197 1583 certis
3239 1527 3608 1582 cantatoribns
3633 1528 3757 1582 orati

2178 1613 2340 1678 modo
2362 1615 2726 1672 tradebantur.
2753 1615 2872 1672 lam
2894 1632 3026 1673 vero
3065 1632 3167 1674 nos
3194 1618 3326 1688 fugit
3350 1616 3626 1687 gotiticum
3669 1621 3758 1673 ho-

2179 1721 2294 1768 rum
2323 1717 2658 1764 cantatorum
2691 1725 2918 1775 nomen;
2963 1727 3088 1766 nam
3115 1711 3407 1783 liuparjos,
3432 1721 3491 1766 ut
3522 1711 3758 1774 llebrato-

2176 1811 2292 1851 rum
2329 1809 2610 1857 cantantes
2653 1801 2834 1856 levita:
2860 1799 3114 1876 (ᾇδοντις)
3161 1803 3300 1872 apud
3333 1803 3464 1859 Enr.
3510 1819 3577 1869 ιι,
3619 1802 3680 1856 Η
3708 1813 3762 1860 et

2173 1885 2311 1946 Nelt.
2339 1905 2408 1943 vn
2427 1931 2446 1957 ,
2472 1892 2497 1946 1
2528 1892 2741 1962 gothice
2772 1902 3072 1959 vertuntur,
3103 1895 3206 1950 dici
3246 1904 3553 1963 nequeunt,
3577 1893 3760 1963 quippe

2173 1998 2294 2038 cum
2322 1985 2531 2042 llebraei
2566 2003 2717 2044 more
2745 2000 2952 2056 nostro,
2977 1990 3233 2046 Germani
3275 2003 3467 2049 autem
3499 2011 3644 2050 more

2175 2076 2282 2131 tius
2325 2079 2636 2148 recitativo,
2687 2081 2988 2152 conjunctis
3033 2082 3255 2139 cithara:
3309 2086 3751 2142 modulationibus

2172 2166 2456 2240 (lurnand.
2507 2185 2564 2238 p.
2607 2170 2702 2240 86)
2739 2182 3019 2228 canerent.
3053 2172 3216 2242 Atqui
3261 2189 3328 2230 eo
3357 2176 3529 2231 modo
3577 2191 3756 2233 canere

2171 2259 2383 2328 gothice
2403 2270 2484 2315 est
2507 2262 2738 2334 siggsan,
2774 2274 2828 2318 et
2856 2263 3214 2333 compositum
3239 2268 3547 2336 ussiggsan,
3574 2269 3752 2334 idest,

2175 2351 2400 2406 recitare
2427 2354 2851 2426 (ἀναγινώσκειν),
2875 2355 3020 2410 unde
3045 2357 3322 2428 saggvjaus
3360 2358 3458 2414 his
3482 2361 3756 2415 cantatori<

2174 2440 2272 2496 bus
2315 2458 2508 2499 nomen
2549 2447 3022 2502 accommodatius.
3064 2447 3251 2515 Quoad
3292 2450 3566 2506 rationem
3605 2467 3758 2522 quare

2173 2534 2467 2590 Gothorum
2493 2538 2729 2590 carmina
2754 2538 2954 2607 scripta
2981 2553 3086 2592 non
3119 2537 3348 2606 fuerint,
3393 2543 3550 2599 facile
3574 2541 3757 2613 percipi

2175 2633 2369 2695 potest.
2416 2627 2472 2682 in
2514 2628 2756 2696 pristinis
2798 2631 2942 2684 enim
2985 2632 3319 2701 temporibus
3357 2635 3458 2689 hic
3505 2649 3611 2689 non
3653 2643 3756 2688 erat

2173 2733 2319 2781 usus,
2351 2729 2407 2774 et
2455 2720 2631 2790 posito
2663 2722 2810 2792 quod
2859 2721 3024 2780 Gothi
3065 2734 3192 2780 ante
3229 2725 3518 2784 uliilanam
3561 2735 3754 2782 artatem

2170 2811 2488 2881 scripturam
2532 2813 2815 2870 habuerint
2851 2815 2986 2886 (vid.
3043 2815 3072 2887 ᾗ
3111 2816 3224 2888 ll),
3277 2819 3407 2873 tunc
3445 2819 3754 2874 carminibus

2169 2905 2324 2960 obvia
2363 2916 2417 2960 et
2443 2921 2744 2975 congruens
2775 2907 2944 2963 fuisse
2965 2909 3173 2964 credita
3201 2909 3442 2968 difficJe
3484 2920 3584 2968 cst.
3631 2911 3754 2966 Cum

2168 3017 2348 3062 autem
2371 3022 2434 3062 ea
2455 3007 2719 3077 scriptura
2751 3008 2858 3062 illis
2888 3007 3006 3074 fuit,
3036 3024 3155 3079 quae
3169 3014 3519 3081 conveniret,
3543 3012 3754 3067 deerunt

2167 3095 2440 3164 lilcecenm,
2472 3109 2572 3153 nec
2621 3099 2813 3154 litteris
2855 3099 3085 3154 libenter
3132 3101 3420 3170 indulgere
3460 3109 3753 3174 potuerunt,

2167 3191 2271 3246 nisi
2299 3207 2419 3246 cum
2452 3190 2664 3260 politica
2693 3192 2872 3262 quiete
2891 3193 3209 3263 gaudentes,
3243 3196 3461 3263 patrios
3491 3211 3661 3251 mores
3686 3195 3753 3249 si-

2170 3282 2274 3336 mul
2329 3292 2383 3338 et
2435 3297 2673 3340 amorem
2723 3285 2958 3355 propria:
3029 3283 3352 3340 litteratura
3417 3287 3749 3357 recepissent.

2167 3373 2316 3428 Adde
2358 3375 2518 3429 etiam
2560 3374 2705 3444 quod
2747 3375 2886 3446 apud
2934 3374 3141 3430 Gothos
3181 3375 3464 3446 scriptura
3518 3379 3607 3434 diu
3635 3377 3750 3431 solis

2166 3463 2496 3536 presbyteris
2517 3465 2677 3520 fuerit
2705 3475 3002 3535 reservata,
3047 3467 3471 3539 presbyterique
3495 3470 3560 3524 ad
3583 3467 3750 3524 defen~

2165 3553 2392 3609 dendam
2430 3565 2486 3610 et
2531 3556 2929 3626 propagandatn
2986 3558 3304 3629 religionem
3366 3577 3434 3617 ea
3481 3562 3650 3631 primo
3676 3559 3749 3614 usi

2163 3645 2291 3707 sint,
2321 3653 2378 3699 et
2416 3655 2813 3714 consequenter
2839 3646 3174 3703 carminibus
3203 3649 3500 3723 indulgere
3531 3667 3633 3708 non
3661 3664 3749 3723 po-

2165 3737 2384 3801 tuerint,
2415 3735 2626 3792 etiamsi
2651 3752 2804 3792 mens
2828 3738 2937 3793 illis
2969 3738 3179 3794 fuisset.

2239 3845 2260 3878 ί
2300 3825 2416 3881 Non
2441 3828 2597 3898 pauci
2625 3829 2809 3894 etiam,
2847 3829 3076 3898 quodam
3114 3831 3234 3886 loco
3250 3830 3751 3899 Jornandisinnisi,

2155 3916 2508 3973 crediderunt
2555 3917 2798 3987 pristinis
2855 3919 3049 3975 Gothis
3095 3921 3324 3992 scriptas
3382 3923 3533 3995 leges
3575 3923 3748 3980 fuisse.

2163 4009 2260 4066 Hic
2285 4010 2458 4077 locus,
2482 4010 2642 4066 etiam
2683 4012 2784 4068 sub
2806 4013 2914 4068 alio
2939 4024 3189 4082 respectu
3215 4021 3571 4086 conspicuus,
3595 4017 3671 4072 sic
3694 4027 3748 4072 se

2161 4099 2343 4169 habet,
2394 4117 2446 4170 p.
2492 4102 2564 4157 95
2604 4101 2763 4158 Lind.
2822 4119 2838 4158 :
2898 4122 2916 4155 ι
2953 4099 3206 4160 Dieaneus
3248 4109 3398 4161 omni
3436 4126 3566 4178 pene
3590 4095 3746 4181 philo-

2159 4191 2342 4264 sOphia
2361 4208 2444 4247 eos
2474 4193 2724 4264 (G0thos)
2755 4195 2996 4250 instruxit
3020 4212 3039 4251 :
3067 4213 3188 4251 nam
3206 4197 3434 4253 ethicam
3467 4218 3556 4256 eos
3585 4201 3744 4256 erudi-

2159 4287 2251 4351 vit,
2288 4294 2343 4339 ut
2368 4286 2657 4342 barbaricos
2696 4304 2864 4343 mores
2893 4289 2956 4342 ab
2986 4291 3058 4344 eis
3086 4305 3465 4362 compesceret;
3497 4296 3744 4366 physicam

2159 4375 2386 4442 tradens,
2419 4379 2721 4432 naturaliter
2747 4381 2969 4449 propriis
2999 4381 3192 4452 legibus
3235 4383 3402 4438 vivere
3442 4386 3591 4453 fecit,
3620 4395 3742 4453 quas

2160 4482 2319 4531 usque
2341 4484 2480 4521 nunc
2502 4470 2818 4538 conscriptas
2845 4471 3118 4542 bellagines
3162 4483 3509 4544 nuncupant,-
3533 4477 3743 4546 logicum

2157 4557 2418 4612 instruens
2447 4573 2532 4611 eos
2552 4558 2762 4612 rationis
2789 4575 2945 4630 supra
2981 4571 3192 4615 cteteras
3219 4572 3396 4631 gentes
3418 4564 3540 4632 fecit
3568 4577 3740 4630 exper-

2156 4663 2270 4721 tos;
2310 4659 2568 4728 practicen
2615 4659 2880 4711 ostendens
2925 4659 2978 4711 in
3022 4658 3167 4712 bonis
3213 4659 3417 4715 artibus
3463 4660 3740 4716 conversari

2153 4749 2344 4817 iussit;
2371 4749 2625 4803 tlzeoricen
2651 4748 3008 4805 demonstrans
3055 4753 3320 4821 signorum
3371 4754 3645 4808 duodecim
3690 4763 3734 4807 et

2153 4855 2244 4910 per
2265 4855 2324 4892 ea
2355 4838 2680 4906 planetarum
2710 4857 2885 4895 cursus
2913 4853 3206 4911 omnemque
3229 4846 3601 4898 astronomiam
3620 4861 3738 4898 cou-

2149 4928 2390 4999 ‘templari
2427 4929 2622 4996 docuit,
2650 4940 2758 4986 etc.
2809 4930 2974 5002 Elegit
3012 4933 3370 5002 prudentiores
3421 4936 3581 5002 viros,
3622 4951 3652 5003 ᾳ
3687 4949 3739 4986 os

2153 5017 2466 5089 theologiam
2508 5019 2766 5075 instruens
2811 5022 3276 5092 numina-quadam
3303 5029 3351 5076 et
3375 5025 3572 5078 sacella
3599 5039 3737 5078 ncne-

2151 5109 2258 5163 rari
2304 5111 2484 5166 suasit.
2524 5127 2544 5162 s
2585 5110 2839 5177 Quamvis
2867 5121 3076 5167 certum
3129 5115 3200 5167 sit
3225 5113 3497 5182 gothieam
3525 5125 3733 5184 gentem

2131 5208 2256 5261 non
2287 5215 2354 5256 eo
2396 5202 2555 5256 modo
2585 5202 2952 5273 philosophice
2990 5205 3286 5259 institutam
3322 5217 3474 5272 esse,
3521 5205 3730 5273 quohic

2147 5291 2435 5347 Jornandis
2471 5295 2618 5347 locus
2639 5291 2921 5350 indecente
2949 5303 3006 5349 et
3024 5295 3284 5366 indigesta
3302 5294 3609 5350 eruditione
3635 5293 3740 5364 pltr

2146 5397 2248 5437 nus
2266 5397 2363 5436 nos
2386 5396 2671 5451 persuasos
2693 5383 2892 5438 habere
2913 5380 3160 5453 voluerit,
3180 5385 3299 5440 hinc
3326 5393 3514 5440 tamen
3537 5384 3739 5439 Gothus

2146 5489 2252 5528 non
2281 5475 2534 5530 incultam
2564 5484 2800 5545 gentem,
2843 5475 2938 5531 sed
2965 5475 3034 5531 de
3058 5476 3304 5532 humanis
3349 5483 3409 5528 et
3441 5475 3657 5538 divinis.
3681 5473 3742 5526 de

2146 5566 2486 5621 terrestribus
2511 5575 2567 5622 et
2595 5566 2905 5623 cmlestibus
2927 5567 3092 5622 rebus
3109 5565 3253 5623 varie
3272 5583 3330 5623 er
3354 5564 3560 5620 uditam
3593 5566 3744 5620 fuis~e

2148 5658 2514 5730 consequitur.
2568 5657 2683 5716 lam
2723 5674 2850 5717 vero
2914 5657 3032 5716 sive
3080 5659 3283 5720 vicinas
3329 5655 3472 5712 sive
3523 5664 3746 5713 remotas
