4014 6172
138 280 231 337 sse
250 290 253 293 <
634 248 674 280 '

134 399 309 465 gentes
337 390 777 462 comparantibus
810 387 965 444 nobis
989 395 1223 453 constat,
1275 388 1470 458 quibus
1505 389 1710 444 ewdem

135 487 340 539 fuerunt
354 482 745 547 institutiones,
767 480 1015 552 quasdam
1037 480 1287 535 collectio
1302 479 1400 534 fuit
1422 481 1718 536 sententia-

135 591 261 640 rum;
278 574 359 631 sic
386 573 531 630 Indis
546 573 809 639 Puranas,
832 572 1035 630 Gra-cis
1052 572 1245 629 Gnomi
1264 571 1587 641 liesiodique
1602 572 1719 626 dies

131 676 181 720 et
201 678 387 734 opera.
412 663 769 725 Scandinavis
782 663 936 719 dives
954 671 1011 719 et
1034 662 1299 732 poeticum
1325 663 1719 718 sententiarum

132 770 317 823 corpus
341 754 475 825 (vid.
499 754 758 817 Dietrich,
789 753 1026 810 Altnord.
1054 752 1307 809 Lesebuch
1332 753 1482 823 praef.
1503 751 1719 821 xxxttt),

131 861 221 903 nec
245 861 353 901 non
382 854 438 900 et
464 846 769 902 Germanis.
803 845 991 902 Simile
1017 860 1150 914 ergo
1178 845 1567 899 sententiarum
1599 857 1723 897 cor-

130 952 222 1007 pus
238 936 381 1008 apud
401 935 609 993 Gothos
631 937 877 994 invenire
889 936 1140 992 deberem
1148 952 1229 1000 us,
1247 945 1303 992 et
1316 935 1440 990 huic
1451 933 1719 990 verisimi-

132 1030 244 1085 liter
267 1029 460 1084 alludit
487 1044 651 1105 supra
698 1029 953 1086 laudatus
978 1026 1265 1083 Jornandis
1293 1028 1465 1082 locus.
1495 1024 1723 1083 Mentio-

130 1134 244 1175 netn
271 1120 419 1175 enim
452 1118 580 1176 facit
630 1118 699 1174 de
745 1119 978 1189 quodam
1034 1117 1421 1175 sententiarum
1470 1129 1719 1185 corpore,

128 1210 410 1279 scripturae
452 1209 730 1273 mandato,
783 1209 1111 1276 nomineque
1137 1206 1488 1276 Bellaginium
1519 1203 1717 1275 indigi-

130 1312 253 1357 tato.
281 1300 391 1356 Sed
418 1300 545 1370 quid
583 1299 667 1357 hae
700 1299 988 1370 Bellagirtcs
1013 1300 1099 1356 vel
1134 1298 1429 1355 correctius
1454 1296 1725 1370 Bilagines

130 1394 227 1461 {vel
283 1392 669 1465 Bilageineis)?
718 1392 863 1448 Pene
914 1406 1101 1446 omnes
1159 1391 1257 1447 has
1303 1390 1605 1445 habuerunt
1662 1397 1733 1445 uti

128 1499 277 1540 veras
323 1483 471 1554 leges
521 1492 610 1548 et,
645 1484 901 1543 innuente
940 1480 1236 1546 .loruande,
1264 1480 1505 1539 codicem
1541 1479 1718 1548 legum

124 1575 468 1643 gothicarum
520 1592 534 1627 :
591 1574 716 1630 inde
777 1572 1023 1627 nonnulli
1068 1570 1316 1640 quaedam
1371 1576 1716 1627 monumenta

124 1666 317 1733 scripta
340 1674 470 1719 ante
494 1663 704 1720 Ulﬁlam
729 1663 892 1718 fuisse
914 1668 1271 1725 censuerunt;
1294 1659 1384 1715 alii
1409 1659 1478 1717 de
1498 1659 1719 1717 authen-

98 716 114 767 Ι

128 1755 329 1810 ticitate
388 1755 548 1823 hujus
616 1753 819 1810 codicis
872 1752 1251 1809 dubitaverunt
1302 1752 1453 1825 (coll.
1509 1750 1716 1819 blanso,

122 1846 175 1900 G.
191 1848 303 1900 scit.
318 1848 412 1900 der
427 1846 796 1917 0stgothen,9l
819 1845 881 1914 i),
895 1845 1209 1915 etequidem
1223 1846 1435 1908 merito,
1452 1859 1574 1899 cum
1591 1858 1720 1896 non-

125 1938 217 1991 nisi
233 1945 497 2005 regnante
514 1936 768 2001 Euricho,
790 1936 843 1990 in
864 1937 1063 1991 secqu
1085 1935 1291 1993 scilicet
1309 1935 1521 2004 quinto,
1553 1933 1718 1991 Wisi-

124 2030 268 2099 gotbi
283 2029 533 2086 codicem
551 2030 726 2099 legum
749 2029 1032 2083 habuerint
1046 2028 1373 2095 (Aschbach,
1401 2024 1568 2081 Gesch
1582 2065 1596 2081 .
1626 2026 1717 2080 der

132 2120 488 2192 Westgothen,
514 2120 659 2188 157).
674 2118 780 2175 Sed
802 2128 1102 2182 contextus,
1124 2118 1170 2172 si
1192 2116 1551 2178 examinetur,
1580 2115 1716 2169 hanc

126 2211 625 2277 interpretationem
658 2206 877 2261 minime
900 2206 1176 2275 justilicat.
1212 2205 1309 2263 llic
1336 2206 1479 2260 enim
1526 2204 1714 2259 lacrma

123 2301 401 2356 evidenter
444 2297 630 2359 adest;
664 2310 789 2352 nam
826 2310 1160 2365 quaecunque
1199 2295 1344 2365 leges
1388 2294 1474 2348 vel
1513 2302 1713 2348 statuta

122 2387 349 2461 supponi
377 2388 609 2458 possint,
638 2386 814 2441 nullus
842 2401 1074 2455 unquam
1115 2383 1489 2453 philosophus,
1531 2382 1717 2452 physi-

122 2497 235 2537 cam
279 2480 508 2544 docens,
536 2480 680 2548 leges
725 2477 911 2533 civiles
942 2476 1089 2543 tulit,
1122 2484 1178 2531 et
1204 2482 1332 2531 sunt
1374 2474 1460 2528 hic
1489 2472 1555 2527 ad
1585 2473 1718 2543 phy-

120 2575 286 2627 sicam
335 2570 645 2638 adscriptae,
674 2568 769 2623 sed
820 2568 888 2625 de
936 2567 1345 2636 investigatione
1384 2573 1589 2620 tantum
1622 2580 1719 2618 na-

122 2675 253 2719 tura:
309 2673 363 2717 et
412 2660 646 2717 essentia
695 2674 874 2715 rerum
924 2658 1211 2720 disseruit;
1260 2656 1413 2711 deest
1454 2656 1615 2725 igitur
1662 2655 1718 2710 in

131 2764 277 2809 textu
311 2751 539 2807 scientia
566 2765 693 2805 vere
724 2748 1120 2819 philosophica,
1148 2746 1340 2802 Potitia
1367 2745 1597 2812 scilicet,
1622 2759 1719 2799 seu

122 2847 238 2898 vita:
260 2842 448 2899 civilis
468 2838 791 2896 institutrix:
816 2837 957 2892 unde
978 2836 1133 2891 facile
1156 2844 1321 2906 patet,
1344 2834 1491 2905 quod
1516 2833 1714 2890 erroris

120 2933 526 2987 fundamentum
542 2930 593 2983 iu
611 2928 1113 2997 naturaliterjaceat,
1137 2926 1215 2983 sic
1237 2925 1413 2983 forsan
1450 2926 1719 2981 sententia

120 3026 394 3094 primitive
421 3031 680 3090 concepta
708 3038 723 3077 :
749 3021 1011 3091 physicam
1034 3021 1239 3074 tradens
1266 3029 1514 3074 naturam
1537 3033 1718 3073 rerum

122 3134 181 3179 ut
216 3118 518 3180 discerent,
552 3112 794 3184 politiam
842 3113 1043 3169 docens
1090 3110 1417 3178 naturaliter,
1447 3120 1554 3166 ctc.
1603 3110 1718 3166 Non

122 3219 201 3266 est
253 3210 481 3277 in-uper
531 3222 846 3269 necessum,
896 3215 953 3260 ut
997 3220 1095 3274 per
1146 3205 1243 3259 has
1289 3204 1425 3274 leges
1473 3202 1721 3273 positive:

122 3301 527 3371 intelligantur;
553 3299 645 3355 sed
671 3297 979 3357 econtrario
1008 3296 1243 3366 legitime
1266 3296 1495 3365 supponi
1522 3304 1719 3365 potest,

116 3410 175 3446 ra
205 3407 334 3447 esse
362 3398 572 3445 tantum
607 3389 870 3443 naturalia
916 3388 1184 3457 aequitatis
1228 3386 1485 3457 principia
1524 3386 1720 3458 quibus

121 3496 220 3535 vta
251 3481 434 3537 civilis
464 3480 771 3535 instituitur.
805 3477 913 3534 Nec
942 3493 1046 3532 non
1086 3486 1143 3535 et
1173 3476 1430 3532 formulas
1473 3477 1718 3531 incanta—

120 3576 281 3633 tionis
307 3588 361 3631 et
390 3573 810 3644 conjurationis,
841 3572 1026 3638 quales
1055 3570 1209 3629 nobis
1233 3584 1265 3625 e
1291 3568 1524 3635 Cra-cis,
1554 3569 1724 3626 Scan-

121 3668 338 3725 dinavis
384 3676 440 3722 et
495 3664 781 3720 Germanis
835 3661 1050 3717 tradidit
1100 3661 1429 3731 antiquitas,
1474 3658 1527 3714 in
1592 3673 1723 3716 voce

117 3760 387 3814 contiones
438 3757 615 3812 locqu
660 3752 948 3809 Jornandis
976 3751 1139 3807 modo
1182 3749 1454 3805 laudatum
1484 3763 1723 3819 sequen-

119 3860 202 3902 tes
254 3846 522 3918 suspicari
581 3859 899 3915 possemus,
945 3839 1049 3897 nisi
1108 3841 1273 3897 etiam
1331 3849 1613 3894 contextus
1654 3838 1722 3894 ad

116 3939 308 3994 minus
353 3936 604 3993 usitatam
634 3931 1075 4004 signiﬁcationem
1115 3939 1293 3986 cantus
1328 3944 1513 3984 vocent
1552 3930 1721 3985 cautio

119 4027 459 4099 restringere
488 4024 759 4083 suaderet.

200 4135 225 4173 ε
266 4116 345 4172 De
369 4114 662 4171 Bibliorum
689 4112 961 4177 versione,
987 4124 1106 4183 qua:
1134 4107 1201 4165 ad
1230 4116 1479 4178 quartum
1506 4106 1723 4164 circiter

114 4208 393 4271 sarculum
417 4206 487 4265 ab
518 4206 675 4265 Ulﬁla
699 4205 952 4273 incmpta,
980 4201 1050 4256 ab
1074 4199 1200 4269 alio,
1226 4199 1328 4255 nisi
1359 4199 1539 4254 forsan
1562 4198 1631 4253 ab
1660 4212 1727 4254 eo

115 4308 254 4375 ipso
265 4303 570 4361 continuata
589 4299 708 4366 fuit,
718 4298 831 4370 iam
842 4312 1001 4369 supra
1019 4296 1070 4351 in
1094 4294 1335 4367 prolegg.
1353 4292 1421 4348 ad
1446 4291 1723 4346 ullilanum

116 4406 340 4454 textum
366 4392 597 4465 qumstio
621 4390 740 4446 fuit.
764 4387 949 4457 Quoad
976 4400 1104 4442 vero
1135 4383 1417 4445 Skeireins,
1448 4381 1553 4437 hoc
1580 4378 1727 4435 aliud

114 4487 366 4559 gothica:
397 4487 709 4555 litteratura:
741 4481 917 4552 majus
941 4477 1299 4553 fragmentum
1327 4489 1359 4529 a
1388 4473 1729 4529 Massmanno

116 4581 373 4648 editum,
423 4580 492 4634 ad
544 4576 811 4646 quodnam
871 4583 1081 4639 tempus
1124 4566 1495 4631 referendum,
1550 4573 1730 4623 utrum

122 4673 314 4729 versio
347 4671 421 4727 sit
449 4670 532 4724 vel
570 4666 832 4737 originale
869 4664 1156 4733 scriptum,
1187 4660 1418 4729 denique
1443 4674 1473 4711 a
1499 4672 1731 4730 quonam

120 4763 440 4819 Gothorum
466 4761 690 4815 doctore
716 4756 1020 4827 conlectum
1043 4754 1136 4817 sit,
1162 4754 1264 4807 hoc
1287 4750 1458 4805 adhuc
1488 4748 1538 4802 in
1566 4748 1732 4803 dubio

122 4862 411 4920 remanet,
439 4852 569 4907 coll.
615 4849 785 4917 Lobe,
813 4842 1293 4915 Teztberichtigung
1320 4841 1412 4897 der
1452 4840 1729 4905 Skcireins,

117 4947 422 5019 Altcaburg
449 4944 609 5001 1859.

207 5059 239 5095 ι
295 5039 485 5095 Plures
536 5034 757 5106 insuper
796 5030 933 5089 alias
980 5027 1253 5083 versiones
1300 5024 1735 5095 theologicosque

117 5140 405 5188 tractatus
436 5128 615 5199 plures
641 5122 960 5191 conscripsit
991 5116 1173 5173 Ullilas
1192 5156 1209 5185 ,
1257 5127 1315 5172 ut
1339 5133 1371 5173 e
1399 5112 1736 5172 documentis

120 5226 320 5292 primo
356 5226 607 5277 recenter
633 5216 891 5275 consultis
934 5224 990 5271 et
1034 5234 1064 5270 ει
1107 5212 1339 5268 Waitzio
1391 5208 1597 5279 (Ueber
1638 5206 1735 5265 das

115 5314 314 5369 Lebca
353 5312 463 5367 stud
493 5312 579 5365 die
605 5309 768 5363 Lehrc
797 5308 887 5361 des
917 5306 1102 5374 Ullila,
1128 5304 1364 5358 Hannon.
1392 5299 1550 5369 1850)
1580 5298 1739 5354 editis

116 5405 513 5461 indubitanter
532 5409 766 5464 constat;
798 5399 868 5455 ibi
900 5399 1045 5453 enim
1064 5397 1257 5451 dicitur
1281 5395 1423 5464 (pag.
1448 5390 1539 5460 ﬂ)
1564 5388 1735 5461 quod:

117 5517 143 5554 s
188 5505 255 5553 et
285 5497 393 5566 ipsc
421 5492 661 5565 (Ulﬁlas)
691 5492 851 5545 tribus
889 5490 1079 5560 linguis
1124 5489 1344 5557 (graeca,
1369 5484 1524 5538 latina
1550 5492 1603 5537 et
1634 5496 1739 5554 go-

207 5609 231 5640 ⁸
274 5605 557 5671 Quomodo
584 5605 637 5658 in
662 5602 955 5659 editionem
983 5599 1368 5670 germanicam,
1392 5595 1607 5653 aliunde
1632 5605 1737 5650 tam

114 5679 507 5744 exquisitam,
549 5675 885 5744 subrepserit
913 5673 1000 5725 ille
1062 5672 1235 5744 gravis
1286 5685 1468 5744 error,
1523 5682 1740 5744 prorsus

119 5737 448 5801 sses-cimus.
499 5745 612 5799 Non
662 5737 803 5796 enim
858 5737 1319 5794 tlm'tos'cditores
1365 5739 1495 5807 fugit
1540 5737 1735 5807 nullam

124 5830 397 5887 unquam
447 5816 531 5872 vel
585 5816 856 5869 minimam
917 5813 1182 5867 laudatam
1246 5806 1734 5877 fuis‘e’cpistolam

1519 274 2003 336 INTRODUCTIO.

3307 282 3411 338 890

1828 391 1957 461 tica)
1999 392 2181 462 plures
2211 400 2469 448 tractatus
2499 403 2552 448 ct
2584 395 2776 450 multas
2821 395 3284 463 interpretationes
3324 411 3431 449 ιιι)-Δ

1824 482 2041 535 (cutibus
2090 483 2159 536 ad
2218 484 2488 537 utilitatem
2532 495 2580 537 et
2629 489 2695 538 ad
2742 486 3162 555 ted/irationem,
3200 486 3295 540 sibi
3340 487 3408 538 ad

1821 580 2066 625 alternam
2097 574 2392 627 memoriam
2415 584 2465 628 et
2495 578 2774 630 mercedem
2804 588 2926 646 post
2966 592 3025 631 se
3053 578 3354 645 deri-liquit.
3384 593 3403 627 ι

1824 662 1904 715 Ad
1948 665 2271 719 anteriorem
2301 666 2562 736 cpocham
2594 670 2831 736 pertinet
2870 670 3172 723 historicum
3199 687 3327 734 opus
3346 671 3409 721 ub

1822 752 2056 820 Ablavio,
2085 764 2142 809 et
2182 758 2523 827 geographica
2558 759 2771 827 scripta,
2806 759 2885 813 vel
2934 762 3109 828 potius
3140 759 3407 829 quiddam

1819 843 2139 899 itinerarium
2192 848 2354 901 totius
2392 849 2693 904 Germania:
2741 853 2803 904 ab
2842 851 3183 915 Athanarito,
3222 850 3409 904 Ililde-

1822 935 2000 1001 baldo,
2026 934 2365 1023 Markomiro,
2399 938 2465 993 ad
2496 951 2707 994 sextum
2736 940 2987 995 saeculum
3018 940 3408 1003 conscriptum,

1822 1026 2071 1096 quodque
2098 1029 2419 1098 geographus
2450 1029 2724 1087 Ravennas
2750 1032 3045 1101 saepissime
3074 1030 3239 1086 refert
3265 1028 3407 1101 (vid.

1819 1114 2138 1171 Grimmium
2171 1117 2264 1174 Gr.
2299 1135 2418 1173 xLVI
2448 1121 2532 1193 [le
2561 1120 2765 1193 ed.t.]).

1896 1224 1918 1261 ι
1955 1209 2034 1267 Ad
2087 1209 2399 1266 litteraturae
2441 1210 2737 1268 dotninium
2785 1213 3066 1269 referenda
3112 1221 3239 1270 sunt
3305 1200 3415 1267 nec'

1823 1296 2195 1353 Calendarium
2227 1300 2497 1369 gothicum
2524 1343 2540 1366 ,
2583 1318 2679 1357 nec
2717 1304 2948 1373 gothica:
2992 1303 3409 1371 subscriptiones

1821 1389 2195 1444 nonnullorutn
2236 1392 2677 1451 documentorum
2718 1396 2769 1449 in
2796 1394 2946 1448 Italia
2977 1395 3143 1449 latine
3169 1395 3409 1449 conscri-

1822 1488 2029 1545 ptorum
2085 1481 2229 1550 (vid.
2288 1486 2433 1553 goth.
2489 1483 2705 1554 glossar.
2770 1484 2994 1554 pra-f.),
3063 1484 3181 1539 licet
3255 1482 3408 1536 nobis

1820 1572 1995 1639 magni
2039 1583 2149 1625 snit
2194 1572 2329 1628 alias
2375 1575 2661 1639 momenti;
2690 1576 2858 1629 multo
2903 1576 3076 1629 minus
3121 1591 3182 1628 ea
3225 1574 3406 1642 spuria

1820 1675 1940 1729 qua:
1969 1660 2341 1718 Marsmaunus
2388 1665 2569 1719 multis
2612 1665 2824 1733 quidem
2868 1666 3154 1718 sudoribus
3183 1679 3396 1731 compa-

1822 1764 1956 1815 rata,
1988 1768 2020 1806 c
2068 1754 2210 1809 fonte
2239 1756 2458 1809 nimium
2510 1756 2685 1810 fallaci
2725 1756 2921 1818 hausit.
2952 1766 3007 1811 et
3039 1757 3089 1809 in
3122 1772 3284 1823 Opere
3315 1771 3405 1824 pe-

1818 1841 2022 1895 riodico
2070 1843 2281 1912 llauptii
2320 1844 2605 1900 Alterthum
2646 1847 2699 1912 l,
2742 1848 2847 1902 295
2892 1863 3012 1916 sqq.
3059 1847 3275 1900 nomine
3316 1861 3405 1915 go—

1817 1930 2073 1985 thicorum
2121 1935 2379 1987 minarum
2420 1936 2677 2007 inscripta
2724 1939 2775 1991 ιιι
2816 1938 2989 1993 lucent
3028 1937 3233 2002 edidit,
3280 1935 3404 1990 (³01³·

1821 2021 1987 2091 §7..

1890 2117 1918 2185 §
1947 2118 1999 2171 7.
2032 2117 2255 2174 Gothica
2286 2119 2465 2189 lingua
2488 2136 2593 2175 non
2620 2121 2719 2175 nisi
2752 2121 2897 2177 brevi
2926 2129 3170 2189 tempore
3192 2120 3404 2184 lloruit;

1816 2208 1869 2261 in
1898 2207 2081 2263 Moesia
2104 2209 2258 2265 nobis
2286 2211 2637 2281 extinguitur,
2664 2226 2784 2267 sese
2808 2210 3244 2279 extinguentihns
3266 2210 3407 2263 indi-

1814 2299 1965 2367 genis
1991 2298 2180 2355 Gothis
2220 2316 2252 2355 a
2302 2309 2541 2357 torrente
2579 2318 2838 2358 novorum
2873 2302 3188 2371 populorum
3220 2301 3271 2354 in
3307 2301 3410 2353 lla-

1818 2389 2078 2446 nuhianas
2142 2392 2388 2461 regiones
2455 2393 2806 2459 irruentium;
2864 2392 2916 2446 in
2980 2392 3404 2448 octidentalibus

1817 2490 1993 2534 autem
2018 2484 2195 2545 terris,
2213 2482 2300 2536 ubi
2325 2482 2530 2536 Gothos
2552 2485 2740 2539 Ostro-
2760 2493 2814 2537 et
2835 2481 3121 2549 Wisigothi
3150 2481 3406 2549 supplan-

1819 2582 2082 2637 taverunt,
2115 2573 2229 2627 haec
2266 2573 2608 2641 probabiliter
2638 2574 2784 2643 prius
2814 2588 2973 2642 quam
3007 2573 3230 2642 populus
3260 2572 3417 2640 ipse,

1819 2662 2077 2716 inﬂue-nte
2109 2662 2275 2717 latino
2302 2678 2572 2728 sermone,
2602 2664 2842 2733 extingui
2878 2663 3082 2717 debuit.

1857 2783 1862 2787 -
1894 2769 1913 2801 ι
1951 2750 2175 2805 Gothica
2198 2752 2375 2822 lingua
2402 2753 2453 2807 in
2478 2754 2793 2807 litterariam
2818 2761 3086 2819 ptovecta,
3107 2750 3188 2802 vcl
3218 2749 3406 2803 saltem

1819 2840 1990 2908 primo
2013 2841 2277 2908 scriptura
2304 2842 2535 2896 stabilita
2556 2854 2635 2897 est
2660 2843 2711 2895 iu
2740 2840 2946 2903 Maesia,
2972 2840 3059 2893 ubi
3086 2840 3407 2905 scripturam

1821 2934 2005 2992 Ullilas
2049 2935 2323 2988 adinvenit
2370 2933 2563 3005 (vid.§
2602 2933 2700 3001 ll)
2740 2931 3148 2997 versionemque
3199 2930 3403 2983 Biblio-

1822 3040 1942 3081 rum
1973 3026 2211 3094 increpit.
2249 3025 2341 3080 llic
2370 3026 2548 3079 lloruit
2577 3024 2822 3095 gothicu~
2851 3038 3050 3089 sermo,
3075 3022 3234 3075 etiam
3267 3037 3410 3075 utor—

1821 3127 1912 3174 tuo
1964 3119 2119 3173 Ullila
2152 3118 2341 3187 (585),
2370 3129 2427 3172 ut
2474 3134 2541 3172 ex
2584 3117 2895 3171 Tertulliani
2928 3118 2941 3145 ‘
2978 3117 3213 3183 epistola
3263 3118 3408 3169 circa

1817 3225 1907 3264 an.
1932 3210 2039 3264 405
2066 3224 2142 3263 εει
2159 3210 2268 3279 ipta
2292 3220 2469 3287 patet.
2487 3210 2611 3263 limo
2639 3225 2797 3278 porro
2818 3208 3042 3277 epistola
3073 3208 3409 3279 (llieronymi

1819 3318 2043 3372 operum
2076 3313 2207 3357 tom.
2237 3303 2287 3367 Ι,
2321 3303 2480 3372 epist.
2514 3318 2629 3368 CVI;
2663 3303 2861 3357 l’atrol.
2899 3313 3029 3357 tum.
3070 3300 3245 3367 XXII,
3278 3301 3405 3353 edit.

1820 3396 2029 3466 Migne;
2060 3411 2183 3465 epp.
2219 3411 2277 3462 ιι,
2306 3411 2363 3465 p.
2395 3396 2498 3450 626
2526 3394 2614 3450 ed.
2647 3395 2717 3449 Pa
2751 3394 2842 3464 is.)
2874 3409 3189 3462 responsum
3239 3392 3411 3444 conti-

1823 3496 1914 3543 net
1942 3484 2163 3540 Sunnia:
2191 3495 2246 3539 et
2276 3484 2527 3553 Fretelm,
2562 3483 2751 3539 Gothis
2791 3483 3142 3553 presbyteris,
3175 3482 3242 3535 de
3274 3496 3411 3534 non-

1822 3578 1987 3633 nullis
2027 3576 2241 3632 Veteris
2280 3576 2610 3631 Tcstamcnti
2646 3576 2775 3630 locis
2819 3575 2998 3629 divum
3029 3578 3304 3628 doctorem
3334 3572 3413 3629 in~

1823 3667 2239 3736 tu-rrogantibus,
2268 3681 2480 3735 quaque
2521 3681 2626 3720 non
2664 3666 2730 3719 ad
2774 3665 3165 3719 institutionem
3208 3663 3412 3717 oralem

1824 3764 2052 3823 tantum,
2082 3756 2175 3809 sed
2220 3755 2286 3808 ad
2336 3754 2605 3823 quoddam
2651 3770 2786 3823 Opus
2832 3754 3088 3817 scriptum
3138 3764 3289 3806 certo
3332 3752 3411 3803 usi

1822 3858 1966 3907 sunt.
2007 3848 2145 3915 Quin
2197 3847 2359 3901 immo
2400 3846 2467 3900 ad
2513 3862 2711 3900 nonum
2756 3863 2922 3914 usque
2973 3846 3224 3899 sarculum
3274 3826 3415 3909 apud

1825 3936 2031 3994 Gothos
2078 3937 2305 3992 Danubii
2355 3937 2654 4003 inferioris,
2690 3947 2746 3990 ut
2776 3935 3072 3989 Walafrido
3103 3934 3354 3989 Straboni
3386 3948 3418 3987 a

1824 4030 2180 4089 missionariis
2226 4040 2501 4086 narratum
2541 4040 2645 4096 est,
2680 4029 2732 4083 in
2770 4030 2988 4097 gutliico
3035 4043 3286 4082 sermone
3327 4028 3419 4081 di-

1825 4123 1947 4178 v'lta
1987 4121 2160 4179 cilicia
2208 4121 2591 4177 recitabantur.
2631 4138 2650 4172 ι
2694 4120 2865 4185 Gothi,
2908 4121 3080 4189 inquit
3123 4119 3223 4187 (De
3261 4118 3429 4173 rebus

1820 4212 2023 4271 'eccies.
2056 4213 2151 4282 7),
2180 4215 2270 4278 qui
2315 4220 2362 4265 et
2401 4209 2577 4275 Getw,
2623 4227 2684 4265 eo
2728 4218 2985 4278 tempore,
3015 4226 3116 4280 quo
3158 4211 3226 4262 ad
3265 4209 3423 4277 ﬁdem

1826 4301 2022 4361 Christi
2063 4300 2296 4371 perducti
2334 4310 2484 4367 sunt,
2514 4300 2566 4354 in
2614 4298 2908 4354 Crwcorunt
2954 4300 3232 4367 provinciis
3277 4314 3419 4349 com-

1826 4404 2108 4459 ntorantes,
2138 4401 2392 4458 nostrum,
2422 4392 2478 4446 id
2522 4400 2596 4447 est
2637 4390 2955 4444 theodiscum
2998 4405 3276 4444 sermonem
3326 4388 3420 4440 ha-

1828 4487 2063 4551 buerunt,
2096 4494 2163 4551 et,
2183 4494 2236 4539 ut
2266 4484 2494 4539 historia:
2539 4491 2808 4548 testantur,
2844 4485 3165 4548 postmodum
3202 4480 3419 4534 studiosi

1828 4577 1974 4638 illius
2002 4578 2163 4649 gentis
2205 4576 2403 4631 divinos
2433 4574 2592 4629 libros
2622 4575 2676 4626 in
2703 4589 2810 4627 sua:
2836 4572 3104 4627 locutionis
3130 4572 3420 4642 proprieta-

1830 4678 1928 4724 tem
1978 4668 2391 4732 transtulerunt,
2439 4681 2659 4736 quorum
2706 4665 2875 4719 adhuc
2915 4675 3236 4718 monumenta
3279 4663 3421 4734 apud

1824 4758 2107 4815 nonnullos
2160 4756 2433 4811 habentur.
2488 4756 2559 4811 Et
2622 4757 2849 4825 ﬁdelium
2903 4760 3121 4822 [rutrum
3176 4755 3423 4809 relations

1830 4849 2133 4914 didicimus,
2158 4848 2297 4918 quod
2334 4849 2587 4918 quasdam
2626 4847 2941 4917 Scytharum
2979 4857 3171 4916 gentes,
3203 4845 3424 4899 maxime

1838 4937 2171 5005 Tomitanos,
2197 4939 2373 4993 eadem
2413 4940 2670 4993 locutione
2711 4939 2882 4992 divina
2928 4937 3172 4992 hactenus
3218 4938 3425 4991 recitari

1833 5029 2019 5099 ofﬁcia.
2056 5048 2075 5082 ι
2100 5027 2235 5085 Cum
2261 5039 2440 5085 autem
2462 5030 2623 5086 Olaus
2655 5028 2910 5084 Rudbeck
2933 5028 3155 5098 (Atlant.
3182 5027 3269 5091 III,
3290 5026 3421 5096 210)

1836 5130 2055 5185 narrat,
2090 5120 2232 5188 quod
2279 5135 2375 5175 sua
2421 5122 2583 5174 etiam
2632 5128 2790 5174 tet-ate
2837 5119 2924 5189 (in
2970 5117 3167 5172 smculo
3214 5117 3335 5184 17⁸)
3368 5119 3426 5173 in

1838 5211 2081 5283 plurimis
2124 5209 2419 5264 Wulachize
2464 5210 2593 5265 locis
2644 5209 2869 5279 vestigia
2911 5207 3107 5277 gothici
3156 5209 3423 5264 sermonis

1836 5310 2178 5371 supererant,
2212 5298 2313 5354 hoc
2334 5298 2399 5353 ad
2432 5298 2642 5353 fabulas
2663 5298 3072 5354 adscribendum
3103 5309 3205 5359 est,
3229 5297 3423 5367 quibus

1838 5392 2074 5447 abundat
2124 5386 2287 5457 hujus
2324 5387 2561 5442 auctoris
2603 5401 2767 5456 opus;
2802 5388 2965 5442 immo
3000 5388 3206 5443 etiamsi
3236 5399 3421 5441 verum

1824 5496 1926 5553 ess
1962 5491 2002 5543 ι,
2036 5489 2094 5533 ut
2138 5478 2225 5534 ille
2272 5477 2540 5543 afﬁrmat,
2569 5478 2711 5548 quod
2760 5478 2874 5547 ipse
2926 5478 3109 5536 viderit
3152 5476 3423 5533 hominem

1842 5592 2184 5658 Tertulliani,
2216 5592 2305 5661 qui
2334 5592 2549 5646 aliunde
2576 5606 2717 5645 anno
2746 5592 2959 5645 circiter
2996 5591 3104 5645 216
3142 5590 3293 5643 obiit.
3324 5588 3424 5661 llic.

1842 5666 2003 5733 igitur
2043 5660 2244 5717 calami
2272 5671 2475 5716 tantum
2524 5663 2727 5733 lapsus
2756 5664 2913 5733 adest
2932 5660 3423 5733 :_l|ll'_l‘ltONYMUM

1846 5729 2047 5800 ptinere
2076 5736 2283 5802 volens,
2317 5729 2588 5801 mendose
2616 5729 3157 5790 TERTULLIANUM
3185 5735 3419 5804 scripsit.

1848 5804 2009 5881 Ιιιευῖί
2029 5826 2070 5861 τ.
