4080 6196
471 263 478 271 ’
549 257 643 318 θυι

1591 245 2046 306 ΟΠΜΙΜΧΠΕΑ
2084 244 2407 305 (10³1⁷1110Αέ
2443 243 2740 303 ιΙΝϐυᾹῐ.

3311 212 3354 247 δ

3726 247 3852 306 ωσι

550 378 841 449 quemdam
883 374 966 450 ab
1015 375 1099 430 his
1144 370 1450 443 regionibus
1502 369 1568 423 ad
1616 385 1796 438 regem
1843 368 2139 423 Succorum
2241 364 2400 420 thiam
2445 364 2694 434 paulatim
2737 364 2811 418 ab
2832 377 2929 419 ore
2973 365 3152 434 populi
3195 364 3444 422 decidere
3489 367 3600 422 visa
3632 379 3734 432 est,
3772 382 3834 427 et

552 473 824 541 legatum,
865 469 958 541 qui
1008 467 1219 525 Ullilam
1266 463 1478 535 gothice
1525 462 1763 530 legerat,
1792 461 1916 515 hinc
1962 470 2140 514 tamen
2243 456 2483 525 exceptis
2525 455 2858 524 paucissimis
2896 456 3220 525 germanicis
3261 459 3571 525 vocabulis,
3615 477 3735 531 qua:
3774 465 3829 518 in

560 565 830 633 gothicam
878 563 1110 631 linguam
1149 568 1277 612 tunc
1324 553 1584 624 temporis
1613 554 1664 606 in
1696 551 1974 607 Walaehia
2004 551 2145 606 exti-

559 659 689 714 tisse
717 655 992 712 immerito
1011 649 1443 707 concluderetur.
1471 643 1866 700 Castillionteus
1894 641 2144 711 equidem

462 757 470 765 ’
561 756 634 825 (ιι
662 753 904 810 Corinth.
935 766 989 821 p.
1037 748 1132 816 8'5)
1172 747 1288 800 haec
1331 742 1559 813 gotbicae
1595 741 1787 808 linguae
1835 737 2057 806 vestigia
2088 736 2144 790 in

561 846 663 901 ista
689 844 910 913 regiona
952 855 1047 910 per
1089 839 1330 894 Saxones
1359 831 1762 903 Transylvanim
1805 829 2025 883 colonos
2056 841 2150 881 ex-

560 939 762 1007 plicare
794 933 998 1004 potuit;
1031 932 1150 1002 quis
1178 942 1356 984 autem
1397 926 1585 981 credat
1627 925 1894 978 Saxouem
1936 919 2149 975 Ullilam

562 1045 629 1084 eo
657 1029 817 1084 modo
846 1027 1027 1097 legere
1057 1022 1316 1093 potuisse,
1345 1017 1543 1089 ignotis
1570 1015 1839 1084 scriptura
1866 1014 2152 1083 linguaque

566 1121 830 1194 gmhicis?

638 1234 660 1270 ι
709 1217 1074 1284 Quoseunqne
1135 1208 1298 1266 Gothi
1360 1205 1705 1274 subiecerunt
1755 1198 2021 1270 populos,
2074 1197 2156 1253 eis

565 1325 836 1379 nunquam
865 1321 1022 1360 suum
1051 1305 1250 1358 idioma
1280 1302 1675 1369 imposuerunt,
1701 1296 1823 1367 jura
1849 1293 2158 1364 patriosque

567 1415 749 1457 mores
801 1399 959 1453 simul
1003 1405 1168 1466 atque
1225 1394 1463 1460 linguam
1517 1387 1720 1444 servari
1763 1386 2156 1456 permittentes.

571 1497 642 1550 Ea
673 1496 771 1548 fuit
800 1497 851 1548 in
877 1493 1023 1546 Italia
1057 1488 1504 1558 Ostrogotborum
1552 1483 1743 1551 agendi
1792 1483 1948 1538 ratio.
1983 1481 2077 1536 llic
2105 1481 2158 1536 in

571 1587 747 1640 medio
776 1584 1159 1652 relinquemus,
1189 1591 1367 1632 utrum
1397 1575 1581 1630 Manso
1623 1580 1876 1643 punctum
1907 1569 2158 1638 tetigerit,

572 1677 758 1732 dicens
791 1673 1114 1745 (Geschichte
1142 1671 1232 1724 des
1254 1667 1534 1736 astragoth.
1561 1665 1770 1730 .Ileichs,
1799 1661 1927 1733 135)
1956 1662 2162 1717 Gothos

575 1767 926 1830 intellexisse,
959 1763 1100 1832 quod
1131 1778 1158 1813 a
1192 1760 1400 1826 legibus
1423 1766 1476 1810 et
1503 1770 1756 1810 sermone
1801 1753 2162 1805 Romanarum

575 1855 788 1910 nonnisi
835 1854 1044 1907 discere
1091 1861 1146 1906 et
1185 1850 1428 1918 accipere
1478 1856 1698 1915 possent
1738 1845 1896 1915 (nam
1945 1844 2027 1896 vir
2073 1841 2166 1897 ille

573 1948 766 2001 doctus
808 1946 1034 2000 mirifice
1072 1945 1140 2000 de
1177 1944 1355 2012 lingua
1394 1939 1605 2008 gotbica
1649 1946 1832 2006 putat,
1861 1951 1982 1990 cum
2011 1935 2167 2004 vulgo

577 2037 912 2091 contendens
939 2051 1056 2089 eam
1107 2031 1342 2085 nondum
1385 2031 1518 2082 satis
1560 2026 1852 2096 perfectam
1895 2023 2078 2085 fuisse,
2112 2031 2170 2076 ut

579 2125 908 2180 necessarias
935 2124 1058 2177 vita;
1093 2121 1268 2174 civilis
1303 2118 1652 2187 cogitationes
1681 2115 1985 2182 e\primere
2019 2113 2168 2167 vale-

580 2213 716 2284 ret);
746 2213 841 2268 sed
887 2213 955 2267 de
1001 2214 1138 2266 facto
1179 2209 1389 2280 gotbica
1435 2206 1609 2277 lingua
1660 2205 1810 2260 nullo
1840 2203 2000 2259 modo
2029 2204 2168 2273 apud

585 2304 744 2359 Italos
773 2303 1041 2364 introduci
1073 2301 1285 2369 potuit:
1319 2298 1612 2368 pecn'iares
1657 2296 1801 2351 enim
1851 2305 1976 2349 sunt
2015 2309 2173 2351 casus

583 2397 944 2466 peculiaribus
968 2393 1267 2463 explicandi
1289 2390 1615 2456 rationibus,
1645 2405 1768 2443 cum
1803 2389 2028 2442 Romani
2059 2388 2176 2455 qui-

585 2490 706 2545 dam
753 2488 968 2559 gotltiee
1029 2486 1192 2541 locuti
1245 2494 1369 2538 sunt
1423 2481 1588 2551 (coll.
1638 2479 1884 2534 Cassiod.
1921 2480 1983 2544 8,
2027 2477 2173 2549 2f);

586 2591 806 2649 econtra
852 2595 989 2635 nova
1029 2578 1147 2633 hate
1179 2578 1326 2646 regio
1354 2576 1554 2629 urbana
1582 2572 1845 2636 moribus,
1870 2571 2178 2640 productio-

587 2675 745 2730 nibus
787 2674 1066 2742 0pulenta,
1103 2667 1465 2737 voluptatibus
1491 2665 1671 2732 unica,
1703 2662 1999 2717 Gothorum
2045 2661 2178 2716 adeo

586 2768 798 2823 animos
848 2763 1083 2828 seduxit,
1137 2772 1431 2829 eorumque
1475 2755 1900 2810 nationalitatem
1939 2751 2182 2806 infirma-

590 2864 696 2924 vit,
728 2869 786 2915 nt
819 2859 930 2929 jam
976 2853 1348 2910 Theodericus
1384 2849 1449 2904 ad
1491 2845 1769 2918 gymnasia
1818 2859 2037 2898 romana
2079 2844 2184 2897 fre-

591 2950 896 3023 quentanda
946 2960 1074 3002 suos
1120 2945 1302 2999 innixe
1348 2941 1617 2996 incitaret.
1691 2935 1844 3002 Quod
1901 2943 2077 2988 autem
2126 2931 2180 2986 in

593 3043 741 3100 Italia
777 3041 940 3098 Gothi
990 3037 1204 3109 gotbice
1249 3034 1411 3090 locuti
1461 3032 1590 3096 sint,
1625 3030 1728 3083 hoc
1772 3028 2029 3098 probatur
2071 3035 2182 3079 tum

592 3152 662 3190 cx
691 3129 1131 3202 inscriptionibus
1181 3122 1512 3193 neapolitani
1543 3131 1600 3177 et
1628 3119 1820 3174 aretini
1853 3115 2183 3176 documenti,

595 3234 708 3279 tum
738 3239 770 3280 e
797 3221 1056 3292 sejunctis
1104 3216 1458 3273 tribunalibus
1507 3212 1808 3268 Gothorum
1847 3216 1902 3261 et
1932 3207 2186 3262 Italorum

597 3318 691 3388 (de
721 3331 828 3386 quo
855 3330 1010 3370 suum
1053 3326 1273 3368 sensum
1302 3307 1513 3378 aperuit
1543 3305 1774 3369 Gloden,
1809 3303 1914 3354 Das
1939 3299 2192 3354 rdtnische

601 3409 762 3464 Recht
789 3411 842 3462 in
873 3405 1245 3478 ostgothischen
1280 3401 1490 3466 Reichc,
1521 3399 1649 3454 Jena
1697 3395 1886 3466 I845);
1915 3406 1969 3450 et
1998 3395 2192 3450 verisi-

603 3500 886 3556 millimum
918 3505 1003 3552 est
1027 3495 1280 3564 reliquias
1306 3506 1493 3547 omnes
1519 3489 1717 3558 gotbici
1745 3487 2030 3552 sermonis,
2061 3499 2191 3554 qua-

602 3590 684 3644 les
729 3601 872 3642 nunc
917 3585 1210 3648 habemus,
1238 3599 1302 3635 ex
1352 3581 1497 3633 Italia
1543 3577 1705 3631 fuisse
1751 3575 2038 3639 deductas;
2066 3574 2189 3628 coll.

601 3673 810 3739 Cadill.
857 3693 993 3751 spec.
1035 3677 1100 3732 IV
1139 3685 1195 3732 et
1239 3674 1304 3729 ad
1359 3673 1401 3727 ll
1444 3672 1571 3727 Cor.
1619 3687 1672 3740 p.
1706 3668 1808 3735 8'5;
1842 3666 1930 3721 W.
1965 3667 2192 3722 Grimm.

601 3772 788 3828 Jahrb.
811 3773 903 3827 der
933 3769 1040 3824 Lit.
1073 3767 1259 3831 XLIII,
1293 3764 1383 3820 29.

682 3884 701 3918 ι
739 3864 847 3920 Nec
875 3861 1100 3917 ulterius
1127 3854 1411 3927 Wisigothi
1440 3855 1493 3909 in
1517 3851 1739 3908 victoria
1770 3850 2039 3904 abutendo
2069 3863 2197 3916 pro-

565 3925 777 4029 ,ει-εεεί
822 3963 976 4019 sunt,
1021 3925 1302 4021 postquam
1351 3949 1404 4002 in
1457 3945 1734 4000 Franciam
1783 3951 1836 3998 et
1886 3939 2197 4010 Hispaniam

563 4027 917 4112 irruissent;
947 4039 1397 4114 quemadmodum
1442 4037 1585 4093 enim
1619 4036 1670 4089 in
1702 4034 1890 4096 sacris,
1935 4032 2005 4086 ita
2051 4039 2105 4086 et
2145 4029 2197 4084 in

607 4139 842 4212 profanis
882 4138 1174 4193 tolerantes
1216 4148 1276 4188 se
1317 4129 1682 4200 praebuerunt.
1720 4125 1879 4182 Gothi
1926 4123 2026 4192 ipsi
2073 4135 2200 4176 suos

607 4245 813 4297 mores,
843 4227 994 4300 leges
1019 4235 1432 4289 sermonemque
1475 4233 1569 4287 per
1601 4217 1863 4272 ducentos
1891 4227 2061 4267 annos
2086 4226 2203 4266 ser-

608 4332 824 4388 varunt,
854 4321 1028 4376 donec
1057 4324 1314 4386 regnante
1344 4310 1650 4367 Recearedo
1680 4305 1830 4381 (601)
1855 4303 2078 4360 Romani
2108 4303 2202 4358 fie-

609 4427 753 4475 rent.
799 4411 1083 4482 Hic,enim
1133 4407 1341 4464 Gothos
1387 4414 1442 4461 et
1479 4404 1752 4458 ltomanos
1792 4400 1894 4456 sibi
1930 4397 2204 4468 subjectos

608 4521 779 4562 unum
825 4503 1078 4573 populum
1116 4512 1382 4565 unamque
1419 4503 1634 4565 gentem
1682 4492 1822 4550 effici
1866 4489 2200 4554 desiderans,

606 4598 665 4656 in
689 4599 794 4654 hoc
814 4592 1042 4652 consilio
1062 4585 1434 4660 exsequendo,
1459 4586 1714 4641 influente
1742 4583 1910 4647 clero,
1941 4587 2085 4635 totus
2114 4576 2204 4632 in-

607 4690 816 4747 cubuit.
856 4687 1040 4756 Itaque
1079 4683 1202 4738 tulit
1227 4682 1398 4751 legem
1425 4679 1493 4733 ad
1524 4687 1781 4747 utrosque
1810 4673 2197 4746 pertinentem;

609 4797 734 4837 cum
785 4787 963 4834 autem
1011 4773 1376 4844 subiectorum
1403 4770 1769 4825 Romanorum
1816 4767 1978 4836 longe
2029 4763 2205 4834 major

611 4878 760 4932 esset
795 4881 1074 4930 numerus,
1119 4864 1204 4920 lex
1250 4863 1350 4917 ista
1394 4860 1558 4915 latine
1600 4857 1769 4926 redigi
1813 4857 2016 4922 debuit,
2047 4857 2118 4910 ita
2148 4862 2207 4908 ut

610 4963 815 5019 latinus
840 4959 1149 5030 reipublicae
1192 4968 1372 5009 sermo
1415 4950 1586 5005 factus
1615 4949 1718 5011 sit;
1749 4947 2055 5002 christiana:
2085 4945 2207 5001 fidei

613 5057 846 5112 devotus
870 5060 1022 5117 erat;
1051 5049 1174 5104 hinc
1200 5045 1379 5101 divina
1406 5041 1581 5098 officia
1609 5039 1773 5094 latine
1809 5037 2068 5093 celebrari
2093 5036 2208 5106 jus-

615 5148 709 5214 sit,
735 5147 810 5201 ita
838 5154 897 5200 ut
923 5140 1084 5213 hujus
1111 5137 1366 5194 Ecclesia:
1392 5148 1571 5190 sermo
1593 5132 1848 5199 deinceps
1870 5129 2064 5183 latinus
2095 5126 2209 5181 fue-

615 5238 722 5302 rit;
753 5233 941 5289 aulicis
980 5231 1092 5286 suis
1139 5227 1354 5284 nomina
1404 5224 1565 5279 latina
1611 5223 1778 5288 dedit,
1821 5221 1893 5275 ita
1935 5228 1992 5274 ut
2037 5217 2207 5273 aulica

617 5325 802 5396 lingua
829 5324 941 5395 jam
972 5322 1135 5377 latina
1161 5318 1394 5378 evaserit
1413 5315 1560 5389 (coll.
1585 5313 1886 5376 Aschbach,
1908 5309 2090 5366 Gesch.
2121 5309 2212 5364 der

622 5415 984 5490 Westgothen,
1018 5429 1072 5484 p.
1097 5411 1203 5468 250
1233 5409 1397 5480 seq.)';
1420 5407 1677 5464 confectis
1699 5405 1782 5461 liis
1808 5403 2210 5470 mutationibus,

619 5519 904 5582 poteratne
925 5504 1136 5579 gothica
1161 5502 1482 5572 scriptorum
1515 5499 1692 5568 lingua
1712 5495 2029 5567 superesse?
2050 5493 2213 5564 Equi-

618 5601 748 5658 dem
787 5603 964 5671 lingua
999 5598 1054 5655 in
1084 5594 1284 5654 ultimis
1325 5591 1660 5664 temporibus
1700 5587 2078 5645 dominationis
2116 5599 2210 5658 go.

2246 546 2519 615 bispanica
2560 545 2773 601 inducta
2823 557 2950 600 sunt
2988 545 3140 615 (coll.
3173 549 3322 618 goth.
3366 551 3593 620 glossar.
3629 555 3830 623 praui),

2249 639 2499 693 nonnulla
2529 645 2732 693 tantum
2762 653 2794 692 e
2823 639 3089 694 rusticana
3129 640 3398 710 Hispania:
3434 644 3685 710 dialecto,
3713 662 3838 716 quas

2249 729 2430 786 forsan
2457 745 2564 785 non
2593 730 2712 784 sine
2737 729 2944 785 ratione
2971 732 3262 800 germanica
3283 734 3338 803 (a
3369 744 3478 788 vet.
3508 750 3680 804 germ.
3709 754 3836 808 gn,

2251 836 2368 886 rus,
2396 837 2576 891 gauer,
2602 818 2857 890 ruricola)
2893 831 3244 892 nuncupatur,
3274 837 3340 878 ex
3365 827 3689 893 germanicis
3711 827 3839 882 illu-

2253 921 2507 975 strantnr,
2525 921 2582 965 ut
2609 928 2622 965 :
2648 911 2814 976 ledro,
2845 910 3081 974 sinister,
3110 911 3261 982 goth.
3287 912 3597 980 hleidumeﬁ,
3621 931 3652 967 a
3673 917 3847 986 stirpe

2255 1002 2416 1069 hleid,
2462 1003 2579 1067 led;
2619 1003 2835 1069 mundo,
2874 1001 3058 1069 facies,
3096 1004 3247 1074 goth.
3290 1004 3504 1076 munps,
3549 1023 3641 1072 os;
3677 1011 3855 1064 etiam

2257 1093 2485 1148 fortasse
2515 1094 2668 1165 godo,
2716 1093 2928 1156 dexter,
2957 1093 3108 1162 goth.
3150 1095 3272 1165 god,
3315 1097 3486 1150 bonus
3515 1097 3593 1168 (ut
3625 1099 3848 1156 aliunde

2257 1185 2539 1254 expressio
2565 1184 2841 1240 dexterum
2873 1184 3010 1239 latus
3044 1185 3354 1255 significans
3384 1189 3543 1242 etiam
3575 1205 3674 1259 pro
3703 1191 3868 1245 bouo~

2259 1278 2457 1347 valet);
2501 1279 2674 1343 nario,
2720 1291 2939 1346 corpus,
2985 1277 3238 1343 cadaver,
3283 1281 3432 1350 goth.
3477 1298 3627 1345 nam,
3661 1284 3848 1347 navis;

2259 1371 2458 1438 auctas,
2501 1383 2712 1436 manus,
2752 1368 2902 1439 goth.
2945 1387 3098 1441 agga,
3148 1371 3422 1439 articulus,
3463 1387 3679 1440 corpus,
3719 1377 3846 1433 coll.

2262 1462 2406 1531 angl.
2437 1461 2604 1527 uncle,
2639 1460 2799 1516 infer.
2821 1477 2990 1532 germ.
3021 1461 3186 1517 enkel.
3219 1463 3402 1534 Neque
3431 1465 3484 1519 in
3521 1466 3602 1520 his
3632 1467 3856 1522 investi-

2265 1553 2566 1626 gationibus
2594 1552 2805 1622 longius
2839 1554 3084 1623 progredi
3117 1555 3260 1620 licet,
3283 1570 3404 1610 cum
3435 1557 3540 1611 alia
3572 1560 3866 1622 nonnulla,

2266 1643 2448 1712 specie
2475 1641 2799 1712 germanica,
2828 1657 3066 1698 romanae
3106 1652 3282 1699 tamen
3313 1656 3436 1698 sunt
3475 1647 3717 1715 originis,
3751 1660 3807 1702 ut
3840 1667 3855 1702 :

2268 1751 2404 1802 asas,
2432 1749 2611 1802 aures,
2638 1734 2885 1804 equidem
2917 1735 3068 1803 goth.
3091 1753 3237 1798 ausa,
3261 1736 3354 1791 sed
3381 1737 3589 1806 bispan.
3618 1755 3736 1803 asa,
3763 1755 3860 1792 au-

2268 1826 2375 1892 ris;
2417 1835 2594 1894 meter,
2639 1825 2944 1890 comedere,
2995 1825 3243 1894 equidem
3288 1825 3435 1896 goth.
3488 1831 3710 1899 inatjun,
3763 1830 3872 1883 sed

2271 1917 2482 1987 bispan.
2522 1927 2700 1982 uterer,
2745 1917 3119 1982 introducere;
3154 1918 3324 1987 bufur,
3351 1919 3606 1984 clamare,
3639 1937 3866 1986 vocare,

2272 2009 2518 2080 equidem
2555 2011 2707 2081 goth.
2751 2015 2966 2083 vopjan,
3002 2011 3094 2065 sed
3142 2011 3346 2080 bispan.
3399 2014 3568 2082 bufar,
3619 2015 3862 2082 mugire;

2274 2107 2445 2174 ipsum
2477 2105 2629 2159 navio
2673 2105 2886 2174 bispan.
2930 2107 3081 2159 minio
3117 2105 3316 2175 (navis)
3341 2122 3462 2161 esse
3499 2117 3702 2175 posset.
3736 2110 3868 2162 coll.

2281 2195 2622 2251 Vocabulario
2651 2197 2715 2250 de
2743 2194 3021 2250 Germania
3047 2212 3114 2248 an
3135 2199 3231 2250 den
3260 2197 3541 2251 llontauces
3563 2199 3629 2251 de
3653 2198 3868 2252 Germa-

2275 2287 2385 2354 nia,
2434 2285 2636 2342 editum
2667 2299 2698 2338 a
2724 2284 2879 2341 Joan.
2921 2283 3174 2353 Hidalgo,
3209 2284 3409 2338 Madrid
3449 2287 3604 2340 i779.
3651 2287 3730 2340 Ex
3774 2303 3871 2358 go-

2281 2375 2439 2431 tbicis
2480 2375 2714 2445 scriptis,
2759 2389 2881 2445 qua:
2923 2374 2989 2428 ad
3037 2389 3136 2428 nos
3185 2385 3568 2443 pervenerunt,
3601 2377 3776 2432 ullum
3818 2379 3886 2432 itr

2281 2467 2532 2536 Ilispania
2561 2465 2860 2522 confectum
2910 2465 3080 2520 fuisse
3121 2480 3243 2519 cum
3285 2466 3513 2536 quadam
3545 2469 3874 2522 certitudine

2279 2565 2515 2612 statuere
2541 2572 2647 2611 non
2674 2571 2992 2626 possumus;
3016 2557 3104 2624 qui
3129 2557 3274 2612 enim
3299 2556 3541 2612 codicem
3565 2559 3884 2613 carulinunr

2281 2659 2334 2703 et
2356 2648 2653 2718 fragmenta
2676 2647 2883 2703 Veteris
2904 2647 3236 2703 Testanienti
3268 2649 3355 2703 hic
3377 2651 3675 2718 composita
3707 2649 3882 2704 fuisse

2282 2750 2570 2808 assereret,
2611 2755 2677 2795 eo
2713 2740 3058 2795 fundamento
3095 2741 3271 2807 nixus,
3301 2740 3443 2810 quvd
3482 2742 3630 2810 prior
3659 2743 3878 2810 origiml

2289 2832 2384 2884 bus
2413 2829 2601 2884 lsidori
2625 2829 2945 2898 hispalensis
2965 2830 3360 2900 superscriptus
3381 2831 3470 2895 sit,
3493 2840 3548 2883 et
3574 2833 3878 2897 posteriora

2288 2921 2457 2975 textui
2486 2920 2868 2990 complutensis
2900 2920 3085 2976 Biblia:
3111 2921 3452 2987 conveniant,
3484 2921 3880 2975 intolerabilem

2289 3019 2532 3066 tueretur
2576 3011 2923 3065 sententiam.
2979 3010 3162 3079 Neque
3209 3021 3385 3066 tamen
3441 3011 3750 3067 audiendus
3796 3023 3884 3068 est

2288 3105 2523 3162 Lembke
2562 3103 2772 3173 (Gesch.
2819 3103 3079 3172 Spaniens
3133 3104 3184 3170 l,
3233 3103 3367 3174 245)
3405 3103 3590 3158 dicens
3625 3121 3639 3156 ε
3676 3105 3882 3158 nullum

2288 3210 2572 3266 superesse
2585 3195 2888 3265 vestigium.
2907 3211 2974 3251 ex
2990 3210 3097 3264 quo
3117 3195 3308 3251 deduci
3333 3198 3519 3266 possit,
3547 3199 3598 3250 in
3624 3197 3880 3268 Hispania

2289 3288 2502 3359 gotbice
2528 3287 2787 3358 scriptum
2809 3288 3003 3356 fuisse;
3026 3304 3133 3359 qua
3152 3290 3220 3344 de
3241 3305 3300 3344 re
3321 3290 3448 3344 coll.
3477 3294 3882 3345 Massmannum

2293 3385 2345 3439 in
2377 3384 2585 3454 llauptii
2615 3384 2909 3454 Zeitschrift
2939 3381 2982 3450 ι,
3011 3383 3140 3438 578.
3168 3382 3435 3437 Caeterum
3465 3381 3510 3436 si
3539 3384 3736 3453 gothici
3767 3384 3888 3437 libri

2293 3487 2802 3540 commemorantur,
2827 3489 2935 3530 non
2957 3473 3201 3544 equidem
3224 3474 3363 3542 quod
3389 3476 3603 3544 gothico
3631 3491 3885 3531 sermone

2295 3567 2499 3622 fuerint
2524 3566 2830 3636 compositi,
2865 3566 2962 3621 sed
3001 3565 3144 3636 quod
3169 3565 3237 3620 ad
3265 3565 3482 3635 ofﬁcium
3512 3566 3800 3637 got/ticum,
3833 3566 3890 3620 id

2296 3667 2402 3726 est,
2428 3657 2494 3712 ad
2525 3657 2793 3727 Iiturgiam
2823 3657 3153 3726 generalem,
3189 3673 3218 3711 a
3257 3657 3487 3712 concilio
3526 3657 3794 3713 Toletano
3835 3660 3891 3712 in

2297 3746 2524 3803 ecclesia
2551 3748 2762 3817 gotbica
2785 3746 3052 3815 Hispania:
3076 3757 3133 3802 et
3156 3748 3498 3816 Septimanite
3521 3747 3885 3804 introductum

2298 3846 2359 3893 ut
2378 3837 2500 3892 libri
2530 3837 2750 3893 rituales
2777 3836 3105 3906 pertinerent
3137 3835 3465 3906 (Ascbbacb,
3495 3836 3651 3907 550).

2377 3945 2398 3979 ι
2429 3925 2914 3996 Constantinopoli,
2936 3926 2989 3980 in
3009 3942 3111 3996 qua
3151 3926 3367 3982 civitate
3401 3925 3468 3982 ad
3516 3927 3676 3981 finem
3703 3941 3889 3982 versus

2301 4019 2477 4089 quarti
2505 4019 2685 4074 saeculi
2715 4027 2771 4074 et
2798 4017 3006 4072 initium
3037 4017 3208 4087 quinti
3235 4017 3438 4085 schola,
3467 4027 3694 4073 curante
3718 4017 3890 4089 Chry-

2302 4104 2564 4176 808tomo,
2594 4117 2777 4178 aperta
2813 4107 3008 4175 fuerat,
3038 4119 3098 4164 ut
3128 4107 3289 4165 Gothi
3328 4109 3541 4178 gothice
3567 4109 3888 4165 docerentur

2308 4200 2439 4272 (vid.
2470 4199 2792 4254 Massmann.
2823 4196 2996 4254 Steir.
3027 4197 3142 4268 9i),
3172 4196 3242 4254 de
3269 4197 3482 4269 gothieo
3509 4213 3765 4254 sermone
3793 4213 3887 4252 sa:-

2307 4293 2426 4361 pius
2449 4292 2676 4362 quaestio
2703 4300 2814 4358 est;
2842 4289 2929 4346 hic
2957 4291 3118 4346 etiam
3142 4291 3342 4348 saeculo
3371 4292 3581 4346 decimo
3619 4307 3886 4346 memora-

2309 4395 2398 4440 tur
2424 4383 2600 4440 adhuc
2623 4383 2890 4454 quoddam
2919 4381 3201 4439 Gotthikon
3224 4383 3362 4452 apud
3391 4383 3733 4438 Constantio.
3766 4383 3890 4438 Por-

2311 4476 2607 4547 pbyrogen.
2632 4477 2696 4528 de
2718 4473 3000 4530 Cteremon.
3024 4475 3158 4529 aulae
3182 4474 3385 4544 byzant.
3413 4472 3567 4540 1,83.
3595 4473 3714 4528 Hoc
3738 4488 3891 4543 porro

2312 4565 2604 4622 Gottbikon
2640 4581 2749 4621 non
2788 4565 3006 4636 proprie
3025 4574 3215 4620 cantus
3257 4571 3392 4629 erat,
3425 4562 3521 4619 sed
3545 4563 3762 4633 species
3789 4563 3890 4619 ludi

2307 4656 2393 4711 vel
2421 4655 2710 4725 spectaculi
2737 4654 2815 4725 (et
2841 4667 3098 4723 expresse
3123 4653 3406 4709 dicebatur
3424 4656 3626 4719 παίζιιν
3647 4657 3708 4710 τὸ
3730 4657 3890 4727 wret-

2307 4746 2440 4816 κόν),
2466 4761 2605 4799 nono
2633 4744 2716 4799 die
2745 4743 3014 4798 duodecim
3041 4743 3287 4812 noctium,
3320 4744 3373 4798 in
3404 4743 3669 4813 imperiali
3701 4744 3889 4816 palatio

2311 4837 2453 4894 inter
2493 4837 2677 4908 epulas
2703 4851 2734 4892 a
2759 4833 2982 4892 Venetis
3016 4845 3072 4892 et
3098 4834 3339 4890 Prasinis
3365 4835 3754 4892 introductum.
3787 4837 3887 4891 Duo

2313 4938 2468 4986 erant
2496 4937 2670 4984 castra
2696 4945 2718 4982 ι
2739 4943 2806 4982 ex
2832 4937 3054 4998 utraque
3083 4936 3234 4996 parte
3256 4926 3364 4982 duo
3388 4926 3570 4991 Gothi,
3601 4927 3721 4997 qui,
3750 4935 3887 4984 veste

2315 5026 2485 5096 pilosa
2513 5023 2680 5080 induti
2712 5023 3006 5092 faciemque
3033 5021 3176 5076 larva
3207 5021 3467 5090 cooperti,
3492 5020 3716 5075 sinistra
3742 5033 3885 5074 manu

2316 5117 2589 5188 clypeum,
2613 5117 2800 5170 dextra
2819 5122 2997 5168 autem
3026 5113 3231 5183 virgam
3260 5111 3536 5182 gerebant.
3561 5109 3787 5177 Cantus,
3807 5110 3887 5179 qui

2317 5211 2682 5282 spectaculum
2729 5207 3114 5272 comitabatur,
3167 5204 3388 5259 alternis
3437 5203 3646 5259 vicibus
3701 5203 3887 5259 refere-

2318 5303 2475 5358 batur
2518 5301 2714 5372 partim
2761 5313 2934 5368 gra-ce
2973 5312 3004 5350 a
3048 5296 3319 5360 choristis,
3367 5295 3562 5364 partim
3607 5294 3826 5349 barbare
3855 5304 3888 5343 ι

2319 5395 2616 5452 Gothorum
2647 5405 2874 5461 persona
2902 5388 3123 5444 indutis.
3153 5386 3270 5442 Jam
3301 5400 3430 5440 vero
3475 5385 3531 5440 bi
3573 5384 3890 5452 posteriores

2321 5489 2504 5544 ludum
2531 5487 2857 5556 aperientes,
2892 5481 3084 5537 mediis
3112 5477 3424 5548 strepitibus
3450 5476 3758 5548 clypeorum
3786 5473 3891 5528 vir-

2321 5595 2403 5653 gis
2431 5591 2810 5651 percussorum
2840 5575 2999 5648 pleno
3020 5587 3118 5631 ore
3150 5568 3452 5628 clamabant
3482 5584 3498 5624 :
3526 5564 3624 5633 tul,
3654 5565 3764 5621 tut!
3783 5574 3890 5619 tum
