4080 6196
248 273 356 347 si:

247 400 440 460 orbico
496 411 646 458 motu
708 401 890 459 ludum
955 413 1371 474 componentes,
1431 405 1730 475 iterumque
1775 406 1843 461 ad

248 504 533 560 utramque
581 503 792 562 partem
835 495 1168 564 secedentes,
1214 497 1594 552 comitantibus
1641 497 1845 567 pandu-

250 586 328 640 ris
347 586 389 652 ⁸,
408 585 740 642 recitabant:
762 604 780 637 t
807 589 1032 652 Γαύζας⁶
1057 589 1232 659 βόνας⁸
1260 587 1526 659 βηκηδίας·
1553 589 1696 662 ἅγιον
1725 611 1850 662 ’γαυ-

246 674 442 736 δίντεςο
474 676 808 738 ἕλκηϐὀνιδεςο
856 680 1112 754 ὺκέρτυςο
1145 679 1285 752 ἅγιοϋ
1309 681 1453 753 βονα·
1478 683 1611 756 ὧροι⁸
1640 683 1844 737 τούτουο

249 768 457 838 βάντες-⁸
504 769 629 841 seu
670 771 848 846 ἀμὸρε’
887 774 1242 834 ἐπισκύαντις·
1275 773 1663 836 ἱδεσαλϐἀτους·
1700 778 1846 831 νανὰ·

248 857 416 919 ἔθυς’
433 857 600 920 δέους
618 861 885 917 σιϐακιϐαο
898 866 1041 919 νκνά·
1059 863 1566 939 δαιμονογυγγύειλιο
1582 868 1845 940 γυϐίλουςο

247 951 550 1026 γυϐἕλαρσς’
569 954 714 1006 νανὰο
735 953 997 1025 γυϐἰλουςο
1011 955 1306 1032 γυϐἐλαρες·
1325 957 1470 1010 νανά·
1485 962 1578 1011 τοῦ
1602 955 1846 1030 γεγδεμοϋ

248 1040 306 1096 δέ
337 1042 598 1096 τοὸλϐελε·
640 1045 829 1098 νικάτω
871 1042 1078 1099 τουλόοο
1115 1050 1259 1099 νανὰ.
1299 1063 1319 1099 ι
1358 1045 1558 1101 Deinde
1591 1045 1850 1099 vocabula

248 1147 428 1201 graeca
455 1134 844 1203 sequebantur,
877 1135 1072 1204 quibus
1104 1136 1219 1191 haec
1252 1137 1480 1192 barbara
1509 1138 1701 1192 iterum
1731 1151 1852 1192 suc-

248 1226 561 1282 cedebant:
596 1245 616 1278 ι
653 1230 786 1304 ἔξελθ’
832 1231 1056 1305 ἐϐεριιμο
1087 1237 1178 1287 σι·ιῦ
1219 1237 1478 1309 ἱγγερουαο
1510 1235 1846 1310 γεργεριθρῳο

247 1321 399 1375 τινά·
424 1320 696 1376 elaeatae:
710 1324 1041 1399 περίτουρες.
1078 1328 1210 1391 Qum
1246 1327 1410 1381 verba
1440 1327 1506 1381 ad
1535 1344 1658 1382 cum
1690 1329 1849 1383 finem

255 1419 463 1465 tantum
492 1412 596 1466 huc
623 1415 921 1482 attulimus,
947 1425 1005 1470 ut
1036 1418 1323 1487 unicuique
1351 1428 1529 1488 pateat
1555 1419 1696 1489 quod
1719 1434 1853 1474 can-

254 1515 343 1559 tus
378 1506 467 1561 ille
497 1506 642 1574 (nam
673 1509 791 1565 sine
831 1510 993 1565 dubio
1023 1512 1182 1568 verba
1210 1523 1336 1567 sunt
1375 1516 1588 1584 cantus)
1621 1531 1724 1569 non
1756 1531 1854 1585 go-

251 1599 430 1654 thicus
465 1601 552 1664 sit,
588 1601 836 1672 quodque
877 1603 1042 1672 ipsius
1084 1615 1293 1671 auctor,
1335 1607 1454 1662 sive
1495 1616 1684 1677 sponte
1729 1621 1849 1675 sua,

251 1694 372 1749 sive
399 1696 618 1750 alterius
647 1683 892 1765 consilio,
926 1698 1296 1766 gotlticitatem,
1329 1707 1388 1753 ut
1417 1700 1488 1752 ita
1514 1699 1711 1766 dicam,
1757 1698 1855 1753 hu-

249 1800 370 1840 rum
396 1785 682 1840 verborum
711 1788 990 1844 hebetasse
1011 1788 1276 1856 videatur,
1292 1805 1411 1845 cum
1427 1803 1629 1845 asserat
1646 1790 1852 1845 Guthos

249 1877 434 1932 dicere
461 1881 528 1934 τὰ
568 1882 782 1934 Γοτθικά
823 1879 969 1936 ἄτινὰ
1001 1884 1100 1936 εἱσι
1131 1890 1321 1938 ταῦτα.
1357 1882 1452 1936 Hic
1485 1897 1614 1936 vero
1651 1896 1845 1936 nomen

255 1968 553 2023 Gothorum
585 1971 934 2040 conspicuum
969 1983 1073 2025 est.
1115 1973 1391 2026 Untlenam
1426 1971 1589 2043 igitur
1621 1971 1723 2026 huc
1753 1987 1846 2026 ve-

251 2059 372 2113 nire
419 2068 708 2128 potuerunt
752 2059 934 2128 Gothi,
964 2062 1052 2129 qui
1100 2061 1218 2115 aliis
1251 2062 1500 2131 g--ntilius
1531 2060 1852 2130 germanicis

253 2151 310 2205 in
343 2152 570 2220 imperio
599 2153 1180 2221 constantinnpolitano
1207 2154 1697 2222 imperatorumque
1729 2152 1847 2206 aula

253 2242 367 2311 iam
404 2257 470 2298 ex
511 2253 670 2298 aetate
705 2243 1000 2312 justiniana
1042 2243 1347 2298 cesserant?
1386 2243 1576 2297 Nonne
1606 2243 1658 2295 hi
1689 2241 1849 2297 Gothi

253 2334 409 2399 dicti,
438 2336 520 2390 vel
559 2336 736 2405 potius
763 2335 902 2390 Jutze
930 2336 951 2368 ²
978 2344 1132 2390 erant
1159 2335 1234 2390 illi
1260 2335 1524 2390 inferioris
1548 2334 1850 2390 Germania:

263 2423 480 2488 incolae,
511 2426 599 2493 qui
629 2424 731 2479 sub
755 2423 1168 2493 imperatoribus
1197 2434 1254 2478 ut
1281 2423 1541 2495 Barangw
1583 2423 1850 2494 stipendia

260 2514 608 2568 merebamur
633 2514 875 2582 aulmque
903 2514 1202 2569 vacabant?
1229 2515 1429 2569 Saltem
1471 2514 1635 2568 refert
1674 2513 1850 2569 Geor-

253 2604 375 2672 gius
410 2602 649 2658 Kodiuos
678 2605 740 2656 de
765 2603 911 2673 Ofﬁc.
943 2603 1054 2659 aul.
1083 2604 1376 2669 Constant,
1411 2619 1461 2673 ιι.
1501 2604 1590 2669 90,
1624 2604 1764 2673 quod
1797 2604 1850 2658 hi

259 2693 521 2762 Baranga:
565 2693 737 2762 primo
781 2694 906 2747 anni
948 2695 1254 2762 incipientis
1289 2693 1378 2747 die
1419 2691 1686 2747 Caesarem
1716 2697 1853 2749 κατὰ

253 2794 344 2848 τὰν
363 2791 575 2863 πάτριον
596 2789 830 2862 γλῶσσαν
851 2791 1036 2853 αὐτῶν,
1057 2788 1208 2860 ἤγουν
1233 2789 1468 2862 ἱγκλιστί,
1489 2788 1852 2855 congratulari

257 2879 527 2934 solebant.
569 2879 756 2946 Quoad
798 2878 981 2934 ludum
1021 2880 1108 2935 vel
1147 2879 1514 2948 spectaculum
1555 2878 1852 2933 G0thorum

254 2970 482 3034 dictum,
513 2969 667 3040 plane
697 2972 940 3040 congruit
964 2985 1084 3025 cum
1123 2984 1285 3024 sueco
1312 2969 1532 3022 Julbock
1554 2977 1608 3024 et
1635 2968 1855 3023 inferio-

264 3063 344 3116 ris
372 3061 680 3117 Germania:
715 3061 1010 3116 incolarum
1040 3059 1481 3130 Schoduvellopen
1510 3060 1651 3131 (sup.
1682 3074 1850 3128 germ.

256 3150 797 3222 Schauleufellaufen,
849 3152 976 3221 gall.
1014 3151 1065 3204 la
1105 3167 1285 3204 course
1318 3166 1384 3202 rm
1414 3151 1623 3220 diable),
1655 3150 1796 3220 quod
1822 3164 1853 3204 a

262 3241 538 3311 Ducangio
581 3241 796 3296 cervula
827 3242 958 3311 (vid.
1003 3243 1058 3295 h.
1102 3241 1184 3310 v.)
1226 3241 1546 3310 explicatum
1575 3250 1684 3296 eta
1714 3257 1852 3297 non-

259 3334 423 3387 null‘s
454 3331 646 3387 media:
683 3333 856 3387 aetatis
901 3335 1210 3386 auctoribus
1239 3334 1399 3386 etiam
1430 3333 1607 3388 Jottici
1650 3348 1854 3387 nuncu-

258 3434 461 3493 patum,
496 3439 524 3477 a
555 3423 778 3480 Reiskio
816 3435 992 3480 autem
1034 3425 1100 3479 ad
1137 3425 1323 3479 Const.
1369 3425 1629 3496 Porphyr.
1661 3440 1717 3495 p.
1751 3424 1854 3481 112

259 3514 433 3584 Lips.,
459 3515 597 3569 male
621 3515 732 3567 ludi
759 3515 948 3584 gothici
968 3514 1184 3568 dicitur.
1215 3516 1366 3580 Quod
1398 3515 1610 3568 unicum
1638 3530 1854 3585 germa-

254 3607 436 3662 nicam
463 3605 688 3674 stirpem
715 3606 856 3674 sapit
894 3606 1211 3660 vocabulum
1235 3606 1293 3658 in
1316 3606 1418 3659 isto
1449 3603 1746 3668 Gott/tikon,
1773 3613 1858 3660 est

257 3704 543 3771 ἇμπαατῶ,
584 3713 691 3768 q-uo
733 3699 985 3753 chorista:
1035 3698 1301 3768 bysantini
1351 3698 1561 3752 Gothos
1602 3698 1858 3752 adhorta-

259 3791 476 3856 bantur,
506 3800 565 3845 ut
593 3791 933 3845 saltationem
983 3790 1303 3858 inciperent.
1349 3788 1579 3844 Gothice
1615 3789 1853 3845 deduce-

256 3893 411 3938 retur
453 3897 483 3936 a
526 3882 878 3953 andbaltljan,
922 3882 1016 3936 sed
1064 3881 1164 3935 sub
1216 3881 1313 3934 hac
1363 3880 1532 3934 forma
1573 3883 1854 3952 ἁμπαατῶ,

256 3973 704 4042 nordgerrnanico
742 3971 967 4034 ambulat,
1013 3985 1144 4034 etc.,
1203 3971 1374 4042 magis
1426 3971 1693 4039 congruit,
1746 3970 1852 4026 vid.

254 4067 410 4133 gotb.
440 4064 668 4133 glossar.
711 4062 891 4131 Neque
913 4061 1246 4131 praetermitti
1273 4070 1469 4130 potest,
1493 4060 1636 4129 quod
1665 4062 1855 4132 γούνας

259 4157 480 4226 (gunna,
510 4155 751 4225 pellicere
779 4151 1007 4222 vestes),
1039 4152 1232 4222 quibus
1270 4150 1628 4206 induebamur
1666 4150 1852 4214 Gothi,

256 4245 328 4302 ad
358 4246 664 4302 inferiorem
697 4244 1038 4300 Germaniam
1067 4242 1404 4315 (Samnium)
1447 4241 1772 4309 pertineant,
1801 4241 1854 4295 in

257 4339 472 4407 anglico
499 4353 670 4409 gown,
693 4346 838 4406 toga,
862 4344 1178 4398 asservataa;
1211 4333 1322 4388 vid.
1347 4333 1476 4386 Reiz
1507 4332 1543 4385 l.
1577 4333 1613 4384 Ι.
1645 4348 1698 4399 p.
1729 4331 1854 4384 “3.

256 4427 407 4484 Nihil
437 4429 598 4482 etiam
635 4427 832 4498 gothici
866 4427 921 4480 in
951 4425 1052 4480 hoc
1083 4424 1356 4479 Gotthikou
1402 4423 1642 4478 invenire
1687 4421 1858 4490 potuit

257 4519 626 4574 lassmannus
657 4519 733 4589 (in
767 4516 980 4587 Hauptii
1023 4515 1319 4585 Zet'tschrift
1349 4512 1407 4581 l,
1451 4512 1558 4568 566
1595 4511 1768 4580 sqq.);
1802 4519 1858 4566 et

257 4609 342 4680 iul
365 4623 398 4663 a
429 4609 504 4663 tul
535 4608 742 4679 longius
769 4622 925 4676 aequo
957 4614 1252 4677 peteretur.

339 4716 360 4750 ο
410 4698 717 4753 Diutissime
759 4695 1023 4765 superfuit
1066 4696 1280 4764 gothica
1329 4694 1528 4763 lingua,
1578 4691 1625 4746 si
1671 4700 1853 4747 tamen

258 4789 557 4844 viatoribus
585 4788 718 4843 fides
739 4787 1040 4842 adhibenda
1065 4787 1154 4851 sit,
1183 4785 1234 4839 in
1259 4785 1486 4838 Taurica
1515 4781 1856 4837 Chersoneso

263 4878 420 4948 (gall.
454 4877 700 4948 Crimée),
735 4877 825 4932 ubi
855 4877 1014 4932 Gothi
1051 4877 1285 4931 tetraxiti
1334 4874 1664 4930 habitabant.
1698 4875 1857 4930 Refe-

258 4980 416 5024 rente
444 4969 708 5038 Procopio
738 4967 842 5040 (De
871 4968 989 5023 bell.
1021 4968 1164 5038 goth.
1199 4983 1272 5032 tv,
1302 4967 1360 5029 4.
1392 4965 1472 5030 5),
1504 4965 1606 5018 hoc
1651 4965 1856 5032 primus

257 5064 505 5115 omnium
536 5062 751 5128 agnovit
778 5060 1126 5114 brabantinus
1156 5058 1370 5111 Miuorit
1401 5054 1657 5110 Wilhelm
1688 5055 1858 5123 Βυξε-

256 5149 429 5206 broek
446 5149 811 5220 (Rubruquis),
829 5152 917 5219 qui
942 5165 1083 5203 anno
1101 5149 1240 5203 1253
1262 5148 1397 5201 hanc
1419 5146 1688 5215 regionem
1710 5159 1859 5212 pera-

255 5242 452 5310 gravit,
480 5241 738 5311 cujusque
764 5243 921 5295 unica
945 5239 1132 5295 relatio
1157 5257 1170 5292 :
1197 5258 1216 5293 ι
1245 5239 1372 5292 inter
1393 5253 1519 5306 quos
1540 5246 1685 5289 erant
1710 5235 1857 5288 multi

259 5333 406 5400 Coti,
420 5350 636 5404 quorum
658 5335 863 5404 ydioma
887 5343 961 5386 est
982 5333 1311 5396 teutonicum,
1337 5349 1358 5382 ι
1379 5329 1447 5383 ah
1472 5327 1853 5396 interpretibus

261 5431 498 5484 maxime
524 5429 817 5484 deformata
859 5427 979 5490 fuit,
1011 5427 1120 5480 vid.
1155 5426 1555 5480 Massmannum
1588 5423 1625 5475 l.
1659 5422 1696 5474 l.
1729 5421 1852 5476 351:

262 5521 459 5591 aliquid
482 5537 611 5576 vero
629 5521 831 5576 certius
854 5519 1127 5574 invenitur
1148 5517 1286 5587 apud
1309 5514 1566 5585 Josapltat
1593 5512 1850 5576 Barbara,

338 5656 353 5686 '
387 5661 601 5724 Species
628 5656 994 5710 instrumenti.
1031 5654 1255 5724 Interpr.

334 5727 357 5758 ³
387 5723 607 5783 Veteres
636 5727 815 5782 Dauia:
847 5727 1056 5782 incultu.
1085 5723 1306 5794 Interpr.

1633 290 2114 352 INTRODUCTIO.

1946 409 2036 476 qui
2064 424 2204 464 anno
2229 409 2367 468 M36
2392 427 2421 466 a
2454 413 2672 471 Venetis
2700 415 2863 471 Αεον
2893 415 2946 471 in
2975 416 3158 472 urbem
3186 416 3388 488 legatus
3413 397 3535 477 est:

1947 497 2145 566 Golthi,
2179 500 2367 570 inquit,
2400 503 2620 572 parlano
2641 505 2696 558 in
2719 508 2938 573 todesco,
2969 517 3016 560 et
3043 525 3100 561 so
3129 517 3323 577 questo,
3355 511 3544 579 pertire

1946 589 2177 645 [cavendo
2197 609 2264 646 un
2288 594 2520 664 famiglio
2542 595 2746 650 todesco
2765 613 2867 651 con
2890 599 2979 666 mi,
3004 599 3284 668 parlavano
3303 601 3534 664 insieme.

1947 689 1994 732 et
2023 681 2372 738 intendevansi
2398 687 2537 740 assai
2564 688 3045 759 ragionevofmente,
3075 692 3180 744 cosi
3208 707 3350 745 come
3380 693 3426 745 si
3451 693 3536 745 irr-

1947 769 2177 824 tenderia
2205 788 2276 826 un
2307 773 2540 829 Forlano
2570 793 2665 831 con
2689 795 2758 832 un
2791 777 3116 848 Florentino,
3150 781 3201 835 id
3229 791 3332 849 est,
3359 783 3540 851 lingua

1950 863 2218 918 teutonica
2249 865 2538 921 utebantur
2564 868 2754 935 Gothi;
2785 869 2946 938 idque
2985 881 3316 941 compertum
3350 872 3541 937 habui,

1947 953 2090 1023 quod
2118 969 2237 1009 cum
2270 958 2409 1025 apud
2442 973 2528 1013 me
2561 961 2830 1015 teutonica
2860 961 3062 1016 familia
3086 971 3251 1029 esset,
3279 979 3399 1017 cum
3431 963 3542 1018 illis

1951 1045 2198 1114 loquens,
2242 1047 2607 1117 intelligenter
2641 1051 2958 1106 audiebatur
2986 1061 3042 1106 et
3082 1053 3198 1108 vice
3235 1068 3412 1117 versa,
3445 1067 3541 1108 eo-

1949 1135 2068 1191 dem
2095 1153 2260 1208 prope
2285 1138 2445 1195 modo
2465 1156 2527 1196 ac
2549 1142 2593 1197 si
2616 1142 2878 1197 Forlanus
2893 1153 2948 1199 et
2966 1144 3308 1200 Florentinus
3323 1146 3462 1200 inter
3477 1161 3546 1202 se

1950 1228 2393 1299 colloquerentur
2414 1233 2575 1303 (apud
2601 1233 2910 1290 Ramusiutn
2935 1235 3001 1301 ll,
3024 1236 3136 1305 97);
3160 1237 3422 1301 Busbeclt,
3444 1237 3542 1305 qui

1949 1321 2102 1376 annis
2136 1323 2374 1378 1557-64
2404 1335 2460 1378 ιιι
2491 1325 2702 1394 Imperii
2732 1325 2935 1394 legatus
2960 1328 3419 1396 Constantinopoli
3442 1328 3538 1383 de-

1949 1425 2080 1480 gens
2108 1411 2242 1466 duos
2273 1415 2419 1469 viros
2447 1427 2792 1484 cognoverat.
2826 1432 2854 1469 a
2880 1417 3250 1472 Crimensibus
3274 1416 3544 1471 Constan~

1951 1503 2226 1571 tinopolim
2277 1507 2495 1572 missos,
2545 1507 2598 1561 iu
2650 1507 2955 1578 Legatiunis
2999 1509 3216 1562 turcicae
3252 1509 3412 1577 epist.
3444 1507 3536 1573 IV,

1949 1610 2002 1665 p.
2045 1597 2188 1652 2577
2227 1598 2383 1670 (edit.
2431 1600 2644 1655 Francl‘.
2697 1601 2859 1672 l595)
2904 1602 3276 1656 recensionem
3323 1601 3543 1656 exhibet

1948 1691 2330 1744 vocabulorum
2359 1706 2499 1760 qum,
2535 1692 2652 1746 sine
2682 1691 2845 1747 dubio
2877 1693 3202 1762 germanica,
3231 1706 3327 1760 pro
3349 1705 3546 1759 magna

1950 1791 2100 1846 parte
2116 1781 2335 1836 omnino
2350 1792 2475 1836 sunt
2497 1781 2732 1851 gothica,
2757 1798 2844 1837 ex.
2869 1799 2950 1852 gr.
2981 1800 2994 1834 :
3020 1781 3168 1846 Plut,
3197 1798 3370 1853 gertn.
3393 1782 3537 1846 Blut,

1947 1873 2200 1941 sanguis;
2234 1865 2360 1940 stul,
2393 1891 2562 1944 germ.
2605 1874 2778 1943 Stuhl,
2819 1875 2978 1940 sella;
3006 1875 3120 1940 ltus,
3164 1890 3334 1944 germ.
3375 1874 3536 1937 llaus,

1947 1963 2168 2028 domus;
2205 1966 2438 2037 wingart,
2470 1981 2637 2035 germ.
2675 1965 2990 2036 Weinberg,
3023 1969 3288 2032 viuetttm;
3327 1966 3542 2035 reghen,

1947 2065 2118 2123 germ.
2149 2055 2356 2126 Regen,
2387 2057 2595 2127 pluvia;
2628 2059 2836 2120 bruder,
2866 2073 3038 2127 germ.
3084 2057 3307 2121 Bruder,
3338 2058 3533 2122 frater;

1946 2144 2236 2213 schwester,
2274 2160 2445 2215 gerrn.
2500 2146 2826 2213 Schwester,
2871 2162 3060 2212 soror;
3098 2150 3193 2213 alt,
3226 2162 3396 2214 germ.
3441 2148 3543 2210 alt,

1949 2246 2123 2303 vetus,
2174 2252 2394 2305 senex;.
2429 2239 2550 2304 salt,
2603 2254 2773 2308 germ.
2829 2239 2974 2304 Salz,
3021 2240 3130 2304 sal;
3181 2239 3317 2306 ᾔει-ι,
3368 2253 3537 2306 genu.

1949 2325 2138 2394 Fisch,
2175 2329 2365 2398 piscis;
2394 2329 2602 2397 hauda,
2636 2343 2806 2398 germ.
2842 2328 3026 2395 Hand,
3058 2343 3278 2392 manus;
3309 2329 3541 2392 brnnna,

1947 2433 2119 2486 germ.
2163 2420 2436 2486 Brunnen,
2487 2427 2704 2491 puteus;
2753 2420 2982 2486 schwalt,
3029 2435 3196 2487 mors,
3245 2421 3352 2473 vid.
3397 2418 3566 2486 apud.

1948 2511 2272 2567 Massmann.
2308 2512 2346 2566 l.
2375 2513 2414 2566 l.
2440 2527 2492 2580 p.
2522 2513 2626 2568 357
2648 2512 2862 2582 sq.§ed
2891 2527 3087 2567 nomen
3118 2513 3411 2567 Gothorum
3442 2513 3540 2566 cir-

1949 2602 2256 2657 cumeundo
2307 2602 2646 2671 deperditum
2697 2617 2819 2657 esse
2869 2603 3108 2666 videtur,
3160 2617 3334 2672 neque
3383 2601 3542 2658 hodie
3608 2583 3621 2597 ’

1951 2693 2063 2748 ulla
2110 2693 2270 2763 hujus
2317 2697 2584 2748 sermonis
2623 2694 2846 2762 vestigia
2882 2695 2992 2763 jam
3037 2694 3398 2754 inveniuntur,
3431 2692 3540 2745 vid.

1951 2783 2147 2848 Pallas,
2180 2784 2418 2855 Voyages
2448 2785 2577 2837 dans
2627 2785 2698 2839 les
2737 2793 3153 2854 gouvernements
3189 2784 3540 2836 meridiana“

1949 2875 2013 2928 de
2044 2873 2270 2945 l’empire
2306 2874 2370 2928 de
2413 2875 2620 2940 Rustic,
2667 2873 2729 2942 Il,
2775 2873 2880 2930 396
2918 2889 3026 2943 sq.;
3069 2874 3196 2928 coll.
3225 2873 3412 2938 Zeuss,
3447 2871 3542 2925 Die

1951 2966 2242 3022 Deutsc/ten
2273 2983 2325 3035 p.
2350 2967 2458 3023 4'52
2487 2983 2593 3036 sq.;
2627 2967 2829 3020 Castill.
2863 2967 3018 3034 Spec.
3053 2981 3183 3020 χχιιι
3215 2981 3296 3034 sq.
3339 2984 3357 3016 ι

2031 3057 2058 3128 §
2086 3059 2138 3113 8.
2173 3059 2427 3124 Quamvis
2453 3059 2665 3128 guthica
2698 3058 2872 3125 lingua
2895 3055 3051 3112 nobis
3076 3066 3284 3109 mature
3312 3055 3546 3108 extincta

1955 3149 2117 3204 fuerit
2159 3149 2382 3218 ejusque
2433 3150 2748 3202 litteratura:
2796 3147 3005 3202 nonnisi
3055 3146 3370 3216 paucissima
3405 3145 3540 3214 frag-

1953 3252 2135 3297 menta
2177 3241 2244 3296 ad
2279 3251 2377 3295 n‘os
2407 3255 2574 3309 usque
2605 3240 2965 3310 pervenerint,
2996 3253 3113 3307 qua;
3143 3249 3318 3291 tamen
3357 3250 3542 3305 super-

1952 3343 2082 3390 sunt
2118 3334 2332 3390 abunde
2363 3334 2656 3396 snfliciunt,
2683 3342 2743 3387 ut
2773 3330 2889 3401 ejus
2931 3331 3124 3400 lingua:
3153 3329 3392 3384 notitiam
3425 3342 3542 3395 per-

1951 3425 2306 3481 fectissimam
2363 3437 2767 3493 comparemus;
2819 3437 2884 3477 ex
2943 3421 3026 3475 his
3081 3421 3225 3475 enim
3277 3416 3542 3474 sermonis

1952 3519 2236 3584 thesauro,
2266 3516 2612 3579 formatione,
2636 3516 2929 3583 conspicua
2950 3529 3053 3584 qua
3081 3513 3132 3567 in
3161 3513 3263 3566 alia
3295 3511 3548 3566 idiomata

1949 3613 2176 3668 vertitur
2207 3611 2461 3666 facilitate
2487 3609 2738 3680 cognitis,
2775 3607 2900 3662 hinc
2938 3605 3337 3678 grammaticale
3366 3601 3543 3658 artiﬁ-

1951 3705 2098 3760 cium
2136 3712 2452 3758 construcre
2481 3717 2787 3772 possumus.
2815 3699 3082 3755 Caeterum
3124 3697 3389 3754 neminem
3418 3695 3548 3764 fugit

1954 3796 2226 3866 gothicam
2269 3793 2700 3864 grammaticam,
2746 3792 3114 3862 grammaticae
3157 3790 3544 3845 Germanorum

1955 3891 2226 3959 praecipue
2255 3902 2569 3957 congruere.

2028 4000 2046 4032 ι
2085 3980 2292 4035 Gothos
2323 3995 2426 4034 non
2457 3993 2579 4033 esse
2627 3977 2816 4032 rudem
2861 3976 3251 4042 barbaramque
3295 3981 3542 4042 gentem.

1952 4071 2026 4126 uti
2055 4071 2123 4126 de
2154 4071 2236 4126 his
2272 4080 2329 4125 et
2353 4070 2472 4125 aliis
2499 4070 2784 4125 Germanis
2813 4069 2938 4122 olim
2972 4067 3109 4120 fama
3152 4079 3270 4121 erat
3292 4083 3544 4137 nuncqus

1951 4172 2034 4218 est
2070 4162 2250 4229 hodie,
2286 4161 2395 4228 jam
2438 4161 2733 4215 Grintmius
2758 4158 2877 4230 (Gr.
2901 4173 3024 4212 vat
3055 4157 3141 4228 [1⁸
3170 4156 3347 4229 edit.])
3388 4174 3540 4213 com-

1951 4251 2230 4322 probavit;
2261 4265 2434 4319 neque
2464 4251 2516 4306 in
2563 4249 2887 4321 perficienda
2935 4249 3113 4319 lingua
3144 4263 3340 4318 segnes
3378 4247 3546 4304 fuisse

1951 4343 2066 4413 jam
2097 4343 2332 4398 confessi
2359 4351 2482 4396 sunt
2510 4342 2798 4397 mediolani
2832 4341 3143 4410 speciminis
3167 4341 3424 4408 editores,
3451 4343 3547 4410 qui

1951 4449 2007 4505 ι).
2040 4450 2112 4488 ιιι
2157 4443 2407 4489 asserunt
2452 4452 2471 4485 ι
2519 4442 2674 4488 etate
2722 4431 2896 4501 Ulﬁla
2938 4431 3224 4485 Gothorum
3261 4448 3544 4486 sermonem

1941 4531 2063 4599 jam
2104 4535 2303 4580 tantum
2348 4526 2530 4596 fuisse,
2557 4534 2615 4579 ut
2645 4541 2759 4578 cum
2797 4523 3094 4577 cultioribus
3121 4523 3309 4594 linguis
3350 4533 3545 4577 certare

1950 4628 2140 4689 posset.
2161 4635 2181 4670 ι
2228 4616 2400 4686 Hujus
2427 4625 2606 4671 tamen
2635 4615 2995 4670 confessionis
3017 4613 3152 4669 adeo
3179 4623 3363 4684 postea
3392 4615 3544 4672 obliti

1949 4717 2104 4773 sunt,
2149 4714 2209 4762 ut
2257 4706 2427 4776 Maius
2472 4706 2526 4760 in
2573 4705 2893 4776 praefatione
2923 4704 2993 4759 ad
3041 4713 3244 4759 tomum
3293 4714 3544 4761 octavum

1951 4815 2097 4853 nocte
2110 4797 2423 4852 collectionis
2442 4797 2747 4868 scriptorum
2761 4804 2982 4850 veterum
3005 4795 3200 4850 iterum
3224 4813 3244 4847 ι
3257 4796 3544 4850 barbariem

1956 4890 2147 4961 ιεηριιω
2175 4907 2195 4941 ι
2243 4888 2471 4959 gothicte
2497 4897 2907 4954 commemoret,
2955 4896 3008 4942 et
3053 4887 3450 4942 Castillionaeus
3487 4888 3542 4943 in

1951 4981 2391 5037 annotationibus
2419 4979 2486 5034 ad
2519 4980 2768 5050 paulinas
2793 4979 3046 5049 epistolas
3063 4993 3095 5032 a
3111 4992 3174 5034 se
3193 4977 3368 5034 editas
3397 4978 3538 5033 baud

1951 5074 2119 5128 semel
2164 5071 2542 5128 imbecillitatis
2586 5079 2641 5125 et
2679 5069 3105 5138 imperfectionis
3151 5079 3210 5123 ut
3253 5088 3272 5121 ι
3310 5069 3538 5140 linguam

1955 5167 2134 5220 rudem
2168 5184 2186 5217 ι
2221 5164 2522 5228 insimulet,
2559 5163 2724 5216 immo
2753 5162 2923 5216 semel
2952 5169 3160 5214 asserat
3186 5159 3272 5230 (ad
3301 5160 3538 5217 Timoth.

1951 5258 2018 5321 ll,
2043 5274 2113 5324 ιι,
2142 5257 2232 5326 l6)
2276 5255 2328 5308 in
2379 5253 2588 5324 gothica
2620 5253 2801 5320 lingua
2839 5267 2960 5308 esse
2994 5270 3014 5304 ι
3044 5267 3192 5305 usum
3224 5253 3341 5306 licet
3374 5269 3545 5322 per“

1953 5349 2249 5411 absurdum,
2277 5357 2444 5398 tamen
2469 5344 2684 5416 gotlticis
2709 5343 3037 5412 scriptoribus
3079 5353 3252 5412 utpote
3282 5344 3333 5396 in
3363 5343 3543 5411 lingua

1952 5441 2122 5493 adhuc
2171 5436 2288 5489 rudi
2342 5435 2478 5487 haud
2524 5434 2914 5502 infrequentem.
2966 5452 2985 5485 ι
3020 5433 3171 5488 Adeo
3225 5430 3540 5502 perdifﬁcile

1953 5537 2058 5592 est,
2115 5535 2172 5580 ut
2219 5523 2309 5594 qui
2352 5524 2541 5577 alienae
2567 5521 2742 5591 gentis
2777 5533 2860 5579 est
2900 5522 2968 5580 de
3015 5533 3200 5580 nostro
3241 5535 3488 5578 sermone
3512 5517 3549 5553 ⁸

2026 5661 2048 5693 ⁸
2075 5657 2410 5716 Germanico.
2441 5654 2656 5725 Interpr.
