4080 6196
519 280 625 336 895
649 297 653 302 ‘

521 403 673 449 recte
701 391 970 444 mstimare
1016 386 1201 456 poss't.
1234 383 1413 452 Neque
1451 381 1593 437 enim
1643 379 1874 448 gothica:
1919 374 2114 445 lingua:

527 483 662 538 vitio
699 481 836 535 verti
877 487 1087 548 potest,
1115 474 1254 546 quod
1299 471 1567 527 nonnullis
1595 468 1743 525 verbi
1789 466 1981 522 formis
2019 479 2111 520 ca-

527 583 674 637 reat,
703 571 895 640 quibus
939 570 1028 624 alii
1078 579 1356 634 sermones
1386 561 1651 632 gaudent,
1683 573 1805 614 cum
1835 573 1930 613 eas
1976 571 2104 611 con-

525 662 917 722 structiouibus
945 671 1050 715 tam
1084 659 1220 712 mire
1245 655 1522 724 suppleat,
1551 653 1722 706 multo
1749 651 1950 714 minus,
1977 646 2118 717 quod

528 752 744 822 propria
769 749 1026 806 vocabula
1073 746 1232 802 rebus
1274 754 1331 802 ct
1371 743 1505 800 ideis
1536 757 1642 796 non
1687 739 1989 804 escuserit,
2024 752 2118 807 po-

531 846 658 914 pulo
708 856 929 913 prorsus
982 840 1208 910 ignotis;
1263 836 1396 894 coll.
1437 834 1590 906 goth.
1629 833 1797 904 gloss.
1850 829 2002 900 praef.
2060 828 2119 884 Si

529 934 692 1002 igitur
735 946 916 987 sermo
946 929 1014 986 iis
1067 929 1302 999 indigeat
1331 926 1415 982 vel
1462 939 1662 996 pauper
1703 926 1776 978 sit
1822 919 2118 986 vocabulis,

528 1023 726 1091 quibus
774 1020 980 1078 marina
1030 1018 1402 1088 designentur,
1453 1029 1561 1072 non
1612 1024 1720 1069 tam
1759 1013 1955 1066 mirum
2001 1019 2120 1079 est,

528 1125 688 1181 quam
717 1109 942 1177 fuisset,
973 1108 1021 1166 si
1044 1123 1178 1178 gens
1202 1109 1304 1163 iter
1333 1122 1430 1178 per
1457 1119 1608 1162 mare
1634 1103 1850 1160 fecisset
1878 1102 2121 1173 marique

527 1205 718 1264 luisset
743 1213 987 1270 assueta;
1014 1201 1117 1258 sed
1147 1215 1344 1257 novum
1375 1206 1459 1256 est
1481 1197 1736 1252 indicium
1763 1195 1905 1266 quod
1931 1194 2001 1252 ab
2028 1209 2123 1247 an-

531 1297 694 1366 tiquis
719 1295 864 1352 dicta
909 1295 978 1351 de
1021 1293 1211 1350 Gothis
1252 1310 1282 1346 e
1331 1289 1693 1348 Scandinavia
1739 1285 2125 1356 emigrantibus

525 1401 828 1456 eorumque
869 1384 1297 1454 navigationibus
1327 1396 1475 1436 mera
1508 1380 1757 1449 figmenta
1801 1377 1909 1431 sint
1947 1385 2003 1432 et
2047 1374 2128 1430 fa-

528 1479 671 1533 bulae
694 1478 833 1548 (vid.
861 1491 1023 1547 supra
1052 1476 1082 1547 ᾗ
1114 1477 1190 1544 l).
1218 1476 1336 1542 Quo
1361 1475 1507 1529 enim
1537 1480 1694 1540 pacto
1723 1468 1906 1532 Gothi,
1938 1483 2124 1539 querno

529 1570 818 1623 admodum
859 1568 1310 1637 sep'entrionales
1351 1574 1540 1635 gentes
1577 1579 1672 1617 sua
1704 1561 1964 1632 skipbrot,
1997 1559 2126 1614 skib-

529 1663 696 1726 brud,
727 1661 1076 1732 skeppsbrote,
1115 1659 1186 1713 ita
1212 1657 1519 1729 skipabruka
1551 1672 1655 1710 non
1693 1653 2017 1709 formassent
2037 1692 2054 1718 ,
2077 1651 2126 1707 si

529 1769 648 1807 rem
680 1753 827 1821 prius
853 1748 1264 1821 cognovissent?
1305 1749 1572 1804 Praeterea
1607 1747 1873 1802 mirumne
1913 1744 2008 1800 ulli
2047 1744 2129 1799 vi-

533 1847 652 1900 deri
683 1854 886 1913 posset,
917 1844 1059 1912 quod
1099 1842 1263 1899 Gothi
1307 1842 1512 1897 nullum
1555 1839 1872 1895 vocabulum
1915 1853 2012 1907 pro
2040 1854 2129 1892 nr-

541 1949 659 2010 pote
687 1936 950 2002 habeant,
980 1935 1123 1992 hunc
1171 1950 1267 2004 per
1311 1934 1465 1990 barue
1515 1935 1676 1988 burna
1733 1931 2128 2000 exprimentes?

545 2029 701 2083 Nullo
730 2028 875 2085 enim
905 2027 1012 2082 alio
1042 2025 1203 2082 modo
1229 2025 1562 2091 significatur
1592 2023 1732 2093 apud
1780 2030 1992 2077 veteres
2023 2020 2129 2075 liu-

537 2135 710 2191 guas:
744 2133 852 2174 vet.
882 2132 1037 2174 norv.
1079 2119 1401 2184 baruaborn,
1431 2116 1560 2172 dan.
1602 2116 1944 2180 bmrnebaarn,
1977 2127 2126 2167 suec.

536 2212 816 2276 borabam,
837 2223 944 2266 vet.
970 2225 1090 2280 sup.
1113 2225 1285 2280 germ.
1308 2208 1676 2262 cnindeschind
1695 2250 1709 2275 ,
1734 2206 1920 2260 chindo
1942 2203 2126 2268 chind;

537 2307 700 2362 etiam
733 2305 872 2373 apud
900 2317 1012 2358 rec.
1041 2316 1161 2370 sup.
1197 2317 1369 2371 gi‘rm.
1393 2300 1770 2366 kindeskinder,
1798 2307 1854 2354 et
1872 2310 2131 2369 cognatos

539 2409 852 2460 sermones;
881 2394 1007 2463 quin
1039 2393 1204 2449 immo
1233 2392 1374 2462 apud
1406 2392 1692 2448 llomerum
1722 2391 1893 2459 nepoti
1923 2390 2126 2442 nullum

543 2491 703 2540 datur
751 2501 1022 2554 propr.um
1069 2484 1421 2550 vocabulum,
1460 2482 1555 2539 sed
1602 2480 1985 2552 mquivalenter
2033 2494 2132 2533 ex-

465 2563 480 2582 ⁶
541 2578 792 2647 primitur
814 2593 829 2630 :
852 2575 1044 2633 παίδων
1063 2573 1266 2635 παῖδες.
1289 2573 1408 2629 Jam
1427 2587 1560 2627 vero
1580 2588 1644 2629 es
1670 2587 1736 2626 eo
1752 2569 1894 2640 quod
1917 2569 2129 2640 gothica

545 2671 725 2737 lingua
783 2668 1070 2723 verborum
1123 2666 1189 2722 ad
1244 2665 1463 2722 civilem
1527 2665 1688 2720 vitam
1747 2663 2129 2732 pertinentium

541 2760 722 2828 inopia
752 2758 981 2826 laboret,
1010 2757 1192 2813 Mansn
1217 2756 1540 2828 (OsIgotlten,
1571 2757 1693 2824 155)
1723 2753 1925 2810 Gothos
1954 2752 2007 2806 in
2037 2751 2134 2806 Ita-

542 2851 609 2904 lic
644 2850 832 2918 pedem
863 2866 966 2904 non
999 2850 1213 2904 firmum
1254 2847 1494 2917 posuisse
1523 2847 1710 2909 infert;
1742 2845 1836 2900 sed
1870 2843 1972 2898 hoc
2011 2853 2130 2897 tau-

542 2952 654 2996 tum
685 2943 874 2998 deduci
899 2951 1105 3012 potest,
1131 2941 1272 3010 quod
1319 2938 1509 3007 Gothi,
1534 2954 1667 3008 gens
1697 2935 1936 2991 candidis
1967 2935 2132 3007 morie-

545 3035 643 3086 hus
697 3041 914 3087 assueta
964 3031 1213 3101 facilique
1260 3031 1486 3100 imperio
1539 3028 1810 3097 subjecta,
1857 3042 1962 3080 non
2011 3041 2132 3081 eam

544 3123 778 3184 linguam
795 3121 1209 3190 haberent,qu
1229 3120 1590 3175 llornanorum
1618 3119 1884 3174 licentiam
1905 3129 1959 3174 et
1980 3119 2129 3190 vitia,

545 3215 645 3269 dec
670 3231 738 3269 .ra
763 3225 818 3270 ct
848 3214 1100 3269 indecora
1130 3228 1296 3283 prope
1339 3213 1546 3266 infinita
1577 3212 1982 3280 omnigenorum
2013 3226 2132 3264 mu-

545 3323 735 3360 nerum
764 3306 1067 3374 exprimere
1097 3305 1378 3373 potuisset.
1424 3304 1500 3360 De
1541 3313 1762 3369 caetero,
1794 3302 1936 3372 quod
1986 3311 2133 3358 certe

550 3396 734 3463 negari
781 3397 997 3464 nequit,
1025 3395 1070 3450 si
1123 3395 1298 3450 adhuc
1329 3393 1806 3463 Longohardotum
1847 3408 2026 3447 sermo
2064 3392 2132 3447 ad

545 3485 878 3540 efl‘ormanda
911 3485 1130 3540 nomina
1169 3499 1306 3554 pene
1352 3483 1704 3538 immtneralia
1734 3497 2012 3537 munerum
2039 3496 2136 3552 ap-

547 3587 635 3632 tus
673 3584 788 3642 est,
819 3591 919 3632 cur
961 3574 1100 3632 hanc
1135 3575 1494 3646 aptitudinem
1521 3586 1577 3631 ct
1607 3572 1864 3630 Gothieus
1902 3591 2009 3629 non
2043 3575 2138 3629 ha-

547 3667 749 3722 buisset
764 3668 786 3722 Ἰ

547 3818 550 3821 -
623 3799 644 3833 s
685 3782 741 3836 In
770 3797 839 3837 eo
864 3782 1081 3853 gothica
1121 3783 1304 3852 lingua
1330 3781 1671 3852 potissimum
1712 3788 1962 3851 praestat,
1993 3779 2136 3850 quod

547 3873 864 3943 synonymis
899 3871 1161 3926 ditissima
1191 3874 1290 3935 sit;
1327 3872 1582 3926 vo-abula
1627 3886 1714 3926 res
1755 3881 1810 3926 et
1845 3872 1994 3926 ideas
2022 3887 2138 3926 orn-

549 3965 681 4018 nino
712 3980 878 4018 novas
907 3965 1264 4033 exprimentia
1309 3966 1595 4020 ell‘ormare
1635 3967 1834 4034 possit;
1870 3967 2139 4032 possideat

553 4056 853 4127 completas
874 4057 1136 4113 llectionis
1156 4057 1379 4125 formas,
1395 4067 1452 4112 et
1470 4068 1866 4128 consequenter
1881 4074 1941 4112 ea
1966 4069 2138 4114 trans-

549 4147 788 4216 ponendi
826 4146 1082 4203 vocabula
1124 4149 1376 4204 facultate
1407 4150 1672 4219 gaudeat,
1707 4164 1808 4219 qua
1829 4191 1846 4216 ,
1879 4149 2141 4216 prosaicis

545 4239 863 4295 auctoribus
884 4243 1162 4296 audaciam
1191 4242 1566 4296 sasonicorum
1597 4252 1653 4296 et
1680 4241 1974 4297 borealium
2006 4257 2137 4310 poeo

552 4341 729 4389 tarum
773 4331 1094 4389 habentibus
1139 4331 1268 4404 (Gr.
1293 4332 1388 4389 Gr.
1415 4333 1504 4399 IV,
1533 4334 1668 4399 552,
1708 4332 1833 4388 coll.
1873 4333 1944 4396 II,
1986 4332 2136 4402 920),

549 4437 725 4496 poene
755 4427 949 4498 gnthici
969 4468 984 4490 .
1010 4429 1113 4483 sub
1141 4428 1245 4484 isto
1281 4431 1473 4484 saltem
1503 4438 1780 4498 respectu,
1815 4445 2000 4499 parum
2028 4432 2139 4486 sint

549 4522 924 4588 desiderandi;
969 4523 1406 4594 orthographiam
1449 4522 1643 4578 habeat
1691 4522 1828 4578 adeo
1875 4523 2137 4584 determie

552 4623 757 4681 natam,
787 4623 843 4668 ut
868 4614 1158 4670 scribentis
1179 4615 1402 4670 arbitrio
1431 4615 1560 4670 nihil
1587 4616 1852 4686 relinquat
1876 4614 2140 4672 delinien—

549 4709 718 4772 dum;
750 4707 984 4777 denique
1013 4708 1206 4762 aliena:
1249 4707 1565 4764 litteratura:
1590 4709 1820 4778 scripta,
1855 4709 2021 4764 immo
2045 4709 2140 4763 ab-

549 4808 781 4852 stractas
810 4799 1102 4854 sententias
1132 4801 1186 4853 in
1213 4813 1275 4854 se
1303 4799 1556 4856 facillime
1581 4801 1822 4856 converti
1850 4800 1993 4856 sinat
2017 4801 2134 4870 (Gr.

553 4888 651 4946 Gr.
674 4904 795 4944 sui
822 4887 904 4943 ἰι
924 4888 1109 4962 edit.];
1137 4901 1318 4944 nostra
1344 4891 1580 4960 prolcgg:
1604 4891 1672 4945 ad
1698 4892 1956 4964 Ulﬁlam).
1986 4892 2138 4950 Unde

548 4979 694 5049 quod
724 4979 864 5045 lhre,
891 4978 1069 5035 Gloss.
1094 4979 1318 5050 Suigoth
1347 4981 1403 5047 Ι,
1438 4980 1509 5036 29
1537 4981 1704 5034 dicit:
1739 5000 1758 5034 α
1795 4982 2024 5053 linguam
2046 5000 2142 5054 go-

553 5072 744 5126 tnimm
786 5073 916 5128 adeo
953 5074 1146 5128 cultam
1189 5082 1236 5128 et
1280 5073 1583 5128 concinnam
1620 5089 1751 5142 esse,
1783 5083 1840 5128 ut
1885 5076 2141 5148 elegantia

549 5165 717 5234 nulli,
743 5183 805 5221 ne
828 5181 1008 5237 gemet:
1031 5168 1234 5240 quidem
1255 5176 1304 5222 et
1329 5167 1504 5221 latinae
1530 5166 1808 5237 quidquam
1830 5167 2092 5233 concedat,
2115 5185 2134 5221 ι

553 5273 738 5314 verum
763 5266 873 5324 est,
901 5260 1080 5329 quoad
1096 5259 1437 5329 principium,
1454 5259 1632 5330 quoad
1656 5272 1783 5315 vero
1801 5260 2138 5314 consecutio-

551 5367 701 5414 nem.
734 5351 911 5420 lingua
941 5351 1141 5406 diutius
1169 5354 1404 5418 vivente,
1459 5366 1642 5406 verum
1693 5349 1809 5406 fieri
1853 5351 2134 5422 potuisset.

629 5462 647 5495 ι
685 5443 874 5501 Utrum
918 5442 1133 5512 gothica
1179 5443 1358 5514 lingua
1387 5445 1458 5498 sit
1486 5444 1662 5513 reipsa
1690 5443 1906 5512 cognitu
1953 5442 2023 5497 ita
2055 5441 2136 5496 fa-

550 5537 690 5600 cilis,
729 5546 786 5590 nt
833 5534 1001 5606 Majas
1039 5547 1094 5591 et
1137 5536 1531 5591 Castillionaaus
1579 5535 1748 5591 semel
1791 5543 2139 5591 assa-ruerunt

551 5629 729 5696 (ερας.
752 5629 816 5684 Vl
850 5646 866 5684 :
906 5649 927 5682 ι
964 5646 1124 5700 neque
1166 5631 1435 5700 ulphilana
1479 5630 1658 5698 lingua
1696 5628 2005 5699 perdifﬁcilis
2033 5639 2134 5692 α’,

550 5734 710 5789 neque
751 5726 862 5792 ejus
902 5725 1172 5794 primorem
1203 5732 1434 5778 normam
1477 5721 1635 5781 quivis
1679 5721 1832 5775 etiam
1873 5721 1982 5777 sine
2022 5735 2132 5773 ma-

1582 257 2042 321 GBAMMATICA
2070 253 2399 313 ϐοτιιιωε
2437 253 2737 313 ιιΝςυΑε.

3706 244 3810 301 8υῦ

2227 370 2384 440 gistro
2413 387 2516 424 non
2560 370 2694 426 breri
2724 367 3007 438 obtinebit),
3036 383 3067 424 e
3095 367 3284 437 majori
3303 369 3576 423 minorive
3623 373 3804 440 cogni-

2223 463 2386 530 tione,
2417 477 2576 533 quam
2603 477 2918 530 comparare
2955 461 3108 528 velis,
3155 443 3530 532 consequitur;
3580 462 3684 516 hoc
3728 473 3829 526 ta»

2225 567 2344 608 men
2375 552 2514 608 bene
2543 563 2878 622 compertmn
2907 552 3125 618 habeas,
3148 551 3289 621 quod
3322 554 3606 621 plusquam
3631 557 3807 624 cogni-

2221 644 2369 700 tione
2417 642 2664 700 inchoata
2712 658 2847 712 opus
2895 652 3015 712 est,
3067 651 3125 696 ut
3175 642 3294 716 quis
3339 657 3469 698 satia
3519 655 3700 699 mente
3741 645 3808 700 de

2221 740 2436 809 gothico
2459 753 2712 796 sermone
2731 737 2974 808 judicare
3000 737 3187 808 possit.

2289 855 2315 926 §
2340 854 2531 922 9.0M:
2542 853 2951 925 grammaticales
2962 851 3320 907 annotationes
3329 849 3399 906 de
3411 849 3587 920 lingua
3599 849 3810 918 gotbica

2222 948 2338 1003 sive
2361 962 2392 1002 a
2413 945 2686 1002 veteribus
2711 944 2826 1000 sive
2844 958 2874 998 a
2896 941 3285 999 recentioribus
3309 941 3634 1007 conscripta:
3663 950 3810 1002 sunt,

2222 1054 2314 1094 eas
2338 1038 2517 1094 retulit
2537 1037 2908 1092 Massmannus
2928 1034 3010 1106 (in
3033 1034 3245 1103 Hauptii
3260 1032 3653 1102 Zeiucltriftfur
3664 1034 3814 1085 desu-

2222 1130 2376 1182 sclien
2402 1127 2694 1182 Altertlnnn
2715 1127 2756 1189 Ι,
2779 1125 2887 1181 298
2912 1124 3091 1196 sqq.);
3113 1139 3234 1194 qua:
3255 1137 3384 1178 vero
3403 1123 3756 1194 grammatice
3781 1135 3815 1176 e

2224 1219 2480 1290 peculiari
2509 1229 2693 1275 textus
2730 1217 2931 1274 ulfilani
2959 1217 3138 1272 studio
3165 1215 3234 1294 ab
3260 1224 3419 1269 aetate
3445 1215 3590 1270 Junii
3625 1213 3814 1284 vulga-

2225 1321 2293 1367 ta:
2320 1322 2442 1366 sunt
2461 1351 2479 1378 ,
2506 1325 2599 1365 eas
2629 1309 2777 1366 Zahn
2821 1307 3140 1379 (Einleitung
3166 1321 3279 1360 sum
3309 1304 3498 1374 Ulﬁlas
3529 1321 3580 1373 ιι.
3603 1305 3667 1360 6|
3700 1305 3830 1373 sq.)

2225 1402 2692 1468 commemoravit,
2735 1415 2836 1455 suo
2892 1399 3053 1455 modo
3091 1396 3410 1468 dijudicans.
3449 1395 3818 1452 Grammatica

2226 1511 2346 1565 qua:
2380 1495 2545 1564 prima
2577 1494 2735 1564 hujus
2759 1493 2991 1549 nominis
3020 1507 3129 1548 non
3152 1491 3365 1560 indigna
3391 1490 3511 1554 fuit,
3535 1500 3814 1542 auctorem

2233 1585 2416 1641 habuit
2447 1585 2686 1651 Fuldan;
2730 1585 2958 1654 primum
2988 1598 3118 1636 vero
3156 1595 3305 1635 sana:
3330 1581 3592 1634 doctrina:
3619 1593 3823 1648 corpus

2225 1678 2278 1734 in
2306 1679 2605 1750 germanica
2632 1663 2979 1748 grammatica
2999 1675 3247 1731 Grimmii
3274 1671 3530 1743 reperies.

2305 1790 2324 1823 ι
2363 1771 2438 1825 De
2468 1768 2733 1839 indigenis
2759 1767 3061 1824 Gothorum
3110 1765 3477 1835 grammaticis
3516 1780 3623 1818 non
3661 1763 3824 1818 novi-

2227 1875 2377 1924 mus;
2409 1869 2464 1914 et
2490 1858 2706 1914 aliunde
2731 1872 2911 1912 sermo
2955 1855 3220 1911 brevioris
3258 1854 3354 1907 fuit
3387 1853 3535 1914 Vitr,
3567 1867 3732 1919 quam
3764 1861 3827 1906 ut

2227 1949 2586 2020 corruptionis
2617 1948 2911 2018 periculum
2954 1945 3104 2000 adire
3135 1943 3397 2013 potuerit,
3443 1942 3826 2010 indigenarum

2228 2041 2700 2113 grammaticarum
2761 2053 2979 2094 causam
3046 2036 3496 2092 communiorem.
3553 2033 3827 2086 Gothicus

2227 2134 2543 2203 alphabetus
2586 2131 2969 2198 nonnullmque
3002 2128 3202 2198 regula:
3238 2125 3304 2180 ad
3346 2124 3828 2180 determiuandam

2227 2222 2582 2294 quorumdam
2608 2236 2862 2277 sonorum
2892 2220 3243 2290 prolationem
3275 2216 3448 2286 primo
3473 2213 3830 2267 inueniuntur

2230 2315 2371 2384 apud
2403 2316 2672 2370 uiennense
2700 2313 3103 2381 manuscriptum
3135 2308 3453 2377 (.llemhran.
3487 2304 3695 2359 Salisb.
3724 2304 3824 2358 Nr.

2231 2405 2356 2470 140,
2380 2405 2506 2460 olim
2551 2402 2746 2459 Salisb.
2778 2402 2831 2457 7i
2871 2399 2965 2454 fol.
2992 2398 3110 2467 20),
3141 2397 3282 2465 quod
3314 2393 3479 2450 Wiih.
3526 2393 3831 2448 Gritnmius

2231 2494 2344 2566 (45⁸⁸
2377 2506 2521 2549 ιοωο
2549 2490 2870 2547 Jarhbuclter
2897 2491 2981 2558 [ur
3011 2488 3302 2550 Literntur,
3321 2502 3372 2554 p.
3398 2485 3431 2539 5
3452 2482 3604 2552 sqq.)
3647 2483 3840 2550 primo

2235 2588 2433 2653 edidit,
2466 2587 2533 2642 de
2559 2602 2666 2656 quo
2698 2584 2804 2642 vid.
2831 2584 3232 2637 Massmannum
3261 2579 3300 2631 l.
3325 2577 3362 2632 Ι.
3395 2574 3499 2631 9.96
3523 2590 3657 2644 sqq.

2309 2697 2327 2730 ι
2357 2678 2536 2732 Tuma
2555 2675 2911 2730 Bonaventura
2939 2671 3192 2726 Vulcania
3216 2668 3456 2737 vulgatus
3475 2675 3558 2721 est
3581 2665 3844 2731 Lbellus,

2234 2780 2454 2826 auctore
2483 2783 2777 2838 anonymo,
2809 2768 2911 2819 hoc
2940 2762 3156 2818 nomine
3200 2759 3530 2828 inscriptus:
3565 2755 3646 2810 De
3690 2755 3848 2808 liuet

2233 2862 2304 2914 ris
2335 2871 2380 2915 et
2411 2861 2589 2930 lingua
2623 2856 2869 2911 Getarum
2907 2855 3010 2908 sive
3048 2851 3362 2913 Gothorum;
3403 2848 3486 2902 cui
3533 2845 3851 2915 adjunctus-

2236 2959 2318 3005 est
2346 2947 2802 3005 Commentariolus
2828 2945 2891 2999 de
2921 2944 3100 3013 lingua
3125 2942 3381 3012 gottln'ca,
3411 2936 3629 3007 Leyden
3667 2935 3846 2999 1597,

2237 3039 2345 3094 vid.
2373 3040 2766 3094 Massmaunum
2791 3035 2828 3088 l.
2852 3034 2889 3088 ι.
2913 3033 3010 3087 5ιὶ
3041 3047 3188 3101 sqq.,
3210 3029 3301 3098 qui
3333 3027 3587 3081 nonnulla
3618 3040 3652 3080 e
3680 3035 3850 3079 textu-

2235 3140 2488 3200 excerpta
2516 3136 2572 3182 et
2607 3123 2983 3180 annotatiOnes
3032 3121 3083 3175 in
3113 3119 3399 3174 nommllas
3444 3115 3655 3170 litteras
3699 3131 3851 3169 non:

2238 3223 2616 3289 nullorumque
2645 3217 2906 3272 vocalium
2937 3223 3136 3270 rectam
3166 3209 3520 3281 prolationem
3550 3208 3839 3264 continet:

2235 3315 2378 3370 idem
2412 3311 2572 3368 etiam
2610 3310 2848 3366 invenire
2885 3315 2968 3362 est
3005 3306 3058 3360 in
3106 3302 3345 3358 Gruterii
3382 3300 3840 3366 inscriptionibus.

2315 3425 2334 3460 ι
2357 3408 2421 3463 G.
2451 3405 2668 3470 Hickes,
2684 3405 2762 3457 ins
2786 3404 3025 3457 itutiones
3044 3399 3395 3471 grammaticus
3409 3394 3842 3465 uliglosaxonica:

2235 3507 2284 3553 et
2315 3497 2702 3568 mwsogothicw,
2723 3491 2947 3556 Oxford,
2978 3489 3117 3545 1689
3138 3530 3151 3551 .
3181 3489 3216 3544 4
3249 3488 3386 3552 vol.,
3412 3501 3644 3554 quorum
3666 3487 3842 3553 "prius

2237 3588 2556 3656 Linguarum
2581 3595 2803 3640 ueterum
2831 3578 3303 3652 septentrionalium
3334 3576 3661 3631 Thesaurun'.
3692 3575 3843 3645 ejus-

2235 3683 2360 3738 dem
2390 3680 2625 3736 auctoris
2653 3678 2916 3742 continet,
2945 3689 3081 3745 opus
3126 3672 3319 3728 iterum
3366 3668 3596 3734 editum,
3626 3667 3842 3724 Oxford

2241 3773 2400 3838 1705,
2430 3773 2467 3827 2
2501 3771 2612 3825 vol.
2643 3769 2738 3824 fol.

2317 3885 2336 3918 ‹
2368 3864 2615 3920 Lamhcrt
2645 3871 2733 3916 ten
2777 3857 2929 3924 Kate,
2958 3855 3338 3924 Gemeenscllap
3376 3863 3549 3908 tussen
3593 3851 3661 3908 de
3706 3851 3844 3928 Got-

2239 3960 2398 4016 tische
2451 3959 2684 4028 Spractte
2727 3970 2791 4009 en
2844 3953 2907 4007 de
2958 3947 3432 4011 Nederduistsche,
3484 3945 3844 4000 Amsterdaus

2241 4054 2404 4120 “l0,
2431 4052 2488 4106 4.

2316 4162 2335 4196 ι
2375 4143 2528 4198 Edw.
2560 4140 2694 4212 Lye,
2718 4138 3056 4212 grammatica
3098 4135 3302 4207 gathica
3321 4175 3337 4199 ,
3368 4133 3524 4202 cuius
3552 4131 3611 4186 in
3643 4132 3841 4200 prmia.

2232 4238 2386 4292 tione
2421 4235 2705 4290 Sacrorum
2751 4230 3126 4301 euangeliorum
3164 4228 3327 4282 uersio
3368 4224 3576 4298 gothica
3617 4223 3838 4278 indocta

2232 4336 2325 4382 est
2350 4326 2419 4381 ab
2441 4325 2649 4382 editore
2695 4322 2969 4387 Benzelio,
2996 4318 3197 4375 Oxford
3247 4319 3410 4377 1750.
3436 4316 3468 4370 ι
3496 4317 3606 4370 vol.
3643 4333 3703 4385 p.
3738 4317 3838 4371 59-

2240 4419 2346 4484 6$;
2379 4417 2537 4484 hujus
2563 4414 2926 4486 grammaticas
2950 4410 3299 4467 summarium
3321 4416 3408 4464 est
3430 4407 3550 4462 0w.
3581 4406 3840 4474 hlanning

2241 4508 2592 4564 Grammaticas
2627 4504 3081 4577 (Anglosaazonica
3126 4505 3200 4572 et)
3231 4499 3628 4570 Mazsogothica,
3680 4499 3844 4566 cuius

2243 4607 2350 4661 lum
2365 4605 2471 4659 vol.
2498 4602 2870 4657 Dictionarium
2891 4601 3164 4655 saxonico-
3191 4607 3238 4652 et
3253 4595 3727 4669 gaudeo-latinum,
3740 4609 3843 4648 au-

2243 4707 2392 4752 ctore
2423 4696 2551 4766 Lye,
2576 4695 2836 4760 continet,
2851 4693 2920 4747 ab
2941 4690 3132 4746 eodem
3153 4689 3406 4757 Manning
3427 4686 3588 4752 edit.,
3608 4686 3842 4741 London

2243 4789 2402 4852 1772,
2433 4789 2469 4841 2
2494 4787 2600 4841 vol.
2629 4786 2723 4841 fol.

2317 4899 2338 4934 ι
2377 4880 2466 4936 Fr.
2495 4879 2618 4934 Karl
2665 4877 2830 4933 Fnlda
2849 4917 2866 4942 ,
2898 4871 3238 4943 Ufﬁfanisclte
3285 4869 3663 4944 Sprachlehre,
3692 4870 3746 4925 in
3774 4867 3838 4924 2'

2242 4976 2350 5029 vol.
2382 4973 2568 5042 Ulﬁlas
2597 4988 2628 5026 a
2657 4971 2861 5025 Zalmio
2886 4968 3062 5025 editus
3090 4983 3146 5038 p.
3179 4966 3330 5022 L62.

2319 5086 2339 5121 ι
2375 5066 2423 5122 .Ι.
2456 5065 2684 5133 Grimm,
2709 5061 2964 5116 Deutsche
2989 5054 3636 5124 Grammatik,Gottingen
3670 5054 3832 5116 1819.

2241 5159 2306 5214 2⁸
2332 5159 2486 5222 edit,
2510 5157 2544 5210 4
2566 5155 2695 5220 voL;
2727 5155 2851 5208 its-nt
2881 5150 3112 5206 1822-37
3133 5165 3148 5212 ;
3173 5149 3239 5202 '5"
3264 5148 3394 5202 edit.
3417 5186 3432 5210 ,
3466 5145 3490 5197 |
3523 5145 3634 5200 Vol.
3668 5143 3838 5206 18401

2317 5269 2338 5303 r
2379 5252 2452 5305 De
2497 5247 2812 5318 prolationis
2853 5254 2906 5297 et
2952 5243 3240 5296 formarum
3285 5238 3534 5292 doctrina
3559 5233 3836 5288 notandus

2242 5356 2324 5402 est
2349 5345 2409 5400 Ρ.
2436 5344 2602 5412 Bopp,
2638 5337 3035 5409 Vcryleichende
3074 5329 3415 5397 Grammatik,
3449 5327 3632 5384 Berlin
3665 5325 3836 5383 £853-

2240 5437 2332 5506 62,
2364 5438 2398 5492 4
2426 5445 2560 5505 part.

2318 5548 2338 5582 s
2377 5530 2451 5583 De
2480 5524 2856 5595 blonographia
2887 5517 3139 5576 laudandi
3171 5523 3339 5572 sunt:

2317 5639 2338 5674 ι
2389 5620 2512 5675 Joh.
2565 5633 2667 5671 von
2723 5615 2874 5682 lhre,
2916 5612 2992 5665 De
3043 5608 3202 5664 rerbis
3248 5601 3728 5673 Hcesogothorum,
3768 5596 3831 5652 in

2247 5712 2551 5783 Buschingii
2593 5707 2908 5775 collectione
2953 5702 3275 5768 Scriptorum
3318 5696 3600 5754 versionem
3642 5687 3826 5747 καίει.-
