4080 6196
527 351 639 410 899

612 487 634 520 s
671 467 786 522 lam
819 477 947 518 vero
976 461 1020 517 si
1047 459 1166 530 quis
1196 458 1397 526 absque
1424 452 1650 523 partium
1674 448 1850 502 studio
1878 443 2122 514 gothicas

535 559 742 613 litteras
762 553 1202 614 consideraverit,
1221 559 1539 618 persuasum
1565 540 1782 596 habebit
1797 538 1862 591 ad
1885 549 2118 606 graecum

539 643 881 710 alphabetum
917 639 1224 705 pertinere:
1261 633 1328 700 ᾖ,
1351 638 1415 699 Β,
1439 632 1508 700 I‘,
1541 631 1582 686 (Ξ
1604 673 1619 697 ,
1653 633 1739 698 Z,
1765 633 1808 700 I,
1839 633 1908 699 ll,
1933 631 2003 698 λ,
2031 631 2115 702 Μ,

541 733 614 795 Ν,
646 732 721 796 Π,
749 729 813 799 Τ,
838 731 903 802 Υ,
933 729 998 794 Ω,
1024 726 1100 792 Χ;
1131 728 1197 780 ad
1219 727 1480 781 latinum:
1520 724 1594 791 λ,
1630 724 1701 791 U,
1742 726 1807 792 h,
1841 725 1904 796 μ,
1949 724 2008 790 S,
2061 725 2118 797 Ρ,

535 827 609 880 ita
635 834 840 886 tamen,
867 821 924 876 ut
946 836 974 873 e
1001 818 1266 889 prioribus
1287 817 1466 886 plures
1487 815 1648 868 etiam
1677 811 1856 864 latina:
1879 817 2004 870 smt,
2029 816 2118 859 ut:

546 928 605 986 εὶ,
634 919 696 982 Β,
738 912 778 966 (Ξ
803 954 819 976 ,
843 911 886 975 I,
921 910 990 974 R,
1022 909 1102 971 N,
1133 905 1214 972 '1‘;
1242 905 1309 960 ad
1356 903 1629 974 gothicum
1663 899 1877 954 tandem
1909 895 2126 986 proprie

535 982 803 1077 spectant,
850 1003 932 1055 sin
984 1000 1176 1060 forma,
1205 996 1398 1051 saltem
1430 993 1858 1064 signiﬁcatione:
1898 987 1961 1060 ῴ
1991 995 2044 1042 et
2081 982 2128 1040 Θ

537 1113 568 1152 e
589 1095 780 1166 graecis
801 1104 842 1146 Ψ
862 1100 916 1147 et
939 1101 1002 1154 8;
1025 1089 1076 1152 α
1096 1098 1146 1142 ct
1170 1089 1218 1143 ll
1249 1101 1280 1140 e
1301 1085 1481 1140 latinis
1505 1082 1549 1137 G
1573 1091 1627 1138 et
1650 1091 1711 1147 n;
1735 1083 1781 1136 si
1807 1080 1922 1134 haec
1944 1077 2125 1133 ultima

538 1191 714 1244 littera
764 1187 948 1240 formae
996 1183 1174 1235 latiore
1221 1177 1421 1234 cursivi
1471 1193 1506 1231 n
1553 1174 1731 1230 minus
1771 1177 2123 1240 congrueret,

539 1289 796 1336 extranea
823 1291 945 1331 esse
972 1281 1152 1342 posset
1179 1270 1265 1324 vel
1300 1267 1480 1321 forsan
1511 1265 1756 1332 indigena
1785 1262 1917 1333 (vid.
1946 1260 1974 1332 ᾗ
2012 1260 2121 1330 12).

541 1371 750 1426 Ilunico
779 1377 957 1421 autem
985 1362 1118 1417 nihil
1162 1367 1410 1416 remanet
1436 1352 1874 1412 adscribendum.
1922 1351 2126 1407 Ollensi

541 1468 666 1516 sunt
711 1458 888 1525 plures
929 1469 997 1509 ex
1036 1467 1102 1507 eo
1139 1448 1283 1518 quod
1316 1447 1504 1502 Ullilas
1534 1459 1600 1500 ex
1630 1442 1856 1498 arbitrio
1881 1441 2126 1511 qumdam

543 1550 694 1619 signa
719 1546 950 1614 elegisse
973 1548 1342 1600 assereretur;
1369 1534 1462 1590 sed
1486 1531 1679 1588 merito
1699 1531 1920 1600 cogitari
1953 1537 2130 1598 potest

543 1653 666 1695 eutn
715 1632 979 1704 imprimis
1021 1628 1288 1690 voluisse,
1339 1636 1395 1678 ut
1442 1637 1552 1678 suae
1601 1623 1794 1691 lingua:
1840 1619 1959 1674 soni
2002 1634 2128 1673 cum

543 1727 732 1784 alienis
787 1725 955 1793 signis
1013 1735 1173 1790 quam
1238 1716 1470 1771 maxime
1529 1720 1920 1782 congruerent;
1970 1725 2132 1779 porro

546 1815 862 1886 quihusdam
885 1809 1288 1865 characteribtm
1305 1805 1454 1859 sonis
1475 1818 1580 1858 non
1604 1801 2052 1872 reSpondentibus
2078 1811 2134 1855 et

547 1907 669 1961 aliis
713 1903 1052 1959 sermonibus
1094 1897 1380 1952 nonnullos
1423 1909 1586 1949 sonos
1625 1893 1842 1962 gmhico
1883 1891 2134 1962 praprios

551 2013 658 2053 non
702 1993 1040 2056 habentibus,
1073 1989 1189 2042 lucc
1231 1988 1381 2056 signa
1431 1986 1667 2054 legitime
1715 2001 1812 2051 pro
1853 1984 2006 2038 hbitu
2034 1997 2134 2038 suo

550 2087 781 2145 mutuari
812 2084 1014 2154 potuit,
1048 2082 1100 2135 in
1134 2081 1236 2134 hoc
1266 2078 1440 2148 potius
1472 2075 1769 2130 laudandus
1797 2089 1959 2140 quam
1992 2077 2135 2130 vitu-

550 2176 838 2249 perandus.
864 2172 1033 2227 Etiam
1059 2170 1109 2223 in
1127 2165 1430 2238 quaerendis
1451 2165 1854 2220 characteribus
1869 2165 1934 2219 ad
1955 2176 2135 2221 certos

551 2285 714 2326 sonos
756 2263 1176 2322 accommodatis
1213 2262 1389 2316 conati
1421 2269 1547 2315 sunt
1587 2259 1889 2314 Simonides
1915 2269 1967 2314 et
2010 2259 2138 2328 Epi-

551 2363 801 2417 charmos
852 2373 949 2426 pro
989 2370 1167 2425 grzeco
1197 2353 1503 2422 alphabeto,
1530 2351 1710 2406 Caesar
1737 2350 2006 2418 Claudius,
2039 2366 2137 2418 pro

553 2456 720 2510 latino
757 2452 887 2522 (rid.
919 2447 1234 2512 Schneider,
1261 2443 1626 2498 Formenlehre
1646 2444 1738 2496 der
1782 2445 1874 2496 lat.
1907 2443 2139 2510 Spracltc

554 2547 598 2612 I,
631 2549 665 2602 4
692 2543 864 2614 sqq.),
914 2542 1282 2610 Chilpericus,
1331 2553 1426 2606 pro
1472 2537 1802 2591 Francorum
1849 2538 2136 2606 alphabeto

553 2638 803 2708 (Gregor.
824 2634 1030 2689 'l'uron.
1063 2632 1201 2685 Hist.
1233 2629 1560 2684 Francorum
1587 2645 1642 2694 v,
1673 2629 1764 2698 i5)
1786 2638 1840 2684 et
1868 2630 2137 2699 imprimis

552 2730 785 2802 Cyrillus
811 2726 1066 2780 slavicum
1093 2722 1432 2792 alphabetum
1472 2736 1502 2776 e
1525 2737 1700 2791 grzcco
1729 2722 2022 2777 deducens.

631 2837 652 2872 s
700 2818 833 2873 Cum
881 2815 1095 2886 gmhica
1141 2812 1403 2880 scriptura
1450 2811 1612 2866 etiam
1663 2821 1788 2881 post
1837 2811 2135 2868 Gothorum

556 2919 797 2978 tempora
839 2911 1310 2966 commemoratur,
1355 2917 1460 2956 non
1508 2902 1836 2958 credendum
1887 2912 1972 2958 est
2017 2920 2138 2960 eam

556 3011 710 3065 esse,
743 3009 865 3064 qua:
907 2995 960 3048 in
1007 2991 1234 3063 gothicis
1280 2989 1496 3057 scriptis
1546 3002 1851 3061 usurpatur.
1912 2994 2137 3052 Gothica

556 3088 702 3146 enim
733 3087 784 3141 in
816 3084 1065 3154 Hispania
1097 3082 1388 3137 vocabatur
1415 3081 1700 3150 scriptura,
1731 3097 1851 3150 qius
1882 3085 2007 3138 alibi
2037 3089 2139 3140 sub

556 3179 773 3234 nomine
801 3175 1039 3229 ιοιειαηω
1059 3172 1357 3240 indignata,
1387 3186 1416 3224 e
1441 3171 1671 3240 gothicis
1701 3181 1755 3226 et
1785 3174 1962 3229 latinis
1991 3176 2135 3231 litte-

557 3270 633 3324 ris
671 3265 950 3321 commista
981 3273 1083 3327 est,
1115 3271 1170 3317 et
1195 3277 1224 3316 a
1267 3261 1483 3316 Francis
1507 3272 1776 3332 assumpta
1811 3265 2135 3335 (Aschbach,

558 3356 744 3411 Gesch.
789 3356 880 3408 der
930 3352 1282 3421 Westgotlren,
1332 3352 1436 3406 355
1483 3351 1866 3423 sq.),coucil'o
1895 3356 2138 3412 leonensi

559 3446 747 3519 (1091)
777 3447 1028 3513 abrogata
1058 3453 1162 3497 est.
1193 3441 1410 3497 Necnon
1436 3453 1489 3497 et
1519 3443 1572 3498 in
1605 3444 1749 3498 Italia
1777 3449 1958 3500 runica
1984 3449 2135 3517 signa

559 3535 849 3606 improprie
890 3534 1100 3603 gothica
1149 3541 1450 3601 nuncupata
1503 3543 1647 3600 sunt,
1681 3535 1788 3589 vid.
1836 3538 2137 3593 Massman-

560 3642 714 3693 num,
745 3625 913 3680 Skeir.
945 3639 1064 3694 pag.
1091 3639 1159 3677 xv
1194 3633 1248 3678 et
1283 3623 1496 3694 Hauptii
1542 3625 1832 3695 Zeilschrift
1870 3630 1957 3697 {ur
1987 3631 2138 3684 deut-

557 3721 704 3778 salies
726 3714 1012 3769 Alterthum
1037 3716 1076 3779 l,
1099 3713 1226 3768 577.
1251 3713 1403 3780 Quod
1430 3723 1607 3769 autem
1635 3717 1847 3785 gmhica
1877 3722 2136 3789 scriptura

555 3810 611 3863 iit
669 3808 814 3861 Italia
867 3813 1138 3860 asservata
1196 3804 1392 3870 luerit,
1434 3814 1491 3860 et
1539 3808 1817 3862 bresciana
1864 3813 2138 3879 inscriptio

554 3901 742 3968 primae
776 3897 969 3951 tabulae
1016 3896 1070 3948 in
1114 3894 1406 3964 Specimine
1457 3895 1629 3964 Ul/ila:
1659 3900 1884 3966 partium
1920 3902 2140 3956 inedita-

555 4007 671 4046 rum
693 3990 793 4044 hac
812 3987 999 4043 eadem
1025 3987 1183 4040 fuerit
1203 3987 1526 4054 conscripta,
1549 3988 1651 4042 hoc
1672 3993 1830 4043 unico
1850 3993 2082 4061 supersti
2107 4010 2140 4050 e

557 4093 922 4143 monumento,
947 4079 1205 4133 stabiliter
1232 4078 1485 4134 aliirmari
1515 4080 1721 4149 nequit,
1753 4082 1878 4136 coll.
1910 4082 2136 4142 Grimm.

557 4173 740 4230 Jahrb.
766 4172 857 4225 der
886 4170 987 4224 Lit.
1018 4168 1199 4236 XLIII,
1226 4169 1318 4224 2|.
1357 4185 1380 4221 ν

629 4265 658 4336 §
695 4265 776 4320 12.
807 4263 1096 4320 Annotatio
1119 4262 1175 4316 2.
1199 4291 1268 4302 --
1287 4261 1439 4329 Quod
1465 4262 1532 4317 ad
1561 4267 1800 4338 formam,
1827 4268 2054 4324 habitum
2083 4282 2139 4328 et

554 4358 830 4428 potentiam
870 4355 1170 4410 Ltterarum
1215 4354 1424 4420 attinet,
1458 4369 1737 4411 erroneam
1785 4358 1911 4428 Maji
1949 4365 2138 4432 conje-

553 4459 758 4504 cturam
804 4445 983 4514 (Spec.
1015 4446 1124 4514 xvt)
1157 4445 1302 4512 prius
1329 4453 1518 4501 notare
1558 4447 1836 4513 debemus,
1865 4453 2005 4521 quod
2035 4454 2139 4510 sci-

556 4539 681 4594 licet
707 4538 893 4594 Ullilas
938 4541 1183 4605 maiorem
1228 4544 1284 4591 et
1317 4540 1562 4592 minorem
1601 4539 1941 4610 alphabetum
1987 4545 2141 4600 adin-

556 4633 785 4687 venerit.
809 4629 1066 4700 Equidem
1090 4630 1142 4684 in
1164 4629 1436 4685 codicibus
1455 4631 1644 4686 littera:
1668 4633 1853 4703 majori
1874 4638 2138 4697 minorive

557 4733 682 4778 sunt
726 4733 948 4786 statura,
975 4729 1134 4791 prout
1175 4737 1332 4791 quam
1363 4724 1545 4778 sedem
1587 4739 1887 4797 occupant;
1914 4731 1992 4786 sic
2023 4748 2135 4787 ma-

557 4813 764 4884 jar-ibus
825 4812 1014 4866 litteris
1068 4812 1372 4880 conscripta
1425 4821 1550 4867 sunt
1605 4815 1751 4870 initia
1805 4819 2040 4888 capitum
2085 4831 2140 4878 et

557 4903 846 4966 versuum;
875 4901 1168 4956 minoribus
1212 4915 1364 4966 vero,
1393 4903 1484 4958 ubi
1533 4912 1709 4960 textus
1746 4919 1895 4963 extra
1942 4912 2135 4968 lineam

557 4994 966 5049 determinatam
999 4994 1050 5046 in
1080 4992 1319 5062 margine
1348 4993 1684 5064 conscriptus
1709 5007 1811 5052 est.
1845 4999 1950 5054 Sed
1979 5011 2140 5056 utrae-

557 5100 664 5156 qne
709 5085 897 5139 litterae
942 5083 1187 5154 ejusdem
1236 5092 1362 5139 sunt
1389 5085 1521 5156 typi.
1566 5086 1767 5142 Potiori
1794 5087 1944 5157 jure,
1974 5100 2029 5144 et
2074 5107 2138 5146 ea

560 5179 740 5232 forsan
787 5184 905 5231 erat
951 5176 1071 5245 ΜειῙί
1118 5179 1424 5243 sententia,
1472 5178 1717 5234 distinxit
1767 5180 2138 5238 Massmannus

562 5268 684 5342 (Dic
747 5269 1040 5342 gothiscltcu
1098 5267 1376 5324 Urltunden
1429 5286 1526 5324 oon
1582 5269 1784 5343 Neapcl
1838 5282 1887 5328 et
1945 5275 2139 5330 Arezzo

560 5375 614 5430 p.
639 5359 674 5416 6
699 5357 842 5430 seq.)
869 5358 1183 5427 scripturam
1226 5369 1430 5416 rectam
1461 5369 1621 5430 atque
1649 5361 1876 5416 solidam
1921 5363 1987 5417 ad
2024 5378 2140 5418 ma-

558 5452 866 5522 nuscriptos
912 5449 1148 5519 codices,
1179 5449 1344 5506 libros
1391 5460 1447 5506 et
1491 5451 1868 5522 inscriptiones
1913 5468 2144 5524 usurpa-

561 5545 942 5611 tam,alteram
986 5557 1117 5599 vero
1166 5543 1472 5599 inclinatam
1503 5553 1559 5600 et
1585 5545 1850 5600 cursivam
1893 5547 1961 5602 ad
2012 5562 2140 5605 usus

561 5635 683 5690 vita
708 5635 1068 5705 quotidianus.
1091 5633 1148 5690 In
1173 5649 1240 5690 eo
1268 5635 1437 5704 prior,
1463 5636 1538 5691 ait
1564 5637 1644 5692 vir
1667 5636 1879 5706 doctus,
1905 5652 1935 5691 a
1968 5646 2136 5709 poste

564 5728 690 5781 riori
720 5729 1004 5801 discrepat,
1033 5727 1176 5801 quod
1219 5728 1490 5785 nonnulla:
1538 5729 1752 5799 litterae,
1784 5727 1944 5784 etiam
1977 5729 2136 5786 abso-

1611 336 1851 394 ‘CRMHI
1864 333 2057 389 .\'I'3CA
2099 326 2426 383 GO'HIICJS
2457 324 2769 380 -I.lNGU/E.

3710 321 3809 376 900

2235 437 2392 502 lutat,
2451 435 2680 505 majores
2729 435 2920 489 calami
2972 433 3159 489 ductus
3207 433 3521 500 admittant,
3572 431 3701 487 dum
3756 434 3808 487 in

2227 529 2488 596 sbriptura
2539 526 2748 580 cursiva
2800 526 2991 587 minori
3038 526 3434 580 delincamento
3491 533 3807 578 exarantur.

2229 619 2378 684 Quod
2411 626 2604 688 praeter
2639 615 2685 682 λ
2708 625 2761 671 et
2791 626 2858 681 Δ,
2884 616 2951 670 de
2976 615 3033 686 ῴ
3063 616 3346 671 dicendum
3388 627 3491 672 est.
3537 615 3647 670 llac
3678 617 3811 668 serio

2228 719 2378 780 ptura
2409 709 2623 764 cursiva
2653 710 2814 763 etiam
2839 707 3158 776 conscripta:
3185 718 3309 762 sunt
3337 709 3534 778 glossae
3561 717 3615 761 et
3645 721 3813 760 anno-

2229 803 2456 855 tationes
2487 801 2540 854 in
2569 800 2949 867 manuscriptis
2976 799 3272 862 codicibus,
3309 798 3420 852 vid.
3480 798 3716 851 tabulam
3747 798 3816 852 ad

2229 889 2554 947 Massmanni
2596 889 2911 953 Skeireins,
2967 891 3203 958 exceptis
3245 889 3328 943 eis
3376 887 3428 942 in
3477 888 3668 941 codice
3726 903 3814 941 ar-

2227 991 2419 1054 genteo
2444 980 2828 1045 existentibus,
2856 996 2976 1050 qua:
3025 978 3189 1034 rectis
3237 979 3553 1046 solidisque,
3584 977 3681 1031 sed
3715 977 3817 1030 tui-

2229 1075 2468 1141 noribus,
2500 1073 2622 1128 licet
2653 1071 2893 1141 pulchris
2940 1085 3105 1138 saepe,
3134 1079 3187 1125 et
3231 1085 3261 1122 a
3316 1069 3596 1134 scriptum
3643 1076 3820 1121 textus

2228 1167 2498 1221 distinctis
2526 1163 2722 1218 litteris
2772 1163 2985 1231 scriptre
3013 1172 3170 1226 sunt;
3205 1159 3474 1213 nonnulla:
3504 1167 3734 1220 tantum,
3766 1169 3822 1209 nt

2228 1273 2347 1329 qua
2391 1257 2458 1312 ad
2508 1257 2638 1312 Luc.
2669 1271 2738 1321 vt,
2766 1254 2832 1309 27
2873 1263 2926 1308 et
2964 1268 3072 1318 xvi,
3107 1255 3173 1307 l3
3224 1251 3518 1322 pertinent,
3547 1250 3822 1304 cursiva-

2221 1352 2543 1419 scripturam
2577 1348 2836 1418 praebent,
2866 1346 3008 1401 unde
3036 1353 3280 1412 constat,
3311 1360 3404 1398 eas
3450 1346 3564 1398 sive
3605 1344 3825 1398 diverso

2231 1452 2490 1513 tempore,
2517 1441 2632 1496 sive
2660 1454 2820 1494 manu
2859 1439 3073 1494 diversa
3117 1437 3284 1492 fuisse
3311 1436 3671 1505 conscriptas.

2307 1554 2326 1589 ι
2363 1535 2514 1604 Quod
2546 1534 2613 1588 ad
2643 1533 2916 1588 diversum
2951 1531 3191 1585 habitum
3221 1545 3382 1600 quem
3429 1529 3701 1582 nonnulla:
3735 1528 3826 1584 lit-

2232 1637 2362 1683 terae
2396 1629 2449 1682 in
2479 1626 2756 1682 codicibus
2778 1623 3007 1678 diversis
3038 1636 3228 1690 pracse
3249 1621 3434 1677 lerunt
3460 1661 3476 1685 ,
3509 1619 3645 1674 nihil
3688 1620 3822 1676 certi

2231 1722 2361 1778 olim
2408 1719 2606 1788 conjici
2653 1719 2846 1786 potuit,
2875 1717 2999 1786 quia
3032 1714 3405 1771 delicientibus
3448 1711 3827 1777 facsimilihus,

2233 1827 2396 1867 merae
2444 1811 2857 1872 dciiueationes,
2889 1808 3088 1876 saepius
3116 1804 3391 1870 inﬁdeles,
3423 1813 3618 1874 prtesto
3644 1815 3828 1862 erant.

2231 1902 2384 1956 Nunc
2431 1917 2558 1956 vero
2588 1899 2728 1954 facta
2770 1906 2897 1953 sunt
2925 1897 3206 1951 facsimilia
3248 1895 3484 1949 omnium
3512 1895 3762 1950 codicum
3794 1912 3811 1948 :

2233 1994 2652 2051 mediolanorum
2692 2006 2722 2044 a
2761 1991 2901 2056 Majo
2930 1998 2983 2043 et
3009 1987 3405 2053 Castillionazo,
3440 1988 3816 2041 vienneusium

2232 2103 2263 2141 a
2289 2086 2378 2143 W.
2413 2085 2698 2149 Grimmio,
2725 2075 3048 2138 Skeireinsis
3077 2090 3131 2134 et
3160 2079 3486 2147 neapolitani
3516 2079 3829 2134 documenti

2233 2194 2265 2233 a
2294 2179 2655 2243 Massmanno,
2686 2172 2932 2228 codicum
2982 2170 3220 2241 argentei
3250 2177 3305 2224 et
3331 2168 3557 2224 caroliui
3585 2183 3618 2222 a
3648 2169 3830 2232 nobis,

2234 2271 2324 2338 qui
2357 2266 2482 2321 inde
2509 2265 2742 2320 labttlam
2773 2261 3095 2329 exscriptam
3125 2257 3471 2313 instituimus.

2313 2375 2331 2409 ι
2383 2356 2534 2411 Nunc
2573 2370 2702 2408 vero
2731 2353 2799 2408 de
2829 2351 3099 2407 nonnullis
3149 2350 3342 2405 litteris
3384 2349 3493 2404 sint
3539 2359 3835 2422 sequentes

2235 2448 2724 2504 animadversiones
2752 2461 2768 2502 :
2953 2481 2971 2503 .-

2313 2560 2333 2593 ι
2366 2540 2419 2594 Ᾱ
2445 2539 2563 2594 Vid.
2593 2538 2725 2594 infra
2755 2536 2781 2608 ᾗ
2810 2538 2899 2592 I5.

2314 2652 2336 2686 ‹
2375 2631 2426 2687 ll
2453 2640 2536 2686 est
2581 2645 2784 2697 neque,
2827 2637 2884 2683 ut
2933 2628 3097 2683 voluit
3121 2627 3213 2682 W.
3251 2627 3572 2692 Grimmius,
3611 2627 3839 2685 Grato-

2140 2733 2144 2738 .
2239 2742 2355 2781 mm
2401 2723 2570 2794 kappa
2601 2721 2733 2784 (vid.
2762 2721 2826 2774 ad
2855 2719 2882 2790 ς
2913 2720 3029 2789 13),
3063 2734 3260 2789 neque,
3289 2731 3347 2774 ut
3394 2721 3677 2774 contendit
3723 2721 3840 2792 Lyc

2238 2813 2485 2880 XXXIX,
2517 2812 2792 2866 Runorum
2837 2809 2950 2863 hom
2981 2808 3116 2888 (Υ),
3143 2825 3265 2879 qua:
3291 2810 3505 2864 nonnisi
3544 2811 3598 2864 in
3656 2823 3844 2880 poste-

2237 2905 2471 2960 rioribus
2500 2902 2662 2957 latine
2691 2900 2903 2955 donatis
2945 2916 3066 2954 rum
3095 2899 3160 2954 eo
3197 2911 3520 2971 congruunt,
3559 2904 3658 2956 sed
3693 2901 3840 2956 Lati-

2237 3010 2426 3051 norum
2475 3007 2531 3062 q.
2585 2993 2692 3046 Nec
2735 2991 2898 3044 lat'ne
2945 2991 3224 3061 transcribi
3275 2997 3450 3058 potest
3490 3008 3592 3061 qv,
3649 2991 3837 3047 habita

2238 3088 2416 3142 forsan
2483 3083 2692 3139 ratione
2755 3081 3022 3149 analogiae
3088 3089 3404 3136 caelerarum
3475 3081 3839 3136 dialectornln

2237 3177 2490 3251 (Grimm.
2521 3174 2699 3229 Gram.
2731 3172 2770 3236 I,
2799 3171 2878 3242 3),
2907 3185 3025 3225 cum
3057 3185 3316 3240 nusquam
3364 3170 3505 3224 adsit
3529 3171 3584 3224 in
3615 3171 3841 3242 gothico

2235 3282 2485 3325 sermone
2505 3264 2701 3334 duplex
2724 3253 2888 3317 sonits
2911 3260 3054 3333 (κω),
3082 3276 3237 3331 quem
3263 3261 3451 3317 Ullilas
3473 3260 3533 3314 lto
3560 3263 3618 3316 in
3648 3261 3834 3316 Akrila

2237 3361 2374 3414 adeo
2406 3356 2747 3412 transvertit.

2314 3467 2334 3501 r
2369 3448 2428 3519 ῴ
2471 3447 2626 3501 Nullo
2655 3441 3002 3497 fundamento
3039 3440 3192 3494 nixus
3224 3440 3455 3509 conjecit
3481 3439 3594 3510 Lye
3624 3438 3840 3510 (Gram.

2235 3542 2378 3612 golh.
2408 3538 2623 3606 XXIX),
2651 3537 2789 3604 quod
2830 3531 2890 3604 ᾧ
2922 3547 2985 3586 ex
3013 3533 3312 3601 conjunctis
3337 3532 3381 3586 Τ
3401 3543 3454 3586 et
3483 3532 3520 3585 ll
3547 3534 3840 3598 evasisset,

2236 3629 2308 3684 ita
2341 3638 2400 3684 ut
2436 3627 2649 3696 proprie
2695 3624 2853 3680 fuerit
2883 3617 2975 3695 ῖΙῖ,
3009 3625 3149 3678 unde
3176 3616 3232 3697 ᾦ
3260 3634 3314 3678 et
3355 3619 3587 3694 denique
3631 3624 3725 3696 qs;
3754 3626 3842 3682 sel

2237 3735 2302 3775 ex
2332 3719 2538 3773 duobus
2567 3731 2632 3770 ex
2664 3717 2896 3771 adverso
2925 3716 3108 3784 positis
3137 3723 3186 3767 Δ
3218 3709 3406 3789 (Ξ).
3439 3714 3624 3784 Neque
3659 3717 3842 3771 verius

2237 3821 2354 3876 est,
2399 3811 2537 3865 hanc
2586 3810 2816 3862 litteram
2861 3824 2929 3863 ex
2978 3822 3044 3862 eo
3098 3807 3357 3875 originem
3405 3805 3661 3872 duxisse,
3691 3809 3838 3877 quod

2239 3903 2608 3962 semicirculus
2650 3901 2790 3955 linea
2834 3897 3183 3954 transversali
3222 3898 3472 3966 ligeretur
3504 3895 3621 3966 (W.
3645 3898 3831 3952 Grim—

2239 3998 2399 4060 mitts,
2439 3983 2616 4045 llunen
2645 3988 2772 4061 M);
2806 4004 2929 4044 nam
2961 3989 3066 4043 duo
3093 4001 3298 4042 cornua
3324 3986 3552 4041 diversis
3581 3988 3836 4057 apicibus

2240 4086 2591 4140 ell‘ormantur
2629 4080 2760 4152 (vid.
2789 4080 2974 4148 Tab.).
3020 4078 3186 4132 Datur
3222 4085 3276 4132 et
3313 4077 3420 4132 alia
3449 4076 3608 4146 hujus
3637 4077 3836 4132 littera:

2242 4174 2430 4243 forma,
2462 4189 2585 4245 qua,
2615 4161 2868 4227 cornibus
2893 4169 2961 4224 ad
3005 4167 3342 4237 superiorem
3373 4179 3578 4238 partem
3607 4171 3836 4224 conclu-

2239 4267 2335 4332 sis,
2368 4280 2544 4334 grwco
2580 4274 2617 4318 Φ
2645 4263 2984 4316 ‘assimilatur
3032 4257 3144 4331 (W.
3177 4258 3404 4314 Grimm.
3438 4258 3613 4315 Wien.
3642 4258 3834 4318 Jahrb.

2240 4359 2421 4424 XLIII,
2450 4358 2528 4428 5).
2556 4357 2666 4412 Nec
2706 4357 2894 4410 runico
2921 4355 3074 4424 signo
3101 4349 3150 4427 ι)
3178 4353 3348 4408 forma
3390 4353 3638 4422 congruit
3661 4355 3838 4423 gothi-

2241 4455 2360 4507 cum
2395 4448 2505 4518 (W.
2549 4448 2776 4504 Grimm.
2829 4447 3012 4501 Ilunen
3041 4445 3146 4514 ﬂ;
3171 4446 3221 4501 J.
3266 4443 3439 4502 Grim.
3469 4441 3656 4499 Gram.
3687 4445 3731 4512 I,
3757 4447 3833 4514 3),

2240 4543 2364 4597 licet
2387 4542 2442 4596 in
2472 4539 2848 4608 manuscriptis
2875 4539 3150 4594 codicibus
3188 4537 3453 4606 scriptura
3497 4535 3667 4590 latina
3694 4551 3829 4592 con-

2237 4637 2450 4706 scriptis
2493 4635 2618 4690 illud
2662 4648 2758 4703 pro
2801 4631 2861 4703 ῴ
2905 4641 3211 4703 usurpetnr.
3239 4629 3299 4703 ῲ
3341 4631 3513 4685 forma
3557 4630 3704 4685 idem
3755 4639 3836 4686 est

2237 4738 2396 4796 atque
2423 4741 2656 4798 graecum
2695 4735 2738 4780 γ
2775 4722 2918 4796 (ps);
2960 4723 3054 4778 sed
3109 4723 3295 4779 Ullilas
3335 4737 3435 4793 pro
3479 4737 3539 4791 ps
3588 4719 3685 4776 illo
3731 4736 3834 4774 non

2242 4819 2429 4886 utitur,
2453 4817 2721 4887 duplicem
2750 4824 3136 4870 consonantem
3160 4813 3358 4882 duplici
3385 4811 3538 4881 signo
3567 4811 3830 4873 reddens;

2239 4923 2360 4963 cum
2395 4916 2574 4960 autem
2625 4918 2726 4959 nec
2770 4903 2825 4958 in
2872 4903 3049 4972 gravco
3094 4917 3191 4956 nec
3232 4901 3284 4956 iu
3334 4901 3499 4955 latino
3542 4900 3829 4970 alphabeto

2239 4998 2602 5057 characterem
2633 4995 2845 5065 gothico
2867 4995 2935 5048 dh
2959 4993 3366 5065 respondentem
3388 4992 3684 5057 inveniret,
3711 4990 3830 5045 illud

2242 5091 2364 5146 huic
2389 5104 2522 5145 sono
2551 5085 2993 5144 accommodavit.
3026 5085 3080 5138 In
3109 5084 3441 5155 visigothiris
3474 5085 3712 5138 monetis
3739 5094 3831 5151 pra

2239 5197 2416 5252 graeco
2444 5191 2485 5237 Θ
2510 5181 2780 5251 gothicum
2805 5176 2865 5247 ῲ
2895 5177 3130 5231 occurrit
3158 5175 3208 5229 in
3235 5168 3745 5228 CINDASV'INOVS
3782 5180 3833 5226 et

2231 5265 2739 5346 BGCCGSVINBVS
2775 5265 2906 5336 (vid.
2937 5265 3076 5333 apud
3103 5260 3382 5318 Aschbach
3407 5258 3564 5329 360),
3584 5258 3712 5325 quia
3746 5272 3830 5312 vc-

2243 5359 2538 5417 risimiliter
2559 5357 2641 5412 his
2660 5355 3042 5427 posterioribus
3056 5352 3246 5410 Gothis
3268 5363 3436 5420 purus
3455 5348 3708 5402 sonus“
3721 5364 3834 5404 sen-

2243 5453 2344 5508 sim
2373 5451 2682 5522 deperditus
2702 5457 2836 5515 erat,
2861 5447 3071 5516 cujusin
3102 5445 3277 5498 locum
3303 5442 3355 5496 th
3380 5453 3455 5506 et,
3485 5441 3670 5496 ablata
3691 5440 3831 5510 aspi-

2244 5547 2474 5609 ratione,
2505 5553 2524 5598 ι
2554 5544 2727 5598 intrus
2749 5557 2868 5598 sum
2894 5540 3012 5602 fuit,
3034 5539 3174 5594 sicut
3200 5537 3393 5592 horum
3417 5535 3703 5589 nominum
3726 5544 3830 5589 ter-

2247 5634 2570 5693 minationes
2581 5634 2744 5692 etiam
2761 5625 3823 5705 prohant.’l'heodoricus0strogothoruta

2253 5741 2368 5797 rex,
2386 5726 2559 5783 edicta
2576 5741 2669 5782 sua
2689 5723 3024 5783 subscribere
3043 5717 3437 5798 debuitthQA
3463 5719 3571 5794 (vel
3590 5716 3820 5786 θεολ).
