4014 6172
184 322 279 379 9M

190 450 303 491 nam
344 433 659 503 Anonymus
686 433 996 489 Valesianus
1034 435 1175 504 apud
1208 437 1529 493 Muratorctn
1555 440 1758 508 (Antia.

1583 323 1670 380 DE
1707 323 2110 381 SCRIPTUBA.

3345 343 3454 396 the:

1864 438 2142 503 lationem,
2187 454 2346 518 quam
2381 442 2599 499 aliunde
2648 446 2796 500 novit
2843 447 3048 514 Ullilas,
3087 465 3115 502 υ
3163 466 3451 518 nsorpans,

187 524 306 579 Ital.
331 523 394 586 ll.
423 524 554 594 505)
583 539 835 594 expresse
863 525 1025 580 dicit:
1055 546 1074 576 ι
1115 525 1461 582 Theodoricus
1487 529 1787 583 illitteratus
1860 527 2058 596 ubique
2080 507 2339 584 vocabula
2363 547 2539 601 graeca
2557 534 2881 602 digammate
2900 507 3220 606 prolerenda
3243 507 3448 598 essent:

185 624 284 668 erat
307 623 351 667 et
381 615 453 666 sic
485 618 669 667 obruto
696 632 878 676 sensu,
908 624 962 668 ut
993 616 1047 669 in
1086 617 1256 671 decem
1299 635 1462 672 annos
1509 619 1653 691 regni
1682 621 1764 673 sui
1861 615 1920 671 Si
1943 626 2125 673 autem
2154 619 2339 674 Ullilas
2363 623 2566 676 nullum
2593 625 2806 694 signum
2834 628 3000 681 latino
3020 631 3307 699 alphabeto
3334 651 3452 687 mu-

182 717 394 774 quatuor
439 706 638 758 litteras
666 707 1053 777 subscriptionis
1080 709 1234 762 edicti
1261 709 1343 762 sui
1366 710 1762 768 discerennlla-

182 805 322 848 tenus
363 795 639 864 potuisset,
679 796 744 848 de
787 812 888 863 qua
947 812 1002 850 re
1047 798 1207 866 jussit
1255 799 1502 853 laminam
1549 817 1760 854 auream

179 886 510 938 interrasilem
567 886 714 954 fieri,
758 896 980 956 quatuor
1042 886 1246 943 litteras
1306 891 1442 960 regis
1492 891 1758 946 habentem

179 969 424 1042 TIIGOD,
469 983 543 1038 ut,
585 976 630 1029 si
672 975 990 1032 subscribere
1031 978 1306 1046 voluisset,
1350 983 1519 1050 posita
1564 983 1760 1038 lamina

176 1082 322 1136 super
367 1066 634 1132 chartam,
683 1084 775 1138 per
809 1085 922 1122 eam
976 1087 1144 1139 penna
1190 1073 1497 1140 duceretur,
1541 1085 1589 1128 et
1631 1075 1757 1129 sub-

175 1156 380 1225 scriptio
407 1159 517 1227 cjus
539 1165 741 1211 tantum
765 1159 1039 1214 videretur.
1055 1181 1073 1212 ι
1101 1163 1238 1217 Cum
1261 1172 1438 1220 autem
1469 1165 1553 1219 his
1575 1167 1756 1224 verbis

171 1247 426 1304 asseritur
457 1261 638 1317 regem
671 1260 904 1319 quatuor
942 1261 1145 1307 tantum
1174 1253 1370 1309 litteris
1391 1256 1752 1323 subscribere,

174 1334 400 1392 TIIGOD
433 1349 616 1393 autem
657 1340 893 1410 quinque
917 1355 1202 1411 constare,
1231 1343 1496 1401 infelicius
1523 1346 1756 1416 conjecit

172 1427 364 1483 liciske
383 1428 454 1482 ad
486 1427 758 1486 Constant.
784 1433 850 1486 de
875 1431 1080 1488 Caerim.
1109 1435 1222 1488 aul.
1251 1436 1510 1506 bysantin.
1536 1453 1590 1506 p.
1624 1438 1751 1503 HO,

167 1518 296 1572 edit.
324 1517 496 1588 Lips.,
521 1519 639 1576 loco
665 1522 896 1581 THGOD
917 1524 1122 1595 aliquid
1161 1526 1335 1593 aliud,
1360 1527 1538 1583 forsan
1567 1527 1750 1595 LEGI,

170 1609 472 1679 legendum.
519 1613 652 1669 llinc
679 1615 834 1670 facile
873 1617 1099 1673 solvitur
1136 1618 1461 1674 Massmanni
1501 1622 1747 1691 qtnestio,

128 1698 338 1755 'Skeir.
398 1702 548 1770 prmf.
608 1719 662 1773 p.
714 1706 866 1777 ν’),
919 1718 1098 1763 utrum
1156 1709 1476 1767 Theoderici
1515 1712 1750 1782 sigillum

167 1791 488 1857 scripturam
523 1793 791 1862 gothicam
821 1798 1145 1855 contineret.

237 1899 258 1932 ι
287 1865 326 1936 ἰ’
345 1882 436 1936 ctl
464 1883 516 1937 in
542 1899 610 1939 eo
648 1894 776 1940 sunt
800 1887 1238 1955 discriminanda,
1269 1891 1411 1962 quod
1442 1893 1590 1962 prius
1618 1893 1754 1948 inci-

159 1969 363 2039 pientc,
403 1973 669 2040 posterius
707 1976 871 2032 metio
907 1987 963 2033 et
999 1979 1281 2036 desinente
1308 1982 1574 2038 vocabulo
1594 1999 1752 2040 usur-

161 2070 340 2132 pctur.
369 2063 475 2118 vid.
500 2065 564 2117 ad
591 2064 619 2135 ᾗ
653 2065 736 2120 l7.

234 2175 254 2206 ο
290 2155 346 2222 (Σ,
366 2167 450 2212 est
475 2158 516 2212 ϐ
541 2157 873 2216 Latinorum.
917 2161 1193 2218 Librarius
1217 2163 1416 2221 codicis
1440 2167 1748 2225 Viennensis

162 2245 294 2314 (vid.
323 2247 428 2317 59)
457 2245 506 2315 (ᾖ
525 2258 577 2304 et
609 2261 646 2305 1‘
671 2251 834 2307 habet
863 2262 918 2308 et
948 2266 1166 2324 usurpat
1198 2271 1293 2325 pro
1325 2257 1515 2314 eadem
1548 2260 1748 2327 littera,

161 2350 222 2389 ea
265 2348 446 2392 tamen
492 2340 880 2410 discrepantia,
908 2344 1053 2413 quod
1096 2348 1270 2415 prius,
1304 2349 1548 2418 latinum,
1572 2351 1749 2406 debile

151 2424 199 2493 j,
224 2430 519 2496 posterius,
541 2446 797 2500 graecum,
837 2449 1086 2504 asperum
1123 2437 1169 2491 G
1206 2439 1412 2505 valeat;
1451 2441 1666 2509 deinde,
1693 2453 1752 2497 ut

158 2520 517 2588 pullationem
563 2525 898 2592 gothicorum
938 2541 1197 2583 sonorum
1238 2529 1540 2598 ignotorum
1569 2533 1748 2588 deter-

157 2614 330 2669 minet
359 2659 376 2683 ,
408 2616 667 2671 vocabula
697 2619 925 2687 cognita:
955 2620 1270 2688 prolationis
1297 2624 1452 2678 all'ert
1495 2626 1668 2694 genuit
1693 2634 1749 2680 et

154 2707 392 2774 Gabriel,
420 2717 479 2762 ut
503 2709 574 2764 ita
614 2710 798 2767 dicere
837 2711 1080 2768 intendat
1105 2729 1120 2768 :
1145 2714 1232 2768 ubi
1272 2715 1501 2771 debilior
1527 2727 1608 2771 est
1630 2731 1750 2787 pro-

154 2797 309 2862 latio,
335 2807 394 2853 ut
421 2799 472 2853 in
503 2801 697 2870 genuit,
720 2802 994 2871 gothicum
1028 2803 1101 2870 (ᾖ
1133 2803 1223 2858 ubi
1250 2819 1379 2860 vero
1405 2806 1664 2874 asperior,
1690 2816 1750 2863 ut

153 2891 205 2942 in
234 2887 473 2955 Gabriel,
498 2902 532 2946 ι’
557 2892 863 2949 adhibetur.
890 2895 1093 2952 Eodem
1129 2898 1290 2952 modo
1319 2913 1433 2954 rem
1469 2901 1750 2957 intellexe-

150 2993 280 3037 runt
312 2982 397 3037 W.
421 2981 714 3040 Grimmius
746 2995 804 3042 et
833 2987 1227 3058 Massmannus,
1260 3006 1487 3060 quorum
1518 2993 1665 3062 prior
1691 2994 1744 3049 in

149 3075 438 3130 vieunensi
478 3074 660 3131 Jahrb.
705 3094 758 3147 p.
803 3081 893 3149 l3,
935 3083 1207 3151 posterior
1253 3084 1306 3137 in
1347 3084 1562 3154 Hanptii
1601 3086 1746 3142 Zeit-

145 3168 340 3242 πιθα·ἰῄ
367 3189 418 3243 p.
439 3167 568 3235 299,
588 3169 861 3226 afﬁrmant
881 3173 1095 3244 quidem
1127 3175 1230 3232 hoc
1252 3179 1553 3248 exemplum
1572 3182 1745 3250 genuit

150 3259 225 3311 rei
251 3258 463 3312 nullam
485 3259 677 3316 alierre
701 3261 898 3331 lucem,
920 3279 1085 3334 seque
1109 3268 1270 3322 malle
1299 3269 1616 3324 vocabulum
1650 3285 1745 3339 per

145 3362 172 3402 δ
201 3350 493 3418 incipiens,
525 3362 604 3416 ut,
635 3355 833 3418 forsan,
848 3358 1088 3428 judaius.
1121 3359 1232 3413 lloc
1257 3359 1420 3414 etiam
1447 3362 1622 3417 obiter
1661 3362 1742 3418 di-~

148 3445 386 3496 tendum
415 3453 519 3509 est,
549 3443 819 3502 immerito
848 3447 956 3518 Lyc
986 3463 1039 3518 p.
1087 3448 1328 3514 XXXIX,
1355 3451 1406 3514 Ο,
1443 3467 1541 3522 pro
1565 3467 1743 3523 graeco

147 3555 165 3586 ι
189 3533 480 3604 accepisse
511 3535 662 3603 ideo,
688 3538 832 3607 quod
867 3541 1017 3609 goth.
1039 3541 1337 3613 isltarjotes,
1367 3559 1545 3614 graeco
1586 3546 1746 3603 Ἰσκα-

145 3630 340 3687 nim,-
365 3629 744 3695 responderet;
765 3640 821 3685 et
849 3631 968 3687 lhre
991 3648 1040 3702 p.
1065 3631 1174 3688 202
1201 3634 1356 3703 (edit.
1381 3635 1601 3707 Bitsch.)
1617 3651 1740 3694 cum

144 3719 252 3770 leui
279 3717 555 3772 sibilantis
583 3735 718 3776 sono
746 3721 874 3777 illud
901 3724 1277 3792 proferendum
1297 3729 1618 3794 asseruisse,
1647 3729 1746 3800 qui

142 3812 400 3868 eruditus
433 3815 518 3867 vir
568 3813 624 3868 in
670 3815 774 3871 hoc
814 3817 1152 3888 conjicienda
1190 3821 1219 3885 ξ
1257 3821 1503 3877 eamdem
1554 3823 1741 3880 sedem

139 3913 422 3973 occupans
453 3904 504 3958 in
531 3905 817 3975 alphabeto
837 3922 1015 3978 διεθαο
1034 3920 1194 3981 atque
1215 3911 1271 3976 (Σ,
1295 3911 1348 3967 in
1374 3912 1590 3984 gothico
1614 3924 1742 3971 ante

139 3994 336 4049 oculos
356 3994 723 4051 vcrisimiliter
751 3997 954 4055 habuit.

222 4128 248 4158 e
274 4108 354 4175 Ii,
377 4109 421 4162 si
451 4123 481 4163 e
502 4109 666 4164 latino
691 4126 725 4164 n
747 4125 852 4166 non
872 4111 1177 4183 deducitur,
1194 4119 1468 4190 proprium
1486 4130 1632 4179 esset
1647 4138 1745 4194 go-

135 4201 283 4256 thici
325 4204 587 4273 atphabeti
624 4206 863 4287 signum;
888 4208 983 4264 sed
1004 4224 1164 4267 nemo
1184 4227 1316 4270 sane
1330 4229 1526 4286 negare
1540 4227 1738 4287 potest,

133 4300 250 4346 hoc
284 4272 469 4348 rnnicn
499 4294 576 4350 Ur
604 4272 752 4369 (Π)
781 4272 1010 4354 similius
1047 4317 1192 4370 esse,
1223 4320 1380 4373 quam
1398 4272 1465 4362 ἶιι
1491 4272 1656 4364 unum
1685 4272 1743 4366 ei

134 4383 295 4435 idem
346 4399 452 4438 nor.
491 4396 782 4452 asseratur,
830 4391 1192 4455 przeeuntibus
1232 4393 1341 4464 Lyc
1384 4411 1440 4464 p.
1490 4397 1738 4466 XXXIX,

134 4470 437 4536 Grimmio,
469 4473 649 4528 Runen
682 4476 773 4545 45,
809 4487 863 4532 et
912 4480 1160 4548 Waitaio,
1196 4484 1232 4538 Ι.
1277 4485 1316 4540 1.
1348 4487 1440 4542 52.
1469 4486 1739 4545 Cteterum

133 4560 316 4615 altera
356 4563 588 4630 prolatio
619 4579 779 4622 causa
813 4577 914 4633 est,
957 4586 1055 4625 cur
1095 4577 1524 4642 graeco-latinum
1555 4581 1600 4634 0
1640 4597 1740 4650 pro

137 4662 288 4704 sono
317 4667 352 4702 u
384 4666 490 4706 non
523 4653 693 4709 electa
726 4655 824 4711 fuit
848 4674 864 4710 :
897 4658 1066 4715 forma
1090 4663 1236 4717 enim
1265 4665 1432 4721 latina
1457 4667 1499 4723 U
1524 4683 1622 4737 pro
1645 4685 1741 4726 vo-

129 4741 245 4796 cali
271 4753 526 4814 usurpata
545 4748 779 4802 nondum
803 4765 831 4802 a
854 4757 1168 4808 consonanti
1188 4756 1225 4809 V
1241 4755 1734 4816 discriminabatur.

217 4852 244 4884 ι’
277 4837 326 4889 8
349 4851 449 4905 pro
483 4851 580 4892 sua
618 4839 840 4908 pristina
875 4842 1043 4898 forma
1072 4845 1296 4903 latinum
1329 4859 1454 4917 est;
1489 4851 1658 4908 forma
1690 4841 1741 4937 ('

126 4926 395 4994 proxime
423 4929 684 4984 accedens
715 4931 781 4986 ad
809 4947 1052 5002 graecum
1076 4935 1140 5004 C,
1183 4939 1236 4993 in
1280 4943 1569 4999 recentiori
1597 4926 1737 5000 scri-

127 5026 306 5084 ptura
345 5019 412 5072 ad
459 5023 728 5077 cursivam
775 5025 1155 5097 propinquanti
1203 5033 1434 5101 primum
1479 5038 1734 5103 occurrit,

125 5105 262 5162 vid.
293 5107 894 5188 Massmannum,8fteir.
918 5119 990 5190 Χ,
1009 5120 1100 5176 ubi
1124 5123 1285 5178 etiam
1317 5126 1633 5196 angulnsum
1665 5127 1735 5193 E,

123 5197 259 5252 vid.
297 5201 590 5258 vicnnense
614 5202 799 5261 Jahrb.
837 5209 891 5264 9.

213 5327 242 5404 ς
285 5305 330 5382 γ
363 5325 446 5368 est
476 5328 650 5386 neque
679 5314 1152 5388 anglosaxonicum
1187 5325 1222 5394 ιι
1248 5327 1388 5399 (Lyc
1416 5329 1553 5402 XL),
1581 5333 1737 5404 cujus

120 5415 158 5455 a
199 5400 381 5457 forma
409 5405 567 5477 longe
587 5407 787 5476 differt,
809 5426 983 5483 neque
1006 5417 1252 5473 runicum
1279 5400 1527 5488 (Grimm.
1551 5400 1736 5480 Runen

114 5496 265 5567 ιι),
283 5498 617 5570 sedgrarettm
633 5500 672 5556 Υ
688 5503 941 5574 (Grimm.
955 5503 1137 5563 Grant.
1152 5509 1192 5574 l,
1205 5509 1298 5576 42,
1311 5510 1404 5578 57;
1421 5511 1732 5586 Waitz.52).

212 5607 238 5641 ο
293 5587 330 5661 lt
354 5601 438 5647 est
478 5591 788 5652 Latinorum
826 5597 907 5664 F;
947 5598 1242 5656 Grimmius
1267 5602 1485 5671 quidem
1525 5604 1738 5676 (Runen

110 5681 233 5747 ιι)
277 5679 377 5735 hoc
405 5681 568 5738 habet
600 5694 850 5758 tanquam
880 5689 1146 5760 digamma
1177 5692 1423 5748 atolicum
1449 5710 1464 5752 :
1507 5695 1602 5752 sed
1633 5696 1734 5751 ob-

112 5774 280 5833 stat,
311 5770 448 5841 quod
480 5773 623 5829 istud
652 5776 810 5833 aliam
839 5789 998 5851 atque
1022 5781 1296 5854 gothicum
1328 5787 1356 5853 ι’
1381 5784 1570 5844 habeat
1603 5801 1730 5858 pro-

1858 714 2036 762 tuatus
2061 719 2228 775 esset,
2259 711 2533 780 gothicum
2565 713 2607 785 1:
2633 725 2692 768 ut
2721 718 2964 771 runicutu
2986 713 3037 792 γ
3060 735 3125 772 eo
3157 723 3326 788 magis
3355 723 3452 774 ha-

1854 794 2091 862 beretur,
2117 798 2260 865 quod
2288 800 2469 867 lateat,
2499 817 2594 856 cur
2613 818 2847 873 grmcum
2872 819 2908 860 Φ
2932 823 3027 875 pro
3047 825 3182 864 sono
3207 811 3245 864 ι’
3268 812 3450 882 potius

1853 904 1961 943 non
2001 891 2242 960 elegerit,
2286 909 2406 948 cum
2444 911 2610 964 grtec.
2655 921 2689 968 φ
2726 913 2939 967 semper
2973 901 3078 957 hoc
3106 905 3259 971 signo
3291 914 3444 958 tran-

1851 979 2079 1048 scribat,
2105 996 2195 1036 ex.
2227 998 2308 1053 gr.
2335 999 2352 1039 :
2375 983 2638 1056 Filippus,
2660 989 2932 1055 Φίλιππος
2956 990 3230 1063 Fygailus,
3261 998 3447 1068 Φύγελ-

1849 1069 1964 1136 λος;
1999 1070 2257 1154 Filemon,
2282 1075 2552 1146 Φυλήμωνς
2585 1077 2804 1150 Nymfa,
2834 1089 3036 1155 Νυμφᾶ,
3066 1095 3172 1140 etc.

1927 1178 1946 1211 ι
1983 1157 2028 1212 Θ
2050 1151 2212 1216 Licet
2233 1163 2287 1217 in
2317 1179 2384 1220 eo
2413 1181 2602 1222 omnes
2629 1151 2991 1236 consentiant,
3023 1175 3166 1242 quod
3194 1176 3261 1230 ad
3293 1178 3457 1247 igno-l

1850 1255 1966 1305 tttm
2011 1252 2356 1321 alphabetum
2402 1257 2508 1312 hoc
2541 1257 2754 1328 signum
2780 1263 3068 1330 pertineat,
3100 1273 3157 1319 et
3183 1265 3444 1324 Waitzius

1846 1339 2040 1396 saltem
2053 1352 2262 1399 asserat
2283 1345 2385 1402 hoc
2407 1361 2512 1403 non
2543 1363 2663 1403 esse
2689 1366 2945 1420 graecum,
2977 1368 3100 1409 cum
3127 1365 3304 1412 tamen
3326 1358 3440 1427 jam

1850 1444 2188 1502 perspectum
2213 1436 2520 1506 habuimus,
2539 1439 2755 1496 Ullilam
2777 1459 2980 1512 graecas
3003 1446 3442 1518 littcras,quiI.-us

1848 1521 1902 1576 in
1933 1537 2028 1578 sua
2058 1524 2238 1596 lingua
2261 1529 2439 1583 nullus
2459 1545 2626 1586 sonus
2653 1535 3032 1603 respondebat.
3059 1538 3126 1591 ad
3150 1539 3440 1608 designan-

1846 1611 1946 1668 dos
1985 1616 2124 1671 alios
2165 1633 2332 1674 sonos
2377 1621 2593 1690 gothico
2634 1627 2872 1679 sermoni
2925 1629 3172 1695 proprios
3216 1645 3440 1699 usurpa-

1847 1703 2009 1770 visse,
2030 1706 2159 1762 nihil
2172 1709 2370 1778 obstat,
2393 1715 2519 1782 quin
2539 1712 2780 1769 dicamus
2797 1714 2842 1769 Θ
2872 1714 3168 1772 Gothorum
3185 1735 3291 1775 non
3311 1737 3438 1790 pro-

1845 1799 2021 1863 prium
2050 1813 2174 1854 esse
2206 1801 2440 1872 signum,
2485 1805 2581 1860 sed
2619 1809 2987 1864 tantummodo
3021 1821 3062 1866 θ
3091 1809 3428 1868 Grtccorum.

1844 1882 2017 1941 Nemo
2055 1888 2274 1958 insuper
2301 1907 2408 1946 non
2434 1893 2600 1962 videt,
2631 1898 2772 1966 quod
2807 1898 2993 1954 Ullilas
3033 1901 3086 1955 in
3115 1918 3214 1957 suo
3242 1904 3453 1972 alpha-l

1803 1974 1807 1976 ’
1845 1975 1970 2032 beto
2008 1996 2182 2049 graeca
2211 1994 2256 2040 γ
2279 1993 2335 2039 et
2375 1995 2418 2042 Θ
2455 1987 2843 2057 intervenerit,
2886 1991 2940 2045 id
2969 2002 3073 2058 est,
3100 1995 3248 2063 goth.
3279 1995 3342 2066 ῴ
3379 1998 3434 2052 in

1846 2070 2022 2126 locum
2068 2090 2234 2143 graec.
2284 2086 2326 2134 Θ
2361 2087 2414 2133 et
2457 2080 2608 2149 goth.
2645 2078 2688 2135 Θ
2735 2083 2790 2137 in
2827 2083 3004 2140 locum
3043 2101 3206 2155 graec.
3234 2099 3277 2142 Ψ
3305 2089 3435 2144 sub-

1847 2163 2067 2220 diderit.

1921 2273 1938 2306 ι
1973 2254 2052 2320 Ω,
2070 2265 2288 2313 auctore
2304 2258 2392 2312 W.
2411 2257 2676 2317 Gritnmio
2695 2262 2904 2321 (Runen
2919 2265 3036 2333 l3),
3057 2264 3300 2319 runicum
3317 2277 3432 2332 est;

1843 2345 1938 2400 sed
1970 2347 2071 2402 hoc
2094 2348 2144 2420 ςξ
2165 2349 2331 2420 (aedi!)
2361 2352 2566 2408 codicis
2598 2355 2904 2409 Viennensis
2931 2354 3170 2424 (Wiener
3195 2354 3432 2428 Jahrb),

1846 2438 2096 2504 pertinet,
2127 2452 2185 2494 ut
2208 2442 2337 2506 alia,
2359 2443 2426 2497 ad
2456 2445 2779 2513 scripturam
2805 2447 3022 2502 lineolis
3049 2449 3430 2518 luxuriantem,

1842 2543 1962 2594 ante
2000 2539 2058 2582 ut
2098 2536 2378 2600 exemplar
2418 2537 2646 2604 proponi
2687 2537 2900 2606 nequit;
2949 2539 3170 2595 aliunde
3207 2540 3430 2598 danicus

1843 2632 2006 2673 sonus
2031 2620 2137 2691 (θ)
2154 2624 2369 2691 gothico
2393 2628 2471 2695 (ὃ)
2499 2627 2725 2682 minime
2751 2633 3031 2698 congruit;
3065 2632 3111 2696 Ω
3133 2634 3314 2703 igitur,
3347 2636 3431 2689 in-

1842 2711 2129 2766 ﬂuentibus
2171 2714 2279 2784 Lyc
2321 2715 2563 2784 XXXIX,
2594 2731 2649 2775 et
2675 2720 2907 2776 Waitzio
2940 2725 3028 2788 52,
3067 2736 3150 2780 est
3180 2728 3356 2793 potius
3383 2741 3429 2786 ο

1841 2799 2176 2860 Graecorum.
2234 2808 2279 2861 0
2323 2808 2445 2864 huic
2493 2811 2648 2881 signo
2689 2813 2910 2868 omnino
2959 2815 3138 2870 simile
3193 2820 3430 2876 occurrit

1840 2893 2000 2944 etiam
2062 2895 2113 2947 in
2157 2894 2512 2967 inscriptione
2557 2901 2874 2958 adumbrata
2925 2905 3064 2974 apud
3114 2903 3426 2977 Grotefend,

1839 2981 2104 3036 Altitalien
2133 2985 2197 3050 V,
2233 2988 2339 3041 tab.
2377 2989 2440 3053 ll,
2469 2991 2523 3044 4.
2556 3009 2575 3042 s

1915 3092 1935 3126 ι
1970 3075 1998 3144 §
2030 3077 2117 3130 l3.
2147 3077 2440 3134 Annotatio
2466 3082 2703 3137 ‘5.—His
2734 3084 2922 3154 viginti
2949 3094 3004 3140 et
3023 3087 3260 3157 quinque
3289 3088 3427 3148 litte-

1837 3165 1917 3220 ris
1945 3167 2210 3223 addantur
2231 3170 2339 3225 duo
2366 3174 2684 3241 episemata,
2714 3177 2924 3232 scilicet
2950 3195 2963 3230 :

1915 3273 1936 3307 t
1977 3254 2030 3326 l)
2061 3256 2107 3328 L[
2133 3258 2390 3325 Quamvis
2425 3261 2526 3317 hoc
2551 3264 2762 3333 signum
2805 3281 3070 3335 nusquam
3121 3277 3179 3321 ut
3219 3268 3424 3336 littera,

1839 3343 1936 3399 sed
1968 3353 2172 3400 tantum
2197 3357 2254 3402 ut
2289 3349 2420 3404 cifra
2444 3350 2496 3405 in
2526 3353 2715 3408 codice
2739 3367 2996 3423 argenteo
3023 3370 3300 3426 appareat,
3326 3360 3429 3415 hoc

1839 3445 2017 3494 tamen
2046 3440 2165 3496 lhre
2193 3442 2270 3513 (p.
2301 3443 2409 3500 205
2429 3444 2560 3500 edit.
2588 3445 2788 3516 Biusch)
2817 3447 2978 3503 habet
3000 3459 3056 3504 ut
3077 3466 3202 3505 vera
3226 3452 3425 3518 littera,

1837 3543 2020 3598 quam,
2065 3531 2516 3601 quemadmodum
2560 3537 2767 3590 russico
2805 3536 3100 3593 characteri
3138 3539 3217 3593 tsk
3261 3540 3425 3610 (tsch;

1837 3617 2034 3672 valenti
2057 3619 2224 3674 forma
2252 3622 2523 3689 convenit,
2553 3623 2625 3678 ita
2644 3631 2700 3678 et
2728 3627 2965 3692 potentia
2987 3628 3278 3683 convenire
3297 3645 3402 3685 con
3421 3660 3432 3670 -

1838 3709 2029 3765 tendit.
2057 3710 2165 3768 Sed
2195 3723 2383 3768 contra
2415 3715 2626 3782 militat,
2659 3717 2800 3785 quod
2825 3734 3098 3788 nunquam
3124 3720 3308 3776 Ulfilas
3329 3722 3426 3776 du-

1837 3800 2031 3869 plicem
2062 3815 2255 3858 sonum
2289 3805 2449 3859 unico
2478 3807 2634 3875 signo
2670 3807 2986 3874 reddiderit,
3016 3819 3071 3863 et
3097 3810 3148 3863 in
3191 3818 3297 3864 tota
3327 3817 3437 3880 go.‘

1838 3889 1979 3946 thica
2011 3895 2274 3962 scriptura
2307 3897 2641 3965 compositus
2670 3913 2835 3952 sonus
2857 3900 2934 3952 tsk
2965 3916 3226 3969 nusquam
3255 3917 3423 3973 appa-

1837 3991 1973 4036 reat.
2004 3983 2174 4050 Quam
2210 3985 2570 4056 conjecturam
2605 3988 2742 4044 lhrei
2775 3990 2898 4044 licet
2922 3991 3033 4059 jam
3073 4007 3103 4045 a
3132 3993 3338 4048 Zahnio
3369 3996 3422 4050 in

1838 4074 2278 4131 annotationibus
2338 4076 2406 4130 ad
2466 4077 2738 4146 gothicum
2793 4079 3135 4150 alphabetum
3198 4084 3423 4154 gothica

1837 4165 2203 4231 grammaticae
2242 4165 2426 4220 Fuldae
2455 4170 2756 4237 prmpositis
2789 4179 2846 4224 ut
2875 4187 3080 4227 merum
3111 4173 3424 4244 figmentum

1837 4250 2138 4320 explosam,
2173 4253 2240 4308 de
2271 4269 2446 4321 novo,
2477 4257 2585 4312 alio
2612 4267 2791 4314 tamen
2818 4261 2978 4316 modo
3003 4266 3296 4334 exagitavit
3331 4265 3422 4329 ιν,

1838 4339 2129 4397 Grimmius
2154 4342 2354 4414 (Wien.
2382 4345 2568 4400 Jahrb.
2600 4340 2655 4417 'p.
2683 4351 2829 4420 7),in
2858 4351 2958 4406 hoc
2983 4353 3136 4422 signo
3161 4355 3419 4422 litteram,

1838 4438 1894 4485 et
1915 4433 2136 4502 quidem
2167 4437 2236 4489 dlt
2267 4438 2534 4494 valentem
2563 4438 2758 4497 iterum
2788 4457 3084 4513 agnoscens
3110 4462 3126 4509 ;
3174 4449 3270 4504 sed
3298 4450 3422 4506 huic

1836 4535 1972 4578 sono
1996 4525 2285 4594 respondet
2307 4527 2387 4599 ῴ,
2417 4538 2472 4582 ιιι
2500 4527 2633 4583 infra
2675 4529 2729 4601 (§
2762 4532 2855 4603 50)
2881 4533 3214 4590 ostendetur.
3241 4535 3424 4609 Neque

1837 4613 2038 4671 Jacobo
2078 4617 2339 4674 Grimmio
2381 4619 2584 4691 (Wien.
2622 4622 2813 4680 Jahrb.
2861 4639 2915 4695 p.
2947 4627 3040 4696 40)
3081 4628 3420 4700 displicebat,

1839 4716 1878 4778 ιι
1913 4706 2142 4761 litteram
2171 4723 2312 4774 esse,
2354 4711 2582 4780 negabat
2608 4724 2787 4772 autem
2818 4715 2901 4770 vir
2925 4715 3014 4771 ille
3043 4717 3257 4786 doctus,
3277 4725 3421 4793 quod

1837 4799 1903 4853 ad
1935 4799 2208 4867 gothicum
2237 4801 2579 4871 alphabetum
2609 4803 2726 4861 hanc
2751 4805 2926 4862 littera
2966 4811 3269 4872 necessario
3297 4829 3422 4884 per-

1839 4890 2055 4955 tineret,
2088 4906 2206 4946 eam
2237 4893 2549 4950 adscribens
2577 4895 2644 4950 ad
2693 4897 3036 4968 alphabetum
3083 4917 3150 4956 ex
3195 4919 3304 4972 quo
3330 4906 3422 4966 ille

1837 4979 2152 5050 prodierat;
2182 4984 2392 5039 confert
2417 4985 2668 5053 equidem
2695 4987 2981 5054 slavicum;
3008 4991 3144 5046 hanc
3172 5007 3302 5049 vero
3333 4995 3420 5052 lit-

1837 5077 2006 5124 teram
2040 5083 2146 5124 non
2173 5084 2298 5126 esse
2325 5071 2620 5139 dentalem,
2640 5075 2736 5130 sed
2763 5077 3087 5144 gutturalem
3119 5083 3417 5140 contendit.

1837 5159 2120 5231 Utcunque
2145 5174 2206 5216 se
2227 5159 2425 5216 habent
2449 5163 2570 5231 ista,
2599 5164 2812 5235 signum
2838 5165 2906 5220 de
2930 5181 3038 5236 quo
3059 5183 3201 5224 nunc
3223 5172 3420 5241 agitur,

1837 5266 1945 5306 non
1975 5261 2059 5306 est
2087 5250 2297 5320 gothica
2329 5251 2538 5319 littera,
2573 5253 2667 5308 sed
2701 5262 2904 5309 tantum
2936 5257 3230 5313 numeralis
3268 5270 3421 5330 nota,

1835 5338 1906 5395 90
1931 5340 2134 5405 valens,
2167 5336 2342 5408 koppa
2369 5339 2698 5406 Gmcorum,
2731 5341 2840 5397 vid.
2871 5343 3195 5414 Schneider,
3231 5346 3420 5401 Form-

1835 5429 1976 5484 lehre
2005 5429 2044 5495 l,
2076 5427 2214 5494 322;
2236 5428 2453 5483 Matthia
2477 5428 2686 5486 Griech.
2714 5429 2894 5486 Gram.
2924 5433 3080 5502 l,22;
3108 5435 3418 5508 Buttmann,

1837 5519 2041 5576 Griech.
2071 5519 2250 5576 Gram.
2274 5518 2318 5589 l,
2353 5519 2440 5576 I2.
2467 5519 2598 5577 inde
2622 5522 2712 5579 W.
2735 5523 3027 5582 Grimmius
3046 5542 3222 5598 meo
3245 5527 3422 5600 koppa

1835 5609 2105 5679 gothicum
2122 5616 2167 5661 II
2190 5608 2453 5666 infelicius
2465 5610 2797 5683 assimilavit,
2809 5617 2950 5687 quod
2968 5616 3132 5672 latino
3151 5636 3182 5686 (ι
3204 5623 3422 5690 proprie

1836 5700 2148 5770 respondet.
2201 5701 2276 5756 De
2307 5709 2505 5757 caetero
2531 5711 2577 5756 ιι
2611 5711 2667 5759 et
2705 5714 2742 5775 ιι
2771 5705 2958 5760 eodem
2997 5705 3158 5763 modo
3188 5709 3330 5764 inter
3357 5725 3421 5766 se

1835 5793 2154 5860 convenire,
2184 5802 2343 5863 atque
2370 5809 2602 5865 gmcum
2632 5793 2803 5869 kappa
2835 5804 2891 5854 et
2925 5798 3114 5872 koppa,
3144 5815 3305 5859 nemo
3335 5812 3421 5862 est
