4080 6196
327 325 431 379 909

466 437 541 516 η(
599 444 696 503 pro
733 431 826 503 Illi
879 432 1053 490 Skeir.
1084 432 1142 498 ll,
1170 447 1229 497 a;
1263 430 1348 495 Vl,
1383 431 1449 495 b;
1477 429 1606 484 Tab.
1640 427 1702 495 ll,
1729 445 1784 482 ιι.

453 526 554 585 bN
595 540 690 596 pro
733 524 850 581 NN
896 523 1068 580 Skeir.
1105 524 1190 590 Vl,
1219 538 1269 578 c.

461 615 549 672 te.
587 630 686 685 pro
727 613 836 670 NA
873 614 1009 672 'l‘im.
1036 613 1100 676 ll,
1123 629 1182 677 ιι,
1202 614 1306 677 24;
1338 627 1418 678 ιιι,
1451 613 1501 676 l,
1528 610 1582 664 Ξ.

471 707 543 763 IS
591 721 686 775 pro
725 703 824 759 ΝΞ
861 704 1038 760 Skeir.
1068 703 1157 770 Vl,
1184 719 1245 768 a;
1277 702 1386 767 Vl‘,
1416 701 1472 756 b.

477 798 556 869 μί,
597 813 690 868 pro
730 795 832 899 pq.
869 797 1009 878 lvhre,
1051 811 1104 866 p.
1143 797 1260 852 ιρι.

476 895 539 1010 ill
599 951 695 1007 ιπο
731 895 839 1009 diti
877 936 1003 990 Luc.
1035 950 1110 1000 ιιι,
1147 937 1198 990 1.

331 1071 456 1126 llzee
492 1069 859 1124 abbreviatura
888 1065 1172 1121 adhibetur
1209 1065 1369 1120 etiam
1396 1064 1448 1118 in
1473 1063 1661 1120 codice
1693 1062 1910 1118 ambro-

329 1164 485 1217 siano
517 1174 611 1229 pro
639 1157 826 1230 [)airIt,
861 1155 970 1210 vid.
997 1155 1160 1210 tabul.
1184 1155 1326 1220 ιιιοι,
1351 1170 1406 1208 ιι.

410 1272 428 1305 ι
459 1258 476 1276 ⁸
506 1252 669 1322 Signo
708 1255 782 1275 ¹““““
829 1247 1090 1303 vocabula
1141 1247 1193 1301 in
1243 1246 1483 1316 margine
1523 1255 1774 1301 annutata
1828 1246 1910 1302 vel

333 1344 625 1408 lllustrata,
658 1354 864 1395 necnon
895 1346 950 1392 et
977 1337 1170 1407 glosse
1199 1337 1329 1406 ipsa:
1356 1346 1411 1392 et
1449 1336 1723 1391 variantes
1771 1337 1911 1390 indi-

333 1442 542 1496 cantur,
571 1429 710 1496 lhre,
743 1443 796 1498 p.
827 1427 951 1482 l90.
980 1426 1134 1481 Aliud
1179 1427 1422 1496 signum,
1453 1426 1660 1481 scilicet
1685 1427 1753 1497 |-,
1785 1425 1909 1481 Cor.

335 1519 386 1585 Ι,
439 1534 560 1584 xnt,
606 1520 674 1584 3;
731 1533 825 1586 xv,
875 1518 946 1571 3'5
997 1515 1256 1571 vocabulo
1327 1523 1505 1570 textus
1562 1516 1614 1570 in
1675 1515 1915 1586 margine

334 1609 571 1679 glossato
601 1606 996 1677 superponitur.
1023 1605 1164 1660 Idem
1188 1606 1396 1675 signum
1423 1606 1584 1662 etiam
1610 1605 1747 1676 Eph.
1779 1621 1816 1670 ι,
1849 1605 1915 1660 l9

335 1712 390 1756 et
419 1716 476 1769 ιι,
502 1701 567 1755 to
605 1709 748 1754 stare
776 1699 1008 1753 videtur.
1040 1698 1250 1768 Deniqu
1273 1718 1282 1747 ε
1305 1698 1540 1753 crassius
1574 1708 1826 1768 punctum
1859 1699 1910 1753 in

335 1790 599 1847 vocabulo
614 1800 788 1845 textus
812 1790 895 1858 ﬁgi
916 1797 1112 1858 putest,
1134 1798 1191 1843 ut
1206 1788 1324 1843 Gal.
1341 1805 1399 1856 ιι,
1416 1790 1470 1851 '5,
1486 1789 1547 1855 8;
1567 1788 1754 1856 Tim.l,
1771 1804 1806 1854 ι,
1821 1788 1873 1841 5.
1890 1807 1908 1840 ι

415 1897 436 1931 ι
460 1878 487 1950 ς
520 1878 605 1934 l8.
637 1877 928 1933 Annotatio
955 1876 1008 1930 8.
1036 1906 1100 1914 —
1133 1877 1413 1946 Scriptura
1442 1877 1652 1931 litterali
1677 1876 1913 1932 nondum

337 1971 644 2035 adinventa,
676 1968 835 2024 Gothi
882 1967 1120 2022 runicam
1166 1967 1514 2038 probabiliter
1556 1967 1912 2036 usurpabant,

339 2075 444 2131 qua
467 2071 520 2117 et
544 2059 636 2115 alii
664 2057 914 2114 Germani
945 2059 1248 2113 utebantur.
1282 2059 1431 2114 llanc
1460 2060 1698 2113 runicam
1727 2061 1916 2114 verisi-
1992 2092 1994 2095 -

342 2150 538 2204 mi-liter
585 2157 909 2204 vocaverunt
953 2164 984 2202 a
1031 2150 1245 2220 gothico
1295 2165 1475 2215 ranos,
1506 2148 1682 2219 quod,
1714 2149 1837 2205 licet
1864 2152 1915 2205 in

342 2239 625 2294 bibliorum
654 2239 901 2293 versione
934 2254 1074 2293 ttunc
1102 2239 1276 2293 adhuc
1303 2243 1584 2314 μυστήριον
1624 2239 1913 2310 signiﬁcet,

340 2326 504 2382 etiam
526 2341 625 2397 pro
649 2327 806 2398 βουλή
827 2336 881 2382 et
901 2325 1210 2398 συμϐούλιον
1232 2336 1518 2397 usurpatur
1539 2327 1672 2397 (vid.
1693 2328 1880 2398 gloss.)
1903 2346 1915 2380 :

341 2417 544 2483 pariter
595 2416 1058 2487 anglosaxonicum
1103 2432 1201 2470 run
1235 2419 1329 2470 has
1360 2432 1549 2472 omnes
1577 2418 1921 2487 signiﬁcatio-

317 2531 319 2533 ί
342 2520 440 2561 nes
457 2505 632 2560 habet.
660 2507 834 2562 llastte
852 2507 1147 2562 litteratum
1169 2507 1479 2578 (elementa)
1499 2509 1712 2577 gothicc
1729 2508 1886 2562 dicun
1899 2537 1920 2549 -

343 2611 431 2656 tur
453 2603 633 2656 stabeis
659 2602 944 2673 (στοιχιῖα,
971 2603 1095 2656 coll.
1122 2600 1240 2656 Gal.
1268 2617 1342 2669 tv,
1367 2603 1422 2667 3,
1451 2603 1516 2667 9;
1547 2602 1660 2656 Col.
1691 2617 1756 2668 ιι,
1789 2601 1917 2672 20);

343 2695 506 2749 varia:
552 2693 780 2759 lineolar,
831 2695 1038 2760 uneini,
1090 2705 1302 2763 puncta,
1336 2709 1569 2758 cornua,
1614 2695 1768 2746 tritas
1813 2693 1920 2762 (κει

345 2793 511 2859 ραῖαι,
554 2784 680 2839 Luc.
706 2799 822 2852 χιιι,
855 2783 967 2852 l7),
1009 2785 1194 2838 strikos
1237 2785 1498 2862 (κεραῖαι,
1543 2785 1670 2839 Μιιι.
1704 2799 1762 2851 v,
1796 2783 1918 2852 18),

343 2877 496 2930 stikos
545 2877 812 2950 (στιγμαί,
840 2878 966 2931 coll.
1002 2878 1131 2933 Luc.
1164 2893 1233 2941 tv,
1268 2879 1378 2948 l5).
1421 2879 1750 2946 Scripturam
1784 2893 1920 2932 nun-

345 2967 607 3036 cupabant
630 2966 776 3034 boka,
807 2967 888 3020 vel
919 2969 1254 3021 communitis
1279 2968 1332 3022 in
1364 2967 1553 3037 plurali
1583 2981 1806 3022 numero
1832 2967 1922 3020 bo-

341 3058 459 3122 kos;
500 3072 672 3126 neque
697 3057 838 3111 aliud
867 3073 1057 3112 nomen
1089 3058 1285 3112 habent
1313 3055 1521 3122 littera},
1551 3057 1737 3111 charta
1771 3056 1922 3110 testi-

348 3149 616 3215 licatoria,
674 3147 726 3201 in
794 3147 1006 3214 neapol.
1067 3147 1440 3215 documento,
1535 3163 1691 3216 quam
1761 3145 1920 3213 boka,

347 3239 478 3292 alias
515 3239 568 3292 in
617 3239 754 3307 plur.
798 3238 970 3304 bolsos,
1019 3253 1226 3294 necnon
1273 3249 1323 3294 et
1371 3238 1555 3293 charta
1608 3238 1917 3306 creditoris,

348 3329 678 3396 sponsatoia
725 3329 1054 3402 (γράμματα,
1091 3329 1218 3384 Luc.
1245 3345 1361 3393 xvi,
1391 3329 1447 3393 6,
1475 3327 1562 3399 7);
1605 3328 1788 3384 charta
1838 3331 1923 3397 pi-

349 3420 650 3486 gnoratoria
684 3420 1068 3495 (χειρόγραφον,
1095 3418 1212 3473 Col.
1253 3435 1318 3483 ιι,
1354 3421 1445 3488 14)
1476 3427 1557 3474 est
1586 3417 1923 3488 vadjubokos;

343 3508 559 3562 libellus
584 3511 784 3578 repudii
813 3511 1170 3578 (ἀποστάσιον,
1200 3511 1299 3564 MC.
1329 3525 1438 3575 XIX,
1468 3509 1534 3575 4;
1567 3511 1696 3564 ΜιΙι.
1722 3525 1778 3576 v,
1803 3509 1920 3578 51),

341 3599 498 3654 takes
549 3603 841 3670 afsateinais
884 3603 966 3657 vel
1016 3602 1168 3656 boltos
1214 3603 1516 3670 afstassais,
1557 3601 1926 3657 denominatio

345 3693 507 3748 etiam
553 3707 649 3762 pro
693 3694 918 3762 epistola
961 3695 1244 3766 (ἐπιστολῇ)
1295 3703 1579 3762 usurpata,
1636 3695 1744 3748 vid.
1776 3695 1926 3763 glos-

343 3798 488 3846 sar.,
522 3781 577 3834 h.
610 3797 695 3845 v.;
742 3782 874 3836 liber
902 3791 1079 3836 autem
1121 3784 1347 3852 (βίϐλος,
1381 3785 1592 3854 βιϐλίον)
1626 3783 1738 3836 vid.
1767 3781 1923 3848 ibid.,

344 3881 399 3928 ἰιι
431 3888 591 3928 sensu
620 3873 934 3940 christiano,
967 3873 1019 3927 id
1048 3883 1161 3942 est,
1195 3875 1504 3944 signiﬁcans
1535 3876 1728 3928 librum
1763 3875 1926 3928 libro-

343 3981 497 4033 rum,
545 3965 706 4022 biblia
755 3967 982 4041 (γραῖαί)
1029 3965 1216 4021 eodem
1266 3968 1524 4022 vocabulo
1571 3966 1728 4032 boka,
1775 3967 1926 4021 bokos

342 4063 670 4128 designatur.
709 4058 848 4113 Boka
896 4060 1105 4114 tandem
1158 4061 1354 4125 littera,
1403 4074 1581 4129 graeco
1623 4063 1840 4135 γράμμα
1871 4068 1927 4114 et

351 4150 658 4226 γράμματα,
687 4165 890 4204 necnon
927 4160 980 4204 et
1018 4153 1184 4205 latino
1228 4152 1430 4214 littera,
1463 4151 1665 4216 (inerat,
1703 4164 1927 4217 respon-

346 4247 442 4298 det
469 4241 646 4310 (Rom.
675 4259 762 4307 vn,
793 4244 858 4308 6;
899 4243 1023 4299 Cor.
1067 4245 1139 4312 ll,
1170 4261 1256 4311 ιιι,
1291 4243 1357 4309 6;
1388 4243 1647 4312 imprim's
1695 4241 1816 4295 Gal.
1839 4257 1922 4307 vr,

346 4332 464 4399 ιι),
492 4342 540 4386 et
572 4331 722 4386 bokos
761 4348 856 4401 pro
900 4334 1142 4399 scientia,
1185 4335 1570 4403 scripturarum
1616 4332 1926 4402 cognitione

1705 317 1792 372 DE
1831 315 2284 373 PROLATIONE.

3488 308 3590 363 9l0

2011 429 2294 484 adhibetur
2339 426 2515 495 (Joao.
2561 441 2660 480 vn.
2712 425 2823 493 l5).
2869 423 3272 492 Consequentcr
3313 420 3590 488 scriptura:

2009 518 2203 572 eruditi
2245 515 2382 582 apud
2426 515 2639 573 indutos
2688 512 3052 588 (γραμματεῖς)
3110 523 3305 566 nomen
3355 508 3591 577 bokurjos

2013 609 2216 662 habent
2268 605 2418 676 (vid.
2461 606 2627 674 gloss.
2671 603 2725 657 h.
2759 603 2880 673 v.),
2925 603 3067 673 quod
3119 599 3332 671 proprie
3373 599 3592 652 scribam

2011 697 2307 768 significat,
2350 695 2460 750 vid.
2499 696 2714 749 docum.
2773 695 2983 760 neapol.
3030 693 3134 747 Pro
3175 691 3400 759 epistola
3446 691 3593 761 (ἔτ-ιο

2012 789 2202 861 στολῇ)
2257 788 2590 856 paulinarum
2639 786 2988 855 ep'stolarum
3043 784 3306 852 interpres
3361 796 3592 852 graecum

2009 879 2282 946 aipistaule
2333 878 2480 950 (vid.
2533 877 2697 946 gloss.
2739 876 2793 930 h.
2842 877 2933 945 v.)
2991 878 3043 929 in
3083 891 3243 930 sensu
3298 874 3592 928 litterarum

2011 968 2422 1038 apostolicarum
2451 968 2743 1034 usurpavit.
2775 964 2944 1036 Sigljo
2982 965 3212 1034 sigillum
3247 963 3510 1038 (σγραγίς)
3540 973 3596 1017 et

2013 1059 2498 1131 sigljan,gasigljun
2527 1058 2762 1128 sigillare
2788 1055 3127 1133 (σφραγτίιν)
3155 1057 3383 1125 σοιιιιιιω
3404 1056 3596 1124 linguas

2013 1152 2284 1222 proprium
2309 1151 2723 1220 cst(vid.gloss.
2742 1149 2834 1204 hlt.
2853 1149 2989 1215 vv.).
3017 1149 3215 1204 Praeter
3237 1148 3386 1203 bokos
3417 1150 3598 1203 valens

2013 1242 2272 1311 sctiplttm
2297 1285 2311 1310 ,
2355 1242 2710 1311 scripturam,
2766 1254 2975 1294 sacram
3027 1240 3318 1308 prazcipue,
3358 1239 3508 1294 adest
3544 1248 3600 1294 et

2015 1332 2145 1386 mela
2189 1332 2327 1402 (Mc.
2362 1347 2457 1395 ιιι,
2482 1331 2586 1395 24;
2626 1331 2753 1384 an.
2785 1345 2858 1398 tv,
2898 1329 3002 1393 2|;
3035 1327 3191 1384 Joan.
3224 1347 3276 1394 ι’,
3307 1330 3397 1398 Π)
3425 1337 3480 1383 et
3509 1345 3600 1400 ga-

2015 1421 2225 1475 meleius
2253 1419 2431 1492 (Joan.
2457 1434 2560 1483 vn,
2585 1421 2675 1485 58,
2709 1420 2810 1486 42;
2840 1420 2968 1474 Cor.
2995 1419 3060 1482 ll,
3087 1434 3170 1484 ιιι,
3197 1420 3266 1484 7;
3299 1421 3437 1474 'l‘im.
3470 1421 3507 1484 Ι,
3542 1436 3598 1488 v,

2019 1516 2132 1586 l8),
2161 1515 2246 1570 vel
2279 1514 2606 1584 frequentius
2637 1513 2768 1584 pata
2799 1513 3052 1585 gamelido
3076 1512 3208 1582 (vid.
3238 1513 3397 1580 gloss.
3425 1513 3598 1580 h.v.),

2017 1605 2354 1675 participium
2383 1613 2536 1676 prazt.
2559 1619 2589 1657 a
2615 1606 2875 1673 gameljan
2893 1644 2907 1668 ,
2941 1604 3082 1674 quod
3113 1604 3270 1657 simul
3296 1615 3456 1674 atque
3481 1605 3603 1659 sim-

2022 1697 2141 1765 plex
2183 1697 2373 1767 meljan
2423 1695 2659 1750 scribere
2691 1694 2941 1766 (γράφειν)
2985 1693 3280 1762 signillcat;
3329 1694 3470 1748 unde
3519 1694 3602 1765 nf-

2019 1789 2208 1860 meljatt
2235 1787 2591 1854 subscribere,
2609 1786 2920 1856 ufarmeljau
2941 1785 3237 1840 inscribere
3258 1786 3601 1864 (ἐπιγράφειν,

2023 1877 2132 1934 vid.
2176 1879 2330 1950 ibid.)
2373 1893 2494 1933 cum
2537 1877 2776 1948 ufarmeli
2819 1877 2902 1932 vel
2950 1877 3280 1948 ufurmeleins
3325 1878 3602 1948 inscriptio

2021 1969 2317 2046 (ἐπιγραφή,
2341 1969 2450 2025 vid.
2475 1968 2656 2037 ibid.).

2096 2079 2114 2112 ι
2132 2062 2204 2114 De
2228 2062 2452 2114 materia
2475 2071 2655 2115 autem
2678 2061 2731 2116 in
2755 2075 2857 2129 qua
2881 2058 3218 2129 scripserunt
3236 2058 3604 2128 primoGothi,

2021 2150 2152 2204 nihil
2191 2152 2323 2205 certi
2368 2151 2645 2216 novimus;
2679 2151 2823 2220 quod
2869 2151 3016 2205 enim
3064 2149 3320 2205 arborum
3350 2151 3606 2208 corticem

2022 2241 2078 2295 in
2127 2241 2270 2298 hunc
2322 2257 2476 2297 usum
2527 2243 2892 2296 converterint
2923 2255 3226 2311 norm-nque
3263 2241 3388 2296 boku
3427 2242 3497 2296 ab
3525 2257 3606 2296 ar-

2025 2333 2171 2388 boris
2201 2333 2442 2396 nomine,
2472 2331 2921 2402 quemadmodum
2953 2332 3081 2386 liber
3111 2332 3338 2388 mutuati
3376 2331 3608 2398 fuerint,

2023 2437 2056 2478 e
2097 2438 2245 2478 mera
2299 2423 2608 2492 conjectura
2647 2432 2880 2478 constat.
2931 2422 3122 2478 Postea
3171 2437 3304 2478 vero
3351 2425 3608 2478 societate

2024 2527 2145 2567 cum
2194 2514 2398 2568 Grmcis
2446 2514 2602 2578 inita,
2654 2528 3032 2582 pergamenum
3084 2513 3476 2581 adhibuerunt,
3525 2516 3609 2570 vel

2023 2603 2215 2658 saltem
2263 2618 2362 2672 pro
2389 2619 2454 2657 eo
2498 2617 2690 2657 nomen
2740 2603 3060 2656 maimbrana
3103 2604 3266 2673 (Tim.
3298 2605 3372 2672 ll,
3414 2621 3486 2671 tv,
3520 2605 3609 2674 15)

2026 2705 2371 2762 accepcrunt,
2409 2711 2438 2749 c
2465 2709 2641 2764 graeco
2668 2697 2936 2768 μεμϐρὰνα
2962 2695 3318 2764 exscriptum.
3343 2696 3460 2750 Jam
3484 2713 3608 2752 vero

2027 2800 2216 2839 omnes
2259 2785 2456 2856 gothici
2505 2785 2850 2854 manuscripti
2881 2784 3097 2839 codices
3137 2786 3226 2854 qui
3275 2785 3342 2838 ad
3385 2801 3482 2840 nos
3527 2803 3609 2840 us-

2028 2893 2131 2946 que
2162 2887 2550 2945 perveneront,
2583 2876 2634 2929 in
2674 2890 2994 2945 pergameno
3023 2883 3152 2929 sunt
3181 2877 3502 2946 conscripti;
3536 2879 3609 2932 in.

2032 2975 2113 3020 ter
2159 2979 2294 3035 quos
2339 2965 2541 3019 eminet
2585 2965 2753 3019 codex
2785 2975 3071 3034 argenteus
3113 2965 3166 3019 in
3215 2969 3378 3020 rubro
3428 2982 3611 3038 perga-

2028 3073 2208 3125 meuo,
2244 3057 2541 3124 litterisque
2571 3056 2842 3128 argenteis
2887 3065 2943 3110 et
2984 3058 3166 3111 aureis
3195 3067 3466 3126 exaratos,
3500 3059 3611 3113 vid.

2027 3150 2269 3222 Prolegg.
2308 3152 2393 3207 col
2425 3151 2528 3205 489
2553 3167 2674 3220 sq.;
2712 3151 2764 3206 in
2798 3165 2998 3222 papyro
3025 3151 3237 3221 quidem
3268 3152 3618 3206 conscribitur

2027 3239 2408 3296 documentum
2471 3242 2905 3308 neapolitannm,
2975 3239 3070 3294 sed
3131 3254 3236 3293 non
3295 3255 3359 3295 ex
3413 3240 3612 3309 integro

2025 3329 2296 3398 gotbicum
2325 3339 2426 3384 est.
2458 3330 2662 3385 Mature
2711 3333 2762 3384 in
2810 3331 3000 3384 librum
3027 3329 3156 3383 folia
3188 3330 3491 3384 coadunare
3524 3331 3614 3386 de-

2029 3418 2288 3485 buerunt,
2316 3435 2438 3473 cum
2467 3421 2576 3488 jam
2607 3422 2658 3472 in
2692 3419 2975 3474 bibliornm
3001 3420 3248 3475 versione
3272 3434 3392 3476 voc.
3422 3421 3621 3490 spildos

2030 3507 2554 3578 (πινακίδια,πλάκε;,
2579 3508 2688 3580 Luc
2728 3525 2764 3575 ι,
2792 3511 2887 3574 6'5;
2917 3507 3041 3564 Cor.
3059 3510 3120 3576 ll,
3140 3526 3220 3578 ιιι,
3242 3511 3319 3581 5),
3351 3523 3615 3570 occurrat.

2108 3618 2127 3651 ι
2154 3601 2340 3666 Quoad
2374 3616 2500 3655 vero
2529 3602 2945 3656 instrumentum
2977 3617 3082 3672 quo
3114 3603 3164 3656 in
3195 3603 3478 3658 scribendo
3507 3614 3616 3659 ute-

2030 3691 2253 3756 bantur,
2300 3706 2469 3760 penna
2501 3701 2618 3745 crat
2657 3691 2840 3762 nigra,
2881 3692 3088 3746 scartisl
3118 3693 3202 3747 vel
3243 3694 3480 3748 svartisla
3512 3695 3616 3764 (μέ‹

2029 3784 2142 3849 λαν,
2171 3784 2334 3854 gloss.
2362 3784 2417 3838 h.
2453 3787 2552 3852 v.),
2583 3784 2944 3839 verisimiliter
2970 3786 3229 3850 calamus,
3269 3801 3410 3849 rans,
3439 3801 3615 3854 quem-

2032 3877 2320 3931 admodum
2366 3878 2486 3931 alia:
2530 3877 2858 3930 calamorum
2907 3879 3115 3946 specit-s
3167 3880 3476 3949 (κάλαμος),
3509 3878 3616 3932 vid.

2031 3968 2196 4034 gloss.
2245 3967 2296 4019 b.
2343 3984 2430 4033 v.,
2477 3976 2763 4036 utrumque
2800 3967 3027 4036 gotbicte
3057 3967 3253 4037 lingua:
3281 3969 3618 4024 vocabulum.

2033 4056 2236 4126 Legcre
2281 4065 2336 4109 ct
2385 4058 2631 4122 recitare,
2679 4057 2891 4126 siggt-un
2919 4065 2974 4111 et
3019 4058 3322 4128 ussiggvan,
3356 4057 3497 4114 idem
3539 4067 3618 4118 est

2035 4149 2382 4212 vocabulum,
2431 4149 2734 4202 cantionem
2769 4150 2854 4202 vel
2901 4149 3350 4206 declamationem
3401 4153 3618 4221 popula.

2034 4244 2170 4296 rium
2221 4242 2611 4295 cantilenarum
2671 4240 3014 4310 significans;
3087 4242 3232 4298 unde
3271 4243 3430 4300 lectio
3481 4244 3618 4314 (aud:-

2035 4356 2220 4406 γνωσις
2253 4333 2394 4388 Tim.
2423 4333 2464 4399 1,
2489 4348 2565 4397 Iv,
2596 4333 2684 4399 l5)
2712 4349 2892 4404 saggvs
2921 4334 3263 4404 exponitur.»

1522 4824 1660 4894 DE
1738 4820 2466 4895 PROLATIONE.

426 5003 457 5074 §
491 5002 575 5057 l9.
599 4999 655 5056 Si
678 4999 892 5071 quidem
920 5011 1055 5068 pene
1076 5004 1159 5053 est
1187 4995 1514 5066 impossibile
1541 4996 1698 5064 plena
1728 4994 1933 5050 securi-

351 5107 465 5156 tate
512 5094 773 5152 sermonis
817 5093 1035 5149 extincti
1083 5090 1438 5160 prolationem
1477 5088 1735 5155 delinire,
1785 5098 1930 5142 certa

353 5203 530 5245 tamen
563 5193 840 5242 remanent
867 5183 1080 5247 indicia,
1106 5181 1297 5252 quibus
1324 5181 1578 5250 pensatis,
1610 5179 1674 5232 ad
1719 5178 1934 5250 fugaces

353 5293 518 5335 sonos
549 5277 825 5346 scripturae
850 5274 1016 5344 signis
1045 5273 1470 5327 circumvestitos
1499 5271 1778 5340 pervenire
1809 5285 1933 5340 pos-

352 5383 564 5426 sumus.
603 5368 721 5422 Jam
745 5381 871 5421 vero
899 5379 1016 5435 quae
1046 5364 1239 5418 indicia
1267 5363 1512 5432 gothicus
1539 5377 1718 5417 sermo
1750 5361 1931 5431 singu-

353 5464 540 5519 lariter
565 5475 674 5530 pra:
697 5475 756 5514 se
778 5458 902 5522 fert,
934 5457 998 5510 ad
1025 5455 1302 5526 sequentia
1333 5454 1636 5510 referuntur
1661 5471 1675 5508 :
1710 5453 1762 5524 l)
1789 5453 1932 5509 litte-

355 5567 533 5607 rarum
578 5550 847 5612 habitum,
891 5555 1047 5616 prout
1091 5559 1124 5599 e
1169 5544 1350 5614 lingua
1399 5543 1554 5600 nobis
1599 5558 1702 5598 non
1755 5543 1931 5613 ign0ta

357 5653 533 5697 ortum
565 5642 796 5706 ducant;
826 5638 883 5710 2)
913 5637 1256 5708 seriptionem
1286 5636 1668 5691 vocabulorum
1697 5635 1936 5706 peregri-

356 5750 550 5793 norum
582 5745 637 5792 ct
678 5735 950 5791 nominum
981 5729 1346 5802 propriorum;
1382 5727 1440 5800 3)
1468 5727 1678 5784 litteras
1705 5727 1843 5783 inter
1872 5740 1934 5783 se

2035 5004 2410 5062 commutatas,
2427 4995 2538 5050 sive
2556 4995 2660 5050 hoc.
2671 4994 2761 5050 liat
2776 5009 2840 5052 ex
2855 4996 3058 5066 regula,
3077 4995 3192 5051 sive
3205 5010 3270 5052 ex
3284 4996 3624 5054 librariorum

2037 5087 2226 5141 menda
2247 5102 2260 5150 ;
2280 5086 2510 5154 denique
2526 5083 2896 5154 4)ana10giam
2920 5095 3266 5154 cognatorum
3291 5102 3367 5142 se~
3383 5103 3626 5143 menum.

2109 5177 2256 5231 Licet
2282 5188 2458 5228 autem
2489 5173 2623 5228 infra
2642 5213 2657 5238 ,
2684 5175 3064 5228 auxiliantibus
3090 5174 3174 5231 his
3201 5175 3434 5243 indiciis,
3463 5191 3626 5232 sonos

2042 5268 2270 5337 gotbicae
2322 5265 2513 5334 lingua;
2553 5265 2852 5319 instaurare
2891 5263 3254 5332 intendamus,
3291 5267 3626 5321 animadver-

2042 5369 2154 5413 tere
2197 5368 2373 5411 tamcn
2416 5358 2510 5410 abs
2541 5371 2601 5411 re
2640 5371 2743 5409 non
2789 5365 2871 5410 est
2921 5370 3021 5410 nos
3061 5366 3253 5426 quarto
3283 5356 3500 5426 indicio,
3532 5370 3626 5410 co-

2041 5460 2320 5522 gnatorum
2343 5449 2544 5504 scilicet
2566 5463 2873 5503 sermonum
2892 5449 3370 5519 analogia,nonnisi
3393 5449 3625 5505 maxima

2040 5541 2286 5596 cautione
2302 5555 2426 5594 usos
2443 5538 2577 5605 fore,
2595 5548 2648 5594 et
2667 5539 2766 5594 hoc
2777 5554 2839 5593 ex
2862 5540 3139 5610 multiplici
3159 5541 3384 5594 ratione.
3406 5539 3621 5595 Etenim

2040 5634 2253 5704 gotbica
2283 5632 2482 5702 lingua,
2508 5630 2658 5702 quasi
2684 5645 2865 5685 ramus
2889 5632 3212 5700 germanica‘.
3239 5631 3423 5699 stirpis
3447 5645 3626 5686 emor-

2044 5734 2186 5791 tuus,
2217 5725 2272 5780 in
2300 5723 2542 5796 cognatis
2573 5723 2766 5794 linguis
2805 5721 2950 5777 nulla
2993 5723 3075 5779 sui
3106 5730 3256 5793 parte
3279 5722 3393 5794 jam
3435 5737 3625 5795 super-
