4080 6196
579 323 672 378 9η

581 437 736 500 stitit,
756 453 926 508 neque
959 440 1046 494 ulli
1075 441 1312 510 ejusdem
1349 445 1519 497 atatis
1547 446 1790 512 eontponi
1821 455 2011 514 potest,
2030 461 2150 500 cum

582 527 1072 596 Longohztrdorum,
1111 532 1418 586 Vantlalium
1439 574 1452 596 ,
1486 534 1943 602 liurgundiuorum
1975 547 2028 591 et
2048 554 2151 592 ca:-

579 626 812 671 terorum
837 620 1026 687 linguae
1059 620 1300 672 similiter
1330 621 1575 676 extincta:
1597 622 1722 676 sint.
1749 623 1909 678 Vetus
1933 627 2151 678 Genna-

581 721 768 760 norum
818 709 1062 777 superior
1105 722 1285 763 sermo
1327 709 1462 778 ipse,
1493 712 1581 781 qui
1611 713 1850 768 omnium
1881 714 1946 768 ad
1977 716 2151 784 gothi-

574 809 695 849 cum
728 797 966 864 proxime
1004 797 1239 862 accedit,
1271 815 1445 869 neque
1493 801 1558 855 ab
1589 816 1656 856 eo
1701 815 1805 854 tam
1839 803 2151 858 immediate

576 886 773 949 oritur,
803 896 862 938 ut
905 887 1022 953 ejus
1073 889 1350 956 prognatio
1385 890 1492 944 dici
1537 899 1728 960 queat,
1775 907 1947 960 neque
1993 901 2152 946 actate

576 982 681 1028 tam
709 976 930 1040 vicinus,
961 987 1017 1030 ut
1042 977 1157 1046 ejus
1195 979 1479 1033 consocius
1527 980 1821 1048 nuncupari
1852 981 2038 1049 possit.
2073 981 2151 1036 Eo

575 1063 734 1132 igitur
755 1066 808 1119 in
853 1065 1235 1136 investigandis
1261 1067 1489 1136 gOthicm
1522 1067 1716 1137 linguae
1745 1069 1894 1124 sonis
1923 1084 1988 1123 ex
2017 1084 2149 1124 ana—

1625 333 2072 391 CRAMMATICA
2103 335 2142 390 G

2251 327 2428 392 tum:
2469 339 2770 398 LINGUAi.
3700 362 3780 418 ste

2260 449 2394 518 logia
2428 453 2622 506 veteris
2652 457 2970 522 germanica:
3000 472 3169 528 major
3198 462 3398 515 cautela
3443 464 3659 524 habenda
3685 486 3777 540 est,

2259 554 2363 603 quo
2404 540 2673 608 preprium
2725 543 2884 610 hujus
2925 555 3158 615 systcma
3204 549 3469 605 confusius
3509 565 3582 608 est
3616 569 3662 612 et
3700 575 3776 629 pe-

2258 626 2497 681 ritissimi
2555 629 2652 682 viri
2693 647 2835 686 nunc
2889 634 3064 689 adhuc
3108 636 3265 693 hodie
3321 639 3499 696 incerti
3554 626 3781 715 magisiiu

2258 719 2520 772 contraria
2562 720 2900 778 scinduntur.
2932 726 3228 782 Abstractis
3272 731 3428 786 etiam
3470 735 3549 789 his
3596 738 3778 807 ingratis

2259 807 2694 875 circumstantiis,
2725 826 2940 882 semper
2970 816 3352 885 imprudenter.
3377 824 3506 892 agit,
3536 828 3617 892 qui
3649 844 3780 886 sonos

2263 897 2457 966 linguae
2486 899 2697 954 collatis
2721 912 2962 978 cognata:
3001 909 3150 962 sonis
3176 923 3484 979 Comparare
3512 916 3654 980 velit,
3679 933 3776 973 cum

2265 1001 2549 1069 sermones
2569 989 2730 1045 etiam
2755 996 3117 1063 cognatissimi
3146 999 3341 1068 saepius
3369 1004 3511 1056 sonis
3539 1007 3784 1074 plurimum

2261 1072 2592 1144 discrepent.

2103 1192 3772 1229 Ἧ-

1857 1296 1908 1355 l.
1951 1292 2056 1355 DE
2101 1294 2554 1360 VOCALIBUS.

648 1433 676 1502 §
727 1430 816 1486 ‘20.
879 1430 1016 1485 Sunt
1077 1429 1303 1500 gothicas
1359 1431 1550 1501 lingua:
1602 1432 1835 1501 quinque
1887 1431 2157 1502 simplices

578 1523 788 1577 vocales
820 1537 832 1572 :
874 1536 938 1585 a,
970 1535 1017 1584 ε,
1051 1519 1097 1583 i,
1131 1535 1198 1582 ιι,
1223 1535 1273 1586 ο,
1306 1530 1362 1576 et
1387 1529 1618 1590 quatuor
1655 1519 1970 1590 diphthongi
2014 1536 2028 1574 :
2072 1520 2152 1585 αἱ,

574 1628 670 1678 au,
701 1627 778 1678 et,
807 1626 881 1663 tu.

2263 1443 2394 1502 test,
2421 1446 2545 1491 ante
2569 1440 2652 1494 vel
2682 1449 2799 1508 post
2823 1441 3120 1511 quamlibet
3146 1457 3522 1504 consonantem
3549 1459 3676 1508 stare
3699 1469 3784 1510 non

2258 1542 2585 1596 repugnans.
2614 1530 2702 1586 Sic
2726 1547 2741 1584 :

2325 1620 2380 1688 α)
2407 1619 2589 1674 Initio:
2615 1622 2731 1688 aba,
2752 1624 2881 1694 agis,
2909 1625 3086 1694 adam,
3109 1631 3265 1699 aqizi,
3293 1641 3450 1699 azels,
3473 1635 3587 1701 alia,
3605 1636 3785 1709 appoti,

647 1721 667 1754 ι
699 1699 1004 1756 Annotatio.
1033 1730 1096 1740 —
1120 1700 1282 1756 Sexta
1304 1701 1520 1769 vocalis,
1556 1720 1608 1773 ξι,
1644 1703 1693 1757 in
1725 1704 1856 1758 solis
1883 1701 2156 1758 vocabulis
2255 1709 2346 1774 alt,
2378 1711 2498 1777 alls,
2544 1729 2730 1779 animo,
2780 1733 2911 1784 ana,
2943 1719 3211 1792 ajukdups
3233 1762 3248 1786 ,
3310 1699 3651 1794 apauslaultts;
3673 1699 3784 1795 ἀνὰ,

574 1789 865 1861 peregrinis
895 1789 1125 1844 occurrit
1155 1805 1251 1844 nec
1280 1790 1346 1844 ad
1377 1792 1640 1860 gothicam
1671 1791 1903 1862 linguam
1931 1793 2150 1862 proprie

574 1884 833 1954 pertinet,
868 1882 974 1936 vid.
1007 1882 1148 1952 §27.
1185 1900 1204 1935 ι

643 1972 782 2043 §2l.
815 1971 1041 2026 Vocates
1066 1981 1189 2025 Sunt
1234 1971 1318 2025 vel
1349 1971 1543 2026 breves
1589 1972 1672 2027 vel
1721 1973 1928 2042 longze;
1975 1972 2149 2042 longae

573 2063 784 2116 vocales
827 2060 1036 2114 duobus
1097 2059 1348 2115 brevibus
1405 2062 1724 2130 tequivalcnt
1767 2072 1821 2118 ct
1872 2063 2148 2118 ordinario

575 2164 698 2210 sunt
731 2155 923 2210 breves
949 2153 1060 2206 sive
1092 2153 1380 2220 productae,
1414 2153 1526 2207 sive
1554 2154 1863 2222 geminata};
1889 2155 2028 2210 unde
2054 2169 2147 2208 vo-

538 2308 540 2310 τ
573 2243 714 2297 cales
740 2242 928 2296 breves
957 2249 1016 2293 ut
1047 2239 1326 2310 rrimitiva:
1350 2240 1657 2308 Spectandae
1678 2250 1821 2296 sunt.

645 2335 789 2389 inter
827 2332 1035 2388 vtzcalcs
1077 2333 1349 2400 simplices
1381 2344 1492 2388 tres
1522 2340 1647 2386 sunt
1695 2333 1881 2387 breves
1919 2349 1981 2401 a,
2014 2333 2062 2399 i,
2092 2347 2145 2398 ιι,

549 2424 766 2493 quibus
831 2422 1074 2477 innititur
1135 2422 1450 2475 vocalismus
1516 2430 1658 2476 totus
1709 2432 1868 2491 atque
1931 2421 2148 2490 reliqua:

575 2517 788 2572 vocales
818 2526 870 2571 et
899 2515 1212 2586 diphthongi
1234 2513 1596 2569 ellormantur.
1631 2515 1705 2569 Ex
1727 2515 1806 2568 his
1835 2515 2000 2570 tribus
2030 2515 2148 2570 bre-

575 2608 751 2670 vibus,
774 2624 806 2661 a
840 2606 1100 2676 primitiva
1122 2616 1200 2659 cst
1223 2605 1441 2670 vocalis,
1469 2619 1588 2674 qua:
1614 2620 1705 2674 per
1723 2604 2142 2660 debilitationem

576 2699 700 2755 hinc
723 2697 789 2751 ad
822 2713 878 2761 u,
906 2696 1054 2750 illinc
1081 2694 1145 2748 ad
1174 2695 1192 2748 ἱ
1218 2694 1526 2758 descendit;
1558 2711 1584 2747 e
1607 2703 1662 2748 et
1690 2709 1718 2746 ο
1747 2701 1870 2747 sunt
1911 2701 2144 2746 tantum-

575 2788 732 2844 modo
785 2785 987 2854 longa),
1031 2792 1086 2838 et
1135 2783 1380 2850 equidem
1440 2783 1612 2852 longa:
1667 2790 1758 2838 τοῦ
1814 2799 1847 2836 a
1897 2781 2144 2837 conside-

575 2877 770 2941 randae,
804 2875 998 2945 quippe
1037 2886 1156 2926 cum
1193 2887 1219 2925 ε
1255 2870 1320 2925 ad
1353 2872 1396 2934 ἱ,
1427 2887 1456 2924 ο
1479 2871 1545 2925 ad
1575 2889 1606 2924 ιι
1635 2872 1852 2940 propius
1897 2870 2140 2926 accedat.

577 2973 679 3021 Τῶν
708 2969 724 3017 i
754 2975 808 3018 et
832 2981 866 3017 ιι
899 2965 1065 3032 longa:
1097 2972 1218 3016 sunt
1271 2962 1383 3015 sive
1421 2961 1609 3015 iterum
1639 2962 1656 3014 ἱ
1681 2971 1735 3016 ct
1762 2978 1822 3026 ιι,
1849 2962 1964 3016 sive
1991 2960 2148 3029 diph-

578 3056 757 3126 thongi
801 3056 844 3109 ei
870 3065 924 3110 et
947 3055 1032 3124 iu,
1074 3053 1199 3110 dum
1231 3053 1432 3108 vocalis
1467 3070 1498 3106 α
1525 3067 1645 3107 cum
1673 3055 1692 3107 ί
1721 3064 1773 3109 et
1802 3071 1832 3108 ιι
1862 3053 2146 3123 conjuncta

577 3147 934 3216 diphthongos
953 3145 1002 3196 ai
1024 3152 1078 3197 et
1099 3160 1165 3196 au
1190 3142 1452 3198 ellormat.
1476 3143 1607 3210 Qum
1638 3153 1814 3199 tamen
1835 3143 2147 3216 diphthongi

582 3250 687 3287 non
717 3242 773 3286 ut
800 3231 1004 3285 duabus
1030 3231 1296 3284 vocalibus
1325 3233 1633 3299 composita:
1662 3239 1999 3300 spectentur;
2027 3241 2150 3286 sunt

583 3327 723 3380 enim
755 3327 926 3394 potius
954 3324 1162 3378 vocales
1192 3324 1379 3378 mediae
1407 3325 1546 3379 inter
1573 3341 1605 3377 a
1633 3332 1687 3378 et
1713 3324 1758 3390 ἱ,
1787 3326 1926 3379 inter
1952 3341 1985 3378 a
2012 3334 2066 3380 et
2092 3341 2144 3388 ο,

583 3420 1045 3483 ctconsequentcr
1086 3428 1188 3466 non
1233 3413 1490 3468 habentes
1544 3429 1651 3484 quo
1688 3416 1990 3471 necessario
2021 3417 2148 3474 ﬁant

581 3510 773 3575 longae,
794 3505 990 3572 saepius
1016 3505 1189 3574 reipsa
1216 3505 1403 3559 breves
1431 3513 1586 3572 sunt;
1621 3507 1664 3559 ei
1694 3520 1821 3560 vero
1843 3515 1896 3560 et
1923 3507 1976 3560 iu
2008 3522 2148 3562 vera:

581 3607 701 3653 sunt
725 3595 1069 3665 diphthongi,
1103 3594 1137 3650 l1
1173 3608 1205 3650 c
1227 3604 1338 3660 est,
1363 3595 1565 3651 duabus
1599 3597 1869 3666 primitive
1900 3598 2148 3654 brevibus

578 3690 885 3754 cliormatze,
913 3696 968 3742 et
993 3696 1273 3758 propterea
1305 3696 1505 3743 tantum
1536 3689 1730 3757 longze.
1763 3689 1964 3757 Quibus
1998 3692 2144 3760 posi-

578 3792 661 3846 tis,
685 3791 854 3836 totum
880 3782 1105 3846 qothicas
1136 3781 1324 3850 linguis
1350 3790 1584 3852 systema
1610 3783 1875 3840 vocalium
1897 3799 1962 3840 eo
1987 3785 2148 3840 modo

582 3872 834 3928 evolvitur

1347 3994 1381 4031 α

997 4246 1186 4298 ai/
1551 4246 1754 4298 \au

798 4367 940 4430 Hei)
1008 4367 1737 4430 L_________:
1796 4384 1828 4421 υ
1867 4373 1959 4435 (iu)

582 4493 902 4564 unde-ipsius
919 4493 1230 4564 simplicitas
1245 4503 1299 4550 et
1313 4496 1628 4566 regularitas
1646 4499 1927 4556 manifeste
1949 4511 2150 4570 patent.

1329 4640 1404 4712 A

649 4763 675 4832 ἑ
711 4762 801 4817 22.
835 4762 886 4833 l)
925 4765 1169 4820 Vocalem
1210 4782 1241 4819 a
1284 4767 1337 4821 in
1382 4768 1591 4836 gothica
1623 4771 1799 4841 lingua
1827 4776 2148 4844 primitivam

577 4865 698 4904 esse
725 4860 926 4904 certum
962 4860 1074 4912 est.
1106 4866 1210 4906 non
1241 4853 1412 4907 solum
1457 4870 1524 4908 ex
1558 4871 1625 4911 eo
1662 4860 1803 4927 quod
1833 4861 1886 4915 in
1918 4865 2156 4920 nexioni-

579 4945 675 4997 hus
701 4943 770 4995 sit
803 4942 1084 4996 dominans
1109 4944 1327 5010 vocalis,
1355 4961 1473 5014 quze
1504 4949 1719 5003 nonnisi
1754 4954 1916 5007 certis
1945 4955 2150 5025 legibus

575 5032 626 5086 iu
654 5032 672 5084 ἱ
699 5032 780 5085 vel
801 5047 836 5084 ιι
857 5031 1165 5087 debilitatur
1190 5032 1239 5102 (ᾗ
1265 5033 1356 5099 53,
1381 5036 1459 5102 4),
1490 5036 1582 5090 sed
1613 5037 1773 5091 etiam
1799 5042 1940 5109 quod
1977 5045 2029 5099 in
2054 5060 2154 5102 ex-

2259 1817 2431 1866 asans,
2461 1811 2589 1869 alta,
2613 1819 2730 1869 avo,
2757 1807 2839 1877 af,
2871 1810 3046 1878 axaja,
3073 1826 3201 1876 awa,
3228 1822 3336 1867 etc.

2323 1892 2377 1962 ὑ)
2411 1894 2580 1949 .lledio
2606 1912 2619 1948 :
2651 1895 2791 1964 badi,
2820 1898 3045 1955 blandan
3065 1943 3080 1966 ,
3113 1903 3292 1976 brakja
3317 1945 3335 1970 ,
3383 1924 3603 1977 ganan,
3643 1910 3786 1981 qlagg4

2252 1982 2401 2044 vuba,
2433 2001 2567 2052 gras,
2611 1985 2759 2058 dags,
2809 1989 2998 2060 dragk,
3044 1993 3177 2063 qap,
3222 1997 3545 2068 qrammipa,
3574 1999 3786 2063 zaltltaitu,

2254 2071 2441 2138 haben,
2482 2074 2614 2140 Illas,
2671 2079 2940 2152 liramjan,
2968 2081 3236 2154 1mgkjau,
3271 2085 3548 2160 plaltsjau,
3578 2089 3785 2162 pragjan,

2251 2162 2484 2234 [)valtan,
2528 2167 2694 2231 kalds,
2739 2171 2999 2238 niultlahs,
3044 2175 3186 2240 land,
3237 2193 3465 2248 manna,
3504 2198 3660 2244 nemo,
3690 2186 3786 2254 jalt,

2249 2270 2400 2322 papa,
2429 2256 2587 2324 plals,
2625 2275 2877 2329 praggan,
2928 2263 3174 2334 ralmjan,
3219 2267 3402 2333 sakan,
3452 2271 3571 2338 (agl,
3617 2272 3786 2334 raldan,

2249 2344 2441 2413 fustati,
2486 2362 2625 2414 was;
2671 2350 2897 2420 graban,
2946 2353 3153 2424 lagjan,
3197 2359 3350 2423 vadi,
3395 2358 3596 2430 placius,
3638 2361 3787 2426 raeda,

2247 2436 2448 2505 faheds,
2507 2439 2710 2522 (upon,
2762 2443 2918 2510 stalts,
2971 2447 3176 2511 malan,
3220 2464 3390 2515 sama,
3440 2451 3564 2520 funi,
3609 2450 3785 2522 bajops,

2245 2527 2477 2598 skapjan,
2509 2519 2699 2600 poi-ba,
2734 2550 2837 2599 vas,
2870 2545 3016 2602 mals,
3045 2536 3276 2610 skavjun,
3310 2519 3494 2613 Itafjcn
3514 2582 3528 2609 ,
3556 2519 3782 2605 saxa-lius,

2245 2633 2370 2682 saw,
2398 2628 2535 2682 etc.;

2320 2714 2367 2778 ε)
2398 2710 2530 2765 Fine
2553 2729 2564 2763 :
2585 2713 2721 2782 giba,
2746 2716 2869 2784 liga,
2898 2717 3032 2783 bida,
3066 2720 3229 2790 sigqa,
3261 2722 3454 2790 batiza,
3485 2722 3640 2786 slaha,
3663 2722 3786 2794 qifm,

2249 2795 2401 2862 leika,
2452 2801 2607 2866 vaila,
2655 2804 2836 2870 immo,
2883 2809 2990 2871 ina,
3037 2808 3166 2878 alja,
3218 2813 3424 2883 vairpa,
3471 2812 3641 2876 slsum,
3689 2813 3788 2875 lita,

2250 2886 2422 2950 maita,
2445 2889 2633 2955 speiva,
2662 2891 2812 2961 Itlt'fa,
2845 2910 3027 2961 pasam,
3063 2895 3228 2963 lciwa,
3258 2909 3371 2956 etc.

2320 2975 2373 3045 5)
2406 2977 2508 3032 Sed
2542 2980 2754 3034 nonnisi
2783 2998 2908 3037 raro
2950 2997 3128 3041 nostra
3159 2992 3386 3057 vocalis,
3417 3005 3625 3062 excepto
3662 3007 3788 3047 com-

2252 3067 2527 3133 positionis
2553 3084 2709 3136 casu,
2742 3073 2795 3127 in
2844 3075 3071 3143 gothicis
3118 3081 3397 3136 vocabulis
3427 3085 3642 3138 occurrit
3663 3091 3788 3135 ante-

2249 3158 2330 3211 vel
2374 3163 2669 3228 postposita
2726 3165 3017 3230 vocalibus,
3057 3183 3175 3237 quae
3205 3186 3334 3226 cum
3365 3187 3426 3227 ea
3467 3175 3514 3226 in
3544 3173 3790 3240 diphthon-

2247 3268 2371 3322 gum
2399 3269 2503 3307 non
2531 3258 2951 3323 contrahuntur;
2983 3263 3125 3332 quod
3146 3264 3190 3318 si
3217 3263 3362 3321 forte
3384 3267 3593 3332 accidit,
3623 3274 3788 3319 tantum

2248 3355 2372 3399 ante
2403 3363 2436 3398 ιι
2461 3345 2514 3416 (§
2541 3347 2611 3402 29
2647 3360 2830 3406 annot.
2859 3349 2898 3420 Ι)
2931 3361 2984 3406 et
3028 3363 3148 3422 post
3175 3355 3221 3421 i,
3254 3359 3327 3425 ei,
3362 3360 3449 3419 ai.
3477 3374 3578 3410 au:
3609 3355 3788 3424 ﬁaﬁva.

2252 3434 2491 3505 friaﬁva,
2524 3451 2629 3505 quo
2652 3438 2702 3490 iu
2727 3452 2884 3504 casu,
2931 3441 3226 3514 inductoj,
3270 3447 3451 3501 hiatus
3480 3448 3658 3500 vitatur
3681 3442 3788 3516 (vid.

2254 3523 2281 3592 §
2312 3524 2413 3589 δι,
2445 3525 2532 3596 4);
2563 3526 2730 3594 keian,
2773 3530 2944 3599 feian;
2988 3533 3146 3601 laian,
3179 3536 3351 3605 saian,
3397 3539 3574 3602 vaian;
3617 3549 3790 3600 (rauca,

2253 3615 2439 3669 bauan.
2698 3663 2704 3672 .

2331 3723 2350 3758 ι
2370 3708 2654 3762 Annotatio
2677 3710 2722 3762 l.
2741 3740 2810 3749 —
2833 3710 2884 3764 lu
2907 3716 3200 3784 peregrinis
3226 3721 3502 3776 vocabulis
3515 3716 3792 3789 aliiquidem

2254 3808 2526 3850 connexus
2557 3796 2670 3851 ﬁeri
2700 3811 2949 3869 possunt,
2981 3813 3035 3858 ut
3061 3804 3324 3876 baiplaem
3357 3811 3601 3879 (quocum
3648 3818 3792 3862 tamen

2255 3885 2415 3938 etiam
2460 3888 2692 3941 occurrit
2732 3889 3074 3962 beﬁlahaim),
3104 3894 3407 3966 baipsaida,
3435 3900 3666 3963 Ιξαείιιαιι,
3704 3898 3795 3949 αὲάο

2260 3975 2390 4038 dua;
2422 3991 2485 4028 aa
2509 3987 2685 4031 autem
2729 3979 2920 4047 gothus
2954 3992 3215 4052 temperat
3257 3989 3384 4045 sive
3409 3991 3442 4042 Ιι
3481 3987 3793 4052 immittenda,

2259 4075 2316 4121 ut
2336 4065 2387 4120 iu
2412 4069 2607 4122 charon
2627 4076 2831 4149 ‘Aapa’w,
2857 4075 3099 4129 ubraham
3117 4082 3368 4155 Ἁϐραάμ,
3400 4084 3643 4138 naltassan
3662 4095 3795 4137 Ναασ-

2259 4160 2386 4224 σών,
2428 4159 2625 4230 mahaI)
2652 4164 2817 4230 Μαάθ,
2851 4165 2963 4220 sive
3000 4169 3215 4223 unicum
3264 4174 3637 4237 exscribenda,
3669 4181 3717 4226 ut
3753 4168 3794 4224 in

2259 4246 2370 4300 isak
2419 4251 2620 4315 ’laa'wtx;
2664 4267 2730 4305 aa
2784 4263 2957 4309 tamen
3019 4258 3070 4310 in
3125 4263 3227 4314 line
3279 4265 3590 4332 reperitur:
3637 4263 3797 4332 gabaa.

2251 4334 2416 4392 .Esdr.
2444 4353 2502 4402 ιι,
2534 4339 2625 4404 25,
2651 4341 2776 4397 coll.
2801 4344 3065 4401 sainnains
3095 4362 3125 4401 a
3165 4350 3387 4406 sainuaa
3433 4370 3499 4419 ιι,
3527 4354 3614 4408 55.
3635 4352 3798 4406 Prmth

2266 4428 2378 4483 haec
2424 4430 2529 4484 duo
2577 4434 2819 4503 exempla
2866 4436 3002 4505 apud
3050 4439 3278 4496 Esdram
3320 4443 3669 4509 occurrentia,
3706 4453 3801 4508 qua

2266 4519 2457 4573 saltem
2500 4537 2563 4575 ex
2603 4537 2779 4591 grzcco
2817 4524 3196 4596 justiiicantur,
3227 4542 3451 4602 suntet
3496 4536 3609 4589 alia:
3650 4533 3801 4586 forma:

2266 4609 2424 4663 etiam
2448 4610 2580 4680 apud
2607 4612 2848 4682 Esdram,
2869 4616 2962 4670 sed
2992 4621 3246 4676 mendum
3272 4597 3651 4679 occurrentes:
3679 4638 3727 4686 ιι,
3751 4619 3799 4672 ll

2263 4700 2528 4766 babaavis;
2560 4719 2616 4766 tt,
2640 4704 2706 4757 21
2767 4705 3124 4777 bataijilaem;
3151 4727 3219 4778 ll,
3257 4714 3331 4768 25
3373 4711 3800 4786 Ιιανείαρἰααηὶιηὶ

2261 4791 2345 4846 ααὶ
2373 4806 2439 4857 ιι,
2476 4793 2567 4858 28,
2605 4793 2688 4849 sin
2718 4796 2994 4866 scriptoris
3023 4803 3235 4868 menda,
3275 4805 3473 4860 saltem
3517 4806 3622 4860 a-ai
3651 4805 3803 4872 legen-

2263 4880 2409 4935 dum.
2443 4900 2461 4932 ι

2331 4969 2390 5037 4)
2425 4969 2673 5040 Exceptis
2703 4989 2863 5044 supra
2900 4977 3127 5036 laudatis
3174 4984 3462 5054 exemplis,
3505 4984 3756 5056 gothicum
3779 4995 3804 5032 α

2261 5071 2434 5126 grmco
2481 5082 2514 5115 α
2561 5071 2869 5120 constanter
2920 5071 3238 5139 respondet,
3281 5074 3440 5142 cujus
3486 5073 3805 5144 prolationem

569 5122 861 5188 scriptione
898 5123 1274 5178 vocabulorum
1320 5127 1720 5195 peregrinorum
1768 5130 1946 5186 brevis
1988 5150 2149 5206 gene-

573 5214 764 5268 raliter,
798 5223 1071 5278 occurrat,
1115 5230 1213 5284 pro
1257 5215 1421 5270 latino
1448 5217 1483 5270 ἓ
1513 5226 1568 5272 et
1609 5232 1786 5287 graeco
1825 5241 1847 5276 ι
1892 5221 2150 5293 imprimis

568 5312 862 5374 uurpata,
911 5319 1000 5359 ex.
1048 5321 1129 5375 gr.
1181 5322 1196 5360 :
1253 5305 1470 5360 karkara
1539 5308 1630 5363 lat.
1687 5326 1902 5379 carcer;
1969 5315 2150 5371 (ultam

568 5405 664 5448 -at.
692 5396 931 5462 lucerna,
961 5394 1267 5464 kafamaum
1295 5398 1666 5476 Καπερναοόμ,
1698 5402 1995 5472 beplahaim
2038 5411 2155 5467 Βηθ·

576 5490 718 5559 λάμ.

641 5576 702 5646 2)
731 5577 880 5632 Nulla
924 5575 1126 5632 vocalis
1173 5576 1553 5645 frequentioris
1581 5587 1664 5636 est
1703 5596 1831 5638 usus
1873 5599 2032 5656 quam
2078 5605 2154 5652 a;

577 5662 754 5734 itaque
781 5667 833 5722 in
863 5667 1135 5724 vocabulis
1156 5681 1524 5738 quamcunque
1546 5670 1728 5728 sedem
1764 5687 2028 5746 occupare
2060 5692 2156 5746 po-

2263 5157 2651 5216 consequenter
2681 5150 2928 5210 habuisse
2970 5157 3186 5224 debuit,
3217 5177 3304 5218 ex.
3347 5177 3474 5231 gr.:
3505 5163 3628 5218 abba
3665 5161 3804 5220 ἀεεᾶ.

2259 5234 2482 5307 abjapar
2500 5239 2752 5316 Ἀϐιάθαρ,
2775 5260 2901 5318 agar
2921 5244 3104 5323 Ἅγαρ,
3121 5251 3271 5308 udam
3291 5250 3472 5324 ’Δδάμη
3495 5252 3804 5307 adeuntium

2257 5327 2573 5402 ’Δδωνικὰμ,
2625 5335 2782 5389 additi
2829 5336 3023 5408 ’Δδδίν,
3054 5341 3208 5413 altaja
3234 5344 3460 5413 Ἀχαΐα,
3493 5345 3677 5414 alfaim
3717 5341 3806 5396 Ἀλ⁴

2258 5426 2423 5510 fatae,
2447 5423 2743 5477 anteinadab
2767 5425 3044 5499 ’Δμιναδάϐ
3056 5473 3071 5499 ,
3104 5433 3345 5488 αηάναίω
3368 5434 3630 5510 ’Δνδρὲας,
3667 5442 3804 5485 nunc:

2259 5503 2468 5599 ξΔννας,
2514 5510 2757 5582 arln'ppus
2798 5513 3120 5591 Ἄρχιππος,
3164 5523 3326 5594 ugad
3364 5503 3585 5599 ’Δσάάὼ
3614 5531 3805 5577 ‘auaall

2259 5594 2478 5668 ’Δσούμ,
2507 5609 2615 5655 ater
2639 5603 2810 5675 'A‘nn'p,
2839 5610 3142 5682 gaulgaupa
3171 5615 3422 5684 Γολγοθᾶ,
3449 5594 3682 5670 damas/to
3723 5624 3805 5664 Δα-

2257 5692 2468 5760 μσκός,
2499 5694 2636 5766 kefas
2665 5697 2855 5773 Κηφᾶς,
2883 5705 3022 5759 scina
3051 5715 3182 5766 Σημᾶ.
