4080 6196
317 272 420 331 915

389 393 441 460 5)
473 390 729 457 Quamvis
758 408 788 447 α
816 406 910 462 pro
938 407 1114 465 graeco
1137 417 1168 449 α
1192 405 1296 448 tam
1341 394 1499 463 longo
1539 409 1698 465 quam
1744 397 1894 452 brevi

317 493 623 550 usurpetur,
676 484 727 536 in
768 483 977 552 gothica
1022 493 1198 538 tamen
1243 483 1421 554 lingua
1463 499 1568 538 non
1601 486 1700 539 nisi
1732 486 1896 541 breve

315 582 427 638 est,
466 573 581 626 sive
619 574 866 638 radicali,
899 577 1011 629 sive
1041 575 1339 629 formativaa
1361 576 1580 646 syllabae
1608 577 1890 646 pertineat.

317 663 468 728 Quod
500 664 789 719 innotescit
820 675 930 720 tum
968 682 1032 721 ex
1081 669 1396 723 formatione
1436 669 1684 722 secundae
1709 671 1890 737 c0nju-

312 755 564 820 gationis,
609 763 717 808 tum
755 771 822 809 ex
867 757 1365 826 circumscriptione
1395 766 1482 812 τοῦ
1521 760 1554 811 ἂ
1595 760 1646 812 in
1689 777 1718 814 ο
1750 761 1893 829 (qua:

312 843 742 912 circumscriptio
777 861 805 898 a
847 848 1043 916 popqu
1087 849 1218 903 iacta
1252 863 1357 902 non
1386 851 1454 904 ab
1492 849 1806 922 interprete)
1839 852 1890 905 in

311 934 570 986 rumoncis
601 949 698 1002 pro
731 935 956 990 Romani
987 937 1094 991 vid.
1125 937 1260 992 int‘ra
1292 938 1366 1008 7).

385 1023 443 1091 6)
467 1023 619 1078 Salva
644 1024 921 1092 brevitate,
943 1043 975 1080 a
996 1027 1154 1082 etiam
1177 1040 1384 1084 acutum
1409 1030 1520 1084 fieri
1547 1039 1739 1101 potest,
1755 1031 1896 1098 quod

311 1122 439 1168 ante
468 1114 692 1182 liquidas
733 1133 779 1182 δ,
825 1132 855 1169 z
883 1127 936 1171 et
976 1117 1007 1169 Ιι
1053 1118 1320 1187 praecipue
1357 1119 1570 1174 accidit.
1603 1119 1759 1173 Ratio
1787 1131 1892 1184 est,

310 1205 437 1273 quia
474 1204 689 1274 liquida:
717 1221 741 1260 s
766 1214 820 1260 et
847 1222 876 1259 ι
896 1217 1020 1262 sunt
1059 1211 1170 1262 sive
1204 1208 1564 1263 redundanter
1591 1209 1892 1278 geminatae,

312 1303 373 1349 ut
401 1296 456 1349 in
493 1297 777 1352 nasseinais
811 1298 1000 1355 Thess.
1036 1301 1076 1367 I,
1111 1315 1161 1366 v,
1203 1303 1256 1367 8,
1278 1305 1450 1355 iasson
1480 1301 1698 1373 (Ἰάσων)
1737 1301 1894 1356 Rom.

311 1399 423 1446 ΠΙ,
456 1385 544 1449 21,
587 1387 823 1441 lazzartts
859 1387 1139 1464 (Λάζαρος)
1168 1388 1298 1444 Luc.
1321 1405 1432 1457 xw,
1467 1391 1559 1454 25,
1585 1389 1740 1444 kanut
1767 1390 1893 1443 Cor.

311 1473 360 1538 Ι,
389 1491 482 1540 vu,
512 1475 606 1540 16;
639 1478 750 1529 sive
779 1479 891 1531 vice
920 1479 1461 1550 versasimpli/icatw,
1497 1480 1566 1534 ita
1609 1488 1664 1534 ut
1699 1479 1896 1548 liquida

311 1565 539 1632 simplex
570 1565 904 1636 adhibeatur,
936 1567 1025 1623 ubi
1062 1569 1419 1640 etymologice
1454 1570 1649 1639 duplex
1676 1579 1889 1640 specta-

311 1668 484 1721 retur,
523 1667 578 1710 ut
608 1659 658 1712 in
696 1660 912 1731 branjan
944 1661 1100 1718 Joan.
1131 1679 1219 1730 xv,
1247 1665 1281 1720 6
1324 1667 1374 1736 (a
1405 1662 1668 1736 brinnan),
1709 1665 1832 1721 coll.
1867 1665 1894 1732 §

310 1748 404 1817 55,
435 1759 619 1805 annot.
648 1752 698 1821 i,
729 1752 785 1819 2,
815 1754 955 1823 quod
981 1756 1038 1810 tit
1069 1757 1354 1826 praecipue,
1383 1760 1598 1828 quando
1625 1775 1720 1830 per
1748 1775 1896 1815 com-

313 1839 634 1907 positionem
663 1851 823 1897 tonus
849 1858 879 1897 a
901 1845 1102 1915 syllaba
1132 1846 1200 1902 de
1230 1862 1329 1915 qua
1360 1851 1534 1919 agitur
1557 1851 1892 1916 excedit,ex.

309 1942 393 1996 gr.
426 1945 439 1982 :
469 1929 725 2000 alapdrba
761 1932 851 2003 (ab
875 1933 998 2005 alis)
1027 1939 1453 2011 mattamatirprja
1485 1942 1538 2012 (a
1579 1942 1812 2013 manna).
1847 1945 1892 1998 Α

309 2027 435 2072 ante
469 2017 501 2069 It
542 2017 598 2072 ﬁt
627 2031 840 2077 acutum
873 2028 1166 2092 praesertim
1194 2029 1246 2083 in
1274 2031 1536 2086 vocabulo
1555 2033 1676 2103 jah,
1706 2049 1824 2088 cum
1859 2034 1891 2086 It

309 2109 550 2177 sequenti
581 2115 897 2170 consonanti
927 2117 1250 2174 assimiletur
1273 2120 1327 2190 (§
1355 2119 1468 2191 56).

384 2217 407 2252 ι
443 2202 727 2260 Anuotatio
751 2205 892 2259 2.-
920 2206 962 2261 Ε
986 2207 1147 2264 simili
1172 2211 1433 2281 principio
1453 2213 1578 2269 oriri
1611 2216 1777 2284 potuit
1803 2229 1894 2284 ge-

309 2295 530 2350 minatio
569 2304 660 2353 τοῦ
705 2299 741 2352 d
786 2299 837 2353 in
883 2301 1209 2372 gaddarenus
1251 2319 1348 2374 pro
1401 2305 1725 2381 Γαδαρηνός,
1777 2310 1888 2365 vid.

306 2385 472 2452 gloss.
507 2386 561 2442 b.
592 2403 644 2440 v.

385 2490 405 2523 ι
445 2475 730 2530 Annotatio
759 2479 814 2533 5.
846 2506 914 2519 -—
943 2479 1018 2535 Dc
1046 2497 1078 2534 α
1105 2481 1382 2538 debilitato
1412 2487 1518 2540 vid.
1551 2487 1686 2558 §52,
1715 2491 1770 2544 4.
1811 2512 1826 2542 ι

383 2561 441 2630 7)
475 2563 686 2619 Vocalis
716 2566 869 2637 longa
899 2578 990 2625 τοῦ
1019 2587 1051 2624 a
1081 2582 1161 2626 est
1188 2589 1252 2638 o;
1274 2591 1306 2626 a
1336 2576 1494 2644 igitur
1524 2594 1628 2632 non
1660 2581 1831 2635 solum
1861 2600 1889 2636 ο

306 2650 503 2716 s-s-pius
525 2653 720 2722 evadit,
747 2656 840 2710 sed
871 2673 902 2709 ο
929 2661 1252 2727 generaliter
1276 2674 1579 2732 usurpatur,
1609 2668 1693 2721 ubi
1719 2686 1750 2721 a
1773 2671 1889 2723 lon-

306 2753 430 2807 gum
461 2754 809 2807 spectaretur.
844 2745 1091 2802 Formam
1124 2752 1382 2806 rumoneis
1407 2767 1504 2822 pro
1533 2755 1754 2812 Romani
1779 2759 1885 2828 jam

308 2840 469 2894 supra
508 2830 563 2897 5)
604 2835 1158 2890 commemoravimus.
1202 2839 1319 2892 Alia
1358 2855 1486 2895 vero
1523 2847 1791 2912 exempla,
1835 2847 1884 2902 in

307 2917 500 2984 quibus
535 2936 567 2972 a
606 2920 656 2974 in
699 2937 728 2974 ο
759 2923 950 2978 transit
975 2940 1075 2980 nec
1109 2927 1176 2980 ad
1218 2931 1484 2999 propriam
1517 2934 1885 2993 absonantiam

309 3007 372 3077 (ᾗ
405 3009 509 3076 32,
539 3012 604 3081 2)
643 3014 862 3083 cogitari
919 3026 1124 3085 potest,
1174 3021 1290 3076 haec
1331 3035 1487 3088 sunt;
1543 3027 1820 3096 galtobains
1855 3045 1886 3084 a

310 3098 501 3167 Itaban,
532 3104 726 3172 ganohs
752 3118 782 3158 a
809 3105 1001 3175 naltan,
1044 3109 1349 3184 abtaudogs,
1386 3115 1650 3184 ﬁdurdogs
1681 3132 1708 3171 a
1737 3121 1881 3192 dogs.

311 3187 368 3240 in
397 3191 518 3244 aliis
546 3200 722 3247 autent
760 3196 994 3262 casibus,
1028 3210 1086 3254 ut
1113 3200 1166 3255 in
1196 3203 1300 3272 s01)
1321 3218 1350 3257 a
1378 3205 1530 3277 sapa,
1566 3209 1682 3262 beta
1707 3225 1735 3263 a
1761 3187 1889 3277 bats,

308 3278 529 3332 verbum
571 3282 704 3336 lortc
733 3285 870 3352 quod
907 3291 1222 3348 exsoleverit
1253 3293 1274 3365 (
1295 3294 1491 3365 sapan,
1531 3298 1633 3369 sap
1654 3316 1673 3365 ,'
1713 3300 1888 3369 halan,

311 3366 447 3434 bat),
486 3371 856 3429 absonantiam
897 3378 1170 3445 explicare
1220 3393 1412 3451 potest.
1456 3366 1609 3453 Quod
1637 3388 1795 3442 etiam
1838 3366 1889 3444 in

313 3455 541 3548 llexione
581 3477 610 3514 ο
639 3462 809 3532 longua
859 3468 1027 3524 vocali
1053 3478 1140 3526 τοῦ
1177 3489 1209 3527 a
1243 3477 1592 3543 respondeat,
1635 3490 1781 3548 patet
1825 3497 1892 3537 ex

311 3541 477 3600 iorma
500 3549 640 3617 gibos
667 3565 693 3603 a
724 3554 861 3622 giba,
879 3557 1014 3628 rigas
1039 3572 1068 3611 a
1095 3561 1201 3629 vigs
1225 3541 1498 3631 (thematis
1534 3541 1750 3640 γιὰΑ),
1771 3587 1891 3626 cum

311 3639 495 3706 gastris
523 3653 550 3692 a
585 3651 720 3710 gasts
746 3643 1018 3712 (thematis
1049 3646 1312 3720 CASTI),
1337 3663 1388 3707 et
1422 3654 1535 3709 vice
1569 3639 1719 3711 versa
1751 3661 1894 3713 hair-

311 3735 429 3780 tane
463 3743 592 3797 gen.
621 3745 649 3783 a
679 3730 939 3800 hairtoua,
969 3737 1020 3790 in
1061 3753 1168 3807 quo
1197 3757 1226 3794 ο
1259 3755 1479 3812 pr0pter
1508 3761 1536 3798 ε
1563 3747 1775 3816 lOngum
1806 3765 1892 3805 se-

311 3833 482 3886 quens
510 3821 564 3873 in
594 3836 743 3876 suam
774 3824 990 3880 brevem
1022 3844 1054 3880 a
1083 3832 1498 3897 respondentem
1530 3837 1721 3890 iterum
1753 3841 1888 3892 inci-

311 3911 734 3982 dil.Warjanoh,
751 3917 1018 3985 warjatoh,
1032 3921 1247 3990 warjoh,
1261 3938 1378 3991 quae
1396 3924 1514 3979 loco
1539 3929 1887 3994 wariana-ttlt,

311 4013 446 4066 etc.,
469 4014 779 4069 occurrunt,
805 4021 910 4060 non
933 4022 998 4062 ex
1025 4019 1301 4066 contracto
1326 4029 1419 4066 a-u
1445 4015 1496 4068 in
1528 4030 1558 4068 ο
1581 4016 1889 4072 illustranda

315 4100 459 4157 sunt,
490 4107 608 4147 cum
640 4095 772 4150 alias
810 4113 842 4149 a
872 4108 1000 4154 ante
1034 4100 1102 4155 ult
1131 4101 1395 4168 elidatur;
1439 4105 1533 4159 sed
1565 4105 1669 4160 hoc
1696 4110 1892 4177 conjici

317 4193 526 4253 potest,
568 4188 707 4252 quod
752 4189 805 4242 in
848 4190 1110 4261 principio
1169 4194 1367 4249 vocalis
1414 4196 1678 4264 primitive
1737 4200 1890 4269 longa

317 4277 706 4335 tcru.iuatiouis
767 4292 894 4336 ante
934 4286 1246 4352 particulam
1311 4288 1618 4344 encliticam
1687 4293 1891 4346 sertari

313 4369 567 4436 potuerit,
610 4380 669 4424 ut
698 4372 748 4424 in
776 4371 1003 4428 ainoltun
1041 4378 1107 4427 ab
1140 4379 1261 4430 aina
1291 4388 1343 4432 et
1371 4379 1500 4441 Itan,
1537 4381 1799 4434 cinno/tun
1826 4382 1893 4435 ab

311 4460 504 4511 ainaua
543 4461 860 4530 (syncopato
893 4466 1068 4535 ainna)
1115 4474 1171 4521 et
1210 4467 1314 4520 ltuit
1357 4469 1433 4535 (et
1472 4469 1696 4524 fortasse
1730 4471 1892 4525 etiam

315 4549 566 4602 weilohun
636 4565 666 4604 a
725 4555 868 4608 weila
926 4566 982 4608 et
1025 4556 1195 4626 Itan),
1279 4559 1361 4612 vel
1421 4560 1560 4626 quod
1622 4561 1888 4625 enclitica,

315 4652 432 4705 qua:
465 4638 548 4693 bis
586 4641 856 4696 vecabulis
888 4653 1092 4699 mature
1135 4653 1193 4700 et
1239 4648 1554 4716 regulariter
1608 4650 1892 4716 postmissa

315 4738 416 4792 est,
443 4730 746 4785 invocalem
779 4735 1193 4800 terminationis,
1232 4749 1358 4792 tono
1383 4748 1632 4807 attracto,
1670 4743 1896 4797 inﬂuxe-

317 4818 406 4881 rit,
435 4819 559 4874 dum
585 4822 636 4875 in
661 4825 946 4878 recentiori
971 4833 1228 4894 tempore,
1256 4841 1503 4885 cessante
1526 4833 1749 4899 iniluxu,
1776 4834 1896 4888 bre-

319 4907 402 4960 vis
437 4911 826 4966 terminationis
853 4914 1050 4968 vocalis
1079 4915 1208 4969 elisa
1240 4915 1398 4971 linem
1431 4917 1694 4974 habuerit.

396 5017 414 5049 ι
450 4999 736 5057 Anuotatio
765 5005 822 5059 4.
843 5031 916 5044 -—
945 5005 1018 5059 De
1051 5021 1080 5060 e
1109 5014 1165 5059 ut
1202 5007 1366 5062 altera
1398 5011 1597 5064 vocalis
1621 5010 1774 5079 longa
1805 5019 1892 5066 τοῦ

321 5104 354 5141 a
383 5090 736 5158 considerata,
759 5093 872 5148 vid.
905 5093 932 5158 ε
961 5094 1052 5158 25,
1085 5093 1138 5148 4.

1097 5308 1136 5377 Ι

390 5480 524 5550 μδ.
547 5481 692 5548 l)t\b
721 5500 753 5537 a
781 5484 798 5536 i
829 5483 1024 5538 vocalis
1046 5495 1127 5539 est
1145 5484 1568 5554 frequentissime
1583 5501 1890 5550 occurrens,

320 5570 444 5625 licet
484 5573 677 5639 saepius
735 5575 941 5643 medio,
982 5591 1139 5645 quant
1186 5576 1336 5631 initio
1380 5578 1461 5631 vel
1501 5578 1607 5631 liuc
1653 5577 1890 5632 vocabuli

321 5663 640 5718 inveniatur:

1692 285 1779 342 DE
1815 285 2199 344 PROLA-TION
2209 291 2270 346 Ε.

3486 305 3610 363 9i!

2071 401 2123 468 a)
2157 400 2347 456 Initio:
2375 401 2541 469 iakob,
2575 403 2698 467 ibai.
2725 408 2910 478 iggqis,
2940 407 3115 475 idveit,
3153 415 3308 480 icsue,
3348 418 3465 483 izei,
3493 420 3578 490 ip,

1998 493 2070 558 ik,
2097 495 2186 554 im,
2218 494 2292 558 in,
2324 496 2420 563 iju,
2445 498 2510 560 is,
2533 499 2664 560 i'an,
2686 498 2892 566 iftuma,
2920 501 3166 557 iahrmues
3185 545 3200 567 ,

2071 580 2122 651 b)
2153 581 2324 636 Medio
2352 601 2365 637 :
2398 584 2533 648 bitla,
2557 586 2757 654 blinds,
2805 589 3014 658 brinno,
3063 594 3201 663 giba,
3245 598 3580 670 glitmmtjan,

1997 675 2160 744 grids,
2190 676 2372 746 digrei,
2399 679 2634 750 drigltan,
2657 683 2844 753 qifmn,
2873 685 3072 754 Itilpan,
3114 690 3306 758 Itlt'fau,
3339 692 3575 760 huivans,

2002 761 2219 834 hrisjan,
2242 765 2373 836 ῥίινὶ,
2402 767 2643 838 [)riskan,
2675 770 2860 842 hilpci,
2901 774 3106 843 klt’smo,
3142 778 3305 842 Imt'ra,
3357 780 3578 849 krt'spus,

1998 853 2157 921 ligan,
2177 853 2310 923 mil),
2326 857 2520 921 niman,
2542 860 2660 928 saiji
2663 860 2727 930 1),
2744 861 3024 931 pistikeius,
3042 866 3289 938 pliusjan,
3304 869 3582 939 priska,ri-

1999 946 2113 1011 mis,
2128 947 2260 1014 sijis,
2275 947 2490 1015 skildus,
2509 951 2759 1017 skriman,
2776 955 3002 1018 slindan,
3021 958 3217 1028 smipa,
3235 960 3435 1026 suivan,
3452 963 3579 1030 spit-

1998 1037 2105 1098 lon,
2131 1036 2638 1106 stiks,slrike,sribls,
2665 1044 3415 1114 timrja,trira,tt'is....,vinds,
3440 1053 3577 1116 viits,

1998 1128 2192 1192 vriltau,
2215 1128 2424 1200 ﬁnpatt,
2449 1131 2608 1203 frijei,
2633 1134 2821 1188 wileiks
2844 1151 2862 1199 ,'
2888 1137 3007 1201 siai,
3025 1139 3159 1203 siau,
3189 1138 3391 1206 libains,
3415 1143 3576 1213 gibla,

1997 1218 2183 1283 stibua,
2227 1221 2381 1292 trigo,
2427 1221 2584 1290 ligrs,
2625 1225 2899 1296 δυὶρνψιη,
2941 1229 3182 1298 siggvan,
3225 1231 3444 1301 sigqan,
3501 1234 3575 1286 si-

1998 1307 2129 1372 dus,
2177 1312 2384 1382 bidjan,
2434 1313 2618 1381 ﬁdvor,
2673 1316 2830 1384 riqis,
2872 1316 3014 1386 [)ize,
3060 1319 3246 1384 mizdo,
3292 1321 3573 1390 andavizn,

1999 1398 2210 1468 t'lizjan,
2261 1400 2370 1466 uih,
2423 1403 2672 1472 aggvipa,
2721 1405 2906 1476 uipjis,
2949 1406 3128 1478 uiprn,
3175 1409 3360 1477 nihils,
3404 1411 3576 1479 stikls,

1996 1491 2186 1559 svikns,
2217 1494 2471 1560 andtitou,
2503 1496 2652 1561 silta,
2695 1498 2866 1559 m'lds,
2907 1499 3090 1568 ﬁihau,
3128 1501 3336 1572 υἱιρεἱδ,
3363 1502 3573 1571 ﬁlleius,

1998 1586 2224 1650 usﬁlma,
2273 1586 2419 1659 vilja,
2457 1589 2654 1655 Itilpan,
2703 1590 2907 1654 sviltan,
2939 1593 3109 1662 gilstr,
3140 1596 3331 1664 qiman,
3359 1594 3572 1660 Itimma,

2001 1674 2166 1742 simle,
2190 1678 2361 1739 mima,
2390 1679 2632 1749 trimpan,
2656 1682 2788 1750 ﬁmi,
2820 1681 3010 1749 blinds,
3037 1685 3298 1749 minsnan,
3324 1686 3570 1756 gasiupa,

2003 1766 2160 1832 viuja,
2203 1767 2420 1837 [)insan,
2463 1769 2655 1834 Itt'utus,
2699 1775 2880 1844 frifon,
2920 1773 3053 1842 skip,
3092 1775 3252 1846 vipja,
3290 1777 3572 1845 ganipnau,

1997 1855 2115 1920 Itiri,
2143 1856 2263 1925 Itirji
2266 1857 2331 1928 1;,
2362 1860 2454 1921 vis,
2481 1861 2693 1930 trisgan,
2721 1864 2945 1932 vrisqan,
2977 1863 3118 1931 fisks,
3143 1865 3571 1936 Alismjan,vissa,

1996 1947 2129 2011 lists,
2151 1946 2354 2013 Italistr,
2380 1949 2537 2015 sitan,
2565 1950 2694 2014 sitls,
2723 1950 2854 2021 piri,
2877 1953 3038 2022 sifan,
3069 1953 3274 2022 hliftus,
3295 1955 3458 2023 lifnan
3482 1970 3502 2019 ,'

2065 2034 2114 2104 ι’)
2146 2035 2275 2092 Fine
2302 2055 2316 2090 :
2347 2038 2476 2104 arbi,
2505 2040 2612 2108 aigi
2635 2038 2789 2093 Joan.
2830 2055 2905 2104 Vl,
2947 2042 3036 2102 40.
3077 2045 3400 2114 fauraguggi,
3430 2043 3568 2108 vadi,

1994 2123 2170 2191 bandi,
2200 2129 2352 2196 aqizi,
2375 2129 2536 2198 pvolti
2568 2128 2704 2182 Tim.
2738 2129 2778 2196 l,
2815 2147 2866 2196 ν,
2895 2133 2981 2193 ii),
3007 2131 3181 2202 (περὶ,
3205 2132 3354 2197 mekt’,
3379 2133 3568 2196 aurati,

1993 2217 2144 2283 uemi,
2172 2215 2272 2271 Mc.
2307 2233 2399 2283 xu,
2425 2217 2478 2282 2,
2507 2219 2634 2288 fani,
2658 2217 2828 2286 Ierpi,
2849 2221 3047 2288 wilftri,
3076 2223 3418 2288 usvissi,nati,
3444 2223 3567 2288 ltiti,

1991 2311 2107 2362 seu'i
2133 2309 2233 2362 Mc.
2269 2325 2384 2375 vut,
2413 2311 2506 2364 25.

2061 2401 2116 2472 2)
2152 2403 2456 2469 Vocalibus,
2479 2403 2793 2472 quibuscum
2827 2403 3212 2474 diphthongum
3263 2420 3366 2459 non
3406 2405 3568 2460 eil'or-

1995 2503 2123 2561 mat,
2151 2495 2202 2548 in
2226 2495 2560 2563 simplicibus
2581 2494 2808 2564 gotbica:
2831 2496 3022 2563 lingua:
3047 2496 3318 2549 vocabulis
3341 2510 3444 2548 non
3469 2496 3567 2549 nisi

1991 2600 2115 2638 raro
2147 2584 2503 2652 postponitur,
2552 2594 2604 2638 ct
2625 2585 2871 2654 equidem
2903 2585 3269 2639 tantummodo
3301 2595 3420 2653 post
3444 2588 3494 2638 ai
3515 2595 3568 2639 ct

1990 2689 2055 2726 au
2079 2688 2096 2726 :
2119 2672 2260 2742 saiip
2287 2671 2410 2726 Cor.
2446 2673 2504 2734 ll,
2535 2688 2606 2737 I\’,
2643 2672 2696 2735 6,
2725 2676 2853 2737 taui,
2883 2674 3038 2740 sauil,
3066 2675 3286 2727 stauida.

2067 2781 2085 2813 ι
2124 2764 2410 2816 Annotatio
2449 2762 2500 2815 ’1.
2539 2791 2609 2802 —
2660 2763 2873 2818 Duobus
2908 2765 2923 2815 ἱ
2965 2777 3043 2817 co:
3069 2762 3434 2831 currentibus,
3486 2771 3567 2818 vel

1991 2852 2148 2904 ambo
2175 2853 2225 2905 in
2253 2852 2298 2904 ei
2324 2860 2724 2915 convertuntur,
2756 2853 2834 2907 vel
2868 2852 3012 2921 prius
3026 2854 3055 2921 j
3075 2853 3251 2907 evadit
3275 2853 3323 2924 (§
3340 2856 3427 2920 54,
3445 2853 3520 2924 5).
3545 2873 3563 2904 s

2061 2942 2120 3012 5)
2152 2942 2206 2996 in
2230 2942 2515 3010 exscriptis
2541 2943 2837 3010 peregrinis
2859 2942 3133 2996 vocobulis
3161 2943 3177 2994 ἕ
3201 2957 3376 3010 grwco
3400 2967 3436 3008 ι,
3459 2943 3571 2997 sive

1993 3041 2270 3087 accentum
2301 3032 2540 3096 habenti,
2560 3031 2673 3087 sive
2703 3034 3209 3100 non,commtmiter
3238 3034 3520 3101 reSpondct
3554 3052 3567 3086 :

1991 3124 2180 3178 iaeirus
2220 3123 2442 3197 Ἰάειρος,
2487 3123 2771 3176 ἱαὶναήιίαδ
2811 3126 3074 3197 Ἱερεμίας,
3125 3123 3306 3176 ἱαὶνίιςθ
3346 3122 3570 3199 Ἱεριχὼ,

1994 3213 2288 3267 aivxaristia
2319 3216 2652 3288 εὐχαριστία,
2678 3213 2944 3284 [)ynu‘ama
2974 3217 3222 3286 θυμίαμα,
3253 3215 3446 3284 gabriel
3474 3226 3572 3271 Γα-

1997 3307 2175 3383 ϐριήλ,
2221 3306 2455 3358 diabulus
2497 3305 2758 3372 διάϐολος,
2809 3306 3034 3359 didimus
3082 3305 3329 3377 Δίδυμος,
3375 3305 3572 3376 krispus

2001 3402 2254 3472 Κρίσπος,
2279 3397 2445 3451 lukitts
2470 3397 2702 3462 Aou'xtoc,
2726 3397 2962 3451 makeibis
2982 3399 3227 3472 Μαγεϐίς,
3244 3397 3572 3452 ηὲΙεαιιάέηιηε

1995 3487 2288 3559 Νικόδημος,
2316 3488 2494 3540 sileant
2523 3489 2738 3557 Σιλωάμ.

2073 3604 2090 3637 ι
2131 3587 2417 3640 Annotatio
2434 3587 2490 3640 2.
2515 3616 2583 3626 —
2609 3586 2938 3655 Quandoque
2965 3587 2980 3637 i
3022 3590 3182 3640 etiam
3209 3596 3490 3653 usurpatur
3513 3587 3565 3656 (ι)

1997 3691 2094 3744 pro
2113 3689 2287 3743 graeci:
2314 3698 2343 3733 η
2373 3674 2517 3745 (coll.
2537 3675 2736 3728 (Ta~til|.
2754 3675 2815 3727 ad
2835 3676 2956 3730 Cor.
2991 3675 3053 3740 ll,
3074 3691 3110 3735 ι,
3130 3676 3218 3744 16)
3247 3693 3262 3728 :
3289 3676 3572 3729 aunisimus

1991 3767 2278 3829 Ὀνήσιμος,
2313 3762 2480 3832 ῡαῑρξι
2507 3765 2698 3826 Buteo),
2719 3765 2900 3834 jannis
2930 3766 3137 3826 Ἰαννῆς,
3168 3766 3378 3817 αὸεἱιεηί
3421 3766 3562 3819 ’Λεῗιο

1994 3856 2132 3916 hami,
2169 3854 2443 3924 ﬁlippisius
2463 3855 2808 3917 Φιλιππήσιος,
2843 3854 3057 3924 ὺὶραηὶα
3093 3857 3332 3917 Βηθανία;
3365 3869 3455 3921 per
3480 3870 3573 3908 cx-

1997 3944 2295 4013 cepsioncm
2331 3945 2489 3997 etiam
2532 3944 2583 4012 ὁ)
2629 3959 2724 4011 pro
2766 3958 2941 4011 graeco
2975 3966 3007 3997 υ
3043 3960 3057 3996 :
3099 3943 3320 3996 uidimus
3357 3943 3574 4015 Δίδυμος

1997 4035 2073 4100 (iu
2102 4033 2268 4086 akvt'lu
2301 4047 2395 4098 pro
2414 4033 2624 4093 Ἀκύλας
2652 4031 2822 4085 forma
2853 4035 3010 4086 latina
3036 4043 3190 4102 typus
3215 4035 3370 4087 fuisse.
3398 4035 3572 4102 potius

1998 4119 2262 4190 viderur);
2289 4121 2337 4189 c)
2364 4135 2456 4188 pro
2481 4135 2655 4190 grai-co
2677 4141 2697 4174 ε
2727 4138 2738 4171 :
2767 4122 2978 4175 andrias
3011 4121 3120 4178 Cal.
3143 4127 3317 4191 goth.,
3348 4141 3569 4176 zuuruu-

1997 4210 2129 4263 ιιαὸἱί
2165 4211 2466 4286 Ζοροξάξελ,
2509 4211 2709 4283 aggilus
2753 4208 2984 4282 ἄγγελος,
3042 4213 3363 4283 makidonja,
3404 4227 3572 4269 Μκκι-

1995 4300 2162 4364 δονία;
2197 4303 2256 4369 d)
2287 4317 2383 4370 pro
2417 4316 2589 4370 grteco
2621 4323 2662 4358 ει
2699 4319 2712 4354 :
2752 4303 3016 4356 amiaukia
3043 4305 3362 4376 ’Δντιοχείας
3398 4305 3447 4376 e)
3479 4320 3575 4372 pro

1997 4407 2173 4460 graneo
2200 4414 2242 4462 χ
2271 4407 2285 4444 :
2316 4393 2494 4445 iareim
2517 4396 2706 4467 Χαρίμ.
2746 4411 2762 4442 ι

2068 4490 2124 4562 4)
2157 4491 2209 4556 1,
2236 4491 2682 4561 quemadmodum
2720 4509 2754 4549 a
2809 4493 3074 4562 primitive
3102 4493 3266 4549 breve
3297 4505 3414 4561 est;
3453 4511 3572 4549 cum

1997 4592 2171 4636 autem
2194 4583 2247 4636 in
2273 4585 2569 4652 prolatione
2591 4584 2658 4637 ad
2679 4585 2725 4636 ei
2742 4591 2797 4637 et
2815 4601 2842 4637 e
2866 4585 3109 4653 proxime
3129 4585 3368 4651 accedat,
3385 4586 3587 4640 horunt

1997 4673 2314 4742 quandoque
2344 4682 2404 4728 ut
2441 4673 2657 4742 longum
2688 4689 2972 4744 personam
3003 4675 3172 4744 gerit;
3206 4676 3417 4744 pouitur
3445 4691 3574 4746 ergo

1998 4759 2051 4829 a)
2079 4775 2176 4830 pro
2199 4765 2245 4816 ei
2277 4763 2330 4816 in
2355 4781 2369 4817 :
2398 4763 2555 4834 digan
2584 4764 2739 4819 Rom.
2777 4781 2848 4822 ιι,
2879 4767 2970 4831 20,
2998 4765 3267 4836 ufarassip
3297 4766 3435 4820 Tim.
3463 4766 3504 4833 l,
3537 4783 3575 4831 t,

1999 4851 2088 4918 14,
2114 4851 2322 4923 [)agkip
2346 4854 2462 4908 Gal.
2486 4870 2559 4922 v1,
2587 4856 2640 4921 5,
2662 4857 2894 4911 ιιὶεαηάὶη
2917 4860 3038 4926 (pro
3060 4858 3340 4928 visaudein)
3363 4859 3502 4913 Tim.
3533 4861 3576 4927 l,

2004 4957 2044 5008 l,
2071 4942 2136 5008 ις
2165 4941 2341 5000 Skeit'.
2364 4943 2545 5012 Vi|,6,
2578 4946 2777 5000 laisan's
2805 4947 2933 5002 Luc.
2965 4963 3037 5013 Vl,
3068 4950 3156 5012 40,
3178 4949 3421 5002 silubrins
3447 4950 3577 5004 Mth.

2004 5049 2166 5098 xxvtt,
2199 5034 2253 5099 5,
2288 5035 2464 5104 gabigs
2488 5035 2615 5089 Mth.
2653 5052 2820 5102 xxvtt,
2848 5037 2914 5091 57
2941 5045 2996 5092 et
3027 5052 3184 5106 δωρη
3207 5038 3330 5092 coll.
3357 5039 3421 5092 ad
3451 5038 3574 5093 Gal.

2007 5138 2077 5186 vt,
2108 5125 2174 5189 5;
2210 5126 2505 5192 praesertim
2539 5125 2594 5178 in
2631 5126 2933 5180 nominibus
2975 5127 3225 5194 propriis,
3267 5135 3324 5180 ut
3363 5128 3588 5181 ananias'

2004 5211 2139 5266 Neb.
2168 5227 2260 5275 vtt,
2291 5212 2349 5276 2,
2373 5213 2557 5266 iat'riko
2589 5212 2690 5266 Mc.
2722 5228 2778 5278 ι,
2805 5213 2896 5274 46,
2928 5213 3229 5268 bainiameiu
3262 5214 3401 5269 Phil.
3435 5229 3514 5278 ttt,
3541 5216 3575 5268 5

2007 5302 2060 5354 lt.
2091 5302 2154 5366 l.,
2181 5302 2427 5355 israelitcs
2460 5302 2611 5354 ltom.
2640 5317 2714 5368 ts,
2743 5301 2809 5367 4;
2835 5301 2886 5371 b)
2917 5318 3011 5372 pro
3040 5319 3066 5357 e
3091 5320 3104 5355 :
3133 5304 3341 5372 spidists
3370 5303 3508 5356 Titn.
3531 5303 3574 5368 l,

2001 5407 2077 5456 tv,
2104 5391 2153 5456 l,
2179 5393 2361 5445 azitizo
2391 5392 2489 5446 Mc.
2523 5409 2576 5457 ι,
2606 5393 2698 5453 25.
2732 5394 2975 5465 svigttipa
3003 5395 3132 5450 Luc.
3167 5412 3205 5460 t,
3237 5397 3327 5460 ﬂ,
3355 5395 3577 5465 birusjos

2001 5497 2059 5545 tt,
2090 5481 2177 5544 41.
2211 5483 2392 5535 snivun
2438 5483 2539 5537 Mc.
2573 5499 2645 5549 vr,
2675 5483 2764 5547 53,
2803 5485 3022 5539 nimsiua
3057 5486 3182 5540 Luc.
3213 5501 3288 5549 vt,
3322 5483 3412 5548 54,
3452 5485 3576 5552 qims’

2001 5587 2092 5635 vtt,
2124 5572 2176 5637 3,
2222 5571 2436 5642 qilm'ua
2459 5586 2570 5635 vut,
2594 5572 2698 5635 56;
2730 5589 2802 5635 Ix,
2832 5574 2922 5640 2|,
2953 5573 3143 5644 ηερεερ
3172 5588 3299 5636 xvu,
3327 5573 3381 5637 6,
3407 5576 3575 5627 usdri-

2001 5663 2144 5716 beina
2175 5677 2247 5726 ις,
2285 5663 2370 5727 40,
2401 5661 2780 5733 galugidideina
2819 5681 2872 5729 v,
2912 5668 2991 5731 I8,
3023 5666 3332 5719 tavidideina
3367 5682 3437 5730 vt,
3481 5667 3568 5730 ll,
