  <div class='ocr_page' id='page_1' title='image "/cluster/home/n/w/nwhite01/storage/ocr_20150623/18/hvd.32044023361694/467.png"; bbox 0 0 4080 6196; ppageno 0'>
   <div class='ocr_carea' id='block_1_1' title="bbox 574 275 682 332">
    <p class='ocr_par' dir='ltr' id='par_1_1' title="bbox 574 275 682 332">
     <span class='ocr_line' id='line_1_1' title="bbox 574 275 682 332; baseline -0.028 0"><span class='ocrx_word' id='word_1_1' title='bbox 574 275 682 332; x_wconf 73' lang='grc'><strong>915</strong></span> 
     </span>
    </p>
   </div>
   <div class='ocr_carea' id='block_1_2' title="bbox 572 379 2146 458">
    <p class='ocr_par' dir='ltr' id='par_1_2' title="bbox 572 379 2146 458">
     <span class='ocr_line' id='line_1_2' title="bbox 572 379 2146 458; baseline -0.004 -20"><span class='ocrx_word' id='word_1_2' title='bbox 572 385 908 457; x_wconf 76' lang='grc' dir='ltr'>υΠιιιιῲίιιιιιι</span> <span class='ocrx_word' id='word_1_3' title='bbox 934 385 1067 441; x_wconf 83' lang='lat' dir='ltr'><strong>Neh.</strong></span> <span class='ocrx_word' id='word_1_4' title='bbox 1095 401 1166 453; x_wconf 84' lang='lat' dir='ltr'><strong>vt,</strong></span> <span class='ocrx_word' id='word_1_5' title='bbox 1192 385 1279 452; x_wconf 83' lang='grc'>16,</span> <span class='ocrx_word' id='word_1_6' title='bbox 1301 383 1588 458; x_wconf 80' lang='lat' dir='ltr'><strong>fravaurhti</strong></span> <span class='ocrx_word' id='word_1_7' title='bbox 1615 381 1772 437; x_wconf 77' lang='lat' dir='ltr'><strong>Rom.</strong></span> <span class='ocrx_word' id='word_1_8' title='bbox 1797 397 1887 446; x_wconf 87' lang='lat' dir='ltr'><strong>vn,</strong></span> <span class='ocrx_word' id='word_1_9' title='bbox 1920 380 1975 446; x_wconf 85' lang='lat'><strong>5,</strong></span> <span class='ocrx_word' id='word_1_10' title='bbox 2007 379 2146 450; x_wconf 83' lang='lat' dir='ltr'><strong>spilli</strong></span> 
     </span>
    </p>
   </div>
   <div class='ocr_carea' id='block_1_3' title="bbox 572 471 2145 547">
    <p class='ocr_par' dir='ltr' id='par_1_3' title="bbox 572 471 2145 547">
     <span class='ocr_line' id='line_1_3' title="bbox 572 471 2145 547; baseline -0.006 -14"><span class='ocrx_word' id='word_1_11' title='bbox 572 479 678 533; x_wconf 82' lang='lat' dir='ltr'><strong>Tit.</strong></span> <span class='ocrx_word' id='word_1_12' title='bbox 711 495 748 545; x_wconf 92' lang='grc' dir='ltr'>ι,</span> <span class='ocrx_word' id='word_1_13' title='bbox 773 481 862 546; x_wconf 64' lang='lat' dir='ltr'><strong>li,</strong></span> <span class='ocrx_word' id='word_1_14' title='bbox 891 480 1089 534; x_wconf 82' lang='lat' dir='ltr'><strong>heredis</strong></span> <span class='ocrx_word' id='word_1_15' title='bbox 1120 480 1250 535; x_wconf 85' lang='lat' dir='ltr'><strong>Luc.</strong></span> <span class='ocrx_word' id='word_1_16' title='bbox 1283 496 1356 542; x_wconf 83' lang='lat' dir='ltr'><strong>Ix,</strong></span> <span class='ocrx_word' id='word_1_17' title='bbox 1389 480 1442 547; x_wconf 87' lang='lat'><strong>7,</strong></span> <span class='ocrx_word' id='word_1_18' title='bbox 1468 476 1706 532; x_wconf 77' lang='lat' dir='ltr'><strong>ioltaunis</strong></span> <span class='ocrx_word' id='word_1_19' title='bbox 1737 474 1839 528; x_wconf 83' lang='lat' dir='ltr'><strong>Mc.</strong></span> <span class='ocrx_word' id='word_1_20' title='bbox 1868 489 1940 536; x_wconf 85' lang='lat' dir='ltr'><strong>vt,</strong></span> <span class='ocrx_word' id='word_1_21' title='bbox 1971 473 2058 526; x_wconf 72' lang='lat' dir='ltr'><strong>M.</strong></span> <span class='ocrx_word' id='word_1_22' title='bbox 2090 471 2145 524; x_wconf 89' lang='lat' dir='ltr'><strong>ln</strong></span> 
     </span>
    </p>
   </div>
   <div class='ocr_carea' id='block_1_4' title="bbox 573 567 2148 640">
    <p class='ocr_par' dir='ltr' id='par_1_4' title="bbox 573 567 2148 640">
     <span class='ocr_line' id='line_1_4' title="bbox 573 567 2148 640; baseline -0.004 -16"><span class='ocrx_word' id='word_1_23' title='bbox 573 571 802 625; x_wconf 84' lang='lat' dir='ltr'><strong>monetis</strong></span> <span class='ocrx_word' id='word_1_24' title='bbox 844 572 1066 640; x_wconf 81' lang='lat' dir='ltr'><strong>gotlticis</strong></span> <span class='ocrx_word' id='word_1_25' title='bbox 1105 572 1420 626; x_wconf 79' lang='lat' dir='ltr'><strong>Reccaredus</strong></span> <span class='ocrx_word' id='word_1_26' title='bbox 1456 578 1511 625; x_wconf 85' lang='lat' dir='ltr'><strong>et</strong></span> <span class='ocrx_word' id='word_1_27' title='bbox 1558 567 1870 623; x_wconf 77' lang='lat' dir='ltr'><strong>Reccaridtts</strong></span> <span class='ocrx_word' id='word_1_28' title='bbox 1905 579 2148 620; x_wconf 83' lang='lat' dir='ltr'><strong>commu-</strong></span> 
     </span>
    </p>
   </div>
   <div class='ocr_carea' id='block_1_5' title="bbox 573 659 1618 730">
    <p class='ocr_par' dir='ltr' id='par_1_5' title="bbox 573 659 1618 730">
     <span class='ocr_line' id='line_1_5' title="bbox 573 659 1618 730; baseline -0.005 -16"><span class='ocrx_word' id='word_1_29' title='bbox 573 669 771 730; x_wconf 88' lang='lat' dir='ltr'><strong>tantur,</strong></span> <span class='ocrx_word' id='word_1_30' title='bbox 796 662 902 715; x_wconf 88' lang='lat' dir='ltr'><strong>vid.</strong></span> <span class='ocrx_word' id='word_1_31' title='bbox 935 661 1232 716; x_wconf 81' lang='lat' dir='ltr'><strong>Asehbaclt.</strong></span> <span class='ocrx_word' id='word_1_32' title='bbox 1268 660 1465 730; x_wconf 85' lang='lat' dir='ltr'><strong>Westg.</strong></span> <span class='ocrx_word' id='word_1_33' title='bbox 1493 659 1618 716; x_wconf 81' lang='grc'>558.</span> 
     </span>
    </p>
   </div>
   <div class='ocr_carea' id='block_1_6' title="bbox 649 754 2150 828">
    <p class='ocr_par' dir='ltr' id='par_1_6' title="bbox 649 754 2150 828">
     <span class='ocr_line' id='line_1_6' title="bbox 649 754 2150 828; baseline -0.002 -17"><span class='ocrx_word' id='word_1_34' title='bbox 649 780 667 811; x_wconf 72' lang='grc' dir='ltr'><strong>ι</strong></span> <span class='ocrx_word' id='word_1_35' title='bbox 687 760 969 814; x_wconf 89' lang='lat' dir='ltr'><strong>Annotatio</strong></span> <span class='ocrx_word' id='word_1_36' title='bbox 991 760 1124 814; x_wconf 90' lang='grc'><strong>5.-</strong></span> <span class='ocrx_word' id='word_1_37' title='bbox 1150 760 1402 814; x_wconf 86' lang='lat' dir='ltr'><strong>Eamdem</strong></span> <span class='ocrx_word' id='word_1_38' title='bbox 1428 759 1564 828; x_wconf 89' lang='lat' dir='ltr'><strong>apud</strong></span> <span class='ocrx_word' id='word_1_39' title='bbox 1580 757 1796 812; x_wconf 83' lang='lat' dir='ltr'><strong>Latinos</strong></span> <span class='ocrx_word' id='word_1_40' title='bbox 1814 754 2150 810; x_wconf 87' lang='lat' dir='ltr'><strong>animadver-</strong></span> 
     </span>
    </p>
   </div>
   <div class='ocr_carea' id='block_1_7' title="bbox 573 845 2150 918">
    <p class='ocr_par' dir='ltr' id='par_1_7' title="bbox 573 845 2150 918">
     <span class='ocr_line' id='line_1_7' title="bbox 573 845 2150 918; baseline -0.003 -16"><span class='ocrx_word' id='word_1_41' title='bbox 573 856 683 902; x_wconf 84' lang='lat' dir='ltr'><strong>tere</strong></span> <span class='ocrx_word' id='word_1_42' title='bbox 700 857 782 902; x_wconf 92' lang='lat' dir='ltr'><strong>est</strong></span> <span class='ocrx_word' id='word_1_43' title='bbox 797 849 1284 914; x_wconf 91' lang='lat' dir='ltr'><strong>commutationem,</strong></span> <span class='ocrx_word' id='word_1_44' title='bbox 1303 859 1357 904; x_wconf 91' lang='lat' dir='ltr'><strong>et</strong></span> <span class='ocrx_word' id='word_1_45' title='bbox 1378 847 1820 918; x_wconf 84' lang='lat' dir='ltr'><strong>quemadmodum</strong></span> <span class='ocrx_word' id='word_1_46' title='bbox 1843 863 1870 901; x_wconf 83' lang='lat' dir='ltr'><strong>e</strong></span> <span class='ocrx_word' id='word_1_47' title='bbox 1889 846 1953 899; x_wconf 90' lang='lat' dir='ltr'><strong>ad</strong></span> <span class='ocrx_word' id='word_1_48' title='bbox 1977 845 2150 914; x_wconf 86' lang='lat' dir='ltr'><strong>pristi-</strong></span> 
     </span>
    </p>
   </div>
   <div class='ocr_carea' id='block_1_8' title="bbox 574 938 2145 1006">
    <p class='ocr_par' dir='ltr' id='par_1_8' title="bbox 574 938 2145 1006">
     <span class='ocr_line' id='line_1_8' title="bbox 574 938 2145 1006; baseline -0.001 -14"><span class='ocrx_word' id='word_1_49' title='bbox 574 954 694 992; x_wconf 88' lang='lat' dir='ltr'><strong>nam</strong></span> <span class='ocrx_word' id='word_1_50' title='bbox 735 949 788 994; x_wconf 88' lang='lat' dir='ltr'><strong>et</strong></span> <span class='ocrx_word' id='word_1_51' title='bbox 816 941 1099 1006; x_wconf 80' lang='lat' dir='ltr'><strong>rusticam,</strong></span> <span class='ocrx_word' id='word_1_52' title='bbox 1139 942 1157 994; x_wconf 80' lang='grc' dir='ltr'><strong><em>ἱ</em></strong></span> <span class='ocrx_word' id='word_1_53' title='bbox 1189 955 1318 995; x_wconf 76' lang='lat' dir='ltr'><strong>vero</strong></span> <span class='ocrx_word' id='word_1_54' title='bbox 1336 942 1400 995; x_wconf 91' lang='lat' dir='ltr'><strong>ad</strong></span> <span class='ocrx_word' id='word_1_55' title='bbox 1431 941 1780 996; x_wconf 83' lang='lat' dir='ltr'><strong>recentiorem</strong></span> <span class='ocrx_word' id='word_1_56' title='bbox 1811 949 1865 993; x_wconf 89' lang='lat' dir='ltr'><strong>et</strong></span> <span class='ocrx_word' id='word_1_57' title='bbox 1891 938 2145 992; x_wconf 81' lang='lat' dir='ltr'><strong>urbanam</strong></span> 
     </span>
    </p>
   </div>
   <div class='ocr_carea' id='block_1_9' title="bbox 573 1027 2150 1102">
    <p class='ocr_par' dir='ltr' id='par_1_9' title="bbox 573 1027 2150 1102">
     <span class='ocr_line' id='line_1_9' title="bbox 573 1027 2150 1102; baseline -0.002 -19"><span class='ocrx_word' id='word_1_58' title='bbox 573 1044 754 1083; x_wconf 85' lang='lat' dir='ltr'><strong>eorum</strong></span> <span class='ocrx_word' id='word_1_59' title='bbox 775 1030 1004 1099; x_wconf 73' lang='lat' dir='ltr'><strong>linguam</strong></span> <span class='ocrx_word' id='word_1_60' title='bbox 1025 1031 1253 1099; x_wconf 87' lang='lat' dir='ltr'><strong>pertinet</strong></span> <span class='ocrx_word' id='word_1_61' title='bbox 1277 1031 1423 1102; x_wconf 88' lang='lat' dir='ltr'><strong>(coll.</strong></span> <span class='ocrx_word' id='word_1_62' title='bbox 1438 1031 1748 1086; x_wconf 84' lang='lat' dir='ltr'><strong>Schneider.</strong></span> <span class='ocrx_word' id='word_1_63' title='bbox 1773 1029 1888 1082; x_wconf 87' lang='lat' dir='ltr'><strong>Lat.</strong></span> <span class='ocrx_word' id='word_1_64' title='bbox 1905 1027 2150 1081; x_wconf 74' lang='lat' dir='ltr'><strong>Formm-</strong></span> 
     </span>
    </p>
   </div>
   <div class='ocr_carea' id='block_1_10' title="bbox 574 1117 2115 1188">
    <p class='ocr_par' dir='ltr' id='par_1_10' title="bbox 574 1117 2115 1188">
     <span class='ocr_line' id='line_1_10' title="bbox 574 1117 2115 1188; baseline 0 -18"><span class='ocrx_word' id='word_1_65' title='bbox 574 1117 760 1188; x_wconf 72' lang='lat' dir='ltr'><strong>lehrc),</strong></span> <span class='ocrx_word' id='word_1_66' title='bbox 792 1119 865 1174; x_wconf 90' lang='lat' dir='ltr'><strong>ita</strong></span> <span class='ocrx_word' id='word_1_67' title='bbox 893 1127 946 1172; x_wconf 87' lang='lat' dir='ltr'><strong>et</strong></span> <span class='ocrx_word' id='word_1_68' title='bbox 969 1121 1107 1188; x_wconf 92' lang='lat' dir='ltr'><strong>apud</strong></span> <span class='ocrx_word' id='word_1_69' title='bbox 1139 1119 1344 1174; x_wconf 85' lang='lat' dir='ltr'><strong>Gothos</strong></span> <span class='ocrx_word' id='word_1_70' title='bbox 1369 1135 1454 1174; x_wconf 90' lang='lat' dir='ltr'><strong>res</strong></span> <span class='ocrx_word' id='word_1_71' title='bbox 1484 1119 1670 1174; x_wconf 89' lang='lat' dir='ltr'><strong>eadem</strong></span> <span class='ocrx_word' id='word_1_72' title='bbox 1701 1119 1861 1172; x_wconf 80' lang='lat' dir='ltr'><strong>fuisse</strong></span> <span class='ocrx_word' id='word_1_73' title='bbox 1893 1117 2115 1171; x_wconf 88' lang='lat' dir='ltr'><strong>videtur.</strong></span> 
     </span>
    </p>
   </div>
   <div class='ocr_carea' id='block_1_11' title="bbox 649 1209 2148 1279">
    <p class='ocr_par' dir='ltr' id='par_1_11' title="bbox 649 1209 2148 1279">
     <span class='ocr_line' id='line_1_11' title="bbox 649 1209 2148 1279; baseline 0.001 -18"><span class='ocrx_word' id='word_1_74' title='bbox 649 1227 668 1260; x_wconf 80' lang='grc' dir='ltr'><strong>ι</strong></span> <span class='ocrx_word' id='word_1_75' title='bbox 708 1210 1238 1266; x_wconf 67' lang='grc' dir='ltr'><strong>Αιιηοῑιιιίοιί.-[]ιιί</strong></span> <span class='ocrx_word' id='word_1_76' title='bbox 1270 1221 1447 1266; x_wconf 89' lang='lat' dir='ltr'><strong>autem</strong></span> <span class='ocrx_word' id='word_1_77' title='bbox 1493 1211 1510 1264; x_wconf 90' lang='lat' dir='ltr'><strong>i</strong></span> <span class='ocrx_word' id='word_1_78' title='bbox 1544 1212 1756 1279; x_wconf 80' lang='lat' dir='ltr'><strong>longum</strong></span> <span class='ocrx_word' id='word_1_79' title='bbox 1806 1218 1916 1275; x_wconf 85' lang='lat' dir='ltr'><strong>est,</strong></span> <span class='ocrx_word' id='word_1_80' title='bbox 1972 1209 2148 1278; x_wconf 90' lang='lat' dir='ltr'><strong>ruptio</strong></span> 
     </span>
    </p>
   </div>
   <div class='ocr_carea' id='block_1_12' title="bbox 574 1297 2149 1370">
    <p class='ocr_par' dir='ltr' id='par_1_12' title="bbox 574 1297 2149 1370">
     <span class='ocr_line' id='line_1_12' title="bbox 574 1297 2149 1370; baseline -0.002 -17"><span class='ocrx_word' id='word_1_81' title='bbox 574 1298 624 1368; x_wconf 86' lang='lat'><strong>(§</strong></span> <span class='ocrx_word' id='word_1_82' title='bbox 645 1297 738 1362; x_wconf 85' lang='grc'><strong>52,</strong></span> <span class='ocrx_word' id='word_1_83' title='bbox 771 1299 830 1368; x_wconf 81' lang='lat'><strong>5)</strong></span> <span class='ocrx_word' id='word_1_84' title='bbox 860 1313 978 1370; x_wconf 68' lang='lat' dir='ltr'><strong>qua:</strong></span> <span class='ocrx_word' id='word_1_85' title='bbox 1008 1299 1140 1353; x_wconf 88' lang='lat' dir='ltr'><strong>alias</strong></span> <span class='ocrx_word' id='word_1_86' title='bbox 1176 1312 1299 1355; x_wconf 86' lang='lat' dir='ltr'><strong>ante</strong></span> <span class='ocrx_word' id='word_1_87' title='bbox 1325 1300 1580 1370; x_wconf 87' lang='lat' dir='ltr'><strong>quasdam</strong></span> <span class='ocrx_word' id='word_1_88' title='bbox 1611 1307 1968 1353; x_wconf 89' lang='lat' dir='ltr'><strong>consonantes</strong></span> <span class='ocrx_word' id='word_1_89' title='bbox 2001 1312 2149 1352; x_wconf 86' lang='lat' dir='ltr'><strong>com-</strong></span> 
     </span>
    </p>
   </div>
   <div class='ocr_carea' id='block_1_13' title="bbox 573 1388 2144 1456">
    <p class='ocr_par' dir='ltr' id='par_1_13' title="bbox 573 1388 2144 1456">
     <span class='ocr_line' id='line_1_13' title="bbox 573 1388 2144 1456; baseline -0.001 -14"><span class='ocrx_word' id='word_1_90' title='bbox 573 1388 806 1444; x_wconf 83' lang='lat' dir='ltr'><strong>muniter</strong></span> <span class='ocrx_word' id='word_1_91' title='bbox 856 1389 1160 1456; x_wconf 85' lang='lat' dir='ltr'><strong>adhibetur,</strong></span> <span class='ocrx_word' id='word_1_92' title='bbox 1206 1390 1404 1444; x_wconf 86' lang='lat' dir='ltr'><strong>nullam</strong></span> <span class='ocrx_word' id='word_1_93' title='bbox 1455 1390 1636 1445; x_wconf 87' lang='lat' dir='ltr'><strong>sedem</strong></span> <span class='ocrx_word' id='word_1_94' title='bbox 1684 1389 1884 1442; x_wconf 85' lang='lat' dir='ltr'><strong>habere</strong></span> <span class='ocrx_word' id='word_1_95' title='bbox 1930 1397 2144 1456; x_wconf 89' lang='lat' dir='ltr'><strong>potest;</strong></span> 
     </span>
    </p>
   </div>
   <div class='ocr_carea' id='block_1_14' title="bbox 572 1477 2146 1550">
    <p class='ocr_par' dir='ltr' id='par_1_14' title="bbox 572 1477 2146 1550">
     <span class='ocr_line' id='line_1_14' title="bbox 572 1477 2146 1550; baseline -0.001 -19"><span class='ocrx_word' id='word_1_96' title='bbox 572 1477 698 1532; x_wconf 85' lang='lat' dir='ltr'><strong>hinc</strong></span> <span class='ocrx_word' id='word_1_97' title='bbox 734 1478 783 1531; x_wconf 81' lang='lat' dir='ltr'><strong>bi</strong></span> <span class='ocrx_word' id='word_1_98' title='bbox 811 1482 981 1543; x_wconf 78' lang='lat' dir='ltr'><strong>rusios</strong></span> <span class='ocrx_word' id='word_1_99' title='bbox 1017 1481 1156 1549; x_wconf 91' lang='lat' dir='ltr'><strong>(loco</strong></span> <span class='ocrx_word' id='word_1_100' title='bbox 1195 1480 1465 1550; x_wconf 86' lang='lat' dir='ltr'><strong>berusjos),</strong></span> <span class='ocrx_word' id='word_1_101' title='bbox 1509 1478 1609 1531; x_wconf 81' lang='lat' dir='ltr'><strong>Itiri</strong></span> <span class='ocrx_word' id='word_1_102' title='bbox 1649 1477 1742 1548; x_wconf 90' lang='lat' dir='ltr'><strong>(ab</strong></span> <span class='ocrx_word' id='word_1_103' title='bbox 1777 1477 1923 1546; x_wconf 82' lang='lat' dir='ltr'><strong>Iter);</strong></span> <span class='ocrx_word' id='word_1_104' title='bbox 1963 1477 2051 1530; x_wconf 76' lang='lat' dir='ltr'><strong>nili</strong></span> <span class='ocrx_word' id='word_1_105' title='bbox 2080 1491 2146 1531; x_wconf 78' lang='lat' dir='ltr'><strong>ex</strong></span> 
     </span>
    </p>
   </div>
   <div class='ocr_carea' id='block_1_15' title="bbox 572 1573 1265 1626">
    <p class='ocr_par' dir='ltr' id='par_1_15' title="bbox 572 1573 1265 1626">
     <span class='ocr_line' id='line_1_15' title="bbox 572 1573 1265 1626; baseline -0.001 -3"><span class='ocrx_word' id='word_1_106' title='bbox 572 1573 723 1625; x_wconf 72' lang='lat' dir='ltr'><strong>iii-ult</strong></span> <span class='ocrx_word' id='word_1_107' title='bbox 750 1582 1079 1626; x_wconf 91' lang='lat' dir='ltr'><strong>contractum</strong></span> <span class='ocrx_word' id='word_1_108' title='bbox 1107 1580 1208 1626; x_wconf 90' lang='lat' dir='ltr'><strong>est.</strong></span> <span class='ocrx_word' id='word_1_109' title='bbox 1245 1590 1265 1622; x_wconf 74' lang='grc' dir='ltr'><strong>ι</strong></span> 
     </span>
    </p>
   </div>
   <div class='ocr_carea' id='block_1_16' title="bbox 643 1661 2148 1731">
    <p class='ocr_par' dir='ltr' id='par_1_16' title="bbox 643 1661 2148 1731">
     <span class='ocr_line' id='line_1_16' title="bbox 643 1661 2148 1731; baseline -0.002 -16"><span class='ocrx_word' id='word_1_110' title='bbox 643 1661 702 1731; x_wconf 82' lang='grc'><strong>5)</strong></span> <span class='ocrx_word' id='word_1_111' title='bbox 736 1661 800 1714; x_wconf 87' lang='lat' dir='ltr'><strong>Ei</strong></span> <span class='ocrx_word' id='word_1_112' title='bbox 829 1664 1037 1731; x_wconf 82' lang='lat' dir='ltr'><strong>longum</strong></span> <span class='ocrx_word' id='word_1_113' title='bbox 1067 1671 1147 1715; x_wconf 88' lang='lat' dir='ltr'><strong>est</strong></span> <span class='ocrx_word' id='word_1_114' title='bbox 1167 1669 1256 1716; x_wconf 83' lang='grc' dir='ltr'><strong>τοῦ</strong></span> <span class='ocrx_word' id='word_1_115' title='bbox 1286 1662 1324 1724; x_wconf 81' lang='grc' dir='ltr'>ἱ,</span> <span class='ocrx_word' id='word_1_116' title='bbox 1356 1670 1412 1714; x_wconf 86' lang='grc' dir='ltr'><strong>ιιι</strong></span> <span class='ocrx_word' id='word_1_117' title='bbox 1439 1661 1551 1714; x_wconf 84' lang='lat' dir='ltr'><strong>sive</strong></span> <span class='ocrx_word' id='word_1_118' title='bbox 1574 1676 1636 1713; x_wconf 79' lang='lat' dir='ltr'><strong>cx</strong></span> <span class='ocrx_word' id='word_1_119' title='bbox 1669 1673 1961 1729; x_wconf 68' lang='lat' dir='ltr'><strong>graecorum</strong></span> <span class='ocrx_word' id='word_1_120' title='bbox 1993 1673 2148 1714; x_wconf 81' lang='lat' dir='ltr'><strong>voca-</strong></span> 
     </span>
    </p>
   </div>
   <div class='ocr_carea' id='block_1_17' title="bbox 574 1751 2144 1822">
    <p class='ocr_par' dir='ltr' id='par_1_17' title="bbox 574 1751 2144 1822">
     <span class='ocr_line' id='line_1_17' title="bbox 574 1751 2144 1822; baseline -0.003 -14"><span class='ocrx_word' id='word_1_121' title='bbox 574 1752 819 1808; x_wconf 90' lang='lat' dir='ltr'><strong>bulornm</strong></span> <span class='ocrx_word' id='word_1_122' title='bbox 852 1752 1209 1820; x_wconf 71' lang='lat' dir='ltr'><strong>exscriptione</strong></span> <span class='ocrx_word' id='word_1_123' title='bbox 1240 1752 1292 1820; x_wconf 85' lang='lat'><strong>(§</strong></span> <span class='ocrx_word' id='word_1_124' title='bbox 1326 1753 1412 1817; x_wconf 86' lang='grc'>50,</span> <span class='ocrx_word' id='word_1_125' title='bbox 1434 1751 1468 1804; x_wconf 90' lang='grc'><strong>2</strong></span> <span class='ocrx_word' id='word_1_126' title='bbox 1498 1752 1577 1822; x_wconf 84' lang='lat' dir='ltr'><strong>b),</strong></span> <span class='ocrx_word' id='word_1_127' title='bbox 1612 1752 1724 1804; x_wconf 89' lang='lat' dir='ltr'><strong>sive</strong></span> <span class='ocrx_word' id='word_1_128' title='bbox 1761 1766 1824 1804; x_wconf 82' lang='lat' dir='ltr'><strong>ex</strong></span> <span class='ocrx_word' id='word_1_129' title='bbox 1860 1751 2144 1804; x_wconf 82' lang='lat' dir='ltr'><strong>formarum</strong></span> 
     </span>
    </p>
   </div>
   <div class='ocr_carea' id='block_1_18' title="bbox 572 1840 2148 1912">
    <p class='ocr_par' dir='ltr' id='par_1_18' title="bbox 572 1840 2148 1912">
     <span class='ocr_line' id='line_1_18' title="bbox 572 1840 2148 1912; baseline -0.001 -17"><span class='ocrx_word' id='word_1_130' title='bbox 572 1843 814 1896; x_wconf 88' lang='lat' dir='ltr'><strong>doctrina</strong></span> <span class='ocrx_word' id='word_1_131' title='bbox 847 1841 900 1912; x_wconf 57' lang='grc' dir='ltr'><strong>(ᾗ</strong></span> <span class='ocrx_word' id='word_1_132' title='bbox 935 1841 1026 1907; x_wconf 74' lang='grc'>64,</span> <span class='ocrx_word' id='word_1_133' title='bbox 1055 1843 1118 1906; x_wconf 81' lang='grc'>5;</span> <span class='ocrx_word' id='word_1_134' title='bbox 1150 1842 1176 1912; x_wconf 83' lang='lat'><strong>§</strong></span> <span class='ocrx_word' id='word_1_135' title='bbox 1213 1840 1336 1912; x_wconf 83' lang='grc'>128)</span> <span class='ocrx_word' id='word_1_136' title='bbox 1366 1841 1769 1910; x_wconf 84' lang='lat' dir='ltr'><strong>comprobatur.</strong></span> <span class='ocrx_word' id='word_1_137' title='bbox 1798 1840 1900 1895; x_wconf 88' lang='lat' dir='ltr'><strong>Sed</strong></span> <span class='ocrx_word' id='word_1_138' title='bbox 1933 1850 2148 1909; x_wconf 86' lang='lat' dir='ltr'><strong>propter</strong></span> 
     </span>
    </p>
   </div>
   <div class='ocr_carea' id='block_1_19' title="bbox 575 1930 2150 2002">
    <p class='ocr_par' dir='ltr' id='par_1_19' title="bbox 575 1930 2150 2002">
     <span class='ocr_line' id='line_1_19' title="bbox 575 1930 2150 2002; baseline 0.002 -18"><span class='ocrx_word' id='word_1_139' title='bbox 575 1930 914 1998; x_wconf 84' lang='lat' dir='ltr'><strong>afﬁnitatem,</strong></span> <span class='ocrx_word' id='word_1_140' title='bbox 959 1932 1155 2000; x_wconf 64' lang='lat' dir='ltr'><strong>saepius</strong></span> <span class='ocrx_word' id='word_1_141' title='bbox 1195 1934 1213 1985; x_wconf 86' lang='lat' dir='ltr'><strong>i</strong></span> <span class='ocrx_word' id='word_1_142' title='bbox 1260 1942 1312 1986; x_wconf 91' lang='lat' dir='ltr'><strong>et</strong></span> <span class='ocrx_word' id='word_1_143' title='bbox 1359 1933 1404 1985; x_wconf 82' lang='lat' dir='ltr'><strong>ei</strong></span> <span class='ocrx_word' id='word_1_144' title='bbox 1456 1933 1755 2002; x_wconf 89' lang='lat' dir='ltr'><strong>promiscue</strong></span> <span class='ocrx_word' id='word_1_145' title='bbox 1806 1942 2150 1999; x_wconf 87' lang='lat' dir='ltr'><strong>usurpantur,</strong></span> 
     </span>
    </p>
   </div>
   <div class='ocr_carea' id='block_1_20' title="bbox 575 2020 2150 2091">
    <p class='ocr_par' dir='ltr' id='par_1_20' title="bbox 575 2020 2150 2091">
     <span class='ocr_line' id='line_1_20' title="bbox 575 2020 2150 2091; baseline 0.002 -18"><span class='ocrx_word' id='word_1_146' title='bbox 575 2020 1016 2088; x_wconf 78' lang='lat' dir='ltr'><strong>quemadmodum</strong></span> <span class='ocrx_word' id='word_1_147' title='bbox 1045 2036 1204 2088; x_wconf 87' lang='lat' dir='ltr'><strong>supra</strong></span> <span class='ocrx_word' id='word_1_148' title='bbox 1233 2021 1288 2091; x_wconf 72' lang='grc'>4)</span> <span class='ocrx_word' id='word_1_149' title='bbox 1321 2032 1594 2076; x_wconf 91' lang='lat' dir='ltr'><strong>ostensum</strong></span> <span class='ocrx_word' id='word_1_150' title='bbox 1617 2031 1694 2077; x_wconf 89' lang='lat' dir='ltr'><strong>est</strong></span> <span class='ocrx_word' id='word_1_151' title='bbox 1715 2023 1988 2091; x_wconf 75' lang='lat' dir='ltr'><strong>fusiusque</strong></span> <span class='ocrx_word' id='word_1_152' title='bbox 2013 2021 2150 2076; x_wconf 77' lang='lat' dir='ltr'><strong>infra</strong></span> 
     </span>
    </p>
   </div>
   <div class='ocr_carea' id='block_1_21' title="bbox 577 2108 1168 2179">
    <p class='ocr_par' dir='ltr' id='par_1_21' title="bbox 577 2108 1168 2179">
     <span class='ocr_line' id='line_1_21' title="bbox 577 2108 1168 2179; baseline 0 -15"><span class='ocrx_word' id='word_1_153' title='bbox 577 2109 612 2179; x_wconf 61' lang='grc' dir='ltr'>ᾗ</span> <span class='ocrx_word' id='word_1_154' title='bbox 634 2110 728 2174; x_wconf 81' lang='grc'>50,</span> <span class='ocrx_word' id='word_1_155' title='bbox 753 2108 808 2177; x_wconf 80' lang='grc'><strong>5)</strong></span> <span class='ocrx_word' id='word_1_156' title='bbox 831 2109 1168 2164; x_wconf 78' lang='lat' dir='ltr'><strong>Ostendetur.</strong></span> 
     </span>
    </p>
   </div>
   <div class='ocr_carea' id='block_1_22' title="bbox 644 2197 2151 2272">
    <p class='ocr_par' dir='ltr' id='par_1_22' title="bbox 644 2197 2151 2272">
     <span class='ocr_line' id='line_1_22' title="bbox 644 2197 2151 2272; baseline 0.002 -20"><span class='ocrx_word' id='word_1_157' title='bbox 644 2198 706 2268; x_wconf 88' lang='lat'><strong>6).</strong></span> <span class='ocrx_word' id='word_1_158' title='bbox 734 2197 764 2250; x_wconf 93' lang='grc'><strong>1</strong></span> <span class='ocrx_word' id='word_1_159' title='bbox 801 2199 988 2252; x_wconf 87' lang='lat' dir='ltr'><strong>transit</strong></span> <span class='ocrx_word' id='word_1_160' title='bbox 1023 2201 1081 2267; x_wconf 90' lang='lat' dir='ltr'><strong>a)</strong></span> <span class='ocrx_word' id='word_1_161' title='bbox 1123 2215 1216 2266; x_wconf 91' lang='lat' dir='ltr'><strong>per</strong></span> <span class='ocrx_word' id='word_1_162' title='bbox 1252 2201 1548 2268; x_wconf 86' lang='lat' dir='ltr'><strong>ruptionem</strong></span> <span class='ocrx_word' id='word_1_163' title='bbox 1592 2204 1643 2255; x_wconf 87' lang='lat' dir='ltr'><strong>in</strong></span> <span class='ocrx_word' id='word_1_164' title='bbox 1672 2203 1722 2254; x_wconf 88' lang='lat' dir='ltr'><strong>ai</strong></span> <span class='ocrx_word' id='word_1_165' title='bbox 1771 2201 1824 2272; x_wconf 85' lang='lat'><strong>(§</strong></span> <span class='ocrx_word' id='word_1_166' title='bbox 1856 2201 1944 2266; x_wconf 78' lang='grc'><strong>52,</strong></span> <span class='ocrx_word' id='word_1_167' title='bbox 1974 2201 2064 2272; x_wconf 87' lang='grc'><strong>5),</strong></span> <span class='ocrx_word' id='word_1_168' title='bbox 2098 2202 2151 2272; x_wconf 91' lang='lat' dir='ltr'><strong>b)</strong></span> 
     </span>
    </p>
   </div>
   <div class='ocr_carea' id='block_1_23' title="bbox 577 2288 1396 2360">
    <p class='ocr_par' dir='ltr' id='par_1_23' title="bbox 577 2288 1396 2360">
     <span class='ocr_line' id='line_1_23' title="bbox 577 2288 1396 2360; baseline 0.006 -19"><span class='ocrx_word' id='word_1_169' title='bbox 577 2298 699 2343; x_wconf 85' lang='lat' dir='ltr'><strong>ante</strong></span> <span class='ocrx_word' id='word_1_170' title='bbox 729 2288 965 2344; x_wconf 82' lang='lat' dir='ltr'><strong>vocalem</strong></span> <span class='ocrx_word' id='word_1_171' title='bbox 995 2289 1045 2342; x_wconf 90' lang='lat' dir='ltr'><strong>in</strong></span> <span class='ocrx_word' id='word_1_172' title='bbox 1066 2292 1096 2360; x_wconf 87' lang='lat' dir='ltr'><strong><em>j</em></strong></span> <span class='ocrx_word' id='word_1_173' title='bbox 1121 2288 1172 2360; x_wconf 87' lang='lat'><strong>(§</strong></span> <span class='ocrx_word' id='word_1_174' title='bbox 1199 2289 1288 2354; x_wconf 71' lang='grc'>54,</span> <span class='ocrx_word' id='word_1_175' title='bbox 1317 2289 1396 2360; x_wconf 91' lang='grc'>5).</span> 
     </span>
    </p>
   </div>
   <div class='ocr_carea' id='block_1_24' title="bbox 1340 2439 1406 2511">
    <p class='ocr_par' dir='ltr' id='par_1_24' title="bbox 1340 2439 1406 2511">
     <span class='ocr_line' id='line_1_24' title="bbox 1340 2439 1406 2511; baseline 0 0"><span class='ocrx_word' id='word_1_176' title='bbox 1340 2439 1406 2511; x_wconf 89' lang='lat' dir='ltr'><strong>U</strong></span> 
     </span>
    </p>
   </div>
   <div class='ocr_carea' id='block_1_25' title="bbox 652 2582 2149 2658">
    <p class='ocr_par' dir='ltr' id='par_1_25' title="bbox 652 2582 2149 2658">
     <span class='ocr_line' id='line_1_25' title="bbox 652 2582 2149 2658; baseline 0.003 -18"><span class='ocrx_word' id='word_1_177' title='bbox 652 2587 680 2658; x_wconf 65' lang='grc' dir='ltr'><strong>ς</strong></span> <span class='ocrx_word' id='word_1_178' title='bbox 707 2587 799 2642; x_wconf 72' lang='grc'><strong>24.</strong></span> <span class='ocrx_word' id='word_1_179' title='bbox 832 2585 884 2656; x_wconf 86' lang='grc'><strong>1)</strong></span> <span class='ocrx_word' id='word_1_180' title='bbox 919 2586 984 2654; x_wconf 90' lang='lat' dir='ltr'><strong>U,</strong></span> <span class='ocrx_word' id='word_1_181' title='bbox 1011 2587 1370 2653; x_wconf 81' lang='lat' dir='ltr'><strong>tertiatriadis</strong></span> <span class='ocrx_word' id='word_1_182' title='bbox 1398 2582 1625 2658; x_wconf 61' lang='lat' dir='ltr'><strong>gothicai</strong></span> <span class='ocrx_word' id='word_1_183' title='bbox 1650 2591 1913 2645; x_wconf 83' lang='lat' dir='ltr'><strong>vocalium</strong></span> <span class='ocrx_word' id='word_1_184' title='bbox 1954 2591 2149 2657; x_wconf 88' lang='lat' dir='ltr'><strong>brevis,</strong></span> 
     </span>
    </p>
   </div>
   <div class='ocr_carea' id='block_1_26' title="bbox 578 2678 2153 2756">
    <p class='ocr_par' dir='ltr' id='par_1_26' title="bbox 578 2678 2153 2756">
     <span class='ocr_line' id='line_1_26' title="bbox 578 2678 2153 2756; baseline 0.002 -26"><span class='ocrx_word' id='word_1_185' title='bbox 578 2678 755 2731; x_wconf 90' lang='lat' dir='ltr'><strong>minus</strong></span> <span class='ocrx_word' id='word_1_186' title='bbox 785 2679 1088 2756; x_wconf 74' lang='lat' dir='ltr'><strong>frequenter</strong></span> <span class='ocrx_word' id='word_1_187' title='bbox 1110 2693 1266 2747; x_wconf 92' lang='lat' dir='ltr'><strong>quam</strong></span> <span class='ocrx_word' id='word_1_188' title='bbox 1287 2679 1306 2731; x_wconf 80' lang='grc' dir='ltr'><strong><em>ἱ</em></strong></span> <span class='ocrx_word' id='word_1_189' title='bbox 1328 2687 1381 2733; x_wconf 89' lang='lat' dir='ltr'><strong>et</strong></span> <span class='ocrx_word' id='word_1_190' title='bbox 1406 2680 1652 2748; x_wconf 89' lang='lat' dir='ltr'><strong>equidem</strong></span> <span class='ocrx_word' id='word_1_191' title='bbox 1681 2680 1882 2747; x_wconf 90' lang='lat' dir='ltr'><strong>pariter</strong></span> <span class='ocrx_word' id='word_1_192' title='bbox 1902 2680 1954 2734; x_wconf 89' lang='lat' dir='ltr'><strong>in</strong></span> <span class='ocrx_word' id='word_1_193' title='bbox 1982 2681 2153 2733; x_wconf 87' lang='lat' dir='ltr'><strong>omni-</strong></span> 
     </span>
    </p>
   </div>
   <div class='ocr_carea' id='block_1_27' title="bbox 578 2766 2154 2826">
    <p class='ocr_par' dir='ltr' id='par_1_27' title="bbox 578 2766 2154 2826">
     <span class='ocr_line' id='line_1_27' title="bbox 578 2766 2154 2826; baseline 0.003 -5"><span class='ocrx_word' id='word_1_194' title='bbox 578 2766 680 2821; x_wconf 87' lang='lat' dir='ltr'><strong>bus</strong></span> <span class='ocrx_word' id='word_1_195' title='bbox 709 2768 1114 2823; x_wconf 89' lang='lat' dir='ltr'><strong>consonantium</strong></span> <span class='ocrx_word' id='word_1_196' title='bbox 1143 2770 1472 2825; x_wconf 82' lang='lat' dir='ltr'><strong>connexibus</strong></span> <span class='ocrx_word' id='word_1_197' title='bbox 1499 2772 1753 2826; x_wconf 86' lang='lat' dir='ltr'><strong>occurrit.</strong></span> <span class='ocrx_word' id='word_1_198' title='bbox 1799 2771 1955 2826; x_wconf 86' lang='lat' dir='ltr'><strong>Initio</strong></span> <span class='ocrx_word' id='word_1_199' title='bbox 1998 2786 2154 2826; x_wconf 85' lang='lat' dir='ltr'><strong>voca-</strong></span> 
     </span>
    </p>
   </div>
   <div class='ocr_carea' id='block_1_28' title="bbox 579 2857 2153 2930">
    <p class='ocr_par' dir='ltr' id='par_1_28' title="bbox 579 2857 2153 2930">
     <span class='ocr_line' id='line_1_28' title="bbox 579 2857 2153 2930; baseline 0.003 -18"><span class='ocrx_word' id='word_1_200' title='bbox 579 2857 686 2912; x_wconf 88' lang='lat' dir='ltr'><strong>buli</strong></span> <span class='ocrx_word' id='word_1_201' title='bbox 716 2857 885 2926; x_wconf 89' lang='lat' dir='ltr'><strong>posita</strong></span> <span class='ocrx_word' id='word_1_202' title='bbox 911 2857 978 2912; x_wconf 90' lang='lat' dir='ltr'><strong>ad</strong></span> <span class='ocrx_word' id='word_1_203' title='bbox 1010 2859 1296 2926; x_wconf 85' lang='lat' dir='ltr'><strong>particulas</strong></span> <span class='ocrx_word' id='word_1_204' title='bbox 1322 2868 1377 2916; x_wconf 88' lang='lat' dir='ltr'><strong>et</strong></span> <span class='ocrx_word' id='word_1_205' title='bbox 1409 2862 1722 2930; x_wconf 89' lang='lat' dir='ltr'><strong>pronomina</strong></span> <span class='ocrx_word' id='word_1_206' title='bbox 1751 2861 1862 2917; x_wconf 82' lang='lat' dir='ltr'><strong>fere</strong></span> <span class='ocrx_word' id='word_1_207' title='bbox 1887 2863 2153 2918; x_wconf 82' lang='lat' dir='ltr'><strong>exclusive</strong></span> 
     </span>
    </p>
   </div>
   <div class='ocr_carea' id='block_1_29' title="bbox 579 2948 2150 3022">
    <p class='ocr_par' dir='ltr' id='par_1_29' title="bbox 579 2948 2150 3022">
     <span class='ocr_line' id='line_1_29' title="bbox 579 2948 2150 3022; baseline 0.005 -22"><span class='ocrx_word' id='word_1_208' title='bbox 579 2948 950 3016; x_wconf 78' lang='lat' dir='ltr'><strong>restringitur;</strong></span> <span class='ocrx_word' id='word_1_209' title='bbox 1003 2950 1107 3005; x_wconf 88' lang='lat' dir='ltr'><strong>ﬁne</strong></span> <span class='ocrx_word' id='word_1_210' title='bbox 1153 2966 1281 3006; x_wconf 89' lang='lat' dir='ltr'><strong>vero</strong></span> <span class='ocrx_word' id='word_1_211' title='bbox 1331 2961 1526 3021; x_wconf 65' lang='lat' dir='ltr'><strong>praeter</strong></span> <span class='ocrx_word' id='word_1_212' title='bbox 1573 2953 1856 3008; x_wconf 86' lang='lat' dir='ltr'><strong>nonnullas</strong></span> <span class='ocrx_word' id='word_1_213' title='bbox 1914 2955 2150 3022; x_wconf 82' lang='lat' dir='ltr'><strong>particu-</strong></span> 
     </span>
    </p>
   </div>
   <div class='ocr_carea' id='block_1_30' title="bbox 578 3037 2142 3112">
    <p class='ocr_par' dir='ltr' id='par_1_30' title="bbox 578 3037 2142 3112">
     <span class='ocr_line' id='line_1_30' title="bbox 578 3037 2142 3112; baseline 0.006 -22"><span class='ocrx_word' id='word_1_214' title='bbox 578 3037 654 3090; x_wconf 88' lang='lat' dir='ltr'><strong>las</strong></span> <span class='ocrx_word' id='word_1_215' title='bbox 678 3050 725 3092; x_wconf 87' lang='lat' dir='ltr'><strong>et</strong></span> <span class='ocrx_word' id='word_1_216' title='bbox 757 3039 1087 3094; x_wconf 89' lang='lat' dir='ltr'><strong>substantiva</strong></span> <span class='ocrx_word' id='word_1_217' title='bbox 1111 3050 1286 3097; x_wconf 85' lang='lat' dir='ltr'><strong>neutr.</strong></span> <span class='ocrx_word' id='word_1_218' title='bbox 1310 3058 1433 3112; x_wconf 81' lang='lat' dir='ltr'><strong>gen.</strong></span> <span class='ocrx_word' id='word_1_219' title='bbox 1467 3043 1519 3098; x_wconf 92' lang='lat' dir='ltr'><strong>in</strong></span> <span class='ocrx_word' id='word_1_220' title='bbox 1545 3044 1725 3112; x_wconf 91' lang='lat' dir='ltr'><strong>paucis</strong></span> <span class='ocrx_word' id='word_1_221' title='bbox 1742 3053 1942 3099; x_wconf 90' lang='lat' dir='ltr'><strong>tantum</strong></span> <span class='ocrx_word' id='word_1_222' title='bbox 1962 3044 2142 3100; x_wconf 81' lang='lat' dir='ltr'><strong>ﬂexio-</strong></span> 
     </span>
    </p>
   </div>
   <div class='ocr_carea' id='block_1_31' title="bbox 575 3129 1063 3199">
    <p class='ocr_par' dir='ltr' id='par_1_31' title="bbox 575 3129 1063 3199">
     <span class='ocr_line' id='line_1_31' title="bbox 575 3129 1063 3199; baseline 0.012 -19"><span class='ocrx_word' id='word_1_223' title='bbox 575 3129 729 3182; x_wconf 88' lang='lat' dir='ltr'><strong>nibus</strong></span> <span class='ocrx_word' id='word_1_224' title='bbox 758 3140 1063 3199; x_wconf 91' lang='lat' dir='ltr'><strong>usurpatur.</strong></span> 
     </span>
    </p>
   </div>
   <div class='ocr_carea' id='block_1_32' title="bbox 643 3219 2143 3298">
    <p class='ocr_par' dir='ltr' id='par_1_32' title="bbox 643 3219 2143 3298">
     <span class='ocr_line' id='line_1_32' title="bbox 643 3219 2143 3298; baseline 0.009 -26"><span class='ocrx_word' id='word_1_225' title='bbox 643 3220 695 3289; x_wconf 89' lang='lat' dir='ltr'><strong>a)</strong></span> <span class='ocrx_word' id='word_1_226' title='bbox 731 3219 929 3276; x_wconf 88' lang='lat' dir='ltr'><strong>Initio:</strong></span> <span class='ocrx_word' id='word_1_227' title='bbox 963 3223 1156 3288; x_wconf 77' lang='lat' dir='ltr'><strong>ubizva,</strong></span> <span class='ocrx_word' id='word_1_228' title='bbox 1191 3223 1344 3290; x_wconf 87' lang='lat' dir='ltr'><strong>ubils,</strong></span> <span class='ocrx_word' id='word_1_229' title='bbox 1388 3224 1552 3295; x_wconf 75' lang='lat' dir='ltr'><strong>ugkis,</strong></span> <span class='ocrx_word' id='word_1_230' title='bbox 1599 3227 1816 3298; x_wconf 83' lang='lat' dir='ltr'><strong>uhteigs,</strong></span> <span class='ocrx_word' id='word_1_231' title='bbox 1870 3231 2143 3297; x_wconf 81' lang='lat' dir='ltr'><strong>ulbandus,</strong></span> 
     </span>
    </p>
   </div>
   <div class='ocr_carea' id='block_1_33' title="bbox 574 3309 2142 3393">
    <p class='ocr_par' dir='ltr' id='par_1_33' title="bbox 574 3309 2142 3393">
     <span class='ocr_line' id='line_1_33' title="bbox 574 3309 2142 3393; baseline 0.008 -31"><span class='ocrx_word' id='word_1_232' title='bbox 574 3309 704 3375; x_wconf 82' lang='lat' dir='ltr'><strong>und,</strong></span> <span class='ocrx_word' id='word_1_233' title='bbox 753 3310 938 3377; x_wconf 86' lang='lat' dir='ltr'><strong>undar,</strong></span> <span class='ocrx_word' id='word_1_234' title='bbox 981 3313 1265 3379; x_wconf 84' lang='lat' dir='ltr'><strong>undaurns,</strong></span> <span class='ocrx_word' id='word_1_235' title='bbox 1309 3331 1427 3383; x_wconf 84' lang='lat' dir='ltr'><strong>uns,</strong></span> <span class='ocrx_word' id='word_1_236' title='bbox 1469 3326 1608 3384; x_wconf 79' lang='lat' dir='ltr'><strong>unte,</strong></span> <span class='ocrx_word' id='word_1_237' title='bbox 1656 3335 1736 3385; x_wconf 85' lang='lat' dir='ltr'><strong>us,</strong></span> <span class='ocrx_word' id='word_1_238' title='bbox 1766 3329 1840 3386; x_wconf 80' lang='lat' dir='ltr'><strong>ut,</strong></span> <span class='ocrx_word' id='word_1_239' title='bbox 1883 3323 1962 3392; x_wconf 84' lang='lat' dir='ltr'><strong>uf,</strong></span> <span class='ocrx_word' id='word_1_240' title='bbox 2004 3323 2142 3393; x_wconf 77' lang='lat' dir='ltr'><strong>ufar,</strong></span> 
     </span>
    </p>
   </div>
   <div class='ocr_carea' id='block_1_34' title="bbox 573 3401 883 3470">
    <p class='ocr_par' dir='ltr' id='par_1_34' title="bbox 573 3401 883 3470">
     <span class='ocr_line' id='line_1_34' title="bbox 573 3401 883 3470; baseline 0.01 -18"><span class='ocrx_word' id='word_1_241' title='bbox 573 3401 704 3470; x_wconf 76' lang='lat' dir='ltr'><strong>ufjo,</strong></span> <span class='ocrx_word' id='word_1_242' title='bbox 730 3405 843 3467; x_wconf 76' lang='lat' dir='ltr'><strong>uita</strong></span> <span class='ocrx_word' id='word_1_243' title='bbox 866 3420 883 3469; x_wconf 92' lang='lat'><strong><em>;</em></strong></span> 
     </span>
    </p>
   </div>
   <div class='ocr_carea' id='block_1_35' title="bbox 643 3491 2143 3573">
    <p class='ocr_par' dir='ltr' id='par_1_35' title="bbox 643 3491 2143 3573">
     <span class='ocr_line' id='line_1_35' title="bbox 643 3491 2143 3573; baseline 0.01 -30"><span class='ocrx_word' id='word_1_244' title='bbox 643 3491 694 3561; x_wconf 74' lang='grc' dir='ltr'>ὁ)</span> <span class='ocrx_word' id='word_1_245' title='bbox 726 3491 894 3547; x_wconf 66' lang='lat' dir='ltr'><strong>Medio</strong></span> <span class='ocrx_word' id='word_1_246' title='bbox 927 3512 939 3546; x_wconf 94' lang='lat'>:</span> <span class='ocrx_word' id='word_1_247' title='bbox 972 3493 1179 3565; x_wconf 83' lang='lat' dir='ltr'><strong>bugjau,</strong></span> <span class='ocrx_word' id='word_1_248' title='bbox 1213 3498 1398 3563; x_wconf 84' lang='lat' dir='ltr'><strong>brusts,</strong></span> <span class='ocrx_word' id='word_1_249' title='bbox 1437 3501 1525 3569; x_wconf 85' lang='lat' dir='ltr'><strong>gul</strong></span> <span class='ocrx_word' id='word_1_250' title='bbox 1527 3499 1593 3570; x_wconf 78' lang='lat' dir='ltr'><strong>p,</strong></span> <span class='ocrx_word' id='word_1_251' title='bbox 1639 3500 1905 3573; x_wconf 85' lang='lat' dir='ltr'><strong>usgrttdja,</strong></span> <span class='ocrx_word' id='word_1_252' title='bbox 1950 3503 2143 3573; x_wconf 83' lang='lat' dir='ltr'><strong>dugan,</strong></span> 
     </span>
    </p>
   </div>
   <div class='ocr_carea' id='block_1_36' title="bbox 572 3583 2148 3665">
    <p class='ocr_par' dir='ltr' id='par_1_36' title="bbox 572 3583 2148 3665">
     <span class='ocr_line' id='line_1_36' title="bbox 572 3583 2148 3665; baseline 0.009 -29"><span class='ocrx_word' id='word_1_253' title='bbox 572 3583 719 3647; x_wconf 77' lang='lat' dir='ltr'><strong>drus,</strong></span> <span class='ocrx_word' id='word_1_254' title='bbox 747 3600 911 3651; x_wconf 86' lang='lat' dir='ltr'><strong>qums,</strong></span> <span class='ocrx_word' id='word_1_255' title='bbox 951 3587 1168 3657; x_wconf 78' lang='lat' dir='ltr'><strong>Itugjan,</strong></span> <span class='ocrx_word' id='word_1_256' title='bbox 1196 3587 1384 3657; x_wconf 77' lang='lat' dir='ltr'><strong>Itium,</strong></span> <span class='ocrx_word' id='word_1_257' title='bbox 1417 3590 1594 3658; x_wconf 86' lang='lat' dir='ltr'><strong>Imuto,</strong></span> <span class='ocrx_word' id='word_1_258' title='bbox 1628 3591 1779 3656; x_wconf 81' lang='lat' dir='ltr'><strong>Itruk,</strong></span> <span class='ocrx_word' id='word_1_259' title='bbox 1809 3592 1936 3664; x_wconf 69' lang='lat' dir='ltr'><strong>pus,</strong></span> <span class='ocrx_word' id='word_1_260' title='bbox 1966 3593 2148 3665; x_wconf 77' lang='lat' dir='ltr'><strong>[)ruls-</strong></span> 
     </span>
    </p>
   </div>
   <div class='ocr_carea' id='block_1_37' title="bbox 571 3672 2142 3757">
    <p class='ocr_par' dir='ltr' id='par_1_37' title="bbox 571 3672 2142 3757">
     <span class='ocr_line' id='line_1_37' title="bbox 571 3672 2142 3757; baseline 0.011 -33"><span class='ocrx_word' id='word_1_261' title='bbox 571 3673 670 3739; x_wconf 75' lang='lat' dir='ltr'><strong>ﬁll,</strong></span> <span class='ocrx_word' id='word_1_262' title='bbox 693 3672 901 3745; x_wconf 72' lang='lat' dir='ltr'><strong>kukjan,</strong></span> <span class='ocrx_word' id='word_1_263' title='bbox 924 3674 1194 3748; x_wconf 80' lang='lat' dir='ltr'><strong>knussjan,</strong></span> <span class='ocrx_word' id='word_1_264' title='bbox 1217 3679 1407 3744; x_wconf 80' lang='lat' dir='ltr'><strong>krusls,</strong></span> <span class='ocrx_word' id='word_1_265' title='bbox 1428 3681 1611 3748; x_wconf 81' lang='lat' dir='ltr'><strong>Iustus,</strong></span> <span class='ocrx_word' id='word_1_266' title='bbox 1637 3699 1850 3750; x_wconf 82' lang='grc' dir='ltr'>ιιιιιιιαιι,</span> <span class='ocrx_word' id='word_1_267' title='bbox 1868 3696 2011 3748; x_wconf 84' lang='lat' dir='ltr'><strong>nuta,</strong></span> <span class='ocrx_word' id='word_1_268' title='bbox 2028 3689 2142 3757; x_wconf 81' lang='lat' dir='ltr'><strong>jus,</strong></span> 
     </span>
    </p>
   </div>
   <div class='ocr_carea' id='block_1_38' title="bbox 571 3770 2146 3846">
    <p class='ocr_par' dir='ltr' id='par_1_38' title="bbox 571 3770 2146 3846">
     <span class='ocr_line' id='line_1_38' title="bbox 571 3770 2146 3846; baseline 0.008 -29"><span class='ocrx_word' id='word_1_269' title='bbox 571 3781 753 3836; x_wconf 63' lang='lat' dir='ltr'><strong>ytrggs,</strong></span> <span class='ocrx_word' id='word_1_270' title='bbox 773 3783 916 3835; x_wconf 85' lang='lat' dir='ltr'><strong>runs,</strong></span> <span class='ocrx_word' id='word_1_271' title='bbox 940 3770 1101 3840; x_wconf 79' lang='lat' dir='ltr'><strong>sulja,</strong></span> <span class='ocrx_word' id='word_1_272' title='bbox 1119 3770 1320 3837; x_wconf 76' lang='lat' dir='ltr'><strong>sltulan,</strong></span> <span class='ocrx_word' id='word_1_273' title='bbox 1341 3783 1530 3836; x_wconf 85' lang='lat' dir='ltr'><strong>snutrs,</strong></span> <span class='ocrx_word' id='word_1_274' title='bbox 1556 3773 1772 3844; x_wconf 79' lang='lat' dir='ltr'><strong>stubjus,</strong></span> <span class='ocrx_word' id='word_1_275' title='bbox 1797 3776 2146 3846; x_wconf 72' lang='lat' dir='ltr'><strong>svultavairp-</strong></span> 
     </span>
    </p>
   </div>
   <div class='ocr_carea' id='block_1_39' title="bbox 571 3857 2140 3934">
    <p class='ocr_par' dir='ltr' id='par_1_39' title="bbox 571 3857 2140 3934">
     <span class='ocr_line' id='line_1_39' title="bbox 571 3857 2140 3934; baseline 0.008 -27"><span class='ocrx_word' id='word_1_276' title='bbox 571 3857 655 3927; x_wconf 73' lang='lat' dir='ltr'><strong>ia,</strong></span> <span class='ocrx_word' id='word_1_277' title='bbox 699 3857 899 3927; x_wconf 81' lang='lat' dir='ltr'><strong>tulgus,</strong></span> <span class='ocrx_word' id='word_1_278' title='bbox 933 3860 1254 3933; x_wconf 77' lang='lat' dir='ltr'><strong>intrusgjan,</strong></span> <span class='ocrx_word' id='word_1_279' title='bbox 1293 3862 1477 3929; x_wconf 77' lang='lat' dir='ltr'><strong>vulan,</strong></span> <span class='ocrx_word' id='word_1_280' title='bbox 1517 3879 1736 3934; x_wconf 84' lang='lat' dir='ltr'><strong>vruggo,</strong></span> <span class='ocrx_word' id='word_1_281' title='bbox 1783 3866 1922 3931; x_wconf 77' lang='lat' dir='ltr'><strong>fuis,</strong></span> <span class='ocrx_word' id='word_1_282' title='bbox 1959 3869 2140 3934; x_wconf 75' lang='lat' dir='ltr'><strong>frums,</strong></span> 
     </span>
    </p>
   </div>
   <div class='ocr_carea' id='block_1_40' title="bbox 571 3944 2140 4024">
    <p class='ocr_par' dir='ltr' id='par_1_40' title="bbox 571 3944 2140 4024">
     <span class='ocr_line' id='line_1_40' title="bbox 571 3944 2140 4024; baseline 0.006 -27"><span class='ocrx_word' id='word_1_283' title='bbox 571 3944 809 4013; x_wconf 74' lang='lat' dir='ltr'><strong>fairwus;</strong></span> <span class='ocrx_word' id='word_1_284' title='bbox 835 3948 1053 4014; x_wconf 83' lang='lat' dir='ltr'><strong>lubains,</strong></span> <span class='ocrx_word' id='word_1_285' title='bbox 1093 3950 1272 4016; x_wconf 74' lang='lat' dir='ltr'><strong>siiubr,</strong></span> <span class='ocrx_word' id='word_1_286' title='bbox 1310 3952 1516 4018; x_wconf 67' lang='lat' dir='ltr'><strong>(iugum,</strong></span> <span class='ocrx_word' id='word_1_287' title='bbox 1545 3955 1721 4024; x_wconf 84' lang='lat' dir='ltr'><strong>iuggs,</strong></span> <span class='ocrx_word' id='word_1_288' title='bbox 1762 3953 1921 4024; x_wconf 78' lang='lat' dir='ltr'><strong>fugis,</strong></span> <span class='ocrx_word' id='word_1_289' title='bbox 1970 3955 2140 4024; x_wconf 81' lang='lat' dir='ltr'><strong>ludja,</strong></span> 
     </span>
    </p>
   </div>
   <div class='ocr_carea' id='block_1_41' title="bbox 571 4040 2137 4114">
    <p class='ocr_par' dir='ltr' id='par_1_41' title="bbox 571 4040 2137 4114">
     <span class='ocr_line' id='line_1_41' title="bbox 571 4040 2137 4114; baseline 0.008 -27"><span class='ocrx_word' id='word_1_290' title='bbox 571 4051 753 4105; x_wconf 72' lang='lat' dir='ltr'><strong>suqon,</strong></span> <span class='ocrx_word' id='word_1_291' title='bbox 781 4053 958 4107; x_wconf 82' lang='lat' dir='ltr'><strong>suqns,</strong></span> <span class='ocrx_word' id='word_1_292' title='bbox 980 4040 1177 4108; x_wconf 77' lang='lat' dir='ltr'><strong>iukuzi,</strong></span> <span class='ocrx_word' id='word_1_293' title='bbox 1200 4043 1479 4109; x_wconf 74' lang='lat' dir='ltr'><strong>anabusns,</strong></span> <span class='ocrx_word' id='word_1_294' title='bbox 1508 4043 1662 4108; x_wconf 81' lang='lat' dir='ltr'><strong>Imzd,</strong></span> <span class='ocrx_word' id='word_1_295' title='bbox 1681 4042 1896 4107; x_wconf 82' lang='lat' dir='ltr'><strong>hultrus,</strong></span> <span class='ocrx_word' id='word_1_296' title='bbox 1920 4043 2137 4114; x_wconf 78' lang='lat' dir='ltr'><strong>[)uhlus,</strong></span> 
     </span>
    </p>
   </div>
   <div class='ocr_carea' id='block_1_42' title="bbox 570 4126 2137 4204">
    <p class='ocr_par' dir='ltr' id='par_1_42' title="bbox 570 4126 2137 4204">
     <span class='ocr_line' id='line_1_42' title="bbox 570 4126 2137 4204; baseline 0.006 -25"><span class='ocrx_word' id='word_1_297' title='bbox 570 4126 706 4197; x_wconf 67' lang='lat' dir='ltr'><strong>gap,</strong></span> <span class='ocrx_word' id='word_1_298' title='bbox 734 4127 1072 4194; x_wconf 85' lang='lat' dir='ltr'><strong>mukantodei,</strong></span> <span class='ocrx_word' id='word_1_299' title='bbox 1108 4133 1238 4200; x_wconf 70' lang='lat' dir='ltr'><strong>(uia,</strong></span> <span class='ocrx_word' id='word_1_300' title='bbox 1279 4134 1425 4203; x_wconf 74' lang='lat' dir='ltr'><strong>Tulls,</strong></span> <span class='ocrx_word' id='word_1_301' title='bbox 1458 4132 1641 4204; x_wconf 72' lang='lat' dir='ltr'><strong>hulps,</strong></span> <span class='ocrx_word' id='word_1_302' title='bbox 1673 4133 1870 4198; x_wconf 84' lang='lat' dir='ltr'><strong>mulda,</strong></span> <span class='ocrx_word' id='word_1_303' title='bbox 1901 4151 2137 4201; x_wconf 72' lang='lat' dir='ltr'><strong>nummis,</strong></span> 
     </span>
    </p>
   </div>
   <div class='ocr_carea' id='block_1_43' title="bbox 569 4217 2140 4294">
    <p class='ocr_par' dir='ltr' id='par_1_43' title="bbox 569 4217 2140 4294">
     <span class='ocr_line' id='line_1_43' title="bbox 569 4217 2140 4294; baseline 0.006 -27"><span class='ocrx_word' id='word_1_304' title='bbox 569 4217 896 4283; x_wconf 77' lang='lat' dir='ltr'><strong>andanumts,</strong></span> <span class='ocrx_word' id='word_1_305' title='bbox 919 4219 1294 4286; x_wconf 79' lang='lat' dir='ltr'><strong>svumsi,runa,</strong></span> <span class='ocrx_word' id='word_1_306' title='bbox 1328 4221 1546 4287; x_wconf 83' lang='lat' dir='ltr'><strong>brunna,</strong></span> <span class='ocrx_word' id='word_1_307' title='bbox 1577 4221 1916 4292; x_wconf 69' lang='lat' dir='ltr'><strong>afgrundipa,</strong></span> <span class='ocrx_word' id='word_1_308' title='bbox 1952 4222 2140 4294; x_wconf 72' lang='lat' dir='ltr'><strong>kunpi,</strong></span> 
     </span>
    </p>
   </div>
   <div class='ocr_carea' id='block_1_44' title="bbox 569 4307 2144 4382">
    <p class='ocr_par' dir='ltr' id='par_1_44' title="bbox 569 4307 2144 4382">
     <span class='ocr_line' id='line_1_44' title="bbox 569 4307 2144 4382; baseline 0.004 -23"><span class='ocrx_word' id='word_1_309' title='bbox 569 4307 767 4375; x_wconf 82' lang='lat' dir='ltr'><strong>brunjo,</strong></span> <span class='ocrx_word' id='word_1_310' title='bbox 792 4307 945 4378; x_wconf 82' lang='lat' dir='ltr'><strong>hups,</strong></span> <span class='ocrx_word' id='word_1_311' title='bbox 975 4307 1148 4376; x_wconf 69' lang='lat' dir='ltr'><strong>risura,</strong></span> <span class='ocrx_word' id='word_1_312' title='bbox 1171 4311 1292 4376; x_wconf 81' lang='lat' dir='ltr'><strong>ltus,</strong></span> <span class='ocrx_word' id='word_1_313' title='bbox 1320 4310 1669 4374; x_wconf 77' lang='lat' dir='ltr'><strong>andhruskan,</strong></span> <span class='ocrx_word' id='word_1_314' title='bbox 1695 4312 1996 4382; x_wconf 78' lang='lat' dir='ltr'><strong>barusnjan,</strong></span> <span class='ocrx_word' id='word_1_315' title='bbox 2025 4311 2144 4367; x_wconf 77' lang='lat' dir='ltr'><strong>ltus-</strong></span> 
     </span>
    </p>
   </div>
   <div class='ocr_carea' id='block_1_45' title="bbox 569 4397 1305 4468">
    <p class='ocr_par' dir='ltr' id='par_1_45' title="bbox 569 4397 1305 4468">
     <span class='ocr_line' id='line_1_45' title="bbox 569 4397 1305 4468; baseline 0.007 -21"><span class='ocrx_word' id='word_1_316' title='bbox 569 4406 669 4461; x_wconf 82' lang='lat' dir='ltr'><strong>tus,</strong></span> <span class='ocrx_word' id='word_1_317' title='bbox 695 4397 857 4462; x_wconf 82' lang='lat' dir='ltr'><strong>(utan,</strong></span> <span class='ocrx_word' id='word_1_318' title='bbox 879 4397 1080 4467; x_wconf 78' lang='lat' dir='ltr'><strong>hufnm,</strong></span> <span class='ocrx_word' id='word_1_319' title='bbox 1111 4399 1305 4468; x_wconf 80' lang='lat' dir='ltr'><strong>luftus;</strong></span> 
     </span>
    </p>
   </div>
   <div class='ocr_carea' id='block_1_46' title="bbox 639 4487 2138 4561">
    <p class='ocr_par' dir='ltr' id='par_1_46' title="bbox 639 4487 2138 4561">
     <span class='ocr_line' id='line_1_46' title="bbox 639 4487 2138 4561; baseline 0.004 -23"><span class='ocrx_word' id='word_1_320' title='bbox 639 4487 688 4556; x_wconf 90' lang='lat' dir='ltr'><strong>c)</strong></span> <span class='ocrx_word' id='word_1_321' title='bbox 720 4488 888 4542; x_wconf 69' lang='lat' dir='ltr'><strong>l’ine:</strong></span> <span class='ocrx_word' id='word_1_322' title='bbox 921 4488 1014 4553; x_wconf 87' lang='lat' dir='ltr'><strong>du,</strong></span> <span class='ocrx_word' id='word_1_323' title='bbox 1035 4487 1136 4560; x_wconf 74' lang='grc' dir='ltr'>ῥιι,</span> <span class='ocrx_word' id='word_1_324' title='bbox 1156 4495 1246 4561; x_wconf 86' lang='lat' dir='ltr'><strong>ju,</strong></span> <span class='ocrx_word' id='word_1_325' title='bbox 1277 4505 1366 4552; x_wconf 84' lang='lat' dir='ltr'><strong>nu,</strong></span> <span class='ocrx_word' id='word_1_326' title='bbox 1404 4491 1518 4553; x_wconf 16' lang='lat' dir='ltr'><strong>inut,</strong></span> <span class='ocrx_word' id='word_1_327' title='bbox 1547 4488 1712 4558; x_wconf 77' lang='lat' dir='ltr'><strong>{ai/tu,</strong></span> <span class='ocrx_word' id='word_1_328' title='bbox 1741 4490 1912 4559; x_wconf 81' lang='lat' dir='ltr'><strong>gairu,</strong></span> <span class='ocrx_word' id='word_1_329' title='bbox 1942 4490 2138 4559; x_wconf 80' lang='lat' dir='ltr'><strong>handu,</strong></span> 
     </span>
    </p>
   </div>
   <div class='ocr_carea' id='block_1_47' title="bbox 566 4578 900 4649">
    <p class='ocr_par' dir='ltr' id='par_1_47' title="bbox 566 4578 900 4649">
     <span class='ocr_line' id='line_1_47' title="bbox 566 4578 900 4649; baseline 0.009 -20"><span class='ocrx_word' id='word_1_330' title='bbox 566 4592 749 4649; x_wconf 75' lang='lat' dir='ltr'><strong>aggva,</strong></span> <span class='ocrx_word' id='word_1_331' title='bbox 779 4578 900 4646; x_wconf 75' lang='lat' dir='ltr'><strong>siin.</strong></span> 
     </span>
    </p>
   </div>
   <div class='ocr_carea' id='block_1_48' title="bbox 637 4667 2138 4738">
    <p class='ocr_par' dir='ltr' id='par_1_48' title="bbox 637 4667 2138 4738">
     <span class='ocr_line' id='line_1_48' title="bbox 637 4667 2138 4738; baseline 0.003 -20"><span class='ocrx_word' id='word_1_332' title='bbox 637 4667 694 4736; x_wconf 80' lang='lat'><strong>2)</strong></span> <span class='ocrx_word' id='word_1_333' title='bbox 721 4667 774 4720; x_wconf 93' lang='lat' dir='ltr'><strong>ln</strong></span> <span class='ocrx_word' id='word_1_334' title='bbox 804 4668 1096 4736; x_wconf 73' lang='lat' dir='ltr'><strong>peregrinis</strong></span> <span class='ocrx_word' id='word_1_335' title='bbox 1120 4668 1388 4723; x_wconf 85' lang='lat' dir='ltr'><strong>vocabulis</strong></span> <span class='ocrx_word' id='word_1_336' title='bbox 1407 4669 1775 4723; x_wconf 80' lang='lat' dir='ltr'><strong>esscribendis</strong></span> <span class='ocrx_word' id='word_1_337' title='bbox 1796 4684 1828 4721; x_wconf 89' lang='grc' dir='ltr'><strong>ιι</strong></span> <span class='ocrx_word' id='word_1_338' title='bbox 1849 4683 1942 4738; x_wconf 88' lang='lat' dir='ltr'><strong>pro</strong></span> <span class='ocrx_word' id='word_1_339' title='bbox 1963 4684 2138 4738; x_wconf 64' lang='lat' dir='ltr'><strong>graeco</strong></span> 
     </span>
    </p>
   </div>
   <div class='ocr_carea' id='block_1_49' title="bbox 566 4758 2137 4825">
    <p class='ocr_par' dir='ltr' id='par_1_49' title="bbox 566 4758 2137 4825">
     <span class='ocr_line' id='line_1_49' title="bbox 566 4758 2137 4825; baseline 0.003 -17"><span class='ocrx_word' id='word_1_340' title='bbox 566 4777 648 4821; x_wconf 81' lang='grc' dir='ltr'><strong>ον,</strong></span> <span class='ocrx_word' id='word_1_341' title='bbox 693 4766 748 4809; x_wconf 82' lang='lat' dir='ltr'><strong>et</strong></span> <span class='ocrx_word' id='word_1_342' title='bbox 788 4758 1107 4825; x_wconf 80' lang='lat' dir='ltr'><strong>quandoque</strong></span> <span class='ocrx_word' id='word_1_343' title='bbox 1140 4779 1188 4821; x_wconf 88' lang='grc' dir='ltr'>ο,</span> <span class='ocrx_word' id='word_1_344' title='bbox 1233 4760 1524 4825; x_wconf 78' lang='lat' dir='ltr'><strong>praesertim</strong></span> <span class='ocrx_word' id='word_1_345' title='bbox 1569 4758 1621 4812; x_wconf 91' lang='lat' dir='ltr'><strong>in</strong></span> <span class='ocrx_word' id='word_1_346' title='bbox 1653 4758 2137 4824; x_wconf 77' lang='lat' dir='ltr'><strong>terminationibus,</strong></span> 
     </span>
    </p>
   </div>
   <div class='ocr_carea' id='block_1_50' title="bbox 569 4847 2141 4918">
    <p class='ocr_par' dir='ltr' id='par_1_50' title="bbox 569 4847 2141 4918">
     <span class='ocr_line' id='line_1_50' title="bbox 569 4847 2141 4918; baseline 0.002 -18"><span class='ocrx_word' id='word_1_347' title='bbox 569 4847 884 4915; x_wconf 76' lang='lat' dir='ltr'><strong>regulariter</strong></span> <span class='ocrx_word' id='word_1_348' title='bbox 915 4856 1222 4914; x_wconf 82' lang='lat' dir='ltr'><strong>usurpatur.</strong></span> <span class='ocrx_word' id='word_1_349' title='bbox 1271 4850 1359 4903; x_wconf 85' lang='lat' dir='ltr'><strong>Sic</strong></span> <span class='ocrx_word' id='word_1_350' title='bbox 1406 4849 1565 4917; x_wconf 78' lang='lat' dir='ltr'><strong>igitur</strong></span> <span class='ocrx_word' id='word_1_351' title='bbox 1593 4856 1700 4901; x_wconf 85' lang='lat' dir='ltr'><strong>stat</strong></span> <span class='ocrx_word' id='word_1_352' title='bbox 1733 4847 1787 4915; x_wconf 83' lang='grc' dir='ltr'>ιι)</span> <span class='ocrx_word' id='word_1_353' title='bbox 1831 4863 1925 4915; x_wconf 91' lang='lat' dir='ltr'><strong>pro</strong></span> <span class='ocrx_word' id='word_1_354' title='bbox 1963 4864 2141 4918; x_wconf 65' lang='lat' dir='ltr'><strong>graeco</strong></span> 
     </span>
    </p>
   </div>
   <div class='ocr_carea' id='block_1_51' title="bbox 566 4934 2138 5012">
    <p class='ocr_par' dir='ltr' id='par_1_51' title="bbox 566 4934 2138 5012">
     <span class='ocr_line' id='line_1_51' title="bbox 566 4934 2138 5012; baseline 0.001 -25"><span class='ocrx_word' id='word_1_355' title='bbox 566 4957 626 5012; x_wconf 72' lang='lat' dir='ltr'><strong>ou</strong></span> <span class='ocrx_word' id='word_1_356' title='bbox 663 4935 714 4988; x_wconf 84' lang='lat' dir='ltr'><strong>in</strong></span> <span class='ocrx_word' id='word_1_357' title='bbox 750 4950 769 4986; x_wconf 74' lang='grc' dir='ltr'><strong>ε·</strong></span> <span class='ocrx_word' id='word_1_358' title='bbox 804 4934 978 5002; x_wconf 72' lang='lat' dir='ltr'><strong>fanttel</strong></span> <span class='ocrx_word' id='word_1_359' title='bbox 1012 4935 1253 5000; x_wconf 71' lang='grc' dir='ltr'><strong>Φανουήλ,</strong></span> <span class='ocrx_word' id='word_1_360' title='bbox 1289 4935 1581 4987; x_wconf 74' lang='grc' dir='ltr'><strong>ἱαὶηιειιΙεηι</strong></span> <span class='ocrx_word' id='word_1_361' title='bbox 1618 4936 1968 5010; x_wconf 78' lang='grc' dir='ltr'><strong>Ἰερουσαλήμ,</strong></span> <span class='ocrx_word' id='word_1_362' title='bbox 2002 4939 2138 4988; x_wconf 73' lang='lat' dir='ltr'><strong>iesus</strong></span> 
     </span>
    </p>
   </div>
   <div class='ocr_carea' id='block_1_52' title="bbox 561 5026 2138 5099">
    <p class='ocr_par' dir='ltr' id='par_1_52' title="bbox 561 5026 2138 5099">
     <span class='ocr_line' id='line_1_52' title="bbox 561 5026 2138 5099; baseline 0 -19"><span class='ocrx_word' id='word_1_363' title='bbox 561 5027 779 5091; x_wconf 79' lang='grc' dir='ltr'><strong>Ἰησοῦς,</strong></span> <span class='ocrx_word' id='word_1_364' title='bbox 819 5028 1052 5080; x_wconf 74' lang='grc' dir='ltr'><strong>ἱάιιηιαὶα</strong></span> <span class='ocrx_word' id='word_1_365' title='bbox 1091 5026 1373 5098; x_wconf 74' lang='grc' dir='ltr'><strong>Ἰδουμαία,</strong></span> <span class='ocrx_word' id='word_1_366' title='bbox 1421 5027 1608 5079; x_wconf 62' lang='lat' dir='ltr'><strong>ﬂuraia</strong></span> <span class='ocrx_word' id='word_1_367' title='bbox 1654 5026 1938 5099; x_wconf 72' lang='grc' dir='ltr'>Ἰτουραία,</span> <span class='ocrx_word' id='word_1_368' title='bbox 1985 5027 2138 5080; x_wconf 72' lang='lat' dir='ltr'><strong>“indas</strong></span> 
     </span>
    </p>
   </div>
   <div class='ocr_carea' id='block_1_53' title="bbox 559 5113 2140 5183">
    <p class='ocr_par' dir='ltr' id='par_1_53' title="bbox 559 5113 2140 5183">
     <span class='ocr_line' id='line_1_53' title="bbox 559 5113 2140 5183; baseline -0.003 -13"><span class='ocrx_word' id='word_1_369' title='bbox 559 5115 779 5183; x_wconf 79' lang='grc' dir='ltr'><strong>Ἰούδας,</strong></span> <span class='ocrx_word' id='word_1_370' title='bbox 800 5118 976 5170; x_wconf 76' lang='grc' dir='ltr'>ἱιιάαὶα</span> <span class='ocrx_word' id='word_1_371' title='bbox 997 5116 1234 5172; x_wconf 78' lang='grc' dir='ltr'><strong>Ἰουδαία.</strong></span> <span class='ocrx_word' id='word_1_372' title='bbox 1260 5115 1382 5169; x_wconf 82' lang='lat' dir='ltr'><strong>kttsu</strong></span> <span class='ocrx_word' id='word_1_373' title='bbox 1407 5120 1596 5179; x_wconf 77' lang='grc' dir='ltr'>Χουζᾶ,</span> <span class='ocrx_word' id='word_1_374' title='bbox 1625 5113 1766 5167; x_wconf 79' lang='lat' dir='ltr'><strong>lukus</strong></span> <span class='ocrx_word' id='word_1_375' title='bbox 1790 5121 2006 5176; x_wconf 75' lang='grc' dir='ltr'><strong>Λουκᾶς,</strong></span> <span class='ocrx_word' id='word_1_376' title='bbox 2034 5130 2140 5167; x_wconf 69' lang='lat' dir='ltr'><strong>ina-</strong></span> 
     </span>
    </p>
   </div>
   <div class='ocr_carea' id='block_1_54' title="bbox 559 5205 2140 5278">
    <p class='ocr_par' dir='ltr' id='par_1_54' title="bbox 559 5205 2140 5278">
     <span class='ocr_line' id='line_1_54' title="bbox 559 5205 2140 5278; baseline 0 -18"><span class='ocrx_word' id='word_1_377' title='bbox 559 5207 722 5278; x_wconf 72' lang='lat' dir='ltr'><strong>pusai</strong></span> <span class='ocrx_word' id='word_1_378' title='bbox 742 5209 1061 5273; x_wconf 78' lang='grc' dir='ltr'><strong>Μαθουσαλά,</strong></span> <span class='ocrx_word' id='word_1_379' title='bbox 1082 5223 1236 5259; x_wconf 82' lang='lat' dir='ltr'><strong>naum</strong></span> <span class='ocrx_word' id='word_1_380' title='bbox 1257 5209 1445 5270; x_wconf 75' lang='grc' dir='ltr'><strong>Νοούμ,</strong></span> <span class='ocrx_word' id='word_1_381' title='bbox 1471 5207 1653 5260; x_wconf 84' lang='lat' dir='ltr'><strong>odueia</strong></span> <span class='ocrx_word' id='word_1_382' title='bbox 1673 5205 1940 5270; x_wconf 72' lang='grc' dir='ltr'><strong>Ὠδουίαςς</strong></span> <span class='ocrx_word' id='word_1_383' title='bbox 1963 5205 2018 5273; x_wconf 88' lang='lat' dir='ltr'><strong>b)</strong></span> <span class='ocrx_word' id='word_1_384' title='bbox 2041 5221 2140 5275; x_wconf 84' lang='lat' dir='ltr'><strong>pro</strong></span> 
     </span>
    </p>
   </div>
   <div class='ocr_carea' id='block_1_55' title="bbox 556 5294 2134 5365">
    <p class='ocr_par' dir='ltr' id='par_1_55' title="bbox 556 5294 2134 5365">
     <span class='ocr_line' id='line_1_55' title="bbox 556 5294 2134 5365; baseline -0.001 -15"><span class='ocrx_word' id='word_1_385' title='bbox 556 5312 734 5365; x_wconf 63' lang='lat' dir='ltr'><strong>graeco</strong></span> <span class='ocrx_word' id='word_1_386' title='bbox 760 5312 788 5346; x_wconf 82' lang='grc' dir='ltr'><strong>ο</strong></span> <span class='ocrx_word' id='word_1_387' title='bbox 819 5297 869 5350; x_wconf 91' lang='lat' dir='ltr'><strong>in</strong></span> <span class='ocrx_word' id='word_1_388' title='bbox 895 5311 913 5351; x_wconf 88' lang='lat'><strong>:</strong></span> <span class='ocrx_word' id='word_1_389' title='bbox 943 5296 1258 5363; x_wconf 72' lang='lat' dir='ltr'><strong>paintekuste</strong></span> <span class='ocrx_word' id='word_1_390' title='bbox 1276 5301 1612 5357; x_wconf 68' lang='grc' dir='ltr'><strong>πεντηκοστὴ,</strong></span> <span class='ocrx_word' id='word_1_391' title='bbox 1633 5297 1739 5362; x_wconf 78' lang='lat' dir='ltr'><strong>aipi</strong></span> <span class='ocrx_word' id='word_1_392' title='bbox 1767 5294 1872 5348; x_wconf 81' lang='lat' dir='ltr'><strong>mle</strong></span> <span class='ocrx_word' id='word_1_393' title='bbox 1895 5296 2024 5349; x_wconf 80' lang='lat' dir='ltr'><strong>Neh.</strong></span> <span class='ocrx_word' id='word_1_394' title='bbox 2061 5310 2134 5361; x_wconf 86' lang='lat' dir='ltr'><strong>vt,</strong></span> 
     </span>
    </p>
   </div>
   <div class='ocr_carea' id='block_1_56' title="bbox 560 5386 2134 5464">
    <p class='ocr_par' dir='ltr' id='par_1_56' title="bbox 560 5386 2134 5464">
     <span class='ocr_line' id='line_1_56' title="bbox 560 5386 2134 5464; baseline -0.001 -21"><span class='ocrx_word' id='word_1_395' title='bbox 560 5390 648 5454; x_wconf 81' lang='grc'>17,</span> <span class='ocrx_word' id='word_1_396' title='bbox 693 5388 759 5444; x_wconf 86' lang='grc'>19</span> <span class='ocrx_word' id='word_1_397' title='bbox 797 5389 1059 5452; x_wconf 59' lang='lat' dir='ltr'><strong>immolari,</strong></span> <span class='ocrx_word' id='word_1_398' title='bbox 1095 5388 1299 5457; x_wconf 79' lang='lat' dir='ltr'><strong>puntius</strong></span> <span class='ocrx_word' id='word_1_399' title='bbox 1336 5389 1553 5450; x_wconf 79' lang='grc' dir='ltr'><strong>Πόντιος,</strong></span> <span class='ocrx_word' id='word_1_400' title='bbox 1582 5387 1954 5456; x_wconf 79' lang='lat' dir='ltr'><strong>iuirusauiyma</strong></span> <span class='ocrx_word' id='word_1_401' title='bbox 1979 5386 2134 5464; x_wconf 71' lang='lat' dir='ltr'><strong>&#39;lspo-</strong></span> 
     </span>
    </p>
   </div>
   <div class='ocr_carea' id='block_1_57' title="bbox 554 5477 2134 5552">
    <p class='ocr_par' dir='ltr' id='par_1_57' title="bbox 554 5477 2134 5552">
     <span class='ocr_line' id='line_1_57' title="bbox 554 5477 2134 5552; baseline -0.003 -16"><span class='ocrx_word' id='word_1_402' title='bbox 554 5479 776 5552; x_wconf 67' lang='grc' dir='ltr'><strong>σὸλυμα,</strong></span> <span class='ocrx_word' id='word_1_403' title='bbox 799 5479 1088 5534; x_wconf 79' lang='lat' dir='ltr'><strong>iaudeikaia</strong></span> <span class='ocrx_word' id='word_1_404' title='bbox 1111 5478 1400 5542; x_wconf 79' lang='grc' dir='ltr'><strong>Λαοδικεία,</strong></span> <span class='ocrx_word' id='word_1_405' title='bbox 1426 5477 1616 5530; x_wconf 82' lang='lat' dir='ltr'><strong>dialmn</strong></span> <span class='ocrx_word' id='word_1_406' title='bbox 1638 5477 1880 5541; x_wconf 80' lang='grc' dir='ltr'><strong>διάκονος,</strong></span> <span class='ocrx_word' id='word_1_407' title='bbox 1899 5478 2134 5531; x_wconf 83' lang='lat' dir='ltr'><strong>diabulus</strong></span> 
     </span>
    </p>
   </div>
   <div class='ocr_carea' id='block_1_58' title="bbox 557 5569 2132 5645">
    <p class='ocr_par' dir='ltr' id='par_1_58' title="bbox 557 5569 2132 5645">
     <span class='ocr_line' id='line_1_58' title="bbox 557 5569 2132 5645; baseline 0.001 -22"><span class='ocrx_word' id='word_1_408' title='bbox 557 5569 808 5634; x_wconf 71' lang='grc' dir='ltr'>διάϐολος,</span> <span class='ocrx_word' id='word_1_409' title='bbox 831 5573 1166 5640; x_wconf 84' lang='lat' dir='ltr'><strong>apaustaultts</strong></span> <span class='ocrx_word' id='word_1_410' title='bbox 1189 5572 1494 5634; x_wconf 61' lang='lat' dir='ltr'><strong>énéarollrg,</strong></span> <span class='ocrx_word' id='word_1_411' title='bbox 1520 5569 1914 5639; x_wconf 72' lang='lat' dir='ltr'><strong>barpuiomaius</strong></span> <span class='ocrx_word' id='word_1_412' title='bbox 1949 5573 2132 5645; x_wconf 74' lang='grc' dir='ltr'><strong>Βαρθοο</strong></span> 
     </span>
    </p>
   </div>
   <div class='ocr_carea' id='block_1_59' title="bbox 555 5658 2134 5728">
    <p class='ocr_par' dir='ltr' id='par_1_59' title="bbox 555 5658 2134 5728">
     <span class='ocr_line' id='line_1_59' title="bbox 555 5658 2134 5728; baseline 0.002 -14"><span class='ocrx_word' id='word_1_413' title='bbox 555 5658 788 5728; x_wconf 60' lang='lat' dir='ltr'><strong>latinius,</strong></span> <span class='ocrx_word' id='word_1_414' title='bbox 813 5673 867 5717; x_wconf 83' lang='lat' dir='ltr'><strong>et</strong></span> <span class='ocrx_word' id='word_1_415' title='bbox 894 5663 945 5719; x_wconf 91' lang='lat' dir='ltr'><strong>in</strong></span> <span class='ocrx_word' id='word_1_416' title='bbox 978 5663 1280 5719; x_wconf 86' lang='lat' dir='ltr'><strong>nominibus</strong></span> <span class='ocrx_word' id='word_1_417' title='bbox 1313 5677 1425 5725; x_wconf 61' lang='lat' dir='ltr'><strong>pro;</strong></span> <span class='ocrx_word' id='word_1_418' title='bbox 1449 5677 1492 5714; x_wconf 94' lang='lat' dir='ltr'><strong>r.</strong></span> <span class='ocrx_word' id='word_1_419' title='bbox 1521 5661 1571 5714; x_wconf 88' lang='lat' dir='ltr'><strong>in</strong></span> <span class='ocrx_word' id='word_1_420' title='bbox 1602 5683 1674 5724; x_wconf 79' lang='grc' dir='ltr'><strong>ος,</strong></span> <span class='ocrx_word' id='word_1_421' title='bbox 1708 5672 1760 5715; x_wconf 87' lang='grc' dir='ltr'><strong>ιιι</strong></span> <span class='ocrx_word' id='word_1_422' title='bbox 1791 5680 1799 5712; x_wconf 79' lang='grc' dir='ltr'><strong>ι</strong></span> <span class='ocrx_word' id='word_1_423' title='bbox 1831 5662 2024 5723; x_wconf 77' lang='lat' dir='ltr'><strong>paitrus</strong></span> <span class='ocrx_word' id='word_1_424' title='bbox 2048 5665 2134 5717; x_wconf 78' lang='grc' dir='ltr'>ιιέ-</span> 
     </span>
    </p>
   </div>
   <div class='ocr_carea' id='block_1_60' title="bbox 1644 263 3752 334">
    <p class='ocr_par' dir='ltr' id='par_1_60' title="bbox 1644 263 3752 334">
     <span class='ocr_line' id='line_1_60' title="bbox 1644 263 3752 334; baseline 0 -6"><span class='ocrx_word' id='word_1_425' title='bbox 1644 267 2100 328; x_wconf 73' lang='lat' dir='ltr'><strong>GBAMMATICA</strong></span> <span class='ocrx_word' id='word_1_426' title='bbox 2135 263 2451 333; x_wconf 64' lang='lat' dir='ltr'><strong>COTIIICIE</strong></span> <span class='ocrx_word' id='word_1_427' title='bbox 2491 269 2785 329; x_wconf 71' lang='lat' dir='ltr'><strong>LINGUAS.</strong></span> <span class='ocrx_word' id='word_1_428' title='bbox 3674 279 3752 334; x_wconf 82' lang='lat' dir='ltr'><strong>9l6</strong></span> 
     </span>
    </p>
   </div>
   <div class='ocr_carea' id='block_1_61' title="bbox 2252 381 3757 452">
    <p class='ocr_par' dir='ltr' id='par_1_61' title="bbox 2252 381 3757 452">
     <span class='ocr_line' id='line_1_61' title="bbox 2252 381 3757 452; baseline 0.008 -20"><span class='ocrx_word' id='word_1_429' title='bbox 2252 399 2391 452; x_wconf 80' lang='grc' dir='ltr'>τρος,</span> <span class='ocrx_word' id='word_1_430' title='bbox 2440 381 2616 448; x_wconf 84' lang='lat' dir='ltr'><strong>pavlus</strong></span> <span class='ocrx_word' id='word_1_431' title='bbox 2657 381 2868 444; x_wconf 72' lang='grc' dir='ltr'><strong>Παῦλος,</strong></span> <span class='ocrx_word' id='word_1_432' title='bbox 2909 381 3118 452; x_wconf 76' lang='lat' dir='ltr'><strong>ﬁlippus</strong></span> <span class='ocrx_word' id='word_1_433' title='bbox 3157 395 3416 450; x_wconf 69' lang='grc' dir='ltr'><strong>Φιλίππος,</strong></span> <span class='ocrx_word' id='word_1_434' title='bbox 3455 387 3757 444; x_wconf 82' lang='lat' dir='ltr'><strong>alaiksandrus</strong></span> 
     </span>
    </p>
   </div>
   <div class='ocr_carea' id='block_1_62' title="bbox 2253 467 3760 544">
    <p class='ocr_par' dir='ltr' id='par_1_62' title="bbox 2253 467 3760 544">
     <span class='ocr_line' id='line_1_62' title="bbox 2253 467 3760 544; baseline 0.009 -24"><span class='ocrx_word' id='word_1_435' title='bbox 2253 467 2593 544; x_wconf 73' lang='grc' dir='ltr'><strong>Ἀλέξανδρος,</strong></span> <span class='ocrx_word' id='word_1_436' title='bbox 2649 470 2832 541; x_wconf 80' lang='lat' dir='ltr'><strong>akajns</strong></span> <span class='ocrx_word' id='word_1_437' title='bbox 2877 472 3130 541; x_wconf 64' lang='lat' dir='ltr'><strong>‘Azatég;</strong></span> <span class='ocrx_word' id='word_1_438' title='bbox 3180 487 3295 542; x_wconf 75' lang='lat' dir='ltr'><strong>qua:</strong></span> <span class='ocrx_word' id='word_1_439' title='bbox 3339 477 3616 531; x_wconf 85' lang='lat' dir='ltr'><strong>terminatio</strong></span> <span class='ocrx_word' id='word_1_440' title='bbox 3653 481 3760 534; x_wconf 81' lang='lat' dir='ltr'><strong>adeo</strong></span> 
     </span>
    </p>
   </div>
   <div class='ocr_carea' id='block_1_63' title="bbox 2253 563 3761 640">
    <p class='ocr_par' dir='ltr' id='par_1_63' title="bbox 2253 563 3761 640">
     <span class='ocr_line' id='line_1_63' title="bbox 2253 563 3761 640; baseline 0.008 -26"><span class='ocrx_word' id='word_1_441' title='bbox 2253 563 2526 631; x_wconf 82' lang='lat' dir='ltr'><strong>praevalet,</strong></span> <span class='ocrx_word' id='word_1_442' title='bbox 2559 572 2617 618; x_wconf 86' lang='lat' dir='ltr'><strong>ut</strong></span> <span class='ocrx_word' id='word_1_443' title='bbox 2644 565 2806 619; x_wconf 90' lang='lat' dir='ltr'><strong>etiam</strong></span> <span class='ocrx_word' id='word_1_444' title='bbox 2837 581 2934 635; x_wconf 89' lang='lat' dir='ltr'><strong>pro</strong></span> <span class='ocrx_word' id='word_1_445' title='bbox 2961 583 3136 636; x_wconf 77' lang='lat' dir='ltr'><strong>grzcco</strong></span> <span class='ocrx_word' id='word_1_446' title='bbox 3164 591 3224 630; x_wconf 79' lang='grc' dir='ltr'><strong>ης</strong></span> <span class='ocrx_word' id='word_1_447' title='bbox 3250 573 3548 640; x_wconf 86' lang='lat' dir='ltr'><strong>quandoque</strong></span> <span class='ocrx_word' id='word_1_448' title='bbox 3575 589 3761 640; x_wconf 82' lang='lat' dir='ltr'><strong>u-nrpe-</strong></span> 
     </span>
    </p>
   </div>
   <div class='ocr_carea' id='block_1_64' title="bbox 2253 654 3765 734">
    <p class='ocr_par' dir='ltr' id='par_1_64' title="bbox 2253 654 3765 734">
     <span class='ocr_line' id='line_1_64' title="bbox 2253 654 3765 734; baseline 0.009 -29"><span class='ocrx_word' id='word_1_449' title='bbox 2253 661 2357 716; x_wconf 87' lang='lat' dir='ltr'><strong>tur,</strong></span> <span class='ocrx_word' id='word_1_450' title='bbox 2377 662 2433 706; x_wconf 92' lang='lat' dir='ltr'><strong>ut</strong></span> <span class='ocrx_word' id='word_1_451' title='bbox 2463 654 2515 706; x_wconf 92' lang='lat' dir='ltr'><strong>in</strong></span> <span class='ocrx_word' id='word_1_452' title='bbox 2547 655 2809 725; x_wconf 76' lang='lat' dir='ltr'><strong>praufetus</strong></span> <span class='ocrx_word' id='word_1_453' title='bbox 2831 663 3107 733; x_wconf 64' lang='grc' dir='ltr'><strong>προφήτης,</strong></span> <span class='ocrx_word' id='word_1_454' title='bbox 3127 657 3328 714; x_wconf 78' lang='lat' dir='ltr'><strong>kreskus</strong></span> <span class='ocrx_word' id='word_1_455' title='bbox 3351 665 3590 729; x_wconf 57' lang='lat' dir='ltr'><strong>Kaﬁazng,</strong></span> <span class='ocrx_word' id='word_1_456' title='bbox 3605 663 3765 734; x_wconf 58' lang='lat' dir='ltr'><strong>thybris</strong></span> 
     </span>
    </p>
   </div>
   <div class='ocr_carea' id='block_1_65' title="bbox 2250 747 2462 806">
    <p class='ocr_par' dir='ltr' id='par_1_65' title="bbox 2250 747 2462 806">
     <span class='ocr_line' id='line_1_65' title="bbox 2250 747 2462 806; baseline 0.005 -8"><span class='ocrx_word' id='word_1_457' title='bbox 2250 747 2462 806; x_wconf 74' lang='grc' dir='ltr'><strong>Σκύθης,</strong></span> 
     </span>
    </p>
   </div>
   <div class='ocr_carea' id='block_1_66' title="bbox 2328 837 3770 912">
    <p class='ocr_par' dir='ltr' id='par_1_66' title="bbox 2328 837 3770 912">
     <span class='ocr_line' id='line_1_66' title="bbox 2328 837 3770 912; baseline 0.008 -24"><span class='ocrx_word' id='word_1_458' title='bbox 2328 855 2348 888; x_wconf 74' lang='grc' dir='ltr'><strong>ι</strong></span> <span class='ocrx_word' id='word_1_459' title='bbox 2385 837 2672 892; x_wconf 81' lang='lat' dir='ltr'><strong>Annotatio</strong></span> <span class='ocrx_word' id='word_1_460' title='bbox 2695 839 2743 893; x_wconf 92' lang='grc'>1.</span> <span class='ocrx_word' id='word_1_461' title='bbox 2775 869 2843 878; x_wconf 89' lang='lat'><em>—</em></span> <span class='ocrx_word' id='word_1_462' title='bbox 2874 838 2920 894; x_wconf 88' lang='lat' dir='ltr'><strong><em>U</em></strong></span> <span class='ocrx_word' id='word_1_463' title='bbox 2957 841 3116 895; x_wconf 86' lang='lat' dir='ltr'><strong>etiam</strong></span> <span class='ocrx_word' id='word_1_464' title='bbox 3150 857 3247 912; x_wconf 85' lang='lat' dir='ltr'><strong>pro</strong></span> <span class='ocrx_word' id='word_1_465' title='bbox 3267 859 3296 896; x_wconf 88' lang='grc' dir='ltr'><strong><em>ο</em></strong></span> <span class='ocrx_word' id='word_1_466' title='bbox 3325 843 3524 912; x_wconf 89' lang='lat' dir='ltr'><strong>ponitur</strong></span> <span class='ocrx_word' id='word_1_467' title='bbox 3549 845 3595 898; x_wconf 92' lang='lat' dir='ltr'><strong>in</strong></span> <span class='ocrx_word' id='word_1_468' title='bbox 3622 845 3770 900; x_wconf 69' lang='lat' dir='ltr'><strong>latinis</strong></span> 
     </span>
    </p>
   </div>
   <div class='ocr_carea' id='block_1_67' title="bbox 2251 923 3768 996">
    <p class='ocr_par' dir='ltr' id='par_1_67' title="bbox 2251 923 3768 996">
     <span class='ocr_line' id='line_1_67' title="bbox 2251 923 3768 996; baseline 0.006 -20"><span class='ocrx_word' id='word_1_469' title='bbox 2251 923 2523 979; x_wconf 84' lang='lat' dir='ltr'><strong>vocabulis</strong></span> <span class='ocrx_word' id='word_1_470' title='bbox 2556 940 2571 978; x_wconf 90' lang='lat'><strong>:</strong></span> <span class='ocrx_word' id='word_1_471' title='bbox 2606 925 2747 994; x_wconf 86' lang='lat' dir='ltr'><strong>pund</strong></span> <span class='ocrx_word' id='word_1_472' title='bbox 2780 928 3007 996; x_wconf 85' lang='lat' dir='ltr'><strong>pondus,</strong></span> <span class='ocrx_word' id='word_1_473' title='bbox 3038 929 3386 985; x_wconf 84' lang='lat' dir='ltr'><strong>kustanteiuus</strong></span> <span class='ocrx_word' id='word_1_474' title='bbox 3412 932 3768 996; x_wconf 79' lang='lat' dir='ltr'><strong>Constantinus,</strong></span> 
     </span>
    </p>
   </div>
   <div class='ocr_carea' id='block_1_68' title="bbox 2249 1015 3768 1093">
    <p class='ocr_par' dir='ltr' id='par_1_68' title="bbox 2249 1015 3768 1093">
     <span class='ocr_line' id='line_1_68' title="bbox 2249 1015 3768 1093; baseline 0.009 -27"><span class='ocrx_word' id='word_1_475' title='bbox 2249 1015 2696 1083; x_wconf 87' lang='lat' dir='ltr'><strong>quemadmodum</strong></span> <span class='ocrx_word' id='word_1_476' title='bbox 2721 1033 2753 1071; x_wconf 89' lang='grc' dir='ltr'><strong>ιι</strong></span> <span class='ocrx_word' id='word_1_477' title='bbox 2780 1018 3053 1074; x_wconf 89' lang='lat' dir='ltr'><strong>nominum</strong></span> <span class='ocrx_word' id='word_1_478' title='bbox 3081 1020 3362 1091; x_wconf 80' lang='lat' dir='ltr'><strong>gothorum</strong></span> <span class='ocrx_word' id='word_1_479' title='bbox 3383 1037 3546 1093; x_wconf 72' lang='lat' dir='ltr'><strong>graeco</strong></span> <span class='ocrx_word' id='word_1_480' title='bbox 3569 1033 3618 1079; x_wconf 84' lang='lat' dir='ltr'><strong>ct</strong></span> <span class='ocrx_word' id='word_1_481' title='bbox 3637 1024 3768 1079; x_wconf 86' lang='lat' dir='ltr'><strong>latino</strong></span> 
     </span>
    </p>
   </div>
   <div class='ocr_carea' id='block_1_69' title="bbox 2252 1106 2650 1161">
    <p class='ocr_par' dir='ltr' id='par_1_69' title="bbox 2252 1106 2650 1161">
     <span class='ocr_line' id='line_1_69' title="bbox 2252 1106 2650 1161; baseline 0.008 -3"><span class='ocrx_word' id='word_1_482' title='bbox 2252 1120 2281 1158; x_wconf 84' lang='grc' dir='ltr'><strong><em>ο</em></strong></span> <span class='ocrx_word' id='word_1_483' title='bbox 2311 1106 2650 1161; x_wconf 80' lang='lat' dir='ltr'><strong>exscribitur.</strong></span> 
     </span>
    </p>
   </div>
   <div class='ocr_carea' id='block_1_70' title="bbox 2327 1196 3771 1273">
    <p class='ocr_par' dir='ltr' id='par_1_70' title="bbox 2327 1196 3771 1273">
     <span class='ocr_line' id='line_1_70' title="bbox 2327 1196 3771 1273; baseline 0.006 -26"><span class='ocrx_word' id='word_1_484' title='bbox 2327 1213 2346 1246; x_wconf 80' lang='grc' dir='ltr'><strong>ι</strong></span> <span class='ocrx_word' id='word_1_485' title='bbox 2385 1196 2671 1252; x_wconf 82' lang='lat' dir='ltr'><strong>Annotatio</strong></span> <span class='ocrx_word' id='word_1_486' title='bbox 2696 1198 2752 1253; x_wconf 85' lang='lat'><strong>2.</strong></span> <span class='ocrx_word' id='word_1_487' title='bbox 2775 1228 2846 1240; x_wconf 90' lang='lat'><strong>—</strong></span> <span class='ocrx_word' id='word_1_488' title='bbox 2873 1199 3088 1257; x_wconf 84' lang='lat' dir='ltr'><strong>Nonnisi</strong></span> <span class='ocrx_word' id='word_1_489' title='bbox 3137 1216 3232 1270; x_wconf 91' lang='lat' dir='ltr'><strong>per</strong></span> <span class='ocrx_word' id='word_1_490' title='bbox 3273 1204 3623 1273; x_wconf 81' lang='lat' dir='ltr'><strong>exceptionem</strong></span> <span class='ocrx_word' id='word_1_491' title='bbox 3650 1204 3771 1256; x_wconf 78' lang='lat' dir='ltr'><strong>adhi-</strong></span> 
     </span>
    </p>
   </div>
   <div class='ocr_carea' id='block_1_71' title="bbox 2252 1287 3772 1364">
    <p class='ocr_par' dir='ltr' id='par_1_71' title="bbox 2252 1287 3772 1364">
     <span class='ocr_line' id='line_1_71' title="bbox 2252 1287 3772 1364; baseline 0.004 -22"><span class='ocrx_word' id='word_1_492' title='bbox 2252 1287 2406 1344; x_wconf 85' lang='lat' dir='ltr'><strong>betur</strong></span> <span class='ocrx_word' id='word_1_493' title='bbox 2419 1289 2579 1343; x_wconf 87' lang='lat' dir='ltr'><strong>etiam</strong></span> <span class='ocrx_word' id='word_1_494' title='bbox 2612 1305 2706 1359; x_wconf 92' lang='lat' dir='ltr'><strong>pro</strong></span> <span class='ocrx_word' id='word_1_495' title='bbox 2734 1305 2910 1360; x_wconf 67' lang='lat' dir='ltr'><strong>graeco</strong></span> <span class='ocrx_word' id='word_1_496' title='bbox 2938 1315 2978 1346; x_wconf 87' lang='grc' dir='ltr'>ω</span> <span class='ocrx_word' id='word_1_497' title='bbox 3003 1300 3062 1348; x_wconf 88' lang='lat' dir='ltr'><strong>et</strong></span> <span class='ocrx_word' id='word_1_498' title='bbox 3083 1316 3113 1347; x_wconf 84' lang='grc' dir='ltr'><strong>υ</strong></span> <span class='ocrx_word' id='word_1_499' title='bbox 3143 1309 3156 1347; x_wconf 90' lang='lat'>:</span> <span class='ocrx_word' id='word_1_500' title='bbox 3187 1295 3296 1348; x_wconf 79' lang='lat' dir='ltr'><strong>iuse</strong></span> <span class='ocrx_word' id='word_1_501' title='bbox 3314 1299 3478 1360; x_wconf 79' lang='grc' dir='ltr'><strong>Ἰωσῆ,</strong></span> <span class='ocrx_word' id='word_1_502' title='bbox 3501 1296 3772 1364; x_wconf 77' lang='lat' dir='ltr'><strong>spaikuiatur</strong></span> 
     </span>
    </p>
   </div>
   <div class='ocr_carea' id='block_1_72' title="bbox 2251 1380 3772 1456">
    <p class='ocr_par' dir='ltr' id='par_1_72' title="bbox 2251 1380 3772 1456">
     <span class='ocr_line' id='line_1_72' title="bbox 2251 1380 3772 1456; baseline 0.002 -22"><span class='ocrx_word' id='word_1_503' title='bbox 2251 1380 2639 1456; x_wconf 69' lang='grc' dir='ltr'><strong>σπεκοὺλάτωρ,</strong></span> <span class='ocrx_word' id='word_1_504' title='bbox 2698 1383 2955 1437; x_wconf 83' lang='lat' dir='ltr'><strong>rumoneis</strong></span> <span class='ocrx_word' id='word_1_505' title='bbox 2990 1396 3249 1456; x_wconf 80' lang='grc' dir='ltr'><strong>Ῥωμαῖοι,</strong></span> <span class='ocrx_word' id='word_1_506' title='bbox 3287 1387 3526 1451; x_wconf 77' lang='grc' dir='ltr'><strong>Πὸιηαιιὶ,</strong></span> <span class='ocrx_word' id='word_1_507' title='bbox 3555 1401 3772 1456; x_wconf 81' lang='lat' dir='ltr'><strong>paurpura</strong></span> 
     </span>
    </p>
   </div>
   <div class='ocr_carea' id='block_1_73' title="bbox 2249 1455 3770 1550">
    <p class='ocr_par' dir='ltr' id='par_1_73' title="bbox 2249 1455 3770 1550">
     <span class='ocr_line' id='line_1_73' title="bbox 2249 1455 3770 1550; baseline 0.003 -26"><span class='ocrx_word' id='word_1_508' title='bbox 2249 1473 2508 1544; x_wconf 75' lang='grc' dir='ltr'><strong>πορφύρα,</strong></span> <span class='ocrx_word' id='word_1_509' title='bbox 2547 1455 2671 1526; x_wconf 60' lang='lat' dir='ltr'><strong>stitit</strong></span> <span class='ocrx_word' id='word_1_510' title='bbox 2704 1476 2881 1550; x_wconf 77' lang='grc' dir='ltr'><strong>Σύρος,</strong></span> <span class='ocrx_word' id='word_1_511' title='bbox 2914 1455 3142 1530; x_wconf 74' lang='lat' dir='ltr'><strong>(ukeikus</strong></span> <span class='ocrx_word' id='word_1_512' title='bbox 3166 1467 3394 1548; x_wconf 66' lang='grc' dir='ltr'><strong>Τυχίκός</strong></span> <span class='ocrx_word' id='word_1_513' title='bbox 3415 1493 3433 1542; x_wconf 89' lang='grc'><em>;</em></span> <span class='ocrx_word' id='word_1_514' title='bbox 3457 1476 3646 1531; x_wconf 66' lang='lat' dir='ltr'><strong>Multos</strong></span> <span class='ocrx_word' id='word_1_515' title='bbox 3667 1455 3770 1531; x_wconf 81' lang='lat' dir='ltr'><strong>Luc.</strong></span> 
     </span>
    </p>
   </div>
   <div class='ocr_carea' id='block_1_74' title="bbox 2249 1560 3423 1634">
    <p class='ocr_par' dir='ltr' id='par_1_74' title="bbox 2249 1560 3423 1634">
     <span class='ocr_line' id='line_1_74' title="bbox 2249 1560 3423 1634; baseline 0.004 -21"><span class='ocrx_word' id='word_1_516' title='bbox 2249 1574 2330 1627; x_wconf 81' lang='lat' dir='ltr'><strong>ix,</strong></span> <span class='ocrx_word' id='word_1_517' title='bbox 2360 1560 2430 1614; x_wconf 73' lang='grc'>54</span> <span class='ocrx_word' id='word_1_518' title='bbox 2456 1561 2655 1616; x_wconf 87' lang='lat' dir='ltr'><strong>librarii</strong></span> <span class='ocrx_word' id='word_1_519' title='bbox 2686 1563 2874 1618; x_wconf 85' lang='lat' dir='ltr'><strong>menda</strong></span> <span class='ocrx_word' id='word_1_520' title='bbox 2904 1573 2988 1619; x_wconf 86' lang='lat' dir='ltr'><strong>est</strong></span> <span class='ocrx_word' id='word_1_521' title='bbox 3016 1580 3111 1634; x_wconf 87' lang='lat' dir='ltr'><strong>pro</strong></span> <span class='ocrx_word' id='word_1_522' title='bbox 3133 1566 3365 1622; x_wconf 74' lang='lat' dir='ltr'><strong>iakobus.</strong></span> <span class='ocrx_word' id='word_1_523' title='bbox 3405 1586 3423 1618; x_wconf 77' lang='grc' dir='ltr'><strong>ι</strong></span> 
     </span>
    </p>
   </div>
   <div class='ocr_carea' id='block_1_75' title="bbox 2319 1652 3774 1728">
    <p class='ocr_par' dir='ltr' id='par_1_75' title="bbox 2319 1652 3774 1728">
     <span class='ocr_line' id='line_1_75' title="bbox 2319 1652 3774 1728; baseline 0.001 -20"><span class='ocrx_word' id='word_1_524' title='bbox 2319 1652 2376 1723; x_wconf 84' lang='grc'><strong>5)</strong></span> <span class='ocrx_word' id='word_1_525' title='bbox 2411 1653 2456 1708; x_wconf 88' lang='lat' dir='ltr'><strong><em>U</em></strong></span> <span class='ocrx_word' id='word_1_526' title='bbox 2491 1657 2649 1710; x_wconf 88' lang='lat' dir='ltr'><strong>breve</strong></span> <span class='ocrx_word' id='word_1_527' title='bbox 2675 1665 2760 1710; x_wconf 90' lang='lat' dir='ltr'><strong>est</strong></span> <span class='ocrx_word' id='word_1_528' title='bbox 2787 1665 2840 1710; x_wconf 88' lang='lat' dir='ltr'><strong>et</strong></span> <span class='ocrx_word' id='word_1_529' title='bbox 2870 1657 3106 1727; x_wconf 83' lang='lat' dir='ltr'><strong>longum,</strong></span> <span class='ocrx_word' id='word_1_530' title='bbox 3135 1668 3190 1712; x_wconf 90' lang='lat' dir='ltr'><strong>et</strong></span> <span class='ocrx_word' id='word_1_531' title='bbox 3213 1660 3429 1728; x_wconf 89' lang='lat' dir='ltr'><strong>quidem</strong></span> <span class='ocrx_word' id='word_1_532' title='bbox 3466 1661 3658 1727; x_wconf 73' lang='lat' dir='ltr'><strong>longum</strong></span> <span class='ocrx_word' id='word_1_533' title='bbox 3686 1656 3774 1724; x_wconf 86' lang='lat' dir='ltr'><strong>pri-</strong></span> 
     </span>
    </p>
   </div>
   <div class='ocr_carea' id='block_1_76' title="bbox 2255 1744 3774 1815">
    <p class='ocr_par' dir='ltr' id='par_1_76' title="bbox 2255 1744 3774 1815">
     <span class='ocr_line' id='line_1_76' title="bbox 2255 1744 3774 1815; baseline 0 -19"><span class='ocrx_word' id='word_1_534' title='bbox 2255 1744 2458 1809; x_wconf 84' lang='lat' dir='ltr'><strong>mitive,</strong></span> <span class='ocrx_word' id='word_1_535' title='bbox 2490 1759 2592 1799; x_wconf 92' lang='lat' dir='ltr'><strong>non</strong></span> <span class='ocrx_word' id='word_1_536' title='bbox 2620 1759 2718 1815; x_wconf 88' lang='lat' dir='ltr'><strong>per</strong></span> <span class='ocrx_word' id='word_1_537' title='bbox 2741 1745 3009 1811; x_wconf 84' lang='lat' dir='ltr'><strong>accidens,</strong></span> <span class='ocrx_word' id='word_1_538' title='bbox 3038 1747 3476 1815; x_wconf 85' lang='lat' dir='ltr'><strong>quemadmodum</strong></span> <span class='ocrx_word' id='word_1_539' title='bbox 3507 1749 3522 1799; x_wconf 88' lang='lat' dir='ltr'><strong>i</strong></span> <span class='ocrx_word' id='word_1_540' title='bbox 3546 1747 3650 1800; x_wconf 91' lang='lat' dir='ltr'><strong>loco</strong></span> <span class='ocrx_word' id='word_1_541' title='bbox 3673 1746 3711 1798; x_wconf 84' lang='lat' dir='ltr'><strong>ei</strong></span> <span class='ocrx_word' id='word_1_542' title='bbox 3732 1752 3774 1797; x_wconf 88' lang='lat' dir='ltr'><strong>et</strong></span> 
     </span>
    </p>
   </div>
   <div class='ocr_carea' id='block_1_77' title="bbox 2254 1835 3776 1907">
    <p class='ocr_par' dir='ltr' id='par_1_77' title="bbox 2254 1835 3776 1907">
     <span class='ocr_line' id='line_1_77' title="bbox 2254 1835 3776 1907; baseline 0.001 -21"><span class='ocrx_word' id='word_1_543' title='bbox 2254 1843 2640 1903; x_wconf 74' lang='lat' dir='ltr'><strong>eusurpatnm.</strong></span> <span class='ocrx_word' id='word_1_544' title='bbox 2670 1835 2786 1888; x_wconf 73' lang='lat' dir='ltr'><strong>iam</strong></span> <span class='ocrx_word' id='word_1_545' title='bbox 2818 1850 2946 1889; x_wconf 85' lang='lat' dir='ltr'><strong>vero</strong></span> <span class='ocrx_word' id='word_1_546' title='bbox 2974 1853 3005 1889; x_wconf 87' lang='grc' dir='ltr'><strong>ιι</strong></span> <span class='ocrx_word' id='word_1_547' title='bbox 3034 1837 3205 1904; x_wconf 86' lang='lat' dir='ltr'><strong>reipsa</strong></span> <span class='ocrx_word' id='word_1_548' title='bbox 3238 1837 3451 1907; x_wconf 82' lang='lat' dir='ltr'><strong>longum</strong></span> <span class='ocrx_word' id='word_1_549' title='bbox 3477 1851 3608 1903; x_wconf 90' lang='lat' dir='ltr'><strong>esse,</strong></span> <span class='ocrx_word' id='word_1_550' title='bbox 3627 1849 3683 1888; x_wconf 83' lang='lat' dir='ltr'><strong>ex</strong></span> <span class='ocrx_word' id='word_1_551' title='bbox 3709 1847 3776 1887; x_wconf 82' lang='lat' dir='ltr'><strong>se-</strong></span> 
     </span>
    </p>
   </div>
   <div class='ocr_carea' id='block_1_78' title="bbox 2254 1925 3312 1995">
    <p class='ocr_par' dir='ltr' id='par_1_78' title="bbox 2254 1925 3312 1995">
     <span class='ocr_line' id='line_1_78' title="bbox 2254 1925 3312 1995; baseline 0.003 -17"><span class='ocrx_word' id='word_1_552' title='bbox 2254 1925 2540 1995; x_wconf 88' lang='lat' dir='ltr'><strong>quentibus</strong></span> <span class='ocrx_word' id='word_1_553' title='bbox 2572 1926 2864 1981; x_wconf 87' lang='lat' dir='ltr'><strong>rationihus</strong></span> <span class='ocrx_word' id='word_1_554' title='bbox 2890 1928 3268 1995; x_wconf 86' lang='lat' dir='ltr'><strong>comprobatur</strong></span> <span class='ocrx_word' id='word_1_555' title='bbox 3296 1943 3312 1981; x_wconf 91' lang='lat'><strong>:</strong></span> 
     </span>
    </p>
   </div>
   <div class='ocr_carea' id='block_1_79' title="bbox 2325 2014 3812 2086">
    <p class='ocr_par' dir='ltr' id='par_1_79' title="bbox 2325 2014 3812 2086">
     <span class='ocr_line' id='line_1_79' title="bbox 2325 2014 3812 2086; baseline -0.005 -18"><span class='ocrx_word' id='word_1_556' title='bbox 2325 2015 2378 2085; x_wconf 86' lang='lat' dir='ltr'><strong>a)</strong></span> <span class='ocrx_word' id='word_1_557' title='bbox 2408 2015 2695 2072; x_wconf 85' lang='lat' dir='ltr'><strong>Enimvero</strong></span> <span class='ocrx_word' id='word_1_558' title='bbox 2718 2015 3025 2086; x_wconf 75' lang='lat' dir='ltr'><strong>frequenter</strong></span> <span class='ocrx_word' id='word_1_559' title='bbox 3045 2033 3164 2070; x_wconf 92' lang='lat' dir='ltr'><strong>cum</strong></span> <span class='ocrx_word' id='word_1_560' title='bbox 3194 2034 3224 2070; x_wconf 90' lang='grc' dir='ltr'><em>ο</em></span> <span class='ocrx_word' id='word_1_561' title='bbox 3255 2023 3614 2076; x_wconf 91' lang='lat' dir='ltr'><strong>commutatur,</strong></span> <span class='ocrx_word' id='word_1_562' title='bbox 3641 2014 3775 2065; x_wconf 63' lang='lat' dir='ltr'><strong>sive:</strong></span> <span class='ocrx_word' id='word_1_563' title='bbox 3810 2059 3812 2062; x_wconf 75' lang='grc'><strong>,</strong></span> 
     </span>
    </p>
   </div>
   <div class='ocr_carea' id='block_1_80' title="bbox 2255 2105 3801 2176">
    <p class='ocr_par' dir='ltr' id='par_1_80' title="bbox 2255 2105 3801 2176">
     <span class='ocr_line' id='line_1_80' title="bbox 2255 2105 3801 2176; baseline -0.002 -17"><span class='ocrx_word' id='word_1_564' title='bbox 2255 2120 2354 2174; x_wconf 89' lang='lat' dir='ltr'><strong>pro</strong></span> <span class='ocrx_word' id='word_1_565' title='bbox 2383 2121 2412 2159; x_wconf 89' lang='grc' dir='ltr'><strong><em>ο</em></strong></span> <span class='ocrx_word' id='word_1_566' title='bbox 2440 2117 2566 2169; x_wconf 83' lang='lat' dir='ltr'><strong>stet,</strong></span> <span class='ocrx_word' id='word_1_567' title='bbox 2603 2108 2733 2162; x_wconf 89' lang='lat' dir='ltr'><strong>utin</strong></span> <span class='ocrx_word' id='word_1_568' title='bbox 2762 2107 2977 2161; x_wconf 77' lang='lat' dir='ltr'><strong>krotuda</strong></span> <span class='ocrx_word' id='word_1_569' title='bbox 3002 2109 3129 2162; x_wconf 86' lang='lat' dir='ltr'><strong>Luc.</strong></span> <span class='ocrx_word' id='word_1_570' title='bbox 3154 2125 3244 2174; x_wconf 76' lang='lat' dir='ltr'><strong>xx,</strong></span> <span class='ocrx_word' id='word_1_571' title='bbox 3279 2109 3368 2175; x_wconf 91' lang='grc'>18,</span> <span class='ocrx_word' id='word_1_572' title='bbox 3398 2108 3586 2176; x_wconf 81' lang='lat' dir='ltr'><strong>supuda</strong></span> <span class='ocrx_word' id='word_1_573' title='bbox 3607 2105 3692 2159; x_wconf 77' lang='lat' dir='ltr'><strong>Me.</strong></span> <span class='ocrx_word' id='word_1_574' title='bbox 3714 2118 3801 2165; x_wconf 78' lang='lat' dir='ltr'><strong>tx,.</strong></span> 
     </span>
    </p>
   </div>
   <div class='ocr_carea' id='block_1_81' title="bbox 2256 2195 3772 2267">
    <p class='ocr_par' dir='ltr' id='par_1_81' title="bbox 2256 2195 3772 2267">
     <span class='ocr_line' id='line_1_81' title="bbox 2256 2195 3772 2267; baseline -0.004 -17"><span class='ocrx_word' id='word_1_575' title='bbox 2256 2195 2343 2264; x_wconf 85' lang='grc'><strong>50,</strong></span> <span class='ocrx_word' id='word_1_576' title='bbox 2359 2196 2582 2250; x_wconf 81' lang='lat' dir='ltr'><strong>uhtedun</strong></span> <span class='ocrx_word' id='word_1_577' title='bbox 2605 2198 2707 2252; x_wconf 87' lang='lat' dir='ltr'><strong>Mc.</strong></span> <span class='ocrx_word' id='word_1_578' title='bbox 2727 2214 2802 2262; x_wconf 80' lang='lat' dir='ltr'><strong>xl,</strong></span> <span class='ocrx_word' id='word_1_579' title='bbox 2818 2199 2887 2252; x_wconf 69' lang='grc'><strong>52</strong></span> <span class='ocrx_word' id='word_1_580' title='bbox 2908 2206 2963 2253; x_wconf 90' lang='lat' dir='ltr'><strong>et</strong></span> <span class='ocrx_word' id='word_1_581' title='bbox 2989 2197 3039 2251; x_wconf 89' lang='lat' dir='ltr'><strong>in</strong></span> <span class='ocrx_word' id='word_1_582' title='bbox 3059 2199 3250 2267; x_wconf 67' lang='lat' dir='ltr'><strong>graecis</strong></span> <span class='ocrx_word' id='word_1_583' title='bbox 3279 2197 3671 2257; x_wconf 80' lang='lat' dir='ltr'><strong>vocabulisiuse,</strong></span> <span class='ocrx_word' id='word_1_584' title='bbox 3691 2202 3772 2247; x_wconf 87' lang='lat' dir='ltr'><strong>etc.</strong></span> 
     </span>
    </p>
   </div>
   <div class='ocr_carea' id='block_1_82' title="bbox 2254 2281 3777 2357">
    <p class='ocr_par' dir='ltr' id='par_1_82' title="bbox 2254 2281 3777 2357">
     <span class='ocr_line' id='line_1_82' title="bbox 2254 2281 3777 2357; baseline -0.001 -22"><span class='ocrx_word' id='word_1_585' title='bbox 2254 2281 2386 2355; x_wconf 83' lang='lat' dir='ltr'><strong>(vid.</strong></span> <span class='ocrx_word' id='word_1_586' title='bbox 2419 2295 2602 2338; x_wconf 85' lang='lat' dir='ltr'><strong>annot.</strong></span> <span class='ocrx_word' id='word_1_587' title='bbox 2631 2285 2688 2356; x_wconf 85' lang='lat'><strong>2)</strong></span> <span class='ocrx_word' id='word_1_588' title='bbox 2715 2302 2729 2352; x_wconf 89' lang='lat'><strong>;</strong></span> <span class='ocrx_word' id='word_1_589' title='bbox 2758 2286 2872 2341; x_wconf 68' lang='lat' dir='ltr'><strong>sive</strong></span> <span class='ocrx_word' id='word_1_590' title='bbox 2900 2303 2928 2340; x_wconf 91' lang='grc' dir='ltr'>ο</span> <span class='ocrx_word' id='word_1_591' title='bbox 2961 2303 3057 2354; x_wconf 91' lang='lat' dir='ltr'><strong>pro</strong></span> <span class='ocrx_word' id='word_1_592' title='bbox 3090 2305 3121 2340; x_wconf 97' lang='grc' dir='ltr'><strong>ιι</strong></span> <span class='ocrx_word' id='word_1_593' title='bbox 3154 2299 3402 2357; x_wconf 86' lang='lat' dir='ltr'><strong>ponatur,</strong></span> <span class='ocrx_word' id='word_1_594' title='bbox 3429 2286 3552 2340; x_wconf 89' lang='lat' dir='ltr'><strong>utin</strong></span> <span class='ocrx_word' id='word_1_595' title='bbox 3581 2283 3777 2354; x_wconf 76' lang='lat' dir='ltr'><strong>aljckons</strong></span> 
     </span>
    </p>
   </div>
   <div class='ocr_carea' id='block_1_83' title="bbox 2258 2374 3775 2444">
    <p class='ocr_par' dir='ltr' id='par_1_83' title="bbox 2258 2374 3775 2444">
     <span class='ocr_line' id='line_1_83' title="bbox 2258 2374 3775 2444; baseline 0.009 -18"><span class='ocrx_word' id='word_1_596' title='bbox 2258 2374 2394 2442; x_wconf 86' lang='lat' dir='ltr'><strong>Eph.</strong></span> <span class='ocrx_word' id='word_1_597' title='bbox 2420 2390 2478 2439; x_wconf 91' lang='lat' dir='ltr'><strong>ll,</strong></span> <span class='ocrx_word' id='word_1_598' title='bbox 2509 2376 2595 2444; x_wconf 87' lang='grc'><strong>19,</strong></span> <span class='ocrx_word' id='word_1_599' title='bbox 2626 2377 2891 2430; x_wconf 86' lang='lat' dir='ltr'><strong>lauhmoni</strong></span> <span class='ocrx_word' id='word_1_600' title='bbox 2921 2379 3045 2432; x_wconf 86' lang='lat' dir='ltr'><strong>an.</strong></span> <span class='ocrx_word' id='word_1_601' title='bbox 3083 2395 3209 2443; x_wconf 79' lang='lat' dir='ltr'><strong>xvn,</strong></span> <span class='ocrx_word' id='word_1_602' title='bbox 3251 2380 3359 2444; x_wconf 66' lang='lat'><strong>24;</strong></span> <span class='ocrx_word' id='word_1_603' title='bbox 3387 2379 3565 2434; x_wconf 84' lang='lat' dir='ltr'><strong>Thess.</strong></span> <span class='ocrx_word' id='word_1_604' title='bbox 3595 2377 3650 2442; x_wconf 88' lang='grc' dir='ltr'><strong>ΙΙ,</strong></span> <span class='ocrx_word' id='word_1_605' title='bbox 3674 2391 3706 2441; x_wconf 90' lang='grc'>1,</span> <span class='ocrx_word' id='word_1_606' title='bbox 3730 2374 3775 2438; x_wconf 71' lang='grc'>8,</span> 
     </span>
    </p>
   </div>
   <div class='ocr_carea' id='block_1_84' title="bbox 2255 2465 3774 2542">
    <p class='ocr_par' dir='ltr' id='par_1_84' title="bbox 2255 2465 3774 2542">
     <span class='ocr_line' id='line_1_84' title="bbox 2255 2465 3774 2542; baseline -0.001 -25"><span class='ocrx_word' id='word_1_607' title='bbox 2255 2465 2428 2517; x_wconf 80' lang='grc' dir='ltr'><strong>υἱάουο</strong></span> <span class='ocrx_word' id='word_1_608' title='bbox 2455 2466 2566 2520; x_wconf 85' lang='lat' dir='ltr'><strong>Luc</strong></span> <span class='ocrx_word' id='word_1_609' title='bbox 2617 2483 2712 2533; x_wconf 86' lang='lat' dir='ltr'><strong>vn,</strong></span> <span class='ocrx_word' id='word_1_610' title='bbox 2744 2468 2831 2533; x_wconf 88' lang='grc'><strong>12,</strong></span> <span class='ocrx_word' id='word_1_611' title='bbox 2857 2469 2995 2540; x_wconf 78' lang='lat' dir='ltr'><strong>{ai/to</strong></span> <span class='ocrx_word' id='word_1_612' title='bbox 3019 2469 3122 2524; x_wconf 80' lang='lat' dir='ltr'><strong>Mc.</strong></span> <span class='ocrx_word' id='word_1_613' title='bbox 3155 2487 3209 2536; x_wconf 72' lang='grc' dir='ltr'>κ,</span> <span class='ocrx_word' id='word_1_614' title='bbox 3243 2471 3332 2536; x_wconf 87' lang='grc'><strong>25,</strong></span> <span class='ocrx_word' id='word_1_615' title='bbox 3368 2470 3649 2542; x_wconf 79' lang='lat' dir='ltr'><strong>fraistobnjo</strong></span> <span class='ocrx_word' id='word_1_616' title='bbox 3673 2468 3774 2519; x_wconf 80' lang='lat' dir='ltr'><strong>Luc.</strong></span> 
     </span>
    </p>
   </div>
   <div class='ocr_carea' id='block_1_85' title="bbox 2254 2556 3776 2627">
    <p class='ocr_par' dir='ltr' id='par_1_85' title="bbox 2254 2556 3776 2627">
     <span class='ocr_line' id='line_1_85' title="bbox 2254 2556 3776 2627; baseline 0.001 -19"><span class='ocrx_word' id='word_1_617' title='bbox 2254 2570 2325 2619; x_wconf 82' lang='lat' dir='ltr'><strong>Iv,</strong></span> <span class='ocrx_word' id='word_1_618' title='bbox 2363 2557 2448 2625; x_wconf 89' lang='grc'><strong>15,</strong></span> <span class='ocrx_word' id='word_1_619' title='bbox 2494 2556 2716 2627; x_wconf 78' lang='lat' dir='ltr'><strong>usltofon</strong></span> <span class='ocrx_word' id='word_1_620' title='bbox 2747 2574 2875 2623; x_wconf 82' lang='lat' dir='ltr'><strong>xvn,</strong></span> <span class='ocrx_word' id='word_1_621' title='bbox 2919 2561 3004 2624; x_wconf 84' lang='grc'><strong>15,</strong></span> <span class='ocrx_word' id='word_1_622' title='bbox 3037 2562 3375 2624; x_wconf 81' lang='lat' dir='ltr'><strong>suniosLuc.</strong></span> <span class='ocrx_word' id='word_1_623' title='bbox 3407 2577 3508 2625; x_wconf 79' lang='lat' dir='ltr'><strong>xvt,</strong></span> <span class='ocrx_word' id='word_1_624' title='bbox 3537 2560 3588 2625; x_wconf 91' lang='lat'><strong>8,</strong></span> <span class='ocrx_word' id='word_1_625' title='bbox 3615 2556 3776 2610; x_wconf 80' lang='lat' dir='ltr'><strong>vnndon</strong></span> 
     </span>
    </p>
   </div>
   <div class='ocr_carea' id='block_1_86' title="bbox 2253 2643 3778 2719">
    <p class='ocr_par' dir='ltr' id='par_1_86' title="bbox 2253 2643 3778 2719">
     <span class='ocr_line' id='line_1_86' title="bbox 2253 2643 3778 2719; baseline -0.003 -20"><span class='ocrx_word' id='word_1_626' title='bbox 2253 2643 2380 2700; x_wconf 89' lang='lat' dir='ltr'><strong>an.</strong></span> <span class='ocrx_word' id='word_1_627' title='bbox 2412 2662 2502 2712; x_wconf 80' lang='lat' dir='ltr'><strong>xx,</strong></span> <span class='ocrx_word' id='word_1_628' title='bbox 2529 2647 2616 2714; x_wconf 82' lang='lat' dir='ltr'><strong>l2,</strong></span> <span class='ocrx_word' id='word_1_629' title='bbox 2660 2650 2856 2719; x_wconf 81' lang='lat' dir='ltr'><strong>oltleigo</strong></span> <span class='ocrx_word' id='word_1_630' title='bbox 2899 2649 3037 2703; x_wconf 89' lang='lat' dir='ltr'><strong>Tim.</strong></span> <span class='ocrx_word' id='word_1_631' title='bbox 3069 2651 3132 2717; x_wconf 93' lang='grc' dir='ltr'><strong>ΙΙ,</strong></span> <span class='ocrx_word' id='word_1_632' title='bbox 3170 2667 3245 2718; x_wconf 83' lang='grc' dir='ltr'><strong>ιν,</strong></span> <span class='ocrx_word' id='word_1_633' title='bbox 3277 2652 3332 2717; x_wconf 83' lang='grc'><strong>2,</strong></span> <span class='ocrx_word' id='word_1_634' title='bbox 3365 2651 3647 2704; x_wconf 80' lang='lat' dir='ltr'><strong>uinomehun</strong></span> <span class='ocrx_word' id='word_1_635' title='bbox 3672 2645 3778 2699; x_wconf 88' lang='lat' dir='ltr'><strong>an.</strong></span> 
     </span>
    </p>
   </div>
   <div class='ocr_carea' id='block_1_87' title="bbox 2257 2734 3777 2810">
    <p class='ocr_par' dir='ltr' id='par_1_87' title="bbox 2257 2734 3777 2810">
     <span class='ocr_line' id='line_1_87' title="bbox 2257 2734 3777 2810; baseline -0.002 -22"><span class='ocrx_word' id='word_1_636' title='bbox 2257 2752 2369 2798; x_wconf 81' lang='lat' dir='ltr'><strong>vin,</strong></span> <span class='ocrx_word' id='word_1_637' title='bbox 2388 2736 2458 2792; x_wconf 71' lang='grc'>45</span> <span class='ocrx_word' id='word_1_638' title='bbox 2472 2746 2522 2792; x_wconf 90' lang='lat' dir='ltr'><strong>et</strong></span> <span class='ocrx_word' id='word_1_639' title='bbox 2553 2739 2602 2792; x_wconf 88' lang='lat' dir='ltr'><strong>in</strong></span> <span class='ocrx_word' id='word_1_640' title='bbox 2625 2739 2812 2807; x_wconf 74' lang='lat' dir='ltr'><strong>grtecis</strong></span> <span class='ocrx_word' id='word_1_641' title='bbox 2836 2740 3108 2795; x_wconf 89' lang='lat' dir='ltr'><strong>vocabulis</strong></span> <span class='ocrx_word' id='word_1_642' title='bbox 3133 2742 3307 2808; x_wconf 77' lang='lat' dir='ltr'><strong>indas,</strong></span> <span class='ocrx_word' id='word_1_643' title='bbox 3327 2750 3428 2796; x_wconf 89' lang='lat' dir='ltr'><strong>etc.</strong></span> <span class='ocrx_word' id='word_1_644' title='bbox 3443 2739 3565 2810; x_wconf 86' lang='lat' dir='ltr'><strong>(vid.</strong></span> <span class='ocrx_word' id='word_1_645' title='bbox 3588 2736 3645 2790; x_wconf 86' lang='lat' dir='ltr'><strong>ad</strong></span> <span class='ocrx_word' id='word_1_646' title='bbox 3667 2734 3777 2805; x_wconf 76' lang='lat'><strong>§26,</strong></span> 
     </span>
    </p>
   </div>
   <div class='ocr_carea' id='block_1_88' title="bbox 2250 2827 3778 2896">
    <p class='ocr_par' dir='ltr' id='par_1_88' title="bbox 2250 2827 3778 2896">
     <span class='ocr_line' id='line_1_88' title="bbox 2250 2827 3778 2896; baseline -0.003 -16"><span class='ocrx_word' id='word_1_647' title='bbox 2250 2827 2306 2889; x_wconf 88' lang='grc'><strong>2,</strong></span> <span class='ocrx_word' id='word_1_648' title='bbox 2339 2828 2412 2896; x_wconf 89' lang='lat' dir='ltr'><strong>c).</strong></span> <span class='ocrx_word' id='word_1_649' title='bbox 2445 2829 2644 2883; x_wconf 76' lang='lat' dir='ltr'><strong>Eodem</strong></span> <span class='ocrx_word' id='word_1_650' title='bbox 2675 2830 2832 2885; x_wconf 91' lang='lat' dir='ltr'><strong>modo</strong></span> <span class='ocrx_word' id='word_1_651' title='bbox 2863 2831 2915 2884; x_wconf 93' lang='lat' dir='ltr'><strong>in</strong></span> <span class='ocrx_word' id='word_1_652' title='bbox 2948 2833 3176 2886; x_wconf 89' lang='lat' dir='ltr'><strong>monetis</strong></span> <span class='ocrx_word' id='word_1_653' title='bbox 3201 2842 3586 2887; x_wconf 86' lang='lat' dir='ltr'><strong>commutantur</strong></span> <span class='ocrx_word' id='word_1_654' title='bbox 3610 2827 3778 2881; x_wconf 68' lang='lat' dir='ltr'><strong>(inmte-</strong></span> 
     </span>
    </p>
   </div>
   <div class='ocr_carea' id='block_1_89' title="bbox 2252 2916 3777 2984">
    <p class='ocr_par' dir='ltr' id='par_1_89' title="bbox 2252 2916 3777 2984">
     <span class='ocr_line' id='line_1_89' title="bbox 2252 2916 3777 2984; baseline -0.001 -14"><span class='ocrx_word' id='word_1_655' title='bbox 2252 2933 2364 2970; x_wconf 87' lang='lat' dir='ltr'><strong>mar</strong></span> <span class='ocrx_word' id='word_1_656' title='bbox 2414 2929 2467 2972; x_wconf 87' lang='lat' dir='ltr'><strong>et</strong></span> <span class='ocrx_word' id='word_1_657' title='bbox 2519 2917 2840 2984; x_wconf 85' lang='lat' dir='ltr'><strong>Gondemar,</strong></span> <span class='ocrx_word' id='word_1_658' title='bbox 2894 2920 3175 2976; x_wconf 77' lang='lat' dir='ltr'><strong>Rodericus</strong></span> <span class='ocrx_word' id='word_1_659' title='bbox 3227 2934 3284 2979; x_wconf 82' lang='lat' dir='ltr'><strong>et</strong></span> <span class='ocrx_word' id='word_1_660' title='bbox 3339 2922 3644 2984; x_wconf 77' lang='lat' dir='ltr'><strong>Ruderious,</strong></span> <span class='ocrx_word' id='word_1_661' title='bbox 3689 2916 3777 2969; x_wconf 58' lang='lat' dir='ltr'><strong>viil.</strong></span> 
     </span>
    </p>
   </div>
   <div class='ocr_carea' id='block_1_90' title="bbox 2253 3009 3053 3082">
    <p class='ocr_par' dir='ltr' id='par_1_90' title="bbox 2253 3009 3053 3082">
     <span class='ocr_line' id='line_1_90' title="bbox 2253 3009 3053 3082; baseline 0.006 -18"><span class='ocrx_word' id='word_1_662' title='bbox 2253 3009 2557 3066; x_wconf 81' lang='lat' dir='ltr'><strong>Ascbbach.</strong></span> <span class='ocrx_word' id='word_1_663' title='bbox 2595 3011 2788 3082; x_wconf 79' lang='lat' dir='ltr'><strong>Weslg.</strong></span> <span class='ocrx_word' id='word_1_664' title='bbox 2821 3029 2874 3080; x_wconf 92' lang='lat' dir='ltr'><strong>p.</strong></span> <span class='ocrx_word' id='word_1_665' title='bbox 2903 3014 3053 3069; x_wconf 81' lang='grc'>562..</span> 
     </span>
    </p>
   </div>
   <div class='ocr_carea' id='block_1_91' title="bbox 2323 3095 3786 3172">
    <p class='ocr_par' dir='ltr' id='par_1_91' title="bbox 2323 3095 3786 3172">
     <span class='ocr_line' id='line_1_91' title="bbox 2323 3095 3786 3172; baseline 0.004 -16"><span class='ocrx_word' id='word_1_666' title='bbox 2323 3103 2375 3172; x_wconf 82' lang='lat' dir='ltr'><strong>b)</strong></span> <span class='ocrx_word' id='word_1_667' title='bbox 2405 3095 2535 3156; x_wconf 81' lang='lat' dir='ltr'><strong>Cum</strong></span> <span class='ocrx_word' id='word_1_668' title='bbox 2565 3119 2598 3155; x_wconf 90' lang='grc' dir='ltr'><strong>ιι</strong></span> <span class='ocrx_word' id='word_1_669' title='bbox 2628 3103 2789 3158; x_wconf 89' lang='lat' dir='ltr'><strong>breve</strong></span> <span class='ocrx_word' id='word_1_670' title='bbox 2817 3113 2940 3158; x_wconf 86' lang='lat' dir='ltr'><strong>ante</strong></span> <span class='ocrx_word' id='word_1_671' title='bbox 2966 3104 2997 3157; x_wconf 87' lang='grc' dir='ltr'>Ιι</span> <span class='ocrx_word' id='word_1_672' title='bbox 3032 3114 3081 3158; x_wconf 90' lang='lat' dir='ltr'><strong>et</strong></span> <span class='ocrx_word' id='word_1_673' title='bbox 3113 3122 3140 3158; x_wconf 86' lang='lat' dir='ltr'><strong>r</strong></span> <span class='ocrx_word' id='word_1_674' title='bbox 3167 3113 3480 3160; x_wconf 89' lang='lat' dir='ltr'><strong>constanter</strong></span> <span class='ocrx_word' id='word_1_675' title='bbox 3526 3112 3786 3172; x_wconf 54' lang='lat' dir='ltr'><strong>rumpatur,</strong></span> 
     </span>
    </p>
   </div>
   <div class='ocr_carea' id='block_1_92' title="bbox 2249 3191 3780 3267">
    <p class='ocr_par' dir='ltr' id='par_1_92' title="bbox 2249 3191 3780 3267">
     <span class='ocr_line' id='line_1_92' title="bbox 2249 3191 3780 3267; baseline -0.003 -21"><span class='ocrx_word' id='word_1_676' title='bbox 2249 3191 2303 3246; x_wconf 90' lang='lat' dir='ltr'><strong>in</strong></span> <span class='ocrx_word' id='word_1_677' title='bbox 2349 3193 2694 3259; x_wconf 85' lang='lat' dir='ltr'><strong>sequentibus</strong></span> <span class='ocrx_word' id='word_1_678' title='bbox 2739 3207 2866 3263; x_wconf 74' lang='lat' dir='ltr'><strong>ergo</strong></span> <span class='ocrx_word' id='word_1_679' title='bbox 2906 3195 3117 3249; x_wconf 89' lang='lat' dir='ltr'><strong>casibus</strong></span> <span class='ocrx_word' id='word_1_680' title='bbox 3157 3205 3213 3250; x_wconf 93' lang='lat' dir='ltr'><strong>ut</strong></span> <span class='ocrx_word' id='word_1_681' title='bbox 3257 3198 3469 3267; x_wconf 78' lang='lat' dir='ltr'><strong>longum</strong></span> <span class='ocrx_word' id='word_1_682' title='bbox 3523 3194 3780 3248; x_wconf 83' lang='lat' dir='ltr'><strong>habendum</strong></span> 
     </span>
    </p>
   </div>
   <div class='ocr_carea' id='block_1_93' title="bbox 2247 3285 3784 3361">
    <p class='ocr_par' dir='ltr' id='par_1_93' title="bbox 2247 3285 3784 3361">
     <span class='ocr_line' id='line_1_93' title="bbox 2247 3285 3784 3361; baseline -0.005 -21"><span class='ocrx_word' id='word_1_683' title='bbox 2247 3295 2331 3341; x_wconf 86' lang='lat' dir='ltr'><strong>e5t</strong></span> <span class='ocrx_word' id='word_1_684' title='bbox 2350 3303 2362 3336; x_wconf 92' lang='lat'><strong>:</strong></span> <span class='ocrx_word' id='word_1_685' title='bbox 2372 3286 2577 3357; x_wconf 71' lang='lat' dir='ltr'><strong>jultiza,</strong></span> <span class='ocrx_word' id='word_1_686' title='bbox 2596 3286 2764 3357; x_wconf 72' lang='lat' dir='ltr'><strong>puhta</strong></span> <span class='ocrx_word' id='word_1_687' title='bbox 2784 3295 2838 3342; x_wconf 86' lang='lat' dir='ltr'><strong>et</strong></span> <span class='ocrx_word' id='word_1_688' title='bbox 2857 3286 3050 3341; x_wconf 79' lang='lat' dir='ltr'><strong>huhrus</strong></span> <span class='ocrx_word' id='word_1_689' title='bbox 3064 3302 3093 3341; x_wconf 87' lang='lat' dir='ltr'><strong>a</strong></span> <span class='ocrx_word' id='word_1_690' title='bbox 3105 3291 3288 3361; x_wconf 78' lang='lat' dir='ltr'><strong>juggs,</strong></span> <span class='ocrx_word' id='word_1_691' title='bbox 3312 3290 3542 3361; x_wconf 70' lang='lat' dir='ltr'><strong>pugkjan</strong></span> <span class='ocrx_word' id='word_1_692' title='bbox 3559 3297 3607 3342; x_wconf 88' lang='lat' dir='ltr'><strong>et</strong></span> <span class='ocrx_word' id='word_1_693' title='bbox 3625 3285 3784 3355; x_wconf 58' lang='lat' dir='ltr'><strong>huggh</strong></span> 
     </span>
    </p>
   </div>
   <div class='ocr_carea' id='block_1_94' title="bbox 2241 3373 3782 3447">
    <p class='ocr_par' dir='ltr' id='par_1_94' title="bbox 2241 3373 3782 3447">
     <span class='ocr_line' id='line_1_94' title="bbox 2241 3373 3782 3447; baseline 0.001 -20"><span class='ocrx_word' id='word_1_694' title='bbox 2241 3377 2336 3445; x_wconf 83' lang='lat' dir='ltr'><strong>jan</strong></span> <span class='ocrx_word' id='word_1_695' title='bbox 2386 3377 2468 3443; x_wconf 90' lang='lat' dir='ltr'><strong>(in</strong></span> <span class='ocrx_word' id='word_1_696' title='bbox 2498 3376 2689 3446; x_wconf 89' lang='lat' dir='ltr'><strong>quibus</strong></span> <span class='ocrx_word' id='word_1_697' title='bbox 2734 3384 2928 3446; x_wconf 61' lang='lat' dir='ltr'><strong>prater</strong></span> <span class='ocrx_word' id='word_1_698' title='bbox 2963 3377 3285 3447; x_wconf 81' lang='lat' dir='ltr'><strong>positionem</strong></span> <span class='ocrx_word' id='word_1_699' title='bbox 3317 3379 3475 3434; x_wconf 87' lang='lat' dir='ltr'><strong>etiam</strong></span> <span class='ocrx_word' id='word_1_700' title='bbox 3503 3373 3782 3447; x_wconf 58' lang='lat' dir='ltr'><strong>etymolt-g&#39;a</strong></span> 
     </span>
    </p>
   </div>
   <div class='ocr_carea' id='block_1_95' title="bbox 2248 3465 3785 3541">
    <p class='ocr_par' dir='ltr' id='par_1_95' title="bbox 2248 3465 3785 3541">
     <span class='ocr_line' id='line_1_95' title="bbox 2248 3465 3785 3541; baseline -0.001 -19"><span class='ocrx_word' id='word_1_701' title='bbox 2248 3485 2280 3522; x_wconf 91' lang='grc' dir='ltr'><strong>ιι</strong></span> <span class='ocrx_word' id='word_1_702' title='bbox 2301 3468 2514 3539; x_wconf 78' lang='lat' dir='ltr'><strong>longum</strong></span> <span class='ocrx_word' id='word_1_703' title='bbox 2532 3485 2651 3525; x_wconf 90' lang='lat' dir='ltr'><strong>esse</strong></span> <span class='ocrx_word' id='word_1_704' title='bbox 2674 3469 2970 3540; x_wconf 86' lang='lat' dir='ltr'><strong>probatur),</strong></span> <span class='ocrx_word' id='word_1_705' title='bbox 2987 3470 3171 3524; x_wconf 78' lang='lat' dir='ltr'><strong>bruma</strong></span> <span class='ocrx_word' id='word_1_706' title='bbox 3193 3488 3224 3526; x_wconf 87' lang='lat' dir='ltr'><strong>a</strong></span> <span class='ocrx_word' id='word_1_707' title='bbox 3241 3471 3455 3541; x_wconf 66' lang='lat' dir='ltr'><strong>brikjan</strong></span> <span class='ocrx_word' id='word_1_708' title='bbox 3473 3470 3606 3540; x_wconf 86' lang='lat' dir='ltr'><strong>(cum</strong></span> <span class='ocrx_word' id='word_1_709' title='bbox 3627 3465 3785 3519; x_wconf 78' lang='lat' dir='ltr'><strong>baultta</strong></span> 
     </span>
    </p>
   </div>
   <div class='ocr_carea' id='block_1_96' title="bbox 2246 3557 3786 3630">
    <p class='ocr_par' dir='ltr' id='par_1_96' title="bbox 2246 3557 3786 3630">
     <span class='ocr_line' id='line_1_96' title="bbox 2246 3557 3786 3630; baseline -0.006 -18"><span class='ocrx_word' id='word_1_710' title='bbox 2246 3573 2275 3612; x_wconf 86' lang='lat' dir='ltr'><strong>a</strong></span> <span class='ocrx_word' id='word_1_711' title='bbox 2309 3557 2548 3630; x_wconf 61' lang='lat' dir='ltr'><strong>bﬁgjan),</strong></span> <span class='ocrx_word' id='word_1_712' title='bbox 2587 3560 2697 3625; x_wconf 82' lang='lat' dir='ltr'><strong>-uh,</strong></span> <span class='ocrx_word' id='word_1_713' title='bbox 2731 3559 2860 3625; x_wconf 83' lang='lat' dir='ltr'><strong>uult,</strong></span> <span class='ocrx_word' id='word_1_714' title='bbox 2891 3561 3110 3630; x_wconf 79' lang='lat' dir='ltr'><strong>ulttcigs,</strong></span> <span class='ocrx_word' id='word_1_715' title='bbox 3147 3562 3334 3626; x_wconf 79' lang='lat' dir='ltr'><strong>ultn&#39;o,</strong></span> <span class='ocrx_word' id='word_1_716' title='bbox 3367 3559 3664 3630; x_wconf 66' lang='lat' dir='ltr'><strong>spaikulatt‘u&#39;</strong></span> <span class='ocrx_word' id='word_1_717' title='bbox 3687 3562 3786 3622; x_wconf 83' lang='lat' dir='ltr'><strong>(pro</strong></span> 
     </span>
    </p>
   </div>
   <div class='ocr_carea' id='block_1_97' title="bbox 2246 3650 3442 3720">
    <p class='ocr_par' dir='ltr' id='par_1_97' title="bbox 2246 3650 3442 3720">
     <span class='ocr_line' id='line_1_97' title="bbox 2246 3650 3442 3720; baseline 0.001 -18"><span class='ocrx_word' id='word_1_718' title='bbox 2246 3664 2420 3720; x_wconf 59' lang='lat' dir='ltr'><strong>graeco</strong></span> <span class='ocrx_word' id='word_1_719' title='bbox 2450 3652 2534 3720; x_wconf 84' lang='grc' dir='ltr'><strong>ω),</strong></span> <span class='ocrx_word' id='word_1_720' title='bbox 2566 3650 2735 3714; x_wconf 73' lang='grc' dir='ltr'>ιΙιιιιοα,</span> <span class='ocrx_word' id='word_1_721' title='bbox 2761 3651 3011 3720; x_wconf 81' lang='lat' dir='ltr'><strong>ttrreisan,</strong></span> <span class='ocrx_word' id='word_1_722' title='bbox 3041 3653 3312 3716; x_wconf 73' lang='lat' dir='ltr'><strong>nm’nnan,</strong></span> <span class='ocrx_word' id='word_1_723' title='bbox 3338 3660 3442 3706; x_wconf 86' lang='lat' dir='ltr'><strong>etc.</strong></span> 
     </span>
    </p>
   </div>
   <div class='ocr_carea' id='block_1_98' title="bbox 2317 3740 3787 3811">
    <p class='ocr_par' dir='ltr' id='par_1_98' title="bbox 2317 3740 3787 3811">
     <span class='ocr_line' id='line_1_98' title="bbox 2317 3740 3787 3811; baseline -0.003 -18"><span class='ocrx_word' id='word_1_724' title='bbox 2317 3757 2359 3793; x_wconf 77' lang='grc' dir='ltr'>ε,</span> <span class='ocrx_word' id='word_1_725' title='bbox 2398 3741 2634 3811; x_wconf 81' lang='lat' dir='ltr'><strong>Longum</strong></span> <span class='ocrx_word' id='word_1_726' title='bbox 2680 3759 2711 3795; x_wconf 88' lang='grc' dir='ltr'><strong>ιι</strong></span> <span class='ocrx_word' id='word_1_727' title='bbox 2750 3743 2910 3796; x_wconf 89' lang='lat' dir='ltr'><strong>etiam</strong></span> <span class='ocrx_word' id='word_1_728' title='bbox 2945 3743 3237 3811; x_wconf 92' lang='lat' dir='ltr'><strong>requiritur</strong></span> <span class='ocrx_word' id='word_1_729' title='bbox 3276 3744 3329 3797; x_wconf 88' lang='lat' dir='ltr'><strong>in</strong></span> <span class='ocrx_word' id='word_1_730' title='bbox 3365 3740 3578 3806; x_wconf 79' lang='lat' dir='ltr'><strong>hrukian</strong></span> <span class='ocrx_word' id='word_1_731' title='bbox 3603 3740 3787 3807; x_wconf 78' lang='lat' dir='ltr'><strong>propter</strong></span> 
     </span>
    </p>
   </div>
   <div class='ocr_carea' id='block_1_99' title="bbox 2245 3818 3787 3903">
    <p class='ocr_par' dir='ltr' id='par_1_99' title="bbox 2245 3818 3787 3903">
     <span class='ocr_line' id='line_1_99' title="bbox 2245 3818 3787 3903; baseline 0.003 -20"><span class='ocrx_word' id='word_1_732' title='bbox 2245 3830 2352 3883; x_wconf 68' lang='lat' dir='ltr'><strong>3M&quot;</strong></span> <span class='ocrx_word' id='word_1_733' title='bbox 2400 3845 2540 3899; x_wconf 88' lang='lat' dir='ltr'><strong>pers.</strong></span> <span class='ocrx_word' id='word_1_734' title='bbox 2589 3832 2730 3901; x_wconf 82' lang='lat' dir='ltr'><strong>sing.</strong></span> <span class='ocrx_word' id='word_1_735' title='bbox 2773 3846 2929 3901; x_wconf 64' lang='grc' dir='ltr'><strong>ιιι-ατε.</strong></span> <span class='ocrx_word' id='word_1_736' title='bbox 2977 3831 3139 3887; x_wconf 88' lang='lat' dir='ltr'><strong>indic.</strong></span> <span class='ocrx_word' id='word_1_737' title='bbox 3171 3831 3400 3903; x_wconf 71' lang='lat' dir='ltr'><strong>hrukeip</strong></span> <span class='ocrx_word' id='word_1_738' title='bbox 3429 3831 3576 3886; x_wconf 81' lang='lat' dir='ltr'><strong>Joan.</strong></span> <span class='ocrx_word' id='word_1_739' title='bbox 3605 3839 3708 3887; x_wconf 69' lang='lat' dir='ltr'>IIII.</span> <span class='ocrx_word' id='word_1_740' title='bbox 3731 3818 3787 3874; x_wconf 71' lang='lat'><strong>33</strong></span> 
     </span>
    </p>
   </div>
   <div class='ocr_carea' id='block_1_100' title="bbox 2249 3911 3786 3994">
    <p class='ocr_par' dir='ltr' id='par_1_100' title="bbox 2249 3911 3786 3994">
     <span class='ocr_line' id='line_1_100' title="bbox 2249 3911 3786 3994; baseline -0.021 -2"><span class='ocrx_word' id='word_1_741' title='bbox 2249 3920 2298 3991; x_wconf 65' lang='grc' dir='ltr'><strong>(ἓ</strong></span> <span class='ocrx_word' id='word_1_742' title='bbox 2341 3922 2461 3993; x_wconf 62' lang='grc' dir='ltr'><strong>ίῖὃ)</strong></span> <span class='ocrx_word' id='word_1_743' title='bbox 2499 3931 2554 3978; x_wconf 86' lang='lat' dir='ltr'><strong>et</strong></span> <span class='ocrx_word' id='word_1_744' title='bbox 2594 3925 2647 3977; x_wconf 88' lang='lat' dir='ltr'><strong>in</strong></span> <span class='ocrx_word' id='word_1_745' title='bbox 2693 3923 2870 3989; x_wconf 81' lang='lat' dir='ltr'><strong>lukan,</strong></span> <span class='ocrx_word' id='word_1_746' title='bbox 2908 3923 3032 3994; x_wconf 89' lang='lat' dir='ltr'><strong>quia</strong></span> <span class='ocrx_word' id='word_1_747' title='bbox 3077 3924 3164 3978; x_wconf 89' lang='lat' dir='ltr'><strong>hic</strong></span> <span class='ocrx_word' id='word_1_748' title='bbox 3197 3922 3477 3993; x_wconf 69' lang='lat' dir='ltr'><strong>mquivalet</strong></span> <span class='ocrx_word' id='word_1_749' title='bbox 3523 3921 3572 3973; x_wconf 81' lang='lat' dir='ltr'><strong>iu</strong></span> <span class='ocrx_word' id='word_1_750' title='bbox 3603 3911 3786 3970; x_wconf 86' lang='lat' dir='ltr'><strong>indubie</strong></span> 
     </span>
    </p>
   </div>
   <div class='ocr_carea' id='block_1_101' title="bbox 2248 4001 3675 4085">
    <p class='ocr_par' dir='ltr' id='par_1_101' title="bbox 2248 4001 3675 4085">
     <span class='ocr_line' id='line_1_101' title="bbox 2248 4001 3675 4085; baseline -0.005 -19"><span class='ocrx_word' id='word_1_751' title='bbox 2248 4016 2406 4085; x_wconf 79' lang='lat' dir='ltr'><strong>longo</strong></span> <span class='ocrx_word' id='word_1_752' title='bbox 2433 4015 2484 4069; x_wconf 78' lang='lat' dir='ltr'><strong>in</strong></span> <span class='ocrx_word' id='word_1_753' title='bbox 2515 4017 2716 4082; x_wconf 83' lang='lat' dir='ltr'><strong>siukan,</strong></span> <span class='ocrx_word' id='word_1_754' title='bbox 2747 4001 2933 4080; x_wconf 84' lang='lat' dir='ltr'><strong>liusan,</strong></span> <span class='ocrx_word' id='word_1_755' title='bbox 2959 4016 3148 4069; x_wconf 80' lang='lat' dir='ltr'><strong>bludan</strong></span> <span class='ocrx_word' id='word_1_756' title='bbox 3173 4026 3225 4069; x_wconf 88' lang='lat' dir='ltr'><strong>et</strong></span> <span class='ocrx_word' id='word_1_757' title='bbox 3257 4016 3379 4068; x_wconf 89' lang='lat' dir='ltr'><strong>aliis</strong></span> <span class='ocrx_word' id='word_1_758' title='bbox 3409 4010 3675 4068; x_wconf 84' lang='lat' dir='ltr'><strong>similibus.</strong></span> 
     </span>
    </p>
   </div>
   <div class='ocr_carea' id='block_1_102' title="bbox 2322 4095 3786 4182">
    <p class='ocr_par' dir='ltr' id='par_1_102' title="bbox 2322 4095 3786 4182">
     <span class='ocr_line' id='line_1_102' title="bbox 2322 4095 3786 4182; baseline -0.01 -21"><span class='ocrx_word' id='word_1_759' title='bbox 2322 4127 2340 4158; x_wconf 79' lang='grc' dir='ltr'><strong>ι</strong></span> <span class='ocrx_word' id='word_1_760' title='bbox 2381 4109 2666 4182; x_wconf 70' lang='grc' dir='ltr'>ᾼιιιιοιιιιὶο</span> <span class='ocrx_word' id='word_1_761' title='bbox 2696 4111 2747 4163; x_wconf 81' lang='grc'>5.</span> <span class='ocrx_word' id='word_1_762' title='bbox 2778 4134 2836 4146; x_wconf 87' lang='grc'><strong><em>-</em></strong></span> <span class='ocrx_word' id='word_1_763' title='bbox 2873 4107 2926 4160; x_wconf 85' lang='grc' dir='ltr'>1η</span> <span class='ocrx_word' id='word_1_764' title='bbox 2946 4106 3064 4161; x_wconf 87' lang='lat' dir='ltr'><strong>aliis</strong></span> <span class='ocrx_word' id='word_1_765' title='bbox 3089 4121 3246 4176; x_wconf 83' lang='lat' dir='ltr'><strong>quam</strong></span> <span class='ocrx_word' id='word_1_766' title='bbox 3283 4121 3442 4173; x_wconf 82' lang='lat' dir='ltr'><strong>supra</strong></span> <span class='ocrx_word' id='word_1_767' title='bbox 3459 4101 3588 4156; x_wconf 73' lang='lat' dir='ltr'><strong>dati~</strong></span> <span class='ocrx_word' id='word_1_768' title='bbox 3609 4095 3786 4151; x_wconf 77' lang='lat' dir='ltr'><strong>casibus</strong></span> 
     </span>
    </p>
   </div>
   <div class='ocr_carea' id='block_1_103' title="bbox 2246 4182 3788 4267">
    <p class='ocr_par' dir='ltr' id='par_1_103' title="bbox 2246 4182 3788 4267">
     <span class='ocr_line' id='line_1_103' title="bbox 2246 4182 3788 4267; baseline -0.011 -16"><span class='ocrx_word' id='word_1_769' title='bbox 2246 4197 2458 4251; x_wconf 89' lang='lat' dir='ltr'><strong>nonnisi</strong></span> <span class='ocrx_word' id='word_1_770' title='bbox 2489 4197 2706 4252; x_wconf 85' lang='lat' dir='ltr'><strong>diﬂicile</strong></span> <span class='ocrx_word' id='word_1_771' title='bbox 2733 4192 2957 4267; x_wconf 74' lang='lat' dir='ltr'><strong>iudicari</strong></span> <span class='ocrx_word' id='word_1_772' title='bbox 2991 4205 3167 4264; x_wconf 77' lang='lat' dir='ltr'><strong>poest</strong></span> <span class='ocrx_word' id='word_1_773' title='bbox 3200 4206 3378 4250; x_wconf 90' lang='lat' dir='ltr'><strong>utrum</strong></span> <span class='ocrx_word' id='word_1_774' title='bbox 3419 4210 3450 4247; x_wconf 83' lang='grc' dir='ltr'><strong>ιι</strong></span> <span class='ocrx_word' id='word_1_775' title='bbox 3491 4194 3686 4258; x_wconf 81' lang='lat' dir='ltr'><strong>longum</strong></span> <span class='ocrx_word' id='word_1_776' title='bbox 3709 4182 3788 4235; x_wconf 83' lang='lat' dir='ltr'><strong>ha-</strong></span> 
     </span>
    </p>
   </div>
   <div class='ocr_carea' id='block_1_104' title="bbox 2247 4277 3784 4356">
    <p class='ocr_par' dir='ltr' id='par_1_104' title="bbox 2247 4277 3784 4356">
     <span class='ocr_line' id='line_1_104' title="bbox 2247 4277 3784 4356; baseline -0.004 -16"><span class='ocrx_word' id='word_1_777' title='bbox 2247 4287 2477 4342; x_wconf 89' lang='lat' dir='ltr'><strong>bendum</strong></span> <span class='ocrx_word' id='word_1_778' title='bbox 2506 4289 2614 4353; x_wconf 87' lang='lat' dir='ltr'><strong>sit;</strong></span> <span class='ocrx_word' id='word_1_779' title='bbox 2643 4288 2747 4343; x_wconf 88' lang='lat' dir='ltr'><strong>tale</strong></span> <span class='ocrx_word' id='word_1_780' title='bbox 2767 4297 2850 4342; x_wconf 84' lang='lat' dir='ltr'><strong>est</strong></span> <span class='ocrx_word' id='word_1_781' title='bbox 2881 4299 3056 4342; x_wconf 87' lang='lat' dir='ltr'><strong>tamen</strong></span> <span class='ocrx_word' id='word_1_782' title='bbox 3091 4288 3441 4356; x_wconf 83' lang='lat' dir='ltr'><strong>probabiliter</strong></span> <span class='ocrx_word' id='word_1_783' title='bbox 3471 4288 3520 4338; x_wconf 89' lang='lat' dir='ltr'><strong>in</strong></span> <span class='ocrx_word' id='word_1_784' title='bbox 3550 4277 3784 4346; x_wconf 62' lang='lat' dir='ltr'><strong>nisum.</strong></span> 
     </span>
    </p>
   </div>
   <div class='ocr_carea' id='block_1_105' title="bbox 2253 4369 3786 4450">
    <p class='ocr_par' dir='ltr' id='par_1_105' title="bbox 2253 4369 3786 4450">
     <span class='ocr_line' id='line_1_105' title="bbox 2253 4369 3786 4450; baseline -0.007 -21"><span class='ocrx_word' id='word_1_785' title='bbox 2253 4377 2366 4442; x_wconf 70' lang='lat' dir='ltr'><strong>has,</strong></span> <span class='ocrx_word' id='word_1_786' title='bbox 2395 4395 2553 4444; x_wconf 81' lang='lat' dir='ltr'><strong>rums,</strong></span> <span class='ocrx_word' id='word_1_787' title='bbox 2591 4379 2787 4450; x_wconf 65' lang='grc' dir='ltr'>ιιι-ιιρι,</span> <span class='ocrx_word' id='word_1_788' title='bbox 2819 4379 2972 4441; x_wconf 84' lang='lat' dir='ltr'><strong>dubo,</strong></span> <span class='ocrx_word' id='word_1_789' title='bbox 2997 4379 3215 4446; x_wconf 80' lang='lat' dir='ltr'><strong>stubius,</strong></span> <span class='ocrx_word' id='word_1_790' title='bbox 3244 4395 3399 4444; x_wconf 74' lang='lat' dir='ltr'><strong>rutra,</strong></span> <span class='ocrx_word' id='word_1_791' title='bbox 3435 4373 3672 4448; x_wconf 69' lang='grc' dir='ltr'>ριἷιιιηόἱ,</span> <span class='ocrx_word' id='word_1_792' title='bbox 3706 4369 3786 4422; x_wconf 76' lang='lat' dir='ltr'><strong>du-</strong></span> 
     </span>
    </p>
   </div>
   <div class='ocr_carea' id='block_1_106' title="bbox 2244 4471 2632 4538">
    <p class='ocr_par' dir='ltr' id='par_1_106' title="bbox 2244 4471 2632 4538">
     <span class='ocr_line' id='line_1_106' title="bbox 2244 4471 2632 4538; baseline 0.003 -16"><span class='ocrx_word' id='word_1_793' title='bbox 2244 4486 2369 4538; x_wconf 84' lang='lat' dir='ltr'><strong>gau,</strong></span> <span class='ocrx_word' id='word_1_794' title='bbox 2400 4471 2572 4523; x_wconf 80' lang='lat' dir='ltr'><strong>vulan.</strong></span> <span class='ocrx_word' id='word_1_795' title='bbox 2613 4489 2632 4523; x_wconf 78' lang='grc' dir='ltr'><strong>ι</strong></span> 
     </span>
    </p>
   </div>
   <div class='ocr_carea' id='block_1_107' title="bbox 2313 4557 3786 4628">
    <p class='ocr_par' dir='ltr' id='par_1_107' title="bbox 2313 4557 3786 4628">
     <span class='ocr_line' id='line_1_107' title="bbox 2313 4557 3786 4628; baseline -0.001 -16"><span class='ocrx_word' id='word_1_796' title='bbox 2313 4559 2368 4628; x_wconf 74' lang='grc'>4)</span> <span class='ocrx_word' id='word_1_797' title='bbox 2402 4558 2447 4613; x_wconf 82' lang='grc' dir='ltr'><em>υ</em></span> <span class='ocrx_word' id='word_1_798' title='bbox 2479 4577 2490 4625; x_wconf 78' lang='grc' dir='ltr'><strong>ι</strong></span> <span class='ocrx_word' id='word_1_799' title='bbox 2513 4561 2738 4614; x_wconf 85' lang='lat' dir='ltr'><strong>rulatnm</strong></span> <span class='ocrx_word' id='word_1_800' title='bbox 2763 4576 2795 4614; x_wconf 95' lang='lat' dir='ltr'><strong>u</strong></span> <span class='ocrx_word' id='word_1_801' title='bbox 2819 4559 3203 4616; x_wconf 87' lang='lat' dir='ltr'><strong>Germanorum</strong></span> <span class='ocrx_word' id='word_1_802' title='bbox 3229 4557 3510 4614; x_wconf 56' lang='lat' dir='ltr'><strong>assimilari</strong></span> <span class='ocrx_word' id='word_1_803' title='bbox 3535 4558 3712 4623; x_wconf 61' lang='lat' dir='ltr'><strong>potest,</strong></span> <span class='ocrx_word' id='word_1_804' title='bbox 3731 4557 3786 4599; x_wconf 70' lang='lat'><strong>0°</strong></span> 
     </span>
    </p>
   </div>
   <div class='ocr_carea' id='block_1_108' title="bbox 2247 4637 3786 4720">
    <p class='ocr_par' dir='ltr' id='par_1_108' title="bbox 2247 4637 3786 4720">
     <span class='ocr_line' id='line_1_108' title="bbox 2247 4637 3786 4720; baseline -0.01 -16"><span class='ocrx_word' id='word_1_805' title='bbox 2247 4659 2425 4705; x_wconf 83' lang='lat' dir='ltr'><strong>tamen</strong></span> <span class='ocrx_word' id='word_1_806' title='bbox 2457 4650 2787 4717; x_wconf 79' lang='lat' dir='ltr'><strong>discrimine,</strong></span> <span class='ocrx_word' id='word_1_807' title='bbox 2820 4651 2961 4720; x_wconf 84' lang='lat' dir='ltr'><strong>quod</strong></span> <span class='ocrx_word' id='word_1_808' title='bbox 2997 4653 3062 4705; x_wconf 86' lang='lat' dir='ltr'><strong>ad</strong></span> <span class='ocrx_word' id='word_1_809' title='bbox 3105 4668 3135 4705; x_wconf 90' lang='grc' dir='ltr'>ο</span> <span class='ocrx_word' id='word_1_810' title='bbox 3164 4653 3331 4719; x_wconf 77' lang='lat' dir='ltr'><strong>magis</strong></span> <span class='ocrx_word' id='word_1_811' title='bbox 3360 4645 3611 4702; x_wconf 88' lang='lat' dir='ltr'><strong>accedere</strong></span> <span class='ocrx_word' id='word_1_812' title='bbox 3635 4637 3786 4692; x_wconf 75' lang='lat' dir='ltr'><strong>ridea-</strong></span> 
     </span>
    </p>
   </div>
   <div class='ocr_carea' id='block_1_109' title="bbox 2246 4726 3784 4810">
    <p class='ocr_par' dir='ltr' id='par_1_109' title="bbox 2246 4726 3784 4810">
     <span class='ocr_line' id='line_1_109' title="bbox 2246 4726 3784 4810; baseline 0.004 -19"><span class='ocrx_word' id='word_1_813' title='bbox 2246 4750 2363 4803; x_wconf 91' lang='lat' dir='ltr'><strong>tur;</strong></span> <span class='ocrx_word' id='word_1_814' title='bbox 2416 4740 2538 4794; x_wconf 91' lang='lat' dir='ltr'><strong>hinc</strong></span> <span class='ocrx_word' id='word_1_815' title='bbox 2565 4740 2754 4794; x_wconf 85' lang='lat' dir='ltr'><strong>saltent</strong></span> <span class='ocrx_word' id='word_1_816' title='bbox 2784 4741 2918 4794; x_wconf 88' lang='lat' dir='ltr'><strong>ratio</strong></span> <span class='ocrx_word' id='word_1_817' title='bbox 2947 4749 3115 4810; x_wconf 88' lang='lat' dir='ltr'><strong>patet,</strong></span> <span class='ocrx_word' id='word_1_818' title='bbox 3145 4755 3240 4794; x_wconf 87' lang='lat' dir='ltr'><strong>cur</strong></span> <span class='ocrx_word' id='word_1_819' title='bbox 3267 4754 3391 4794; x_wconf 89' lang='lat' dir='ltr'><strong>cum</strong></span> <span class='ocrx_word' id='word_1_820' title='bbox 3416 4753 3454 4790; x_wconf 74' lang='grc' dir='ltr'><strong><em>ὀ</em></strong></span> <span class='ocrx_word' id='word_1_821' title='bbox 3489 4735 3541 4806; x_wconf 83' lang='lat'><strong>(§</strong></span> <span class='ocrx_word' id='word_1_822' title='bbox 3564 4733 3649 4797; x_wconf 76' lang='lat'><strong>26.</strong></span> <span class='ocrx_word' id='word_1_823' title='bbox 3673 4726 3722 4797; x_wconf 72' lang='grc' dir='ltr'><strong>σί)</strong></span> <span class='ocrx_word' id='word_1_824' title='bbox 3742 4730 3784 4775; x_wconf 69' lang='grc'><strong>⁸⁸</strong></span> 
     </span>
    </p>
   </div>
   <div class='ocr_carea' id='block_1_110' title="bbox 2243 4829 3475 4901">
    <p class='ocr_par' dir='ltr' id='par_1_110' title="bbox 2243 4829 3475 4901">
     <span class='ocr_line' id='line_1_110' title="bbox 2243 4829 3475 4901; baseline 0 -21"><span class='ocrx_word' id='word_1_825' title='bbox 2243 4846 2308 4881; x_wconf 84' lang='lat' dir='ltr'><strong>an</strong></span> <span class='ocrx_word' id='word_1_826' title='bbox 2338 4829 2391 4899; x_wconf 83' lang='lat'><strong>(§</strong></span> <span class='ocrx_word' id='word_1_827' title='bbox 2421 4832 2513 4896; x_wconf 89' lang='lat'><strong>29,</strong></span> <span class='ocrx_word' id='word_1_828' title='bbox 2543 4832 2602 4899; x_wconf 84' lang='grc'><strong>5)</strong></span> <span class='ocrx_word' id='word_1_829' title='bbox 2628 4841 2736 4884; x_wconf 88' lang='lat' dir='ltr'><strong>tam</strong></span> <span class='ocrx_word' id='word_1_830' title='bbox 2770 4833 3074 4901; x_wconf 80' lang='lat' dir='ltr'><strong>frequenter</strong></span> <span class='ocrx_word' id='word_1_831' title='bbox 3096 4837 3475 4885; x_wconf 84' lang='lat' dir='ltr'><strong>cctnmutetur.</strong></span> 
     </span>
    </p>
   </div>
   <div class='ocr_carea' id='block_1_111' title="bbox 2314 4906 3784 4991">
    <p class='ocr_par' dir='ltr' id='par_1_111' title="bbox 2314 4906 3784 4991">
     <span class='ocr_line' id='line_1_111' title="bbox 2314 4906 3784 4991; baseline -0.006 -14"><span class='ocrx_word' id='word_1_832' title='bbox 2314 4923 2368 4991; x_wconf 83' lang='lat'><strong>5)</strong></span> <span class='ocrx_word' id='word_1_833' title='bbox 2401 4922 2443 4976; x_wconf 90' lang='lat' dir='ltr'><em>U</em></span> <span class='ocrx_word' id='word_1_834' title='bbox 2473 4922 2738 4977; x_wconf 88' lang='lat' dir='ltr'><strong>similibus</strong></span> <span class='ocrx_word' id='word_1_835' title='bbox 2764 4922 3008 4991; x_wconf 75' lang='lat' dir='ltr'><strong>subiacet</strong></span> <span class='ocrx_word' id='word_1_836' title='bbox 3042 4917 3549 4978; x_wconf 72' lang='lat' dir='ltr'><strong>commutatibnibus</strong></span> <span class='ocrx_word' id='word_1_837' title='bbox 3573 4922 3717 4980; x_wconf 83' lang='lat' dir='ltr'><strong>atque</strong></span> <span class='ocrx_word' id='word_1_838' title='bbox 3738 4906 3784 4968; x_wconf 70' lang='grc' dir='ltr'><strong>ἕξ</strong></span> 
     </span>
    </p>
   </div>
   <div class='ocr_carea' id='block_1_112' title="bbox 2245 5001 3782 5080">
    <p class='ocr_par' dir='ltr' id='par_1_112' title="bbox 2245 5001 3782 5080">
     <span class='ocr_line' id='line_1_112' title="bbox 2245 5001 3782 5080; baseline -0.006 -16"><span class='ocrx_word' id='word_1_839' title='bbox 2245 5012 2436 5065; x_wconf 78' lang='lat' dir='ltr'><strong>transit</strong></span> <span class='ocrx_word' id='word_1_840' title='bbox 2477 5012 2638 5080; x_wconf 79' lang='lat' dir='ltr'><strong>igitur</strong></span> <span class='ocrx_word' id='word_1_841' title='bbox 2673 5011 2728 5080; x_wconf 82' lang='grc' dir='ltr'>α)</span> <span class='ocrx_word' id='word_1_842' title='bbox 2763 5020 2887 5066; x_wconf 88' lang='lat' dir='ltr'><strong>ante</strong></span> <span class='ocrx_word' id='word_1_843' title='bbox 2921 5023 3029 5067; x_wconf 82' lang='lat' dir='ltr'><strong>ret</strong></span> <span class='ocrx_word' id='word_1_844' title='bbox 3077 5012 3110 5064; x_wconf 84' lang='lat' dir='ltr'><strong>lt</strong></span> <span class='ocrx_word' id='word_1_845' title='bbox 3152 5025 3246 5080; x_wconf 87' lang='lat' dir='ltr'><strong>per</strong></span> <span class='ocrx_word' id='word_1_846' title='bbox 3293 5007 3588 5078; x_wconf 84' lang='lat' dir='ltr'><strong>ruptionem</strong></span> <span class='ocrx_word' id='word_1_847' title='bbox 3637 5001 3685 5055; x_wconf 86' lang='lat' dir='ltr'><strong>in</strong></span> <span class='ocrx_word' id='word_1_848' title='bbox 3727 5011 3782 5048; x_wconf 75' lang='lat' dir='ltr'><strong>tm</strong></span> 
     </span>
    </p>
   </div>
   <div class='ocr_carea' id='block_1_113' title="bbox 2242 5099 3450 5174">
    <p class='ocr_par' dir='ltr' id='par_1_113' title="bbox 2242 5099 3450 5174">
     <span class='ocr_line' id='line_1_113' title="bbox 2242 5099 3450 5174; baseline -0.002 -16"><span class='ocrx_word' id='word_1_849' title='bbox 2242 5103 2297 5174; x_wconf 86' lang='lat'><strong>(§</strong></span> <span class='ocrx_word' id='word_1_850' title='bbox 2321 5103 2412 5170; x_wconf 72' lang='lat'><strong>&#39;52,</strong></span> <span class='ocrx_word' id='word_1_851' title='bbox 2442 5101 2518 5171; x_wconf 80' lang='grc'><strong>5),</strong></span> <span class='ocrx_word' id='word_1_852' title='bbox 2553 5103 2603 5171; x_wconf 81' lang='lat' dir='ltr'><strong>b)</strong></span> <span class='ocrx_word' id='word_1_853' title='bbox 2633 5113 2754 5158; x_wconf 84' lang='lat' dir='ltr'><strong>ante</strong></span> <span class='ocrx_word' id='word_1_854' title='bbox 2777 5103 3012 5160; x_wconf 91' lang='lat' dir='ltr'><strong>vocalem</strong></span> <span class='ocrx_word' id='word_1_855' title='bbox 3038 5104 3090 5158; x_wconf 92' lang='lat' dir='ltr'><strong>in</strong></span> <span class='ocrx_word' id='word_1_856' title='bbox 3120 5120 3146 5157; x_wconf 88' lang='grc' dir='ltr'><strong>υ</strong></span> <span class='ocrx_word' id='word_1_857' title='bbox 3174 5103 3226 5173; x_wconf 82' lang='lat'><strong>(§</strong></span> <span class='ocrx_word' id='word_1_858' title='bbox 3255 5099 3350 5169; x_wconf 71' lang='lat'><strong>35,</strong></span> <span class='ocrx_word' id='word_1_859' title='bbox 3377 5099 3450 5168; x_wconf 87' lang='grc'>5).</span> 
     </span>
    </p>
   </div>
   <div class='ocr_carea' id='block_1_114' title="bbox 2991 5255 3060 5326">
    <p class='ocr_par' dir='ltr' id='par_1_114' title="bbox 2991 5255 3060 5326">
     <span class='ocr_line' id='line_1_114' title="bbox 2991 5255 3060 5326; baseline 0 0"><span class='ocrx_word' id='word_1_860' title='bbox 2991 5255 3060 5326; x_wconf 86' lang='grc' dir='ltr'><strong>Ε</strong></span> 
     </span>
    </p>
   </div>
   <div class='ocr_carea' id='block_1_115' title="bbox 2315 5376 3777 5459">
    <p class='ocr_par' dir='ltr' id='par_1_115' title="bbox 2315 5376 3777 5459">
     <span class='ocr_line' id='line_1_115' title="bbox 2315 5376 3777 5459; baseline -0.008 -18"><span class='ocrx_word' id='word_1_861' title='bbox 2315 5388 2342 5459; x_wconf 77' lang='lat'>§</span> <span class='ocrx_word' id='word_1_862' title='bbox 2373 5388 2466 5444; x_wconf 84' lang='lat'><strong>25.</strong></span> <span class='ocrx_word' id='word_1_863' title='bbox 2501 5387 2553 5456; x_wconf 85' lang='grc'><strong>1)</strong></span> <span class='ocrx_word' id='word_1_864' title='bbox 2593 5385 2640 5439; x_wconf 87' lang='grc' dir='ltr'><strong><em>Ε</em></strong></span> <span class='ocrx_word' id='word_1_865' title='bbox 2665 5401 2878 5454; x_wconf 84' lang='lat' dir='ltr'><strong>semper</strong></span> <span class='ocrx_word' id='word_1_866' title='bbox 2913 5395 2994 5439; x_wconf 81' lang='lat' dir='ltr'><strong>est</strong></span> <span class='ocrx_word' id='word_1_867' title='bbox 3032 5387 3243 5455; x_wconf 76' lang='lat' dir='ltr'><strong>longum</strong></span> <span class='ocrx_word' id='word_1_868' title='bbox 3272 5401 3287 5449; x_wconf 86' lang='lat'><strong>;</strong></span> <span class='ocrx_word' id='word_1_869' title='bbox 3331 5385 3382 5438; x_wconf 92' lang='lat' dir='ltr'><strong>in</strong></span> <span class='ocrx_word' id='word_1_870' title='bbox 3421 5376 3678 5436; x_wconf 84' lang='lat' dir='ltr'><strong>vocabulis</strong></span> <span class='ocrx_word' id='word_1_871' title='bbox 3699 5383 3777 5439; x_wconf 62' lang='grc' dir='ltr'>ποι</span> 
     </span>
    </p>
   </div>
   <div class='ocr_carea' id='block_1_116' title="bbox 2239 5469 3773 5536">
    <p class='ocr_par' dir='ltr' id='par_1_116' title="bbox 2239 5469 3773 5536">
     <span class='ocr_line' id='line_1_116' title="bbox 2239 5469 3773 5536; baseline -0.008 -2"><span class='ocrx_word' id='word_1_872' title='bbox 2239 5482 2397 5536; x_wconf 88' lang='lat' dir='ltr'><strong>thicis</strong></span> <span class='ocrx_word' id='word_1_873' title='bbox 2425 5481 2655 5535; x_wconf 87' lang='lat' dir='ltr'><strong>mediam</strong></span> <span class='ocrx_word' id='word_1_874' title='bbox 2697 5489 2898 5534; x_wconf 88' lang='lat' dir='ltr'><strong>tantum</strong></span> <span class='ocrx_word' id='word_1_875' title='bbox 2935 5488 2989 5534; x_wconf 88' lang='lat' dir='ltr'><strong>et</strong></span> <span class='ocrx_word' id='word_1_876' title='bbox 3029 5489 3317 5534; x_wconf 75' lang='lat' dir='ltr'><strong>extremam</strong></span> <span class='ocrx_word' id='word_1_877' title='bbox 3349 5475 3526 5530; x_wconf 87' lang='lat' dir='ltr'><strong>sedem</strong></span> <span class='ocrx_word' id='word_1_878' title='bbox 3561 5469 3773 5533; x_wconf 74' lang='lat' dir='ltr'><strong>occu&#39;pal.</strong></span> 
     </span>
    </p>
   </div>
   <div class='ocr_carea' id='block_1_117' title="bbox 2241 5561 3771 5640">
    <p class='ocr_par' dir='ltr' id='par_1_117' title="bbox 2241 5561 3771 5640">
     <span class='ocr_line' id='line_1_117' title="bbox 2241 5561 3771 5640; baseline -0.007 -16"><span class='ocrx_word' id='word_1_879' title='bbox 2241 5571 2293 5626; x_wconf 86' lang='lat' dir='ltr'><strong>in</strong></span> <span class='ocrx_word' id='word_1_880' title='bbox 2322 5585 2518 5640; x_wconf 73' lang='lat' dir='ltr'><strong>genere</strong></span> <span class='ocrx_word' id='word_1_881' title='bbox 2543 5571 2719 5623; x_wconf 83' lang='lat' dir='ltr'><strong>minus</strong></span> <span class='ocrx_word' id='word_1_882' title='bbox 2767 5569 3072 5637; x_wconf 78' lang='lat' dir='ltr'><strong>frequenter</strong></span> <span class='ocrx_word' id='word_1_883' title='bbox 3097 5581 3253 5638; x_wconf 88' lang='lat' dir='ltr'><strong>quam</strong></span> <span class='ocrx_word' id='word_1_884' title='bbox 3287 5567 3304 5618; x_wconf 78' lang='grc' dir='ltr'><strong><em>ἰ</em></strong></span> <span class='ocrx_word' id='word_1_885' title='bbox 3330 5574 3384 5620; x_wconf 86' lang='lat' dir='ltr'><strong>et</strong></span> <span class='ocrx_word' id='word_1_886' title='bbox 3414 5581 3444 5616; x_wconf 87' lang='grc' dir='ltr'><strong>ιι</strong></span> <span class='ocrx_word' id='word_1_887' title='bbox 3472 5566 3734 5640; x_wconf 65' lang='lat' dir='ltr'><strong>occurrt&#39;lls</strong></span> <span class='ocrx_word' id='word_1_888' title='bbox 3757 5561 3771 5598; x_wconf 73' lang='grc' dir='ltr'>ε</span> 
     </span>
    </p>
   </div>
   <div class='ocr_carea' id='block_1_118' title="bbox 2307 5639 3770 5728">
    <p class='ocr_par' dir='ltr' id='par_1_118' title="bbox 2307 5639 3770 5728">
     <span class='ocr_line' id='line_1_118' title="bbox 2307 5639 3770 5728; baseline -0.003 -18"><span class='ocrx_word' id='word_1_889' title='bbox 2307 5639 2360 5726; x_wconf 79' lang='grc' dir='ltr'>ιι)</span> <span class='ocrx_word' id='word_1_890' title='bbox 2393 5657 2564 5712; x_wconf 76' lang='grc' dir='ltr'>Μιιιιὶο</span> <span class='ocrx_word' id='word_1_891' title='bbox 2591 5673 2602 5708; x_wconf 92' lang='lat'>:</span> <span class='ocrx_word' id='word_1_892' title='bbox 2629 5657 3018 5723; x_wconf 79' lang='lat' dir='ltr'><strong>berun,blesan,</strong></span> <span class='ocrx_word' id='word_1_893' title='bbox 3035 5660 3217 5728; x_wconf 78' lang='lat' dir='ltr'><strong>gelum,</strong></span> <span class='ocrx_word' id='word_1_894' title='bbox 3232 5653 3438 5726; x_wconf 82' lang='lat' dir='ltr'><strong>gredus,</strong></span> <span class='ocrx_word' id='word_1_895' title='bbox 3462 5639 3770 5721; x_wconf 42' lang='lat' dir='ltr'><strong>oena/reﬂ&quot;:</strong></span> 
     </span>
    </p>
   </div>
  </div>
