4014 6172
163 328 239 384 921

163 449 361 498 convert
394 439 446 494 in
471 441 639 508 exeris,
665 441 887 511 procés).
935 443 1085 508 Quod
1126 457 1188 499 ea
1226 443 1297 500 sit
1337 445 1454 500 ha-c
1492 443 1716 514 prolatio

161 543 236 591 τοῦ
273 534 326 586 ai
351 534 402 589 in
433 533 748 601 quibusdam
781 535 968 590 saltem
996 537 1230 601 casibus,
1257 536 1365 606 jam
1394 553 1421 590 a
1451 539 1720 595 veteribus

161 623 503 693 grammaticis
551 624 603 677 in
644 624 766 678 cod.
802 625 1095 680 vindobon.
1139 625 1272 696 (vid.
1318 625 1500 682 ‘Wien.
1534 625 1718 683 Jahrb.

164 715 325 780 XLIII,
344 715 432 784 II)
456 714 554 768 fuit
581 723 862 781 assertum,
881 724 936 770 et
957 716 1008 770 in
1035 731 1232 784 genere
1251 731 1463 783 semper
1477 717 1723 772 animad-

167 821 353 862 versum
378 820 394 870 ;
418 821 650 875 quonam
674 806 816 859 enim
838 807 944 859 alio
967 806 1126 861 modo
1149 821 1313 862 sonus
1332 809 1492 876 graeci
1511 829 1533 863 ι
1557 807 1718 876 signi-

165 898 294 952 ﬁcari
324 897 620 967 potuisset?
645 897 750 952 Sed
776 899 1035 967 qureritur
1063 899 1299 968 insuper,
1331 908 1506 954 utrum
1527 911 1722 970 praeter

162 987 280 1044 hanc
321 989 675 1057 prolationem
721 1005 830 1043 non
879 989 1036 1044 detur
1063 999 1118 1043 et
1160 993 1349 1053 altera,
1392 992 1715 1060 germanicae

158 1081 406 1150 proxima,
451 1080 525 1136 ita
564 1089 651 1145 ut,
675 1079 740 1134 ad
780 1080 1224 1135 discriminandas
1254 1081 1348 1134 has
1378 1081 1510 1136 duas
1539 1080 1719 1150 prola-

155 1173 337 1237 tiones,
367 1171 521 1226 aliam
549 1187 644 1238 per
672 1172 747 1234 ai,
786 1173 1011 1225 alteram
1046 1186 1177 1225 vero
1204 1185 1300 1240 per
1321 1172 1372 1224 cii
1397 1171 1720 1240 designave-

153 1263 270 1316 rint.
309 1261 485 1327 Quam
530 1262 942 1330 discrepantiam
976 1271 1033 1316 ut
1073 1261 1440 1326 admittamus,
1487 1276 1720 1330 sequen-

155 1353 274 1406 tium
303 1353 565 1406 rationum
591 1367 688 1407 nos
717 1363 1022 1407 commovet
1049 1353 1339 1407 auctoritas
1364 1369 1377 1404 :

211 1445 262 1509 α)
293 1443 356 1496 Αἰ
382 1457 449 1497 ex
477 1443 494 1496 ἱ
525 1457 621 1512 per
649 1443 946 1512 ruptionem
993 1443 1227 1497 nascitur
1264 1452 1318 1497 et
1345 1452 1427 1496 est
1458 1441 1640 1507 breve,
1669 1443 1723 1496 di

152 1548 270 1588 vero
293 1533 657 1602 diphthongus
686 1542 769 1588 est
793 1542 850 1590 et
876 1535 1126 1602 longum;

210 1624 262 1693 ὁ)
293 1624 356 1677 Δί
383 1632 438 1679 et
464 1625 516 1678 di
543 1624 770 1678 diversis
794 1625 1066 1678 vocalibus
1093 1624 1418 1692 respondent
1443 1625 1494 1675 in
1518 1624 1722 1677 exscri-

150 1716 319 1783 ptione
355 1715 735 1769 vocabulorum
769 1720 1189 1785 peregrinorum,
1241 1716 1400 1786 igitur
1427 1718 1540 1786 ipsa
1579 1717 1720 1770 inter

145 1820 198 1861 se
220 1806 528 1874 discrepare
547 1805 784 1875 debent;

207 1899 254 1970 c)
284 1902 344 1953 At
375 1898 658 1954 adhibetur
688 1911 794 1954 tam
817 1915 920 1968 pro
940 1915 1116 1969 graeco
1137 1921 1159 1954 ι
1185 1915 1342 1970 quam
1367 1916 1464 1969 pro
1493 1923 1568 1965 αι,
1593 1915 1713 1970 pro-

148 1986 309 2044 fertur
335 2004 466 2059 ergo
496 1989 548 2044 in
578 1990 740 2058 priori
772 2004 897 2043 casu
928 1990 1002 2055 ai,
1038 1991 1090 2044 in
1124 1991 1407 2058 posteriori
1434 1991 1518 2054 di;

204 2079 268 2149 cf)
315 2079 372 2133 In
411 2081 779 2149 comparativo
823 2082 987 2134 maiza
1011 2081 1116 2152 (ex
1157 2082 1276 2134 mali
1307 2089 1362 2135 et
1389 2079 1505 2150 ξω)
1539 2081 1715 2136 adhuc

144 2172 472 2243 perspicuum
494 2182 600 2237 est,
622 2174 892 2242 quomodo
917 2175 969 2228 ai
995 2190 1061 2230 ex
1094 2192 1126 2228 a
1154 2176 1241 2230 eti
1264 2186 1440 2228 ortum
1470 2175 1712 2240 duxerit;

203 2265 268 2333 ε)
297 2264 363 2316 Ai
385 2265 710 2335 quandoque
752 2266 805 2319 in
834 2266 889 2335 aj
917 2265 1128 2332 incidit,
1151 2282 1278 2336 ergo
1308 2278 1532 2337 utraque
1558 2282 1718 2322 voca-

143 2355 205 2410 lts
224 2355 278 2409 in
308 2357 628 2425 proferendo
652 2358 824 2412 audiri
851 2357 1056 2413 debuit.

211 2443 342 2509 Sed,
370 2460 495 2498 vere
517 2455 573 2498 ut
601 2444 862 2512 dicamus,
897 2463 997 2502 nec
1027 2448 1416 2518 impugnabiles
1443 2451 1558 2504 ista;
1593 2459 1719 2504 sunt

142 2536 404 2606 rationes,
450 2553 550 2592 nec
592 2554 656 2592 ex
705 2541 1064 2594 monumentis
1101 2541 1329 2611 gothica:
1380 2541 1577 2612 lingua:
1606 2541 1717 2596 ullo

149 2626 305 2681 modo
331 2628 708 2697 comprobatur
739 2629 820 2683 illa
861 2630 1155 2697 distinctio,
1195 2631 1262 2686 ad
1300 2631 1717 2702 perturbandam

140 2718 472 2789 gothicorum
519 2735 773 2775 sonorum
804 2722 1128 2789 doctrinam,
1159 2721 1212 2777 in
1244 2738 1304 2779 se
1336 2723 1634 2792 simplicem
1665 2731 1724 2780 et

140 2810 456 2881 regularem,
489 2813 678 2884 magis,
702 2829 860 2882 quam
889 2815 956 2868 ad
982 2815 1353 2871 illustrandam
1402 2817 1715 2872 inserviens.

141 2898 372 2954 Primum
414 2901 576 2972 igitur
604 2903 668 2956 ad
695 2903 859 2959 ullam
887 2907 1332 2974 compositionem
1367 2907 1448 2962 vel
1495 2907 1721 2977 conjun-

140 2992 369 3048 ctionem
399 3009 682 3050 recurrere
702 3010 984 3051 necessum
1012 3006 1114 3061 est,
1133 2997 1348 3052 utvaria
1375 2998 1603 3066 prolatio
1628 3005 1718 3055 τοῦ

141 3083 183 3135 ai
208 3083 528 3153 explicetur,
556 3101 676 3140 cum
702 3087 818 3155 pari
841 3087 962 3156 jure
990 3088 1220 3158 proferri
1253 3089 1486 3159 patuerit
1513 3089 1565 3154 ἕ,
1594 3087 1628 3141 ἓ
1659 3100 1718 3146 et

137 3175 208 3241 Ei,
247 3171 322 3231 a‘i.
353 3175 620 3232 Caeterum
666 3192 732 3232 eo
773 3177 933 3232 modo
971 3177 1026 3232 in
1053 3179 1328 3234 viennensi
1359 3179 1545 3234 codice
1576 3179 1717 3246 (vid.

139 3265 316 3320 Wien.
345 3264 535 3322 Jahrb.
581 3265 764 3332 XLlll,
798 3266 895 3339 Il)
932 3268 1162 3338 prolatio
1218 3270 1462 3325 vocabuli
1504 3269 1719 3337 libaida,

138 3359 302 3412 allato
330 3359 516 3424 libeda,
549 3361 826 3425 statuitur,
861 3359 963 3414 hoc
1002 3375 1259 3430 expresse
1305 3361 1528 3417 addito:
1559 3362 1721 3432 adip-

139 3458 329 3518 tongon
369 3449 416 3502 ai
443 3466 538 3519 pro
565 3466 596 3503 e
623 3450 797 3520 longa.
821 3467 839 3500 ι
875 3449 1062 3515 Quoad
1092 3452 1388 3506 vicinarum
1421 3452 1722 3522 linguarum

138 3539 461 3608 analogiam,
493 3541 598 3593 hnc
640 3531 821 3594 alierri
874 3541 1080 3610 nequit,
1134 3542 1330 3610 quippe
1359 3556 1480 3596 cum
1510 3543 1720 3612 gothica

138 3629 379 3683 omnium
405 3631 730 3698 germanicae
756 3631 940 3701 stirpis
969 3632 1125 3687 nobis
1146 3632 1214 3688 sit
1246 3635 1640 3704 antiquissima,
1671 3643 1727 3690 et

137 3720 416 3790 illegitima
475 3721 704 3792 proinde
739 3724 916 3778 omnis
953 3725 1258 3794 conjectura
1299 3742 1364 3781 ex
1412 3729 1722 3794 recentiori,

137 3813 376 3877 scilicet,
407 3815 578 3867 veteri
606 3813 932 3883 germanica,
951 3830 1074 3884 qua:
1104 3816 1433 3871 multimodis
1452 3828 1723 3890 corrupta,

139 3918 354 3958 necnon
385 3918 640 3958 sonorum
684 3915 977 3975 systemate
1025 3921 1198 3977 neque
1246 3917 1517 3975 constans,
1552 3925 1726 3980 neque

135 3993 521 4062 :leterminata,
567 3995 908 4052 mediocriter
949 4006 1153 4052 tantum
1198 4013 1372 4054 causa:
1415 4000 1723 4068 profuisset.

135 4085 298 4140 Nunc
324 4101 448 4140 vero
469 4087 512 4140 si
544 4089 594 4140 ai
623 4102 799 4157 graeco
823 4110 844 4144 ε
863 4098 918 4144 et
944 4112 997 4144 αι
1026 4090 1260 4145 vicissim
1283 4094 1594 4160 respondet,
1621 4109 1726 4149 non

133 4177 278 4231 inde
303 4179 584 4234 concludas
606 4179 869 4250 gothicam
902 4179 1293 4252 diphthongum
1324 4182 1590 4252 duplicem
1631 4183 1726 4238 ba-

139 4269 334 4324 buisse
357 4285 571 4339 sonum,
611 4271 705 4328 sed
738 4273 974 4342 legitime
1025 4282 1229 4329 tantum
1277 4290 1488 4331 asseras
1520 4287 1728 4333 veteres

134 4363 380 4429 Gnaeos,
412 4365 492 4420 illi
516 4367 704 4421 saltem
733 4367 822 4437 qui
854 4367 1027 4423 Ullila:
1056 4370 1220 4424 coaevi
1250 4380 1420 4436 erant,
1452 4387 1730 4442 az,quem-

134 4451 435 4508 admodum
452 4455 777 4511 recentiores
795 4456 991 4526 Graeci,
1008 4468 1062 4512 ut
1083 4481 1104 4514 ε
1130 4461 1434 4526 protulisse,
1450 4463 1592 4532 quod
1621 4464 1728 4519 fac-

132 4552 286 4607 tum,
310 4545 377 4598 ab
398 4548 648 4602 omnibus
679 4549 788 4602 fere
819 4548 1091 4603 hodiernis
1108 4551 1391 4621 philologis
1408 4555 1726 4622 generaliter

133 4635 458 4703 admissum,
503 4640 572 4694 ab
619 4656 684 4695 eo
736 4642 955 4711 insuper
1002 4643 1108 4697 vim
1157 4643 1379 4710 obtinet,
1413 4646 1554 4715 quod
1601 4661 1720 4702 voc.

133 4728 371 4800 Γραικὸς,
402 4729 638 4797 Grzncus,
674 4733 886 4800 gothice
920 4732 1064 4788 kreks
1108 4736 1434 4803 exscriptum
1477 4737 1566 4790 sit.
1611 4737 1723 4793 Nec

132 4818 322 4871 minus
352 4821 597 4890 equidem
628 4832 833 4879 certum
855 4833 940 4879 est
965 4839 1083 4880 voc.
1115 4827 1280 4878 maiza
1305 4840 1336 4880 a
1363 4826 1542 4881 radice
1566 4826 1724 4880 ΜΑΙΙ

126 4921 184 4962 ct
227 4914 605 4969 terminatione
628 4916 988 4985 comparativa
1021 4918 1102 4970 ξω
1121 4931 1298 4972 ortum
1321 4919 1538 4982 ducere,
1566 4935 1724 4988 quam

126 5005 187 5055 ai
225 5003 283 5056 in
315 5006 582 5060 nonnullis
615 5009 799 5076 paucis
838 5008 1053 5064 casibus
1081 5011 1130 5064 in
1159 5011 1213 5081 aj
1242 5010 1507 5076 incidere;
1537 5011 1630 5066 sed
1657 5027 1726 5067 ex

123 5093 247 5148 hac
291 5097 686 5153 circumstantia
731 5101 881 5156 valor
928 5101 1146 5171 quidem
1176 5104 1583 5174 etymolog'cus,
1619 5119 1726 5160 non

122 5194 325 5240 autem
370 5189 629 5257 plionicus
667 5193 929 5262 exsurgit.
984 5192 1293 5260 Enimvero,
1338 5204 1396 5248 ut
1443 5211 1556 5249 rum
1605 5211 1731 5250 nos-

123 5287 288 5330 iram
313 5285 559 5352 exemplo
581 5297 884 5352 congenere
913 5285 1264 5350 illustremus,
1281 5287 1726 5355 quemadmodum

109 5382 190 5418 cx
231 5381 304 5422 eo
333 5369 476 5439 quod
524 5375 655 5443 (aui,
689 5373 858 5429 invito
903 5378 1174 5444 praeterito
1216 5379 1406 5448 tavida,
1438 5379 1730 5447 genitivum

1540 331 1625 386 DE
1666 327 2114 386 PROLATIONE.

3302 332 3434 392 922’

1828 440 2077 495 debeant.
2103 439 2211 495 Res
2243 438 2430 496 eadem
2461 455 2520 495 se
2549 440 2709 496 habet
2755 443 2804 496 in
2833 443 3094 499 sanskrita
3119 445 3318 516 lingua,
3348 449 3400 505 in

1824 545 1924 600 qua
1968 549 2000 586 a
2027 542 2081 587 et
2109 533 2127 586 ἰ
2155 547 2220 588 ex
2273 534 2454 602 regula
2503 536 2770 589 constanti
2818 537 2869 590 in
2909 553 2936 590 ε
2985 540 3398 596 confunduntur.
3433 543 3437 548 ’

1822 622 2006 689 Quoad
2039 640 2167 679 vero
2191 625 2242 677 αἱ
2271 625 2322 678 in
2351 628 2406 696 aj
2430 627 2712 692 transiens,
2746 627 2845 681 hoc
2875 630 3036 682 etiam
3066 632 3404 687 animadver-
3435 661 3438 664 ο

1826 715 2040 770 tendum
2066 726 2168 780 est,
2192 716 2332 785 quod
2365 718 2415 770 in
2450 717 2580 771 solis
2607 719 2987 792 aiv,ajukdu[i,
3015 706 3245 794 t'ai,vaja
3270 727 3398 792 (non
3432 743 3436 752 ‘

1821 815 1998 861 autem
2031 807 2081 859 in
2111 808 2212 872 bai,
2247 807 2439 878 bajops
2469 822 2497 859 a
2530 807 2647 878 BA)
2676 811 2848 864 locum
2880 811 3102 878 habeat;
3133 830 3264 884 quas
3293 817 3401 873 for-
3421 828 3435 844 ’-

1821 899 2084 954 mationes
2136 900 2313 969 lingua
2351 901 2583 968 gothica,
2616 901 2789 970 qualis
2831 903 2984 957 nobis
3034 906 3224 960 tradita
3276 907 3396 976 fuit,

1820 987 1968 1041 nullo
2025 988 2138 1042 fere
2197 987 2354 1041 modo
2407 987 2673 1054 citplicare
2725 999 2919 1058 potest,
2963 1007 3209 1062 quaeque,
3259 997 3401 1052 sicut

1822 1077 2006 1139 maiza,
2052 1076 2168 1130 sine
2215 1075 2380 1130 dubio
2410 1076 2474 1130 ad
2505 1092 2568 1131 ea
2601 1079 2824 1146 pristina
2861 1084 3128 1137 sermonis
3158 1093 3398 1153 tempora

1821 1166 2170 1221 adscribenda
2214 1175 2360 1230 sunt,
2388 1167 2582 1235 quibus
2622 1182 2812 1223 scnsus
2854 1172 3240 1241 etymologicus
3267 1178 3432 1228 ηομ-⁷

1821 1259 1949 1314 dum
1981 1267 2097 1314 erat
2137 1259 2434 1313 hebetatus.
2469 1259 2526 1314 Si
2557 1275 2684 1332 ergo
2714 1262 2874 1318 nullis
2901 1269 3233 1333 argumentis
3263 1269 3315 1321 ai
3346 1269 3397 1322 in

1823 1351 2084 1421 duplicem
2111 1352 2380 1406 diversum
2399 1367 2587 1407 sonum
2613 1353 2960 1410 dividendum
2984 1373 3105 1412 esse
3128 1367 3401 1421 statuitur.

1819 1441 1930 1511 jam
1959 1443 2217 1513 quzcritur
2235 1444 2503 1512 quomodo
2518 1446 2744 1510 Gothus,
2761 1449 2914 1517 cujus
2937 1448 3116 1518 lingua
3145 1466 3400 1507 sonorum

1825 1541 2058 1602 systema
2100 1541 2207 1586 tam
2248 1533 2492 1602 regulare
2518 1542 2572 1589 et
2598 1536 2821 1605 simplex
2850 1539 3087 1607 exhibet,
3121 1556 3285 1596 sonos
3324 1545 3404 1613 ip-

1821 1638 1932 1689 sos,
1959 1623 2139 1693 quales
2165 1623 2205 1689 ἱ,
2235 1625 2300 1689 ei,
2323 1640 2369 1690 ε,
2397 1627 2486 1695 qui
2511 1626 2734 1681 miriﬁce
2759 1628 2851 1682 alii
2882 1629 2933 1682 in
2966 1631 3083 1684 aliis
3107 1630 3382 1692 incedunt,

1823 1713 1960 1768 adeo
2008 1729 2196 1770 secure
2220 1727 2274 1769 et
2315 1717 2536 1785 prazcise
2575 1717 2910 1781 discreverit,
2959 1730 3016 1774 ut
3063 1721 3114 1774 in
3156 1725 3403 1778 omnibus

1826 1804 1938 1859 fere
1967 1806 2179 1860 casibus
2207 1816 2259 1860 et
2288 1807 2448 1861 invita
2476 1809 2782 1877 scriptionis
2808 1809 3156 1866 ﬂuctuatione
3180 1813 3232 1867 in
3263 1830 3404 1869 tton-

1818 1897 1977 1950 nullis
2004 1897 2300 1964 codeibus,
2333 1898 2487 1953 facile
2514 1899 2583 1953 sit
2619 1910 2770 1954 recte
2795 1907 2850 1954 et
2885 1901 3248 1958 indubitanter
3268 1921 3399 1960 con-

1811 1985 2018 2054 jicere?
2043 1986 2324 2054 Quomodo
2354 1989 2562 2044 Gothus
2603 2004 2767 2044 sonos
2809 1998 3009 2045 tantam
3041 1985 3429 2050 diversitatem:

1819 2092 1927 2146 prie
1950 2093 2008 2132 se
2029 2078 2280 2143 ferentes,
2293 2090 2542 2147 quantam
2557 2096 2584 2133 e
2597 2088 2652 2134 et
2670 2081 2744 2146 ai,
2759 2097 2787 2134 ο
2806 2090 2859 2136 et
2879 2100 2946 2136 nu
2962 2083 3151 2138 eodem
3167 2096 3220 2140 et
3246 2087 3404 2142 unico

1823 2167 1979 2236 signo
2009 2169 2312 2234 signiﬁcare
2341 2171 2612 2238 potuerit?
2633 2171 2782 2226 Nunc
2803 2187 2931 2227 vero
2958 2175 3001 2228 si
3033 2177 3083 2228 at
3111 2184 3166 2230 et
3189 2177 3240 2230 di
3259 2178 3405 2233 nulio

1819 2255 2130 2312 discrimine
2177 2258 2393 2323 habuit,
2425 2259 2472 2314 si
2530 2261 2699 2316 cuivis
2744 2266 3134 2320 accentuationi
3185 2283 3412 2341 prorsus!

1818 2352 2026 2406 alienus
2064 2351 2183 2417 fult,
2239 2352 2285 2407 si
2313 2353 2533 2409 aliunde
2565 2355 2712 2409 nulla
2765 2357 3253 2415 necessitde‘talis
3297 2363 3408 2417 dis-

1819 2445 2096 2510 crcpantia
2135 2444 2493 2512 desideratur,
2513 2461 2818 2502 sermonem
2839 2449 3108 2518 gothicum
3137 2467 3267 2508 sane
3298 2463 3404 2508 tor-

1819 2542 2030 2605 queret,
2057 2536 2147 2604 qui
2175 2535 2311 2590 hanc
2339 2537 2756 2607 discrepantiam
2788 2539 3131 2598 introducere
3154 2552 3404 2601 tentaret.

1819 2624 2086 2680 Caeterum
2117 2626 2170 2679 ai
2211 2633 2266 2680 et
2303 2642 2375 2680 au
2421 2628 2662 2696 ejusdem
2711 2639 2835 2683 sunt
2882 2632 3247 2687 conditionis:
3283 2650 3404 2688 cum

1821 2731 1948 2788 ergo
1992 2715 2347 2771 confidentius
2393 2717 2570 2773 adhuc
2618 2719 3044 2788 probaverimus.
3085 2741 3152 2776 au
3192 2739 3406 2793 semper

1822 2806 1961 2860 sicut
1986 2821 2015 2860 ο
2042 2815 2287 2877 apertum
2319 2807 2549 2876 proferri
2576 2819 2631 2864 et
2653 2812 2952 2880 quamlibet
2970 2813 3323 2870 differentiam
3343 2819 3406 2870 aii

1823 2897 1965 2953 inter
2001 2907 2055 2953 et
2093 2899 2161 2952 du
2212 2897 2578 2967 rejiciendam,
2623 2915 2819 2955 novum
2866 2903 2968 2958 erit
3012 2916 3408 2974 argumentum,

1821 3002 1929 3057 quo
1950 2987 2225 3044 distinctio
2251 2987 2465 3043 illorum
2496 2991 2550 3042 ai
2592 2999 2646 3045 et
2675 2992 2726 3044 (ii
2748 2991 2942 3048 iterum
2991 2993 3405 3067 impugnabitur.

1823 3079 1904 3136 Ex
1929 3082 2278 3138 conseCtariis
2303 3082 2450 3136 lalsis
2473 3083 2614 3138 idem
2648 3085 2866 3156 insuper
2891 3091 3146 3144 statuitur
3176 3108 3188 3143 :
3214 3094 3265 3146 ai
3299 3095 3409 3162 (ari)

1829 3172 1972 3228 enim
2021 3173 2341 3243 regulariter
2383 3182 2510 3230 ante
2535 3194 2561 3230 r
2587 3176 2701 3230 eth
2729 3181 2812 3248 (et
2835 3181 2910 3251 ω)
2938 3180 3180 3237 adhiberi
3227 3184 3408 3247 debet,

1825 3273 1880 3320 et
1905 3273 2082 3320 tamen
2113 3266 2340 3335 plurima
2372 3266 2631 3322 vocabula
2662 3267 2745 3323 bis
2765 3273 3194 3326 consonantibus
3222 3275 3406 3344 ἁὶ(άη)

1827 3356 2173 3426 praepositum
2208 3357 2452 3426 prazbent
2477 3367 2532 3412 et
2557 3357 2661 3412 alia
2689 3359 2904 3416 diverse
2933 3362 3201 3418 diversum
3225 3380 3413 3420 accen-

1829 3455 1938 3500 tum
1967 3455 2251 3516 usurpant;
2303 3462 2421 3518 quae
2457 3449 2731 3503 ﬂuctuatio
2763 3452 3035 3521 praecipue
3065 3463 3210 3522 patet
3241 3454 3294 3508 in
3326 3471 3411 3508 ca-

1825 3538 1994 3602 sibus,
2027 3548 2081 3593 ut
2122 3538 2299 3608 ραεὰἱὴ
2325 3549 2381 3594 et
2409 3540 2697 3610 gatm’hum,
2729 3541 2873 3596 iii/ua
2902 3553 2955 3598 et
2995 3544 3222 3609 ailuron,
3251 3545 3330 3599 ⁸άὶ
3359 3553 3415 3600 et

1825 3631 2039 3695 saiwan,
2072 3629 2300 3684 drriuma
2327 3641 2382 3685 ct
2402 3630 2692 3685 dratihana.
3420 3639 3421 3642 ‘

2547 3782 2697 3853 AU

1898 3911 1926 3982 §
1953 3911 2044 3968 29.
2079 3911 2141 3986 I)
2173 3914 2252 3968 Au
2282 3925 2340 3969 ut
2367 3927 2532 3970 sonus
2560 3912 2784 3980 simplex
2814 3918 2923 3990 tam
2969 3909 3282 3982 frequenter
3320 3928 3413 3970 oco

1827 4019 2051 4061 currens
2076 4020 2238 4076 quam
2264 4007 2334 4070 ai,
2365 4005 2660 4078 quamlibet
2681 4003 2922 4059 vocabuli
2945 4003 3128 4058 sedem
3150 4019 3416 4076 occupare

1829 4106 2006 4166 potest
2029 4105 2086 4152 et
2107 4096 2385 4166 quibusvis
2410 4096 2828 4150 consonantibus
2858 4094 3110 4164 cunjungi
3146 4112 3160 4147 :

1864 4255 1868 4258 i
1899 4189 1956 4257 a)
1992 4186 2147 4242 Initio
2181 4206 2193 4241 :
2224 4193 2445 4258 audugs.
2471 4203 2625 4258 ungo,
2655 4186 2900 4252 aultuma,
2928 4185 3113 4246 uulua.
3142 4188 3423 4258 aupsmu-r

1829 4276 1949 4342 Itan,
1973 4277 2166 4343 aurati,
2197 4277 2396 4346 aurtja,
2426 4292 2575 4342 auso,
2601 4276 2780 4346 nullo;

1903 4363 1956 4437 ὁ)
1990 4366 2162 4422 Medio
2192 4382 2206 4419 :
2240 4367 2428 4430 bauan,
2460 4365 2742 4437 blaupjaii,
2770 4366 2994 4431 bnauan,
3017 4382 3242 4438 gaunon,
3284 4369 3416 4419 dau-

1833 4457 1961 4529 pus,
1987 4459 2257 4527 drausjan,
2277 4455 2432 4508 Itaubi
2436 4454 2502 4527 1),
2522 4457 2712 4518 hlauts,
2733 4454 3122 4523 His/maupnan,
3146 4454 3417 4526 paurnus,

1833 4546 2054 4618 plan/ts,
2081 4546 2265 4617 praut,
2289 4546 2474 4610 kaurn,
2502 4545 2702 4611 kraust,
2732 4547 2877 4608 lauit,
2903 4547 3184 4615 maurgins,
3217 4546 3414 4617 naupa,

1831 4639 2010 4707 rauds,
2040 4638 2239 4705 san/its,
2260 4638 2594 4708 skaudaraip,
2621 4637 2956 4712 afslaultjan,
2981 4638 3223 4708 spaurds,
3245 4647 3420 4705 uana,

1833 4742 2069 4802 gataura,
2127 4732 2334 4798 trausli,
2382 4731 2566 4798 vaurd,
2615 4734 2889 4800 gaufanrs,
2936 4732 3162 4799 ﬂaulan,
3216 4734 3422 4802 [rauja,

1834 4823 2110 4888 waurbun;
2139 4833 2343 4888 trauan,
2376 4823 2638 4888 trauaida,
2667 4824 2825 4890 cauit,
2848 4823 3174 4894 gafaubeim.
3199 4827 3421 4895 usbaug-

1827 4917 1947 4985 jan,
1978 4914 2334 4981 saudsgzauh,
2357 4915 2566 4981 dauhts,
2599 4913 2796 4985 baups,
2819 4915 3026 4984 galauk,
3045 4914 3207 4980 mals,
3237 4933 3420 4987 gnum-

1825 5009 1946 5076 jan,
1981 5005 2170 5071 (Ianus,
2208 5009 2409 5076 tanjan,
2435 5007 2681 5076 raupjan,
2712 5005 2887 5074 (aura,
2909 5005 3178 5076 paurbun,
3207 5023 3418 5080 saurga,

1834 5098 2020 5166 baurd,
2039 5100 2276 5161 vaurhta,
2295 5098 2518 5168 [aur/us,
2543 5098 2826 5168 vaurpum,
2848 5097 3092 5168 maurpr,
3112 5099 3418 5168 staurkuan,

1835 5206 2061 5256 raurms,
2098 5192 2289 5255 linum,
2315 5189 2694 5260 gabaurjopus,
2729 5189 2929 5260 [)aurp,
2962 5200 3223 5261 staurran,
3251 5192 3420 5263 [mur-

1838 5300 1947 5348 ειη,
1979 5280 2199 5348 raurstu,
2237 5293 2432 5344 raurts,
2456 5281 2695 5352 paurfta,
2726 5298 2868 5347 rans,
2895 5283 3132 5354 lausjan;

1910 5371 1961 5443 ε)
2002 5372 2171 5429 Fine:
2199 5373 2326 5437 dua,
2369 5372 2504 5443 luxu,
2528 5373 2651 5440 jau,
2695 5389 2849 5437 snau,
2876 5372 3058 5437 alitau,
3090 5390 3280 5439 sunau,
3310 5383 3416 5428 ctc.

1916 5482 1934 5514 ι
1960 5463 2250 5518 Annotatio
2282 5465 2331 5516 l.
2357 5491 2427 5502 --
2468 5461 2582 5517 Huc
2604 5476 2712 5518 non
2735 5463 3003 5518 referendi
3030 5471 3156 5517 sunt
3182 5477 3336 5517 casus
3365 5463 3419 5518 in

1838 5554 2030 5630 quibus
2069 5571 2103 5610 a
2127 5564 2182 5609 et
2210 5570 2244 5607 ιι
2270 5554 2337 5608 ad
2366 5554 2604 5610 diversas
2650 5555 2886 5624 syllabas
2929 5555 3217 5624 pertinent,
3263 5564 3320 5608 ut
3366 5555 3420 5608 in

1840 5665 1940 5721 gau
1964 5649 2094 5702 lllth.
2129 5663 2204 5713 ix,
2233 5647 2335 5710 28;
2368 5649 2472 5702 Mc.
2505 5665 2616 5713 vm,
2657 5649 2748 5713 22,
2795 5666 2890 5704 sau
2932 5649 3086 5701 .loan.
3130 5662 3202 5711 Ix,
3234 5647 3292 5711 ‘2,
3333 5647 3432 5712 ω..

1841 5760 1964 5798 svau
2009 5741 2094 5808 18,
2123 5741 2214 5807 2:2,
2248 5741 2392 5796 wanh
2425 5741 2549 5797 Cor.
2586 5743 2624 5811 I,
2662 5758 2732 5808 tv,
2763 5743 2814 5809 7,
2849 5740 3186 5813 gannlcdjan.

94 5458 265 5526 10178
307 5463 578 5530 ell‘urmet,
626 5475 842 5539 etymon
873 5468 1088 5537 quidem
1124 5467 1194 5522 τι
1207 5467 1378 5536 γΑΝ,
1413 5469 1549 5525 TAU
1580 5472 1728 5541 (rad.

95 5546 203 5600 ΤΑ
224 5546 322 5624 1⁷)
358 5556 668 5625 innotescit,
702 5575 806 5612 non
837 5570 1014 5614 autem
1041 5573 1229 5624 sonus,
1257 5561 1358 5615 nisi
1387 5560 1528 5630 quod
1558 5578 1626 5614 au
1659 5571 1734 5636 τῷ

85 5657 122 5694 ο
172 5642 390 5700 affinis
432 5657 534 5712 est,
566 5648 638 5703 ita
681 5655 847 5704 malta
872 5667 938 5706 ex
968 5667 1103 5728 ma_-
1133 5653 1216 5705 iza
1242 5653 1490 5718 componi
1537 5656 1730 5721 potuit,

88 5736 274 5801 quin
297 5737 401 5797 duo
427 5741 694 5798 elementa
729 5743 779 5799 in
812 5745 1112 5812 prolatione
1158 5745 1465 5800 necessario
1495 5746 1735 5811 separari
