4014 6172
613 265 713 321 9‘27

613 374 822 443 longam
863 377 1276 447 respondentem
1299 417 1316 444 ,
1366 384 1423 432 ut
1460 393 1491 430 a
1539 377 1592 432 in
1635 393 1665 432 ο
1703 379 1882 450 (522,
1914 378 2035 449 7),i
2065 377 2119 432 in
2144 380 2192 433 ei

614 461 666 535 (ξ
687 465 782 531 es,
807 467 882 535 6),
915 484 948 522 ιι
970 470 1022 523 in
1045 472 1097 523 in
1126 469 1178 539 (ᾗ
1210 471 1300 535 st,
1322 469 1402 536 ε).

686 556 746 624 2)
789 555 1053 627 Correptio
1095 558 1294 613 vocalis
1334 573 1431 627 per
1473 567 1856 614 consonantem
1883 569 2192 630 sequentem

618 645 866 699 efficitur.
910 645 1148 715 Liquida:
1194 648 1527 715 praesertim,
1581 664 1784 704 necnon
1827 667 1890 716 ε,
1922 668 1980 716 z,
2011 652 2042 705 Ιι
2081 661 2136 706 et
2174 653 2205 722 f

619 736 855 789 vocalem
882 735 1266 802 prmcedentem
1289 738 1605 805 regulariter
1624 741 1819 808 corripi
1837 740 2043 808 jubent,
2073 757 2192 795 cum

622 825 829 880 scilicet
857 841 958 878 una
998 827 1078 882 vel
1105 828 1285 895 plures
1316 840 1669 886 consonantes
1695 833 1745 886 in
1772 833 1958 887 eadem
1989 833 2192 902 syllaba

621 926 939 983 sequuntur,
991 932 1080 972 ex.
1122 933 1207 986 gr.
1248 935 1262 971 :
1305 919 1476 988 balgs,
1522 922 1670 985 allai,
1718 926 1934 988 malum,
1989 923 2196 988 valdan,

618 1003 790 1070 halbs,
819 1004 954 1070 hafs,
977 1007 1098 1071 salt,
1132 1007 1303 1074 milds,
1341 1008 1551 1077 ﬁllefns,
1582 1010 1757 1071 Itilms,
1785 1012 1986 1076 hilpan,
2025 1012 2196 1082 dulgs,

621 1095 777 1163 ful's,
815 1098 1020 1164 mulda,
1067 1098 1274 1165 vamba,
1320 1116 1572 1167 mamma,
1620 1102 1896 1168 svimman,
1937 1103 2198 1171 trimpan,

621 1183 826 1252 dumbs,
851 1203 920 1240 an
943 1189 1180 1251 ’anumts,
1214 1189 1378 1258 laggs,
1406 1190 1562 1254 band,
1587 1190 1768 1261 dragls,
1797 1191 1954 1262 fanb,
1979 1209 2199 1259 manna,

619 1287 782 1342 ans‘s,
824 1277 1054 1348 briggan,
1101 1278 1336 1350 drigkan,
1384 1280 1586 1351 sigqan,
1637 1282 1802 1345 vinas,
1844 1283 2060 1349 vinnan,
2112 1299 2204 1353 ga~

621 1365 725 1418 min
727 1365 812 1436 [)i,
836 1369 1004 1435 iuggs,
1029 1367 1273 1437 bistugqs,
1296 1370 1548 1434 mundrei,
1569 1369 1796 1434 kunnan,
1820 1371 2015 1443 kunps,
2033 1389 2201 1442 vargs,

623 1473 776 1519 arms,
802 1456 984 1526 [)arbs,
1009 1458 1204 1527 vardja,
1232 1475 1321 1511 var
1324 1459 1389 1528 β,
1412 1459 1647 1530 bairgan,
1670 1461 1906 1514 soairban
1926 1501 1942 1525 ,
1975 1463 2200 1528 vairdus,

621 1545 826 1614 vairps,
856 1547 1040 1614 fairra,
1073 1548 1296 1617 fat'rzna,
1320 1547 1526 1618 banrgs.
1553 1549 1782 1619 paurfts,
1800 1551 1984 1617 vattrd,
2010 1561 2202 1618 vaurts,

630 1634 872 1705 maurbr,
911 1652 1062 1699 arms,
1097 1647 1220 1699 asta,
1253 1640 1341 1704 ist,
1371 1637 1508 1705 ῥεια,
1539 1638 1726 1703 brusts,
1757 1655 1902 1706 rasit,
1933 1641 2202 1711 andavisn,

623 1723 910 1786 nnabuzns,
940 1725 1127 1790 mahts,
1151 1726 1330 1792 railtts,
1361 1727 1556 1795 san/its,
1580 1729 1738 1798 Itafts,
1760 1731 1904 1798 gifts,
1925 1729 2107 1801 skufts.

701 1832 718 1863 ι
755 1815 1042 1868 Annotatiu
1092 1817 1141 1869 1.
1175 1848 1247 1860 —-
1291 1817 1508 1888 Vocalis
1537 1829 1714 1874 autem
1753 1835 1860 1875 non
1899 1821 2207 1892 corripitur,

624 1906 834 1974 quando
881 1920 1180 1962 consonans
1220 1909 1470 1978 liquidam
1515 1926 1744 1981 sequens
1793 1927 1898 1966 non
1944 1913 2011 1968 ad
2060 1928 2210 1969 eam-

625 1998 745 2050 dem
786 1998 978 2054 radicis
1025 2000 1312 2070 syllabam,
1363 2001 1456 2057 sed
1496 2003 1561 2056 ad
1612 2003 2035 2059 terminationem
2082 2019 2206 2073 per-

627 2087 787 2152 tinet,
830 2104 916 2142 ex.
959 2104 1041 2158 gr.
1070 2108 1082 2142 :
1121 2091 1298 2157 smals,
1323 2092 1449 2161 μισ,
1475 2109 1633 2158 sums,
1668 2109 1812 2158 rans,
1834 2111 2005 2159 muns,
2030 2111 2205 2166 gaurs,

627 2178 817 2246 valjan,
845 2180 1102 2248 gramjan,
1130 2183 1300 2250 sunja,
1328 2181 1512 2253 harjis,
1540 2184 1874 2253 gabaurjaba,
1893 2195 2204 2256 gatattrnan.

708 2287 724 2317 ι
755 2269 1042 2322 Annotatio
1063 2268 1116 2324 2.
1133 2269 1278 2324 -—ln
1303 2271 1543 2340 plurimis
1568 2273 1781 2330 casibus
1803 2273 1989 2330 litterae
2011 2277 2208 2344 l,m,n,

632 2376 681 2423 ν,
712 2376 738 2413 ,ς
768 2360 818 2412 in
842 2373 899 2413 se
925 2369 977 2414 et
1002 2371 1218 2430 propter
1239 2377 1299 2416 se
1318 2365 1707 2433 correptionem
1728 2368 1998 2422 attrahere
2029 2368 2210 2423 viden-

631 2457 738 2518 tur,
764 2452 904 2505 unde
928 2452 1041 2507 fieri
1072 2464 1269 2523 potest,
1297 2467 1354 2510 ut
1375 2456 1430 2510 in
1453 2457 1742 2526 scriptione
1770 2460 1853 2513 vel
1883 2460 1998 2514 sine
2023 2475 2209 2515 neces-

629 2541 782 2596 si'ate
807 2544 1162 2610 geminentur,
1186 2546 1290 2610 vel,
1337 2546 1426 2601 ubi
1447 2548 1765 2617 etymologia
1796 2549 2206 2619 geminationem

630 2630 940 2702 postularet,
961 2633 1227 2701 simplices
1251 2635 1600 2690 adhibeantur
1621 2637 1673 2708 (ᾗ
1697 2638 1784 2700 55,
1806 2651 1987 2694 annut.
2017 2643 2070 2706 Ι,
2092 2642 2167 2710 2).
2183 2661 2202 2694 ι

701 2719 756 2787 5)
783 2721 1094 2775 Absonantia
1130 2721 1207 2793 (l)
1240 2724 1290 2777 in
1323 2739 1388 2779 eo
1413 2727 1686 2792 consistit,
1711 2728 1850 2797 quod
1875 2730 2074 2784 vocalis
2101 2731 2208 2801 syl-

631 2805 762 2862 labae
789 2809 1036 2866 radiculis
1076 2813 1190 2866 sive
1221 2829 1317 2882 per
1356 2814 1730 2871 deductionem
1771 2819 1886 2872 sive
1929 2835 2022 2887 per
2050 2835 2206 2875 voca-

634 2897 745 2952 buli
770 2897 1142 2956 formationem
1171 2902 1317 2971 juxta
1345 2914 1517 2960 certas
1543 2905 1750 2976 regulas
1774 2907 1825 2961 in
1850 2909 2006 2962 aliam
2032 2918 2205 2965 trans-

638 2993 746 3040 eat.
800 2988 1001 3044 Dantur
1037 2990 1279 3059 qutedam
1319 2992 1646 3047 absonantie
1693 2997 1858 3052 series
1883 3035 1898 3061 ,
1944 3013 2062 3067 qua:
2095 3010 2204 3054 tum

633 3075 783 3141 duas,
819 3087 926 3132 tum
954 3088 1063 3135 tres
1085 3093 1137 3135 et
1159 3081 1319 3136 etiam
1343 3094 1568 3152 quatuor
1588 3085 1828 3142 diversas
1854 3090 2067 3144 vocales
2095 3104 2209 3144 am-

634 3168 953 3237 p'ectuntur,
997 3188 1220 3242 qua-que
1271 3173 1357 3227 ubi
1382 3175 1448 3228 de
1475 3174 1794 3232 formatione
1825 3179 2208 3249 conjugationis

635 3254 789 3312 fortis
815 3261 863 3330 (§
893 3263 1014 3324 H7,
1039 3261 1078 3328 f,
1108 3265 1164 3332 ε)
1215 3281 1312 3319 nec
1360 3281 1466 3321 non
1494 3277 1549 3322 et
1585 3271 1960 3325 vocabulorum
1991 3273 2041 3344 (§
2083 3275 2207 3342 139,

640 3347 760 3418 MS)
793 3352 1014 3418 qumstio
1035 3353 1155 3417 erit,
1183 3356 1446 3424 praecipue
1472 3368 1754 3414 occurrent
1779 3363 2049 3433 fusiusque
2072 3373 2202 3419 trac-

639 3438 910 3492 tabuntur.
939 3440 1033 3496 llic
1071 3457 1199 3498 vero
1226 3443 1475 3511 sufficiat,
1501 3461 1566 3501 ex
1589 3448 1702 3502 istis
1723 3451 1981 3506 classibus
2023 3454 2212 3522 praeci-

635 3528 838 3593 pnasin
861 3528 1047 3584 ordine
1086 3531 1150 3584 ad
1179 3547 1366 3586 sonum
1408 3550 1718 3605 excerpere,
1744 3540 1883 3594 unde
1924 3553 2210 3612 sequentes

632 3613 860 3670 evadant
885 3624 1084 3674 classes
1121 3640 1135 3675 :

765 3719 823 3769 ltl
862 3717 1048 3773 classis
1084 3739 1096 3772 :

1315 3723 1333 3773 ί
1557 3741 1588 3777 a
1804 3745 1836 3781 α
2049 3750 2083 3786 u

760 3809 994 3860 2⁸-
1311 3817 1330 3867 t‘
1546 3833 1578 3870 a
1795 3837 1821 3874 e
2044 3840 2078 3877 tt

760 3899 993 3949 5⁸-
1311 3907 1330 3959 i
1551 3925 1583 3962 a
1795 3928 1824 3966 e
2046 3917 2064 3969 ἱ

762 3990 825 4041 4⁸
918 4022 987 4035 -
1302 4001 1348 4053 ei
1544 4003 1597 4056 αἱ
1797 4007 1816 4058 t'
2048 4011 2065 4062 ί

760 4080 824 4132 5a
916 4112 988 4124 —
1307 4091 1361 4143 iu
1537 4111 1603 4146 an
1797 4115 1829 4150 tt
2051 4118 2081 4153 tt

763 4168 983 4221 6⁸-
1299 4197 1332 4232 α
1543 4198 1575 4236 ο
1790 4203 1819 4240 ο
2046 4208 2077 4243 a

813 4282 915 4338 Ex.
943 4300 1023 4354 gr.
1052 4303 1066 4341 :
1181 4289 1392 4356 bindan,
1480 4293 1635 4362 band,
1671 4296 1900 4364 bunda»,
1935 4299 2206 4368 bundam;

1178 4383 1374 4449 niman,
1482 4401 1621 4452 nam,
1671 4405 1881 4456 nemun,
1938 4409 2190 4459 numans;

1180 4474 1372 4543 giban,
1477 4483 1574 4548 μιαί
1593 4521 1606 4544 ,
1671 4479 1872 4551 gebnn,
1941 4484 2157 4554 gibaus;

1179 4564 1382 4631 beitan,
1475 4570 1616 4633 bait,
1671 4572 1850 4636 bitun,
1943 4574 2150 4641 bitans;

1175 4655 1387 4724 biudan,
1483 4659 1649 4731 bauI),
1681 4662 1874 4728 buduu,
1951 4665 2190 4732 budans;

1174 4745 1375 4815 sakan,
1467 4750 1588 4814 sols,
1671 4753 1868 4820 sokun,
1945 4756 2156 4812 sakans.

695 4826 750 4882 In
777 4828 965 4898 prima,
995 4834 1224 4886 secunda
1254 4846 1306 4888 et
1330 4839 1482 4890 tertia
1505 4841 1764 4897 classibus
1785 4861 1818 4898 a
1843 4861 1969 4913 pura
2009 4849 2204 4907 radicis

626 4922 824 4977 vocalis
862 4927 1134 4992 praevalet,
1182 4927 1231 4981 in
1275 4943 1462 4997 quar:a
1505 4932 1543 4997 i,
1590 4935 1639 4988 in
1669 4937 1850 5003 quinta
1883 4955 1938 5004 ιι,
1972 4941 2023 4995 in
2052 4955 2203 4999 sexta

625 5021 828 5079 autem,
871 5017 1105 5069 omnium
1154 5017 1636 5086 impt-rfectissima,
1668 5023 1856 5080 iterum
1890 5041 2107 5096 apparet
2147 5048 2203 5098 a,

625 5103 677 5156 in
733 5120 838 5172 quo
889 5106 1057 5161 latens
1109 5109 1322 5176 longum
1371 5127 1400 5164 ο
1439 5111 1628 5166 radicis
1688 5128 1781 5182 per
1833 5117 2204 5174 absonantiam

622 5193 822 5260 corripi
862 5195 1104 5260 videtur;
1152 5213 1253 5267 qua
1302 5199 1368 5252 de
1389 5213 1544 5253 causa
1570 5202 1844 5269 quaeritur,
1873 5214 2048 5261 utrum
2093 5209 2206 5266 haec

621 5285 808 5340 classis
853 5289 1216 5344 secuttdariam
1263 5290 1498 5345 radicum
1565 5291 1934 5350 formationem
1980 5313 2043 5353 ex
2117 5314 2204 5356 se-

692 5443 1058 5519 (I)Quoniam
1104 5447 1364 5502 vocabulo
1403 5466 1572 5519 germ.
1613 5455 1794 5507 Ablaut
1838 5455 2040 5510 nullum
2090 5457 2140 5512 la
2167 5458 2210 5512 i-

624 5527 747 5565 num
800 5515 1057 5596 perfecto,
1096 5526 1152 5568 ut
1199 5515 1739 5596 videntvrespondel,
1797 5540 1862 5578 ne
1907 5527 2207 5596 periphrasi

625 5590 762 5643 utar,
797 5586 935 5649 (μιυά
966 5586 1399 5662 interpretationi
1421 5586 1636 5660 semper
1663 5586 2060 5649 incommodum
2105 5611 2206 5662 est,

626 5661 818 5700 novum
861 5656 1175 5712 vocabulum
1218 5656 1736 5728 excogitare'malui.
1766 5664 1943 5734 Itaque
1973 5667 2024 5720 in
2054 5656 2209 5738 hujus

1676 267 2121 324 GRAMMATICA
2160 266 2484 325 GOTHICE
2514 268 2810 325 ιιΝςυΑῖ.

3658 299 3729 353 ὒῖε

2298 378 2468 481 cunda
2487 389 2538 480 et
2569 389 2723 434 tertia
2745 381 3007 436 classibus
3033 398 3136 481 non
3153 385 3388 481 exhibeat,
3413 404 3475 460 ut,
3489 413 3556 455 ex.
3576 419 3655 474 gn,
3675 431 3736 481 9η.

2299 466 2402 519 noh
2427 467 2698 522 derivatur
2719 485 2748 522 a
2772 472 2966 538 nahan,
2991 473 3129 540 quod
3154 472 3309 542 ipsum
3334 483 3390 533 ad
3416 466 3594 545 verbum
3610 466 3736 562 ριξιῖιε

2296 556 2483 612 classis
2513 557 2846 626 deperditum
2881 561 3113 629 pertinet
3140 563 3188 632 (§
3215 565 3299 631 26,
3325 569 3396 635 4).
3425 575 3491 628 vel
3517 586 3562 629 ut
3593 556 3740 655 vrohjan

2297 649 2362 703 ad
2385 651 2649 720 quoddam
2692 653 2897 721 rraltan,
2932 655 3050 709 vrok
3077 657 3412 732 referendum,
3452 672 3565 737 quod
3598 689 3645 730 ex
3671 649 3740 735 ni.

2299 739 2431 804 Itan,
2478 741 2596 794 vrak
2636 742 2920 797 deductum
2973 755 3071 798 est.
3123 745 3222 801 Pro
3264 749 3353 805 hac
3391 755 3604 816 affinitate
3635 768 3742 824 etiam

2299 830 2548 895 militant,
2574 830 2714 899 quod
2740 831 2965 899 plurima
2991 835 3174 900 verba,
3195 837 3253 890 ad
3279 839 3398 896 hanc
3415 844 3606 902 classem
3628 861 3739 922 peni-

2301 921 2501 986 ncntia,
2543 922 2592 974 in
2625 924 2921 995 prmsentig’
2949 925 3226 991 advocant,
3246 929 3304 983 ’ἰά
3331 943 3424 997 est,
3445 934 3643 994 debilitcr
3661 958 3747 999 con-

2299 1012 2574 1081 jngantur.
2625 1015 2704 1068 Ad
2755 1027 2957 1071 sextam
3007 1027 3065 1073 et
3108 1021 3210 1074 alia
3256 1023 3545 1086 absonantize
3585 1034 3742 1104 classis,

2303 1104 2476 1174 rarior
2498 1105 2762 1172 equidem,
2797 1108 3035 1174 proxime
3060 1113 3278 1179 accedit,
3305 1129 3509 1187 nempe;

2427 1194 2486 1246 7η
2516 1195 2704 1250 classis
2737 1215 2751 1250 :
2938 1199 3011 1265 αἱ,
3042 1216 3069 1252 e
3209 1219 3238 1256 ο
3431 1224 3458 1260 ο
3627 1217 3716 1282 ai,t

2303 1297 2424 1351 qua:
2486 1286 2538 1338 in
2593 1287 2771 1342 verbis
2831 1288 3173 1359 reduplicatis
3232 1299 3552 1353 tantummodo
3591 1308 3751 1360 occurrit

2308 1372 2524 1445 (§126).
2556 1377 2611 1429 ln
2652 1378 2750 1432 hac
2789 1379 2945 1434 classi
2975 1397 3003 1434 e
3041 1385 3308 1449 praesentis
3339 1387 3566 1455 primitiva
3598 1397 3752 1448 esseti-

2306 1463 2494 1528 detur,
2541 1475 2665 1520 ante
2707 1467 2841 1521 alias
2894 1469 3105 1523 vocales
3152 1488 3252 1526 non
3293 1489 3542 1532 remanens
3580 1483 3752 1550 equidem

2307 1553 2326 1622 (
2355 1554 2381 1626 §
2411 1553 2499 1621 95,
2534 1556 2585 1622 1,
2612 1571 2640 1610 c
2661 1558 2708 1627 ),
2739 1558 2832 1613 sed
2863 1560 2915 1614 in
2936 1561 3134 1628 verbis,
3163 1578 3372 1630 quorum
3400 1569 3765 1641 radicalissyllaba

2307 1647 2477 1703 vocali
2506 1647 2723 1713 desiuit,
2755 1667 2875 1705 cum
2902 1653 2951 1706 ai
2988 1653 3105 1724 ejus
3156 1671 3284 1710 sono
3327 1657 3460 1712 affini
3502 1672 3758 1727 commutata,

2307 1739 2494 1792 eodem
2560 1755 2779 1808 prorsus
2826 1744 2982 1799 modo
3029 1756 3192 1814 atque
3245 1747 3296 1802 iu
3343 1747 3571 1805 similibus
3614 1754 3758 1807 casibus

2311 1827 2489 1897 (§26,
2519 1831 2555 1884 5
2580 1831 2599 1898 )
2629 1847 2698 1885 au
2724 1839 2818 1888 τοῦ
2859 1850 2889 1887 ο
2918 1850 3200 1904 personam
3228 1841 3374 1906 gerit.

2385 1948 2402 1979 ε
2434 1929 2718 1984 Annotatio
2745 1933 2796 1985 Ι.
2825 1963 2899 1976 -
2918 1933 3067 2000 Quod
3095 1945 3271 1992 autem
3299 1949 3400 1994 tres
3427 1940 3601 2009 priores
3623 1942 3759 1996 classes

2308 2021 2593 2073 maximam
2624 2020 2761 2075 inter
2785 2036 2845 2076 se
2871 2023 3097 2080 habeant
3117 2027 3440 2096 relationem,
3467 2031 3541 2084 vel
3566 2033 3694 2100 primo
3713 2035 3759 2086 in-

2309 2109 2444 2164 tuitu
2486 2119 2650 2179 patet.
2686 2112 2742 2167 In
2772 2114 2858 2169 his
2893 2116 3035 2171 enim
3067 2118 3289 2173 triadem
3327 2122 3560 2176 vocalium
3595 2123 3762 2191 gothica-

2308 2217 2424 2256 rum
2467 2218 2589 2260 sese
2631 2207 2969 2264 evolveutem
3005 2209 3264 2275 vidimus,
3292 2213 3424 2268 unde
3465 2230 3555 2268 non
3580 2214 3764 2268 immerito

2307 2304 2524 2360 propter
2565 2312 2597 2347 α
2647 2295 2960 2362 dominans,
3013 2299 3130 2364 eis,
3185 2311 3243 2355 ut
3293 2303 3580 2372 primitivis,
3614 2304 3767 2371 primam

2307 2384 2488 2436 sedem
2517 2383 2914 2454 adscripsimus.
2959 2388 3013 2442 In
3045 2403 3231 2459 quarta
3271 2404 3321 2446 et
3350 2393 3514 2461 quinta
3545 2393 3766 2454 classibus,

2308 2491 2428 2544 qua:
2455 2478 2806 2532 arctissimam
2841 2495 3051 2550 quoque
3076 2483 3136 2536 af
3137 2483 3385 2539 finitatem
3407 2487 3528 2538 inter
3549 2499 3598 2538 se
3619 2484 3770 2542 haben,

2307 2582 2342 2619 a
2375 2581 2592 2634 prorsus
2615 2567 2813 2631 deficit,
2835 2570 3026 2625 iterum
3059 2575 3420 2629 tantummodo
3443 2574 3768 2642 apparensltici.

2307 2657 2414 2710 illic
2448 2673 2515 2723 ιι,
2569 2673 2791 2726 quorum
2831 2661 3146 2718 absonantia
3188 2666 3299 2720 sive
3336 2681 3424 2734 per
3472 2665 3772 2734 productionem

2310 2747 2414 2816 (ei,
2448 2749 2561 2818 in),
2603 2753 2715 2804 sive
2744 2766 2838 2819 per
2867 2753 3174 2820 ruptionem
3199 2756 3297 2826 (ai,
3326 2773 3389 2808 au
3411 2756 3426 2824 )
3450 2755 3655 2810 efficitur.
3676 2753 3772 2806 Nunc

2307 2852 2433 2893 vero
2459 2853 2579 2893 cum
2611 2840 2889 2908 productio
2920 2852 2976 2898 et
3013 2846 3193 2912 ruptio
3231 2848 3456 2900 latiorem
3483 2843 3690 2912 simplicis
3715 2856 3774 2895 so-

2309 2943 2496 2984 norum
2527 2936 2833 3002 systematis
2862 2937 3224 2993 evolutionem
3252 2937 3514 3010 supponit,
3539 2938 3618 2990 has
3642 2936 3776 2988 classes

2309 3021 2530 3088 pruinde
2560 3035 2615 3078 ut
2643 3028 2963 3093 posteriores
2992 3031 3300 3095 habuimus;
3319 3043 3507 3085 sextam
3528 3040 3686 3090 autem,
3704 3027 3778 3080 sint

2308 3111 2430 3180 quia
2459 3129 2491 3167 e
2522 3115 2688 3180 prima
2728 3118 2952 3173 deducta
2981 3128 3082 3184 est,
3109 3123 3226 3176 sive
3253 3123 3371 3192 quia
3400 3120 3703 3176 recentissima
3722 3125 3779 3167 aut

2309 3203 2495 3258 saltem
2527 3206 2930 3277 imperfectissa,
2977 3213 3370 3269 immamediate
3400 3224 3508 3283 post
3534 3225 3609 3266 eas
3626 3210 3676 3262 ad
3702 3207 3780 3260 ulti.

2312 3309 2456 3349 mum
2497 3297 2670 3352 locum
2701 3299 3026 3357 remisimus.

2388 3406 2406 3439 ι
2439 3389 2725 3445 Annotatio
2743 3393 2798 3447 2.
2820 3417 2892 3428 -
2913 3393 3167 3459 Quamvis
3192 3394 3490 3450 absonantia
3523 3393 3566 3445 in
3587 3383 3780 3443 formanda

2312 3480 2686 3548 conjugatiune
2721 3480 2845 3536 forti
2875 3485 3148 3553 precipue
3171 3494 3448 3555 appareat,
3480 3485 3642 3536 dantur
3664 3487 3783 3529 tamen

2313 3568 2553 3622 nonnulli
2582 3583 2760 3637 casus,
2784 3570 2838 3624 in
2863 3571 3053 3639 quibus
3079 3574 3358 3629 evidenter
3378 3574 3440 3626 ad
3472 3573 3588 3624 hanc
3608 3565 3783 3632 coniuga“

2315 3658 2510 3711 tionem
2543 3661 2730 3713 referri
2759 3662 2962 3731 nequit,
2990 3672 3049 3717 ut
3090 3663 3149 3719 in
3177 3665 3334 3736 dogs,
3371 3678 3402 3718 tt
3442 3663 3552 3732 dag,
3578 3657 3738 3712 hobains
3765 3665 3785 3701 ι

2311 3743 2480 3801 Italian
2507 3787 2524 3813 ,
2551 3750 2746 3819 ganolts
2788 3765 2818 3803 a
2864 3756 3064 3817 malum,
3097 3770 3220 3823 qua:
3259 3753 3434 3810 omnia
3475 3752 3534 3804 ad
3571 3743 3785 3811 analogiam

2242 3911 2256 3924 ο
2317 3850 2482 3893 sexta:
2511 3841 2700 3896 classis
2731 3842 3098 3911 cli'urmantur,
3135 3847 3264 3901 licet
3293 3847 3504 3900 verbum
3532 3845 3681 3910 dagan.
3706 3837 3786 3902 dog.

2316 3928 2520 3994 haban,
2564 3931 2661 3982 hob
2701 3934 2890 3986 mirum
2931 3935 3089 3988 simul
3129 3945 3187 3991 et
3221 3932 3582 3989 inadtnissibile
3621 3926 3786 3979 videatur

2317 4017 2555 4087 (propter
2603 4021 2902 4089 conjectum
2961 4023 3262 4092 NAHAN,
3317 4022 3469 4079 Νοιι
3495 4061 3508 4086 ,
3549 4019 3637 4073 vid.
3677 4011 3786 4083 ξ’ὶΰ.

2313 4110 2397 4179 4).
2451 4113 2606 4167 Aliud
2647 4117 2946 4184 esemplum
2989 4119 3325 4173 absonantia:
3355 4112 3630 4184 irregularis
3655 4104 3789 4202 νηῦς(

2317 4203 2528 4274 mitiga"
2548 4249 2562 4272 .
2590 4204 2768 4258 bt'ahla
2790 4247 2804 4272 ,
2832 4209 2972 4276 quod
3005 4211 3232 4277 primam
3265 4209 3480 4264 classem
3505 4202 3694 4272 sapiens,
3717 4209 3786 4261 prt-

2314 4296 2555 4349 milivum
2584 4297 2766 4353 forsan
2794 4301 2999 4370 brigau,
3045 4303 3172 4372 brag
3216 4298 3584 4373 conjiciendum
3622 4287 3787 4346 exhibet,

2311 4400 2378 4439 ex
2430 4401 2535 4455 quo
2572 4403 2666 4454 per
2700 4389 3144 4447 introductionem
3187 4395 3382 4448 nasalis
3423 4391 3499 4463 (ut
3537 4389 3582 4442 in
3618 4377 3787 4436 standum

2309 4475 2453 4545 stop,
2487 4476 2567 4530 vel
2593 4479 2642 4531 in
2666 4478 2932 4550 pagkjan,
2965 4479 3157 4553 Imbro)
3197 4477 3388 4535 novum
3423 4475 3790 4560 prtesens,el

2310 4565 2554 4623 latiorem
2590 4569 2963 4626 formationem
2997 4575 3254 4638 praeteriti
3279 4615 3294 4640 ,
3327 4572 3480 4628 etiam
3517 4567 3564 4622 in
3600 4553 3789 4616 llOIllllllltS

2312 4656 2432 4709 aliis
2479 4657 2654 4711 verbis
2677 4671 3042 4715 occurrentem
3072 4663 3231 4732 (coll.
3259 4678 3401 4730 mag,
3427 4659 3600 4718 malua,
3618 4666 3692 4719 ος.
3713 4645 3790 4697 ⁰⁸¹¹ί¹

2315 4744 2471 4814 etc.),
2497 4761 2690 4802 novum
2715 4751 3037 4818 praeteritum
3060 4768 3183 4806 cum
3212 4751 3372 4806 debili
3397 4746 3603 4802 flexiOue
3619 4741 3790 4794 exortum

2305 4845 2406 4886 εει.
2453 4853 2472 4886 ι

2375 4926 2433 4994 4)
2480 4927 2648 4994 Quem
2703 4928 2955 4984 intluxum
2993 4930 3154 4987 habet
3198 4927 3502 4986 absonantia
3535 4923 3581 4978 in
3622 4911 3788 5007 ῖοιτιίεξη

2313 5014 2532 5084 syllaba:
2579 5017 2860 5085 radicalis,
2914 5034 3035 5072 eum
3087 5024 3250 5074 etiam
3303 5020 3455 5072 haln-t
3499 5006 3722 5067 debilitatio
3758 5006 3791 5050 tu

2313 5106 2549 5159 vocalem
2612 5107 2828 5176 syllaba:
2885 5107 3202 5165 formativaa.
3267 5109 3397 5163 lluic
3446 5094 3676 5190 allectioni
3717 5087 3788 5190 sit"

2314 5195 2507 5249 vocalis
2534 5213 2566 5250 a
2601 5196 2839 5266 subjacet
2860 5239 2875 5264 ,
2907 5213 3025 5268 quas
3053 5201 3150 5252 sub
3180 5200 3297 5267 ejus
3324 5195 3512 5250 inlluxu
3538 5200 3638 5242 cum
3663 5177 3793 5268 ἐπει-,υ

2312 5262 2870 5357 (ιοηιηιυωιυτίοιίιιιί
2914 5262 3344 5342 debilitatio'tum
3373 5299 3432 5338 ex
3472 5289 3632 5334 natura
3652 5262 3794 5321 vocalis

2314 5452 2491 5519 operis
2520 5452 2743 5508 decursu
2793 5453 2986 5522 ultique
3007 5451 3174 5507 aderit
3210 5465 3323 5504 voc.
3363 5441 3630 5497 absonam]:
3653 5435 3792 5481 trath’"

2316 5524 2509 5548 “‘“m'”
2542 5523 2734 5548 ἠν-ηκ-
2774 5537 2866 5548 mm
2910 5526 3023 5548 -----:
3067 5526 3111 5548 ιη
3162 5523 3318 5548 ne“...
3397 5519 3546 5548 Ιησιηρ
3580 5496 3788 5548 “meum,

2315 5510 2510 5574 tionem
2542 5523 2737 5576 vocalis
2774 5537 2867 5577 seu
2904 5510 3026 5580 soni
3066 5526 3113 5578 in
3161 5523 3342 5586 aiium,
3397 5519 3546 5572 lector
3579 5510 3788 5561 homo":

2315 5594 2598 5664 intelligas.
2629 5593 2652 5647 Ι
2661 5603 2851 5662 nterpr.
