4080 6196
297 355 399 413 θεο
1609 349 1695 403 ne
1737 347 2172 408 PROLATIONE.
3459 355 3562 408 om

292 472 674 520 consonantem
706 465 790 518 vel
829 463 1175 533 prmcedentis
1203 463 1286 517 vel
1333 461 1628 530 sequentis,
1672 473 1780 515 tum
1809 476 1874 516 ex
1977 476 2079 528 que
2101 476 2164 516 ex
2191 465 2346 530 hujus
2369 462 2564 532 regulis
2586 463 2748 518 ivelu
2774 466 2893 532 pOui
2917 465 3316 530 deberet,aivel
3336 481 3400 518 an
3418 481 3565 520 usur-

294 557 568 612 adtlitione
597 555 855 624 longioris
878 555 1097 625 syllaba:
1138 553 1436 608 formativa:
1477 552 1740 621 dependet
1780 566 1878 606 nec
1981 563 2153 620 patur.
2172 553 2302 606 llinc
2323 569 2475 608 nova:
2501 553 2830 610 absonantia:
2859 557 3078 621 classes,
3109 567 3521 628 qumsequuntur
3545 576 3562 613 :

294 663 400 700 non
431 655 484 700 et
511 647 561 700 in
587 643 909 698 formatione
947 643 1058 699 sive
1079 643 1454 699 declinationis
1480 643 1593 698 sive
1620 644 1877 710 conjuga-
1985 642 2046 695 1⁸
2085 641 2252 696 series
2289 645 2342 694 ai
2591 658 2623 694 a
2913 661 2942 698 e
3233 662 3297 698 au

294 736 456 791 tinnis
497 735 790 788 formarum
838 733 1141 788 adhibetur.
1180 733 1298 788 Jam
1338 747 1466 788 vero
1505 746 1635 788 usus
1662 732 1780 802 ejus
1813 747 1880 786 ex
1983 729 2049 782 2‘l
2123 758 2197 771 —
2294 730 2346 783 ai
2593 747 2624 783 a
2913 750 2980 785 au
3227 754 3292 788 au

293 827 641 897 sequentibus
663 827 944 896 praeceptis
972 826 1203 896 regulari
1229 833 1451 896 potest:
1987 817 2054 873 5⁸
2126 847 2196 858 -
2297 820 2350 872 αἱ
2601 837 2633 873 a
2912 841 2940 877 ε
3235 831 3283 880 ai

365 925 416 986 α)
447 919 490 971 Α
519 919 571 972 in
602 917 947 973 idebilitatur
973 935 988 971 :

1989 909 2050 963 ιι
2121 937 2192 950 -
2290 911 2339 964 ei
2593 911 2648 963 ai
2899 914 2950 966 ai
3230 919 3281 969 αἱ

363 1010 450 1078 na)
473 1010 612 1064 Ante
633 1007 877 1062 dentalcs
904 1019 956 1062 et
977 1008 1276 1074 sibilantes,
1301 1023 1388 1062 ex.
1413 1023 1494 1076 gr.
1525 1023 1538 1059 :
1566 1007 1618 1061 in
1645 1006 1883 1062 dechna-
1985 999 2049 1054 5‘
2119 1027 2193 1040 —-
2285 999 2342 1053 iu
2592 1018 2659 1054 au
2897 1020 2966 1056 au
3221 1023 3288 1060 au

292 1101 440 1154 tiOne
493 1096 660 1152 VIGA
692 1114 815 1168 gen.
854 1099 982 1169 vigis
1018 1097 1039 1168 (
1069 1098 1095 1169 ᾗ
1147 1096 1215 1153 64
1240 1140 1256 1166 ,
1308 1097 1396 1167 4),
1430 1097 1481 1150 in
1510 1096 1884 1166 coniugatione
1985 1103 2072 1146 ex.
2102 1106 2222 1161 gr.:
2285 1091 2480 1157 bairan,
2592 1092 2705 1161 bar,
2899 1097 3076 1160 beru",
3217 1101 3461 1166 bauraus,

291 1193 460 1263 lagja,
489 1191 664 1262 lagjis,
689 1189 882 1262 lagjip,
907 1189 1123 1260 lagjam,
1149 1189 1347 1262 lagjiI),
1373 1188 1608 1260 lagjand,
1634 1187 1877 1258 particip.
2275 1183 2521 1253 vairban,
2594 1184 2752 1255 varp,
2889 1189 3150 1259 vaurpun,
3212 1193 3512 1262 vaurﬁam;

293 1284 473 1355 ιιιθίρδ
502 1284 521 1354 (
547 1284 572 1354 §
603 1282 745 1353 “3)
773 1299 788 1348 ς
2280 1275 2492 1340 saiwan,
2591 1291 2714 1339 saw,
2890 1291 3078 1343 sewun,
3214 1284 3472 1350 saiwans;

366 1376 449 1444 bb)
479 1373 609 1429 Cum
636 1375 894 1446 syllabam
921 1373 1254 1431 l‘ormativam
1284 1375 1453 1430 altera
1489 1387 1610 1430 cum
1649 1389 1679 1427 α
1705 1373 1883 1443 sequi-

2281 1366 2482 1432 let'wan,
2589 1367 2725 1434 laiw,
2895 1371 3102 1434 laiwun,
3212 1374 3454 1442 laiwans;

293 1473 414 1529 tur;
455 1465 532 1519 sic
561 1479 626 1518 eo
671 1464 830 1518 modo
867 1464 1084 1520 dativus
1129 1464 1289 1518 Itanitt
1325 1479 1354 1517 a
1403 1464 1579 1519 radice
1618 1461 1880 1517 ΗΑΝΑΝ
2283 1455 2483 1522 “ulla”,
2595 1457 2742 1522 lauh.
2894 1459 3113 1526 lauhun,
3213 1464 3452 1518 tau/rans.

291 1553 642 1607 illustrandus
669 1563 750 1606 est
777 1550 840 1623 (§
865 1553 956 1617 88,
987 1551 1079 1623 4),
1111 1553 1234 1608 licet
1271 1569 1425 1608 suum
1471 1569 1532 1619 a,
1561 1552 1722 1607 dativi
1750 1552 1878 1606 cha-

290 1642 682 1696 racteristicum
703 1681 718 1706 ,
769 1642 1208 1708 commutaverit;
1265 1657 1387 1697 nam
1420 1643 1612 1697 formas
1639 1642 1843 1695 Itanana
1863 1686 1878 1711 ,

291 1732 487 1783 hanina
514 1770 529 1795 ,
561 1740 618 1784 ut
659 1731 723 1783 ad
755 1731 912 1783 hanin
955 1731 1224 1797 deveniat,
1257 1731 1588 1800 percurrisse
1614 1741 1880 1786 censetur.

295 1819 493 1873 Eadem
522 1819 655 1873 ratio
682 1817 908 1873 fortasse
932 1819 1070 1873 valet
1100 1821 1237 1889 proi
1266 1827 1389 1873 ante
1417 1819 1872 1875 substantivorum

291 1909 690 1964 terminationes
716 1908 818 1980 ῥα,
850 1910 920 1972 lo.
945 1919 1075 1973 etc.,
1106 1925 1194 1964 ex.
1229 1926 1311 1978 gr.
1341 1926 1355 1964 :
1389 1910 1623 1981 daubipa
1644 1926 1674 1964 a
1701 1910 1874 1967 DAU-

295 1998 402 2068 ΒΑ,
435 1998 663 2070 Ιιααήρα
691 2015 719 2054 a
763 2000 1032 2068 KAURA,
1072 2000 1316 2072 sciknipa
1342 2017 1370 2056 a
1414 1991 1721 2068 SVIKNA,
1766 2005 1884 2056 bar-

292 2091 403 2143 m’lo
430 2105 460 2143 a
499 2088 766 2156 BARNA,
813 2092 864 2144 in
907 2092 1098 2161 quibus
1141 2107 1207 2146 eo
1255 2093 1424 2161 magis
1468 2093 1486 2145 ἰ
1535 2092 1600 2146 ad
1641 2093 1882 2149 dentales

293 2180 558 2236 inclinare
604 2181 845 2248 videtur,
880 2183 1022 2251 quod
1053 2183 1097 2237 si
1130 2182 1337 2238 dicatur
1375 2181 1587 2252 quidem
1615 2185 1826 2254 magula
1853 2200 1883 2239 a

295 2266 545 2332 MAGU,
588 2284 692 2326 non
738 2278 918 2326 autem
967 2271 1211 2344 aglupa,
1260 2272 1525 2344 manvupa
1569 2274 1637 2328 ab
1671 2271 1880 2340 AGLU,

295 2357 455 2411 ΜΛΝ
471 2358 589 2422 VU,
620 2362 712 2415 sed
741 2361 948 2432 aglipa,
977 2363 1244 2434 mancipa.

369 2447 420 2513 ὁ)
461 2447 504 2499 Α
534 2447 690 2502 ﬁnale
729 2448 782 2503 in
823 2466 857 2502 ιι
887 2461 1011 2505 tunc
1035 2451 1364 2516 debilitatur,
1395 2466 1515 2506 cum
1544 2451 1595 2506 in
1627 2452 1881 2523 conjuga-

295 2538 444 2591 tione
467 2539 737 2607 asyllaba:
784 2540 1030 2594 radicalis
1068 2556 1163 2610 per
1208 2542 1732 2597 transformationem
1760 2545 1814 2597 in
1849 2560 1884 2596 ιι

295 2626 504 2693 incidit,
533 2629 610 2683 sic
655 2631 706 2683 in
751 2641 900 2699 prast.
932 2632 1074 2700 plur.
1117 2632 1349 2692 bundun,
1383 2631 1626 2703 bundup,
1649 2632 1882 2700 bundun,

292 2735 418 2773 cum
467 2721 692 2786 bindam,
732 2722 941 2794 bindip,
987 2723 1234 2776 bindand.
1285 2723 1597 2792 Hujusmodi
1640 2723 1887 2778 debilita-

296 2810 453 2864 tione
477 2812 637 2865 etiam
681 2812 732 2866 in
773 2813 980 2880 verbis,
1007 2814 1096 2884 qui
1141 2831 1174 2866 τι
1205 2822 1262 2867 ut
1289 2813 1528 2868 vocalem
1565 2822 1886 2869 transmuta-

301 2901 466 2955 tionis
492 2902 543 2954 in
578 2913 849 2970 prmtertto
873 2905 1008 2973 plur.
1034 2921 1138 2959 non
1169 2906 1383 2969 habent,
1407 2915 1743 2970 occurrente,
1771 2920 1885 2960 me-

300 2991 409 3045 ritu
440 2990 575 3045 hanc
606 2991 828 3046 formam
861 2993 1190 3062 primitivam
1224 3003 1277 3049 et
1306 2994 1734 3061 antiquissimam
1765 3009 1885 3050 esse

298 3085 658 3141 concluditur.
693 3086 982 3142 Peculiaris
1003 3097 1085 3143 est
1118 3089 1412 3144 debilitatio
1439 3089 1491 3142 in
1523 3089 1883 3142 aimtmmehun

301 3177 426 3230 loco
455 3177 841 3245 ainammahun,
865 3180 950 3234 ubi
986 3195 1081 3251 per
1116 3180 1328 3250 longam
1358 3180 1630 3250 sequentis
1666 3178 1886 3250 syllaba:

303 3277 587 3323 attractam
608 3284 728 3325 esse
755 3272 980 3326 videtur.

378 3358 437 3428 5)
464 3360 650 3431 Ruptio
671 3370 752 3416 est
777 3364 1095 3432 permutatio
1120 3371 1218 3420 τῶν
1243 3364 1262 3417 i
1285 3373 1338 3419 et
1363 3380 1397 3417 tt
1421 3363 1472 3417 in
1501 3364 1552 3417 ai
1567 3373 1619 3418 et
1639 3381 1728 3417 au.
1747 3363 1888 3419 Con-

302 3451 546 3518 sequitur
586 3452 774 3520 partim
823 3468 887 3507 ex
931 3453 1128 3522 regulis
1169 3453 1502 3507 absonantite
1544 3453 1673 3521 (vid.
1722 3468 1881 3522 supra

301 3537 387 3605 5),
413 3539 602 3607 partim
639 3556 704 3595 ex
740 3543 1052 3613 retrogrado
1081 3541 1284 3596 intluxu
1314 3543 1724 3610 prmcedentium
1751 3557 1881 3597 con~

304 3629 607 3684 sonantium
641 3647 689 3696 r,
720 3631 752 3683 It
782 3641 837 3687 et
873 3648 938 3697 ω,
976 3641 1031 3687 et
1057 3631 1270 3702 quidem
1310 3631 1364 3686 in
1395 3632 1642 3685 omnibus
1670 3633 1884 3686 casibus

305 3711 483 3770 locum
508 3717 684 3783 habet,
706 3721 757 3774 in
781 3720 1002 3791 quibusi
1020 3729 1074 3775 et
1093 3737 1128 3774 u
1145 3721 1318 3790 reipsa
1341 3721 1494 3790 longa
1517 3731 1659 3775 sunt.
1689 3721 1884 3789 Ruptio

305 3807 468 3873 igitur
483 3809 531 3861 in
548 3809 912 3864 absonantiam
927 3811 1092 3880 ipsam
1105 3811 1519 3876 realiterinlluit,
1539 3826 1657 3864 cum
1673 3811 1888 3866 ubicun-

2055 1546 2110 1616 6)
2141 1547 2376 1615 Apocope
2404 1558 2484 1602 est
2507 1549 2726 1618 rejectio
2745 1550 2945 1604 vocalis
2967 1565 2996 1604 a
3030 1551 3135 1606 [itte
3169 1555 3436 1618 vocabuli;
3485 1558 3564 1611 sic

1981 1649 2042 1691 se
2071 1635 2265 1690 habent
2293 1637 2346 1690 in
2375 1638 2731 1693 declinatione
2756 1639 2921 1694 dativi
2944 1640 3123 1706 Itam'n,
3154 1643 3288 1694 ratin
3320 1643 3438 1697 loco
3463 1645 3563 1698 Im-

1985 1730 2126 1796 nina,
2151 1732 2360 1796 vatina;
2383 1734 2676 1802 composita
2701 1750 2822 1788 cum
2844 1734 2910 1787 ult
2928 1736 3195 1803 enclitico,
3216 1747 3275 1790 ut
3287 1736 3560 1808 [)antmuh,

1981 1821 2314 1892 anparannlt,
2349 1825 2465 1878 loco
2494 1824 2828 1896 pamma-uh,
2853 1825 3262 1897 anparana-uh;
3313 1837 3366 1883 et
3402 1831 3562 1884 etiam

1982 1909 2198 1981 bat-ist,
2235 1911 2437 1978 kar-ist,
2482 1915 2604 1979 nist,
2634 1915 2798 1981 nibai,
2827 1914 2944 1969 loco
2967 1915 3099 1986 pata
3125 1919 3210 1984 ist,
3236 1916 3360 1970 kara
3388 1920 3476 1984 ist,
3508 1919 3562 1972 ni

1980 2002 2070 2068 ist,
2101 2003 2156 2055 m'
2178 2003 2302 2057 ibai.

2057 2089 2112 2158 7)
2135 2090 2373 2161 Syncepe
2393 2099 2475 2147 est
2497 2093 2716 2163 rejectio
2739 2093 2938 2148 vocalis
2959 2094 3094 2149 inter
3115 2094 3245 2150 duas
3263 2111 3563 2151 consonan-

1988 2186 2068 2234 tes
2090 2182 2317 2250 positas;
2338 2183 2475 2251 quod
2501 2183 2556 2236 lit
2584 2183 2636 2236 in
2659 2183 3017 2238 declinatione
3041 2199 3137 2253 pro
3156 2195 3325 2251 vatna,
3351 2203 3560 2253 namna,

1986 2284 2106 2324 cum
2128 2270 2362 2325 hairtona
2383 2271 2541 2342 (§90,
2558 2271 2765 2342 annot.)
2793 2284 2844 2327 et
2876 2290 2969 2336 pro
2993 2274 3255 2329 ainnohun
3280 2275 3398 2330 loco
3418 2279 3566 2330 aina-

1984 2364 2158 2418 nahtm
2189 2365 2241 2436 (§
2273 2368 2394 2432 lli,
2425 2367 2503 2438 β),
2538 2367 2588 2422 ἰη
2623 2369 2998 2439 conjugatinne
3029 2380 3205 2424 autem
3233 2385 3332 2441 pro
3373 2385 3564 2442 pra-te-

1987 2453 2091 2508 rito
2133 2455 2317 2508 bruma
2359 2457 2476 2510 loco
2520 2457 2756 2522 brukida,
2803 2444 2973 2526 [)a'hta
3002 2457 3121 2512 loco
3150 2458 3406 2531 pagkida,
3456 2474 3560 2516 etc.

1985 2541 2036 2614 (ς
2067 2544 2186 2608 128,
2214 2553 2398 2599 annot.
2427 2544 2509 2614 4).

2059 2636 2113 2702 8)
2138 2634 2322 2688 Iliacus
2345 2648 2427 2689 est
2447 2650 2739 2690 concursus
2761 2636 2984 2689 duarum
3013 2636 3278 2690 vocalium
3301 2637 3366 2691 ad
3391 2637 3562 2693 diven-

1991 2736 2078 2777 sas
2101 2724 2330 2792 syllabas
2359 2726 2754 2791 pertinentium,
2789 2737 2842 2778 ut
2873 2725 2924 2778 in
2953 2741 3221 2794 gaarman,
3249 2727 3418 2792 wauh,
3449 2730 3562 2782 Ιαιις

1988 2812 2206 2879 deikaia,
2255 2813 2453 2884 ῥίψω,
2502 2816 2660 2878 inus,
2705 2816 2872 2877 καὶαπ,
2915 2815 3104 2881 bauan,
3149 2824 3252 2870 etc.
3285 2817 3400 2871 Jam
3441 2834 3562 2874 vero

1990 2903 2246 2972 quosdam
2276 2903 2449 2958 hiatus
2477 2904 2589 2959 dari
2621 2921 2723 2959 n0n
2755 2920 2931 2975 posse,
2967 2907 3077 2973 jam
3107 2921 3265 2976 supra
3312 2907 3363 2979 (§
3395 2908 3486 2974 25,
3536 2913 3561 2966 1

1992 3009 2051 3060 c;
2077 2994 2169 3060 26,
2201 2995 2255 3064 3)
2284 2995 2653 3060 ostendimus;
2694 2997 2828 3050 alios
2871 2995 3076 3050 Gothus
3109 3007 3366 3064 temperat
3406 2996 3562 3066 sivej

1989 3086 2149 3154 posti
2179 3085 2586 3150 introducendo,
2618 3087 2756 3140 unde
2787 3085 2991 3158 [ijapva
3036 3088 3152 3140 loro
3182 3089 3379 3157 [ia]:va,
3410 3092 3562 3161 sijttm

1989 3176 2108 3230 loco
2136 3176 2288 3241 cium,
2323 3187 2452 3243 etc.,
2480 3177 2593 3232 sive
2619 3179 2639 3230 ἱ
2661 3186 2716 3232 et
2744 3195 2776 3230 u
2811 3180 2860 3232 in
2913 3179 3310 3233 serui-vocalem
3343 3195 3563 3250 respon-

1988 3267 2202 3323 dentem
2247 3269 2648 3332 commutando,
2687 3271 2827 3323 unde
2868 3272 3073 3344 sunjus,
3107 3271 3222 3325 loco
3253 3273 3453 3338 sanius,
3485 3289 3563 3326 su-

1992 3360 2105 3412 m‘ve
2131 3359 2248 3412 loco
2274 3360 2477 3424 suniue,
2517 3361 2648 3412 ηιαυὶ
2679 3360 2797 3414 loco
2829 3361 2989 3424 naui,
3020 3370 3149 3425 etc.,
3177 3361 3261 3415 vel
3301 3362 3513 3417 tandem
3541 3369 3572 3418 h

1989 3448 2360 3517 interjiciendo
2387 3449 2444 3519 (ᾗ
2473 3449 2568 3516 22,
2600 3459 2787 3506 annot.
2819 3451 2896 3519 i).

2059 3539 2116 3609 9)
2147 3539 2438 3594 Contractio
2469 3551 2553 3595 est
2575 3540 2800 3596 duarum
2831 3542 3094 3598 vocalium
3125 3545 3560 3600 concurrentium

1993 3633 2045 3686 in
2075 3649 2235 3688 unam
2265 3634 2523 3698 redactio,
2549 3646 2606 3688 ut
2634 3635 2685 3688 in
2719 3634 2899 3706 sokeip
2927 3637 3044 3691 loco
3067 3635 3265 3708 sokiip,
3289 3637 3371 3692 vel
3398 3638 3450 3692 in
3473 3641 3578 3707 fret

1993 3723 2062 3794 (si
2093 3725 2210 3780 haec
2242 3725 2403 3780 lectio
2433 3725 2664 3796 legitima
2691 3726 2798 3798 est)
2830 3727 2948 3782 loco
2973 3731 3112 3798 [ratu

314 3927 3561 3958 “Mm

1455 4037 1535 4098 ll.
1603 4038 1703 4098 DE
1745 4039 2416 4138 QONSONANTIBUS.

385 4198 414 4270 θ
437 4199 900 4256 33.Consonantes
920 4200 1230 4256 dividuntur
1250 4202 1303 4258 in
1325 4203 1685 4258 semi-vocales
1711 4204 1786 4272 (j,
1807 4205 1886 4274 υ),

301 4291 525 4360 liquidas
554 4291 620 4362 (ι,
651 4309 722 4360 m,
752 4310 806 4358 η,
835 4291 908 4363 r),
936 4305 1102 4349 mutas
1130 4295 1205 4365 (g',
1240 4295 1298 4362 It,
1323 4294 1374 4362 It,
1407 4311 1462 4361 at,
1487 4312 1542 4368 q,
1573 4311 1636 4361 w,
1664 4297 1714 4364 b,
1755 4297 1798 4368 f,
1827 4314 1884 4366 ν,

304 4382 363 4448 τι,
391 4380 456 4452 15,
487 4381 527 4449 t)
557 4390 612 4437 et
637 4383 898 4437 sibilantes
927 4385 996 4458 (ε,
1017 4383 1091 4454 z).

379 4470 748 4524 Sami-vocales
776 4472 1008 4527 medium
1038 4482 1222 4529 tenent
1249 4475 1463 4531 vocales
1493 4475 1634 4532 inter
1660 4485 1714 4532 et
1753 4491 1884 4533 con-

302 4572 580 4627 sonantes,
609 4563 870 4632 siquidem
891 4565 924 4634 j
944 4565 1010 4618 ad
1033 4566 1074 4633 ἰ,
1099 4565 1208 4620 uad
1236 4581 1272 4618 α
1299 4566 1686 4622 coordinentur
1707 4576 1762 4624 et
1783 4584 1886 4622 sa:-

305 4655 428 4722 pius
455 4669 576 4710 cum
603 4655 686 4711 his
708 4666 1125 4712 commutentur.
1142 4657 1223 4711 Ad
1246 4658 1620 4714 semi-vocales
1642 4658 1886 4728 proxime

305 4744 566 4800 accedunt
585 4745 814 4816 liquida,
830 4747 1026 4817 aliquid
1047 4747 1342 4801 vocalicum
1359 4747 1486 4813 ipsae
1502 4763 1611 4816 prae
1634 4761 1692 4802 se
1711 4748 1885 4803 feren-

304 4842 408 4900 tes,
436 4834 699 4904 siquidem
729 4852 822 4904 per
837 4852 896 4892 se
921 4838 1060 4906 ipsas
1082 4847 1321 4892 tenorem
1347 4837 1580 4894 habeant
1599 4847 1656 4892 et
1683 4853 1787 4892 una
1812 4853 1882 4895 ex

305 4923 436 4990 illis,
469 4941 518 4989 r,
547 4925 832 4996 vestigium
865 4943 1010 4995 pura:
1029 4927 1293 4981 vocalium
1333 4935 1538 4981 natura:
1563 4928 1881 4983 servaverit.

304 5013 472 5068 Muta:
501 5025 678 5070 autem
705 5019 756 5070 in
787 5017 1048 5085 triplicem
1083 5018 1309 5072 classem
1340 5019 1529 5072 iterum
1562 5019 1883 5086 partiuntur,

301 5104 540 5159 scilicet:
559 5106 846 5176 guttur-ales
867 5106 942 5176 (g,
967 5105 1022 5172 It,
1044 5106 1095 5170 Ic,
1117 5123 1174 5171 π,
1198 5123 1250 5174 q,
1277 5105 1366 5175 w),
1391 5105 1600 5160 labiales
1619 5106 1691 5176 (ὁ,
1707 5110 1750 5175 f,
1765 5107 1820 5176 p)
1832 5113 1887 5162 et
1988 5153 1990 5158 .

301 5195 556 5266 linguales
588 5196 664 5268 (ἀ,
695 5196 764 5267 p,
803 5197 876 5267 t);
916 5212 1014 5251 nec
1037 5212 1140 5252 non
1173 5207 1228 5252 et
1253 5207 1378 5251 sunt
1407 5197 1489 5252 vel
1519 5198 1696 5251 media:
1723 5199 1796 5268 (ὁ,
1823 5199 1879 5266 d,

301 5284 381 5356 g),
407 5286 489 5341 vel
516 5288 758 5356 aspirati:
783 5289 849 5359 (f,
877 5287 943 5357 Ι),
976 5288 1032 5358 It)
1063 5288 1144 5342 vel
1177 5287 1406 5356 denique
1428 5297 1601 5341 tenues
1631 5288 1706 5358 (p,
1739 5297 1779 5354 t,
1807 5288 1882 5359 Ιί).

303 5376 546 5445 Reliquae
581 5377 950 5448 gutturalium,
977 5379 1169 5448 partim
1191 5377 1249 5458 in
1279 5378 1408 5432 solis
1438 5377 1708 5433 vocabulis
1729 5394 1888 5448 pere-

299 5467 474 5538 grinis
501 5480 790 5523 occurrunt
820 5470 924 5540 (τ),
958 5471 1149 5538 partim
1182 5468 1390 5538 proprii
1411 5477 1533 5522 sunt
1572 5469 1688 5523 soni
1715 5470 1790 5540 (ᾳ,
1815 5469 1881 5539 to)

297 5559 366 5616 ad
398 5574 516 5628 qua:
541 5558 817 5614 formanda
856 5559 1009 5629 plura
1038 5556 1183 5614 vocis
1209 5572 1408 5628 organa
1435 5571 1757 5614 concurrere
1787 5558 1875 5612 vi-

303 5649 523 5702 dentur.
574 5648 856 5704 Sibitanm
903 5648 1136 5718 denique
1183 5647 1249 5701 ad
1305 5646 1613 5716 lingualium
1659 5647 1886 5703 classem

299 5737 630 5808 referuntur,
662 5738 717 5794 in
746 5737 940 5810 quibus
983 5735 1130 5800 iusta
1156 5744 1331 5793 certas
1355 5750 1608 5792 sonorum
1631 5735 1775 5806 leges
1802 5737 1884 5792 in-

1989 4206 2170 4262 cidere
2204 4213 2448 4276 possunt.
2494 4207 2632 4262 Hinc
2677 4214 2844 4262 totum
2884 4206 3220 4278 gothicarum
3265 4225 3565 4278 consonam

1990 4298 2121 4352 tium
2146 4307 2381 4368 systema
2411 4298 2652 4368 sequenti
2684 4297 2846 4354 modo
2872 4298 3109 4356 ordinari
3133 4311 3347 4372 potest;

1992 4410 2042 4466 1.
2062 4410 2456 4467 Semi-vocales
2487 4427 2503 4467 :
2536 4412 2591 4483 j,
2612 4427 2641 4465 ν

1984 4499 2039 4554 2.
2057 4500 2300 4570 Liquida:
2330 4517 2345 4555 :
2544 4501 2582 4565 Ι,
2613 4517 2686 4568 nt,
2709 4517 2763 4568 η,
2795 4519 2822 4555 r

1988 4589 2262 4646 3.Mutae:
2449 4591 2660 4660 mediae,
2768 4593 3040 4663 aspiratte,
3135 4603 3320 4652 tenues

2057 4699 2489 4769 a)Gutturales:
2546 4721 2600 4773 g,
2877 4705 2931 4770 It,
3201 4707 3251 4772 k,
3326 4708 3566 4780 (x),q,ta

2059 4793 2114 4861 ὁ)
2137 4793 2379 4850 Labiales
2410 4811 2426 4848 :
2546 4793 2599 4859 ὁ,
2875 4795 2916 4864 f,
3195 4815 3230 4868 ρ

2059 4884 2108 4955 c)
2135 4884 2417 4956 Lingttales
2451 4903 2464 4938 :
2540 4885 2594 4952 ά,
2874 4885 2916 4957 ῥ
3189 4899 3208 4941 ι

1985 4978 2041 5032 ι.
2063 4977 2352 5034 Sibilantes
2379 4995 2394 5032 :
2541 4994 2588 5042 ε,
2620 4994 2668 5030 ι.

2378 5125 2420 5176 ι.
2460 5123 2546 5176 DE
2589 5123 3170 5176 SEMl-VOCALIBUS.

2735 5245 2792 5314 J

2056 5377 2202 5448 956.
2226 5378 2280 5445 l)
2319 5377 2350 5430 J
2381 5375 2533 5432 initio
2570 5381 2774 5428 tantum
2818 5371 3140 5442 syllabarum
3179 5380 3234 5426 et
3273 5373 3563 5427 vestibule»

1987 5482 2108 5521 rum
2147 5468 2398 5531 occurrit,
2440 5477 2708 5533 nunquam
2753 5471 2928 5516 autem
2963 5461 3066 5517 line
3095 5463 3175 5517 vel
3205 5473 3328 5517 ante
3370 5477 3563 5517 conso-

1987 5565 2236 5621 nantem,
2266 5571 2352 5611 ει.
2383 5570 2466 5625 gr.
2501 5571 2514 5607 :
2535 5553 2705 5625 jabai,
2728 5555 2891 5625 jaim,
2911 5558 3031 5624 jau,
3051 5555 3156 5622 jer,
3179 5551 3350 5622 jiuka,
3378 5554 3559 5623 juggs,

1985 5647 2339 5718 cajamercins,
2383 5643 2609 5716 bajops,
2643 5643 2826 5714 saijip,
2872 5644 3074 5712 taujan,
3114 5642 3327 5710 ﬁjattds,
3369 5643 3563 5694 undar-

1987 5737 2110 5810 leija
2135 5734 2229 5809 (7),
2261 5735 2438 5803 niuiis,
2485 5735 2676 5802 stojan,
2715 5731 3015 5805 galaubjan,
3060 5730 3254 5800 lagjatt,
3303 5731 3559 5802 duddjan,
