4014 6172
597 246 691 301 931
1657 235 2104 293 ϐῐίΑΜΜᾹΤΙΩΑ
2142 238 2174 293 (ὲ

2273 237 2466 294 tum;
2505 233 2803 293 ιικουλε.
3665 249 3744 303 93g

601 363 806 436 hazjan,
854 375 1122 430 aaggqjan,
1157 357 1350 427 vaihjo,
1389 353 1631 424 fraﬁjan,
1669 351 1878 421 vrakja,
1915 352 2181 422 anaviljei,

599 453 804 522 qemjau
819 451 978 520 (Mth.
995 464 1043 513 v,
1065 449 1160 510 17;
1189 463 1242 510 κ,
1263 443 1587 516 54),ειιη]ιιε,
1607 444 1877 512 namnjan,
1896 442 2181 512 afwapjau,

598 529 789 615 warjia,
807 543 1016 612 laiajait,
1040 537 1272 608 laistjan,
1293 536 1496 606 aurtja,
1514 534 1778 606 hnaivjan,
1804 550 1834 586 ιι
1842 537 1869 604 ι’
1857 535 1938 605 jo,
1959 537 2177 604 newjan.

674 653 695 687 ι
722 630 1038 689 'Annotatio.
1063 658 1138 672 —
1179 628 1236 682 In
1261 626 1417 681 unico
1445 633 1647 682 tantum
1683 625 1946 679 vocabulo
1971 640 2000 677 a
2034 635 2182 690 tergo

598 725 816 792 syllabae
847 722 1142 785 invenitur,
1167 718 1372 774 scilicet
1395 716 1446 770 in
1470 716 1704 787 freijliala
1724 715 1926 780 Cor.ll,
1962 731 2041 778 tu,
2067 716 2130 769 i7
2157 730 2173 782 ;

602 816 717 872 Gal.
733 829 792 878 ιι,
805 813 858 877 ι,
877 811 962 865 ubi
987 810 1141 865 lectio
1161 807 1373 880 freihulr
1391 807 1507 862 sine
1522 806 1683 860 dubio
1705 806 2138 875 prmfcrcndaest.
2153 824 2170 856 ι

665 903 722 971 2)
748 901 779 954 ,Ι
831 899 1116 954 adhibetur
1139 911 1235 969 pro
1267 911 1445 969 graeco
1471 920 1488 951 ι
1517 898 1630 966 (lat.
1661 896 1701 966 ἰ)
1747 898 1860 950 sive
1885 895 2021 949 inter
2046 894 2180 948 duas

598 991 808 1046 vocales
855 991 1094 1054 incluso,
1142 990 1258 1044 sive
1304 996 1425 1056 post
1462 995 1849 1042 consonantem
1891 995 1980 1039 aut
2027 984 2177 1040 initio
2265 1041 2269 1045 ,

597 1083 794 1151 posito,
824 1098 910 1136 ex.
937 1098 1016 1145 gr.
1047 1097 1062 1135 :
1089 1081 1264 1150 kajafa
1285 1079 1526 1150 καῖάγας,
1545 1077 1699 1148 akaja
1719 1077 1928 1148 ’Δχαέα,
1953 1074 2181 1146 abjapar

595 1175 853 1249 Ἀϐιάθαρ,
885 1172 1153 1244 irkarjom
1187 1171 1340 1224 Joan.
1374 1186 1482 1235 xiv,
1516 1167 1586 1221 22
1621 1171 1964 1242 Ἰσκαριώτης,
2014 1168 2181 1236 marja

597 1270 783 1342 Μαρία,
811 1265 1034 1336 antiokji
1059 1265 1364 1334 ’Δντιοχεία,
1398 1263 1581 1332 lailttjo
1614 1261 1790 1325 lectio,
1821 1259 2017 1329 kavtajo
2057 1274 2182 1313 cau-

597 1357 692 1419 tio,
713 1358 915 1429 jaeirua
955 1357 1162 1431 lc'mpoc,
1197 1356 1364 1422 janua
1397 1354 1576 1414 Ἰαννά,
1596 1353 1774 1423 janm's
1794 1359 1998 1415 Ἰαννῆς,
2023 1351 2180 1418 jaur-

597 1446 758 1500 danus
809 1443 1078 1521 ἰἰρδανος,
1120 1444 1279 1513 judas
1330 1441 1488 1496 Joan.
1540 1456 1636 1506 xu,
1677 1440 1711 1493 4
1751 1439 1978 1504 Ἰούδας,
2017 1441 2182 1508 iustus

585 1543 675 1604 inii
683 1558 824 1601 στος,
847 1537 964 1606 jola
993 1538 1108 1590 ἰῶτα

673 1644 694 1678 ι
731 1625 1020 1680 Annotatio
1052 1625 1104 1678 l.
1130 1655 1204 1667 --
1230 1623 1286 1678 In
1310 1623 1427 1677 istis
1465 1623 1680 1678 casibus
1711 1625 2013 1690 frequenter
2036 1635 2183 1676 com-

595 1723 834 1769 mutatur
861 1729 984 1770 cum
1026 1715 1065 1781 i,
1093 1714 1234 1782 quod
1262 1713 1313 1767 in
1343 1715 1632 1782 iakariotea,
1653 1713 2184 1778 iaeirua,iaurdanits,

597 1807 747 1862 indas
769 1805 1066 1877 regularius
1089 1816 1192 1861 est.
1236 1825 1253 1857 ι

676 1897 734 1966 ’5)
759 1897 790 1950 J
823 1897 1062 1952 nascitur
1081 1912 1147 1950 ex
1171 1897 1209 1962 i,
1226 1911 1348 1950 cum
1374 1895 1425 1950 in
1448 1894 1731 1949 formativa
1755 1893 1958 1966 syllaba
1986 1893 2187 1949 vocalis

597 1991 862 2059 sequitur,
881 1999 938 2043 ut
966 1989 1206 2058 laiaarjos
1232 1989 1350 2043 loco
1370 1988 1819 2057 taiaarios,sunjua
1842 1987 1959 2042 loco
1978 1987 2177 2051 iunius,

601 2083 778 2156 piujos
807 2083 923 2138 loco
948 2081 1119 2152 [)ivioa
1149 2083 1203 2152 (a
1235 2080 1367 2152 piri,
1414 2079 1593 2135 radice
1620 2077 1853 2150 [)IUIA,
1901 2078 1952 2132 in
2000 2093 2106 2148 quo
2131 2094 2182 2141 υ,

599 2173 902 2228 introducto
933 2175 983 2244 j,
1029 2172 1084 2227 in
1129 2189 1164 2225 ιι
1205 2173 1396 2226 iterum
1437 2170 1771 2240 resolvitur),
1820 2171 2021 2238 mnujos
2067 2169 2185 2223 loco

596 2267 789 2320 marios
819 2268 872 2334 (a
904 2267 1057 2330 mari,
1089 2265 1267 2318 radice
1296 2263 1583 2335 MAUJA),
1609 2265 1726 2334 tojis
1767 2279 1796 2316 a
1832 2263 1960 2330 (aui,
2008 2261 2182 2334 lagjip

586 2355 714 2430 loco
752 2355 876 2427 Ιαθεὶ
880 2355 943 2427 1),
975 2357 1136 2427 harjis
1167 2357 1283 2410 loco
1309 2355 1490 2408 Irarit'a.

670 2465 688 2496 ι
727 2447 1014 2501 Annotatio
1043 2447 1095 2500 2.
1124 2474 1197 2489 -ο
1246 2446 1320 2500 De
1351 2445 1530 2516 regula
1550 2487 1565 2513 ,
1595 2446 1887 2502 secundum
1939 2460 2096 2516 quam
2144 2445 2183 2498 ii

584 2550 706 2599 ,tnm
739 2540 791 2592 in
814 2541 886 2610 ji,
920 2548 1026 2593 tum
1053 2539 1105 2593 in
1138 2541 1184 2592 ei
1209 2538 1411 2610 (sokeip
1442 2542 1558 2592 loco
1582 2538 1779 2609 sokiiﬁ,
1819 2537 2041 2592 huirdeia
2065 2538 2181 2593 loco

597 2630 831 2698 hairdiis)
857 2630 1063 2695 incidit,
1101 2629 1209 2682 vid.
1244 2628 1271 2698 ᾗ
1302 2630 1390 2694 20,
1422 2629 1476 2682 4.

671 2739 690 2771 ι
729 2721 1018 2775 Annotatio
1040 2720 1092 2774 5.
1121 2747 1191 2758 ——
1221 2718 1246 2772 1
1280 2734 1409 2774 vero
1437 2719 1541 2790 inj
1572 2720 1800 2773 transire
1824 2720 2026 2786 nequit,
2059 2733 2178 2773 cum

593 2812 661 2866 ad
680 2811 910 2866 radicem
936 2809 1178 2864 vocabuli
1209 2810 1459 2879 pertinet,
1481 2821 1535 2862 ut
1569 2811 1618 2862 in
1639 2811 1926 2873 aiai,aium,
1945 2808 2177 2879 [ι’ἑιιριια⁹

596 2903 782 2970 ﬁauda,
816 2901 963 2972 [)ius,
995 2902 1162 2966 saian,
1190 2900 1372 2965 oaian;
1430 2900 1512 2954 vel
1545 2900 1598 2954 in
1632 2901 1902 2954 vocabulis
1934 2900 2175 2970 pcregri-

597 2993 700 3055 uia,
731 3003 787 3047 ut
813 2995 946 3057 asia,
976 2992 1175 3057 arabia,
1197 2991 1418 3054 kileikia.
1447 2993 1656 3063 galatin,
1690 2993 1958 3058 dnlmatiu,
1981 2993 2178 3046 aivlnu-

596 3087 700 3154 gia,
733 3086 990 3156 aifaisius,
1014 3086 1310 3156 fu’ippisius.
1348 3083 1698 3154 Excipiuutur
1717 3084 1959 3156 ajukdul)
1980 3085 2048 3139 ab
2071 3086 2179 3140 aiva

595 3186 651 3232 et
679 3179 793 3247 vaja
827 3193 854 3229 a
895 3179 996 3230 vai.
1035 3195 1053 3225 ι

665 3266 725 3334 4)
754 3265 788 3318 .1
815 3269 881 3319 ad
902 3267 1169 3321 vitandum
1202 3269 1408 3321 hiatum
1431 3267 1923 3333 intromittitur,uhi
1951 3270 2054 3323 alia
2080 3283 2179 3324 vo-

595 3356 726 3408 calis
766 3357 1161 3412 semi-radicale
1199 3359 1215 3409 i
1243 3359 1338 3428 (ai)
1373 3359 1634 3428 sequitur,
1663 3369 1717 3412 ut
1753 3361 1803 3413 in
1829 3361 1968 3432 sijni,
1999 3364 2176 3432 aijum,

594 3449 761 3520 aaiiifi
790 3450 889 3504 Mc.
923 3465 998 3511 Iv.
1036 3452 1118 3512 14,
1151 3451 1408 3523 frijapva,
1435 3453 1645 3523 ﬁjanda,
1674 3455 1778 3507 vid.
1809 3454 1835 3520 ξ
1861 3456 1950 3519 5‘2,
1978 3456 2032 3520 8,
2051 3456 2174 3510 coll.

573 3547 832 3616 .prolcgg.
867 3551 970 3603 col.
1004 3548 1108 3602 47E)
1136 3558 1244 3602 not.
1281 3551 1320 3604 ⁵.

664 3639 720 3708 5)
759 3639 792 3692 ,1
829 3639 1124 3696 Gothorum
1155 3641 1295 3696 idem
1324 3657 1548 3697 sonasse
1575 3642 1782 3696 videtur
1807 3656 1965 3714 atque
1983 3647 2014 3716 j
2043 3645 2174 3700 Ger-

595 3745 891 3795 manorum,
925 3735 1129 3788 acutius
1157 3747 1284 3788 vero
1313 3749 1470 3802 quam
1502 3751 1535 3803 y
1567 3736 1878 3802 Anglorum.
1908 3737 2022 3805 Qua
2049 3752 2174 3805 pro-

593 3821 790 3876 latione
816 3824 1032 3891 propius
1059 3824 1123 3876 ad
1141 3840 1171 3891 g
1197 3823 1488 3878 accedente
1514 3823 1911 3878 discriminatur
1927 3827 1992 3896 ju
2013 3827 2079 3878 ab
2098 3827 2173 3892 iu,

591 3926 710 3980 quae
731 3913 862 3966 alias
890 3913 1020 3968 sitis
1043 3913 1254 3978 similia,
1281 3914 1332 3968 in
1363 3915 1606 3982 genuinis
1631 3925 1806 3970 tamen
1828 3917 2055 3984 gotliicis
2081 3934 2175 3972 vo-

589 4003 794 4056 cabulis
841 4005 908 4057 ita
955 4004 1282 4073 discrepant,
1326 4014 1383 4059 ut
1428 4007 1595 4076 iuggs,
1638 4008 1815 4060 sanius
1858 4023 1953 4076 pro
1987 4009 2167 4080 jugga,

589 4095 770 4164 aunjus
804 4096 884 4148 vel
916 4096 1049 4166 jup,
1084 4097 1256 4167 jumjo
1306 4112 1400 4165 pro
1441 4099 1552 4170 inp,
1580 4100 1743 4170 iumjo
1783 4100 2022 4156 scribere
2061 4117 2167 4157 non

589 4185 765 4240 liceat.
802 4187 945 4241 Hanc
973 4189 1132 4242 etiam
1165 4190 1512 4256 prolationem
1557 4197 1647 4245 τοῦ
1680 4193 1710 4260 j
1740 4191 1963 4247 delin're
1994 4194 2170 4249 inten-

587 4277 766 4347 debat,
807 4279 894 4348 qui
942 4279 994 4333 in
1033 4279 1154 4334 cod.
1213 4283 1442 4336 mem’hr.
1491 4284 1674 4339 salisb.
1722 4286 1780 4337 u"
1815 4288 1915 4340 MO
1965 4287 2165 4354 tWien.

587 4369 772 4424 Jahrb.
803 4387 950 4438 mu,
985 4373 1072 4442 ll)
1104 4373 1236 4428 dixit
1265 4393 1280 4427 :
1317 4375 1400 4427 ubi
1426 4375 1612 4429 dicitur
1641 4378 1856 4447 genuit,
1883 4382 1902 4446 j
1934 4380 2163 4448 ponitur,

588 4460 672 4514 ubi
700 4461 920 4532 gabriel,
948 4477 983 4533 ε
1004 4472 1197 4534 ponant
1215 4479 1235 4529 ;
1267 4463 1396 4518 coll.
1426 4480 1586 4535 supra
1615 4464 1642 4535 ς
1677 4466 1762 4531 l2,
1792 4467 1968 4521 littera
1989 4467 2046 4522 J.

1321 4615 1391 4685 V

660 4739 687 4808 §
718 4739 805 4795 35.
840 4742 891 4810 l)
938 4741 979 4796 V
1019 4743 1192 4809 initio,
1226 4744 1401 4796 medio
1429 4754 1484 4798 et
1514 4747 1618 4799 line
1649 4745 2030 4799 vocabulorum
2069 4759 2165 4799 oc-

582 4833 776 4897 currit;
795 4832 947 4888 initio
970 4844 1164 4904 praeter
1186 4834 1399 4888 vocales
1421 4834 1582 4889 etiam
1610 4843 1723 4895 τοῖς
1749 4836 1768 4888 ι
1793 4846 1848 4890 et
1877 4853 1902 4888 r
1921 4835 2162 4904 praeponi

583 4933 756 4992 potest
783 4941 798 4978 :

649 5013 704 5081 a)
733 5011 885 5068 Initio
912 5031 927 5068 :
955 5015 1154 5082 valjan,
1183 5030 1321 5082 vena,
1352 5015 1560 5079 vindan,
1594 5016 1809 5086 vulpua,
1831 5016 2000 5081 vokra,
2024 5018 2158 5084 alita,

579 5103 776 5167 vrikan,
794 5115 921 5170 etc.;
1367 5167 1378 5176 _

653 5199 704 5267 ι)
735 5199 906 5253 Medio
933 5215 949 5252 :
980 5199 1176 5262 alavan,
1228 5201 1388 5271 favai,
1435 5200 1586 5266 mavi,
1624 5200 1760 5270 gavi,
1791 5200 1930 5265 havi,
1965 5201 2159 5267 tavida,

579 5291 843 5362 Iinaivjan,
882 5291 1009 5357 aius,
1047 5293 1233 5354 maius.
1276 5293 1436 5357 saiva,
1481 5291 1694 5358 aaiuala,
1743 5294 1929 5358 u'aiva,
1976 5293 2158 5347 aitaiva

580 5382 682 5436 Mc.
719 5397 771 5444 ι,
815 5382 906 5447 57,
943 5381 1171 5452 skevjan,
1216 5383 1406 5454 lerjan,
1436 5383 1664 5454 apeivan,
1697 5385 1933 5449 lineivau,
1981 5385 2157 5439 heiva-

583 5474 773 5542 frauja.
809 5471 980 5537 kniva,
1028 5471 1228 5536 snit-au,
1275 5473 1497 5542 pivadv,
1545 5474 1688 5544 piri,
1736 5475 1932 5543 sunive,
1979 5475 2153 5544 latius,

579 5559 783 5627 vidrwo,
807 5572 911 5619 etc.
936 5579 952 5630 ;

648 5649 700 5719 ε)
731 5651 860 5711 Fine
891 5670 906 5710 :
935 5655 1036 5725 ain,
1066 5655 1221 5724 lilaiv,
1254 5654 1420 5724 anaiv,
1451 5655 1580 5725 aaiv,
1609 5655 1705 5721 (ev,
1731 5655 1904 5726 gaidv,
1936 5654 2150 5726 pianda.

2285 360 2508 414 vani-stu,
2547 349 2815 420 prarterita
2863 345 3048 410 hnaiv,
3095 343 3249 415 apair,
3298 346 3398 401 ναιυ
3433 359 3478 404 et
3518 351 3746 424 imperativi

2283 445 2451 509 Imriv,
2473 445 2635 512 apeiv,
2667 443 2786 496 vilv.

2362 535 2682 591 «Annotatio
2702 536 2822 589 1.-
2859 533 2970 587 Dev
2989 540 3044 586 ut
3064 548 3095 602 y
3121 541 3359 599 usurpato
3373 537 3745 610 vid.snpra§2‘l.i

2358 626 2418 694 Ξ)
2447 626 2666 680 Ponitur
2690 639 2789 694 pro
2813 638 2988 693 graeco
3017 645 3046 676 υ
3078 632 3193 690 post
3220 624 3435 678 vocalem
3461 644 3472 679 :
3496 630 3748 694 ραυιιιιιιαῦ.

2287 718 2393 782 λος,
2421 733 2533 771 erat:
2555 716 2735 779 Ἦσαῦ,
2759 715 2942 770 daveid
2974 713 3146 790 Δανίδ,
3165 713 3284 768 coll.
3307 715 3480 787 kavtajo
3499 720 3578 772 lat.
3597 726 3750 790 cautio;

2279 807 2575 873 paraskaive
2617 793 2920 880 παρασκευή
2941 846 2956 869 ,
3013 805 3267 874 aivlaugia
3325 808 3537 880 εὐλογία.
3584 812 3750 868 aiuntib:

2277 901 2469 962 Εὐνίκη,
2501 896 2796 950 aivxariatia
2819 897 3150 970 εὐχαριστία,
3183 895 3445 966 aivaggcljo
3465 900 3703 970 ιῦαῃὲλιση.

2355 1004 2375 1037 ι
2391 985 2744 1040 Ληιιοιιιιὶοὲ.
2761 1014 2836 1028 -
2860 985 2913 1038 In
2940 999 3004 1038 eo
3027 999 3150 1037 casu
3183 985 3478 1054 quandoque
3501 993 3750 1056 geminatur:

2277 1077 2419 1130 aivva
2468 1071 2604 1142 Εὗα,
2659 1076 2861 1129 laivueis
2897 1069 3086 1136 Λευίς.
3137 1074 3384 1128 laivveitna
3425 1080 3634 1145 Λευίτης,
3667 1083 3753 1136 coll.

2282 1164 2600 1228 Schneider,
2653 1163 2771 1217 Lat.
2822 1163 3183 1222 Formenlehre
3219 1163 3258 1230 l,
3290 1164 3408 1219 361.
3440 1166 3616 1221 Pariter
3642 1167 3759 1223 Liui-

2280 1256 2391 1326 gild
2422 1257 2474 1311 in
2497 1255 2727 1310 monetis
2757 1254 2984 1322 gotliicis
3006 1254 3314 1323 inscriptum
3345 1255 3464 1322 (vid.
3495 1257 3612 1325 apud
3637 1261 3758 1314 Ascli.

2272 1347 2441 1412 bach,
2474 1347 2676 1416 Westg.
2707 1347 2833 1414 557)
2876 1361 2971 1415 pro
3015 1345 3294 1416 Leovigild,
3340 1346 3541 1417 Livigild
3569 1351 3676 1405 sumi
3699 1366 3765 1418 po-

2283 1439 2403 1493 tuit.
2431 1437 2760 1506 Quandoque
2783 1435 2943 1492 etiam
2973 1437 3390 1504 praetermittitur
3417 1456 3430 1492 :
3456 1439 3604 1492 aiodia
3623 1440 3764 1505 non...

2281 1538 2492 1599 agitatus
2545 1526 2855 1599 Αὔγουστος.
2911 1527 3088 1582 Akt‘ila
3139 1534 3313 1580 autem
3353 1543 3382 1581 c
3419 1543 3577 1598 grue
3616 1529 3768 1591 'Aza'h;

2285 1622 2484 1686 minus,
2524 1636 2681 1690 quam
2719 1636 2751 1676 e
2779 1621 2941 1675 latino
2981 1622 3154 1688 aquila
3185 1631 3354 1676 ortum
3381 1621 3524 1676 duxis
3548 1638 3576 1677 e
3597 1624 3768 1680 videtur.

2287 1709 2437 1763 Alias
2466 1710 2556 1763 lat.
2590 1725 2618 1762 υ
2646 1725 2742 1779 per
2767 1709 2796 1762 ι
2825 1709 3037 1779 gotliice
3063 1711 3380 1766 cascribitur
3400 1711 3452 1781 (§
3479 1711 3560 1777 46,
3585 1713 3676 1782 9).»

2274 1867 2280 1871 _
2358 1798 2414 1870 5)
2444 1799 2484 1853 γ
2517 1815 2579 1855 ex
2626 1817 2660 1853 ιι
2703 1801 2841 1856 inter
2878 1801 3012 1856 duas
3050 1803 3264 1856 vocales
3294 1803 3460 1870 posito
3483 1805 3692 1867 nascitur,
3710 1820 3770 1859 ex.

2266 1906 2371 1962 gr.
2405 1909 2418 1943 :
2451 1893 2583 1945 mani
2606 1907 2636 1946 a
2664 1891 2920 1958 MAUJA,
2941 1892 3057 1946 hami
3083 1908 3111 1946 a
3141 1891 3775 1954 IIAUJA.atravidaaatm-

2282 1985 2400 2053 jan,
2434 1983 2603 2037 tat-ida
2637 1998 2666 2038 a
2698 1985 2898 2055 tuajan,
2929 1984 3056 2036 trina
3084 1997 3114 2036 a
3144 1984 3269 2049 tria,
3291 1983 3434 2036 latina
3459 1999 3486 2037 a
3509 1983 3632 2050 latin,
3655 1984 3737 2055 piri
3754 2000 3772 2041 ι

2293 2074 2437 2146 [)iua.
2469 2076 2612 2128 navis
2639 2089 2668 2128 a
2699 2091 2850 2141 naua,
2871 2077 3045 2129 aunive
3072 2075 3194 2129 loco
3223 2075 3420 2128 auniue.
3438 2073 3548 2130 .Sed
3573 2075 3724 2129 iterum
3740 2076 3777 2130 in

2288 2182 2322 2218 u
2369 2165 2578 2231 transit,
2609 2165 2890 2222 deﬁciente
2935 2165 3106 2222 vocali
3152 2174 3428 2236 sequente,
3454 2174 3508 2220 ut
3549 2165 3594 2220 in
3633 2165 3778 2226 ιιιὶω,

2268 2251 2270 2254 ’
2288 2247 2440 2328 prmt.
2471 2275 2624 2313 simu.
3513 2313 3516 2316 .

2361 2366 2381 2398 ι
2415 2347 2702 2403 Annotatio
2724 2349 2778 2403 5.
2801 2378 2873 2390 -
2893 2347 3066 2404 Simili
3093 2348 3257 2403 modo
3287 2347 3578 2404 edormatur
3597 2347 3780 2416 Mur-ex

2283 2438 2470 2505 βάτον,
2501 2448 2610 2492 tua-
2637 2455 2701 2493 ex
2729 2441 2876 2494 tvis-.
2910 2441 2964 2494 ιιι
2989 2440 3342 2511 apai-sknldra
3363 2455 3393 2494 a
3416 2439 3784 2511 apriran,apair,i

2286 2530 2504 2584 omnino
2535 2531 2770 2586 evanuit.

2369 2639 2387 2671 ι
2427 2624 2717 2677 Aunotatio
2743 2624 2796 2678 4.
2825 2653 2897 2663 -
2935 2623 3052 2678 Non
3076 2623 3282 2695 ubique
3312 2632 3486 2678 tamen
3511 2640 3542 2676 ιι
3565 2623 3679 2677 inter
3696 2620 3786 2676 dunt

2290 2715 2503 2769 vocales
2535 2717 2766 2784 positum
2806 2717 2856 2770 in
2897 2734 2924 2771 ιι
2956 2717 3162 2784 incidit,
3191 2733 3286 2772 ex.
3332 2732 3454 2787 gn:
3485 2719 3600 2782 taui,
3622 2713 3788 2776 unum,

2285 2815 2496 2871 trauan,
2525 2806 2716 2871 bnuan,
2741 2819 2845 2862 etc.
2886 2827 2904 2859 ι

2353 2896 2411 2966 4)
2450 2894 2490 2948 γ
2523 2896 2844 2952 Germanico
2881 2914 2945 2964 w,
2997 2899 3230 2969 Anglico
3260 2915 3289 2952 ιι
3319 2913 3599 2968 congruere
3622 2895 3790 2950 videtur.

2283 2987 2388 3041 Sed
2419 3002 2449 3040 a
2481 3005 2507 3042 v
2544 2988 2849 3044 Latinorum
2882 2991 3099 3046 dill'crre
3128 2991 3340 3057 debuit,
3382 3006 3497 3045 cum
3536 3007 3560 3042 ιι
3587 2991 3664 3042 lat.
3686 2984 3790 3056 per!

2283 3080 2492 3148 gotlrice
2522 3081 2874 3148 cxscrihatur,
2902 3095 2957 3138 ut
2996 3101 3159 3139 sus-ra
3190 3096 3379 3139 annot.
3423 3085 3458 3137 *Ξ
3500 3081 3793 3142 innuimus,“

2285 3170 2400 3224 vice
2437 3186 2588 3226 versa
2623 3165 2772 3242 goth.
2802 3191 2830 3226 υ
2871 3175 2921 3229 in
2963 3177 3144 3232 latinis
3183 3177 3408 3246 scriptis
3438 3191 3527 3245 per
3551 3189 3602 3226 ιιι
3631 3173 3791 3241 (οι-ιτ·

2259 3264 2335 3323 _in
2363 3264 2669 3319 nominibus
2698 3265 3054 3330 VVillienant,
3084 3267 3402 3337 V’Viliaril),
3443 3266 3496 3320 in
3522 3262 3714 3318 monetis
3732 3273 3794 3328 per

2282 3369 2325 3408 w
2355 3353 2618 3424 (Wittiza,
2643 3355 2913 3428 Witliges)
2939 3360 3305 3427 exprimatur.
3329 3359 3582 3413 Cancrum
3609 3371 3659 3408 ex
3677 3351 3792 3404 libra-

2282 3446 2346 3500 rii
2377 3447 2570 3502 menda
2599 3448 2775 3503 vidvor
2811 3451 2929 3504 loco
2974 3452 3142 3518 ﬁdvor
3177 3452 3308 3507 Cor.
3346 3453 3408 3516 ll,
3448 3467 3536 3514 xu,
3567 3451 3598 3504 2
3627 3443 3794 3500 al’llnitat

2285 3535 2582 3592 litterarum
2605 3555 2633 3592 υ
2661 3547 2714 3594 et
2747 3540 2776 3610 Ῑ
2797 3539 3116 3597 difﬁcillime
3151 3542 3581 3598 concluderetur.

2810 3693 2859 3741 2.
2912 3693 2994 3744 DE
3041 3694 3353 3753 LIQUIDIS.

2353 3963 2382 4034 ἕ
2409 3963 2498 4018 56-
2533 3964 2585 4031 Ι)
2616 3965 2658 4018 L
2692 3967 2998 4036 frequenter
3023 3971 3273 4025 occurrit
3303 3978 3416 4024 tum
3450 3967 3590 4023 initio
3613 3974 3702 4019 tum
3721 3972 3797 4012 me-

2277 4053 2366 4108 dio
2387 4063 2440 4109 et
2467 4053 2569 4110 ﬁne
2600 4059 2976 4113 vocabulorum
3010 4078 3022 4113 :

2263 4175 2266 4178 ~
2343 4147 2398 4214 a)
2430 4147 2584 4202 Initio
2612 4167 2624 4201 :
2656 4151 2818 4220 laggs,
2848 4151 3057 4234 Iaisjan,
3094 4153 3242 4218 laus,
3281 4153 3382 4216 lar,
3420 4151 3537 4215 leik,
3565 4150 3702 4219 (igtm,
3726 4140 3796 4193 ίίιο

2273 4235 2406 4309 hab,
2437 4240 2619 4304 Iustus,
2642 4240 2770 4312 lofa,
2803 4251 2906 4296 ctc.
2929 4260 2942 4304 ;

2343 4329 2397 4396 b)
2425 4330 2596 4386 Medio
2637 4348 2652 4387 :
2695 4331 2858 4404 Italja,
2898 4333 3055 4400 Iiaila,
3095 4334 3276 4402 sauia,
3333 4335 3457 4401 sets,
3490 4330 3639 4395 weila,
3671 4321 3795 4391 didii.

2267 4418 2468 4486 jiulcia,
2496 4421 2628 4488 fula,
2657 4421 2834 4485 holon,
2868 4435 3008 4488 etc.;

2266 4527 2269 4530 ·
2347 4507 2396 4577 c)
2421 4508 2548 4564 Fine
2573 4528 2589 4564 :
2621 4510 2752 4577 akal,
2775 4510 2902 4579 dail,
2928 4514 3043 4575 mel,
3070 4515 3152 4577 tit,
3175 4523 3287 4568 etc.

2345 4598 2404 4670 2)
2425 4598 2746 4654 Constanter
2769 4603 3054 4669 respondet
3079 4619 3270 4672 grn-co
3294 4604 3323 4657 λ
3349 4604 3501 4671 cujus
3524 4595 3797 4668 prolationem

2276 4691 2455 4756 habet,
2495 4706 2581 4746 ex.
2625 4707 2706 4761 gr.
2734 4708 2748 4744 :
2781 4691 3008 4762 lyaanins
3034 4693 3323 4758 Λυσάνιος,
3365 4690 3581 4746 abcileni
3610 4682 3794 4742 ’Δειλιιέι

2274 4783 2604 4838 baiailzaibul
2642 4786 2954 4850 Βεελζεϐούλ,
2995 4787 3200 4856 gabriel
3249 4788 3496 4862 Γαϐριὴλ.
3544 4776 3797 4848 ρυιηάοψιθ

2265 4874 2633 4931 redundanter
2674 4877 2908 4946 ponitur,
2940 4886 2996 4930 ut
3025 4879 3078 4932 in
3113 4879 3488 4932 alabalstraun
3525 4873 3791 4944 ἀὶάϐαστρι,

2266 4967 2420 5022 uauel
2447 4970 2576 5022 Νωὲ.

3021 5077 3111 5147 Μ

2339 5203 2367 5271 §
2398 5204 2486 5257 57.
2523 5203 2575 5271 l)
2604 5202 2656 5256 Il!
2686 5203 2739 5258 in
2765 5203 3005 5272 qualibet
3033 5205 3294 5260 vocabuli
3324 5205 3458 5262 sede
3483 5198 3718 5259 occurrit:

2336 5296 2391 5359 α)
2421 5291 2614 5345 Initio:
2657 5309 2894 5362 manage,
2937 5293 3086 5358 maia,
3135 5297 3436 5366 maurgina,
3484 5308 3630 5365 ωερε,
3667 5284 3798 5346 ηιιὶιει

2265 5385 2422 5450 mina,
2445 5385 2639 5450 mulda,
2668 5394 2828 5451 mota,
2860 5371 3002 5450 etc.;
3153 5457 3158 5460 _

2333 5474 2389 5542 ὁ)
2403 5473 2574 5529 Medio
2600 5492 2612 5526 :
2638 5491 2807 5541 name,
2827 5476 3013 5542 lminis,
3029 5479 3318 5548 g-mmjan,
3332 5468 3796 5540 αηάαιιιιιιιμκεὶιιιιι

2264 5564 2471 5628 liinn'ns,
2498 5566 2680 5636 iumja,
2709 5581 2873 5631 ruma,
2893 5578 3078 5633 atoma,
3111 5576 3264 5636 etc.;

2263 5695 2270 5697 Α
2333 5655 2385 5727 ε)
2413 5656 2718 5730 l-‘ine:qam,
2736 5673 2880 5729 nam,
2895 5659 3216 5731 manageiga,
3238 5663 3375 5732 nim,
3386 5676 3515 5728 sum,
3537 5657 3794 5724 cinnamu-
