4014 6172
310 435 369 509 3)
395 435 619 492 Ponitur
664 449 762 505 pro
803 449 978 507 graeco
1023 459 1082 510 μ,
1123 439 1207 494 cui
1257 441 1554 509 prolatione
1597 446 1815 499 omnino

243 528 548 598 respondet,
589 543 678 582 ex.
718 543 798 598 gr.
833 546 845 580 :
877 545 1040 584 muses
1072 541 1276 598 Μωσῆς,
1320 534 1643 603 hymainaius
1673 539 1816 606 Ὑμέ-

243 643 397 682 satae,
425 636 579 673 unum
611 619 804 691 Ναούμ.
832 620 1159 692 Quandoque
1179 624 1337 678 etiam
1366 625 1418 678 in
1454 625 1557 681 line
1586 629 1820 683 vocabu-

243 713 412 767 lorum
461 710 822 765 redundanter
858 711 1022 780 jacet,
1067 728 1151 769 ex.
1184 731 1266 785 gr.
1311 732 1326 769 :
1379 717 1595 770 marium
1637 723 1808 794 Μαρία

241 803 343 860 nisi
374 801 579 857 Gothus
605 805 812 882 Μαριάμ
839 803 890 857 in
918 817 1017 859 suo
1045 805 1230 862 codice
1259 808 1490 878 legerit),
1547 811 1674 864 coll.
1703 811 1816 865 bai-

243 896 363 949 tiam
399 895 526 950 Cur.
571 895 637 961 ll,
679 910 750 960 vt,
793 894 881 963 15,
905 910 1024 951 cum
1054 896 1274 954 Grzccus
1310 902 1500 964 Βελίαλ,
1527 904 1701 978 Βελίαρ
1734 904 1816 960 vel

241 985 410 1040 Βιλίαν
435 984 614 1040 habet.

1007 1116 1075 1186 Ν

316 1244 461 1312 558.
495 1244 549 1311 l)
586 1242 635 1296 N
683 1243 898 1299 easdem
937 1246 1092 1302 sedes
1132 1258 1186 1302 at
1206 1264 1289 1317 lue
1323 1266 1372 1302 m
1420 1265 1685 1320 occupare
1719 1267 1819 1324 po-

235 1342 377 1398 test;
411 1335 506 1388 sed
537 1336 865 1404 frequentius
894 1343 1163 1393 occurr’t:

311 1423 368 1492 α)
396 1423 551 1478 Initio
573 1441 587 1478 :
611 1425 834 1496 naqaps,
856 1428 1092 1494 naiteius,
1106 1427 1266 1493 uault,
1285 1446 1444 1497 ncwa,
1460 1432 1608 1504 acip,
1621 1434 1817 1501 niman,

235 1517 384 1577 nimi,
419 1527 561 1580 nuta,
591 1528 732 1584 nota,
753 1531 895 1583 e:c.;

313 1606 366 1673 ι)
396 1606 570 1661 Medio
609 1624 623 1659 :
664 1609 980 1676 vaniuassus,
1019 1612 1246 1683 sainjan,
1285 1618 1606 1684 uasatmeins,
1643 1634 1813 1687 mena,

235 1696 448 1762 bima,
476 1700 587 1764 ina,
610 1714 762 1762 rima,
791 1711 894 1755 etc.
917 1718 932 1765 ;

314 1793 362 1855 c)
391 1787 521 1842 Fine
545 1805 558 1841 :
587 1805 726 1855 man,
746 1791 974 1860 gamain,
997 1791 1268 1859 (cumaea,
1288 1796 1418 1864 sein,
1454 1799 1648 1866 tta-min,
1679 1802 1816 1870 sitm,

236 1878 486 1941 ainshun,
518 1878 627 1947 fon,
652 1889 759 1934 etc.

273 1981 276 1983 λ
321 1983 339 2015 ι
379 1965 686 2021 Annotatio.
715 1999 788 2011 —
821 1967 957 2023 Ante
977 1973 1270 2040 gutturales
1291 1994 1322 2044 g
1345 1975 1397 2030 in
1439 1977 1614 2033 locum
1639 1988 1730 2036 τοῦ
1759 1998 1815 2049 tt,

237 2072 396 2112 more
424 2074 619 2126 gmco,
642 2059 884 2114 subditur
906 2063 1038 2131 (vid.
1066 2063 1093 2133 ᾗ
1125 2066 1217 2130 40,
1245 2065 1357 2135 5).»

311 2146 373 2215 2)
410 2146 464 2201 N
497 2163 672 2217 graeco
703 2171 730 2203 ν
755 2151 972 2204 omnino
1014 2155 1320 2224 respondet,
1349 2171 1434 2211 ex.
1479 2174 1560 2229 gr.
1587 2176 1602 2214 :
1631 2165 1822 2234 naggai

233 2243 458 2312 Ναγγαί,
484 2243 722 2296 ananeitrs
745 2242 988 2308 Ἀνανίας,
1018 2245 1216 2300 altaran
1241 2247 1457 2322 ’Λαρὼνο
1493 2251 1822 2324 Quandoque

232 2327 404 2382 etiam
449 2345 477 2383 a
521 2339 670 2401 terga
715 2332 957 2387 vocabuli
1017 2335 1375 2393 redundanter
1401 2340 1636 2408 additur,
1664 2353 1722 2400 ut
1763 2344 1814 2400 in

233 2421 386 2474 uerita
409 2425 552 2496 Νηρὶ,
576 2422 815 2476 mailkein
836 2426 1017 2495 Μελχὶ.

311 2512 368 2581 '5)
407 2512 459 2566 Ν
500 2514 656 2568 simul
701 2525 753 2569 et
797 2516 913 2584 ejus
961 2518 1302 2588 subrogatum
1355 2538 1407 2592 g,
1441 2530 1565 2578 ante
1596 2524 1816 2581 labiales

231 2603 404 2657 etiam
444 2621 493 2657 ιη
533 2606 784 2675 evadens,
824 2608 888 2661 ad
934 2607 1325 2675 prodttcendam
1377 2613 1590 2668 brevem
1627 2617 1817 2670 radicis

229 2696 505 2765 syllabam
552 2699 870 2769 quzndoque
922 2701 1306 2771 intromittitur,
1362 2707 1440 2762 sic
1492 2708 1544 2761 in
1593 2711 1815 2764 stnndan

229 2787 552 2859 prthtop,
567 2788 800 2862 [)agkjatt
819 2801 968 2859 praet.
982 2792 1173 2863 pahta,
1190 2795 1428 2868 [Jugkjan
1455 2809 1606 2867 pra-t.
1619 2799 1810 2871 [iu/tta,

228 2877 455 2946 briggan
497 2888 647 2947 pra-t.
683 2881 884 2936 bra/ua.
930 2883 1057 2938 Vice
1102 2901 1256 2941 versa
1300 2889 1618 2960 quandoque
1655 2892 1816 2947 etiam

228 2965 443 3031 delicit,
491 2967 580 3022 ubi
618 2971 820 3026 vocalis
863 2973 1173 3041 przecedens
1213 2977 1328 3032 sive
1370 2994 1465 3048 per
1503 2981 1817 3048 positionem

227 3058 398 3128 longa
423 3069 524 3125 est,
556 3062 670 3116 sive
692 3061 920 3118 insuam
945 3065 1154 3136 longam
1182 3070 1592 3138 respondentem
1611 3073 1816 3140 incidit,

227 3155 298 3200 ut
329 3147 385 3200 in
411 3147 757 3206 kustanteinus
778 3151 1176 3224 Constantinus,
1207 3159 1410 3214 seiteius
1439 3160 1558 3215 loco
1581 3163 1817 3233 sinicius,

225 3247 300 3291 ιιι
327 3237 530 3293 dobnan
562 3241 679 3297 loco
705 3243 989 3300 dumbmm.

1003 3376 1077 3445 R

316 3494 452 3565 539.
486 3495 508 3550 l
538 3499 554 3562 )
596 3496 639 3549 Η
665 3497 824 3552 etiam
857 3500 1161 3567 l're'luenter
1189 3501 1241 3556 in
1279 3502 1529 3558 omnibus
1577 3502 1821 3558 vocabuli
1913 3543 1916 3546 .

226 3585 462 3640 sedibus
489 3588 720 3642 occurrit
755 3605 769 3640 :

311 3675 370 3745 α)
393 3676 545 3730 Initio
574 3693 590 3732 :
619 3677 797 3748 rapjo,
822 3680 1003 3746 railtts,
1030 3681 1212 3749 rauds,
1231 3683 1413 3749 redan,
1442 3685 1633 3748 rcisan,
1651 3685 1818 3751 rimis,

226 3767 402 3832 riurs,
435 3783 593 3830 ruma,
625 3769 832 3836 rodjan,
863 3779 971 3824 etc.
1587 3843 1596 3848 _

315 3859 369 3928 ὁ)
401 3858 570 3912 Medio
596 3876 612 3914 :
645 3861 816 3930 fama,
850 3863 1052 3928 vairilo,
1079 3864 1263 3926 dauro,
1293 3880 1492 3930 sveran,
1518 3869 1669 3930 reiro,
1696 3865 1820 3932 Itiri,

226 3951 424 4014 riurei,
451 3951 624 4014 skura,
656 3953 904 4018 harinan,
937 3964 1050 4008 etc.
1077 3969 1092 4018 ;

312 4039 366 4110 ι)
399 4040 565 4094 Fine:
597 4041 706 4106 bar,
741 4043 869 4111 vair,
902 4043 1052 4111 daur,
1082 4043 1233 4111 sket'r,
1260 4043 1412 4106 stiur,
1438 4047 1542 4114 for,
1572 4055 1676 4099 etc.

321 4148 342 4182 ι
367 4133 654 4186 Annotatio
679 4131 732 4187 l.
778 4162 855 4176 —
906 4133 1022 4187 Jam
1051 4148 1210 4203 supra
1264 4135 1500 4189 diximus
1531 4135 1584 4206 (§
1617 4135 1704 4201 32,
1735 4135 1816 4205 5),

232 4221 390 4292 quod
417 4240 444 4275 ι’
471 4225 633 4278 antei
662 4234 716 4278 et
740 4241 773 4277 ιι
801 4226 981 4280 brevia
1014 4226 1246 4295 positum
1277 4241 1370 4280 eas
1411 4226 1578 4294 frangi
1605 4228 1812 4292 jubet.»

310 4315 374 4380 2)
398 4313 452 4368 lu
488 4315 757 4369 vocabulis
805 4317 1098 4384 peregrinis
1130 4330 1307 4384 graeco
1329 4338 1357 4393 ρ
1387 4315 1694 4384 respondet,
1726 4330 1819 4369 cu-

226 4405 329 4474 jus
363 4404 717 4473 prolationem
742 4405 991 4460 habuisse
1016 4406 1245 4470 videtur,
1277 4421 1366 4459 ex.
1405 4421 1486 4474 gr.
1515 4422 1529 4459 :
1560 4405 1820 4458 raibaikica

227 4496 495 4558 Ῥεϐέκκα,
523 4495 726 4548 markus
770 4499 991 4571 Μάρκος,
1029 4494 1364 4548 aauraubabil
1394 4497 1705 4569 Ζοροϐάϐελ,
1733 4497 1814 4548 ai-

225 4585 478 4638 leiaisair
505 4585 740 4661 Ἐλιέζερ.
783 4586 837 4640 In
865 4585 1263 4640 artarksairksus
1292 4585 1686 4654 (Artaxerxes)
1731 4601 1820 4642 re-

226 4673 550 4730 dundanter
576 4676 912 4744 interjectum
941 4685 1044 4740 est,
1088 4674 1139 4729 itt
1170 4674 1454 4729 airmodam
1484 4673 1817 4746 (Ἐλμωδάμ)

227 4779 342 4834 pro
369 4765 398 4818 λ
423 4765 692 4819 immerito
713 4764 1017 4820 adhibetur.

313 4854 383 4923 5)
415 4854 582 4922 llujus
623 4855 815 4909 litterae
839 4857 928 4925 (r)
959 4862 1149 4908 natura
1174 4851 1432 4919 vocalica,
1455 4867 1574 4922 quae
1615 4853 1669 4906 in
1700 4851 1820 4906 aliis

223 4941 486 5009 ejusdem
525 4943 709 5011 stirpis
734 4942 1094 5009 sermonibus,
1125 4942 1177 4995 in
1203 4939 1472 4995 sanskrito
1501 4939 1820 5009 praesertim,

229 5032 528 5100 perspicua
573 5040 687 5096 est,
720 5030 772 5084 in
819 5031 1031 5099 gathico
1077 5029 1310 5084 nondum
1349 5038 1431 5084 est
1478 5043 1583 5083 non
1627 5043 1823 5098 agnos-

223 5119 437 5175 cenda.
483 5119 638 5175 Unde
687 5119 786 5184 lit,
834 5129 889 5173 ut
924 5117 1277 5188 quorumdam
1325 5117 1600 5172 nominum
1655 5117 1826 5172 decli-

227 5215 417 5277 natio,
454 5229 638 5269 eorum
671 5214 878 5268 scilicet
915 5228 1036 5282 qua:
1079 5210 1354 5265 afﬁnitatis
1384 5209 1696 5264 relationem
1727 5223 1827 5265 ex-

227 5303 506 5373 primunt,
532 5312 590 5357 ut
625 5303 847 5374 bropar,
872 5303 1114 5367 dauhtar,
1137 5299 1479 5355 declinationi
1503 5309 1816 5355 caterorutn

231 5398 626 5454 vocabuloinm
654 5397 898 5465 apprime
928 5393 1239 5448 conveniat.
1271 5391 1348 5446 lta
1376 5405 1507 5446 sane
1542 5405 1632 5447 res
1667 5392 1822 5446 inno-

226 5489 402 5545 tescit
427 5500 492 5541 ex
523 5485 767 5555 sequenti
794 5484 1082 5541 collatione
1113 5482 1393 5551 utriusque
1421 5480 1824 5545 declinationis,

221 5573 448 5630 monito
501 5573 665 5642 quod,
712 5572 778 5626 ad
824 5572 1093 5626 vitandam
1133 5583 1349 5642 omnem
1395 5568 1815 5639 ambiguitatem,

185 5687 198 5692 -
226 5661 299 5720 Β
323 5637 629 5752 vocale;pcr
649 5664 707 5725 r,
741 5660 782 5714 ιι
812 5660 1147 5717 debilitatum
1187 5674 1284 5730 per
1310 5637 1362 5724 ἴ,
1387 5658 1433 5713 ﬂ
1462 5637 1675 5728 longum
1701 5637 1818 5714 tan-

222 5756 380 5814 dein
409 5747 546 5821 peri-
575 5748 874 5820 siguiticare
917 5763 1191 5806 necessum
1232 5747 1561 5805 duxerimus.

1565 331 1652 386 ns
1692 321 2140 391 PROLATIONE.

3381 347 3485 403 θπι

2065 450 2354 507 ῡεεὶίητιιίο
2385 453 2633 509 thematis
2670 454 2915 513 BROPR
2945 458 3083 513 sicut
3108 459 3349 515 VAIRA.

2192 541 2431 595 Prazsens
2461 541 2726 600 formatio.
2823 545 3066 602 Vocalica
3095 548 3398 604 declinatio.

1917 628 2065 698 Sing.
2129 644 2274 684 nom.
2380 631 2578 703 bropar

2795 635 2961 707 bropr
3060 639 3189 694 sicut
3233 640 3340 693 ttat'r

2130 734 2242 774 acc.
2375 721 2574 792 brofmr
2799 725 2886 778 bro
2889 725 2933 797 Ῑ)
3093 757 3162 767 —
3233 733 3341 782 vair

2128 809 2240 862 dat.
2326 835 2328 837 >
2379 811 2543 881 ὺνορν
2795 813 2959 884 brabit
3091 844 3160 857 —-
3233 819 3373 873 vaira

2130 915 2251 970 gen.
2384 902 2572 972 broIm
2798 889 2987 975 lit-01W:
3089 937 3159 949 —-
3232 911 3385 962 vairfs

1923 990 1940 1041 l
1965 989 2065 1044 lur.
2136 1007 2280 1046 nom.
2385 993 2631 1064 broprjus
2792 982 2982 1068 (inpiis
3086 1028 3155 1039 —
3225 1000 3392 1053 vairos

2132 1097 2244 1136 acc.
2380 1085 2643 1154 bropruns
2794 1087 3018 1156 limbi-ns
3087 1118 3159 1130 —
3229 1093 3430 1144 mirans

2137 1173 2248 1228 dat.
2383 1175 2634 1245 broprum
2794 1177 3006 1248 brupim
3087 1208 3159 1220 —
3228 1182 3422 1234 miram

2129 1277 2253 1330 gen.
2382 1264 2577 1335 bropre
2794 1267 2990 1337 bropre
3091 1299 3161 1310 —
3230 1272 3366 1324 uafre

1997 1353 2078 1406 Ad
2122 1355 2513 1423 agnoscendam
2544 1357 2834 1426 perfectam
2868 1361 3140 1431 atriusque
3168 1362 3486 1418 declinatio-

1918 1445 2001 1498 nis
2031 1445 2347 1514 analogiam,
2377 1449 2821 1506 considerandum
2845 1461 2965 1509 est:

1989 1532 2050 1603 ιι)
2080 1535 2117 1585 Α
2153 1536 2202 1587 in
2238 1550 2382 1590 nom.
2415 1546 2468 1590 et
2497 1552 2610 1592 acc.
2641 1539 2779 1608 sing.
2812 1538 3085 1612 (bropar)
3109 1544 3346 1599 vocalem
3369 1558 3489 1600 esse

1918 1622 2288 1691 euphonicam,
2319 1625 2438 1680 ideo
2467 1627 2570 1681 huc
2595 1627 2928 1695 advocatam,
2968 1633 3092 1702 quia
3127 1632 3168 1694 ιξ
3197 1635 3380 1690 vocale
3402 1639 3419 1705 (
3445 1633 3487 1688 R

1915 1717 2227 1770 eousonanti
2255 1731 2388 1771 sono
2413 1719 2735 1789 congruens)
2763 1720 2982 1787 deﬁcit;

1991 1806 2042 1872 ὁ)
2077 1807 2154 1862 Ex
2179 1807 2542 1862 declinatione
2595 1810 2816 1878 pluralis
2869 1811 3222 1878 innotescere,
3251 1816 3389 1884 quod
3443 1815 3484 1870 Β

1918 1898 2102 1951 vocale
2133 1898 2182 1951 in
2215 1906 2340 1951 tono
2365 1913 2484 1972 cum
2513 1916 2544 1952 ιι
2573 1909 2957 1955 commutatum
2991 1901 3169 1970 fuerit,
3206 1902 3348 1957 unde
3389 1918 3484 1972 pro

1917 1991 1944 2042 ὅν
1969 2005 2181 2059 semper
2225 2005 2309 2053 ru,
2339 2006 2438 2059 pro
2459 1969 2491 2042 ἲ
2511 1994 2596 2062 rju
2640 1992 2792 2061 (loco
2841 1995 2922 2046 riu
2958 1994 2985 2062 §
3015 1994 3103 2060 51,
3131 1969 3197 2063 3)
3236 1969 3488 2050 adhibue—

1922 2091 2064 2134 runt.
2099 2081 2155 2134 ln
2181 2096 2303 2151 gen.
2339 2082 2476 2151 sing.
2509 2091 2709 2147 autem,
2735 2081 2824 2137 ubi
2865 2083 3064 2151 pariter
3103 2098 3405 2139 consonans
3439 2083 3482 2138 Β

1920 2170 2108 2225 vocale
2136 2174 2396 2240 sequ‘tur,
2425 2172 2525 2224 hoc
2551 2171 2799 2238 equidem
2831 2173 2884 2225 in
2917 2188 2951 2225 ιι
2990 2187 3095 2226 non
3129 2173 3333 2240 incidit,
3363 2174 3488 2244 quia

1920 2261 1984 2316 in-
2002 2262 2331 2316 declinandis
2352 2262 2472 2315 aliis
2505 2262 2778 2317 vocabulis
2818 2263 2908 2316 ille
2931 2277 3086 2317 casus
3112 2265 3350 2319 vocalem
3396 2266 3487 2320 de-

1899 2352 2114 2410 bilitari
2141 2353 2312 2421 jubet,
2341 2353 2434 2408 sed
2467 2354 2657 2420 saltem
2692 2355 2886 2410 vocalis
2916 2356 3133 2409 omnino
3160 2355 3363 2411 deficit.

1997 2461 2016 2493 ι
2049 2443 2398 2498 Annotati02.
2430 2475 2503 2486 —
2531 2443 2740 2498 Naturae
2767 2445 3014 2499 vocalica:
3033 2453 3125 2500 τοῦ
3144 2461 3170 2498 r
3200 2447 3299 2502 boc
3328 2447 3488 2502 etiam

1922 2534 2313 2588 attribuendutn
2336 2542 2436 2593 est,
2455 2534 2595 2604 quod
2616 2535 2729 2588 haec
2749 2548 3054 2590 consonans
3081 2536 3362 2605 plerasque
3383 2552 3488 2591 cte-

1921 2634 2152 2680 terarum
2207 2627 2610 2680 consonantium
2659 2627 2757 2679 sibi
2813 2627 2966 2680 initio
3019 2629 3258 2696 praeponi
3317 2628 3480 2694 sinat,

1889 2785 1893 2790 .
1921 2715 2126 2768 scilicet
2161 2729 2211 2776 v,
2236 2731 2287 2783 g,
2321 2712 2376 2777 It,
2399 2713 2447 2776 k,
2481 2731 2534 2783 ιι,
2567 2715 2668 2782 (:r),
2700 2714 2750 2778 ὁ,
2784 2715 2824 2782 Ῑ,
2849 2733 2903 2784 ρ,
2927 2716 2982 2779 εἰ,
3005 2715 3077 2786 ﬁ,
3109 2725 3150 2776 ι.
3175 2724 3228 2770 et
3255 2716 3489 2784 duplices

1920 2812 2272 2857 consonantes
2301 2801 2377 2869 εις,
2410 2819 2468 2870 sp
2491 2812 2544 2857 et
2568 2813 2632 2863 st,
2639 2803 2666 2871 j
2693 2805 3058 2860 tantummodo
3085 2813 3136 2860 ct
3158 2821 3220 2873 w,
3249 2804 3488 2875 linguali~

1925 2892 2026 2948 bus
2055 2903 2107 2948 et
2136 2893 2475 2948 sibilantibus
2500 2893 2756 2962 exceptis.
2785 2914 2802 2946 ι

2490 3008 2536 3055 5.
2584 3004 2664 3054 DE
2711 3004 2920 3054 MU'HS.

2444 3100 2511 3143 DE
2565 3103 2976 3144 GUTTUR.\LIBUS.

2683 3196 2753 3264 G

1997 3289 2024 3361 5
2053 3289 2144 3346 40.
2167 3291 2227 3360 l)
2261 3289 2304 3344 G
2337 3289 2510 3356 initio,
2550 3289 2726 3345 medio
2753 3300 2805 3345 et
2834 3291 2938 3345 fine
2976 3291 3352 3346 vocabulorum
3397 3305 3494 3347 nec

1926 3395 2032 3435 non
2055 3380 2205 3435 initio
2234 3391 2357 3436 ante
2383 3384 2474 3435 [et
2497 3399 2523 3435 r
2552 3383 2674 3452 poni
2709 3392 2883 3452 poteSI
2913 3400 2924 3434 :

1996 3471 2049 3540 a)
2077 3470 2269 3526 Initio:
2309 3471 2531 3543 gabeigs,
2579 3474 2840 3544 gairnjan,
2880 3489 3053 3543 gaurs,
3109 3473 3242 3542 gebi,
3288 3474 3489 3544 geigan,

1923 3562 2095 3632 gilfta,
2121 3564 2319 3633 gintan,
2351 3563 2488 3634 gap,
2519 3565 2673 3635 gods,
2702 3564 3030 3634 glitmunjan,
3059 3572 3257 3633 gratari,
3281 3575 3428 3627 etc.;

1995 3653 2048 3723 b)
2074 3652 2241 3707 Medio
2271 3671 2286 3706 :
2317 3670 2525 3723 magan,
2573 3653 2768 3722 Iaigou,
2802 3671 2957 3725 attgo,
3001 3671 3158 3723 megs,
3188 3653 3406 3724 steigau,
3432 3655 3490 3708 li.

1924 3760 2043 3815 qan,
2079 3745 2272 3814 (iugari,
2296 3744 2506 3814 bugjan,
2539 3762 2694 3815 ogtm,
2719 3753 2860 3810 etc.;

1994 3836 2042 3901 c)
2078 3835 2206 3891 Fine
2230 3854 2242 3890 :
2268 3853 2408 3906 mag,
2435 3838 2576 3907 daig,
2600 3837 2753 3907 bang,
2783 3852 2894 3908 veg,
2917 3836 3066 3908 διεὶς,
3099 3847 3202 3892 etc.

1995 3929 2051 3998 ‘2)
2073 3929 2261 3984 Grazco
2301 3953 2333 4003 γ
2373 3929 2684 3998 regulariter
2712 3929 2979 3996 congruit,
3013 3944 3100 3983 ex.
3129 3945 3212 3998 gr.
3248 3947 3260 3982 :
3293 3928 3500 3986 Gabriel

1927 4019 2162 4096 Γαϐριὴλ,
2205 4019 2509 4090 ραυιααιιρα
2556 4020 2793 4091 Γολγοθᾶ,
2834 4034 2961 4088 agar
2984 4017 3170 4092 Ἅγαρ,
3201 4019 3500 4090 magdalene

1924 4107 2244 4181 Μαγδαληνή,
2277 4109 2437 4176 asgad
2459 4108 2667 4180 ’Δσγάδ,
2699 4109 2922 4178 fyqailus
2946 4109 3210 4180 sava)“,
3241 4128 3492 4184 synagoga

1926 4205 2217 4270 συναγωγή,
2247 4200 2404 4270 falaig
2446 4201 2603 4272 «aq
2639 4199 2741 4270 (sic
2770 4199 2950 4254 Ultilas
2999 4199 3128 4255 Luc.
3164 4203 3326 4269 ttt,35
3369 4217 3492 4257 cum

1929 4291 2167 4356 pluribus
2197 4292 2473 4347 codicibus
2493 4292 2612 4347 loco
2640 4293 2794 4348 Φάλεκ
2822 4292 2992 4361 legit).

1995 4381 2051 4449 3)
2075 4381 2129 4435 In
2162 4383 2266 4436 line
2295 4383 2513 4452 syllabas
2543 4382 2848 4450 frequenter
2877 4383 2929 4436 in
2956 4382 2988 4434 Ιι
3019 4383 3225 4448 transit,
3259 4383 3338 4438 sic
3366 4386 3487 4439 vain

1925 4486 1955 4524 a
1979 4473 2176 4543 veigan,
2208 4471 2379 4525 malua
2400 4486 2430 4525 a
2471 4487 2678 4543 magan,
2720 4470 2954 4525 bauhtaa
2987 4472 3200 4542 bugjan,
3235 4473 3414 4527 brahia
3464 4490 3496 4530 a

1927 4559 2138 4634 briggan
2159 4602 2176 4628 ,
2220 4562 2362 4615 aihta
2399 4577 2430 4616 a
2466 4562 2637 4631 aigan,
2683 4562 2832 4631 galtts
2859 4576 2887 4615 a
2919 4579 3136 4632 gaggan.
3171 4562 3496 4632 Quandoque

1928 4657 2086 4710 etiam
2129 4670 2249 4710 cum
2276 4654 2308 4706 Ιι
2334 4663 2713 4718 commutatur,
2747 4662 2804 4707 ut
2840 4654 2890 4707 in
2923 4652 3138 4723 aigands
3175 4664 3230 4708 et
3279 4655 3497 4709 aihmds

1925 4745 2048 4800 Cor.
2082 4746 2146 4810 ll,
2181 4761 2232 4801 νι
2257 4787 2272 4810 ,
2316 4745 2384 4802 10
2406 4785 2421 4810 ,
2469 4752 2640 4816 agam
2668 4754 2728 4800 et
2771 4745 2943 4799 cilium
2986 4745 3142 4800 Joan.
3177 4761 3288 4814 xIx,
3320 4747 3376 4812 7,
3409 4749 3496 4802 ailt

1925 4845 1981 4891 et
2003 4839 2087 4906 aig
2111 4837 2236 4892 Cor.
2266 4837 2306 4902 Ι,
2339 4852 2432 4900 vn,
2461 4838 2554 4898 l3;
2584 4837 2668 4891 vel
2703 4851 2767 4891 ex
2799 4835 2832 4887 Ιι
2861 4837 3052 4901 oritur,
3076 4845 3135 4890 ut
3164 4837 3214 4890 in
3245 4837 3437 4908 fulgit“
3464 4855 3497 4894 a

1927 4929 2110 4998 ﬁlium.
2136 4926 2178 4983 G
2204 4930 2364 4983 etiam
2395 4928 2427 4982 k
2450 4927 2630 4984 evadit
2653 4927 2705 4982 in
2732 4926 2886 4998 gadik
2909 4942 2936 4980 a
2959 4927 3165 4999 deigrm.

2002 5021 2059 5089 4)
2085 5019 2267 5088 Quoad
2316 5019 2688 5086 prolationem,
2716 5035 2748 5088 g
2778 5017 3070 5072 Gothorum
3109 5016 3249 5070 idem
3276 5029 3498 5072 sonasse

1930 5110 2140 5166 videtur
2184 5123 2342 5181 atque
2365 5127 2397 5181 g
2417 5111 2824 5171 Germanorum,
2868 5108 2920 5163 id
2950 5115 3032 5162 est
3057 5119 3111 5160 ut
3136 5105 3169 5160 Ιε
3199 5106 3316 5161 lene
3345 5106 3499 5162 initio

1929 5201 2170 5272 syllabae,
2217 5202 2268 5254 in
2299 5203 2404 5255 line
2428 5210 2606 5254 autem
2646 5210 2705 5256 ut
2742 5199 2938 5266 aliquid
2970 5196 3259 5266 gutturale,
3287 5210 3494 5266 germa~

1931 5293 2052 5347 nico
2094 5290 2155 5342 rh
2199 5291 2326 5344 satis
2356 5290 2549 5353 simile,
2581 5289 2705 5344 coll.
2739 5286 2764 5356 §
2795 5287 2882 5352 54,
2929 5286 2982 5341 5.

1974 5382 2056 5450 sb)
2082 5381 2348 5450 Sequente
2371 5381 2473 5434 alia
2497 5379 2769 5449 gutturali,
2798 5392 2989 5432 sonum
3019 5378 3274 5444 nasalem,
3295 5385 3348 5430 ut
3371 5390 3498 5444 gra-

1927 5487 2048 5528 cum
2073 5495 2105 5544 7
2134 5479 2430 5541 comparat,
2478 5486 2564 5525 ex.
2610 5485 2694 5540 gr.
2727 5486 2740 5522 :
2769 5470 2979 5541 aggeltts
3027 5468 3236 5542 inde;
3261 5509 3276 5534 ,
3309 5483 3496 5538 naggat

1926 5565 2148 5635 Ναγγαί,
2199 5567 2406 5616 necnon
2449 5571 2504 5616 et
2553 5563 2604 5615 itt
2641 5559 2870 5630 gntbicis
2918 5559 3190 5616 vocabulis
3242 5559 3492 5628 briggan,

1923 5656 2154 5725 siggvan,
2182 5651 2436 5723 pagkian,
2462 5653 2614 5721 igqis,
2641 5661 2745 5707 etc.
2777 5651 3134 5720 Sequentibus
3159 5649 3190 5702 k
3221 5651 3299 5705 vel
3333 5665 3364 5719 q
3393 5647 3497 5704 tre-

1924 5753 2150 5817 quenter
2176 5740 2496 5814 geminatur,
2520 5753 2578 5797 ut
2606 5742 2658 5798 in
2680 5741 2952 5815 driggkan,
2976 5741 3270 5815 paggkiau,
3287 5740 3492 5815 uggkis,
