4080 6196
329 309 430 366 911

334 429 572 491 Ὑψαῖος,
623 420 844 490 tykeikus
897 424 1152 493 Τυχικὸς,
1183 424 1374 493 gafatia
1417 428 1658 488 Γαλατία,
1711 426 1903 477 ἰῑιιναὶίι

337 510 612 586 Ἰτουραῖοι,
645 510 932 565 kananeites
954 511 1259 578 Κὰνανίτης,
1302 512 1465 580 kreta,
1510 513 1705 588 Κρήτη,
1739 513 1916 582 laiktjo

340 598 532 666 lectio,
592 602 752 672 lystra
804 604 1052 678 Λύστρα,
1106 603 1312 674 ηιαῲαι
1369 606 1604 668 Ματθάτ,
1635 603 1917 676 uiattapius

337 695 649 753 Ματταθίας.

410 784 469 853 3)
499 784 660 838 Prud
685 792 739 837 et
763 783 808 853 Ι)
837 783 1142 850 adhibetur,
1172 787 1416 854 sequenti
1468 799 1612 840 muta
1658 787 1742 840 vel
1785 787 1915 840 sibi-

341 879 495 944 lanti,
545 893 738 947 nempe
796 879 848 932 in
898 882 1169 947 praeterito
1229 880 1599 935 anomalorum
1636 881 1919 935 verborum

340 968 502 1036 aihta,
555 968 747 1034 malua,
778 969 921 1034 alita,
968 968 1172 1035 brahta,
1229 970 1418 1042 palata,
1474 969 1667 1042 pultm,
1711 971 1921 1030 bauhta.

340 1060 575 1132 paurfte,
594 1068 758 1114 masta
784 1061 901 1114 loco
915 1061 1382 1128 aih-da,mah-da,
1406 1069 1510 1116 etc.
1532 1077 1548 1126 ;
1569 1061 1619 1114 in
1647 1061 1919 1116 formatio.

342 1154 502 1208 nibus
529 1152 905 1206 vocabulorum
939 1152 1138 1222 liliftus.
1187 1152 1408 1222 puhtus,
1449 1152 1625 1206 kustus
1654 1167 1774 1207 cum
1803 1167 1920 1205 vra-

343 1242 513 1308 todus,
533 1242 826 1312 auhjodus,‘
847 1241 1004 1306 ailus,
1027 1241 1370 1308 andabauhts,
1385 1243 1524 1313 gifts,
1541 1243 1772 1297 usdrusts
1796 1255 1918 1296 cum

340 1330 627 1402 gabaurps,
648 1330 927 1402 gaqumps,
943 1338 1049 1384 etc.
1067 1328 1196 1384 Cum
1224 1330 1481 1402 gaqumps
1508 1330 1559 1400 (a
1584 1331 1774 1401 qiman)
1796 1331 1923 1386 sub-

343 1421 512 1491 repsit
563 1421 872 1474 andanumts
907 1421 959 1490 (a
987 1418 1206 1492 niman),
1247 1419 1401 1490 cujus
1442 1419 1563 1476 loco
1590 1420 1922 1493 audanumps

340 1518 690 1580 spectaretur.

414 1599 472 1671 Δ)
502 1601 575 1656 De
593 1600 752 1670 hujus
778 1600 969 1656 littera:
987 1600 1212 1656 transitu
1235 1600 1288 1656 in
1318 1599 1600 1658 sibilantes
1624 1617 1649 1656 s
1677 1610 1732 1658 et
1758 1618 1787 1654 ι
1811 1601 1917 1658 vid.

346 1689 408 1761 ἐξ
438 1691 528 1757 52,
558 1689 624 1756 ις
657 1691 746 1756 55,
771 1689 828 1744 4.

815 1789 866 1838 ι.
911 1786 992 1838 DE
1031 1787 1488 1840 SlBlLANTIBUS.

1106 1887 1161 1960 S

419 1995 450 2066 ς
481 1995 570 2052 52.
601 1997 656 2068 1)
685 1996 724 2052 S
757 1997 1027 2066 praecipue
1067 1998 1302 2065 initians,
1345 1996 1584 2052 omnium
1625 2009 1924 2051 consonan-

347 2088 480 2141 tium
510 2097 592 2142 est
617 2085 1067 2157 frequentissima.
1100 2086 1254 2142 Initio
1283 2085 1667 2142 vocabulorum
1697 2084 1924 2140 libenter

347 2177 687 2248 conjungitur
716 2192 836 2231 cum
868 2176 919 2243 k,
950 2176 1030 2244 kr,
1057 2178 1096 2242 ι,
1123 2194 1194 2243 m,
1221 2194 1276 2247 η,
1305 2194 1446 2248 p,pr,
1477 2187 1517 2242 t,
1549 2186 1617 2242 tr,
1645 2185 1700 2230 et
1726 2193 1753 2230 υ
1786 2193 1800 2229 :

423 2271 475 2339 a)
507 2269 660 2324 lnitio
683 2285 698 2322 :
723 2286 886 2333 sama,
910 2271 1038 2336 sair,
1067 2271 1225 2334 sauil,
1254 2271 1374 2336 sets,
1396 2270 1551 2335 scim,
1579 2270 1746 2334 sibtm,
1771 2268 1936 2336 siuks,

345 2377 527 2428 sanus,
575 2359 779 2431 sokjan,
820 2359 1053 2430 skaidan,
1122 2361 1365 2429 skreilan,
1427 2360 1632 2426 slahan,
1675 2361 1927 2432 smairlir,

346 2453 544 2521 morio,
579 2451 790 2518 spillon,
821 2461 1052 2520 sprauto,
1077 2461 1157 2504 sta
1162 2451 1252 2523 ps,
1275 2454 1532 2523 straujan,
1556 2467 1724 2516 svers;

417 2540 472 2608 ὁ)
496 2541 664 2594 Medio
696 2557 710 2592 :
742 2542 940 2611 vasjan,
991 2543 1219 2607 taisetns,
1251 2543 1490 2610 hausjon,
1542 2557 1699 2598 mesa.
1733 2541 1923 2605 vaison,

347 2631 508 2695 visan,
541 2630 773 2692 driusan,
805 2629 1074 2700 pissundi;

418 2720 467 2789 ο)
501 2720 630 2774 Fine
661 2737 674 2772 :
702 2722 835 2786 litos,
862 2722 1055 2785 urrais,
1083 2737 1227 2786 rans,
1252 2737 1381 2786 sues,
1415 2721 1538 2785 teis,
1565 2721 1660 2786 vis,
1686 2719 1800 2782 lius,
1826 2721 1923 2773 tos.

422 2812 479 2880 2)
509 2811 612 2866 Pro
643 2827 819 2882 graeco
844 2833 871 2874 ς
897 2813 1209 2882 regulariter
1264 2812 1498 2878 ponitur,
1544 2826 1633 2866 ex.
1684 2825 1766 2881 gr.
1797 2825 1813 2866 :
1844 2826 1928 2863 sa-

348 2917 512 2955 marta
547 2907 794 2979 Σαμαρία,
824 2903 1056 2973 symaion
1081 2906 1299 2974 Συμιὼν,
1332 2902 1596 2956 saimaiein
1621 2905 1782 2972 Σεμεί,
1827 2900 1925 2953 sei-

344 3009 467 3047 mon
510 2995 702 3065 Σίμων,
732 2995 1038 3048 saulaumon
1065 2995 1288 3067 Σολομῶν
1308 3034 1324 3060 ,
1375 3010 1623 3077 susavma.
1644 2995 1928 3059 Σουσάννα,

346 3085 476 3140 ioses
522 3087 690 3147 Ἰωσῆ.
737 3087 895 3142 iamet
937 3087 1161 3166 Ἰσραήλ,
1209 3086 1376 3139 kaisar
1436 3095 1648 3161 καῖσαρ,
1680 3086 1929 3139 mambres

349 3178 621 3251 Μαμϐρῆς,
652 3176 856 3230 markus
884 3179 1116 3252 Μάρκος.
1143 3177 1338 3248 paitrus
1366 3179 1571 3251 Πέτρος,
1598 3187 1703 3230 etc.
1748 3175 1928 3242 Quan-

346 3266 524 3337 doque
550 3269 708 3323 etiam
732 3283 829 3338 pro
849 3283 1026 3339 graaco
1044 3273 1074 3334 ζ
1107 3286 1123 3325 :
1152 3267 1280 3322 kusa
1299 3273 1487 3333 Χουζᾶ,
1505 3267 1691 3338 asinali
1710 3268 1927 3339 ’Δζμὼθ.

420 3357 478 3428 3)
510 3359 550 3414 S
582 3361 720 3414 inter
741 3359 873 3413 duas
901 3360 1115 3416 vocales
1142 3359 1226 3416 vel
1254 3359 1482 3429 liquidas
1518 3359 1749 3429 positum
1793 3359 1847 3414 in
1900 3375 1930 3411 ι

349 3450 558 3514 transit,
583 3457 638 3504 et
657 3449 899 3519 equidem
931 3468 946 3506 :

415 3543 470 3608 a)
502 3540 558 3594 In
587 3540 1067 3611 compOsitionibus
1100 3559 1114 3594 :
1140 3558 1271 3595 uzon
1296 3542 1367 3598 ab
1414 3557 1656 3608 its-anan,
1686 3549 1829 3593 πικρία
1858 3539 1926 3593 ab

347 3636 580 3700 iis-itan;
606 3635 905 3704 praesertim
933 3644 1058 3688 ante
1085 3634 1328 3689 enclLtica
1353 3651 1407 3701 u,
1437 3635 1507 3686 ult
1536 3645 1587 3688 et
1607 3635 1650 3686 ei
1687 3647 1704 3686 :
1747 3633 1925 3686 vileizu

345 3724 479 3780 Luc.
510 3741 582 3790 ix,
613 3725 706 3791 51,
737 3742 838 3779 uzu
865 3724 982 3781 Gal.
1014 3741 1090 3789 ιιι,
1121 3726 1178 3790 2,
1211 3727 1267 3789 5,
1292 3725 1428 3778 uzuh
1460 3724 1587 3779 Luc.
1636 3740 1708 3790 vt,
1756 3724 1828 3777 45
1874 3733 1929 3778 et

345 3816 766 3886 semilixa/illc.
799 3833 905 3881 xw,
924 3819 978 3882 8,
999 3819 1194 3884 wazuh,
1227 3816 1650 3880 wanzult,wizuh,
1681 3830 1726 3868 w
1759 3813 1928 3886 rjizuh

343 3908 594 3970 audizuli,
621 3907 821 3973 veizuh,
845 3907 1015 3974 juzuh
1045 3907 1170 3960 Cor.
1204 3905 1246 3968 Ι,
1279 3921 1352 3970 tv,
1383 3905 1449 3960 10
1469 3904 1658 3974 piyth,
1692 3903 1928 3974 banzuh,

350 3997 551 4049 nmizult
569 3997 687 4051 Gal.
712 4013 785 4064 Iv,
814 3999 868 4062 9,
893 3999 1210 4068 ﬁlippauzuh
1233 3997 1360 4050 Luc.
1383 4011 1462 4060 ιιι,
1487 3997 1510 4050 1
1532 4011 1548 4061 ;
1567 3994 1728 4066 pisci,
1755 3993 1930 4064 posci,

345 4083 559 4155 panzei,
581 4087 699 4152 iaci,
718 4086 896 4157 [)uzei,
908 4088 1281 4157 juzci,tzvizei;
1303 4085 1665 4154 irregulariler
1680 4086 1838 4138 etiam
1869 4085 1922 4138 in

345 4173 623 4244 bijundzuh
639 4177 860 4231 Philem.
874 4174 963 4238 22,
978 4192 1007 4228 e
1023 4177 1290 4230 contrario
1303 4189 1409 4228 non
1425 4175 1477 4228 in
1494 4173 1652 4228 result
1668 4173 1795 4227 Mih.
1813 4189 1922 4240 vm,

344 4264 648 4336 50etsmp.,
664 4265 939 4320 stttttansuh
955 4266 1056 4320 Mc.
1074 4281 1164 4336 λιι,
1184 4267 1236 4330 5,
1252 4264 1630 4336 bidjandansuh
1643 4263 1769 4318 Mlh.
1784 4280 1856 4329 vi,
1872 4265 1920 4317 7.

415 4355 469 4425 ὁ)
511 4355 566 4409 ln
598 4356 913 4411 ﬂexioiiibus
941 4373 954 4409 :
996 4357 1166 4409 quiza
1194 4356 1322 4410 Luc.
1349 4369 1429 4420 ιιι,
1459 4353 1489 4407 7
1519 4367 1549 4407 a
1574 4351 1726 4419 natis,
1766 4354 1928 4423 riqiza

345 4445 477 4500 Luc.
505 4461 544 4510 ι,
579 4446 666 4510 ἳ9,
691 4445 865 4516 riqizis
892 4445 1046 4499 Rom.
1081 4460 1196 4509 xm,
1220 4445 1286 4498 l2
1309 4459 1338 4497 a
1367 4445 1510 4513 riqis,
1538 4460 1669 4496 anza
1692 4443 1820 4497 Luc.
1849 4459 1922 4510 vi,

343 4534 521 4598 “,42
542 4537 608 4588 ab
635 4551 748 4603 ans,
772 4535 970 4587 haizam
999 4533 1154 4588 Joan.
1183 4548 1335 4598 xvnt,
1362 4533 1396 4586 5
1423 4547 1452 4585 a
1482 4533 1635 4586 hais?
1662 4542 1716 4586 et
1745 4534 1796 4586 in
1826 4547 1918 4586 no-

345 4626 579 4680 minibus
604 4626 829 4694 propriis
855 4627 1098 4679 bauausis
1125 4639 1153 4677 a
1187 4624 1399 4687 bauuus,
1428 4625 1681 4678 iaissaizis
1705 4625 1772 4679 ab
1795 4625 1919 4677 iais-

346 4716 472 4780 sais,
502 4716 680 4768 iorezt's
705 4716 773 4768 ab
794 4718 950 4779 ioses,
981 4715 1195 4768 mosezis
1222 4729 1252 4766 a
1283 4730 1444 4767 moses
1467 4730 1487 4778 ;
1519 4729 1626 4768 non
1653 4723 1830 4767 autem
1861 4713 1916 4768 in

345 4805 492 4874 agisa
523 4803 650 4859 Luc.
686 4820 743 4874 ιι,
773 4805 807 4860 9
835 4805 902 4860 ab
939 4805 1070 4875 agis,
1111 4805 1284 4858 rimisa
1331 4802 1522 4858 Thess.
1567 4803 1632 4870 11,
1676 4819 1754 4869 ιιι,
1795 4804 1862 4858 l2
1889 4819 1920 4858 a

346 4896 510 4949 rimis.

417 4983 472 5055 ο)
520 4985 575 5038 ln
621 4984 1080 5040 formationibus:
1120 4984 1327 5039 hatizon
1375 4999 1402 5036 a
1458 4984 1609 5050 natis,
1657 4985 1916 5054 riqizeins,

352 5076 565 5147 riqizjan
593 5090 622 5129 a
648 5077 790 5145 riqis,
817 5078 1056 5130 minan
1084 5091 1115 5130 a
1143 5076 1294 5143 mins,
1323 5076 1487 5129 maiza
1513 5090 1543 5129 a
1571 5075 1718 5128 mais.

429 5166 750 5220 «Annotatio
783 5166 987 5220 l.—De
1010 5165 1178 5235 ipsius
1190 5164 1453 5234 frequenti
1481 5167 1774 5220 mutatione
1799 5179 1920 5221 cum

353 5272 382 5310 ι
407 5256 514 5311 vid.
549 5255 577 5327 ς
605 5255 694 5321 55,
723 5257 777 5311 δ.
816 5275 836 5309 ι

421 5347 477 5419 4)
509 5349 584 5403 Ex
610 5349 665 5413 ά,
694 5347 762 5419 Ι),
792 5357 811 5402 t
841 5349 1096 5413 nascitur,
1127 5355 1184 5402 et
1205 5346 1451 5416 equidem
1485 5363 1499 5399 :

422 5440 475 5509 α)
503 5439 560 5494 lu
591 5440 930 5509 ﬂexionibus,
959 5453 1082 5494 cum
1104 5437 1312 5493 scilicet
1348 5437 1452 5492 alia
1477 5437 1704 5493 dentalia
1729 5435 1921 5493 imme-

356 5529 493 5585 diate
517 5533 758 5602 sequitur
787 5551 800 5586 :

421 5623 508 5693 aa)
540 5623 595 5676 In
629 5622 666 5676 2
704 5637 928 5693 persona
965 5623 1106 5694 sing.
1147 5630 1299 5693 pret.
1331 5622 1616 5678 verborum
1657 5621 1872 5676 fortium
1905 5637 1918 5675 :

357 5715 599 5770 anabaust
628 5714 756 5771 Luc.
787 5730 893 5783 xiv,
937 5714 1009 5768 22
1042 5715 1162 5771 loco
1196 5714 1454 5769 anabastdt
1480 5730 1512 5769 a
1555 5713 1766 5777 biudan,
1810 5721 1922 5781 qau

1675 312 1760 368 DE
1798 310 2245 368 PROLATIONE.

3487 312 3592 366 912

2023 425 2122 477 Mc.
2160 438 2250 488 xu,
2278 420 2347 475 '52
2377 423 2491 477 loco
2518 422 2650 492 uol):
2679 438 2705 475 a
2737 425 2787 493 qi
2791 424 2926 493 pan,
2955 431 3091 478 uarst
3115 423 3269 489 Joan,
3291 439 3364 490 is,
3389 425 3457 479 54
3477 425 3596 480 loco

2020 512 2176 582 uarpt
2206 530 2233 564 a
2265 512 2512 584 uairpan,
2542 513 2709 565 bilaist
2733 515 2863 568 Mth.
2895 531 3064 580 xxvii,
3093 515 3162 570 46
3196 516 3316 570 loco
3344 516 3534 586 bilaipt
3563 531 3592 571 a

2022 601 2279 670 bileipau,
2315 603 2532 672 ufsiaist
2572 603 2700 656 Luc.
2761 618 2849 667 xv,
2886 604 2955 658 ’ὅθ
2994 604 3112 658 loco
3149 605 3390 676 ttfsnaipt
3416 606 3484 660 ab
3509 606 3596 675 υί-

2023 689 2268 760 εηείῥαη,
2287 701 2477 761 gastost
2498 692 2650 744 ltutn.
2676 693 2820 756 1i,20
2849 694 2966 746 loco
2987 693 3197 763 gastopt
3218 710 3247 747 a
3271 695 3590 764 gasrandan,

2019 778 2240 833 Itaihaist
2267 781 2406 835 Tim.
2433 783 2471 847 Ι,
2505 797 2578 847 vi,
2619 785 2676 834 l2
2699 784 2815 836 loco
2844 783 3060 836 Izailtaitt
3089 799 3118 837 a
3137 784 3334 840 Imitari.

2096 889 2114 922 ι
2136 875 2423 926 Annotatio
2441 874 2864 928 2.-—Evidr‘nter
2891 875 3193 930 redundans
3232 887 3315 931 est
3340 876 3395 930 in
3415 879 3598 931 saisost

2021 962 2150 1017 Luc.
2187 979 2297 1028 six,
2323 964 2388 1018 2i
2425 965 2542 1019 luco
2561 967 2722 1018 saisot
2749 982 2777 1018 a
2808 967 2986 1029 saian;
3035 967 3119 1021 hic
3151 967 3326 1022 forsan
3354 971 3596 1039 analogia

2022 1061 2112 1110 τοῦ
2139 1065 2329 1125 gastost
2361 1055 2592 1119 inﬂuxit;
2620 1057 2814 1123 aliquid
2856 1058 3032 1112 simile
3059 1060 3221 1112 etiam
3250 1060 3519 1115 invenitur
3543 1063 3596 1115 in

2024 1143 2340 1198 formatione
2365 1153 2458 1200 τοῦ
2497 1147 2727 1200 blostreis
2765 1162 2794 1199 a
2825 1148 3019 1214 blotan,
3049 1148 3148 1204 nisi
3188 1150 3358 1205 forma
3390 1152 3600 1206 blosreis

2025 1234 2291 1303 ρτίιυὶιίνει
2319 1235 2410 1299 sit,
2453 1237 2504 1288 in
2541 1252 2641 1303 qua
2678 1245 2697 1288 t
2724 1236 3076 1303 euphonicum
3107 1237 3172 1292 ad
3206 1239 3413 1295 litteras
3438 1258 3462 1293 s
3491 1250 3545 1296 et
3572 1258 3600 1294 r

1991 1329 1994 1334 ’
2026 1325 2234 1380 facitius
2257 1328 2652 1382 connectendas
2679 1328 2776 1382 fuit
2805 1328 3098 1383 inductum.
3139 1347 3158 1380 ι

2099 1418 2186 1488 ba)
2221 1420 2276 1474 In
2308 1418 2578 1488 praeterito
2622 1420 2905 1474 verborum
2957 1419 3326 1490 irregularium
3403 1431 3601 1488 motan,

2027 1511 2310 1582 kuupatjan
2345 1520 2398 1566 et
2434 1512 2592 1577 vitari,
2632 1527 2750 1581 qum
2788 1511 3037 1580 praeteriti
3071 1513 3499 1568 terminationem
3531 1513 3600 1567 da

2028 1604 2094 1657 ad
2118 1603 2352 1658 radicem
2379 1603 2684 1658 immediate
2703 1604 2865 1672 figunt
2889 1605 2968 1673 (ut
2984 1603 3168 1656 skulda
3192 1619 3220 1657 a
3241 1603 3444 1672 skufan,
3461 1604 3604 1659 uilda

2027 1710 2058 1750 a
2090 1696 2273 1765 riljan,
2302 1697 2493 1750 munda
2523 1712 2551 1750 a
2572 1695 2806 1765 miman).
2842 1696 2936 1750 Hic
2962 1696 3107 1750 enim
3133 1697 3190 1752 τὸ
3213 1696 3247 1748 d
3277 1696 3604 1752 terminatio-

2029 1787 2111 1840 nis
2138 1797 2396 1854 pronlert
2433 1788 2744 1854 praecedens
2773 1786 2824 1839 in
2863 1788 3107 1842 ttransit
3147 1787 3294 1858 (coll.
3322 1785 3358 1857 ‘§
3389 1786 3480 1852 5|,
3521 1786 3600 1857 5),

2026 1885 2079 1930 et
2099 1877 2290 1930 deinde
2316 1877 2461 1945 prius
2483 1887 2499 1930 t
2523 1877 2572 1930 in
2595 1893 2619 1930 s
2645 1877 2850 1940 incidit,
2870 1890 2936 1932 eo
2958 1879 3150 1930 modo:
3176 1877 3403 1944 mat-da,
3421 1886 3600 1944 malta,

2025 1977 2220 2034 masta;
2246 1967 2558 2039 kaupat-da,
2589 1968 2849 2036 kaupatta,
2877 1967 3147 2038 kaupasta.
3183 1968 3236 2022 In
3266 1970 3404 2023 vitan
3432 1977 3604 2024 muta-

2021 2058 2095 2112 tio
2121 2058 2342 2113 ulterius
2366 2057 2697 2125 extendiaur,
2721 2074 2841 2112 cum
2867 2068 2920 2111 et
2953 2058 3212 2126 poszerius
3235 2066 3254 2110 t
3280 2057 3605 2128 praecedenti

2018 2164 2043 2203 s
2065 2148 2391 2203 assimiletur
2421 2164 2436 2202 :
2472 2149 2660 2216 vit-da,
2691 2148 2834 2214 uitta,
2863 2149 3012 2215 vista,
3042 2148 3196 2202 vissa.

2105 2241 2157 2311 ὁ)
2181 2242 2236 2296 ln
2259 2240 2684 2307 formationibus,
2711 2255 2830 2295 cum
2859 2240 3126 2309 praecipue
3151 2241 3443 2296 vcrbalium
3479 2243 3605 2298 sub-

2031 2335 2382 2388 stantivorum
2426 2333 2692 2387 dentalem
2731 2341 2785 2387 et
2823 2332 2992 2386 altera
3031 2331 3259 2387 dentalis
3287 2343 3345 2386 ut
3373 2334 3606 2390 elemen~

2033 2433 2143 2477 tum
2168 2423 2499 2478 formationis
2523 2423 2764 2476 vocabuli
2792 2423 3049 2492 sequitur,
3082 2438 3186 2492 quo
3218 2425 3268 2477 in
3295 2435 3604 2492 casn,utra-

2030 2529 2134 2583 que
2162 2532 2186 2567 s
2207 2513 2508 2569 evadit.Sic
2529 2527 2589 2568 se
2617 2513 2812 2566 habent
2839 2513 2998 2581 igitur
3016 2523 3148 2566 stass
3172 2528 3200 2565 a
3227 2516 3444 2568 standan
3466 2517 3604 2584 (rad.

2033 2605 2262 2676 ΞΤΑρ),
2294 2607 2396 2674 qiss
2427 2620 2454 2656 a
2481 2605 2668 2675 qipan,
2698 2605 2795 2656 viss
2829 2618 2857 2655 a
2893 2604 3068 2669 t'idan,
3102 2617 3318 2672 prorsus
3347 2618 3403 2659 ut
3430 2606 3606 2676 hunps

2031 2708 2062 2748 a
2091 2693 2321 2758 kunnan,
2343 2709 2460 2761 qum
2462 2693 2532 2764 [is
2553 2708 2582 2746 a
2605 2693 2798 2762 qiman,
2818 2693 2951 2746 ailtts
2971 2693 3041 2746 ab
3055 2694 3226 2762 aigan,
3244 2695 3367 2764 gifts
3381 2710 3408 2747 a
3428 2697 3604 2765 giban,

2031 2795 2137 2840 etc.
2156 2801 2171 2851 ;
2191 2786 2337 2841 υἱεδεὶ
2373 2794 2550 2839 autem
2572 2798 2602 2838 a
2623 2785 2759 2839 vitan
2789 2798 3004 2852 prorsus
3027 2793 3083 2838 ut
3101 2784 3322 2855 baurpei
3346 2799 3375 2839 a
3403 2787 3604 2852 bairan,

2031 2877 2154 2931 dum
2183 2874 2405 2947 stuppa,
2429 2875 2623 2946 qipps,
2651 2874 2831 2945 vidps,
2862 2875 3024 2945 vitpei
3054 2886 3110 2928 ut
3141 2875 3405 2943 primitiva
3436 2876 3604 2940 forma

2032 2967 2322 3036 spectanda
2353 2976 2457 3034 est,
2487 2981 2551 3020 ex
2582 2980 2708 3034 qua,
2736 2965 2942 3019 duabus
2969 2965 3268 3020 dentalibus
3301 2967 3354 3021 in
3381 2968 3606 3023 sibilan-

2035 3057 2176 3110 tibus
2198 3053 2535 3110 commutatis
2568 3062 2622 3108 et
2649 3071 2674 3108 s
2704 3053 3090 3108 terminationis
3119 3055 3336 3121 reiecto,
3370 3071 3606 3125 praesens

2033 3147 2211 3202 forma
2251 3146 2476 3201 deducta
2506 3154 2608 3200 est.
2638 3143 2820 3199 Latior
2843 3145 3018 3200 adhuc
3046 3145 3275 3200 dentalis
3303 3147 3354 3199 in
3383 3147 3606 3203 sibilan-

2038 3247 2143 3292 tem
2169 3244 2294 3292 ante
2316 3252 2349 3289 n
2384 3234 2730 3290 commutatio
2757 3235 2917 3288 datur
2943 3235 2995 3288 in
3027 3234 3322 3291 formandis
3349 3236 3606 3291 anabusns

2033 3329 2102 3382 ah
2139 3328 2456 3392 anabiudan,
2501 3327 2728 3380 usbeisns
2766 3326 2834 3380 ab
2876 3326 3138 3380 usbeidan.
3172 3326 3389 3383 Necnon
3415 3329 3606 3384 eodem

2035 3418 2215 3473 forsan
2247 3418 2405 3471 modo
2435 3417 2680 3488 gareltsm
2708 3430 2772 3470 ex
2803 3417 3103 3487 garaihtjan
3133 3426 3310 3472 ortum
3341 3418 3538 3474 duxit?

2099 3509 2155 3579 5)
2209 3508 2392 3576 Quoad
2435 3509 2783 3576 prolationem
2819 3523 2844 3560 s
2885 3516 3098 3560 acutum
3142 3522 3263 3562 esse
3306 3507 3491 3564 debuit
3550 3520 3606 3565 et

2026 3604 2326 3670 oppositum
2363 3606 2437 3674 τῷ
2475 3614 2525 3668 z,
2568 3597 2707 3667 quod
2751 3607 2861 3653 tum
2892 3597 3195 3666 adhibetur,
3231 3614 3352 3655 cum
3383 3600 3606 3658 sibilans

2027 3690 2254 3746 debilius
2283 3689 2606 3758 proferenda
2628 3697 2730 3743 est.

2785 3798 2850 3867 Ζ

2102 3907 2129 3978 §
2171 3908 2259 3963 55.
2309 3907 2364 3978 1)
2401 3906 2444 3961 Ζ
2485 3905 2701 3960 initians
2738 3904 2792 3959 in
2834 3903 2997 3957 nullis
3038 3900 3266 3973 gothicis
3304 3901 3603 3970 vocabulis,

2030 4004 2325 4053 terminans
2351 3996 2562 4052 nonnisi
2597 4009 2742 4060 raro,
2767 4003 2819 4048 et
2849 4001 3056 4047 tantum
3085 4007 3180 4061 pro
3206 4007 3232 4045 s
3268 4001 3601 4070 usurpatum,

2031 4088 2229 4156 sxpius
2257 4101 2385 4140 vero
2412 4085 2651 4139 medians
2677 4083 2914 4138 occurrit
2940 4100 2952 4136 :

2102 4176 2157 4246 a)
2194 4176 2441 4230 lladicale
2470 4175 2521 4229 in
2551 4175 2705 4243 aqizi,
2734 4183 2888 4238 azets,
2917 4173 3122 4244 ltazjan,
3149 4175 3313 4241 rizon,
3336 4183 3473 4241 etc.;

2104 4264 2156 4335 b)
2187 4265 2242 4319 ln
2267 4264 2604 4330 flexionibus,
2621 4263 2828 4318 scilicet
2851 4264 2937 4333 aa)
2963 4263 3015 4317 in
3037 4265 3200 4332 genit.
3220 4265 3603 4333 adjectivorum

2029 4363 2084 4410 et
2124 4354 2518 4424 pronominum,
2559 4361 2618 4406 ut
2652 4354 2933 4424 godaizos,
2975 4355 3204 4424 godaize,
3243 4355 3425 4426 pizos,
3461 4355 3603 4426 pize,

2025 4454 2130 4501 etc.
2158 4462 2173 4510 ;
2207 4443 2292 4514 bb)
2320 4445 2372 4498 in
2397 4445 2433 4497 2
2461 4457 2685 4512 persona
2718 4444 2854 4513 sing.
2889 4459 3030 4512 pass.
3061 4445 3286 4512 Itaitaza,
3319 4445 3570 4517 sokjaza:

2097 4535 2146 4604 ε)
2184 4534 2238 4587 ln
2269 4533 2673 4588 formationibus
2701 4537 3182 4601 comparativorum
3208 4553 3222 4588 :
3253 4536 3438 4603 batiza,
3465 4539 3602 4592 min-

2025 4625 2159 4688 niza,
2177 4623 2376 4693 juhiza,
2401 4621 2766 4693 framaldroza,
2792 4633 2931 4688 etc.;

2095 4716 2152 4783 ά)
2179 4715 2422 4769 Nascitur
2448 4716 2666 4784 insuper
2693 4731 2759 4770 ex
2786 4733 2832 4781 s,
2862 4726 2916 4769 ut
2948 4715 3080 4770 infra
3109 4717 3165 4786 5)
3196 4717 3428 4787 dicetur;

2098 4807 2144 4872 ε)
2180 4804 2308 4858 Fine
2334 4817 2430 4872 pro
2459 4821 2483 4857 s
2505 4819 2524 4858 :
2551 4804 2706 4870 mins,
2728 4805 2889 4873 riqis;
2919 4814 2974 4860 et
2997 4808 3156 4860 etiam
3187 4809 3360 4876 minus,
3387 4812 3471 4864 ais
3504 4825 3602 4881 pro

2027 4897 2199 4960 mims,
2227 4899 2325 4950 ais.

2091 4987 2150 5056 2)
2184 4985 2237 5041 In
2263 4986 2452 5056 graecis
2481 4987 2755 5044 vocabulis
2783 4995 2836 5042 et
2865 4989 3169 5044 nominibus
3197 4993 3426 5060 propriis
3455 4999 3486 5060 ζ
3514 5009 3604 5048 va-

2024 5075 2117 5140 let,
2154 5093 2240 5132 ex.
2263 5093 2344 5145 gr,
2369 5093 2384 5134 :
2406 5077 2726 5130 zaibaidaius
2765 5078 3049 5142 Ζιϐεδαῖος,
3076 5081 3406 5135 zauraubabil
3447 5095 3602 5157 Ζορο-

2029 5169 2206 5232 ϐάϐελ,
2243 5170 2426 5221 srfotes
2463 5170 2708 5232 ζηλωτής,
2749 5169 2996 5222 ιὶιαὶιίεὶα
3041 5170 3268 5234 Ἐζεκία,
3319 5175 3602 5230 aileiaizair

2026 5260 2242 5334 Ἐλιέζερ
2267 5299 2280 5319 .
2328 5259 2647 5311 baiailzeibttl
2683 5259 3004 5323 Βεελζεϐούλ,
3045 5260 3317 5316 kaurazein
3350 5271 3596 5336 Χοραζιν,

2024 5349 2232 5403 lasarus
2263 5350 2513 5421 Λάζαρος,
2553 5363 2764 5416 azymus
2791 5345 3007 5418 aqua...
3046 5352 3303 5422 nazaraib
3343 5357 3601 5427 Ναζαρέθ;

2023 5440 2342 5510 quandoque
2356 5439 2520 5492 etiam
2539 5461 2563 5499 ς
2584 5455 2597 5490 :
2617 5437 2999 5508 praizbytaireis
3021 5442 3605 5516 «praeurspogmizleim

2027 5529 2184 5594 Ἐσλί,
2208 5529 2350 5580 aisor
2374 5529 2592 5601 Ἐσρώρ.

2099 5619 2154 5688 5)
2198 5616 2331 5670 Cum
2361 5634 2386 5671 s
2429 5619 2736 5686 frequenter
2775 5627 3158 5685 commutatur,
3191 5635 3255 5674 ex
3301 5635 3381 5690 gr.
3421 5638 3434 5675 :
3479 5623 3605 5692 riqiz

2031 5711 2160 5766 Mtlt.
2195 5726 2264 5776 vt,
2287 5709 2384 5775 25;
2415 5709 2568 5765 Joan.
2602 5725 2695 5778 In,
2727 5711 2798 5767 35
2823 5729 2836 5779 ;
2865 5712 3002 5782 Eph.
3027 5728 3078 5780 ν,
3104 5713 3136 5769 8
3168 5712 3287 5770 loco
3315 5714 3604 5786 riqis,mins
