4080 6196
534 380 637 438 9H

516 493 667 562 plura
695 497 818 546 sunt
846 485 1123 549 vocabula,
1147 479 1850 549 inanimata,proprietates,
1894 486 2038 531 artes
2066 517 2083 544 ,

515 582 887 636 aﬂectionesve
911 576 1092 641 animi,
1114 584 1246 639 etc.,
1276 570 1653 640 exprimentia,
1675 583 1814 637 qum,
1841 583 1934 635 per
1965 581 2084 635 pcr-

513 672 940 726 sonilicationem
968 665 1213 720 omnibus
1241 660 1432 730 linguis
1457 673 1791 714 communem
1835 657 2080 710 masculi-

513 778 586 820 no
641 763 961 818 l'eminiuove
989 771 1182 828 genere
1211 755 1402 810 donata
1433 759 1577 815 sunt,
1625 759 1683 804 ut
1712 752 1882 818 bagms
1914 763 2078 802 masc.

525 853 706 917 arbor,
729 849 888 922 airpa
910 848 1036 903 lem.
1068 855 1233 911 terra,
1262 845 1408 897 doms
1438 855 1603 896 masc.
1629 839 1908 908 judicium,
1934 853 2082 890 muns

515 956 684 997 masc.
715 940 1000 1006 sententia,
1025 935 1256 1006 gahugds
1297 933 1420 988 l’em.
1464 932 1734 1000 cogitatio,
1792 944 1909 981 vena
1952 929 2079 982 lem.

513 1046 663 1102 spes,
687 1040 792 1086 etc.
819 1027 949 1083 Vice
973 1040 1125 1081 versa
1157 1022 1408 1078 nonnulla
1429 1031 1552 1076 sunt
1580 1019 1861 1084 vocabula,
1899 1032 2085 1086 perso-

512 1136 610 1177 nas
634 1119 1005 1190 signiﬁcantia,
1035 1130 1154 1185 quas
1198 1127 1374 1184 regum
1397 1125 1587 1181 genus,
1626 1109 1676 1163 id
1708 1117 1810 1173 est,
1842 1116 2087 1162 neutrum

514 1228 623 1282 prae
639 1226 698 1266 se
711 1210 904 1272 ferunt,
925 1207 1036 1261 sive
1057 1219 1242 1261 eorum
1265 1216 1432 1272 genus
1458 1199 1789 1253 indeﬁnitum
1805 1210 2082 1252 remanere

513 1281 934 1365 voluerittt,utin
950 1297 1073 1348 bam
1084 1295 1141 1348 τὸ
1153 1281 1365 1352 παιδίόν,
1383 1289 1572 1353 inlans,
1589 1303 1773 1359 gaman
1801 1286 1827 1342 ὁ
1847 1286 2080 1351 πλησὶος,

515 1392 810 1462 proximus,
824 1389 935 1444 sive
949 1400 1042 1455 per
1057 1391 1411 1451 contemptum
1427 1394 1682 1450 personas
1693 1379 1743 1431 in
1761 1391 1936 1431 rerum
1951 1377 2087 1430 clas-

512 1499 627 1540 sem
641 1475 1298 1551 deprimereintenderint,
1332 1471 1454 1527 utin
1478 1470 1623 1541 penis
1657 1477 1832 1523 neutr.
1880 1465 2084 1520 manci-

515 1570 1108 1644 pium,gaskalkineutr.
1122 1579 1430 1620 conservus.
1450 1560 1604 1614 Aliud
1623 1567 1704 1613 est
1737 1571 1903 1628 genus
1939 1569 2086 1609 com-

513 1680 673 1721 mune
686 1679 782 1734 pro
792 1658 1086 1725 vocabulis,
1098 1672 1215 1726 qua:
1225 1655 1455 1709 animata
1470 1651 1742 1721 utriusque
1769 1648 1980 1717 generis
1991 1663 2086 1702 sett

513 1769 678 1812 sexus
689 1753 991 1824 exprimunt
1003 1755 1056 1805 et
1069 1753 1460 1815 consequenter
1471 1750 1530 1798 ut
1540 1740 1827 1796 masculina
1840 1740 1921 1795 vel
1935 1737 2089 1794 femi-

1531 340 1981 423 GRAMMATICA
2021 359 2344 418 GOTlllCE
2389 357 2691 417 LINGUIE.

3653 354 3764 410 9&8

2187 478 2307 530 nina
2321 483 2664 544 usurpantur,
2677 480 2736 526 ut
2749 470 2931 536 asilus,
2942 482 3105 524 masc.
3123 466 3327 534 asinus,
3344 467 3464 523 lem.
3479 467 3647 522 asina.
3663 469 3768 532 Qui

2185 581 2339 622 casus
2355 582 2458 620 non
2473 564 2572 619 nisi
2588 578 2712 618 raro
2726 570 3032 624 occurrunt,
3051 574 3171 614 cum
3183 561 3455 615 ordinario
3470 569 3673 614 mutato
3683 576 3770 630 ge-

2185 673 2312 712 nere
2339 664 2694 712 commutatur
2715 654 2906 717 l'orma,
2943 662 3000 706 ut
3048 652 3318 707 insva'ltra
3368 666 3534 707 masc.
3588 667 3766 714 socer,

2183 748 2531 803 l'em.svaihro
2561 761 2767 809 socrus,
2799 743 2925 814 pius
2955 757 3124 797 masc.
3178 741 3443 807 lamulus,
3494 742 3622 796 rem.
3649 742 3769 812 pici

2185 841 2399 906 famula,
2424 855 2602 912 magus
2631 853 2796 892 masc.
2831 852 2986 906 puer,
3013 835 3139 890 l'em.
3185 835 3319 887 νηαυὶ
3365 836 3505 904 (loco
3555 834 3769 905 magri?

2185 931 2410 987 Grimm.
2461 929 2548 995 lll,
2597 928 2748 996 556)
2794 927 2990 996 puella.
3037 926 3162 980 Haec
3213 925 3422 980 aliunde
3465 925 3634 979 iusius
3673 924 3768 978 ubi

2187 1020 2255 1074 de
2285 1016 2601 1072 formatione
2637 1015 3015 1069 vocabulorum
3048 1013 3104 1085 (ᾗ
3140 1013 3240 1068 142
3267 1014 3409 1083 sqq.)
3430 1013 3764 1068 evolveutur.

2193 1107 2288 1162 llic
2325 1105 2544 1162 relative
2587 1105 2654 1159 ad
2692 1104 3103 1159 declinationem
3149 1103 3329 1158 dicere
3375 1103 3590 1168 suﬁicit,
3620 1103 3766 1170 quod

2187 1208 2433 1254 neutrum
2460 1212 2672 1265 semper
2693 1196 3051 1251 accusativum
3078 1193 3271 1248 formet
3324 1194 3650 1248 nominativo
3691 1195 3768 1246 si-

2187 1291 2388 1354 milem,
2414 1297 2467 1345 et
2489 1288 2798 1344 femininum
2843 1286 3109 1356 pleniores
3160 1285 3373 1340 vocales
3425 1285 3480 1338 in
3533 1283 3767 1339 ﬂexione

2187 1381 2390 1447 diligat.
2418 1379 2475 1434 In
2500 1378 2771 1434 nonnullis
2794 1387 2969 1431 tamen
2998 1377 3272 1431 vocabulis
3301 1390 3412 1430 suae
3435 1375 3629 1442 cuique
3669 1389 3768 1444 ge-

2187 1471 2305 1526 neri
2323 1470 2512 1525 dantur
2541 1470 2765 1524 diverse
2786 1467 3210 1532 terminationes,
3255 1467 3327 1521 ita
3381 1475 3438 1519 ut
3465 1465 3633 1533 magis
3663 1464 3769 1517 mi-

2193 1573 2357 1615 nusve
2385 1559 2453 1614 sit
2476 1559 2767 1629 dijudicatu
2795 1556 3033 1622 difﬁcile,
3052 1557 3318 1626 quodnam
3346 1570 3515 1626 genus
3535 1554 3650 1609 hac
3667 1567 3768 1608 vo-

2193 1647 2380 1705 cabula
2413 1647 2658 1703 habeant.
2685 1645 2800 1702 Jam
2825 1661 2954 1703 vero
2984 1646 3068 1702 lite
3090 1646 3492 1702 terminationes
3519 1655 3640 1700 sunt
3673 1661 3689 1697 τ

1728 1873 1782 1943 Ι)
1805 1871 1871 1927 1η
1892 1872 2228 1927 declinatione
2245 1871 2471 1926 vocalica
2500 1887 2521 1926 :

546 1980 611 2049 α)
647 1978 933 2035 Masculino
977 1992 990 2028 :
1030 1973 1084 2042 α)
1322 1969 1458 2036 sing.
1604 1976 1749 2018 nom.
1885 1979 1937 2015 -s
2168 1976 2290 2026 gen.
2441 1961 2514 2013 -is
2712 1959 2853 2027 plur.
2989 1973 3110 2013 nom
3257 1974 3373 2022 σοι,
3529 1971 3623 2010 eis

760 2096 826 2108 ——
1040 2063 1097 2134 β)
1320 2087 1390 2098 —-
1593 2083 1664 2094 —
1875 2056 1973 2106 -είε

2191 2082 2233 2092 -
2445 2053 2534 2106 ἐἰσ
2719 2080 2789 2092 ·-
2996 2080 3068 2092 -
3275 2054 3376 2121 -Ῑοε

758 2184 827 2198 ..-
973 2179 977 2182 -
1037 2152 1091 2224 γ)
1321 2174 1392 2186 -
1601 2171 1671 2182 —-
1883 2143 1974 2211 -jis

2191 2170 2236 2180 -
2446 2141 2540 2211 -Ῑὶε
2723 2169 2791 2180 -
2999 2169 3071 2182 -
3287 2141 3387 2210 -jos

757 2279 826 2289 _
1034 2244 1086 2313 δ)
1316 2267 1386 2278 -
1597 2262 1668 2276 —-
1879 2249 1966 2286 -us
2158 2260 2228 2273 —
2437 2249 2556 2286 -au'
2713 2259 2784 2272 —
3012 2259 3065 2271 --
3278 2233 3392 2300 -jus

759 2367 828 2379 _
1040 2334 1086 2400 ε)
1313 2358 1383 2369 -
1601 2353 1670 2366 —-
1883 2339 1972 2376 -τεν

2191 2351 2226 2364 -
2451 2339 2520 2378 ονε
2723 2352 2794 2364 —
3003 2349 3062 2363 —-
3281 2324 3414 2393 -rjus

548 2433 604 2502 ὁ)
640 2431 890 2488 Neutra:
1037 2430 1092 2494 α)
1314 2421 1452 2488 sing.
1599 2430 1720 2470 nom
1883 2444 1920 2454 -
2009 2454 2012 2456 η
2165 2429 2287 2483 gen.
2444 2414 2514 2467 -is
2723 2412 2842 2482 plur
3010 2427 3158 2467 nom.
3289 2429 3349 2465 σα

759 2551 828 2560 ..
1041 2516 1098 2584 β)
1319 2535 1391 2549 .-
1600 2534 1670 2544 -
1889 2506 1931 2556 οε

2191 2533 2231 2542 -
2445 2504 2540 2575 -jis
2726 2529 2798 2543 —
3009 2529 3076 2542 —-
3294 2506 3373 2574 .ja

755 2639 829 2670 .-
1035 2607 1089 2675 ν)
1321 2629 1391 2640 -·
1604 2625 1674 2636 ““·
1896 2611 1956 2647 ’⁸⁸

2191 2621 2228 2632 -
2447 2594 2546 2647 ουὶε
2735 2619 2807 2633 -
3019 2620 3089 2632 —
3298 2610 3386 2647 ova

757 2732 828 2742 _
1040 2698 1092 2762 δ)
1318 2720 1388 2733 .-
1601 2718 1670 2728 .-
1894 2703 1955 2738 -ιι

2191 2713 2238 2726 ν-·
2448 2702 2542 2740 -αιι
2727 2712 2798 2725 -
3008 2713 3079 2726 --
3286 2683 3439 2740 deest

547 2794 616 2864 ε)
657 2789 979 2848 Femiuina:
1029 2785 1084 2854 α)
1310 2781 1447 2849 sing.
1593 2790 1735 2831 nom.
1890 2793 1947 2828 -a
2158 2790 2279 2846 gen.
2441 2791 2519 2830 σοι
2725 2775 2842 2842 plur
3005 2776 3176 2843 nom.)
3279 2791 3366 2828 -οε

760 2913 826 2928 ,ι-
1326 2900 1397 2914 --
1605 2899 1677 2909 -
1887 2869 1929 2918 οἱ

2191 2895 2230 2907 -
2439 2869 2545 2938 -jos
2722 2894 2793 2906 —
3005 2893 3076 2904 —
3283 2867 3388 2936 τίω

762 3007 831 3020 __
1039 2973 1096 3044 γ)
1321 2995 1390 3006 -
1602 2992 1673 3004 --
1897 2978 1944 3015 -ε

2191 2989 2233 3000 -
2442 2963 2544 3014 -αῑσ
2729 2989 2797 3000 -
3013 2986 3082 2997 -
3295 2958 3390 3010 «eis

760 3096 830 3108 -—
1037 3058 1091 3126 ὃ)
1327 3083 1398 3095 -
1609 3081 1679 3091 —-
1891 3067 1976 3104 σιω

2191 3077 2238 3090 -
2444 3066 2561 3103 -aus
2728 3079 2799 3093 -—
3014 3075 3086 3091 ——
3294 3049 3396 3112 ~ius

759 3188 831 3200 --
1039 3152 1086 3220 ι’)
1328 3176 1398 3188 —-
1607 3173 1676 3184 --
1885 3159 1971 3195 -ar

2191 3170 2235 3180 -
2445 3159 2526 3197 οη
2728 3172 2798 3184 -—
3003 3173 3073 3186 --
3287 3144 3419 3212 orjus

1113 3273 1118 3278 ι
1676 3235 1734 3306 2)
1758 3233 1822 3289 1η
1849 3234 2184 3289 declinatione
2210 3235 2570 3289 consonantica
2599 3251 2620 3289 :
3048 3299 3050 3301 ,

552 3349 619 3418 α)
657 3343 938 3402 Masculina
979 3361 992 3396 :
1319 3337 1451 3405 sing.
1601 3346 1743 3387 nom.
1881 3347 1938 3382 σα
2160 3341 2284 3398 gen.
2444 3328 2550 3382 -ins
2728 3328 2866 3397 plur.
3012 3343 3157 3386 nom.
3294 3342 3417 3381 oens

550 3439 602 3508 ι)
641 3437 835 3492 Neutra
866 3449 880 3484 :
1316 3455 1384 3467 —
1593 3452 1668 3468 ...
1877 3439 1933 3475 ,ο

2191 3451 2228 3461 -
2442 3421 2543 3473 ’ἕπε
2729 3449 2799 3461 -
3006 3449 3077 3461 -—
3290 3435 3416 3474 oona

552 3529 601 3598 ι)
645 3521 914 3581 Feminina
940 3537 954 3573 :
1323 3541 1391 3555 —-
1605 3543 1673 3554 .-.
1884 3529 1940 3565 -ο

2191 3540 2238 3550 -
2449 3525 2562 3562 -οηε
2736 3539 2806 3550 —
3016 3539 3086 3550 -—
3293 3525 3412 3562 οοηε

728 3641 797 3653 ..
1319 3633 1386 3646 -
1598 3631 1668 3642 --
1879 3601 1950 3654 -ei

2191 3627 2232 3639 -
2442 3598 2574 3652 -εὲησ
2725 3626 2795 3638 -
3005 3627 3075 3638 -—
3287 3597 3426 3651 -eins

591 3753 723 3825 §60.
741 3749 1002 3806 Numerus
1017 3759 1111 3813 pro
1124 3739 1464 3798 substantivis
1475 3737 1665 3806 duplex
1683 3745 1764 3791 est
1780 3752 1794 3789 :
1809 3734 2090 3804 singularis

517 3844 723 3899 scilicet
773 3846 829 3896 et
862 3835 1102 3908 pluralis.
1165 3831 1378 3894 Dualis,
1419 3827 1508 3898 qui
1588 3827 1641 3881 in
1673 3825 1992 3894 pronomine
2035 3832 2090 3879 et

517 3933 684 3989 verbo
713 3929 997 3998 reperitur,
1029 3926 1081 3979 in
1106 3917 1452 3978 substantivis
1476 3930 1735 3984 nusquam
1766 3914 2016 3968 oecurrit.

589 4023 618 4093 §
643 4021 731 4076 61.
760 4019 982 4086 Utrique
1003 4027 1226 4069 numero
1256 4010 1490 4080 quinque
1518 4015 1642 4062 sunt
1662 4021 1808 4058 casus
1855 4019 1873 4056 :
1914 4001 2089 4056 nomi-

520 4113 732 4169 nativus
757 4111 982 4174 scilicet,
1024 4106 1318 4169 vocativus,
1377 4100 1736 4163 accusativus,
1796 4096 2008 4150 dativus
2037 4105 2093 4149 et

518 4202 800 4273 genitivus.
831 4199 1000 4254 Casus
1023 4193 1443 4250 instrumentalis
1489 4191 1541 4244 in
1591 4186 1935 4243 substantivis
1983 4199 2091 4238 non

518 4291 766 4361 equidem
794 4285 1080 4349 invenitur,
1107 4282 1199 4337 sed
1230 4282 1284 4335 in
1312 4278 1630 4350 pronomine
1651 4276 1889 4346 quredam
1937 4273 2094 4342 liquit

518 4381 742 4451 vestigia
769 4379 900 4450 (vid.
927 4376 987 4448 §§
1024 4376 1146 4444 l08,
1178 4372 1324 4444 110).
1365 4369 1515 4438 Quod
1555 4369 1601 4424 si
1643 4369 1857 4434 insuper
1880 4365 2092 4436 gothica

520 4474 758 4540 nomina,
787 4481 846 4527 ut
867 4471 1002 4525 inira
1033 4467 1289 4532 dicemus,
1333 4479 1398 4519 ex
1452 4463 1620 4518 l'orma
1667 4474 1884 4514 casuum
1913 4460 1963 4512 in
2009 4473 2092 4512 va-

519 4567 626 4622 rias
653 4561 1037 4620 declinationes
1055 4558 1385 4620 ordinantur,
1417 4555 1531 4607 haec
1557 4552 1788 4605 varietas
1848 4549 2093 4604 consistit

520 4660 697 4713 minus
719 4657 772 4711 in
802 4653 1094 4709 mutatione
1122 4648 1554 4704 terminationum
1596 4643 1812 4698 omnino
1857 4640 2091 4695 diversa-

519 4762 660 4810 rum,
678 4759 834 4815 quam
857 4744 910 4796 in
930 4740 1184 4795 varietate
1205 4736 1523 4807 syllabarum
1541 4732 1846 4788 radicalium
1873 4731 1955 4785 vel
2000 4730 2094 4784 de-

520 4836 809 4891 rivatarum
843 4831 978 4884 hanc
1035 4825 1442 4897 przecedentium
1469 4835 1522 4877 et
1560 4823 1614 4875 in
1661 4822 1817 4890 hujus
1847 4822 1899 4875 in
1949 4821 2089 4874 illam

520 4923 744 4979 inﬁuxu.
779 4921 912 4975 Hinc
933 4933 999 4974 ex
1024 4915 1370 4984 sequentibus
1392 4913 1531 4966 notis
1574 4910 1920 4980 dignoscendi
1967 4918 2092 4963 sunt

519 5019 575 5072 in
600 5027 796 5084 genere
821 5023 977 5066 casus
1013 5007 1283 5074 utriusque
1310 5001 1516 5058 numeri
1541 5009 1596 5055 et
1623 5001 1676 5053 in
1706 4999 1951 5054 omnibus
1994 4999 2091 5053 de-

519 5103 920 5162 clinationibus.

589 5193 958 5251 Nominativus
979 5187 1293 5244 terminatur
1315 5185 1368 5239 in
1399 5181 1638 5237 vocalem
1669 5181 1753 5236 vel
1774 5179 1825 5234 in
1859 5195 1934 5243 οε,
1959 5192 2090 5233 neu-

519 5297 605 5344 tro
625 5286 787 5342 etiam
809 5283 860 5339 in
882 5282 1017 5336 alias
1044 5286 1402 5334 consonantes
1434 5275 1614 5340 ﬁnito;
1645 5271 1920 5326 vocativus
1947 5271 2084 5338 sing.

519 5376 850 5435 nominativo
873 5371 1144 5436 convenit,
1177 5369 1376 5438 rejecto
1410 5373 1614 5420 tantum
1642 5381 1666 5418 ε
1694 5363 1817 5436 huic
1845 5361 2089 5430 proprio;

521 5468 858 5526 accusativus
879 5463 1020 5534 sing.
1051 5462 1103 5515 iu
1134 5475 1328 5530 genere
1359 5457 1593 5511 radicem
1624 5454 1866 5508 vocabuli
1898 5453 2092 5507 nudam

521 5561 761 5629 praebet;
803 5557 1012 5611 dativus
1038 5552 1176 5620 sing.
1206 5548 1448 5618 primitus
1475 5545 1788 5601 terminatur
1818 5545 1870 5598 in
1901 5561 1932 5596 a
1956 5559 1974 5610 ;
2001 5558 2092 5611 ge-

525 5649 721 5702 nitivus
763 5649 927 5717 sing.,
958 5646 1013 5699 in
1044 5660 1088 5698 ε.
1131 5640 1346 5696 Nccnon
1369 5647 1423 5692 et
1452 5636 1807 5692 nominativus
1835 5644 1889 5689 et
1929 5650 2090 5688 voca-

527 5737 668 5790 tivus
695 5737 833 5805 plur.
863 5749 1030 5797 masc.
1059 5744 1113 5787 et
1143 5731 1270 5786 lem.
1302 5729 1354 5783 in
1381 5746 1426 5796 ε,
1454 5737 1631 5783 neutr.
1647 5727 1701 5782 in
1732 5742 1762 5778 a
1791 5725 2086 5779 terminan-

2199 3743 2318 3797 tur;
2347 3733 2680 3788 accusativus
2723 3731 2861 3800 plur.
2890 3731 2941 3784 in
2972 3748 2997 3784 δ
3018 3729 3101 3784 vel
3129 3745 3208 3794 ns,
3239 3737 3415 3782 neutr.
3444 3729 3496 3782 in
3525 3745 3557 3780 a
3575 3745 3596 3793 ;
3632 3728 3743 3782 dati

2199 3840 2296 3879 vus
2322 3825 2464 3895 plur.
2506 3824 2558 3877 in
2603 3842 2652 3876 m
2675 3840 2696 3889 ;
2737 3822 3002 3892 genitivus
3032 3822 3168 3891 plur.
3209 3822 3260 3874 in
3289 3835 3444 3874 unam
3488 3821 3770 3889 longarum

2194 3916 2454 3971 vocalium
2482 3931 2508 3969 e
2540 3915 2625 3969 vel
2655 3931 2706 3970 ο.
2730 3915 2871 3979 Quas
2895 3927 3082 3968 omnes
3115 3911 3515 3967 terminationes
3537 3925 3767 3980 sequens

2194 4007 2373 4061 tabula
2403 4005 2620 4062 exhibet
2649 4021 2664 4058 :

2583 4092 2713 4161 Sing
3091 4089 3238 4146 Plur.

2372 4183 2527 4240 Nom.
2601 4212 2671 4224 —
2693 4223 2709 4248 ,
2737 4198 2761 4236 ε
3139 4199 3185 4243 ε,
3313 4181 3510 4251 (neutr.
3539 4181 3592 4249 a)

2375 4273 2504 4328 Voc.
2604 4301 2673 4314 —
3144 4286 3191 4336 s,
3317 4271 3514 4341 (neutr.
3533 4271 3589 4338 α)

2373 4365 2502 4420 Acc.
2615 4393 2686 4406 --
3144 4378 3190 4424 s,
3219 4377 3299 4428 ns,
3321 4364 3519 4431 (neutr.
3534 4359 3590 4429 a)

2377 4456 2497 4509 Dat.
2628 4471 2661 4507 α
2687 4454 2782 4526 (ai,
2812 4454 2904 4524 au)
3139 4468 3190 4504 m

2371 4544 2505 4600 Gen.
2624 4561 2648 4599 ο
3140 4559 3187 4605 e,
3219 4557 3270 4596 ο.

2267 4636 2404 4708 §62.
2428 4638 2507 4692 Ad
2533 4638 2705 4691 varias
2726 4633 3114 4691 declinationes
3132 4632 3450 4688 dividendas
3476 4629 3647 4683 thema
3666 4644 3766 4684 seu

2194 4729 2346 4783 radix
2373 4727 2616 4782 vocabuli
2647 4726 2910 4796 imprimis
2938 4734 3023 4794 est
3047 4722 3399 4780 observanda.
3427 4720 3626 4774 Radice
3642 4733 3765 4773 eam

2199 4821 2420 4872 fortnam
2459 4817 2777 4872 substantivi
2821 4816 3183 4885 intelligimus,
3246 4827 3366 4884 que
3405 4813 3528 4865 licet
3566 4826 3662 4878 per
3705 4822 3767 4863 se

2196 4912 2364 4980 ipsam
2394 4912 2590 4964 nullam
2633 4909 2773 4962 forte
2815 4923 3033 4963 casuum
3081 4905 3502 4974 designationem
3546 4901 3765 4962 habeat.

2197 5016 2296 5056 nec
2348 5001 2400 5068 in
2452 5000 2628 5068 lingua
2649 4999 2819 5069 qualis
2847 5006 2961 5064 cst,
2987 4997 3305 5066 generaliter
3329 4993 3542 5054 existat,
3584 4999 3765 5044 tamen

2197 5095 2262 5148 ad
2287 5092 2594 5147 formandos
2622 5106 2797 5154 casus,
2821 5090 2886 5142 ad
2909 5087 3257 5143 cvnlvendam
3279 5082 3691 5139 declinationem
3712 5091 3768 5135 et

2195 5183 2528 5238 formandum
2577 5180 2889 5235 vocabulum
2917 5179 2987 5232 ita
3015 5176 3484 5232 fundamentaliter
3512 5174 3760 5232 inservit,

2193 5289 2253 5332 ut
2279 5293 2385 5331 non
2415 5276 2586 5329 solum
2617 5287 2802 5327 omnes
2843 5272 3132 5327 existentes
3158 5269 3528 5325 declinationis
3556 5268 3764 5331 formae,

2196 5368 2292 5423 sed
2317 5367 2475 5421 etiam
2515 5367 2702 5418 forma:
2735 5379 2802 5418 ex
2833 5362 3186 5417 existentibus
3211 5358 3482 5413 vocabulis
3509 5357 3766 5412 derivata:

2197 5457 2264 5510 ad
2292 5458 2424 5509 lianc
2450 5453 2630 5508 reduci
2661 5452 2882 5521 possint.
2913 5453 3078 5517 Quam
3121 5448 3405 5503 radicalem
3435 5449 3658 5501 lormam
3709 5445 3764 5500 in

2196 5548 2422 5602 decursu
2452 5543 2630 5614 operis
2660 5543 2852 5598 litteris
2880 5540 3173 5596 uncialibus
3203 5540 3522 5593 notavimus.

2267 5635 2295 5704 ς
2325 5634 2414 5688 63.
2445 5630 2741 5686 Declinatio
2769 5630 2822 5685 itt
2850 5628 2984 5684 duas
3008 5637 3184 5697 partes
3209 5626 3486 5691 dividitur,
3513 5643 3648 5696 quas
3669 5641 3762 5680 ve-

2195 5734 2334 5779 teres
2374 5737 2403 5776 a
2433 5721 2652 5779 nomine
2680 5721 2747 5776 ad
2791 5719 3110 5790 adjectivum
3141 5719 3385 5788 proxime
3425 5717 3763 5782 accendenti,
