4014 6172
226 333 314 391 NQ

228 447 540 504 abstractam
571 451 625 497 et
665 451 969 498 concretam
1000 455 1094 496 seu
1119 442 1494 511 emphaticam,
1528 443 1786 497 recentio-

225 553 305 593 res
325 550 453 591 vero
478 536 670 589 fortem
696 543 753 588 et
769 534 999 589 debilem
1023 536 1242 588 formam
1274 543 1661 604 nuncuparunt.
1681 534 1786 588 Sed

225 639 437 695 utraque
465 626 754 694 appellatio
796 625 916 680 ideo
947 627 1077 680 falsa
1107 635 1221 692 est,
1279 627 1421 695 quod
1448 626 1593 695 prior
1621 626 1785 696 signi-

223 719 541 782 ficationem,
580 726 634 772 ct
681 732 786 771 non
818 717 1041 770 formam
1083 727 1306 785 spectet,
1349 728 1404 772 et
1442 717 1654 772 aliunde
1693 733 1790 786 pro

224 809 566 865 substantivis
593 811 702 861 lere
741 822 844 861 non
879 807 1079 873 valeat,
1114 806 1377 875 posterior
1405 821 1533 860 vero
1559 807 1609 858 in
1640 821 1791 859 erro-

226 915 320 957 nea
369 899 801 954 consideratione
849 898 1039 953 forma:
1091 899 1368 966 utriusque
1418 897 1792 952 declinationis

225 993 494 1047 innitatur.
533 989 732 1045 Verum
756 991 898 1043 enim
927 1005 1054 1044 vero
1081 990 1200 1044 dua:
1230 989 1614 1044 declinationes
1645 990 1696 1043 in
1728 1003 1793 1044 ro

226 1085 362 1140 inter
402 1097 462 1136 se
503 1082 852 1151 discrepant,
883 1098 988 1136 non
1023 1084 1164 1151 quod
1190 1082 1380 1137 debilis
1425 1083 1564 1138 dicta
1613 1081 1792 1136 addito

224 1171 619 1227 aceidentaliter
663 1187 698 1224 η
750 1171 1035 1226 formativo
1094 1186 1125 1226 a
1180 1171 1359 1228 fronte
1425 1173 1794 1228 declinationis

223 1264 428 1326 evadat,
475 1263 572 1318 sed
617 1262 759 1333 quod
808 1263 1056 1318 radicalis
1106 1262 1275 1318 forma
1322 1263 1446 1318 hinc
1489 1278 1581 1331 per
1639 1278 1795 1318 voca-

223 1358 366 1424 lem,
411 1355 559 1410 illinc
616 1370 713 1424 per
770 1365 1154 1410 consonantem
1211 1356 1558 1420 terminetur;
1617 1355 1796 1424 itaque

222 1463 340 1514 nos,
371 1448 581 1504 meliori
608 1461 889 1518 speramus
911 1447 1052 1517 jure,
1086 1448 1300 1502 nomine
1329 1447 1568 1502 vocalica:
1591 1456 1644 1501 et
1669 1463 1792 1500 con-

223 1541 499 1595 sonantiae
527 1541 542 1572 ¹
585 1541 943 1595 declinationis
993 1554 1085 1596 eas
1121 1539 1456 1596 donavimus.
1500 1540 1792 1602 Posterior,

221 1631 606 1685 consonantica
655 1630 861 1685 scilicet
893 1669 909 1695 ,
971 1645 1032 1683 ea
1084 1631 1343 1686 vocabula
1388 1630 1794 1699 comprehendit

222 1736 450 1792 quorum
493 1720 662 1776 forma
690 1721 937 1776 radicalis
980 1736 1072 1790 per
1115 1738 1147 1774 ιι
1177 1724 1241 1775 ad
1272 1723 1528 1793 syllabam
1559 1723 1796 1776 formati-

224 1825 347 1864 vam
369 1810 640 1877 pertinens
662 1809 998 1865 concluditur
1021 1811 1169 1882 (coll.
1196 1813 1362 1881 Bopp.
1382 1811 1792 1881 Vergl.Gramm.

223 1899 251 1968 §
291 1899 417 1964 ηδ,
451 1915 505 1968 p.
546 1899 714 1968 H9);
747 1899 862 1954 haec
891 1909 1066 1954 tamen
1099 1900 1273 1955 littera
1313 1900 1378 1955 ad
1423 1901 1794 1955 formationem

223 1989 472 2044 vocabuli
518 2004 624 2044 non
666 1989 734 2043 ad
775 1989 891 2058 ejus
930 1989 1214 2044 flexionem
1264 1988 1522 2058 pertinet;
1554 1988 1640 2043 hic
1667 2001 1796 2042 vero

220 2095 347 2134 cum
375 2079 442 2136 de
480 2079 765 2145 posteriori
796 2088 996 2134 tantum
1025 2079 1286 2149 agendum
1315 2079 1596 2145 habemus,
1637 2091 1796 2132 voca-

219 2170 404 2226 bulum
433 2185 496 2226 ea
518 2170 630 2224 sola
654 2169 821 2224 forma
847 2169 1108 2236 indutum,
1131 2183 1233 2241 qua
1259 2169 1400 2225 notis
1429 2182 1646 2224 casuum
1667 2182 1798 2223 con-

219 2263 476 2330 nectitur,
509 2261 948 2332 spectaridebet.

619 2401 678 2452 A.
699 2399 970 2453 VOCALIA
1005 2398 1398 2453 DECLINATIO.

288 2525 321 2596 ς
350 2525 438 2580 64.
462 2524 705 2578 VocaIica
721 2523 992 2577 declinatio
1008 2522 1062 2576 in
1083 2537 1149 2577 eo
1163 2520 1514 2577 essentialiter
1527 2519 1794 2586 consistit,

215 2615 368 2686 quod
399 2618 565 2670 forma
596 2615 843 2670 radicalis
873 2613 1250 2668 vocabulorum
1278 2612 1342 2667 ad
1367 2613 1505 2666 hanc
1525 2612 1798 2680 pertinen-

219 2707 360 2760 tium
391 2705 446 2759 iu
472 2705 711 2760 vocalem
772 2705 1107 2759 terminatur.
1156 2703 1273 2758 Jam
1304 2717 1432 2756 vero
1459 2702 1512 2754 in
1544 2701 1795 2754 termina-
1840 2773 1845 2778 .

214 2798 374 2852 tione
402 2797 648 2852 radiculis
674 2796 860 2849 forma:
887 2803 920 2848 ti
937 2809 996 2848 es
1022 2802 1223 2846 tantum
1245 2792 1455 2847 vocales
1484 2803 1794 2856 occurrunt,

215 2907 270 2955 ιι,
307 2889 329 2941 ἱ
353 2897 408 2944 et
434 2905 489 2955 ιι,
516 2903 636 2957 qua:
654 2887 868 2957 quidem
909 2886 961 2939 in
990 2885 1343 2940 declinatione
1371 2885 1545 2938 varias
1568 2884 1798 2938 subeunt

212 2978 559 3043 affectiones,
576 2978 693 3032 sive
718 2976 1029 3040 debilitatze,
1048 2977 1161 3029 sive
1192 2975 1612 3043 productae,sire
1635 2975 1794 3029 etiam

219 3071 275 3126 in
314 3071 629 3139 quibusdam
671 3069 882 3123 casibus
912 3069 1128 3122 omnino
1155 3067 1364 3136 rejectae
1389 3083 1403 3120 :
1429 3067 1792 3135 asarpissime,

213 3162 231 3215 i
281 3162 500 3215 nonnisi
544 3175 686 3226 raro,
715 3167 949 3213 uautem
1000 3171 1264 3226 nunquam
1314 3156 1596 3210 omittitur.
1647 3155 1798 3210 Nunc

213 3269 357 3311 vero
398 3255 464 3307 ad
498 3253 803 3307 formandus
831 3267 987 3307 casus
1017 3250 1265 3304 vocalica:
1307 3247 1673 3304 declinationis
1714 3263 1798 3302 se-

213 3354 453 3414 quentes
482 3345 774 3399 inserviant
803 3344 998 3414 regula:
1024 3360 1040 3398 :

293 3440 357 3507 1)
380 3437 746 3492 Nominativus
768 3434 972 3504 sing.in
997 3447 1159 3487 masc.
1187 3441 1240 3487 et
1268 3433 1391 3486 fern.
1419 3431 1483 3485 ad
1517 3431 1799 3486 rachalem

214 3530 458 3586 formam
503 3546 527 3583 ι
571 3528 738 3591 addit,
775 3527 904 3581 dum
951 3526 1171 3591 vocalis,
1204 3525 1250 3578 si
1301 3542 1332 3578 u
1376 3533 1476 3590 est,
1526 3526 1800 3577 immutata

213 3620 546 3685 remanet,si
585 3620 603 3672 i
629 3619 888 3688 rejicitur,
907 3618 950 3672 si
975 3619 1184 3672 tandem
1209 3633 1259 3681 a,
1285 3627 1392 3670 tum
1416 3616 1672 3684 rejicitur,
1691 3624 1801 3668 tum

212 3711 273 3767 in
329 3711 348 3763 i
388 3709 712 3765 debilitatur.
757 3708 1091 3762 Femininum
1120 3716 1320 3760 tantum
1350 3706 1508 3762 modo
1536 3690 1671 3759 hanc
1700 3720 1805 3759 scr-

213 3812 342 3867 vat,
358 3819 391 3854 η
407 3801 796 3856 termination’s
817 3815 922 3854 non
943 3810 1184 3869 accepto.
1204 3798 1458 3852 Neutrum
1482 3797 1622 3852 idem
1647 3809 1806 3861 atque

215 3894 585 3948 ηιδεοιιιηιιιιι
613 3907 673 3948 se
703 3892 897 3957 habet,
927 3901 1149 3961 excepto
1173 3891 1313 3961 quod
1343 3907 1368 3945 ε
1413 3889 1806 3946 terminationis

215 4000 343 4040 non
369 3986 562 4053 capiat.

299 4073 366 4142 2)
397 4073 741 4128 Accusativus
769 4081 822 4129 et
853 4074 1126 4128 vocativus
1154 4073 1292 4144 sing.
1326 4071 1652 4128 nominativo
1680 4087 1808 4127 con-

218 4175 448 4238 gruunt,
475 4183 500 4220 ε
531 4166 672 4221 finali
703 4165 922 4235 rejecto.

305 4256 363 4321 3)
397 4255 616 4310 Dativus
641 4256 779 4324 sing.
808 4271 840 4308 a
881 4254 949 4309 ad
992 4253 1422 4309 terminationem
1463 4253 1622 4308 affixo
1651 4253 1809 4308 edor-

220 4355 437 4402 matur.
469 4346 602 4402 llinc
627 4347 677 4400 in
719 4345 894 4400 verbis
917 4359 1142 4414 quorum
1185 4345 1430 4399 radicalis
1462 4344 1628 4399 forma
1658 4359 1754 4412 per
1781 4361 1812 4397 a

220 4438 574 4500 terminatur,
603 4436 725 4491 huic
764 4434 946 4490 formae
965 4435 1247 4498 convenit;
1278 4435 1321 4488 si
1350 4448 1477 4489 vero
1503 4448 1598 4503 per
1625 4435 1665 4500 i,
1696 4434 1809 4488 haec

216 4528 440 4584 vocalis
467 4528 520 4582 in
544 4543 710 4583 masc.
739 4542 770 4582 a
793 4527 910 4583 loco
936 4535 1201 4590 mevetur,
1225 4526 1277 4579 in
1309 4523 1436 4579 fem.
1468 4534 1642 4580 autem
1667 4539 1811 4578 rum-

220 4621 406 4689 pitur,
435 4635 468 4671 a
499 4617 736 4672 eamdem
769 4618 1068 4686 ruptionem
1098 4614 1151 4668 in
1177 4613 1464 4670 radicalem
1507 4613 1744 4668 vocalem
1778 4628 1812 4664 ιι

219 4708 587 4780 producente.

310 4797 370 4865 ι)
406 4797 681 4877 Genitivus
744 4797 882 4866 sing.
938 4794 1363 4850 terminationem
1404 4810 1430 4847 ε
1474 4807 1595 4848 cum
1641 4791 1811 4854 vocali

213 4892 349 4960 jam
389 4889 652 4945 existente
694 4887 902 4957 recipit.
943 4886 1067 4941 llzec
1094 4885 1294 4941 vocalis
1315 4901 1347 4938 a
1375 4885 1622 4955 primitus
1650 4883 1813 4939 fuisse

220 4982 474 5045 videtur,
496 4997 612 5051 qua:
634 4982 688 5035 in
716 4994 878 5034 masc.
911 4988 965 5033 et
991 4987 1165 5034 neutr.
1184 4977 1490 5032 radiealium
1521 4977 1807 5031 formarum

221 5071 298 5128 in
328 5085 362 5122 a
386 5069 482 5124 eti
510 5069 722 5123 debilita
746 5068 841 5122 fuit
865 5068 920 5122 in
943 5068 984 5136 i,
1015 5067 1139 5121 dum
1177 5067 1228 5120 in
1253 5065 1378 5121 lem.
1413 5064 1814 5120 terminationes

223 5159 416 5229 magis
442 5175 667 5215 sonoras
693 5159 1034 5229 anteponenti
1065 5172 1188 5212 cum
1224 5157 1392 5211 vocali
1419 5156 1738 5211 terminante
1759 5155 1811 5210 in

224 5268 272 5307 ο
307 5251 722 5306 etaicommisza
747 5261 850 5307 est.
875 5250 931 5306 Si
958 5258 1132 5305 autem
1159 5249 1357 5305 vocalis
1381 5249 1628 5305 radicalis
1648 5257 1731 5304 est
1759 5265 1812 5312 ιι,

221 5338 424 5408 ruptio
443 5341 682 5410 sequitur
706 5349 760 5395 et
789 5340 845 5394 fit
873 5356 959 5393 aa.

323 5430 374 5498 5)
400 5431 761 5486 Nominativus
804 5441 858 5484 et
893 5430 1166 5484 vocativus
1204 5430 1338 5498 plur.
1383 5443 1547 5484 masc.
1593 5438 1644 5482 et
1677 5429 1813 5496 plur.

222 5521 675 5576 terminationem
699 5539 724 5576 ε
748 5530 1026 5575 assumunt
1043 5529 1094 5575 et
1129 5519 1435 5590 producitur
1453 5519 1652 5574 vocalis
1676 5517 1818 5572 radi-

1299 333 1384 386 DE
1427 330 1925 386 DECLINATIONE
1964 331 2043 386 SU
2055 331 2423 386 BSTANTIW.

3363 340 3464 394 950

1891 442 2023 496 calis
2045 446 2098 506 (α
2125 442 2178 494 in
2203 460 2252 506 ο,
2293 443 2310 494 i
2340 443 2390 495 in
2415 443 2481 508 ei,
2512 458 2542 494 u
2567 442 2617 496 in
2637 447 2701 513 ja
2729 443 2845 499 loco
2871 444 3152 516 iu),neutr.
3177 459 3353 506 autem
3376 463 3458 510 ter

1893 533 2234 587 minutionem
2262 553 2292 586 α
2323 535 2530 602 recipit.

1963 622 2018 691 6)
2063 624 2416 678 Accusativus
2445 624 2688 693 pluralis,
2719 629 2809 694 qui
2843 627 2892 680 in
2924 639 3112 684 neutro
3142 634 3465 689 nominativo

1894 711 2159 775 convenit,
2191 711 2243 765 in
2276 727 2444 766 masc.
2475 724 2528 766 et
2557 712 2684 767 lem.
2727 714 2794 767 ad
2818 715 3097 771 radicalem
3132 721 3352 775 formam
3378 739 3469 791 ap-

1896 800 2077 866 pendit
2101 801 2530 856 terminationem
2556 819 2637 870 ns,
2670 803 2822 872 cujus
2854 805 2992 869 loco,
3025 808 3114 860 ubi
3152 810 3265 863 lucc
3298 812 3464 866 forma

1895 889 1947 943 in
1980 906 2040 942 -a
2073 891 2290 957 desinit,
2318 892 2370 944 in
2401 891 2525 945 fem.
2554 909 2578 945 δ
2609 901 2812 947 tantum
2840 895 3087 961 adhibet,
3124 901 3294 954 viicali
3324 902 3467 954 radi-

1893 983 1993 1037 cali
2020 981 2295 1050 producta,
2324 985 2391 1036 ita
2418 992 2475 1037 ut
2496 985 2581 1039 hic
2602 985 2762 1039 etiam
2784 989 3116 1044 accusativus
3140 993 3466 1047 nominativo

1894 1081 2170 1137 congruat.

1967 1161 1996 1212 7
2005 1179 2020 1226 )
2051 1160 2268 1216 Dativus
2296 1162 2516 1232 pluralis
2545 1163 2611 1216 ad
2641 1163 2929 1219 radicalem
2961 1165 3182 1221 formam
3213 1181 3464 1224 constan~

1898 1257 1978 1304 ter
2018 1249 2198 1318 adjicit
2223 1267 2292 1319 ιη,
2321 1252 2475 1320 cujus
2505 1252 2645 1321 loco,
2676 1252 2766 1306 ubi
2802 1254 3000 1310 vocalis
3025 1256 3274 1312 radicalis
3299 1270 3381 1313 est
3408 1278 3462 1326 α,

1895 1337 2035 1395 hanc
2077 1340 2312 1394 νυοειιυηι
2344 1340 2398 1394 in
2431 1340 2555 1394 fem.
2591 1349 2795 1396 tantum
2828 1345 2882 1398 in
2919 1359 2949 1396 ο
2979 1345 3169 1400 iterum
3198 1347 3463 1416 producit.

1966 1430 2022 1500 8)
2055 1430 2331 1486 Gcnitivus
2363 1433 2501 1501 plur.
2532 1434 2745 1489 tandem
2773 1435 2856 1488 bal
2877 1444 2933 1490 et
2962 1438 3386 1494 terminationem
3416 1451 3464 1508 e;

1897 1534 1993 1588 pro
2020 1535 2121 1590 qna
2155 1520 2204 1574 in
2237 1520 2363 1577 lem.
2397 1531 2598 1576 tantum
2645 1533 2701 1578 et
2736 1525 2822 1578 ubi
2855 1525 3022 1580 forma
3066 1527 3312 1584 radicalis
3341 1530 3392 1584 in
3435 1546 3468 1584 α

1897 1611 2103 1677 finitur,
2142 1613 2278 1667 hanc
2307 1615 2547 1668 vocalem
2572 1615 2788 1683 produci
2810 1615 2981 1684 jubet.

1973 1701 2083 1756 lloc
2109 1703 2328 1772 insuper
2356 1703 2886 1759 animadvertendum
2916 1715 3017 1774 est,
3049 1707 3190 1776 quod
3222 1710 3310 1762 ubi
3326 1713 3355 1779 j
3383 1711 3468 1766 vel

1895 1808 1944 1859 v,
1996 1793 2232 1849 vocalem
2283 1793 2570 1848 radicalem
2624 1796 2951 1864 prmcedens,
3005 1797 3154 1867 rejici
3196 1799 3376 1865 debet,
3414 1801 3466 1855 in

1894 1891 2173 1949 cognatam
2235 1885 2475 1939 vocalem
2513 1885 2644 1939 ivel
2691 1902 2726 1938 ιι
2757 1886 2907 1955 juxta
2956 1901 3208 1943 sonorum
3260 1891 3468 1959 regulas

1895 1971 1986 2042 l§§
2014 1973 2103 2040 54,
2131 1975 2200 2037 ὃς
2232 1973 2320 2038 55,
2351 1972 2405 2044 5)
2429 1984 2783 2030 convertatur.

1968 2063 1998 2134 ἒ
2026 2063 2117 2119 65.
2159 2064 2454 2119 Declinatio
2497 2067 2730 2120 vocalica
2763 2066 3122 2122 subdividitur
3151 2068 3262 2138 ipsa
3294 2069 3344 2124 in
3377 2071 3469 2126 tri-

1896 2154 2092 2224 plicem
2138 2154 2390 2222 classem,
2445 2163 2600 2224 prout
2650 2156 2819 2210 forma
2865 2157 3116 2212 radiealis
3171 2172 3266 2226 per
3311 2175 3468 2213 unam

1897 2244 2058 2301 trium
2084 2245 2350 2300 vocalium
2377 2263 2431 2309 a,
2463 2247 2481 2298 i
2508 2246 2589 2301 vel
2616 2263 2651 2299 τι
2673 2246 3014 2301 terminatur.
3058 2247 3285 2318 Insuper
3308 2250 3470 2305 etiam

1889 2339 1916 2408 j
1940 2337 2022 2392 vel
2046 2353 2074 2390 υ
2102 2337 2269 2392 vocali
2294 2337 2438 2391 finali
2470 2338 2833 2406 przepositum,
2855 2353 3060 2394 necnon
3081 2350 3138 2395 et
3161 2355 3329 2406 genus
3351 2343 3470 2395 sub-

1894 2427 2108 2482 stantivi
2155 2428 2208 2482 in
2253 2426 2490 2482 vocalem
2532 2426 2780 2489 inﬂuunt,
2806 2428 2876 2480 ita
2913 2438 2972 2481 ut
3016 2443 3246 2496 sequens
3290 2430 3466 2484 tabula

1896 2532 2082 2572 omnes
2127 2517 2410 2586 possibiles
2452 2516 2610 2586 hujus
2636 2515 3010 2572 declinationis
3047 2532 3204 2574 casus
3229 2533 3472 2589 compre—

1899 2607 2096 2663 ltendat
2129 2624 2143 2660 :

2428 2697 2612 2753 ltadic.
2646 2699 2840 2752 vocalis
2870 2716 2902 2751 a
2932 2713 2951 2751 :

2069 2805 2234 2844 masc.
2594 2788 2718 2843 fern.
2801 2854 2809 2865 ι
3111 2799 3282 2843 neutr.

1998 2899 2026 2935 a
2099 2886 2178 2951 -,v‘a
2253 2899 2345 2934 -va
2487 2899 2548 2933 -a
2621 2883 2700 2944 -ia
2771 2896 2860 2932 ova
3005 2895 3066 2932 -a
3148 2881 3233 2948 -ja
3315 2895 3402 2932 -υα

2433 2973 2614 3026 lladic.
2648 2973 2845 3026 vocalis
2875 2974 2890 3024 i
2920 2989 2932 3023 :

1974 3085 2018 3119 -ι
2105 3067 2170 3137 -ji
2252 3066 2327 3118 ουί
2495 3065 2530 3115 -i
2627 3065 2696 3134 -ji
2785 3065 2858 3116 -vi
3041 3064 3057 3114 i
3166 3063 3216 3131 ji
3310 3062 3378 3114 -vi

2427 3155 2612 3209 Radic.
2642 3155 2839 3210 vocalis
2871 3171 2902 3207 ιι
2932 3195 2944 3208 .

2001 3272 2036 3308 u
2107 3255 2189 3322 -iu
2261 3269 2351 3306 -tm
2493 3269 2554 3304 au
2623 3253 2706 3319 -ju
2780 3267 2869 3303 -vu
3014 3264 3073 3301 -u
3154 3251 3240 3317 ~ju
3312 3263 3402 3300 -υιι

1973 3365 2077 3421 Sed
2110 3363 2162 3418 hi
2183 3377 2340 3419 casus
2370 3377 2474 3416 non
2504 3362 2706 3431 integre
2734 3360 2832 3415 nisi
2856 3374 2976 3413 cum
3007 3359 3176 3414 vocali
3205 3355 3420 3410 radicali
3445 3374 3476 3408 η

1902 3454 2208 3517 occurrunt,
2245 3468 2366 3508 cum
2405 3451 2522 3506 aliis
2562 3461 2736 3505 autem
2765 3451 2968 3504 duabus
3020 3463 3125 3502 non
3155 3459 3353 3516 paucas
3383 3461 3472 3513 pa-

1906 3550 2100 3603 tientes
2128 3546 2370 3599 lacunas.
2400 3542 2490 3598 Sic
2515 3542 2700 3612 regula
2744 3552 2844 3602 est.
2895 3539 3054 3594 nullis
3077 3536 3478 3606 exceptionibus

1905 3640 2166 3709 subjecta,
2189 3636 2330 3707 quod
2361 3643 2715 3690 consonantes
2737 3636 2765 3704 j
2791 3640 2845 3687 et
2870 3648 2896 3684 υ
2917 3629 3026 3685 suis
3051 3629 3290 3698 cognatis
3322 3640 3479 3680 voca-

1905 3730 2044 3784 libus
2068 3729 2086 3781 i
2113 3736 2168 3782 et
2187 3743 2220 3779 ιι
2246 3726 2436 3794 praeire
2458 3732 2747 3793 nequeant,
2772 3721 2957 3775 formis
2977 3721 3027 3790 ji
3056 3729 3110 3773 et
3127 3734 3191 3770 vu
3211 3730 3472 3784 nusquam

1905 3833 2160 3878 caeterum
2189 3818 2612 3878 occurrentibus.
2659 3815 2879 3883 Insuper
2916 3814 2968 3867 in
2996 3808 3331 3865 declinandis
3381 3822 3476 3861 vo-

1906 3911 2112 3966 cabulis
2137 3910 2300 3965 etiam
2329 3907 2632 3962 immittitur
2659 3903 2952 3958 vocalicum
2987 3917 3014 3952 r
3042 3908 3099 3951 ut
3124 3907 3312 3968 quarta
3341 3894 3479 3948 radi-

1907 4003 2037 4058 calis
2081 4000 2278 4055 vocalis
2317 3998 2462 4068 (vid.
2490 3995 2579 4050 ubi
2617 3994 2684 4048 de
2711 3993 2880 4056 sonis,
2904 3990 2931 4060 §
2955 3989 3044 4054 ‘59,
3071 3983 3151 4056 3),
3174 4001 3293 4056 qua:
3328 3999 3468 4038 suam

1909 4093 2089 4150 sedem
2112 4091 2164 4146 in
2195 4089 2428 4144 vocalica
2460 4085 2816 4141 declinatione
2835 4083 2995 4138 etiam
3029 4081 3283 4136 vindicat.

2217 4238 2520 4283 νοαΑιιοΑ
2552 4235 2938 4281 ΒΕΟΙΛΝΔΤΙΟ
2965 4235 3183 4278 PRIMA.

2405 4342 2558 4397 πιθα.
2614 4341 2870 4394 vocalis
2921 4357 2981 4392 a.

2472 4450 2525 4486 a.
2565 4431 2934 4485 Masculinum.

2153 4523 2180 4591 ᾗ
2210 4522 2298 4577 66.
2317 4544 2372 4577 α.
2399 4521 2587 4576 Forma
2609 4519 2855 4575 radicalis
2883 4535 2943 4571 -a
2965 4533 2984 4572 :
3017 4517 3262 4573 FISKA.

2305 4613 2454 4683 Sing.
3050 4609 3192 4663 Plur.

1986 4705 2141 4759 Nom.
2217 4701 2336 4772 ﬁsks
2463 4703 2625 4772 piscis
2914 4699 3066 4768 ﬁakos
3175 4698 3347 4767 pisces

1988 4798 2116 4853 Voc.
2219 4795 2324 4864 ﬁsk‘
2465 4794 2627 4864 piscis
2915 4791 3066 4860 [iskos
3178 4790 3351 4857 pisces

1985 4891 2114 4943 Acc.
2214 4887 2311 4956 ﬁsk
2463 4887 2662 4956 piscem
2907 4883 3098 4951 [iskam
3175 4882 3223 4950 pi
3235 4895 3348 4936 tces

1987 4979 2105 5033 Dat.
2218 4977 2347 5046 [Μία
2468 4975 2595 5045 pisci
2907 4973 3087 5042 [iskam
3179 4970 3414 5038 piscibus

1985 5070 2122 5125 Gen.
2218 5069 2358 5137 ﬁtkt‘t
2467 5068 2625 5137 piscis
2907 5064 3030 5131 ﬁske
3172 5064 3394 5130 piscium

1991 5160 2078 5216 Sic
2104 5159 2438 5214 declinantur
2477 5174 2491 5211 :
2538 5157 2661 5228 aips
2702 5156 3097 5226 jusjurandum,
3143 5167 3245 5207 aus
3293 5166 3492 5216 ramus,

1919 5250 2093 5321 bagms
2120 5248 2298 5311 arbor,
2323 5247 2572 5302 andbahta
2599 5247 2828 5301 famulus
2859 5246 3018 5316 (plnr.
3046 5245 3362 5310 andbahtoa,
3390 5257 3494 5294 non

1923 5351 2100 5394 autem
2140 5337 2465 5399 andbahteis,
2509 5345 2566 5390 ut
2596 5337 2852 5391 mendose
2879 5336 2929 5389 in
2973 5335 3232 5404 glossario
3260 5331 3498 5400 irrepsit)

1924 5429 2050 5497 days
2091 5428 2228 5491 dies,
2261 5427 2447 5481 himins
2484 5427 2704 5490 caelum,
2733 5425 2890 5495 hlails
2929 5428 3101 5495 panis,
3133 5423 3296 5476 hands
3323 5420 3492 5484 ranis,

1926 5519 2046 5571 hora
2078 5515 2306 5581 adulter,
2348 5515 2508 5587 [riuos
2555 5515 2654 5579 fur,
2699 5513 2928 5586 [)iudans
2953 5530 3042 5570 rex
3096 5510 3237 5565 krcks
3264 5520 3498 5578 graecus,

332 5673 349 5707 ⁸
376 5674 629 5742 Vocalica,
672 5676 1051 5741 causouantica,
1097 5691 1228 5732 nova
1251 5675 1498 5732 vocabula
1528 5673 1594 5730 ad
1621 5688 1809 5729 novam
1843 5670 2015 5728 ideam
2049 5667 2377 5725 reddendam
2408 5669 2728 5741 excogitata.
2755 5669 2948 5738 Ιηιιτρ,
