4080 6196
507 277 531 387 ᾗ
595 309 686 367 θεςί

510 409 518 415 ’
595 423 728 493 laufs
765 425 970 488 folium,
1009 425 1133 497 ligrs
1171 426 1369 495 cubile,
1408 426 1516 481 sitis
1545 425 1720 489 sedes.
1756 428 1922 484 skalks
1950 447 2135 484 servus

596 514 752 568 skatts
797 527 1078 586 argenteus
1118 533 1384 581 nummus,
1422 517 1652 589 skilliggs
1683 519 1952 586 denarius,
2004 523 2164 578 stains

595 603 751 673 lapis,
791 607 916 661 uois
945 609 1121 674 sedes,
1160 609 1293 662 tains
1319 609 1596 673 surculus,
1614 612 1929 666 dauravards
1957 614 2162 668 atrien-

595 700 688 757 s's,
711 695 814 762 vigs
837 698 942 760 via,
983 698 1124 751 uinds
1150 708 1358 767 ventus,
1389 699 1522 770 ttulfs
1552 700 1728 768 lupus,
1758 702 1915 772 ﬁggrs
1941 705 2157 773 dTgitus,

594 783 728 853 fugis
755 791 884 840 av's.
1891 793 1900 799 ”

672 892 690 924 ε
710 875 996 930 Annotatin
1016 879 1220 934 l.-—De
1242 879 1483 949 plurimis
1501 881 1789 947 vocabulis,
1807 897 1924 951 quin
1945 885 1996 938 in
2018 886 2159 955 plur.

595 978 693 1028 pro
749 965 1141 1034 signiﬁcatione
1183 985 1466 1026 occurrere
1531 982 1824 1042 nequeunt,
1883 975 1966 1029 vel
2027 992 2162 1046 quo-

594 1068 711 1107 rum
765 1058 1142 1125 nominativus,
1183 1063 1514 1118 accusativus
1556 1065 1643 1120 vel
1681 1067 1888 1123 dativus
1926 1071 2060 1138 plur.
2106 1073 2157 1126 in

591 1150 950 1202 monumentis
984 1152 1172 1206 saltem
1212 1157 1542 1212 exstantibus
1581 1173 1685 1212 non
1719 1161 2073 1230 reperiuntur,
2103 1161 2156 1216 in

516 1235 520 1238 ‘
590 1232 753 1289 dubio
777 1249 1036 1303 remanet,
1069 1251 1243 1296 utrum
1273 1259 1454 1299 eorum
1480 1248 1726 1304 radicalis
1747 1250 1910 1304 forma
1936 1250 1990 1304 in
2018 1269 2050 1305 a
2075 1251 2158 1306 vel

589 1320 831 1378 idesiuat
855 1342 868 1391 ;
897 1328 1020 1381 talia
1049 1339 1172 1384 sunt
1200 1332 1312 1386 αέα-ις
1341 1349 1581 1405 campus,
1613 1337 1758 1392 biuds
1785 1355 1988 1406 mensa,
2011 1343 2159 1412 gadi-

589 1412 719 1482 Iiggs
741 1417 1110 1483 consobrinus,
1139 1424 1296 1491 gazds
1320 1424 1608 1494 ﬂagellum,
1631 1429 1779 1499 daigs
1803 1431 2155 1495 massa,doms

586 1499 860 1570 judicium,
909 1523 1050 1572 qums
1092 1511 1372 1579 adventus,
1415 1513 1597 1568 Imkuls
1645 1518 1773 1586 (non
1809 1517 1983 1584 hakul,
2015 1521 2153 1577 utin

585 1590 751 1659 gloss.
787 1595 1031 1650 traditum
1057 1597 1162 1669 est)
1185 1601 1417 1667 pallium,
1441 1603 1608 1658 hlains
1629 1607 1800 1672 collis,
1823 1608 1992 1663 hiatus
2011 1625 2151 1677 sors,

590 1680 753 1752 bagks
776 1687 962 1752 gratia,
985 1687 1180 1757 [Itan/ts
1210 1691 1351 1762 fuga,
1378 1694 1748 1764 faihuprailms
1769 1699 2152 1765 divitize,ka!ils

584 1771 750 1835 lebes,
800 1773 1002 1830 Isindius
1050 1779 1298 1850 vicarius,
1348 1783 1572 1854 maipms
1621 1786 1838 1854 donum,
1891 1793 2154 1861 maurgius

584 1875 756 1926 mane,
803 1880 939 1934 megs
966 1883 1147 1936 gener,
1183 1870 1376 1941 munps
1401 1887 1480 1938 os,
1514 1875 1643 1940 oris,
1675 1893 1772 1930 run
1797 1882 2154 1946 cursus,saivs

582 1969 751 2018 mare,
794 1959 962 2009 suaivs
1007 1961 1116 2026 nix,
1164 1961 1307 2016 stikls
1347 1964 1506 2032 calix,
1552 1965 1701 2019 striks
1747 1967 1937 2023 ductus
1973 1970 2148 2041 linem,

581 2057 784 2097 vaurms
830 2048 1044 2110 vermis,
1096 2051 1269 2120 vignns
1313 2053 1527 2119 bellum,
1582 2057 1724 2126 vaips
1771 2073 1989 2124 corona,
2038 2061 2152 2115 alits

581 2130 766 2201 facies,
797 2137 918 2189 vrits
946 2139 1119 2201 litura,
1147 2142 1289 2194 vraks
1319 2153 1646 2212 persecutor.

654 2240 673 2271 ι
703 2226 989 2281 Annmatio
1014 2231 1066 2282 ἓ.
1089 2232 1221 2285 —De
1247 2234 1363 2286 aliis
1390 2244 1566 2289 autem
1603 2238 1857 2292 incertum
1883 2251 2145 2306 remanet,

579 2321 751 2367 utrum
778 2318 1066 2372 masculina
1096 2322 1176 2374 vel
1206 2339 1308 2377 neu
1335 2340 1390 2378 ra
1417 2327 1522 2380 sint
1549 2346 1558 2379 :
1591 2327 1745 2382 akcits
1773 2330 1853 2383 vel
1880 2330 2009 2384 akeit
2035 2347 2149 2386 aee-

576 2411 710 2468 tum,
732 2405 872 2475 opus
893 2410 973 2461 vel
989 2409 1102 2479 afm
1122 2429 1310 2478 annus,
1329 2432 1420 2469 (ms
1443 2417 1585 2488 (gen.
1609 2420 1773 2489 anzis)
1801 2422 1962 2488 trabs,
1982 2425 2147 2478 aulms

574 2499 654 2551 vel
686 2500 822 2552 aulm
853 2500 1055 2567 fornax,
1075 2506 1226 2559 alisks
1257 2508 1338 2562 vel
1363 2510 1493 2562 alisk
1513 2523 1880 2583 satum,gaggs
1910 2515 1989 2567 vel
2013 2532 2144 2585 gagg

572 2587 828 2654 incessus,
864 2593 997 2662 gilds
1028 2595 1108 2648 vel
1141 2596 1250 2664 gild
1282 2598 1556 2662 tributum,
1591 2611 1809 2671 gramsts
1839 2603 1917 2656 vel
1950 2613 2142 2672 gramst

572 2677 792 2745 festuca,
811 2683 923 2736 dals
947 2686 1026 2739 vel
1052 2688 1138 2739 dat
1160 2688 1332 2756 vallis,
1352 2691 1502 2744 Itilius
1525 2694 1606 2745 vel
1630 2693 1756 2746 Itilm
1778 2695 1969 2759 ulmus,
1988 2694 2141 2747 liruks

569 2767 648 2820 Vel
667 2769 800 2822 Itt'uk
821 2774 1027 2837 cornix,
1058 2775 1262 2846 [)aurps
1284 2779 1368 2833 vel
1393 2780 1569 2850 [taurp
1598 2797 1834 2852 campus,
1860 2782 2033 2836 usiuks
2057 2784 2138 2838 vel

569 2855 716 2911 ttsluk
735 2871 1000 2932 apertura,
1023 2867 1170 2920 mails
1199 2869 1280 2922 vel
1304 2871 1426 2923 mai!
1451 2873 1674 2936 macula,
1694 2873 1868 2942 mapls
1887 2875 1966 2928 vel
1987 2873 2140 2944 map!

566 2950 882 3017 emporium,
914 2955 1054 3008 mods
1082 2957 1163 3010 vel
1197 2960 1314 3011 mod
1341 2959 1438 3024 ira,
1474 2963 1629 3015 nadrs
1659 2964 1738 3017 vel
1769 2964 1900 3016 nadr
1931 2966 2130 3032 vipera,

1659 313 2107 374 GRAMMATICA
2148 319 2468 378 GOTHICE
2510 324 2811 384 LINGUrE.

3700 351 3788 407 952

2235 476 2248 497 ,
2265 435 2398 502 piata
2435 437 2521 492 vel
2558 441 2667 507 pla!
2698 457 2920 510 pannus,
2953 461 3114 516 puggs
3143 448 3226 502 vel
3248 466 3385 520 pagg
3413 467 3548 520 pera,
3577 461 3698 529 raips
3721 467 3788 520 vel

2265 524 2378 593 raip
2397 526 2705 595 corrigium,
2724 531 2847 586 sikls
2872 532 2953 586 vel
2975 534 3071 586 rikl
3086 537 3269 603 sielus,
3286 557 3463 611 saggqs
3477 547 3550 598 vel
3566 524 3704 620 sagpq
3716 569 3790 606 oc-

2263 613 2467 680 cidens,
2485 633 2643 670 sauns
2663 620 2746 673 vel
2759 637 2886 673 saun
2910 622 3226 692 redemptio,
3245 629 3419 698 siuaps
3436 633 3514 685 vel
3525 613 3668 703 sine};
3671 613 3789 692 sina-

2265 703 2363 770 pis,
2382 705 2552 760 skauts
2576 708 2658 761 vel
2683 707 2830 764 slmut
2852 711 3080 778 litnbria,
3099 715 3414 783 spaiskuldrs
3439 723 3517 775 vel
3538 724 3790 792 spaiskular

2264 792 2450 860 saliva,
2481 793 2644 864 skufts
2672 798 2751 851 vel
2782 798 2918 867 skuft
2946 803 3143 868 capilli,
3187 804 3335 860 skolts
3365 808 3442 861 vel
3477 809 3590 863 skolt
3618 815 3790 868 calcea-

2262 892 2520 953 mentum,
2564 889 2714 958 sleps
2737 891 2817 944 vel
2857 898 2964 958 step
2991 909 3232 958 somnus,
3271 913 3483 953 svantms
3519 901 3596 956 vel
3626 920 3790 958 suarum

2260 977 2503 1046 spongia,
2532 979 2684 1032 scibis
2709 980 2790 1034 vel
2818 982 2946 1034 svibl
2973 983 3163 1048 sulfur,
3197 985 3323 1056 seps
3353 990 3433 1043 vel
3457 990 3556 1060 δορ
3583 989 3786 1061 satietas,

2259 1066 2420 1134 mei/ts
2468 1067 2550 1120 vel
2593 1069 2730 1137 tveiﬂ
2775 1069 3022 1138 dubium,
3056 1088 3210 1143 vaggs
3242 1075 3322 1128 vel
3362 1093 3488 1147 vagg
3526 1083 3787 1148 paradisus,

2258 1155 2438 1225 vairps
2469 1157 2548 1210 vel
2587 1157 2742 1228 vairp
2774 1159 3022 1229 pretium,
3065 1178 3257 1217 oanims
3297 1166 3378 1220 vel
3409 1183 3567 1221 vamm
3591 1173 3785 1238 macula,

2259 1248 2588 1301 andavleizns
2609 1251 2690 1304 vel
2712 1251 3012 1306 andavleizn
3034 1252 3214 1316 facies,
3233 1256 3378 1311 vokrs
3399 1260 3478 1312 vel
3497 1261 3610 1314 vokr
3635 1279 3786 1329 usura,

2258 1335 2442 1406 gafalu
2476 1338 2560 1392 vel
2591 1340 2748 1408 gafah
2785 1351 3042 1408 captura,
3091 1344 3281 1414 [ιιιιὶρε
3326 1348 3407 1402 vel
3451 1351 3604 1421 [ulli];
3647 1353 3786 1419 pleni-

2258 1428 2481 1496 lunium,
2511 1429 2671 1499 frums
2693 1431 2778 1484 vel
2799 1433 2934 1501 frum
2959 1432 3191 1490 initium.
3219 1435 3365 1492 Grcis
3391 1455 3516 1494 vero
3535 1453 3610 1497 est
3636 1442 3783 1498 forsan

2256 1516 2589 1572 femininum.

2330 1625 2348 1658 ι
2371 1607 2655 1664 Annotatio
2681 1610 3008 1667 5.-—Radiee
3038 1611 3090 1666 in
3111 1629 3135 1666 ε
3157 1613 3461 1692 desinente,
3485 1619 3579 1674 hoc
3596 1637 3618 1674 ι
3638 1622 3682 1676 in
3706 1638 3785 1676 uo-

2255 1698 2512 1753 minativo
2533 1699 2672 1768 sing.
2694 1714 2724 1753 a
2750 1703 3118 1760 terminatione
3139 1705 3318 1762 deficit
3344 1725 3358 1760 :
3387 1725 3480 1764 am
3507 1713 3660 1780 trabs,
3679 1730 3782 1782 gen.

2256 1789 2421 1854 ansis,
2459 1790 2580 1846 drus
2622 1805 2799 1857 casus,
2839 1808 2962 1862 gen.
3005 1796 3197 1864 drusis,
3227 1800 3436 1855 veinnas
3464 1803 3531 1872 (?)
3558 1807 3784 1870 ebriosus,

2254 1879 2366 1936 [tals
2392 1883 2591 1937 cervix.
2625 1881 2766 1939 idem
2793 1885 3077 1941 dicendum
3099 1898 3181 1943 est
3207 1890 3274 1947 de
3303 1895 3569 1950 nonnullis
3595 1898 3785 1952 vocabu-

2254 1972 2338 2036 lis,
2367 1988 2591 2041 quorum
2622 1975 2770 2030 radix
2802 1977 2851 2030 in
2883 1995 2909 2030 r
2935 1980 3250 2036 terminatur
3278 2000 3291 2036 :
3319 1986 3518 2054 gabaur
3541 2003 3786 2044 commune

2254 2065 2551 2132 prandium,
2585 2069 2906 2131 convivium,
2938 2071 3046 2123 vair
3075 2073 3177 2135 vir,
3199 2074 3329 2127 πίω·
3357 2077 3576 2132 vitulus.

2327 2172 2347 2206 ο
2383 2158 2668 2210 Annotatio
2703 2159 2972 2230 4.—Vegs
3018 2162 3207 2218 [luctus
3231 2165 3392 2220 habet
3429 2170 3480 2222 in
3510 2170 3789 2224 nominativo

2254 2245 2390 2312 plur.
2423 2263 2570 2318 vegos
2599 2249 2697 2303 ille.
2741 2266 2811 2318 tv,
2859 2252 2946 2314 57,
2991 2253 3041 2306 in
3086 2255 3263 2310 dativo
3288 2270 3476 2316 autem
3505 2261 3625 2329 plur.
3659 2264 3789 2330 regim

2252 2335 2382 2388 illth.
2423 2353 2534 2403 vui,
2565 2339 2654 2391 24.
2697 2339 2826 2396 Vice
2862 2357 3012 2396 versa
3042 2346 3146 2399 aivs
3172 2361 3341 2402 aevum
3385 2349 3448 2403 in
3477 2351 3642 2405 dativo
3676 2353 3787 2420 plur.

2249 2437 2331 2479 est
2366 2427 2532 2478 uiuam
2572 2426 2726 2481 Rom.
2772 2446 2844 2497 χι,
2888 2431 2976 2498 56,
3012 2433 3064 2488 in
3108 2438 3428 2509 accusativo
3473 2451 3635 2496 autem
3675 2440 3787 2509 plur.

2248 2516 2408 2568 aivins
2435 2517 2561 2570 Mtlt.
2591 2533 2663 2585 γι,
2694 2519 2777 2573 15.

2324 2605 2644 2660 (Λωηοιίιιὶο
2666 2608 2952 2666 5,—Reiks
2971 2611 3134 2681 stirps
3149 2623 3203 2668 et
3220 2616 3458 2672 veituods
3475 2619 3611 2672 testis
3629 2619 3787 2672 habent

2250 2695 2300 2748 in
2342 2696 2667 2750 nominativo
2711 2699 2848 2768 plur.
2895 2701 3092 2757 formas
3135 2716 3469 2775 aPOCupatns
3509 2708 3628 2762 reiks
3659 2709 3786 2762 Joan.

2247 2799 2338 2846 vlt,
2371 2783 2476 2849 26;
2508 2784 2661 2839 Rom.
2695 2803 2810 2851 xm,
2840 2791 2894 2855 5,
2923 2801 2978 2844 et
3006 2794 3226 2847 veitvods
3254 2794 3377 2850 Cor.
3424 2799 3462 2863 Ι,
3493 2813 3579 2864 xv,
3613 2801 3687 2862 15;
3711 2813 3787 2866 ge»

2244 2873 2440 2928 nitivus
2471 2886 2648 2930 autem
2679 2887 2734 2931 et
2759 2877 2970 2936 dativus
2997 2883 3304 2954 plur.reike,
3333 2889 3552 2958 nfitam,
3583 2905 3694 2956 etc.,
3715 2904 3786 2944 re~

2241 2965 2492 3034 gulariter
2515 2976 2724 3022 sonant.
2757 2988 2776 3020 ι

1399 3096 1542 3165 §67.
1577 3099 1630 3166 β.
1675 3098 1864 3152 Forma
1906 3096 2154 3152 radicalis
2193 3097 2320 3165 -ja:
2365 3093 2716 3162 HAIRDJA,
2761 3097 3009 3154 IIARJA.

1056 3206 1203 3277 Sing.
1278 3222 1424 3263 nom.
1537 3209 1758 3263 Itairdet's
1990 3216 2170 3278 pastor
2609 3211 2770 3280 ltarjis
2985 3219 3246 3269 exercitus

1277 3318 1398 3359 voc.
1529 3303 1697 3357 hairdt'
1981 3310 2164 3372 pastor
2601 3304 2715 3356 Itari
2984 3309 3247 3364 exercitus

1280 3409 1395 3451 acc.
1525 3397 1694 3450 [minii
1985 3404 2249 3464 pastorem
2601 3395 2717 3449 hari
2977 3401 3268 3456 exercitum

1276 3486 1388 3540 dat.
1521 3487 1728 3556 Itairdja
1983 3485 2182 3554 pastori
2595 3485 2743 3557 Itarja
2977 3492 3233 3548 exercitui

1273 3593 1396 3646 gen.
1520 3579 1744 3633 Itan-deis
1976 3577 2205 3646 pastoris
2589 3574 2749 3646 harjis
2974 3582 3244 3639 exercitus

1055 3667 1196 3724 Plur.
1273 3683 1397 3724 nom
1532 3670 1760 3741 Itairdjos
1981 3680 2224 3737 pasmres
2471 3681 2474 3683 λ
2593 3665 2768 3737 harjos
2981 3675 3247 3730 exercitus

1274 3777 1389 3816 voc.
1525 3763 1757 3830 Itairdjos
1980 3774 2217 3830 paStores
2592 3762 2767 3831 Itarjos
2981 3767 3246 3824 exercitus

1277 3869 1391 3909 acc.
1533 3855 1801 3925 Izaidrjaus
1981 3859 2222 3922 pastores
2593 3852 2805 3922 Itarjuns
2975 3856 3244 3912 exercitus

1277 3941 1387 3996 dat.
1533 3943 1791 4012 hairdjnm
1985 3938 2282 4010 pastoribus
2593 3938 2797 4008 harjam
2975 3946 3296 4001 exercitibus

1279 4049 1400 4103 gen.
1531 4036 1738 4108 hairdje
1986 4038 2257 4100 pastorum
2593 4029 2738 4096 Itarje
2981 4035 3313 4091 exercituum

627 4163 708 4218 Ad
734 4179 974 4220 normam
1001 4167 1222 4222 Itairdeis
1249 4168 1585 4224 declinantur
1611 4169 1885 4236 vocabula,
1918 4171 1968 4222 in
2001 4171 2119 4237 qui-
2473 4162 2498 4227 ἕ
2524 4161 2612 4216 68·
2641 4184 2692 4235 7-
2726 4163 2915 4218 Forma
2946 4165 3188 4220 radiculis
3215 4185 3274 4221 v’l
3299 4185 3319 4223 -'
3355 4172 3428 4236 Μ
3445 4173 3549 4227 νιι

554 4252 656 4306 bus
683 4253 766 4306 vel
795 4255 997 4324 syllaba
1025 4257 1258 4312 derivata
1291 4259 1373 4312 vel
1403 4260 1648 4314 radicalis
1680 4259 1832 4329 longa
1865 4258 2120 4313 termiua-
2472 4252 2618 4320 Sittg-
3331 4263 3479 4319 Plur.

555 4343 714 4397 tionis
756 4344 1012 4410 syllabam
1055 4348 1327 4415 praecedit,
1368 4356 1467 4402 ut:
1510 4349 1687 4402 andeis
1731 4350 1869 4414 linis,
1918 4349 2119 4403 aurkeis
2226 4338 2380 4394 Nom.
2520 4339 2641 4408 ρεαδ
2786 4343 3015 4399 tumulus
3156 4347 3307 4418 pium
3454 4353 3631 4408 famuli

553 4432 678 4494 olla,
726 4436 893 4488 amcis
935 4436 1183 4504 famulus,
1217 4437 1434 4492 bcruseis
1465 4440 1604 4508 plur.
1637 4438 1864 4508 berusjos
1893 4448 2122 4502 veteres,
2230 4428 2355 4484 νοο-
2505 4430 2605 4500 Ρίιι
2787 4433 2983 4489 tamn",
3152 4437 3303 4508 Ρίυοε
3453 4444 3633 4498 fnum”

551 4520 898 4590 gupb'ostreis
940 4524 1032 4579 Dei
1072 4535 1440 4596 contemptor,
1481 4527 1858 4598 [συναπιαρίὼ
1901 4527 2118 4596 prmsul,
2226 4523 2353 4575 ACC-
2507 4522 2606 4592 βίη
2782 4525 3037 4581 [Nimium
3149 4529 3337 4598 Ιιὶυαηε
3447 4535 3674 4589 famulos

550 4612 868 4668 silbosiuneis
899 4617 1049 4671 testis
1078 4619 1310 4672 ocularis
1330 4660 1345 4684 ,
1374 4621 1699 4689 faurstasseis
1729 4620 1922 4690 praesul
1943 4659 1959 4684 ,
1991 4620 2123 4672 vito-
2225 4612 2340 4665 Dal-
2506 4614 2634 4684 ῥῖνα
2777 4616 2974 4671 ramum
3144 4619 3322 4690 ῥίυαηι
3452 4625 3662 4679 famulis

549 4699 794 4766 dafasteis
845 4703 1206 4774 legisperitus,
1245 4709 1434 4762 waiteis
1479 4707 1835 4774 frumentum;
1891 4709 2118 4763 bokareis
2219 4703 2356 4758 Gen.
2498 4706 2636 4775 Ρίυίθ
2782 4706 2966 4763 humi“
3146 4712 3267 4782 Ῑήυθ
3447 4717 3752 4772 [alimmum

546 4789 743 4855 scriba,
790 4792 1017 4847 laisareis
1051 4800 1322 4865 magister,
1350 4799 1603 4869 liupareis
1630 4811 1832 4864 cantor,
1878 4803 2114 4857 motareis

548 4879 880 4947 publicanus,
907 4884 1126 4939 sokareis
1155 4899 1440 4957 scrutator,
1468 4892 1706 4945 vullareis
1727 4891 2113 4964 follo,ragineis

545 4970 898 5036 consiliarius,
927 4975 1148 5044 siponeis
1173 4977 1483 5048 discipulus.

615 5105 694 5160 Ad
725 5121 963 5164 normam
988 5110 1150 5182 Itarjis
1179 5111 1517 5169 declinantur
1546 5115 1818 5180 vocabula,
1845 5131 1964 5187 qua:
1985 5117 2108 5172 bre-

541 5207 660 5250 vem
690 5199 948 5268 syllabam
983 5204 1266 5260 radicalem
1296 5206 1598 5263 immediate
1626 5218 1750 5262 ante
1781 5211 2107 5266 terminatio-

541 5302 660 5341 nem
704 5289 921 5356 habent,
962 5309 1078 5360 qum
1111 5297 1312 5366 syllaba
1357 5303 1500 5365 peri
1531 5300 1860 5368 interjectum
1905 5305 2104 5370 produ-

536 5377 694 5439 citur,
725 5388 778 5430 ut
809 5396 822 5433 :
856 5381 1022 5451 nipjis
1048 5399 1230 5450 gener,
1263 5387 1417 5458 sukjis
1449 5401 1727 5458 pugnator,
1771 5393 2103 5465 andastaltjis

537 5465 895 5536 adversarius,
924 5471 1190 5542 silbaviljis
1219 5477 1570 5533 voluntarius.

611 5598 1025 5655 «Annotatio.-
1045 5603 1116 5658 De
1147 5606 1346 5661 laisaris
1377 5608 1501 5663 Luc.
1535 5627 1604 5675 vt,
1634 5611 1704 5669 40
1729 5613 1848 5670 loco
1867 5614 2097 5672 laisareis

541 5680 644 5738 vid.
676 5687 762 5742 ulti
785 5689 850 5744 de
877 5693 1021 5748 sonis
1052 5693 1194 5759 §25.
1222 5695 1272 5748 4.
1310 5716 1328 5747 ι

2256 4841 2259 4844 .
2287 4793 2400 4848 Νοη
2430 4794 2584 4850 datur
2609 4796 2751 4851 aliud
2789 4797 2946 4867 hujus
2977 4799 3162 4856 forma:
3202 4806 3536 4875 paradigtua;

2833 4890 2882 4943 b.
2913 4890 3186 4946 Neutrum.

2357 4977 2499 5047 §_69.
2533 5001 2585 5034 α.
2619 4977 2810 5035 Forma
2845 4982 3094 5038 radiculis
3115 5001 3222 5039 -a:
3265 4987 3574 5044 VAURDA.

2488 5068 2635 5136 Sing.
3361 5080 3510 5134 Plur.

2209 5158 2362 5214 Nom.
2470 5164 2630 5214 vaurd
2773 5167 2993 5218 verbum
3105 5171 3300 5222 vaurda
3435 5172 3601 5226 verba

2211 5251 2336 5306 Voc.
2474 5254 2636 5305 vaurd
2780 5257 3001 5310 verbum
3110 5263 3306 5314 raurda
3437 5264 3603 5317 verba

2205 5351 2334 5403 Are.
2469 5353 2630 5403 vaurd
2774 5353 2990 5408 verbum
3101 5358 3292 5410 vaurda
3423 5359 3606 5414 verbis

2206 5442 2324 5494 Dat.
2469 5443 2663 5495 vanrda
2774 5445 2935 5498 verbo
3103 5450 3342 5501 vaurdam
3428 5451 3590 5504 verba

2200 5531 2334 5587 Gen.
2463 5535 2669 5586 vaurdis
2765 5535 2910 5589 verbi
3090 5540 3283 5594 ναίω-ἀρ
3427 5541 3710 5594 verborum

2271 5621 2346 5673 Eo
2374 5622 2535 5675 modo
2564 5624 2896 5679 declinantur
2922 5644 2934 5680 :
2967 5629 3076 5695 agis
3109 5639 3297 5694 metus,
3325 5628 3419 5683 nhs
3461 5633 3628 5699 spica,
3654 5634 3749 5693 aiz,

2207 5720 2298 5775 aes,
2329 5709 2440 5764 aibr
2461 5710 2679 5780 donum,
2707 5714 2842 5784 aigin
2883 5719 3198 5788 proprietas,
3225 5723 3377 5774 uristr
3405 5721 3565 5788 ovile,
3596 5721 3747 5774 al‘rau
