4080 6196
282 360 380 418 931

347 469 438 525 Sic
467 466 806 524 declinantur
840 479 854 517 :
886 462 1020 516 aihts
1074 471 1182 522 res,
1239 454 1502 528 ajukdups
1558 453 1850 516 aeternitas,

283 562 409 634 alps
433 569 706 625 senectus,
729 553 944 625 ανὺαὶρε
975 551 1145 614 labor,
1170 565 1322 602 asans
1347 547 1557 609 mrssis,
1586 541 1854 615 gabaurps

283 631 550 713 na—tivitas,
577 647 803 702 usbeisns
845 640 1197 711 exspectatio,
1252 637 1569 690 andabauhls
1625 631 1853 702 pretium

284 737 689 806 redemptionis,
718 732 1019 804 faurbauhts
1039 727 1361 796 redemptio,
1392 723 1648 777 anabusns
1685 721 1848 784 auris,

289 833 568 886 allbrunsts
610 827 999 888 holocaustum,
1031 819 1194 892 brups
1221 832 1412 883 nurus,
1457 814 1732 884 innagahts
1777 812 1856 863 in-

284 923 498 987 troitus,
531 919 735 991 fragifts
766 916 1047 979 mutuatio,
1075 914 1298 983 gagrefts
1341 906 1668 968 mandatum,
1718 901 1858 991 grids

286 1027 500 1082 passus,
532 989 664 1082 auiis
692 1021 848 1073 capra
884 1007 1038 1073 (nam
1079 1002 1227 1072 juxta
1269 999 1478 1052 felicem
1533 989 1858 1048 Massmanni

283 1080 648 1174 conjecturam
679 1097 812 1153 Neh.
867 1112 919 1160 v,
953 1096 1020 1149 18
1057 1093 1188 1164 gaits
1219 1105 1294 1142 ἀ·
1327 1089 1445 1142 loco
1474 1087 1660 1157 gaitsa,
1714 1080 1856 1174 quod

286 1195 344 1250 in
373 1167 517 1249 textu
567 1199 621 1246 et
649 1190 702 1244 in
750 1185 1011 1258 glossario
1054 1179 1381 1246 induximus,
1424 1173 1702 1244 legendum
1753 1167 1859 1238 est)

286 1285 422 1340 dails
452 1297 596 1354 pars,
627 1280 812 1334 daulits
850 1275 1172 1338 convivium,
1195 1271 1360 1322 dauns
1397 1266 1549 1329 odor,
1580 1259 1862 1316 missr.deds

285 1377 486 1446 scelus,
513 1372 676 1445 dutps
698 1372 917 1435 festum,
961 1367 1194 1420 usdrusts
1221 1367 1306 1416 via
1343 1358 1533 1422 ardua,
1577 1371 1702 1446 qens
1738 1367 1861 1446 mu-

285 1469 410 1536 lier,
456 1444 717 1538 gaqumps
764 1466 1081 1522 conventus,
1133 1453 1328 1507 Itaurds
1373 1459 1546 1520 porta,
1583 1444 1862 1513 andahafts

285 1536 627 1629 responsum,
668 1553 848 1623 haifsts
900 1551 1034 1613 rixa,
1065 1544 1298 1618 gahugds
1325 1538 1600 1610 cogitatio,
1649 1536 1862 1629 [)aurfts

286 1626 602 1720 indigentia,
651 1644 919 1718 gaplaihts
961 1638 1276 1701 consolatio,
1344 1631 1550 1705 gakusts
1594 1626 1858 1720 probatio,

286 1716 520 1813 gakunds
563 1716 856 1807 persuasio,
903 1728 1144 1802 gakunps
1187 1723 1472 1796 apparitio,
1529 1720 1640 1813 lists
1684 1716 1861 1813 dolus,

287 1806 502 1902 iratust:
529 1806 934 1888 detrimentum,
964 1818 1132 1873 malus
1159 1813 1418 1886 potentia,
1442 1807 1665 1902 magal»
1689 1806 1862 1874 virgo,

287 1900 639 1993 gamaindups
663 1911 991 1980 communio,
1037 1905 1316 1981 gamainps
1361 1900 1611 1993 ecclesia,
1642 1910 1868 1993 ananag-

288 1988 435 2082 Bap.
461 1988 768 2074 multitudo,
817 2003 994 2066 turba,
1045 1993 1335 2065 mikildubs
1385 1988 1716 2061 magnitudo,
1771 2000 1866 2055 ga-

289 2103 480 2158 munds
499 2099 777 2163 memoria,
802 2092 978 2163 naups
1001 2087 1310 2147 necessitas,
1338 2083 1648 2138 andanumts
1673 2089 1836 2144 accep
1855 2103 1869 2111 ο

291 2195 446 2255 tatio,
477 2192 670 2264 ganists
698 2187 865 2250 salus,
893 2182 1137 2256 garehsns
1163 2176 1450 2242 ordinatio,
1473 2173 1662 2227 urrists
1686 2182 1868 2224 resur-

292 2257 497 2348 rectio,
536 2279 722 2334 rahsns
767 2272 1114 2334 vestibulum,
1157 2265 1366 2340 gasahts
1407 2263 1615 2326 vitium,
1669 2257 1870 2313 insahts

291 2370 574 2433 narratio,
629 2365 839 2437 [risahts
893 2363 1098 2430 imago,
1147 2356 1297 2412 sakns
1343 2350 1662 2422 disquisitio,
1691 2362 1873 2437 mana-

291 2460 424 2531 seps
454 2435 702 2524 mundus,
742 2453 920 2509 sauhts
960 2449 1229 2519 contagio,
1263 2446 1407 2500 siuns
1437 2441 1621 2507 facies,
1651 2435 1875 2531 gaskafts

292 2525 526 2614 creatio,
553 2547 752 2602 slauhts
784 2541 1099 2604 immolatio,
1146 2535 1308 2592 taikns
1344 2535 1574 2603 signum,
1623 2525 1875 2602 gataurps

296 2639 614 2698 destructio.
640 2633 872 2690 ustauhts
901 2627 1310 2691 consummatio,
1335 2625 1500 2678 vaihts
1525 2635 1636 2688 res,
1650 2621 1876 2673 usvahsts

296 2729 715 2793 incrementum,
737 2722 1006 2778 usvaurltts
1018 2718 1242 2790 iustitia,
1262 2713 1552 2786 fravaurhts
1574 2717 1872 2781 peccatum,

298 2836 422 2875 ms
450 2833 590 2887 Spes,
616 2815 887 2870 railavizns
911 2810 1251 2873 sustentatio,
1293 2808 1413 2860 vists
1452 2802 1693 2866 scientia,
1715 2813 1880 2854 vunns

297 2911 482 2977 dolor,
509 2908 656 2962 vra/cs
684 2906 972 2969 accusatio,
998 2902 1228 2974 [adreins
1256 2913 1442 2970 genus,
1468 2893 1661 2967 [aheps
1681 2906 1801 2962 pax.

383 3018 404 3052 ι
417 2998 704 3054 Annotatio
717 2996 742 3049 l
755 2995 959 3050 .—Huc
973 2990 1249 3048 referenda
1265 2997 1387 3043 sunt
1399 2990 1558 3041 etiam
1573 2981 1804 3038 verbalia
1820 2979 1877 3033 in

298 3092 470 3158 -eins,
495 3090 548 3143 in
572 3089 673 3144 hoc
697 3094 900 3141 tantum
925 3081 1284 3153 particularia,
1307 3077 1447 3148 quod
1475 3076 1527 3128 in
1555 3070 1881 3128 nominativo

301 3181 452 3253 plur.
476 3180 529 3234 in
552 3193 630 3232 σοι
657 3217 672 3241 ,
693 3187 746 3230 et
763 3176 812 3228 in
828 3173 1058 3243 genitivo
1081 3171 1217 3241 plur.
1234 3168 1288 3220 in
1307 3163 1638 3225 -odesinant,
1654 3175 1740 3215 ex.
1764 3173 1876 3228 gr.:

301 3250 606 3346 vgalaubeins
636 3267 791 3335 ﬁdes,
813 3263 1054 3332 daupeins
1067 3261 1350 3329 baptisma,
1375 3253 1698 3310 anastadeins
1737 3250 1884 3319 prin-

302 3343 534 3430 cipium,
555 3359 772 3412 naiteins
795 3354 1080 3418 calumnia,
1106 3348 1379 3404 bisauleins
1402 3343 1626 3400 macula.
1667 3343 1880 3397 Necnon

303 3460 368 3508 et
388 3452 440 3505 in
465 3449 642 3506 dativo
664 3449 802 3518 plur.
835 3443 1139 3500 terminatio
1161 3456 1273 3494 -am
1297 3453 1392 3506 pro
1415 3436 1511 3489 -im
1559 3448 1654 3504 per
1691 3444 1888 3498 excep-

307 3542 514 3596 tionem
537 3537 768 3593 occurrit
798 3536 851 3590 in
873 3533 1244 3588 unkaureinom
1269 3529 1393 3583 Cor.
1434 3526 1498 3591 ll,
1527 3541 1584 3593 η,
1610 3524 1665 3580 9.
1700 3520 1885 3590 Quoad

307 3630 550 3686 verbalia
571 3630 622 3684 in
648 3643 784 3692 oons,
808 3634 870 3680 ut
888 3627 1071 3678 mEtons
1093 3621 1366 3690 cogitatio,
1402 3615 1589 3687 labans
1619 3613 1884 3676 invitatio,

309 3725 524 3779 safbans
564 3727 912 3789 unguentum,
958 3718 1166 3786 sunjons
1202 3711 1532 3783 justiﬂcatio,
1574 3706 1889 3778 regulariter

309 3815 575 3872 declinari
607 3813 871 3873 videntur,
895 3809 1127 3862 occurrit
1147 3807 1334 3859 saltem
1360 3798 1714 3856 nominativus
1747 3796 1886 3866 plur.

311 3905 548 3958 milaneis
594 3904 696 3957 Mc.
739 3915 834 3967 vn,
870 3898 960 3965 21,
1006 3897 1266 3968 genitivus
1310 3895 1499 3947 mitone
1556 3890 1690 3960 Eph.
1739 3904 1794 3952 ll,
1825 3887 1889 3948 5,

314 3998 415 4052 sed
457 3997 617 4052 etiam
641 3996 836 4048 mitona
859 3992 1015 4046 Rom.
1042 4005 1154 4054 xiv,
1179 3989 1230 4042 l.
1257 3987 1334 4041 Eo
1360 3986 1520 4040 etiam
1553 3981 1714 4037 modo
1752 3980 1894 4035 ﬂecti

313 4088 566 4143 videntur
587 4085 820 4141 verbalia
837 4085 888 4138 in
908 4084 1064 4147 -ains,
1081 4090 1136 4135 ut
1153 4079 1364 4134 bauains
1387 4073 1660 4138 habitatio,
1677 4071 1896 4143 puluins

317 4179 596 4250 patientia,
611 4175 792 4230 tibains
804 4175 932 4236 vita,
950 4172 1145 4225 lubains
1162 4183 1307 4238 spes,
1327 4177 1455 4231 etc.,
1473 4178 1698 4232 quorum
1715 4170 1893 4215 tamen

318 4284 427 4324 non
442 4267 673 4322 occurrit
691 4265 788 4319 nisi
804 4264 1067 4335 genitivus
1085 4261 1221 4329 plur.
1236 4255 1586 4330 puluineCor.
1605 4253 1666 4318 ll,
1684 4251 1762 4318 t,5
1773 4267 1892 4321 sqq.

397 4381 420 4410 ι
451 4356 736 4412 Anuotatio
754 4355 885 4410 2.-
908 4353 1036 4406 Post
1063 4368 1085 4404 s
1115 4348 1343 4404 radicale
1369 4362 1393 4398 s
1417 4341 1806 4399 terminationis
1837 4340 1894 4395 in

322 4445 652 4502 nominativo
681 4444 820 4514 sing.
846 4441 1109 4512 rejicitur,
1136 4453 1225 4493 ex.
1249 4452 1326 4506 gr.
1366 4449 1590 4506 :garuns
1618 4431 1726 4494 via,
1768 4444 1893 4498 gen.

322 4537 619 4609 garuusais,
651 4536 727 4589 las
759 4551 895 4598 sors,
940 4533 1130 4602 afstass
1163 4529 1472 4592 divortium,
1493 4535 1684 4580 usstass
1714 4539 1896 4579 resur-

321 4628 492 4683 rectio
522 4669 538 4694 ,
581 4627 781 4696 anaqiss
831 4624 1130 4688 calumnia,
1193 4621 1381 4692 gaqiss,
1442 4617 1732 4689 piupiqiss,
1786 4625 1892 4670 etc.

330 4717 524 4771 Vaurts
554 4731 680 4771 vero
717 4716 822 4770 sin
865 4715 1116 4782 singulari
1156 4711 1313 4784 (gen.
1346 4707 1630 4778 vaurtsais)
1681 4707 1895 4771 retinet,

326 4807 504 4878 rejicit
530 4815 703 4861 autem
733 4806 788 4860 in
818 4803 1009 4874 plurali
1039 4799 1323 4873 (vaurteis).

403 4919 423 4952 ε
437 4899 722 4955 Annotatio
742 4895 1056 4954 5.—Haims
1073 4907 1238 4966 pagus
1253 4891 1548 4949 declinatur
1569 4891 1620 4944 in
1643 4887 1894 4958 singulari

325 4991 394 5046 ad
424 4991 590 5045 instar
614 4989 898 5060 praesentis
919 4985 1310 5046 declinationis,
1334 4983 1387 5037 in
1412 4980 1605 5050 plurali
1626 4988 1804 5034 autem
1829 4976 1896 5031 ad

329 5082 500 5136 instar
522 5079 713 5150 prioris
743 5080 920 5148 (nom.
951 5077 1170 5142 haimas,
1194 5074 1326 5142 etc).

406 5189 427 5223 ε
454 5171 743 5226 Annotatio
767 5169 897 5224 4.-
909 5168 984 5223 De
1008 5165 1240 5237 genitivo
1269 5165 1406 5232 plur.
1439 5161 1718 5228 fravaurhti
1739 5159 1896 5216 Rom.

329 5276 420 5326 vn,
452 5263 488 5318 5
509 5261 626 5316 loco
655 5259 948 5329 fravaurlite
967 5259 1074 5312 vid.
1097 5257 1182 5312 ubi
1216 5257 1282 5311 de
1297 5256 1442 5311 souis
1469 5254 1606 5324 με,
1637 5253 1692 5308 4.

407 5371 426 5404 r
440 5352 722 5407 Annotatio
734 5349 1252 5407 5.—Vocabulorum
1268 5343 1425 5400 nimiis
1436 5346 1701 5409 columba,
1715 5341 1899 5410 astaps

332 5443 547 5507 veritas,
593 5451 728 5512 grets
771 5442 947 5504 ﬂetus,
986 5438 1150 5492 krusts
1188 5435 1596 5503 crepitaculum,
1632 5434 1774 5486 sauls
1808 5447 1904 5486 co-

337 5536 535 5602 Iumna,
559 5535 693 5590 staks
714 5534 942 5597 macula,
965 5535 1186 5604 bistngqs
1216 5531 1458 5596 oﬂ‘ensio,
1488 5529 1708 5598 [ιιιιεὶρε
1737 5527 1904 5596 pleni-

337 5627 480 5691 tudo,
504 5642 670 5694 genus
701 5626 921 5680 dubium
944 5635 1050 5688 est,
1083 5625 1209 5678 licet
1238 5620 1585 5690 probabiliter
1615 5618 1718 5672 huc
1757 5616 1902 5672 refe—

340 5718 497 5773 renda
524 5719 650 5773 siut.
697 5716 776 5771 De
798 5716 1044 5770 ntidamai
1072 5713 1169 5768 Mc.
1197 5728 1275 5775 lli,
1305 5712 1340 5764 2
1371 5719 1498 5775 etc.,
1529 5715 1704 5778 potest
1737 5704 1905 5762 nomio

1329 344 1416 399 DE
1459 336 1961 400 DECLINATIONE
2001 335 2472 396 SUBSTANTIV’I.

3436 336 3538 393 958

1963 453 2173 506 nativus
2197 452 2436 519 midums,
2469 451 2534 507 ad
2575 452 2744 509 instar
2787 450 3054 516 secundae,
3098 447 3178 504 vel
3221 449 3450 502 ntiduma
3476 448 3543 502 ad

1959 543 2127 598 instar
2155 545 2340 613 prima:
2369 544 2736 599 declinationis
2758 542 2920 598 ﬂecti.
2947 560 2967 595 ο

2241 653 2545 698 νοοΑωεΔ
2593 653 2818 695 DECLIN
2831 652 2972 694 ATIO
3014 651 3270 694 TERTIA.

2493 735 2680 789 Radic.
2720 735 2918 789 vocalis
2955 750 3008 788 u.

2513 843 2564 880 α.
2609 827 2980 880 Masculinum.

2033 919 2060 988 §
2102 918 2189 974 78.
2223 941 2278 973 α.
2323 916 2514 972 Forma
2548 917 2878 973 radicalis-u
2908 933 2927 971 :
2958 917 3183 973 SUNU.

2335 1009 2486 1079 Sing.
2988 1010 3134 1064 Plur.

2166 1102 2321 1157 Nam.
2359 1120 2520 1157 sunus
2550 1103 2688 1160 filius
2875 1120 3054 1175 sunjus
3113 1104 3205 1159 ﬂlii

2166 1192 2296 1248 Voc.
2353 1209 2483 1246 sunu
2553 1192 2628 1248 ﬁli
2869 1197 3049 1264 sunjns
3108 1195 3199 1248 ﬁfii

2165 1286 2290 1338 Acc.
2351 1299 2486 1337 sunu
2557 1283 2721 1338 ﬁlium
2864 1300 3056 1338 sununs
3110 1284 3248 1337 filios

2167 1372 2286 1427 Dat.
2349 1388 2515 1426 suntut
2558 1373 2666 1427 ﬁlio
2879 1389 3066 1426 simum
3113 1372 3236 1426 ﬁliis

2167 1458 2300 1515 Gen.
2348 1477 2536 1516 sunaus
2564 1461 2656 1515 ﬁlii
2884 1464 3060 1514 sunire
3121 1461 3346 1516 filiorum

2033 1551 2125 1605 Sic
2147 1550 2486 1606 declinantur
2509 1567 2523 1605 :
2549 1551 2692 1604 airus
2713 1551 2953 1616 nuntius,
2983 1549 3242 1622 auhjodus
3267 1551 3546 1619 tumultus,

1963 1644 2157 1697 auhsus
2184 1642 2300 1709 has,
2343 1642 2501 1696 asilus
2529 1641 2731 1708 asinus,
2763 1641 3125 1714 gabaurjapus
3161 1655 3548 1711 concupiscen-

1967 1734 2059 1799 tia,
2086 1733 2298 1805 daupus
2336 1748 2500 1799 mors,
2532 1733 2691 1804 gilius
2712 1741 2831 1788 uter
2859 1733 3068 1803 (uteri),
3116 1734 3299 1788 liuidus
3333 1735 3545 1799 modus,

1968 1824 2144 1878 hairus
2165 1822 2392 1892 gladius,
2425 1821 2594 1876 [tullus
2633 1823 2802 1893 rupis,
2829 1823 3008 1889 hliftus
3049 1823 3206 1890 latro,
3236 1823 3430 1877 huhrus
3471 1823 3548 1877 fa-

1969 1927 2105 1979 mes,
2135 1912 2377 1984 paurnus
2414 1913 2594 1982 spina,
2616 1912 2787 1966 kintus
2815 1912 3028 1980 obolus,
3071 1912 3246 1967 kusrus
3285 1913 3549 1982 probatio,

1969 2002 2168 2057 habitus
2195 2003 2411 2071 lectum,
2437 2003 2584 2074 libus
2622 2004 2944 2069 membrum,
2975 2006 3134 2058 Iustus
3161 2007 3549 2074 concupiscen-

1974 2095 2066 2159 tia,
2093 2095 2253 2165 luftus
2277 2110 2389 2160 aer,
2423 2110 2601 2166 magus
2623 2109 2772 2163 puer,
2799 2094 3050 2148 maihstns
3072 2106 3302 2159 strrCus,
3325 2097 3554 2150 mannis-

1972 2181 2132 2239 kadus
2152 2182 2472 2246 humanitas,
2492 2181 2673 2236 sakkus
2694 2196 2899 2246 saccus,
2916 2183 3056 2236 sidus
3079 2199 3214 2249 mos,
3233 2182 3420 2236 skadus
3437 2199 3554 2236 um-

1975 2272 2091 2340 bra,
2117 2272 2312 2326 skildus
2337 2272 2579 2342 clypeus,
2606 2282 2696 2325 tun
2699 2271 2807 2342 [ms
2837 2273 2992 2336 deus,
3019 2273 3224 2326 volutus
3251 2273 3553 2328 incremen-

1975 2370 2110 2426 tum,
2124 2361 2334 2416 vairdus
2360 2361 2734 2428 diversorium,
2751 2364 2893 2416 vatus
2913 2361 3152 2426 baculus,
3171 2363 3364 2416 candus
3385 2364 3558 2433 virga,

1978 2452 2272 2522 ﬂagellum,
2316 2451 2500 2523 uiprus
2540 2464 2741 2522 agnus,
2768 2455 2962 2507 vinms
2994 2453 3182 2520 hiems,
3215 2454 3406 2526 culpas
3442 2456 3565 2525 gloo

1977 2543 2078 2605 ria,
2131 2544 2372 2596 vratadus
2421 2543 2538 2607 iter,
2597 2543 2804 2612 [aii-wus
2845 2543 3093 2613 tutmduS,
3141 2545 3276 2615 [θένε
3324 2558 3452 2612 pes;
3501 2555 3560 2598 et

1979 2632 2197 2701 insuper
2224 2632 2554 2686 substantiva
2571 2635 2808 2688 derivata
2838 2636 2888 2687 in
2904 2650 3080 2688 -assus
3101 2675 3117 2697 ,
3143 2642 3200 2688 ut
3224 2634 3458 2687 ibuassus
3485 2635 3563 2688 si-

1981 2722 2242 2788 militudo,
2274 2721 2536 2784 ufarassus
2563 2723 3066 2793 superabundantia,
3092 2724 3392 2778 blotinassus
3410 2739 3562 2778 reve-

1981 2813 2154 2867 rentia
2182 2852 2197 2878 ,
2247 2812 2574 2884 gudjinussus
2644 2814 3098 2884 prmshyteratus,
3165 2814 3558 2880 sacerdotium,

1983 2905 2314 2958 drauhtinass
2352 2922 2376 2959 ε
2404 2905 2750 2975 stipendium,
2774 2913 2877 2960 etc.
2905 2907 3014 2961 vid.
3044 2907 3070 2974 §
3101 2906 3203 2961 M8
3233 2907 3323 2976 ff).

2059 3015 2079 3048 ι
2114 2996 2399 3050 Annotatio
2431 2997 2748 3052 l.—lnccrti
2775 2997 2986 3066 generis
3010 3006 3132 3050 sunt
3153 2998 3364 3066 qairnus
3389 2997 3563 3066 pistri-

1983 3101 2133 3148 num,
2161 3085 2414 3140 ulbandus
2437 3087 2699 3148 camelus,
2731 3088 2897 3154 nodus
2931 3087 3349 3153 ﬂuctus,gredus
3371 3085 3558 3151 fames,

1985 3174 2160 3246 leipus
2208 3176 2380 3229 s'cera
2407 3173 2554 3244 (gall.
2583 3175 2721 3228 cidre
2749 3190 2914 3243 germ.
2951 3174 3247 3244 Obstwcin),
3281 3190 3484 3230 necnon
3509 3184 3564 3229 et

1985 3264 2242 3319 vocabula
2277 3266 2326 3316 in
2364 3267 2520 3318 -o:.’us
2551 3265 2716 3318 ﬁnita.

2061 3371 2081 3406 ι
2107 3355 2378 3410 tnuotatio
2399 3355 2607 3409 2.-οθ
2630 3353 2785 3423 hujus
2807 3350 3177 3409 declinationis
3206 3369 3240 3406 u
3261 3351 3566 3423 frequenter

1989 3445 2040 3500 in
2071 3462 2139 3498 au
2161 3453 2484 3500 commutato
2507 3444 2612 3499 v’d.
2639 3445 2726 3499 ubi
2753 3447 2819 3500 de
2839 3445 2986 3498 sonis
3014 3443 3042 3516 ς
3072 3444 3165 3512 29,
3189 3444 3242 3500 5.
3275 3463 3294 3497 ι

2165 3534 2192 3605 §
2222 3535 2310 3589 79.
2335 3536 2389 3605 β.
2421 3533 2612 3588 Forma
2642 3535 2886 3589 radiculis
2908 3536 2990 3606 -ju
3015 3551 3034 3589 :
3064 3532 3362 3590 STUBJU.

2406 3627 2554 3696 Sing.
3105 3625 3251 3681 Plur.

2135 3712 2291 3768 Nam.
2331 3714 2531 3786 stubjus
2557 3715 2729 3785 pulvis

2139 3802 2266 3857 Voc.
2332 3803 2506 3872 stubju
2566 3803 2736 3872 pulvis

2138 3895 2266 3949 Acc.
2329 3894 2503 3964 stubju
2563 3893 2835 3962 pulverem

2139 3986 2230 4039 Dat
2242 4023 2256 4038 .
2325 3984 2533 4054 stubjau
2567 3982 2766 4050 pulveri

2139 4075 2274 4130 Gen.
2319 4076 2551 4143 stubjaus
2571 4070 2805 4142 pulveris

2069 4168 2160 4223 Sic
2186 4166 2522 4221 declinantur
2548 4169 2778 4236 assarjus
2821 4164 3090 4231 denarius,
3130 4165 3348 4234 drunjus
3387 4176 3575 4218 sonus.

2079 4279 2096 4312 ι
2129 4261 2508 4314 Anuotatio.—
2524 4256 2712 4311 Forma
2741 4257 2959 4326 pluralis
2988 4255 3200 4325 probari
3231 4256 3430 4322 nequ't,
3455 4268 3578 4321 quas

2002 4353 2363 4409 verisimiliter
2387 4360 2603 4404 sonaret
2640 4351 2858 4419 stubjus,
2884 4349 3138 4419 stubjuns,
3163 4347 3408 4417 stubjum,
3439 4345 3579 4399 stu!»

1995 4447 2104 4519 jive
2131 4444 2295 4515 (stubi-
2315 4461 2341 4497 e
2361 4444 2386 4497 Ξ)
2410 4442 2634 4496 Grimm.
2662 4439 2704 4504 l,
2735 4438 2882 4508 601).
2926 4458 2943 4491 ο

2604 4532 2654 4585 b.
2683 4531 2960 4586 Neutrum.

3014 3904 3118 3945 non
3145 3889 3396 3946 occurrit.

2282 4646 2309 4697 ε
2333 4627 2419 4681 80.
2445 4623 2637 4679 Forma
2664 4621 2911 4678 radiculis
2937 4637 2995 4675 σα
3027 4638 3041 4673 :
3079 4618 3123 4674 F
3127 4619 3204 4675 ΑΙ
3212 4620 3260 4674 II
3270 4619 3334 4676 (ἶ.

2369 4717 2517 4785 Siug.
3301 4709 3445 4770 Plur.

2140 4810 2293 4866 Nam.
2333 4810 2478 4876 [ai/tu
2694 4805 2917 4862 facultas

2145 4902 2274 4976 Voc.
2332 4899 2478 4970 fui/tu
2696 4897 2922 4952 facultas

2144 4994 2271 5048 Acc.
2323 4991 2468 5061 failzu
2690 4988 2999 5043 facultatem
3203 5000 3307 5038 non
3331 4990 3563 5038 occurrit

2144 5085 2259 5140 Dat.
2325 5084 2504 5154 {aihau
2693 5080 2930 5135 facultati

2141 5177 2276 5232 Gen.
2317 5176 2518 5246 {uilicus
2693 5170 2956 5226 facultatis

2074 5268 2164 5326 Sic
2188 5266 2487 5322 declinatur
2511 5264 2670 5318 etiam
2693 5263 2839 5332 gairu
2869 5261 3156 5331 ﬂagellum.

2326 5342 2328 5344 ’
2571 5371 2616 5409 c.
2649 5353 3003 5408 Femininum.

2221 5449 2249 5520 §
2273 5449 2360 5504 8|.
2387 5468 2441 5502 α.
2467 5444 2656 5499 Forma
2686 5441 2933 5497 radicalis
2953 5457 3012 5495 -u
3040 5456 3060 5494 :
3085 5437 3360 5493 HANDU.

2383 5537 2532 5604 Siug.
3071 5534 3212 5586 Plur.

2151 5630 2304 5686 Nom.
2335 5628 2537 5680 Itandus
2560 5639 2748 5681 manus
2971 5623 3132 5689 handj
3169 5636 3194 5675 s
3251 5635 3442 5675 manus

2153 5721 2286 5778 Voc.
2333 5716 2507 5774 handu
2563 5731 2751 5774 manus
2978 5717 3203 5785 handjus
3254 5723 3441 5769 manus
