4014 6172
627 261 730 314 965

627 379 919 447 ΜΑΝΝΑ,
960 388 1067 434 tum
1105 393 1168 432 ex
1216 376 1392 432 radice
1443 374 1600 429 MAN
1642 377 1907 445 emirmat,
1950 375 2194 447 sequenti

628 470 790 525 modo
820 487 832 522 :

960 557 1106 625 Sing.
1806 553 1948 608 Plur.

625 647 986 701 Nom.manna
1060 645 1219 698 homo
1430 658 1606 705 mana,
1637 659 1886 697 mmmam
1918 643 2162 699 homines

628 738 756 791 Voc.
798 752 984 788 manna
1059 735 1220 788 homo
1434 731 1626 803 (mam)
1918 733 2160 788 homines

625 833 754 882 Acc.
800 841 1018 878 niannau
1060 825 1330 878 hominem
1438 841 1604 889 mam,
1638 840 1884 877 mannans
1914 824 2161 878 homines

627 916 743 969 Dat.
798 931 951 967 manu
1060 913 1261 967 humini
1431 930 1673 967 mannam
1888 913 2197 968 hominibus

625 1004 762 1060 Gen.
795 1021 940 1056 mana
1061 1004 1291 1057 hominis
1424 1019 1610 1056 manne
1897 1003 2170 1056 hominum

690 1121 748 1188 2)
777 1120 974 1172 Eodem
1004 1119 1162 1172 modo
1187 1122 1299 1187 fon,
1323 1127 1495 1172 neutr.
1525 1118 1682 1188 ignis,
1707 1117 1760 1172 in
1791 1117 2042 1186 singulari
2077 1126 2198 1172 tan—

624 1218 734 1262 tum
784 1225 1088 1274 occurrens,
1133 1223 1260 1263 suos
1304 1224 1458 1264 castis
1506 1225 1535 1263 ι
1587 1208 1853 1263 radicibus
1894 1205 2098 1263 FONA
2141 1217 2198 1264 et

626 1299 932 1355 FUNAN:

1044 1393 1195 1446 Num.
1286 1397 1375 1460 fon
1599 1407 1736 1460 tgnts

1052 1486 1182 1537 Acc.
1285 1483 1375 1550 {an
1507 1546 1510 1547 ν
1594 1481 1772 1550 ignem

1047 1573 1166 1628 Dat.
1289 1572 1439 1641 fuitin
1595 1570 1705 1640 igni

1049 1663 1188 1718 Gen.
1281 1664 1456 1732 [unius
1597 1663 1734 1732 ignis

691 1753 748 1824 5)
779 1752 1028 1818 Fadrein,
1051 1753 1216 1822 quod,
1243 1754 1363 1808 licet
1393 1753 1549 1823 juxta
1574 1753 1819 1819 formam,
1852 1763 2099 1808 neutrum
2128 1752 2199 1805 sit

621 1845 912 1915 singulare,
947 1844 1006 1896 in
1048 1842 1374 1897 nominativo
1413 1851 1469 1897 et
1504 1845 1804 1897 accusativo
1845 1851 1902 1896 ut
1939 1841 2194 1896 masculi-

622 1950 749 1989 nnm
792 1933 990 2001 plurale
1021 1943 1329 2000 usurpatur,
1363 1947 1451 1986 ex.
1479 1948 1562 2000 gr.
1603 1949 1617 1985 :
1655 1931 1753 2003 [mi
1799 1933 2003 2002 fadrein
2035 1933 2190 1988 Joan.

622 2039 697 2092 tx,
719 2022 812 2086 20,
845 2022 980 2091 [iam
1011 2021 1214 2090 [adrein
1245 2037 1317 2086 ix,
1347 2022 1432 2075 18.
1467 2022 1609 2076 Loco
1629 2035 1944 2077 cancrorum
1972 2037 2192 2077 casuum

622 2112 878 2181 regularis
901 2111 1038 2178 plur.
1067 2110 1301 2179 fadreina
1329 2110 1477 2180 (Cor.
1509 2109 1575 2174 ll,
1607 2127 1700 2176 xu,
1738 2113 1826 2180 14)
1859 2113 2194 2166 communius

620 2202 860 2256 adhiberi
883 2201 1113 2268 videtur,
1133 2215 1318 2270 ex.gr.
1345 2215 1362 2254 :
1391 2201 1676 2269 fadrcinam
1698 2201 1810 2256 Col.
1835 2203 2023 2266 ut,‘20;
2049 2201 2189 2255 Tim.

622 2293 686 2361 ll,
730 2307 809 2357 tu,
846 2292 900 2346 2.
945 2291 1094 2346 Unde
1133 2293 1299 2362 quaeri
1342 2301 1536 2362 potest,
1577 2303 1752 2346 utrum
1802 2293 2021 2362 fadrein,
2055 2303 2110 2346 ut
2137 2292 2191 2346 in

619 2381 880 2452 glossario
909 2381 1017 2436 scri
1038 2382 1184 2446 iitur,
1230 2383 1444 2449 proprie
1469 2381 1886 2448 indeclinabile,
1917 2398 1983 2436 an
2016 2389 2191 2451 potius

621 2482 871 2542 tanquam
902 2471 1220 2526 defectivum
1254 2471 1553 2525 habendum
1584 2472 1675 2526 sit.

1058 2601 1357 2644 NOMINUM
1414 2601 1821 2643 PROPBIORL‘M
1867 2602 1947 2644 ΕΤ
1990 2602 2192 2644 PEBE-

1227 2701 1580 2745 GBINOBUM.

692 2785 720 2857 ᾗ
748 2785 836 2839 94.
877 2784 1075 2838 [lorum
1102 2785 1377 2839 nominum
1409 2793 1462 2838 et
1491 2783 1867 2838 vocabulorum
1904 2782 2190 2838 declinatio

617 2876 884 2948 peculiare
913 2876 1137 2944 requirit
1155 2890 1400 2929 examen.
1432 2877 1685 2942 Quamvis
1710 2877 1851 2930 enim
1879 2877 2074 2946 gothus
2102 2893 2192 2946 pe-

617 2968 880 3036 regrinam
905 2980 1198 3036 grtccorutn
1218 2965 1600 3020 Vocabulorum
1622 2967 1844 3020 formam
1869 2969 2189 3037 quandoque

617 3059 869 3112 intactam
888 3057 1196 3122 retinuerit,
1216 3073 1276 3111 ea
1297 3067 1471 3112 tamen
1495 3057 1812 3127 quandoque
1838 3059 1997 3113 etiam
2015 3059 2187 3128 gothi-

617 3166 797 3204 eorum
837 3150 1214 3204 vocabulorum
1252 3153 1318 3202 ad
1359 3150 1524 3204 instar
1552 3152 1767 3205 ﬂectere
1804 3160 2026 3206 conatus
2061 3159 2184 3206 est:

617 3242 740 3296 hinc
777 3257 963 3295 eorum
1002 3241 1358 3296 deﬂexionem
1401 3241 1472 3296 ab
1519 3256 1730 3297 assueta
1763 3241 1931 3296 forma
1962 3251 2188 3314 praster-

617 3332 828 3385 mittere
859 3331 1026 3385 nefas.
1058 3331 1173 3385 Jam
1206 3347 1333 3385 vero
1357 3332 1506 3402 juxta
1531 3334 1773 3402 gothicas
1800 3335 2184 3392 declinationes

616 3419 949 3488 ordinantur,
981 3429 1039 3475 ut
1068 3421 1327 3489 sequitur.

999 3533 1056 3575 Δ.
1111 3534 1140 3575 ν
1152 3533 1374 3578 οοΑυΑ
1418 3535 1818 3582 DECLINATIO.

1112 3617 1165 3671 1.
1198 3615 1381 3670 Radic.
1413 3619 1614 3673 vocalis
1644 3637 1697 3674 a.

1190 3723 1242 3760 a.
1275 3706 1644 3764 Masaulinum.

1069 3818 1122 3851 α.
1163 3796 1356 3851 Forma
1386 3798 1634 3854 radicalis
1657 3817 1711 3854 «α
1743 3815 1764 3854 :

682 3888 832 3942 lianc
874 3886 1096 3941 formam
1129 3897 1420 3957 sequuntur
1462 3893 1740 3961 peregrina
1781 3893 2037 3949 vocabula
2083 3911 2183 3951 nu-

611 3994 760 4034 mero
788 3979 1033 4047 plurima,
1066 3987 1126 4032 ut
1152 3997 1166 4032 :
1196 3979 1443 4050 abjabar,
1477 3983 1661 4052 aibair,
1697 3985 1963 4052 abraltam,
1997 3995 2180 4058 aaam,

612 4071 841 4134 bailiam,
864 4070 1078 4136 bauaus,
1109 4071 1308 4136 daveid,
1334 4071 1503 4138 iakob,
1532 4073 1660 4140 "uult,
1692 4078 1868 4144 israel,
1894 4080 2044 4148 iure],
2073 4077 2184 4131 1ίαὶ-

610 4181 716 4231 sar,
749 4164 854 4232 (ad,
891 4181 1073 4230 nterea,
1113 4165 1435 4233 saulaumon,
1475 4170 1688 4234 seimon,
1735 4172 1939 4241 sileam,
1981 4175 2180 4244 fanuel,

609 4262 738 4318 etc.,
785 4268 851 4308 eo
898 4265 1073 4310 tamen
1115 4255 1442 4323 discrimine,
1482 4260 1623 4330 quod
1651 4261 1718 4316 ad
1748 4265 2129 4322 nominativum
2157 4283 2183 4322 ο

609 4361 712 4400 non
743 4346 1015 4414 adjiciant.
1047 4347 1188 4403 Idem
1213 4348 1498 4406 dicendum
1529 4361 1614 4408 est
1636 4353 1704 4410 de
1727 4356 1942 4425 gothico
1964 4360 2180 4416 nomine

609 4437 824 4508 riljarip
856 4442 908 4493 in
937 4438 988 4494 d.
1009 4451 1258 4495 cumeuto
1288 4445 1644 4513 neapolitano.

899 4533 902 4537 “
1033 4531 1091 4602 β.
1123 4530 1311 4586 Forma
1358 4536 1606 4592 radicalis
1636 4543 1717 4606 οἱα
1745 4556 1764 4594 :

621 2602 842 2645 DECLIN
855 2601 998 2645 ΔΤΙΟ

680 4615 930 4684 Laivveis,
955 4621 1294 4689 lyddomaeis,
1315 4625 1590 4696 (mailkeir,
1617 4630 1742 4686 Luc.
1770 4647 1849 4701 ut,
1873 4633 1988 4702 ει),
2011 4637 2179 4692 naito-

608 4712 776 4780 fauis,
807 4713 1209 4782 praizbytaireis,
1239 4720 1563 4774 saudaameis

1167 4825 1218 4880 ὁ.
1258 4826 1612 4886 Femininum.

683 4907 758 4963 Eo
774 4912 931 4967 modo
946 4914 1279 4974 declinantur
1297 4937 1402 4976 non
1420 4938 1584 4990 pauca
1609 4928 1822 4982 nomina
1836 4939 1886 4984 et
1917 4933 2176 4989 vocabula

605 5002 907 5070 peregrina,
937 5014 995 5058 ut
1019 5006 1190 5078 akaja,
1214 5013 1496 5080 autiaukia,
1513 5015 1644 5080 asia,
1663 5019 1877 5086 galatia,
1894 5021 2174 5091 dalmatia,

600 5091 988 5165 iairuxaulyma.
1006 5097 1453 5175 kileikia,lauidja,
1469 5107 1740 5162 makidona
1757 5110 1838 5165 vel
1855 5112 2173 5187 makidonja,

600 5196 881 5253 paurpura.
911 5187 1137 5256 aeidona,
1167 5193 1338 5261 syria,
1371 5197 1609 5259 trauada,
1640 5205 1775 5267 lyra,
1802 5201 2004 5274 ﬁlippa,
2034 5213 2174 5273 etc.;

599 5285 720 5339 qua:
753 5282 929 5328 tamen
960 5276 1012 5330 in
1043 5280 1278 5347 genitivo
1315 5285 1741 5342 terminationem
1779 5291 1886 5344 οαίι
1915 5292 2030 5347 loco
2069 5312 2171 5361 -οδ,

601 5363 886 5432 recipiunt.
918 5382 1004 5421 ex.
1040 5384 1124 5438 gr.
1161 5374 1360 5428 :asiais
1397 5375 1522 5433 Cor.
1569 5377 1611 5444 l,
1647 5395 1755 5445 xvt,
1797 5382 1884 5449 19,
1925 5384 2175 5443 Ιεὶιείιςὶαίσ

603 5449 718 5506 Gal.
753 5470 793 5518 ι,
814 5454 904 5508 2|.
926 5457 1237 5528 Regularius
1259 5465 1655 5538 iairusaulyntos
1681 5473 1818 5542 apud
1847 5475 1974 5530 Luc.
2010 5493 2068 5545 ll,
2104 5480 2174 5535 58

601 5547 850 5602 occurrit.
884 5549 1159 5623 Synagoge
1194 5568 1225 5607 e
1251 5558 1540 5624 contrario,
1563 5563 1704 5630 quod
1726 5565 1856 5620 alias
1875 5581 2175 5625 consonan-

603 5638 682 5682 ιρι·
712 5634 960 5708 ﬂectitur,
989 5643 1284 5712 genitivum
1308 5653 1612 5722 synagoga“;
1637 5655 1774 5724 apud
1805 5657 1934 5717 Luc.
1967 5677 2078 5729 vut,
2102 5671 2164 5727 4i

1631 259 2079 316 Cli-AMMATICA
2119 260 2442 321 αοτιιιωε
2485 265 2785 323 LINGUE.

2134 260 2442 321 ςοτιιιωε
2485 265 2785 323 LINGUE.
3650 283 3719 336 θα

2299 386 2354 432 et
2379 378 2534 435 Joan.
2568 397 2641 448 ix,
2662 383 2724 435 21
2751 384 2938 451 habet;
2970 387 3176 444 dativus
3197 400 3358 448 autem
3385 390 3554 460 inuidia
3571 393 3728 463 Tutu“,

2301 483 2339 534 ι,
2369 465 2402 520 5
2421 471 2673 526 tuendum
2701 483 2786 528 est
2815 475 3022 532 librarii
3053 493 3150 547 pro
3173 481 3391 552 lauidjai.

2797 585 2852 644 Ξ.
2885 587 3067 644 Radic.
3095 593 3287 647 vocalis
3305 594 3341 648 i.

2887 700 3252 759 Masculinum.

2368 804 2445 859 Eo
2475 806 2634 862 modo
2677 818 2879 866 tantum
2915 813 3197 872 ﬂectuntur
3231 820 3425 874 nomina
3460 824 3674 891 gentil‘nit,
3705 831 3741 874 ut

2295 909 2418 947 saur
2449 897 2635 967 Syrus,
2669 901 2776 957 dat.
2809 905 2945 971 plur.
2974 910 3167 962 saarim
3187 910 3304 966 Luc.
3327 929 3380 980 tt,
3407 915 3453 981 2,
3477 923 3736 986 praesertimtn

2298 983 2487 1051 plurali
2519 988 2878 1059 :makidoneix,
2910 999 3186 1065 rumonet’s,
3221 1003 3464 1067 seidoneu,
3506 1010 3735 1065 sandaraca

2296 1075 2448 1145 (Luc.
2490 1094 2622 1144 xvu,
2670 1081 2785 1152 29),
2843 1087 3077 1156 galateis,
3119 1092 3514 1163 iaiiusaulymeis.
3555 1098 3736 1156 Nonnulla

2295 1166 2455 1220 etiam
2487 1168 2538 1222 in
2571 1173 2897 1228 nominativo
2911 1177 3049 1247 sing.
3089 1194 3310 1249 graecam
3357 1186 3741 1244 terntinationema

2296 1255 2520 1314 habent:
2545 1261 2844 1329 israeleilcs,
2873 1269 3185 1336 samareites,
3205 1272 3616 1342 iairusaulymeites.

2787 1375 2843 1429 5.
2875 1376 2986 1430 Rad
3011 1393 3058 1432 c.
3091 1381 3284 1434 vocalis
3309 1398 3356 1438 ιι.

2892 1487 3258 1546 Masculinum.

2367 1589 2482 1646 Huc
2515 1593 2792 1649 referenda
2831 1607 2956 1650 sunt
2995 1599 3250 1654 vocabula
3283 1617 3487 1657 numero
3511 1605 3692 1670 plurima,
3710 1618 3748 1661 ut

2293 1685 2517 1752 aggilus,
2543 1685 2890 1756 aipiskaupus,
2921 1689 3180 1759 aifaixiux,
3210 1692 3403 1763 akajus,
3445 1695 3618 1764 aifaiut,
3641 1713 3749 1766 apal-

2292 1775 2507 1838 uaulm,
2535 1774 3012 1846 harpaulaumaius,
3059 1786 3396 1852 gaddarenns,
3445 1787 3748 1857 qairgaisaim,

2293 1863 2537 1932 galatius,
2581 1864 2869 1933 guleilaius,
2908 1869 3247 1936 zaibaidaius,
3287 1873 3522 1934 zakkaius,
3545 1876 3747 1941 Ιιαὲόησιε,

2292 1950 2522 2017 ἰαΙςοὸιιε,
2547 1955 2850 2017 iaurdanus,
2888 1959 3116 2024 indaius,
3151 1961 3468 2034 hauriupitts,
3488 1966 3750 2035 nitendum,

2291 2043 2506 2110 paitrus,
2529 2046 2727 2114 panius,
2757 2046 2994 2112 perlatus,
3021 2051 3355 2120 saddukvtius,
3384 2056 3617 2118 seimonur,
3634 2059 3750 2108 tabui-

2291 2130 2422 2196 rius,
2455 2134 2826 2204 teimaapuiux,
2859 2140 3032 2206 teitus,
3074 2141 3367 2209 fareisams,
3405 2147 3658 2214 ﬁlippisita,
3684 2157 3751 2202 ett.

2293 2219 2404 2274 lloc
2433 2229 2612 2276 tamen
2633 2235 2715 2278 est
2738 2226 3293 2300 animadvertendum,
3313 2235 3442 2304 quod
3462 2238 3753 2290 nominativum

2291 2318 2428 2384 plur.
2461 2319 2512 2372 in
2543 2321 2659 2383 -eis,
2687 2322 2974 2391 genitivum
3007 2327 3146 2394 plur.
3183 2329 3235 2382 in
3263 2345 3317 2383 οε
3331 2331 3753 2399 elforment,ex.gr.t

2288 2412 2658 2479 apaustauleis,
2688 2415 3008 2485 apnustanle,
3047 2420 3291 2485 iudaieis,
3311 2422 3490 2486 iudaie,
3531 2423 3599 2476 his
3618 2431 3755 2474 tantttlt

2288 2503 2547 2570 exceptis,
2577 2520 2694 2573 qum
2719 2507 2770 2559 in
2809 2507 3065 2578 singulari
3093 2510 3154 2563 in
3183 2513 3288 2565 ~ius
3313 2512 3557 2577 desinunt,
3587 2511 3632 2567 ut
3657 2512 3758 2580 nilei.

2288 2593 2416 2658 eius,
2462 2591 2792 2666 haurirtpius,
2832 2597 3135 2668 ﬁli'ppisius,
3180 2588 3400 2671 quicque
3434 2606 3483 2658 in
3521 2604 3758 2657 nominativo

2287 2683 2425 2750 plur.
2455 2685 2643 2738 eodem
2675 2685 2777 2742 hoc
2805 2687 2968 2742 modo
2997 2700 3215 2744 acuant.
3244 2693 3400 2747 Datur
3425 2695 3568 2749 etiam
3591 2693 3761 2748 nomina-

2289 2771 2427 2826 tivus
2463 2776 2599 2842 plur.
2638 2776 2863 2849 aggiljus
2903 2778 3004 2833 Mc.
3040 2796 3136 2847 xu,
3175 2783 3283 2848 25;
3325 2784 3448 2839 Luc.
3476 2800 3526 2849 ιι,
3555 2785 3630 2849 15;
3657 2785 3762 2837 Rom.

2285 2878 2399 2927 vut,
2429 2863 2496 2918 58
2518 2880 2637 2920 cum
2668 2869 2883 2938 aggileis
2922 2871 3020 2925 Mc.
3054 2889 3092 2926 t.
3129 2875 3215 2928 15.
3247 2877 3487 2941 Quaedam
3515 2877 3560 2930 in
3592 2873 3763 2929 nantia.

2287 2954 2396 3008 tivo
2421 2954 2555 3024 sing.
2576 2972 2627 3010 es
2647 2971 2858 3026 quoque
2886 2959 3004 3014 loco
3021 2978 3081 3014 ua
3107 2965 3390 3033 accipiunt,
3407 2977 3459 3019 ut
3481 2963 3753 3035 praefatam:

2287 3056 2362 3104 vt,
2393 3042 2494 3107 £5;
2521 3059 2594 3109 xt,
2622 3045 2711 3109 52,
2735 3045 3000 3102 iskariotea
3032 3050 3195 3106 Joau.
3238 3069 3330 3118 xu,
3375 3057 3429 3119 4,
3456 3070 3549 3124 qua
3574 3067 3680 3107 nova
3697 3061 3770 3105 tet-

2288 3133 2582 3190 minatione
2605 3136 2670 3190 ad
2697 3151 2856 3207 supra
2887 3153 3183 3197 memorata
3214 3146 3498 3211 iaraeleiles,
3534 3143 3766 3205 tentarem,

2284 3226 2747 3297 iairusaulymeites
2785 3232 3066 3287 accedunt.
3096 3236 3318 3290 Dativus
3344 3236 3579 3290 ialtaanatt
3603 3234 3767 3297 Lacu,

2285 3319 2318 3375 9
2339 3334 2368 3372 a
2389 3321 2634 3374 ioltannes
2667 3324 2866 3392 pariter
2894 3325 3126 3380 efﬁcitur

2364 3431 2381 3463 ι
2418 3411 2803 3468 Aunotatio.—
2826 3416 2907 3469 Ad
2935 3419 3234 3474 vocalicam
3264 3420 3634 3476 declinationem
3655 3413 3767 3486 perti-

2287 3512 2434 3569 nent,
2453 3505 2578 3559 licet
2601 3505 2729 3560 nulli
2757 3507 3011 3575 peculiari
3031 3509 3222 3566 forma
3243 3513 3768 3583 sultjiciantur,seqncn-

2285 3596 2356 3648 tia
2386 3611 2399 3646 :
2432 3610 2553 3659 ano,
2577 3610 2700 3664 gen.
2730 3612 2891 3662 anas;
2925 3597 3074 3662 aciei,
3105 3615 3238 3669 gen.
3279 3602 3465 3666 heleis;
3489 3600 3659 3672 naggai,
3683 3611 3766 3665 gen.

2285 3686 2532 3754 naggais;
2563 3685 2795 3748 heredes.
2820 3688 2930 3743 dat.
2963 3689 3178 3759 Iteroda,
3207 3708 3333 3764 gen.
3362 3694 3558 3748 herode:
3581 3692 3648 3746 vel
3669 3689 3769 3740 km-

2283 3773 2398 3838 dis;
2421 3774 2689 3841 iohannes,
2715 3791 2830 3831 acc.
2857 3778 3115 3834 ioltannen
3147 3783 3395 3851 (io/ianua
3423 3782 3516 3837 Mc.
3540 3799 3574 3846 ι,
3597 3779 3766 3849 i9),dat.

2281 3865 2534 3930 ioltamte,
2592 3867 2846 3921 ioltannen
2895 3880 2949 3924 et
2997 3873 3264 3927 "whattnau
3323 3876 3448 3930 Luc.
3493 3890 3569 3939 Ix,
3603 3875 3652 3937 9,
3684 3883 3768 3939 seu.

2282 3952 2526 4008 ioltannes
2554 3957 2635 4009 vel
2650 3955 2913 4013 ioltannis.
2934 3959 3294 4018 Probabiliter
3314 3964 3560 4018 taitrarka
3585 4003 3598 4027 ,
3617 3965 3766 4033 Ῑαηκιεν

2283 4044 2557 4110 mambm,
2600 4047 2956 4119 airmogat'neis
2984 4053 3149 4108 simili
3179 4057 3342 4112 modo
3366 4066 3485 4111 sunt
3508 4053 3728 4110 ﬂectenda.
3753 4067 3765 4099 I

2554 4201 2613 4243 B.
2664 4196 3142 4252 CONSONANTICA
3188 4209 3568 4254 DBCLINATIO.

2831 4322 2883 4360 a.
2912 4307 3284 4368 Masculinum.

2356 4415 2383 4484 §
2415 4414 2505 4470 95.
2552 4416 2682 4482 Qua:
2723 4417 2825 4472 huc
2864 4424 3188 4478 arcessenda
3234 4435 3360 4479 sunt
3395 4424 3522 4487 abia,
3561 4416 3767 4476 animi",

2282 4503 2532 4571 barakeia,
2565 4506 2720 4575 Ite/ia,
2763 4507 3056 4578 [)ymiama,
3097 4511 3306 4583 kajafa,
3339 4514 3478 4577 kusa,
3518 4525 3647 4580 papa.
3676 4519 3764 4566 των

2279 4603 2479 4661 satana,
2512 4603 2640 4659 etc.,
2675 4596 2832 4665 plane
2861 4601 3179 4668 regulariter
3209 4603 3554 4664 declinantur,
3584 4598 3664 4652 hoc
3686 4605 3764 4646 tan-

2281 4689 2391 4735 tum
2422 4695 2671 4752 excepto,
2720 4685 2861 4754 quod
2892 4689 3042 4756 plura
3072 4705 3372 4758 graecorum
3399 4692 3460 4743 ad
3487 4691 3628 4744 instar
3648 4685 3685 4737 in
3705 4693 3766 4734 no-

2283 4773 2534 4827 minativo
2552 4775 2686 4844 sing.
2707 4793 2732 4828 ε
2747 4778 3029 4846 accipiant,
3053 4790 3108 4832 ut
3129 4779 3761 4851 aipafras,andraias,mman

2281 4862 2548 4923 barnabas,
2587 4865 2798 4928 esaet'aa,
2834 4865 3079 4932 aakart'as,
3111 4871 3298 4935 ltelias,
3325 4861 3759 4941 pantagiairafm'“.

2279 4949 2448 5016 indas,
2479 4951 2644 5016 (ultas,
2671 4955 2878 5020 tabeias,
2913 4965 3144 5025 satanas,
3175 4971 3282 5014 etc.
3314 4961 3402 5015 Sic
3429 4974 3484 5014 se
3509 4957 3641 5011 habet
3655 4952 3760 5004 etii

2281 5055 2473 5095 nomen
2501 5041 2772 5110 go;hicntn
2799 5047 3168 5119 sunjaifripas.

2346 5129 2503 5184 Juxta
2519 5132 2653 5187 hanc
2663 5149 2872 5205 quoque
2884 5137 3297 5196 declinationem
3314 5141 3526 5211 plurima
3551 5137 3758 5191 ﬁcetum“!

2279 5218 2552 5287 feminina,
2584 5231 2642 5276 ut
2671 5225 2862 5289 aiodia,
2902 5226 3146 5297 bepam'a,
3162 5231 3424 5301 gaiainna,
3439 5230 3598 5294 maria,
3611 5221 3755 5292 πιαιρι

2277 5313 2523 5376 xantaria,
2537 5329 2701 5381 aarra,
2717 5325 2771 5370 et
2781 5318 3235 5385 probabiliteralia
3252 5322 3418 5391 plura,
3431 5308 3756 5378 utairtaaxaibai

2279 5403 2394 5469 kka,
2436 5406 2628 5474 priska,
2660 5424 2903 5475 susanna,
2937 5413 3242 5480 saudauma,
3265 5423 3366 5469 etc.
3392 5415 3578 5468 Pariter
3591 5402 3760 5464 occur?“

2278 5499 2610 5554 accusativus
2623 5500 2758 5569 plur.
2774 5503 3076 5572 aipistulam
3089 5503 3282 5561 Nelt.vi
3303 5547 3318 5570 ,
3333 5506 3414 5572 l7,
3434 5495 3757 5570 19ειιιαὶρὲειιιιέο

2279 5588 2356 5642 Ex
2370 5587 2546 5645 dativo
2565 5591 2891 5648 herodiadein
2923 5598 3044 5666 (pro
3064 5597 3124 5651 Ite
3135 5601 3374 5654 rodiadin
3389 5601 3432 5668 Ρ)
3451 5599 3558 5653 Luc.
3571 5611 3636 5656 nt,
3657 5589 3703 5643 l9
3722 5593 3758 5637 ei

2277 5679 2852 5746 Senitivolterodiadins
2865 5686 2965 5742 Mc.
2983 5703 3056 5755 vt,
3078 5689 3162 5755 17,
3182 5686 3758 5760 ἳὲοοιιῇὶςοῑθιίςριηοωι·
