4080 6196
335 339 446 395 9C9
1355 353 1447 412 DE
1486 349 1986 414 DECLINATIONE
2027 348 2399 413 ADJECTIVI.
3411 351 3516 413 970

486 471 512 536 ᾗ
541 469 630 526 99.
653 471 709 527 2.
733 468 924 525 Forma
952 468 1199 524 radicalis
1229 470 1270 520 οἱ
1292 485 1311 523 .·
1339 468 1514 524 SUTI
1567 470 1731 535 mitis,
1762 468 2039 524 IIRAINI
2077 486 2260 538 purus,
2293 469 2378 524 NI
2393 469 2469 524 VI
2499 484 2689 537 novus,
2709 470 2910 542 γηρι
2934 469 3218 528 silvestris.

1655 597 1706 634 α.
1754 579 2124 634 Masculmum.

325 672 475 742 Siug.
611 687 759 726 num.
971 670 1096 722 sutis
1621 670 1796 723 brain:

2274 673 2428 740 niujis
2882 671 3072 743 υἱιρεἱε

622 774 737 814 acc.
971 761 1178 828 sutjana
1623 759 1903 827 hrainjann
2273 761 2486 832 uiujana
2885 764 3128 835 vilpjanu

616 855 727 907 dat.
973 855 1251 922 sutjamma
1622 853 1968 922 hrainjammtt
2271 853 2555 924 uiujammn
2879 856 3192 927 vilpjantma

613 959 734 1012 gen.
969 945 1120 1015 sutjis
1622 942 1843 1012 hrainjis
2269 942 2432 1011 uiujis
2886 943 3078 1016 villici:

335 1032 479 1088 Plur.
611 1047 756 1087 unm.
979 1033 1138 1097 stttjai
1623 1031 1852 1101 Itrainjai
2278 1031 2445 1100 uiujat
2888 1035 3083 1107 vilpjai

621 1139 734 1178 acc.
981 1124 1180 1192 sutjam
1219 1177 1231 1188 ,
1629 1122 1898 1194 Itrainjans
2271 1123 2484 1192 niujans
2887 1127 3119 1198 vilpjan's

616 1215 724 1268 dat.
976 1214 1186 1284 sutjaim
1633 1215 1912 1285 hrainjnim
2272 1215 2490 1285 niujaim
2885 1218 3130 1288 uilpjaim

620 1323 740 1376 gen.
974 1307 1192 1378 sutjaizc
1624 1305 1908 1374 hrainjaize
2269 1305 2493 1374 m'ujaize
2887 1307 3138 1378 vilpjaizc

1661 1397 1708 1450 ὁ.
1743 1395 2025 1452 Neutrum.

329 1496 481 1566 Siug.
621 1510 766 1550 nom.
970 1496 1072 1550 stiti
1622 1492 1774 1545 Itrain
2260 1488 2435 1560 (nivi),
2470 1489 2670 1561 niujata
2897 1492 3035 1564 υἱιρἱ

616 1602 728 1642 acc.
967 1587 1074 1640 διιιὶ
1607 1585 1764 1637 ἠναὶη
2258 1582 2432 1652 (nivi),
2456 1583 2659 1653 nittjata
2889 1584 3029 1656 vilpi

607 1681 719 1731 tlal.
971 1679 1246 1745 sutjamma
1618 1675 1964 1742 (trainjamma
2255 1672 2542 1743 niujamma
2884 1677 3193 1748 cilpjammit

612 1784 734 1836 gen.
969 1769 1118 1839 sntjis
1616 1767 1834 1837 hrainjt's
2263 1765 2419 1834 uiujis
2885 1769 3121 1839 (vilpeis)

328 1862 474 1916 Plur.
622 1876 742 1913 uotn
974 1863 1113 1924 stitia
1621 1860 1832 1930 Itrat'njn
2264 1860 2412 1925 ninia
2886 1857 3062 1932 vilpja

614 1969 727 2006 acc.
973 1955 1111 2017 stitia
1620 1953 1829 2023 Iit-ainja
2263 1952 2409 2016 ninia
2894 1954 3068 2026 vilpja

613 2049 722 2100 dat.
967 2046 1177 2118 sutjnim
1613 2044 1895 2112 hrainjaim
2257 2041 2475 2114 niujaim
2887 2047 3132 2118 oilpjaim

615 2155 740 2209 gen.
972 2140 1184 2208 sutjaize
1437 2189 1440 2192 ,
1612 2136 1904 2205 hrainjaize
2255 2135 2478 2204 uiujaize
2901 2137 3154 2209 vilpjaize

1658 2245 1706 2281 ε.
1737 2227 2092 2283 Femininum.

326 2320 479 2394 Siug.
615 2339 762 2376 nom.
974 2323 1119 2391 (stiti)
1613 2320 1842 2390 (hmine)
2259 2320 2404 2391 nittja
2899 2323 3123 2398 (vilpja)

614 2428 725 2467 acc.
974 2417 1110 2483 sutja
1613 2409 1822 2474 hrainia
2260 2403 2407 2480 niuja
2901 2415 3118 2487 (vilpja)

610 2505 722 2559 dat.
967 2507 1126 2577 sutjai
1609 2503 1842 2574 hraiujai
2255 2502 2421 2572 niujai
2899 2505 3098 2583 vilpjai

613 2613 738 2666 gen.
969 2598 1217 2668 sutjaizos
1613 2593 1930 2664 hrat'njaizos
2259 2594 2514 2663 niujaizos
2896 2602 3177 2673 vitpjaiu.

332 2691 478 2746 Plur.
618 2694 764 2745 n'ntn.
977 2693 1143 2762 sutjos
1613 2686 1847 2757 ltrainjos
2256 2685 2428 2754 niujos
2889 2691 3088 2764 vilpjos

617 2799 728 2840 acc.
975 2785 1140 2853 sutjos
1615 2779 1849 2850 hraittjos
2265 2777 2436 2848 m'ujos
2899 2783 3094 2854 vilpjos

613 2875 725 2929 dat.
975 2874 1186 2945 sutjaim
1617 2872 1897 2942 hrat'njnt'm
2265 2871 2481 2942 niujaim
2899 2874 3148 2948 vilpjaim

620 2983 743 3037 Bm.
976 2967 1202 3040 δαμείω
1617 2962 1907 3031 Itrainjaizo
2259 2962 2490 3033 niujaizo
2893 2967 3146 3037 vilﬁjaizo

299 3126 355 3180 In
388 3126 486 3179 hac
507 3122 889 3189 declinatione,
910 3125 1051 3178 circa
1075 3123 1298 3177 formam
1325 3121 1636 3177 nominativi
1664 3123 1804 3192 sing.

207 3234 294 3274 ex
319 3231 418 3286 qua
448 3214 783 3268 accusativus
803 3222 858 3268 et
886 3213 1154 3283 genitivus
1182 3216 1375 3282 partim
1403 3211 1667 3274 derivant,
1697 3227 1810 3266 ma-

207 3313 314 3381 ior
343 3313 584 3362 versatur
631 3305 938 3368 difﬁcultas,
970 3305 1166 3374 quippe
1214 3321 1332 3374 qua:
1375 3319 1480 3358 non
1530 3305 1662 3359 satis
1704 3302 1812 3357 fre-

210 3409 456 3467 quenter
484 3407 756 3467 appareat,
782 3406 836 3450 ut
861 3406 972 3449 tuto
1001 3396 1068 3450 de
1089 3412 1151 3450 ea
1183 3395 1269 3451 lex
1294 3395 1557 3466 generalis
1588 3394 1806 3450 feratur.

211 3492 300 3546 Ut
324 3500 379 3544 ut
406 3501 507 3553 est,
537 3496 823 3557 sequentes
859 3487 964 3540 sint
994 3486 1485 3541 animadversiones
1510 3501 1528 3539 :

306 3583 358 3649 Ι)
390 3581 735 3635 Masculinum
761 3597 775 3631 :

303 3672 357 3740 α)
390 3671 616 3724 Pristina
644 3669 811 3724 forma
839 3668 892 3722 in
920 3669 990 3723 -is
1021 3668 1185 3724 [uisse
1213 3667 1447 3734 videtur,
1469 3683 1534 3724 ex
1567 3683 1672 3738 qua
1701 3677 1810 3722 tum

209 3765 581 3828 dc-tractione,
610 3771 722 3816 tum
765 3761 1352 3832 productione.reliqui
1399 3762 1699 3817 educuntur
1724 3778 1813 3816 ca-

208 3869 353 3919 sus;
382 3853 490 3922 jam
525 3869 653 3906 v:-ro
683 3853 796 3908 hrec
817 3853 984 3908 forma
1015 3870 1119 3908 non
1152 3853 1263 3922 jam
1295 3853 1525 3923 amplius
1552 3855 1808 3920 occurrit,

207 3949 330 4002 nisi
371 3949 423 4001 in
468 3946 660 4000 airlmis
709 3957 926 4001 sanctus
969 3956 1023 4002 et
1062 3948 1190 4000 sutis
1244 3947 1388 4001 mitis
1418 3947 1560 4002 Tim.
1597 3948 1636 4011 I,
1668 3963 1746 4014 Ill,
1779 3947 1812 3999 5

209 4039 396 4110 (navis
435 4047 678 4091 mortuus
709 4037 863 4092 Rom.
898 4053 990 4101 vn,
1022 4038 1094 4105 8).
1129 4037 1384 4106 Equidem
1415 4039 1606 4092 adesse
1636 4048 1814 4107 potest

210 4131 283 4183 in
339 4128 492 4182 airzis
517 4128 694 4192 falsus,
729 4130 1032 4196 analauguis
1060 4130 1427 4195 absconditus,
1460 4133 1668 4184 tumulis
1695 4133 1812 4186 iuu-

209 4219 361 4282 tilis,
421 4222 705 4275 vailameris
751 4221 1055 4287 laudabilis,
1107 4230 1240 4286 etc.,
1279 4223 1373 4278 sed
1407 4238 1502 4292 pro
1549 4239 1609 4278 ea
1648 4225 1809 4279 etiam

209 4312 434 4372 uirzets,
458 4315 763 4382 annlaugns,
796 4324 1005 4376 unnuts,
1038 4314 1308 4368 t'ailamers
1327 4315 1568 4370 adhiberi
1603 4319 1805 4384 potuit;

299 4387 401 4472 ω’(
424 4402 581 4457 ﬁnale
626 4402 776 4458 deest
825 4405 876 4458 iu
925 4403 1105 4457 hraius
1153 4407 1382 4460 mundus
1425 4406 1557 4462 Mth.
1604 4422 1716 4472 νιιι,
1748 4409 1806 4473 5,

211 4495 469 4567 aljalsttns
499 4495 701 4549 alienus
731 4495 887 4548 Rom.
928 4511 1001 4559 χι,
1041 4497 1132 4564 24,
1178 4495 1408 4564 gamm'ns
1428 4498 1609 4553 socius
1649 4498 1805 4553 Ront.

215 4604 298 4647 ιι.
337 4588 426 4654 17,
445 4588 660 4656 gafaurs
685 4588 958 4641 modestus
979 4587 1117 4640 Tim.
1153 4587 1193 4650 Ι,
1219 4603 1297 4652 ιιι,
1325 4588 1381 4644 2.
1411 4589 1690 4642 andanems
1718 4605 1810 4644 ac-
1840 4653 1848 4657 Α

210 4692 413 4749 ceptus
442 4680 572 4734 Luc.
600 4695 676 4744 tv,
703 4676 791 4742 24,
816 4680 967 4734 brttks
996 4682 1138 4734 utilis
1161 4681 1298 4733 Tim.
1322 4679 1384 4746 ΙΙ,
1421 4696 1493 4743 tv,
1522 4683 1577 4734 11
1613 4682 1807 4752 (bleips

214 4773 485 4839 benignus
511 4771 639 4824 Luc.
664 4785 745 4836 νι,
794 4772 894 4835 56;
919 4770 1026 4823 Tit.
1057 4786 1094 4831 ι,
1123 4771 1202 4836 8),
1233 4785 1332 4824 nec
1364 4788 1466 4822 tmu
1497 4779 1552 4824 ct
1590 4772 1677 4824 tibi
1707 4787 1806 4825 vo-

213 4863 353 4917 calis-
389 4863 540 4931 IOnga
575 4861 1061 4932 vel_diphthongus
1107 4863 1157 4913 iu
1207 4861 1388 4916 radice
1438 4862 1712 4926 praecedit,
1749 4872 1805 4915 ut

210 4963 346 5007 sunt
380 4968 395 5006 :
425 4951 565 5022 αιψε
587 4953 852 5014 desertus,
885 4953 1023 5005 riurs
1043 4952 1454 5020 corrumpiltilis.
1479 4954 1581 5005 sel:
1611 4953 1804 5020 bonus,

209 5043 385 5095 skeirs
431 5041 768 5105 manifestus,
799 5041 932 5112 vol):
981 5053 1249 5109 acceptus,
1301 5043 1572 5096 vailamers
1626 5043 1809 5097 lauda-

209 5135 366 5198 bilis,
399 5135 644 5186 anasiuns
688 5134 944 5197 visibilis,
979 5134 1264 5202 aualaugns
1296 5134 1662 5197 absconditus,
1707 5151 1808 5186 au-

206 5225 394 5276 dasets
429 5223 822 5290 ahominabilis,
860 5225 1046 5278 altanus
1090 5226 1332 5294 pulcher,
1365 5225 1550 5296 ufaips
1573 5226 1807 5292 juratus.

204 5315 388 5368 b.reks
416 5317 744 5383 periclitans,
785 5317 1054 5369 analuu'ms
1081 5315 1433 5381 domesticus,
1463 5317 1685 5386 afltaims
1720 5331 1811 5380 pes

205 5408 489 5476 ru-grinus,
523 5405 689 5476 sleips
717 5421 916 5473 smvus,
960 5406 1112 5460 kaurs
1151 5407 1350 5473 gravis,
1383 5405 1584 5475 unch
1626 5406 1810 5461 iueﬂ'a-

201 5497 361 5560 nilis,
392 5497 538 5566 spcds
578 5497 781 5561 tardus,
827 5496 965 5550 alevs
1004 5498 1278 5559 olit-arius.
1330 5496 1551 5565 usgruds
1601 5497 1802 5566 segnis,

204 5587 355 5641 νεὶΙω
398 5602 521 5654 rex,
551 5590 800 5655 princeps
828 5606 843 5652 ;

296 5678 345 5745 ε)
370 5674 395 5728 Ι
423 5692 552 5731 vero
573 5678 624 5730 in
648 5678 695 5729 ei
722 5677 978 5737 dilatatur
1004 5681 1054 5733 in
1075 5677 1246 5749 alpeis
1264 5693 1428 5734 senex
1452 5678 1603 5732 Joan.
1639 5693 1717 5742 ttt,
1747 5678 1803 5744 4,

203 5766 410 5837 eilpeis
439 5767 666 5839 agrcszis
697 5767 851 5824 Rom.
885 5784 958 5831 ιι,
993 5771 1094 5836 l7;
1127 5769 1268 5839 quod
1301 5770 1356 5825 iit
1385 5770 1544 5825 ctiam
1600 5767 1806 5839 praece-

505 5863 777 5921 Ρηιιυι.
830 5859 1058 5922 XVIII.

1912 3120 2163 3176 dentibus
2185 3117 2394 3175 duabus
2413 3122 2856 3188 consonantibus,
2884 3140 3110 3197 quarum
3136 3132 3280 3200 prior
3304 3133 3502 3206 liquida

1912 3227 2016 3278 est,
2068 3222 2126 3267 ut
2162 3213 2372 3282 [airneis
2398 3228 2587 3282 senex,
2635 3218 2815 3272 airzet's
2846 3219 3030 3288 falsus,
3061 3221 3262 3278 mildeis
3303 3227 3502 3293 mollis,

1917 3313 2094 3369 tener,
2123 3304 2385 3374 iugardeis
2427 3307 2740 3377 inquilinus.
2774 3310 2974 3366 Eadem
3007 3313 3312 3370 terminatio
3339 3320 3501 3373 etiam

1917 3395 2267 3462 probabiliter
2293 3395 2601 3464 adhibetur,
2653 3401 3104 3470 quemadmodum
3156 3407 3208 3460 in
3255 3408 3505 3464 substan-

1917 3485 2060 3551 tivis,
2093 3486 2184 3542 ubi
2197 3487 2379 3542 brevis
2417 3488 2622 3560 syllaba
2653 3491 2935 3548 formativa
2968 3497 3241 3563 praecedit,
3269 3513 3358 3554 ex.
3388 3515 3500 3571 gn:

1916 3576 2204 3647 [ramapeis
2231 3577 2457 3645 alienus,
2509 3595 2613 3650 qua
2660 3581 2730 3636 de
2767 3597 2828 3638 re
2875 3594 3050 3641 tamen
3079 3601 3184 3642 non
3214 3599 3391 3645 exstat
3416 3607 3505 3647 aro

1915 3675 2244 3736 gumentum.
2299 3667 2538 3739 Denique
2588 3670 2807 3728 dubium
2839 3685 2943 3742 est,
2975 3686 3154 3733 utrum
3185 3681 3503 3752 daupubleis

1915 3758 1999 3811 vel
2029 3757 2318 3828 daupublis
2349 3761 2591 3815 mortalis
2618 3761 2902 3818 dicendum
2933 3765 3030 3830 sit;
3371 3816 3374 3821 .

1985 3849 2042 3920 ά)
2073 3849 2276 3906 Radice
2299 3853 2537 3907 vocalice
2579 3854 2752 3917 ﬁnita,
2783 3857 3020 3911 vocaiem
3071 3859 3210 3914 inter
3238 3869 3294 3916 et
3318 3863 3504 3918 termi-

1916 3947 2186 3997 nationem
2205 3946 2237 4013 j
2260 3943 2582 4008 immittitur,
2616 3954 2672 3998 ut
2694 3945 2744 3998 in
2781 3947 2936 4018 niujis
2959 3963 3130 4003 novus
3145 3948 3270 4006 Cor.
3302 3952 3344 4017 i,
3367 3968 3418 4019 ν,
3445 3955 3500 4020 7,

1915 4035 2144 4105 ubillojis
2174 4034 2508 4099 malefactus,
2561 4037 2815 4108 fullolojis
2861 4037 3164 4106 perfectus;
3213 4042 3319 4111 vel,
3376 4060 3502 4101 cum

1914 4127 2115 4181 vocalis
2144 4126 2389 4183 radicalis
2425 4127 2574 4190 esti,
2617 4130 2718 4182 hoc
2745 4137 2799 4182 et
2845 4131 2862 4182 i
2912 4133 3307 4190 terminatiouis
3356 4137 3409 4190 in
3453 4142 3502 4194 ei

1915 4217 2349 4281 commiscentur,
2395 4225 2452 4272 ut
2495 4219 2548 4272 in
2600 4219 2720 4285 frcis
2754 4219 2892 4275 liber
2935 4221 3063 4277 Cor.
3092 4222 3131 4290 Ι,
3165 4239 3258 4290 vtt,
3283 4227 3377 4294 2|,
3404 4229 3494 4285 εξ.

1913 4309 2065 4364 Sicut
2088 4310 2248 4378 niujts
2267 4310 2426 4364 etiam
2456 4313 2762 4383 undarleijis
2786 4313 3003 4369 iniimus
3025 4318 3374 4384 Spectandum
3393 4334 3498 4388 est,

1919 4401 2078 4456 modo
2104 4401 2240 4471 Eph.
2289 4418 2367 4464 ut,
2399 4405 2432 4458 8
2462 4405 2621 4458 lectio
2650 4407 2718 4459 sit
2747 4407 3001 4474 legitima.

1987 4493 2036 4556 ε)
2057 4491 2270 4547 Necnon
2293 4493 2507 4562 quando
2537 4495 2738 4564 syllaba
2768 4498 3014 4559 radicalis
3036 4498 3211 4555 brevis
3233 4513 3316 4557 est
3336 4505 3498 4563 simul

1915 4593 1972 4637 et
2018 4583 2402 4637 consonantice
2450 4583 2618 4650 ﬁnita,
2669 4584 2808 4640 idem
2827 4588 2858 4655 j
2887 4590 3244 4646 terminationi
3295 4607 3504 4665 prmpo-

1919 4675 2082 4740 nitur,
2114 4685 2173 4731 ut
2197 4677 2250 4730 in
2271 4676 2426 4747 takjis
2450 4676 2710 4747 litigiosus
2739 4679 2879 4734 Tim.
2908 4680 2947 4745 1,
2979 4697 3056 4746 ιιι,
3087 4683 3121 4736 5
3149 4685 3274 4755 (nisi
3303 4688 3402 4743 hoc
3431 4690 3503 4746 sit

1919 4767 2354 4837 substantivum),
2393 4769 2566 4838 warjis
2590 4771 2709 4839 quis
2743 4771 2870 4826 Luc.
2904 4790 2984 4837 ιχ,
3017 4776 3125 4842 46ς
3169 4778 3248 4833 sic
3277 4781 3501 4851 insuper

1920 4857 1971 4909 in
2003 4857 2122 4922 aliis
2154 4856 2310 4918 alius,
2340 4858 2728 4930 grindafrafijis
2756 4861 3501 4943 pusillattimis,samafrapjis

1919 4948 2206 5010 unanimis,
2241 4946 2468 5016 unkarjis
2504 4948 2764 5016 incurius,
2793 4954 3004 5023 unsibjt‘s
3029 4955 3264 5026 iniquus,
3289 4961 3500 5033 gaviljis

1919 5038 2128 5102 volens,
2159 5037 2334 5110 midjis
2364 5039 2594 5094 medius.

1983 5128 2040 5195 2)
2094 5127 2351 5184 Neutrum
2386 5146 2402 5184 :

1987 5219 2041 5286 α)
2079 5219 2209 5285 Quae
2255 5219 2516 5288 adjective
2572 5220 2625 5273 in
2676 5222 3022 5276 masculinoi
3071 5226 3342 5294 rejiciunt,
3388 5229 3493 5287 hoc

1918 5309 2077 5365 etiam
2128 5312 2182 5364 in
2228 5320 2418 5365 neutro
2447 5314 2803 5366 communiter
2849 5325 3177 5386 expunguut,
3227 5333 3321 5373 ex.
3369 5338 3494 5388 gn:

1917 5399 2067 5453 hrain
2099 5400 2229 5454 Mth.
2264 5415 2374 5467 vttt,
2428 5403 2484 5466 5,
2513 5401 2773 5474 analnugn
2818 5402 2919 5458 Mc.
2951 5419 3024 5471 tv,
3063 5406 3154 5472 22,
3189 5407 3334 5463 um!
3363 5409 3497 5464 Mtlt.

1918 5506 1990 5555 Vl,
2017 5491 2109 5554 25,
2139 5490 2351 5543 audam
2382 5490 2511 5544 Luc.
2545 5507 2654 5556 xw,
2691 5492 2778 5557 15,
2821 5497 3027 5566 gamnin
3075 5497 3230 5553 Rom.
3264 5513 3373 5562 XIV,
3406 5499 3496 5564 14,

1917 5580 2168 5634 andanem
2197 5579 2324 5635 Luc.
2357 5595 2428 5647 tv,
2466 5580 2553 5646 19,
2601 5581 2729 5634 bruk
2752 5583 2892 5640 Tim.
2927 5584 2992 5652 ll,
3025 5603 3084 5652 ιι,
3110 5589 3176 5642 2i
3203 5604 3218 5652 ;
3260 5597 3495 5644 attamen

1917 5675 2153 5730 occurrit
2172 5676 2332 5730 etiam
2357 5676 2620 5730 vailameri
2646 5677 2782 5734 Phil.
2812 5695 2885 5742 tv,
2907 5681 2960 5744 8,
2985 5683 3125 5735 unde
3147 5681 3498 5738 masculinum

1917 5767 2219 5841 vailameris.
2250 5767 2491 5824 concludi
2519 5778 2710 5839 potest.
2746 5769 3003 5824 Anasiuni
3027 5770 3207 5827 Skcir.
3258 5771 3324 5841 II,
3371 5773 3405 5830 ti
3433 5791 3501 5834 ett

2920 5863 2993 5922 31
