4014 6172
556 287 656 343 879

554 408 713 464 sunt;
744 394 1078 451 accusativus
1105 394 1230 450 rem.
1262 393 1442 448 waisos
1467 390 1660 447 Thess.
1693 389 1738 452 l,
1766 404 1839 454 tv,
1866 389 1900 440 2
1930 389 1981 442 in
2010 403 2139 442 war-

556 496 637 561 ias
667 487 868 560 pariter
892 494 977 543 est
1003 484 1390 542 emendandus.
1440 500 1461 534 ι

1122 577 1177 650 β.
1207 573 1394 645 ωαρατ
1416 573 1568 628 uter?

627 669 871 727 Occurrit
895 679 1098 723 tantum
1118 665 1170 720 in
1191 663 1518 719 nominativo
1531 663 1670 732 sing.
1693 675 1861 716 masc.
1885 671 1939 716 et
1961 669 2135 714 neutr.

556 776 607 816 et
636 764 774 818 sicut
809 775 970 814 unsar
1011 755 1386 812 declinandum
1426 763 1591 819 esset,
1625 754 1700 808 uti
1730 767 1796 808 ex
1829 751 2138 821 compositis

558 869 632 907 ira
639 851 834 926 paruit,
857 848 1205 922 ainwaparuh
1233 847 1590 926 concluditur.

1049 965 1102 1014 γ.
1140 942 1310 1014 warjt's
1361 925 1645 1012 quisnam?

634 1033 851 1106 Warjis,
900 1043 1074 1089 neutr.
1121 1037 1355 1100 warjntu,
1407 1030 1534 1086 fcm.
1569 1029 1729 1100 warja
1756 1029 1880 1096 (Mc.
1920 1042 2014 1094 xtl,
2044 1025 2138 1094 28)

558 1125 623 1179 ad
653 1140 896 1179 normam
926 1124 1083 1190 niujis
1115 1122 1166 1194 ις
1211 1122 1302 1191 99)
1330 1124 1551 1176 omnino
1588 1122 1836 1183 ﬁectitur,
1877 1135 1963 1174 ex.
2009 1133 2095 1188 gr.
2122 1134 2136 1171 :

559 1229 728 1270 masc.
775 1215 912 1285 sing.
959 1229 1074 1269 acc.
1117 1215 1350 1285 warjana
1378 1214 1536 1269 Joan.
1578 1227 1692 1277 xm,
1723 1210 1814 1275 22,
1844 1209 1954 1264 dat.
2002 1225 2137 1264 war-

559 1309 754 1376 pamma
780 1306 882 1360 Mc.
913 1321 1009 1370 xit,
1054 1305 1146 1371 25,
1180 1320 1308 1374 gen.
1335 1305 1509 1374 warjis
1553 1304 1680 1359 Luc.
1722 1320 1814 1367 xx,
1856 1305 1954 1368 53;
2000 1303 2138 1371 plur.

561 1415 704 1456 nom.
748 1399 929 1468 warjai
954 1398 1111 1454 Joan.
1151 1413 1223 1465 vl,
1267 1397 1360 1464 61,
1402 1413 1516 1452 acc.
1562 1399 1784 1469 warjans
1832 1397 1988 1451 Joan.
2021 1410 2137 1460 xm,

564 1488 628 1544 18
652 1505 668 1555 ;
696 1502 871 1544 neutr.
900 1489 1183 1559 sing.gen.
1212 1489 1385 1559 warjis
1412 1487 1570 1543 Joan.
1605 1505 1658 1552 x,
1688 1487 1777 1542 ‘52.

1113 1599 1169 1647 ιτ.
1197 1597 1586 1650 INDEFINITA.

992 1680 1020 1752 ς
1062 1681 1180 1736 111.
1211 1705 1266 1738 α.
1305 1698 1446 1735 sums
1483 1680 1718 1751 quidam.

629 1775 969 1844 Regulariter
1009 1775 1283 1831 ﬂectitur:
1339 1783 1515 1830 neutr.
1554 1791 1695 1840 sum,
1741 1784 1965 1839 summa,
2011 1771 2137 1826 rem.

563 1884 729 1933 :uma,
759 1877 864 1922 etc.

978 1938 1034 2008 β.
1066 1937 1289 1991 ainshun
1328 1936 1488 2004 ullus,
1519 1937 1729 2007 aliquis.

1193 2027 1510 2097 Singularis.

899 2119 1062 2174 Masc.
1313 2119 1498 2174 Neutr.
1773 2117 1924 2172 Fem.

629 2209 787 2266 Nom.
868 2211 1016 2266 ainsh
1024 2228 1092 2264 un
1307 2212 1503 2264 ainhun
1716 2209 1946 2263 ainohun

631 2306 762 2356 Acc.
870 2300 1134 2354 cinnoltun
1301 2300 1500 2357 niuium
1710 2300 1944 2353 ainohun

632 2393 756 2448 Dat.
866 2390 1236 2446 ainummehuu
1306 2390 1670 2446 alnummehun
1717 2390 1968 2445 ainailtun

646 2482 781 2539 Gen.
886 2484 1129 2538 ainishun
1317 2485 1558 2538 afuishim
1729 2483 2114 2555 (ainaizoshun)

1225 2577 1471 2632 Pluralis.

1265 2670 1444 2725 Deest.

1045 2786 1099 2836 γ.
1147 2764 1359 2817 washun
1397 2763 1678 2833 quispiam.

638 2852 754 2908 Non
783 2855 1022 2908 occurrit
1052 2853 1158 2909 nisi
1181 2853 1234 2908 in
1265 2854 1600 2909 nominativo
1630 2856 1768 2923 sing.
1801 2869 1964 2910 masc.

1048 2943 1099 2999 δ.
1143 2944 1244 2998 alla
1283 2944 1479 3010 omnis,
1509 2953 1673 3000 totus.

639 3035 710 3092 Ut
725 3036 1048 3104 adiectivum
1073 3036 1390 3110 regulariter
1417 3035 1668 3091 ﬂectitur.

1624 273 2078 331 GRAZiﬂlATlCA
2118 272 2442 329 GOTlllCE
2485 273 2780 334 LINGUE.
3651 289 3726 344 θεῖ)

2581 412 2623 443 ε.
2666 392 2840 443 wasuh
2877 389 3121 458 quilibet,
3151 392 3475 460 quicumque.

2873 480 3189 548 Singularis.

2551 573 2713 628 Maso.
3008 574 3196 627 Neutr.
3476 575 3604 629 Feni.

2314 661 2472 716 Nom.
2556 665 2730 715 wasuh
3049 664 3162 716 walt
3494 668 3588 718 woh

2315 753 2440 806 Acc.
2553 753 2732 807 wanoh
3047 755 3157 807 trait
3495 756 3589 808 ιι·οή

2317 842 2432 895 Dat.
2552 859 2675 896 tuum
2683 845 2795 896 mela
3053 844 3295 897 wnmmeh
3499 848 3686 916 (wézaih)

2315 933 2450 990 Gen.
2550 939 2714 992 wizuh
3053 940 3215 993 wizuh
3493 941 3714 1008 (wizosultl

2316 1029 2373 1082 In
2419 1027 2610 1098 plurali
2666 1046 2890 1085 numero
2936 1032 3203 1100 reperitur
3249 1040 3442 1084 tantum
3480 1037 3747 1088 accusativus

2246 1132 2412 1173 masc.
2439 1120 2656 1173 wanzuh
2686 1121 2788 1177 Mc.
2816 1136 2890 1188 vi,
2919 1121 2949 1174 7
2975 1137 2991 1186 ;
3025 1121 3155 1175 Luc.
3187 1137 3240 1186 κ,
3275 1121 3320 1174 1.

2318 1209 2523 1264 Eodem
2553 1211 2712 1265 modo
2739 1211 3044 1266 declinatur
3081 1211 3461 1279 signiﬁcatione
3488 1214 3752 1282 aquiralens

2249 1299 2287 1370 Ι)
2294 1301 2509 1354 iswazuh
2519 1342 2529 1354 .

2742 1377 2792 1436 ζ.
2820 1372 3074 1444 ιυαρατυΙι
3115 1373 3332 1427 utervis.

2314 1461 2559 1516 Occurrit
2583 1471 2782 1516 tantum
2814 1462 2868 1518 in
2897 1464 3077 1518 dativo
3097 1464 3234 1530 sing.
3263 1462 3754 1533 masc.wa[mammelt

2246 1550 2421 1606 Skeir.
2451 1551 2517 1614 γ.
2545 1551 2599 1606 d.

2322 1641 2522 1697 Eodem
2551 1641 2710 1696 modo
2731 1641 2965 1697 llectitur
2989 1642 3334 1712 ainwaparuh
3356 1640 3578 1697 eamdem
3603 1639 3758 1693 habens

2248 1733 2716 1803 signiﬁcationem.

2726 1850 2775 1886 η.
2818 1827 3063 1898 warjizult
3104 1827 3352 1896 quisque.

2889 1918 3205 1986 Singularis.

2565 2007 2704 2061 Masc
2715 2045 2730 2060 .
3018 2008 3202 2062 Neutr.
3481 2007 3614 2060 Feut.

2287 2099 2444 2156 Nom.
2528 2101 2774 2171 wurj'zuh
2993 2100 3243 2170 warjatoh
3455 2098 3628 2169 warjolt

2283 2190 2414 2246 Acc.
2526 2190 2791 2262 warjanoh
2991 2193 3244 2261 warjaroh
3453 2189 3628 2257 warjolt

2284 2282 2402 2337 Dat.
2519 2282 2849 2354 warjammels
2986 2281 3319 2353 warjammelt
3455 2279 3689 2350 (warjeilt)

2285 2371 2416 2428 Gen.
2516 2374 2769 2444 warjt'auls
2982 2375 3231 2443 warjizuh
3449 2367 3770 2441 (warjaisoub)

2925 2467 3169 2520 Muralis.

2951 2559 3129 2613 Deest.

2320 2650 2406 2704 Sic
2429 2649 2725 2705 declinatur
2755 2649 3095 2717 aimvarjiauh
3124 2648 3506 2718 unusquisque.

2751 2761 2809 2810 G.
2858 2758 3322 2812 CORRELATIVA.

2323 2855 2352 2926 ᾗ
2377 2854 2500 2910 112.
2521 2854 2849 2910 Correlativa
2879 2863 3001 2908 sunt
3023 2852 3212 2907 wileiks
3234 2852 3429 2922 qualis,
3452 2848 3644 2905 scalciks
3663 2845 3774 2906 talis,

2252 2947 2475 3002 welauds
2501 2960 2683 3017 quam,
2715 2956 2996 3016 quantum,
3023 2947 3271 3000 sectanda
3303 2954 3436 3011 tam,
3467 2953 3666 3004 tantum,
3688 2949 3777 3005 qua

2249 3040 2387 3093 sicut
2411 3039 2669 3107 adiectiva
2714 3039 3036 3103 regulariter
3064 3037 3377 3091 ﬂectuntur.

3641 3127 3767 3137 ος.-

2153 3199 2268 3298 Β.

1659 3355 1800 3425 DE
1871 3352 2730 3428 CONJUGATIONE.

638 3478 782 3550 (Vid.
815 3479 972 3536 Grilli:
1005 3481 1071 3536 de
1102 3483 1228 3536 forti
1248 3493 1301 3538 et
1330 3482 1492 3538 drbili
1536 3485 1912 3553 coniugatione
1953 3486 2007 3537 in
2051 3484 2147 3539 Pe-

569 3571 895 3640 tropolitano
940 3571 1487 3644 (St.-Petersbourg)
1537 3574 1764 3630 Bulletin
1808 3577 2143 3647 scienti/ique,

568 3661 812 3726 1857,ιι⁶
841 3661 955 3733 ιε.)

640 3751 668 3822 §
701 3755 827 3809 115.
861 3754 918 3810 In
947 3755 1322 3826 coniugatione
1350 3772 1600 3826 persona,
1625 3773 1900 3824 numerus,
1932 3759 2141 3825 modus,

568 3854 778 3914 tempus
819 3854 874 3901 et
907 3861 1074 3916 genus
1102 3856 1228 3901 sunt
1255 3848 1631 3904 examinanda.

637 3935 870 3992 Persona
903 3945 957 3991 et.
988 3953 1228 3994 nunterus
1269 3939 1492 4009 triplex;
1529 3954 1651 3994 nam
1695 3949 1889 4008 praeter
1913 3940 2146 4010 singula-

567 4043 680 4084 rem
709 4040 762 4083 et
793 4031 1054 4098 pluralem
1087 4031 1254 4086 verbo
1283 4040 1366 4086 est
1391 4034 1609 4100 insuper
1637 4031 1833 4095 dualis.
1859 4032 1946 4087 cui
1968 4043 2142 4087 tamen

567 4118 722 4173 tertia
749 4133 974 4186 persona
1006 4135 1110 4176 non
1140 4120 1424 4193 subjicitur
1451 4121 1585 4194 (vid.
1631 4121 1658 4192 ᾗ
1686 4121 1807 4188 187,
1839 4121 1920 4192 2).
1951 4121 2147 4179 Perso-

569 4222 756 4263 narum
788 4209 1199 4266 terminationes
1226 4213 1280 4266 in
1309 4213 1557 4282 prmscnti
1594 4225 1880 4283 sequentes
1901 4213 2147 4283 primitus

567 4299 730 4352 fuisse
752 4298 1001 4356 videntur
1029 4316 1044 4354 :
1074 4301 1222 4371 Sing.
1256 4303 1278 4357 1
1305 4318 1355 4366 a,
1387 4303 1422 4355 2
1461 4303 1525 4370 is,
1559 4303 1594 4357 5
1623 4302 1723 4374 ip;
1761 4303 1913 4356 Dual.
1944 4304 1967 4356 1
1998 4319 2074 4371 os,
2112 4302 2148 4356 2

565 4398 678 4454 an;
704 4385 856 4446 Plur.
889 4393 914 4444 1
950 4406 1056 4458 am,
1083 4391 1120 4445 2
1146 4391 1232 4463 ip.
1258 4393 1291 4447 5
1313 4392 1439 4446 and.
2053 4448 2057 4453 .

637 4483 727 4537 Ea:
757 4483 930 4539 adhuc
959 4484 1014 4538 in
1042 4483 1540 4556 priori(primitiva)
1562 4486 1943 4555 coniugatione
1960 4499 2146 4539 occur-

564 4583 711 4640 runt,
741 4576 923 4630 varias
949 4577 1273 4631 mutationes
1294 4591 1364 4630 ex
1396 4575 1720 4641 praecedenti
1753 4575 1953 4630 radicis
1976 4574 2145 4629 vocali

566 4665 621 4720 iu
668 4668 949 4736 posteriori
997 4682 1166 4734 passas
1219 4667 1276 4739 (ς
1320 4667 1469 4738 127).
1521 4669 1857 4724 Ριωιθτὶιιιιη
1913 4684 2009 4734 per
2053 4669 2150 4722 ab-

566 4755 866 4808 sonantiam
925 4757 1009 4810 vel
1052 4757 1472 4825 duplicationem
1522 4759 1768 4826 primitus
1821 4760 2142 4820 formatum.

573 4843 772 4898 nullam
822 4843 984 4899 habet
1039 4847 1375 4913 personalem
1415 4849 1845 4903 terminationem
1878 4849 1928 4901 in
1972 4850 1998 4902 1
2032 4860 2083 4902 et
2115 4850 2150 4903 3

569 4935 812 5006 personis
832 4936 994 5005 sing.;
1019 4937 1073 4992 in
1091 4937 1127 4991 2
1153 4952 1280 4992 vero
1300 4938 1435 5006 sing.
1465 4947 1507 5006 ι,
1535 4938 1587 4991 in
1616 4937 1761 4992 dual.
1792 4938 1816 4991 1
1842 4954 1895 5002 ιι,
1915 4939 1949 4989 2
1968 4948 2066 5000 utr,
2093 4938 2145 4990 in

569 5030 711 5095 plur.
744 5025 960 5082 tandem
1004 5028 1030 5083 1
1061 5044 1169 5093 um,
1194 5028 1230 5083 ἓ
1260 5027 1362 5098 up,
1392 5028 1427 5083 3
1454 5043 1520 5080 un
1551 5027 1856 5097 aiﬁguntur.
1878 5027 1994 5080 Jam
2021 5042 2148 5081 vero

565 5133 728 5186 supra
763 5119 782 5189 (
799 5118 826 5190 §
854 5119 946 5184 52,
967 5121 1001 5174 ι1
1025 5118 1088 5189 a)
1116 5119 1439 5186 monuimus,
1478 5117 1618 5189 quod
1644 5119 1663 5170 ἱ
1689 5117 1725 5170 2
1749 5125 1804 5172 et
1831 5117 1866 5172 3
1894 5130 2148 5186 persona-

568 5223 686 5264 rum
713 5210 852 5280 sing.
883 5219 937 5265 et
962 5209 998 5263 2
1025 5224 1268 5280 persona:
1295 5210 1432 5281 plur.
1453 5225 1518 5264 ex
1545 5226 1579 5263 α
1607 5208 1764 5263 fuerit
1787 5208 2142 5262 debilitatum.

637 5300 826 5354 Modus
853 5303 906 5354 in
938 5301 1103 5355 verbo
1133 5301 1327 5372 triplex
1365 5317 1381 5355 :
1410 5300 1729 5356 indicativus
1758 5298 1980 5362 scilicet,
2015 5311 2146 5351 con-

563 5393 833 5462 iunctivus
864 5389 1274 5464 (subiunctivus)
1296 5401 1350 5447 et
1379 5391 1724 5462 imperativus
1749 5407 1765 5456 ;
1797 5390 1990 5462 quibus
2011 5389 2146 5460 adi-i-

561 5481 675 5536 cias
702 5491 761 5537 ut
789 5481 989 5537 formas
1019 5483 1318 5537 nominales
1341 5483 1661 5538 inﬁnitivum
1692 5491 1746 5538 et
1774 5481 2136 5554 participium,

563 5572 667 5628 hoc
686 5574 874 5628 ultimo
896 5587 996 5644 pro
1021 5587 1116 5627 sua
1148 5572 1320 5628 forma
1341 5584 1397 5631 et
1417 5573 1806 5646 signiﬁcatione
1832 5574 1975 5628 inter
1995 5570 2081 5642 adi
2091 5588 2140 5627 c-

565 5667 704 5722 ctiva
731 5667 1053 5726 remittendo
1077 5665 1131 5740 (§
1167 5667 1317 5736 105).

2329 3486 2578 3557 Tempora
2601 3503 2730 3544 vero
2753 3497 2952 3542 tantum
2981 3497 3106 3543 sunt
3129 3486 3241 3540 duo
3266 3504 3281 3539 :
3309 3500 3544 3554 prasens
3567 3494 3729 3550 nempe
3742 3488 3781 3535 et

2256 3579 2604 3645 prmteritum.
2642 3578 2825 3633 Utrum
2854 3579 2905 3631 in
2939 3575 3147 3648 bairaip
3193 3574 3319 3630 Gal.
3351 3592 3406 3640 v,
3440 3577 3524 3640 10,
3569 3568 3779 3644 svignjaip

2251 3668 2368 3722 Col.
2401 3683 2480 3733 ιιι,
2514 3667 2582 3724 15
2602 3678 2657 3723 et
2678 3669 2839 3722 ιὶιιΙιαὶ
2843 3669 2886 3739 1)
2909 3667 3098 3722 Thess.
3128 3667 3170 3732 Ι,
3201 3682 3280 3736 tv,
3318 3668 3384 3722 N
3414 3665 3672 3737 peculiarZs
3687 3676 3780 3716 con-

2253 3762 2476 3829 iunctivi
2504 3762 2773 3816 recentior
2806 3761 2973 3815 forma
2999 3759 3182 3823 lateat,
3235 3760 3459 3814 dubium
3489 3767 3588 3823 est,
3629 3755 3686 3811 de
3704 3766 3783 3822 qua

2257 3853 2362 3907 vid.
2396 3853 2424 3924 ᾗ
2461 3852 2582 3918 182,
2605 3862 2790 3907 aunnt.
2820 3853 2850 3904 7
2873 3862 2927 3906 et
2959 3850 2986 3922 ᾗ
3018 3850 3139 3917 186,
3168 3861 3361 3905 annot.
3394 3852 3448 3905 4.

2326 3942 2498 3998 Genus
2555 3943 2767 3997 tandem
2815 3942 3100 3997 verborum
3151 3942 3355 4010 triplex
3403 3948 3486 3996 est
3530 3936 3780 3993 :activum.

2255 4035 2522 4102 passivum
2545 4043 2602 4089 et
2623 4033 2879 4098 medium,
2895 4047 3067 4099 neque
3085 4033 3362 4101 passivum
3390 4039 3472 4086 est
3489 4027 3781 4094 completum.

2255 4139 2429 4195 neque
2475 4124 2715 4179 medium
2773 4135 3066 4177 occurrens
3119 4121 3222 4176 nisi
3273 4122 3328 4175 in
3379 4117 3638 4175 nonnullis
3675 4113 3782 4178 frag-

2253 4215 2462 4269 mentis.

2325 4304 2506 4374 §l14.
2553 4304 2896 4371 Discrepante
2939 4301 3359 4371 signiﬁcatione,
3410 4301 3662 4362 discrepat
3702 4294 3781 4345 for-

2254 4400 2431 4455 mandi
2464 4401 2628 4464 ratio;
2655 4413 2815 4466 porro
2841 4408 2948 4453 tres
2970 4398 3164 4452 dantur
3193 4397 3598 4467 coniugationes
3626 4408 3638 4444 :
3666 4391 3780 4444 fortis

2252 4491 2478 4556 scilicet,
2518 4491 2708 4544 debilis
2755 4499 2811 4544 et
2849 4472 3036 4554 mixta,
3083 4505 3170 4544 ex.
3215 4503 3302 4557 gr.
3340 4505 3353 4540 :
3398 4487 3577 4550 vakan,
3619 4480 3782 4548 vakjan.

2254 4579 2453 4633 vaknan
2475 4609 2542 4618 —
2563 4578 2828 4649 garrulum,
2879 4577 3162 4646 ganohjan,
3212 4573 3493 4647 ganohnan
3510 4602 3576 4614 —
3586 4570 3779 4643 Mirm".

2255 4669 2535 4741 paursjan,
2563 4666 2987 4740 paursnanJam
3008 4681 3139 4721 vero
3169 4665 3340 4719 forma
3373 4664 3616 4722 radicalis
3639 4659 3780 4727 prima:

2252 4776 2349 4816 seu
2390 4760 2540 4815 fortis
2564 4759 2951 4828 coniugationis
2991 4773 3086 4827 per
3118 4767 3508 4812 consonantem
3537 4796 3552 4818 ,
3579 4746 3779 4805 secunda:

2255 4867 2386 4907 vero
2431 4865 2524 4905 seu
2565 4851 2759 4904 debilis
2801 4848 3187 4918 coniugationis
3216 4864 3316 4919 per
3358 4849 3619 4913 vocalem,
3651 4838 3779 4896 tertia

2253 4942 2465 4996 tandem
2490 4955 2586 4995 seu
2618 4941 2803 4994 mixta:
2827 4954 2920 5008 per
2941 4939 3172 4993 litteram
3199 4955 3232 4992 ιι
3251 4941 3320 4993 ad
3350 4937 3667 4994 formativam
3691 4943 3776 4999 pcr-

2252 5032 2508 5088 tinentem
2536 5031 2811 5087 desinunt.

2321 5125 2511 5181 Primae
2534 5125 2924 5197 coniugationis
2955 5123 3114 5180 verba
3137 5125 3529 5180 intransitivam
3557 5117 3776 5188 signiﬁca-

2251 5217 2446 5272 tionem
2464 5217 2775 5285 plerumque
2789 5216 3002 5279 habent,
3023 5216 3075 5270 in
3094 5216 3384 5271 secundam
3405 5229 3526 5270 vero
3546 5223 3774 5266 transeun-

2250 5307 2322 5359 tia
2344 5305 2471 5359 ﬁunt
2495 5305 2796 5370 transitiva,
2810 5321 2895 5359 ex.
2912 5320 2993 5372 gr.
3009 5321 3024 5358 :
3043 5306 3173 5360 sitan
3193 5305 3583 5374 sedere,satjan
3599 5307 3772 5369 ponere,

2248 5397 2387 5467 ligan
2410 5396 2612 5466 iacere,
2643 5397 2819 5468 lagjan
2847 5396 3048 5466 iacere,
3069 5395 3256 5450 vindan
3278 5395 3446 5462 volvi,
3465 5391 3670 5461 vende
3689 5381 3775 5437 vol-

2247 5501 2391 5553 vere,
2407 5496 2640 5551 vertere,
2653 5489 2850 5559 sigqan,
2861 5487 3116 5560 (siggqan)
3132 5487 3318 5556 mergi,
3337 5488 3770 5557 sagqjangmergefci

2247 5576 2462 5630 brinrum
2485 5577 2589 5642 uri,
2623 5577 2842 5648 branjan
2875 5593 3031 5632 urere
3052 5617 3068 5641 ,
3108 5577 3253 5630 nium
3286 5575 3494 5638 sanari,
3523 5569 3684 5639 nasjmt
3707 5576 3773 5617 sa-

2239 5679 2396 5735 nare,
2413 5663 2625 5722 Ιιηεξιιαιι
2642 5666 2928 5734 declinare,
2947 5667 3186 5736 Imaivjan
3206 5665 3509 5732 humiliarc,
3524 5662 3666 5718 τεὶιαιι
3683 5665 3770 5708 sur
