4044 6210
260 261 354 318 {Si

255 391 405 441 gere,
426 376 622 443 ratsjan
645 371 900 434 excitare,
914 367 1121 420 driusan
1142 364 1356 429 cadere,
1374 364 1623 428 drausiun
1633 363 1840 432 jacere.

263 463 525 516 Urr'nuau
563 458 1006 526 exire,urranjan
1044 455 1171 510 oriri
1213 455 1406 508 faccrc.
1444 453 1498 507 In
1531 453 1686 507 tertia
1719 468 1848 507 vero

257 553 635 623 coniugatione
664 547 954 603 transitiva:
981 546 1063 602 vel
1089 546 1278 600 activa:
1302 544 1486 609 prinue
1514 553 1568 594 et
1595 543 1845 598 secundat

258 645 698 716 euiijugationum
725 640 1144 711 signiﬁcationes
1168 639 1403 695 evadunt
1438 647 1645 694 neutra:
1677 639 1847 707 passi-

260 739 589 804 vitatemque
619 734 858 803 sapiunt,
886 747 973 787 ex.
1007 748 1086 802 gr.
1123 749 1135 784 :
1161 730 1356 785 bindan
1387 731 1569 799 ligare,
1601 728 1846 784 bundnan

258 831 439 900 ligari,
471 831 649 900 giutan
680 827 924 892 fundere,
955 832 1148 895 gutnmt
1181 827 1369 888 liuere,
1399 823 1713 894 dishm'upan
1738 823 1847 877 dis-

258 937 546 992 rumpere,
591 920 958 986 dishnaupnan
1008 917 1291 987 disrumpi,
1339 916 1560 987 pairsan
1604 917 1844 982 siccare,

264 1016 536 1085 [Inarimen
562 1027 715 1068 arere
737 1053 752 1076 ,
779 1011 1034 1085 {ratiusan
1065 1011 1314 1078 perdere,
1347 1008 1620 1079 fraluman
1645 1007 1843 1075 perire,

256 1080 421 1159 iukan
449 1105 728 1168 claudere,
768 1101 961 1154 luknan
995 1080 1221 1165 recludi,
1243 1099 1545 1153 disskreitan
1575 1096 1842 1156 scindere,

251 1203 571 1257 disskritnan
635 1199 846 1262 scindi,
903 1198 1141 1268 gatairan
1195 1195 1506 1257 destruere,
1559 1202 1847 1262 gatauman

255 1292 495 1355 destrui,
525 1290 740 1344 skaidan
780 1302 1061 1356 separare,
1097 1285 1348 1340 skaidnan
1377 1281 1648 1351 separari,
1676 1278 1845 1334 aukan

253 1399 489 1454 augere,
520 1381 722 1435 aufman
758 1394 1034 1442 cnescere,
1068 1376 1300 1442 blindjan
1336 1387 1572 1436 caecare,
1602 1372 1847 1425 blinduan

252 1475 486 1542 caecari,
525 1473 765 1545 gabigjan
815 1469 1176 1539 locupletare,
1224 1467 1478 1536 gabignan
1526 1464 1844 1533 locupletem

253 1581 404 1631 esse,
434 1564 676 1635 daupjan
697 1564 969 1624 occidere,
992 1559 1246 1631 daupnan
1276 1557 1412 1612 mori
1433 1601 1446 1623 ,
1480 1557 1698 1626 drobjan
1728 1564 1844 1609 tur-

254 1661 412 1722 bare,
439 1656 669 1710 drobuan
703 1665 927 1717 terrere,
959 1652 1233 1723 {raqistjan
1265 1649 1524 1718 perdere,
1556 1649 1842 1718 fraqistnatt

259 1747 433 1815 perdi,
464 1748 710 1817 gaqiujan
731 1745 1022 1810 viviﬁcare,
1045 1743 1308 1813 gaqiunan
1330 1739 1608 1802 viviﬁcari,
1640 1738 1819 1809 gahaft

254 1842 278 1907 ἱ
317 1857 350 1892 ιι
371 1839 554 1907 ligare,
578 1836 864 1906 gahaﬂnun
890 1834 1061 1902 ligari,
1085 1832 1384 1895 adha-rere,
1407 1829 1605 1899 hailjan
1631 1842 1841 1893 sanare,

253 1930 473 1982 lmifnan
512 1928 725 1993 sanari,
757 1924 1060 1996 ufarlmﬁan
1089 1922 1367 1985 extollere,
1401 1919 1716 1991 ufarhafnan
1747 1933 1846 1973 ex—

257 2020 375 2074 tolli
397 2059 412 2083 ,
443 2018 751 2087 superbire,
785 2015 1034 2085 plaltsjan
1066 2023 1298 2073 terrere,
1327 2010 1592 2082 plahman
1617 2009 1840 2070 turbari,

254 2109 495 2180 mikiljan
533 2108 913 2178 magnificare,
952 2104 1201 2158 mikt'lnan
1245 2102 1493 2172 gloriari,
1538 2099 1846 2171 af-laupjan

261 2217 467 2256 terrere
489 2238 508 2264 ,
564 2197 887 2268 afslaupnan
925 2195 1150 2259 terreri,
1179 2193 1429 2264 winpian
1471 2191 1843 2253 corroborare,

255 2291 528 2363 ευὶηρηαιι
552 2289 911 2352 corroborari,
941 2284 1326 2359 gagavairpjan
1354 2281 1728 2345 recenciliare,
1754 2297 1847 2351 ga-

257 2381 590 2453 gavairpnan
620 2377 982 2441 reconciliari,
1011 2375 1195 2429 veilum
1240 2373 1605 2439 sanctiﬁcare,
1629 2372 1847 2425 ueilman

257 2469 608 2536 sanetilicari,
635 2468 824 2540 [ulljan
855 2467 1084 2536 replere,
1111 2466 1315 2536 fullnan
1347 2461 1562 2532 repleri.

337 2563 365 2634 ᾗ
397 2561 522 2618 115.
553 2560 686 2615 Tres
730 2557 1132 2628 conjugationes
1177 2556 1231 2609 in
1263 2553 1542 2609 formando
1577 2553 1849 2622 praterizo

261 2656 560 2724 praesertim
589 2653 928 2722 discrepant,
961 2651 1158 2721 quippe
1184 2663 1306 2703 cum
1336 2648 1440 2704 hoc
1474 2647 1527 2701 in
1556 2649 1724 2716 prima
1754 2660 1848 2714 per

259 2745 636 2800 absonantiam
678 2753 728 2799 et
768 2742 1205 2812 duplicationem,
1239 2740 1293 2794 in
1319 2737 1554 2792 secunda
1592 2745 1648 2792 et
1695 2736 1847 2791 tertia

270 2852 367 2902 per
408 2833 1155 2903 propriam.terminationem
1201 2829 1266 2883 ad
1309 2829 1542 2883 radicem
1573 2827 1720 2882 verbi
1765 2826 1850 2880 af-

262 2928 426 2980 ﬁxam
473 2936 528 2981 et
581 2943 648 2981 ex
695 2925 816 2980 forti
869 2924 1036 2980 verbo
1079 2923 1322 2978 absolute
1378 2922 1627 2978 existenti
1676 2920 1850 2974 adhuc

261 3020 685 3089 dignoscendam
733 3017 962 3090 (5127)
1007 3015 1284 3072 efﬁciatur.
1331 3014 1575 3069 Secunda
1624 3028 1750 3067 vero
1795 3021 1851 3066 et

267 3110 420 3163 tertia
460 3109 864 3178 conjugationes
911 3107 964 3161 iu
998 3121 1065 3162 eo
1103 3107 1243 3160 inter
1288 3118 1347 3160 se
1388 3102 1843 3167 discriminantur,

264 3203 407 3267 quod
439 3198 750 3268 praesensin
777 3197 1011 3252 secunda
1037 3195 1319 3259 debiliter,
1355 3195 1407 3248 id
1445 3202 1528 3248 est
1573 3207 1668 3261 per
1693 3206 1850 3245 voca-

268 3291 378 3342 lem
424 3288 798 3342 terminatione
829 3286 1198 3356 prmpositam,
1232 3286 1284 3338 in
1335 3284 1487 3338 tertia
1516 3297 1667 3346 vero,
1701 3281 1850 3335 forti-

269 3391 382 3440 ter,
413 3379 550 3433 utin
584 3378 792 3447 prima,
836 3378 888 3432 id
929 3386 1040 3442 est,
1074 3391 1168 3446 per
1211 3374 1637 3430 terminationem
1683 3372 1848 3427 radici

270 3472 417 3526 \erbi
443 3471 826 3526 consonantice
857 3470 1021 3523 ﬁnitae
1065 3469 1373 3523 immediate
1403 3466 1674 3536 praeﬁxam
1695 3507 1710 3532 ,
1741 3465 1850 3518 for-

271 3571 464 3616 metur.
481 3561 591 3616 Nec
612 3577 716 3614 non
740 3561 792 3615 in
817 3561 1134 3628 imperativo
1158 3559 1346 3638 eadem
1375 3556 1851 3624 adestdiscrcpan-

271 3656 342 3708 tia
369 3694 385 3716 ,
423 3668 544 3707 cum
583 3655 636 3706 in
675 3653 844 3721 prima
883 3659 939 3706 et
973 3650 1126 3706 tertia
1160 3647 1624 3719 coniugationibus
1657 3661 1855 3702 conso-

270 3743 503 3809 nautiee,
539 3746 590 3797 in
616 3742 848 3798 secunda
879 3756 1006 3796 vero
1033 3741 1268 3795 vocaliee
1293 3739 1520 3794 desinat.

343 3835 418 3888 Ex
446 3834 592 3903 gravi
625 3832 850 3898 inﬁuxu,
877 3847 1032 3901 quem
1055 3831 1106 3884 in
1133 3842 1294 3885 t0tam
1325 3829 1590 3899 gotliicain
1618 3827 1849 3896 linguam

267 3924 580 3979 absonantia
606 3922 961 3988 exercet,hoc
984 3917 1411 3976 concludendum
1439 3924 1541 3981 est,
1557 3916 1697 3986 quod
1722 3929 1851 3968 con-

263 4012 471 4083 iugatio
519 4015 810 4075 absonam,
842 4011 894 4064 id
940 4019 1044 4072 est,
1075 4011 1266 4077 prima,
1292 4005 1664 4076 antiquissima
1696 4005 1765 4059 sit
1797 4013 1851 4058 ct

271 4107 428 4172 longe
458 4102 746 4171 primitiva.
774 4100 906 4155 Cum
950 4099 1262 4154 absonantia
1304 4098 1465 4151 etiam
1504 4096 1791 4165 geminatio
1819 4109 1846 4146 a

270 4196 536 4262 primaevis
567 4193 894 4261 temporibus
918 4193 1151 4261 viguisse
1180 4192 1410 4255 videtur,
1437 4204 1557 4258 que
1587 4201 1737 4252 vero,
1759 4186 1848 4239 ubi

267 4287 581 4340 absonantia
613 4285 678 4338 ad
705 4282 1118 4338 discriminanda
1152 4292 1393 4349 tempora
1419 4278 1660 4341 sulfecit,
1691 4292 1848 4331 exso-

268 4378 380 4430 lere
410 4377 616 4446 potuit,
645 4387 806 4447 atque
831 4393 936 4431 non
967 4377 1066 4431 nisi
1096 4375 1432 4444 exceptione,
1460 4372 1513 4427 in
1539 4373 1744 4441 lingua,
1775 4369 1847 4423 uti

267 4481 410 4520 nunc
438 4475 678 4535 apparet,
701 4482 820 4521 cum
843 4466 1156 4521 absonantia
1183 4463 1340 4518 simul
1366 4462 1633 4531 usurpari.
1665 4461 1850 4518 Serius

267 4568 467 4622 autem,
490 4558 830 4627 permittente
853 4557 1120 4611 sermonis
1147 4554 1346 4619 indole,
1376 4555 1568 4623 partim
1581 4569 1645 4608 ex
1671 4551 1846 4606 nomi-

269 4649 481 4704 nalibus
517 4651 801 4715 radicibus,
837 4650 1050 4718 partim,
1085 4647 1376 4702 auxiliante
1401 4644 1738 4708 absonantia,
1783 4658 1848 4697 ex

269 4741 446 4794 verbis
469 4742 654 4809 prima:
674 4739 1082 4811 conjugationis,
1101 4738 1333 4794 secunda
1361 4749 1415 4792 et
1436 4737 1593 4790 tertia
1621 4735 1847 4804 primam

267 4832 529 4902 originem
559 4831 872 4886 habuerunt.

339 4924 366 4990 ᾗ
401 4923 524 4978 116.
552 4923 800 4994 Seq-iitur
830 4924 1004 4978 tabula
1034 4921 1302 4991 generalis
1348 4922 1546 4975 formas
1590 4919 1847 4989 conj-iga-

270 5014 434 5069 Louis
460 5015 560 5069 sub
586 5030 690 5068 uno
717 5016 906 5069 intuitu
929 5014 1208 5068 exhibens.

882 5129 920 5177 1.
959 5125 1261 5177 ACTIVUM.

845 5228 896 5264 a.
925 5208 1265 5264 ludicativus.

477 5279 743 5336 Prtesens.
1369 5275 1702 5330 Prateritum

1285 5408 1442 5463 forte.
1601 5409 1798 5461 debile.

335 5483 481 5553 Sing.
598 5482 624 5536 1
703 5479 867 5553 -a(o)
1306 5507 1378 5518 —
1595 5478 1689 5530 -da

597 5574 634 5625 9.
703 5590 754 5626 οδ
1318 5581 1364 5620 -ι
1597 5571 1708 5621 «les

589 5667 626 5719 5
695 5665 764 5736 ’,ξι
1301 5692 1368 5702 —
1595 5670 1687 5714 -da

1546 251 1632 306 DE
1667 248 2201 309 CONJUGATIONE.

3423 261 3446 315 ς
3457 261 3531 316 8‘1

2024 365 2173 421 Dual.
2279 368 2299 420 1
2380 387 2462 422 -υι
2877 387 2937 424 σα
3258 373 3420 426 -dedu

2269 461 2303 512 2
2377 469 2446 514 -ιε
2879 493 2892 501 -
2909 471 2989 517 tm
3205 463 3410 516 ~deduts

2013 553 2158 606 Plur.
2274 555 2294 605 1
2374 570 2451 604 -ιιι
2875 584 2894 596 ο
2907 571 2992 606 um
3209 553 3428 608 ~dedum

2273 645 2306 696 e
2379 646 2449 716 ηδ
2876 645 2977 716 .up
3211 646 3417 717 σάωυρ

2271 737 2304 789 5
2373 737 2465 788 md
2870 753 2960 788 -un
3209 735 3408 789 -dedtm

2495 827 2543 881 b.
2569 827 2972 897 Cmqunetivus.

2014 917 2163 988 Sing.
2281 920 2301 971 1
2382 915 2578 988 -au(o)
2870 921 2989 990 -jau
3200 917 3418 986 -dedjau

2271 1011 2308 1062 9..
2381 1039 2392 1048 -
2407 1027 2430 1062 δ
2874 1010 2973 1062 -εἱε
3206 1009 3403 1062 -dedeis

2270 1098 2303 1150 δ
2373 1099 2451 1151 -αἱ
2478 1098 2552 1168 (ο)
2877 1100 2923 1152 -ἱ
3200 1097 3350 1150 -dcdi

2018 1190 2168 1243 Dual.
2271 1191 2294 1243 1
2373 1205 2459 1242 ova
2872 1189 3049 1258 (-eiz'a)
3193 1189 3478 1258 (odedeiva)

2261 1279 2295 1331 2
2366 1289 2436 1332 -ιε
2881 1280 3000 1332 -εἰιε
3202 1278 3470 1348 (-dedcils)

2017 1372 2161 1426 Plnr.
2267 1374 2285 1424 l
2365 1388 2476 1424 -ma
2864 1372 3022 1424 -eima
3200 1369 3457 1422 -dedeima

2258 1467 2292 1518 2
2366 1466 2434 1537 -ρ
2863 1464 2980 1535 4ερ
3203 1463 3395 1536 αεαεερ

2257 1555 2291 1606 5
2361 1572 2454 1634 me
2858 1559 3000 1610 -εἱηα
3190 1555 3405 1609 dedeina

2506 1665 2552 1700 c.
2591 1646 2958 1716 imperativus.

2157 1714 2308 1772 fortis
2672 1714 2684 1716 ’
3213 1715 3404 1771 debilis

2015 1807 2161 1876 Sing.
2271 1809 2306 1860 9.
2378 1836 2446 1847 —
3153 1811 3248 1874 -ai,
3282 1826 3358 1876 -ο,
3389 1810 3455 1862 -ci

2017 1900 2166 1953 Dual.
2269 1901 2304 1952 Ξ
2376 1911 2449 1954 -ts
3159 1911 3229 1956 -ιε

2015 1989 2158 2044 Plur.
2274 1991 2297 2044 ξ
2376 2009 2452 2043 -ιιι
3159 2010 3234 2045 -ιιι

2270 2081 2302 2134 2
2374 2081 2444 2151 -Ιι
3160 2081 3230 2150 -ρ

2530 2153 2582 2209 d.
2620 2152 2928 2209 lnlinitivus.

2371 2241 2431 2276 -n

2509 2311 2558 2348 ε.
2592 2292 2946 2364 Participittm.

2121 2362 2240 2417 Act.
2379 2364 2505 2416 -nds

2368 2453 2506 2507 forte
3182 2454 3359 2509 debile

2124 2546 2272 2598 Pass.
2369 2561 2492 2596 -aus
3167 2542 3265 2613 -ρε

2023 2653 2042 2686 ι
2063 2636 2352 2690 Annotatio
2383 2637 2408 2689 1
2421 2634 2589 2689 .—De
2605 2634 3010 2698 mutationibus,
3024 2647 3160 2703 quas
3177 2631 3520 2702 plurimorum

1949 2730 2164 2784 fortium
2191 2727 2478 2783 verborum
2523 2727 2675 2780 radix
2713 2736 2838 2781 ante
2877 2725 2912 2778 2
2941 2739 3186 2795 personae
3231 2724 3370 2793 sing.
3413 2723 3518 2778 ind.

1949 2837 2107 2891 pnes.
2142 2821 2568 2876 terminationem
2599 2819 2891 2889 patiuntur,
2915 2817 3020 2872 vid.
3053 2817 3081 2885 §
3109 2817 3199 2884 52,
3224 2819 3281 2883 4,
3304 2832 3358 2872 a.

2022 2931 2040 2964 ι
2067 2913 2354 2968 Anno'atio
2373 2913 2501 2966 2.-
2513 2911 2676 2966 Deest
2695 2910 3032 2980 quandoque,
3051 2910 3144 2964 sed
3163 2907 3525 2963 tantummodo

1943 3002 2150 3059 librarii
2174 3003 2515 3074 negligentia,
2540 3005 2575 3056 ά
2597 3001 2857 3072 participii
2879 3011 3008 3068 act.,
3037 3015 3123 3056 ex.
3146 3016 3227 3070 gr.
3255 3016 3271 3057 :
3296 3015 3530 3070 unagaus

1946 3097 2070 3151 Cor.
2103 3097 2143 3162 I,
2171 3112 2279 3160 xvr,
2314 3096 2381 3151 10
2410 3096 2560 3164 (cod.
2593 3096 2693 3165 A),
2721 3111 2878 3165 ogans
2907 3093 3029 3149 Gal.
3055 3109 3124 3159 ιι,
3155 3092 3222 3146 12
3261 3091 3405 3161 (cod.
3438 3091 3526 3160 Β),

1947 3188 2223 3259 θαιεὶῥαιιε
2259 3188 2398 3242 Tim.
2432 3187 2474 3252 l,
2506 3202 2544 3252 ι,
2584 3189 2617 3242 5
2653 3187 2798 3258 (cod.
2832 3187 2915 3254 Β),
2974 3183 3082 3238 vid.
3114 3183 3180 3237 ad
3215 3184 3268 3237 Ιι.
3300 3184 3363 3249 1.,
3394 3186 3524 3237 and-

1947 3281 2154 3351 haﬁans
2185 3278 2286 3333 Mc.
2321 3293 2415 3342 xtl,
2445 3277 2516 3331 24
2537 3277 2645 3331 vid.
2670 3277 2734 3330 ad
2765 3276 2816 3330 h.
2846 3276 2883 3329 l.

2025 3389 2044 3423 ι
2077 3369 2366 3424 Annotatio
2390 3367 2442 3423 5.
2475 3397 2546 3408 -
2573 3367 2886 3420 Formarum
2927 3365 3098 3420 dualis
3129 3380 3234 3418 non
3273 3361 3376 3436 nisi
3403 3378 3524 3417 raro

1947 3462 2338 3517 occurrentium
2381 3459 2560 3530 plures
2599 3473 2665 3513 ex
2702 3459 2941 3528 analogia
2987 3466 3189 3510 tantum
3229 3453 3396 3524 magis
3430 3455 3526 3507 mi-

1949 3569 2117 3609 nusve
2139 3563 2252 3609 tuto
2275 3552 2632 3608 deducuntur.
2666 3550 2778 3604 Hoc
2808 3559 2984 3604 tamen
3015 3547 3435 3602 animadvertes:

2024 3666 2042 3699 ι
2072 3648 2126 3718 α)
2159 3647 2306 3714 Quod
2337 3661 2564 3717 persona
2591 3659 2747 3714 prms.
2769 3643 2880 3698 ind.
2905 3643 2958 3697 in
2980 3641 3325 3711 sequentibus
3341 3652 3526 3694 exem-

1949 3740 2051 3809 plis
2079 3742 2397 3808 reperiatur,
2425 3752 2618 3805 nempe
2648 3754 2660 3789 :
2686 3733 2754 3805 α)
2781 3750 2812 3790 e
2840 3733 3018 3788 verbis
3047 3730 3273 3785 fortibus
3295 3726 3532 3799 galeif‘oe

1948 3831 2105 3885 Joan.
2129 3845 2238 3896 xtv,
2265 3828 2357 3893 23,
2387 3828 2553 3898 bidjos
2583 3827 2684 3882 Mc.
2708 3842 2763 3886 ι.
2792 3825 2858 3879 37
2881 3840 2895 3888 ;
2919 3824 2982 3894 β)
3006 3838 3036 3877 e
3063 3819 3243 3876 verbis
3267 3817 3530 3873 debdibus

1952 3923 2121 3992 taujas
2151 3921 2303 3974 Joan.
2338 3935 2447 3984 xlv,
2471 3919 2542 3974 23
2569 3918 2725 3970 habos
2756 3916 2882 3974 Cor.
2910 3915 2948 3980 1,
2982 3929 3058 3980 rx,
3089 3913 3154 3976 6;

2023 4031 2040 4063 ‹
2065 4012 2116 4081 b)
2142 4010 2293 4078 Quod
2313 4011 2336 4064 1
2361 4023 2582 4077 persona
2603 4023 2759 4075 praes.
2778 4005 2921 4074 conj.
2943 4020 3050 4059 non
3071 4003 3172 4057 nisi
3196 4016 3290 4069 per
3304 4000 3527 4055 formant

1949 4104 2138 4160 fortem
2161 4104 2342 4157 sitaiva
2367 4101 2467 4155 Mc.
2499 4098 2625 4164 x,37
2651 4101 2978 4162 innotescat;
3009 4095 3149 4158 hinc,
3175 4091 3529 4162 conjunctivis

1951 4197 2228 4263 utriusque
2256 4189 2648 4261 eonjugationis
2694 4188 2907 4243 aliunde
2952 4185 3181 4248 collatis,
3206 4181 3530 4237 concludere

1949 4297 2031 4340 est
2053 4286 2190 4341 hanc
2219 4286 2271 4338 in
2293 4283 2456 4340 debili
2484 4284 2650 4338 forma
2699 4291 2754 4335 ut
2779 4278 3030 4350 sokjaiva,
3058 4275 3290 4338 habaiua,
3322 4272 3532 4342 spillova

1950 4379 2240 4440 exstiti-se;

2027 4491 2046 4524 ι
2077 4476 2127 4540 c)
2157 4469 2308 4538 Quod
2341 4468 2365 4521 1
2405 4481 2630 4538 persona
2653 4473 2806 4534 praet.
2826 4462 2919 4516 inf.
2949 4458 3197 4526 equidem
3215 4471 3319 4510 non
3341 4468 3532 4508 occur-

1950 4571 2053 4628 rat,
2098 4563 2194 4618 sed
2225 4563 2250 4616 1
2287 4574 2512 4630 persona
2544 4571 2703 4627 pnes.
2754 4553 2865 4608 ind.
2914 4548 3230 4620 quibusdam
3270 4542 3536 4600 anomalis

1953 4652 2156 4717 verbis,
2199 4663 2427 4720 quorum
2486 4659 2726 4716 praesens
2779 4641 3004 4696 formam
3071 4633 3328 4709 praeteriti
3381 4631 3534 4686 furtis

1951 4763 2059 4815 ιιι-ω
2087 4759 2146 4800 se
2175 4743 2274 4799 fert
2305 4740 2360 4812 (ᾗ
2393 4741 2540 4807 154),
2575 4753 2661 4792 ex.
2701 4751 2780 4807 gr.
2807 4752 2822 4789 :
2846 4735 2950 4804 siju
2989 4731 3145 4786 Joan.
3190 4744 3246 4789 x,
3279 4727 3386 4791 30;
3443 4725 3528 4786 17,

1947 4838 2038 4902 ‘29.,
2071 4853 2247 4907 maga,
2280 4835 2382 4888 Mc.
2407 4849 2462 4897 χ,
2492 4831 2591 4896 30;
2619 4829 2742 4883 hinc
2771 4839 2884 4882 tuto
2908 4824 3068 4880 verba
3091 4821 3250 4877 fortia
3278 4819 3534 4874 afﬁrmari

1952 4938 2174 4994 possunt
2197 4926 2360 4998 qepu,
2392 4924 2590 4988 bunda,
2621 4919 2830 4992 galipu,
2875 4922 3083 4981 etc.,et
3130 4911 3291 4970 verba
3340 4909 3551 4982 debilia,

1949 5020 2218 5081 sokidedu,
2243 5016 2555 5075 habaidedu,
2579 5011 2869 5084 sp‘llodedu
2893 5025 2910 5070 ,'

2031 5129 2050 5160 α
2079 5110 2136 5176 d)
2163 5107 2314 5174 Quod
2343 5108 2364 5160 1
2391 5118 2619 5175 persona
2643 5109 2798 5170 praet.
2816 5097 2959 5164 conj.
2982 5095 3141 5149 etiam
3165 5103 3423 5160 nusquam
3447 5102 3514 5142 oc

1950 5212 2158 5264 currat;
2205 5198 2272 5252 ad
2317 5195 2616 5262 analogiam
2660 5205 2788 5244 vero
2821 5185 3100 5257 praesentis
3137 5183 3306 5252 conj.,
3333 5182 3384 5235 in
3432 5193 3539 5248 quo

1951 5308 2073 5347 cum
2095 5291 2382 5360 2persona
2409 5286 2463 5340 in
2505 5284 2653 5348 -αἱιι,
2689 5280 2715 5334 1
2745 5293 2892 5348 pers.
2925 5277 2978 5331 in
3018 5275 3152 5328 -aiua
3199 5273 3418 5333 desinit,
3454 5268 3537 5321 hic

1951 5385 2112 5439 etiam
2137 5359 2256 5434 cum
2280 5378 2315 5429 ’Ξ
2343 5387 2570 5444 persona
2603 5373 2653 5425 in
2680 5370 2820 5433 -ei:s,
2850 5369 2872 5422 l
2913 5381 3056 5436 pers.
3084 5366 3136 5418 in
3167 5367 3275 5418 eive
3303 5359 3537 5413 ﬁnivisse

1956 5474 2118 5542 proba
2131 5472 2234 5524 bile
2263 5477 2377 5530 est;

2031 5582 2048 5615 ι
2079 5561 2128 5634 e)
2151 5559 2302 5628 Quod
2327 5559 2361 5612 2
2388 5569 2608 5624 persona
2635 5566 2792 5622 prata.
2822 5549 2930 5602 ind.
2960 5557 3039 5600 est
3067 5545 3121 5614 α)
3147 5545 3198 5596 ἱη
3224 5540 3401 5634 verbis
3423 5537 3538 5593 for-

1960 5628 2138 5710 ti'uus':
2166 5650 2363 5720 bigitah
2387 5645 2484 5699 Mc.
2513 5659 2564 5697 xi
2610 5642 2672 5707 2;
2698 5641 2824 5696 Luc.
2853 5654 2961 5703 xix,
2988 5637 3076 5702 '50,
3103 5629 3327 5702 drigkats
3351 5628 3451 5684 Mc.
3478 5643 3532 5696 χ,
