4044 6210
224 296 350 363 icoi

1275 296 1360 362 ne
1403 300 1839 362 FO‘mIATtONE
1892 292 2416 364 \"ocau’tstcntrtt.

3347 287 3478 337 κω

2523 388 3470 426 Μ

1278 506 1698 613 CAPUT
1796 507 2417 611 TERTIUM.

834 705 994 785 DE
1066 702 1843 788 FORMATIONE
1917 697 2861 786 VOCABULORUM.

308 1006 310 1008 τ
369 945 490 1001 156.
534 943 803 999 Materiam
837 942 1098 1012 primam,
1127 948 1192 1000 ex
1229 946 1330 1012 qua
1369 944 1686 999 vocabulum
1715 945 1799 1000 ef-

220 1028 525 1100 l'ormatur,
579 1036 804 1088 radicem
845 1021 1195 1104 appellamus.
1250 1035 1414 1089 ltadix
1466 1050 1593 1091 vero
1623 1037 1675 1090 in
1697 1037 1805 1090 ϋηο

225 1144 354 1198 gna,
387 1126 560 1196 qualis
591 1124 746 1179 nobis
779 1123 972 1178 tradita
1000 1132 1103 1188 est,
1134 1139 1395 1195 nusquam
1425 1128 1686 1188 occurrit.
1715 1127 1808 1179 Sed

225 1217 594 1275 tantummodo
623 1217 800 1287 stirps,
831 1230 898 1270 ex
934 1215 1110 1270 radice
1135 1224 1316 1280 enata,
1346 1231 1410 1270 ex
1462 1231 1584 1285 qua,
1618 1216 1812 1271 additis

227 1309 566 1365 formationi's
613 1317 666 1363 et
695 1308 938 1362 ﬂexionis
959 1307 1282 1372 elementis,
1327 1308 1642 1362 vocabulum
1687 1321 1814 1363 eva-

225 1406 323 1461 dit.
361 1405 527 1458 liadix
556 1403 714 1472 igitur
742 1402 940 1472 aliquid
965 1413 1052 1458 est
1079 1406 1428 1469 abstractum,
1462 1402 1649 1473 stirps,
1680 1418 1814 1460 ceu-

225 1506 436 1551 cretum
460 1514 474 1560 ;
505 1495 780 1564 utriusque
821 1502 998 1550 tamen
1035 1494 1219 1550 formae
1243 1497 1564 1568 quandoque
1593 1497 1731 1553 inter
1757 1512 1818 1554 se

225 1588 520 1644 convenire
549 1593 794 1658 possunt.

300 1679 554 1743 Radices,
603 1692 668 1732 ne
713 1692 816 1732 una
863 1677 1080 1746 quidem
1128 1669 1395 1748 excepta,
1435 1681 1818 1752 rnonosyllabae

219 1781 355 1825 sunt
377 1787 392 1836 ;
417 1783 535 1823 cum
559 1776 736 1822 autem
767 1768 945 1836 plures
972 1767 1088 1823 soni
1109 1767 1174 1823 ad
1197 1768 1582 1824 en‘ormandam
1609 1773 1817 1826 unicam

225 1859 492 1929 syllabam
523 1871 850 1914 concurrere
873 1866 1114 1926 possunt,
1151 1859 1378 1925 radices,
1407 1859 1581 1914 habita
1614 1861 1824 1916 ratione

230 1949 915 2017 ternrinationis,vocalica:
940 1951 1024 2007 vel
1052 1954 1449 2009 consonantiae
1478 1953 1752 2010 dicuntur.

304 2041 362 2113 1)
401 2041 650 2096 Vacalicw
669 2043 876 2096 radices
903 2053 1027 2098 sunt
1059 2062 1073 2097 :

301 2139 362 2202 α)
389 2135 481 2190 Vel
505 2135 730 2203 simplex
758 2135 978 2202 vocalis,
1007 2145 1063 2191 ut
1084 2137 1102 2190 i
1127 2137 1304 2205 (radix
1330 2139 1766 2211 pronominisis),
1794 2158 1824 2193 ιι

231 2233 520 2304 (particula
547 2232 980 2302 interrogative);

305 2325 363 2394 b)
390 2324 483 2379 Vel
502 2339 816 2380 consonans
841 2334 896 2380 et
915 2327 1133 2393 vocalis,
1162 2336 1216 2382 ut
1246 2327 1324 2398 ῥα
1349 2327 1523 2399 (radix
1555 2330 1830 2398 pronomi-

231 2416 319 2470 nis
348 2415 522 2485 pars),
559 2414 609 2467 hi
634 2413 806 2486 (radix
836 2417 1167 2483 pronominis
1195 2417 1320 2487 his),
1353 2418 1594 2474 verbales
1623 2418 1828 2474 radices

233 2508 334 2574 !9i,
367 2509 470 2571 irai,
499 2507 598 2573 sai,
629 2505 745 2571 ben,
777 2516 917 2571 δίαν,
941 2506 1045 2574 kei,
1069 2517 1175 2564 etc.

316 2616 338 2648 ι
362 2597 1009 2657 Annotatio.—Pt'im.'eva
1032 2600 1232 2654 vocalis
1250 2617 1282 2654 a
1305 2600 1652 2672 generalioris
1678 2601 1827 2655 Vale-

229 2689 312 2741 ﬁs
347 2696 454 2753 est,
485 2704 640 2758 quam
671 2702 727 2747 ut
750 2692 914 2746 ullam
944 2690 1175 2746 radicem
1199 2706 1292 2760 per
1319 2705 1378 2743 se
1402 2689 1614 2745 efﬁcere
1633 2691 1826 2760 possit,

233 2776 334 2830 sed
375 2778 700 2845 probabilius
720 2782 834 2838 sive
853 2781 1124 2837 debilitata
1145 2783 1222 2852 (in
1249 2782 1267 2835 i
1295 2781 1377 2834 vel
1402 2780 1478 2851 υ),
1510 2790 1604 2834 aut
1634 2781 1830 2850 produ-

233 2875 324 2920 cta
358 2867 434 2937 (in
467 2868 551 2938 ο),
582 2879 714 2937 etc.,
743 2871 811 2926 ad
838 2871 1042 2942 aliqrrid
1075 2870 1440 2941 particularius
1471 2871 1826 2940 restringitur,

233 2962 360 3013 vae
387 2963 701 3017 consonanti
732 2963 1049 3033 locupieta-ta
1072 2965 1178 3018 vim
1207 2963 1493 3019 radicalem
1521 2964 1768 3034 acquirit.
1802 2983 1824 3017 ι

307 3048 372 3110 2)
402 3049 790 3106 Consommtica:
815 3054 1013 3108 radices
1043 3053 1126 3108 vel
1152 3068 1255 3107 una
1285 3053 1372 3109 vel
1400 3052 1607 3108 duabus
1636 3068 1830 3109 conso-

233 3140 493 3196 nantibus
521 3151 930 3212 cornponuntur,
960 3153 1190 3214 suntque

311 3230 369 3302 α)
401 3231 609 3288 Vocalis
632 3243 687 3289 et
713 3248 1045 3301 consonans,
1069 3245 1125 3290 ut
1151 3235 1202 3291 in
1230 3235 1500 3291 radicibus
1525 3236 1829 3294 verbalibus

236 3322 348 3386 silv,
375 3322 496 3392 uult,
525 3326 601 3392 al,
633 3342 720 3393 an,
746 3336 838 3393 at;

313 3413 372 3483 b)
401 3414 612 3471 Vacalis
644 3417 850 3474 duabus
896 3418 1317 3476 consonantibus
1360 3419 1698 3488 interposita,
1729 3435 1825 3476 ex.

237 3519 328 3572 gr.
364 3519 380 3559 :
412 3504 534 3573 halt,
575 3506 687 3572 bar,
731 3510 875 3575 nteit,
913 3507 1080 3574 skaid,
1114 3509 1270 3581 κεηὶῥ,
1311 3510 1430 3579 stig,
1469 3508 1616 3575 skrit,
1665 3510 1825 3576 baud,

238 3611 394 3663 carp,
431 3596 572 3666 help,
605 3597 754 3664 sculi,
785 3599 958 3664 stand,
991 3608 1102 3655 etc.

320 3684 352 3753 §
397 3685 519 3740 157.
563 3687 804 3743 ltelat—ive
827 3689 894 3743 ad
920 3689 1137 3759 stirpes,
1169 3689 1360 3760 quibus
1389 3691 1517 3746 dant
1545 3692 1827 3764 orig'nem,

240 3785 522 3845 spectata;
559 3779 762 3834 radices
788 3791 1016 3850 quatuor.
1040 3789 1164 3836 sunt
1192 3783 1510 3852 specierum,
1544 3801 1735 3853 nempe
1759 3801 1773 3840 :

318 3865 376 3934 α)
415 3865 673 3944 γενὺαιεδ,
705 3869 835 3924 utin
857 3885 1017 3938 supra
1037 3871 1265 3927 laudatis
1291 3874 1383 3940 (ai,
1407 3874 1509 3944 aik,
1537 3875 1661 3941 halt,
1690 3886 1828 3939 etc.;

319 3956 374 4023 b)
407 3941 724 4024 Nominnles,
758 3969 814 4014 ut
839 3961 940 4026 ais,
967 3971 1065 4028 ast,
1095 3961 1246 4034 (210]),
1279 3972 1418 4028 etc.;

322 4047 371 4112 τ)
399 4046 806 4114 Pronominales,
835 4060 892 4104 ut
916 4053 954 4118 i,
983 4052 1084 4123 ῥα,
1117 4055 1188 4118 Iri,
1218 4061 1360 4119 etc.;

324 4138 384 4207 ά)
419 4136 719 4206 Particulrr,
745 4149 800 4194 ut
823 4139 908 4207 alt,
937 4144 1060 4207 and,
1084 4142 1154 4208 bi,
1177 4145 1266 4207 du,
1289 4155 1393 4198 etc.

333 4247 354 4280 ι
400 4229 714 4285 Annotatio.
736 4261 805 4271 —-
825 4233 974 4298 Quod
1007 4235 1244 4288 omnium
1275 4237 1652 4291 vocabulorum
1681 4241 1832 4295 radix

257 4317 486 4371 verbum
516 4319 616 4386 sit,
653 4321 704 4374 in
731 4322 943 4390 gothico
971 4338 1218 4379 sermone
1243 4327 1462 4380 minime
1490 4332 1776 4397 probatur;
1802 4347 1834 4386 e

247 4409 528 4461 contrario
545 4420 670 4463 sunt
698 4412 950 4467 vocabula
973 4430 1196 4470 nurnero
1221 4430 1323 4470 non
1345 4431 1532 4485 pauca,
1553 4433 1692 4488 quae,
1717 4422 1835 4475 sive

251 4497 578 4564 forrna,sive
607 4501 1014 4570 significatione,
1039 4506 1104 4557 ad
1133 4507 1362 4560 radicem
1389 4509 1656 4563 verbalem
1681 4525 1833 4578 repu-

249 4602 422 4655 gnare
454 4589 718 4644 videntur.
756 4591 1008 4661 Equidem
1041 4609 1222 4648 verum
1247 4609 1350 4662 es',
1371 4599 1688 4651 sententiam
1719 4601 1834 4654 sine

255 4681 424 4731 \erb‘o
453 4679 670 4749 intelligi
706 4698 807 4735 non
840 4698 1016 4750 posse,
1047 4683 1140 4737 scd
1172 4684 1459 4739 discrimen
1493 4687 1646 4742 adest
1696 4689 1833 4744 inter

255 4769 429 4822 idcam
453 4770 720 4824 verbalern
751 4781 806 4826 et
833 4772 1049 4827 verbum
1084 4774 1285 4843 ipsum;
1316 4777 1582 4830 connexio
1606 4777 1747 4832 enirn
1779 4781 1830 4834 in

254 4862 418 4913 verbo
447 4861 650 4928 iacens,
680 4865 886 4932 enpulrn
916 4881 1034 4919 curn
1067 4868 1180 4922 idea
1205 4869 1550 4936 operationis,
1575 4870 1686 4939 jarn
1720 4872 1833 4940 ipsa

257 4953 478 5020 quidam
529 4966 613 5009 est
653 4963 915 5012 sermonis
943 4974 1274 5030 progressus,
1319 4961 1410 5030 qui
1450 4975 1837 5032 consequenter

260 5045 461 5111 aliquid
493 5048 734 5102 anterius
753 5051 1037 5116 supponit,
1067 5059 1122 5105 et
1150 5067 1334 5106 revera
1375 5052 1428 5107 in
1457 5053 1694 5123 pluribus
1720 5056 1839 5110 aliis

262 5134 457 5201 linguis
492 5137 725 5192 nondum
756 5139 975 5194 eﬂ'ucttts
1003 5151 1104 5197 est.
1131 5144 1380 5198 Faternur
1406 5145 1674 5214 equidem,
1699 5149 1839 5217 quod

260 5227 366 5278 sub
396 5239 640 5296 respectu
667 5230 962 5286 sublirniori
994 5250 1098 5286 non
1129 5233 1400 5288 infundata
1427 5237 1601 5303 jaceat
1627 5245 1842 5291 senten-

259 5316 356 5378 tia,
380 5333 480 5386 qrra
511 5321 713 5389 singula
744 5323 999 5377 vocabula
1027 5324 1340 5394 singularuc
1371 5328 1583 5380 nomina
1617 5346 1646 5382 e
1678 5328 1840 5382 verbo

260 5411 652 5479 procederent,
683 5417 775 5470 sed
815 5420 1164 5486 grammatico
1210 5418 1279 5472 ab
1325 5434 1385 5474 ea
1441 5419 1842 5488 tenrperandum

259 5514 364 5554 nec
389 5502 488 5556 nisi
517 5503 583 5558 de
616 5508 836 5561 materir
862 5511 1148 5575 sermonis,
1172 5510 1345 5579 qualis
1373 5511 1623 5575 occurrit,
1653 5527 1844 5566 curan-

257 5589 389 5646 dum
416 5609 538 5650 esse
567 5597 853 5652 credimus.
889 5601 1222 5670 Quapropter
1251 5603 1561 5671 nosmetipsi
1592 5618 1656 5658 ea
1703 5604 1845 5658 veri-

262 5693 372 5740 tate
399 5687 552 5752 moti,
584 5689 648 5742 ait
682 5689 732 5742 id
765 5693 1129 5746 tantummodo
1169 5693 1504 5750 inrcndemus
1525 5733 1540 5761 ,
1582 5704 1637 5750 ut
1673 5693 1844 5764 gnthi-

547 5803 815 5866 Ρλτειοι..
866 5807 1088 5867 XVIII.

1911 962 2029 1000 eam
2056 947 2291 1014 litiguam
2323 958 2554 1015 peream
2586 946 2754 1015 ipsom
2795 946 3140 1004 illustremus.
3175 948 3304 1003 [line
3331 950 3492 1005 etiam

1915 1052 2020 1091 non
2068 1046 2169 1100 est,
2207 1051 2308 1090 cur
2357 1037 2568 1090 radices
2615 1037 2667 1091 in
2710 1038 2953 1092 verbales
3000 1049 3054 1093 ct
3098 1041 3499 1107 prorrorninalcs

1916 1131 2135 1198 (Bopp.,
2175 1127 2376 1198 Vergl.,
2425 1126 2679 1191 Gramm.,
2712 1144 2832 1198 pag.
2869 1129 2990 1197 105)
3026 1131 3346 1197 dividamus,
3376 1147 3497 1186 cunt

1915 1223 2152 1288 aiiunde,
2180 1223 2386 1290 priores
2411 1221 2463 1274 in
2487 1220 2731 1284 verbales
2750 1230 2803 1273 et
2829 1221 3147 1283 norninalcs,
3175 1223 3498 1290 posteriores

1917 1328 2046 1368 vero
2072 1315 2123 1367 in
2149 1312 2546 1381 pronominales
2570 1320 2625 1365 et
2652 1311 2939 1380 particulas
2969 1311 3158 1365 iterum
3182 1312 3501 1375 inridentes,

1919 1405 2043 1460 huic
2071 1404 2317 1458 divisioni
2349 1403 2591 1472 apprime
2613 1402 2959 1457 conveniant.
2999 1421 3017 1452 ι

1992 1497 2020 1569 §
2064 1498 2187 1552 158.
2219 1497 2274 1551 In
2294 1496 2566 1550 radicibus
2587 1494 2891 1548 verbalibus
2922 1495 3121 1547 vircalis
3152 1509 3245 1562 pro
3274 1494 3500 1548 maxima

1923 1600 2074 1660 parte
2114 1589 2435 1660 regulariter
2467 1595 2825 1644 commutatur
2847 1586 3204 1657 (absonantia,
3241 1585 3268 1656 §
3301 1585 3388 1649 52,
3422 1587 3499 1653 3).

1921 1683 2038 1738 iam
2071 1698 2230 1748 vero,
2259 1692 2316 1737 ut
2355 1682 2462 1738 illic
2496 1681 2761 1748 diximus,
2791 1689 3076 1751 sequentes
3112 1680 3309 1736 dantur
3341 1679 3500 1736 abso~

1926 1775 2121 1830 nantia:
2146 1774 2349 1830 classes
2376 1792 2388 1827 :

2003 1909 2168 1964 Prms.
2247 1905 2402 1962 l’razt.
2449 1908 2583 1978 sing.
2669 1907 2824 1962 Prte‘t.
2869 1907 3006 1978 plur.
3081 1906 3231 1961 Part.
3280 1919 3419 1975 pass.

2041 2001 2088 2053 l.
2123 2002 2141 2054 ἱ
2387 2019 2418 2052 a
2844 2011 2874 2051 n
3265 2011 3299 2052 ιι

2035 2093 2089 2146 ‘3.
2122 2093 2142 2145 ’ἱ
2392 2100 2421 2142 tr
2849 2105 2874 2142 ε
3267 2107 3300 2144 u

2039 2172 2092 2237 3.
2127 2185 2143 2234 i
2391 2187 2422 2233 ‘a
2839 2190 2869 2232 ‘e
3261 2183 3281 2232 ἱ

2039 2276 2092 2330 4.
2126 2277 2174 2330 εἰ
2395 2276 2448 2326 αἱ
2844 2275 2860 2325 t'
3271 2277 3286 2324 i

2038 2368 2091 2420 ὅ.
2123 2368 2180 2420 iu
2398 2373 2465 2418 an
2833 2379 2864 2416 rt
3262 2378 3296 2416 »ι

2040 2458 2154 2512 6.a
2407 2472 2437 2508 ο
2831 2466 2862 2507 ο
3267 2473 3299 2507 a

2040 2549 2092 2600 7.
2122 2550 2191 2605 ai.
2215 2564 2242 2602 e
2404 2556 2439 2600 ὀ
2835 2561 2865 2598 ο
3254 2547 3326 2610 ai,
3347 2561 3374 2600 c

2003 2677 2284 2748 Spectares
2315 2677 2583 2747 equidem,
2609 2678 2750 2746 qrrod
2775 2679 2826 2730 in
2857 2675 2938 2730 bis
2966 2680 3216 2730 omnibus
3245 2676 3508 2730 absonan-

1933 2779 2022 2824 tne
2049 2769 2310 2825 classibus
2339 2769 2540 2824 vocalis
2570 2768 2815 2823 radiculis
2841 2783 3052 2836 semper
3078 2771 3130 2821 in
3160 2768 3346 2822 eadem
3385 2768 3510 2822 sede

1933 2863 2297 2931 reperiretur;
2330 2876 2419 2916 res
2458 2870 2656 2926 tamen,
2686 2860 2729 2914 si
2772 2875 2892 2915 eam
2923 2860 3140 2929 propius
3183 2861 3509 2927 inspexeris,

1935 2969 2039 3009 non
2083 2954 2152 3007 ita
2193 2967 2254 3010 se
2296 2953 2479 3009 habet».
2506 2955 2561 3010 Si
2593 2953 2756 3019 enim,
2787 2953 3020 3023 exempli
3051 2955 3242 3022 gratia,
3271 2953 3508 3007 vocalem

1935 3045 2214 3114 prmsentis
2249 3054 2306 3099 ut
2333 3045 2616 3100 radicalem
2643 3059 2860 3114 semper
2890 3045 3142 3112 accipias,
3181 3053 3307 3098 tunc
3334 3045 3385 3098 in
3416 3046 3510 3100 tri-

1934 3138 2032 3191 bus
2056 3137 2323 3206 prioribus
2360 3137 2690 3192 absonantiu:
2720 3136 2980 3191 classibus
3011 3151 3152 3204 mare
3191 3136 3507 3204 explicabis,

1922 3228 2198 3299 quomodo
2235 3246 2267 3282 a
2294 3239 2344 3284 et
2376 3245 2410 3282 α
2439 3243 2504 3283 ex
2546 3229 2563 3281 i
2594 3227 2885 3297 procedere
2913 3227 3216 3297 potuerint;
3247 3227 3293 3280 si
3321 3238 3508 3282 contra

1931 3327 1987 3378 in
2022 3324 2293 3392 praeterito
2329 3322 2467 3393 sing.
2509 3323 2743 3376 radicem
2772 3335 2986 3388 semper
3010 3334 3239 3388 qrrrcras,
3273 3318 3393 3372 huic
3424 3334 3511 3374 re-

1934 3414 2189 3484 pugnabit
2228 3413 2404 3482 ruptio
2431 3413 2484 3466 in
2522 3422 2709 3482 quarta
2746 3419 2801 3465 et
2826 3411 3005 3478 quinta
3035 3409 3298 3463 classibus
3322 3422 3513 3463 occur-

1933 3520 2095 3571 rens;
2145 3506 2322 3575 itaque
2351 3506 2450 3559 ltoc
2481 3503 2796 3573 principium
2841 3501 2999 3555 statui
3032 3509 3231 3569 potest,
3273 3499 3412 3568 quod
3450 3496 3508 3554 iu

1935 3612 2249 3668 unaquaqrre
2277 3595 2608 3650 absonantice
2636 3594 2806 3648 classe
2831 3607 2891 3646 ea
2922 3591 3125 3646 vocalis
3163 3600 3216 3645 ut
3260 3588 3514 3644 radcalis

1931 3690 2190 3745 sumenda
2219 3691 2310 3754 sit,
2334 3703 2398 3742 cx
2425 3702 2528 3757 qua
2568 3697 2775 3741 casterr
2799 3684 2948 3754 juxta
2978 3684 3217 3753 cognitas
3256 3697 3511 3737 sonorum

1935 3781 2082 3851 leges
2123 3781 2282 3835 modo
2333 3795 2492 3849 quam
2537 3779 2770 3833 maxime
2812 3777 2970 3832 obvio
2998 3775 3358 3830 deducuntur.
3390 3773 3512 3838 Quo

1937 3875 2129 3943 posito,
2177 3874 2378 3928 vocalis
2433 3871 2689 3941 praeteriti
2734 3871 2872 3939 sing.
2911 3870 2965 3923 in
3018 3868 3188 3922 tribus
3246 3866 3512 3936 prioribus

1934 3967 2213 4030 classibus,
2242 3966 2446 4021 vocalis
2475 3979 2603 4019 vero
2633 3963 2894 4034 participii
2939 3977 3082 4030 pass.
3116 3961 3168 4018 iu
3211 3959 3425 4016 caeteris
3459 3967 3514 4012 nt

1935 4058 2188 4112 radicalis
2212 4056 2454 4111 habenda
2491 4065 2592 4109 est.

2010 4147 2036 4218 §
2072 4148 2194 4202 159.
2226 4147 2420 4210 Verba,
2453 4159 2570 4214 qua:
2613 4143 2679 4198 ad
2709 4143 2948 4198 diversas
2997 4139 3328 4196 absonantirc
3378 4138 3512 4193 clas-

1933 4254 2022 4294 ses
2055 4239 2340 4306 pertinent,
2367 4236 2475 4306 jarn
2508 4251 2669 4305 supra
2698 4234 2864 4306 (§tl9
2893 4231 3040 4301 sqq.)
3064 4231 3508 4291 memoravimus;

1936 4332 2128 4385 dantur
2156 4340 2332 4383 tamen
2357 4337 2409 4383 et
2431 4328 2548 4383 alia:
2571 4329 2811 4396 plurimm
2843 4326 3058 4392 srirpes.
3091 4337 3232 4392 quae,
3264 4321 3508 4375 eamdem

1934 4421 2263 4477 absonrzntize
2289 4419 2603 4474 relationem
2633 4432 2811 4487 prrese
2826 4416 3246 4479 ferentes,ctiam
3273 4414 3338 4467 ad
3353 4413 3514 4468 verba

1937 4511 2267 4584 fortia,.licct
2294 4511 2346 4564 in
2391 4510 2591 4579 lingrra,
2619 4509 2794 4578 qualis
2840 4508 2906 4562 ad
2953 4521 3052 4560 nos
3091 4505 3348 4574 pervenit,
3409 4519 3512 4558 non

1931 4601 2038 4670 jarn
2067 4611 2372 4664 occurrant,
2401 4602 2692 4656 referenda:
2719 4611 2862 4654 srrnt.
2896 4601 3009 4656 lluc
3035 4614 3163 4668 ergo
3193 4599 3408 4653 veniunt
3435 4617 3448 4650 :

2010 4690 2061 4759 1)
2086 4691 2286 4745 Svillan
2309 4701 2626 4758 tumescere,
2653 4693 2951 4762 nfsvulleins
2981 4690 3210 4754 inﬂatio;
3235 4720 3306 4730 -—
3324 4689 3517 4761 Lilpan

1938 4782 2222 4850 benignum
2253 4796 2394 4847 esse,
2428 4784 2596 4837 Irrldis
2636 4783 2826 4849 libens,
2866 4781 3165 4853 viljalralpei
3198 4781 3517 4836 benevolen-

1937 4877 2005 4930 tia
2017 4916 2030 4940 ,
2061 4875 2221 4946 Irulpa
2235 4876 2514 4946 benignus,
2529 4875 3078 4946 propitius;—-vr‘l[mn
3101 4875 3308 4940 rudem,
3325 4874 3517 4929 fortem

1937 4982 2057 5022 esse
2087 4968 2178 5038 (?),
2210 4967 2399 5038 rilpeis
2425 4967 2720 5037 sylvestris,
2753 4969 2941 5021 raldan
2985 4966 3288 5031 dominare,
3319 4962 3516 5036 culpas

1941 5057 2108 5126 gloria
2134 5073 2147 5119 ;
2173 5087 2242 5095 —
2263 5058 2481 5110 vimman
2512 5057 2800 5121 nracnlarc,
2824 5072 3081 5127 gavanrms
3108 5056 3365 5123 impurus,
3391 5069 3518 5106 arra-

1942 5158 2199 5226 vrrmarjau
2235 5157 2569 5224 vituperare;
2603 5182 2672 5193 -—
2701 5155 2946 5207 svimman
2980 5160 3192 5214 natare,
3221 5151 3412 5203 δυωηεί
3447 5158 3518 5200 ta—

1949 5247 2100 5307 bula;
2118 5249 2353 5298 —irman
2372 5245 2565 5307 favere,
2582 5261 2716 5295 mmo
2732 5240 3074 5312 stipendium,
3092 5249 3231 5294 ansis
3243 5239 3403 5308 gratia
3420 5254 3435 5301 ;
3453 5265 3520 5276 --

1947 5336 2166 5405 grindan
2198 5336 2418 5398 tnolerc,
2467 5333 2810 5395 eotnttrolcre,
2839 5329 3219 5402 grindrrfrabjis
3251 5327 3521 5398 pusillani-

1950 5427 2071 5488 nris,
2101 5425 2331 5494 grundus
2360 5423 2577 5493 (pulvis,
2611 5421 2774 5492 terra)
2793 5422 2996 5487 solum;
3025 5449 3093 5460 —-
3114 5423 3316 5483 tirrdrm,
3339 5432 3518 5484 urere,

1949 5515 2160 5585 tandjan
2203 5514 2513 5578 accendere,
2566 5513 2795 5566 tundmm
2835 5508 3390 5580 accendi;——sin[)an
3422 5509 3522 5564 ire.

1951 5607 2073 5678 δίηρ
2117 5607 2131 5659 ί
2160 5620 2237 5671 υεν
2272 5605 2470 5674 gradus
2501 5605 2712 5679 (vices),
2745 5605 2970 5677 gasinpa
3011 5605 3188 5660 socius
3217 5600 3522 5672 peregrina-

1953 5700 2129 5766 tionis,
2160 5699 2380 5772 sandjrm
2411 5698 2650 5765 mittere;
2677 5730 2741 5740 ρ·-
2763 5700 2973 5768 vt'iggan
3004 5707 3269 5761 torquere,
3293 5693 3520 5750 circurn-

3082 5803 3161 5862 32
