4044 6210
601 261 763 318 ³1005

623 385 776 450 dare,
807 398 1000 454 vruggo
1031 381 1395 447 tendiculum;
1431 410 1496 421 -—
1525 380 1726 453 pigkan
1751 379 2006 450 cogitare,
2037 377 2208 450 pagks

591 495 594 498 ’
616 479 911 547 gratiarum
934 477 1094 542 actio,
1112 475 1346 547 [mgl‘jan
1374 475 1628 543 cogitare,
1647 472 1884 544 pugkjan
1906 471 2074 526 videri
2097 486 2113 536 ;
2136 498 2208 510 —

625 571 865 641 sviggvau
890 578 1099 634 nutare,
1129 570 1466 640 afsvaggvjan
1491 567 1699 622 vibrare
1724 582 1739 632 ;
1769 595 1837 606 —
1859 565 2071 620 vairdan
2115 581 2208 619 cu-

624 675 762 726 rare,
795 659 997 713 vairdus
1041 658 1258 726 hospes,
1306 657 1458 712 vards
1498 666 1704 718 custos.
1741 656 2035 727 fravardjan
2081 670 2203 709 cor-

626 763 906 818 rumpere;
930 777 998 786 —
1015 747 1244 800 vairman
1270 746 1529 814 calefieri,
1561 762 1728 799 rarms
1753 745 1978 807 calidus.
2003 750 2205 798 t'aurm‘s

624 839 856 903 vermis;
889 867 959 877 —
985 837 1203 907 [iui/itan
1229 847 1496 906 torquere,
1530 836 1688 905 ﬂama
1721 850 1956 904 torques.

691 930 748 999 2)
782 929 942 984 IIt'lan
975 929 1170 994 (clare,
1203 927 1357 981 Itilms
1387 928 1564 998 galea,
1594 927 1735 997 Italja
1767 925 1990 990 inferas,
2021 924 2205 996 Imijart

621 1021 852 1090 operire,
886 1020 1102 1084 velare;
1133 1047 1204 1058 —
1225 1021 1384 1072 mi!an
1415 1017 1562 1088 (coll.
1603 1016 1827 1086 malast),
1870 1014 2026 1085 milip
2073 1015 2201 1081 mel,

618 1115 719 1168 me!
740 1113 1039 1187 (mensura)
1075 1123 1307 1181 tempus,
1336 1109 1518 1164 mulda
1548 1109 1752 1179 pulvis;
1784 1108 2002 1162 ——silan
2036 1106 2204 1175 possi-

618 1206 768 1274 dere,
797 1205 964 1278 saljan
995 1219 1238 1272 manere,
1266 1203 1366 1257 Scls
1395 1201 1594 1274 (dives)
1628 1202 1821 1265 ho:~.us,
1847 1200 1984 1269 sulja
2013 1197 2202 1252 funda-

619 1307 882 1364 mentum,
913 1297 1118 1368 planta,
1167 1296 1408 1367 gasuljan
1459 1290 1995 1358 fundare;-—-skilan
2047 1304 2204 1358 sepa-

617 1402 762 1456 rare,
810 1389 1108 1456 excoriare,
1153 1386 1306 1458 skilja
1349 1384 1615 1450 carnifex,
1643 1382 1844 1437 skildus
1877 1375 2200 1450 (squamma)

617 1489 850 1548 scutum,
902 1478 1068 1550 skalja
1115 1476 1467 1549 (squamam)
1519 1475 1654 1530 later
1715 1473 1862 1544 (gall.
1923 1472 2201 1541 mile);—

606 1573 744 1626 ‘tilan
791 1570 1102 1636 convenire,
1155 1567 1569 1633 accommodari,
1615 1567 1698 1621 ιῑις
1743 1565 2196 1632 ειοεοηιηιηόειιυς,

615 1663 717 1718 tals
743 1671 921 1732 aptus,
955 1659 1150 1733 talsjan
1184 1659 1460 1729 adoptare,
1503 1658 1791 1723 insrucre,
1839 1655 2105 1719 educare;
2129 1682 2197 1695 —-

615 1756 788 1809 Itiman
819 1753 1053 1824 operire,
1081 1752 1272 1806 liim’ns
1303 1751 1524 1819 caelum,
1558 1749 1816 1822 gahamon
1865 1748 2088 1815 vestire,
2121 1746 2202 1800 in-

600 1847 1109 1917 vduere;—[rimau
1158 1845 1502 1909 accelerare,
1559 1843 1692 1913 {rant
1749 1842 1802 1896 in
1867 1849 2198 1909 conspectu,

598 1944 784 2014 {ruma
817 1941 1018 2010 primus
1043 1939 1288 2009 ;—qinan
1319 1936 1410 2009 (ἲ),
1439 1937 1560 2007 qitto
1583 1935 1800 2000 femina,
1819 1951 1939 2004 qens
1964 1932 2157 1986 mulier
2181 1947 2197 1996 ;

618 2063 688 2075 —
712 2031 876 2104 [)inan
900 2029 1140 2094 extendi,
1191 2029 1456 2101 nfpanjan
1491 2027 1739 2093 extendi;
1770 2056 1829 2066 ——
1856 2025 2030 2078 minati
2059 2023 2202 2092 cogi-

615 2133 752 2190 tare,
781 2121 1021 2194 ganr’npi
1069 2119 1353 2185 memoria,
1399 2119 1669 2172 anaminds
1698 2116 1952 2185 suspicio,
2009 2130 2200 2167 munan

603 2227 805 2289 putare
821 2233 837 2283 ;
852 2246 918 2256 —
931 2216 1084 2270 vium:
1107 2213 1338 2268 deficere
1353 2213 1443 2283 (?),
1457 2211 1594 2281 cinia
1619 2223 1892 2280 pascuum,
1918 2224 2041 2262 cans
2070 2205 2202 2261 deli-

595 2311 786 2375 ciens,
815 2324 934 2363 cens
958 2306 1292 2376 exspectatio
1311 2319 1413 2370 ;-—
1438 2304 1584 2358 airan
1609 2303 1878 2367 labora'e,
1911 2299 2086 2355 colere
2107 2299 2198 2371 (7),

565 2431 569 2436 ο
597 2403 754 2456 ἀἰνιιε
781 2399 1020 2464 nuntius,
1045 2398 1195 2467 arjan
1229 2409 1383 2452 arare
1403 2411 1491 2462 ;——
1507 2395 1677 2464 {airan
1706 2407 1982 2456 accusare,
2012 2390 2202 2460 fairina

615 2477 856 2557 crimen,
923 2493 1056 2563 ferja
1111 2487 1426 2554 insidiator,
1483 2487 1736 2557 gafaurds
1787 2482 2201 2537 concilium—-

613 2585 814 2639 svairan
842 2597 1056 2653 gravem
1087 2594 1230 2646 esse,
1259 2595 1402 2633 arare
1431 2577 1624 2644 inanis,
1666 2589 1887 2642 vacuus,
1925 2589 2062 2628 sucrs
2103 2571 2204 2626 ho-

612 2684 861 2738 noratus;
890 2671 1157 2724 ——vairan
1203 2683 1442 2733 manere,
1483 2667 1702 2731 durare,
1749 2675 1915 2720 tutum
1954 2677 2075 2717 ese
2105 2661 2198 2732 ('1),

612 2767 718 2820 rair
745 2764 845 2829 vir,
892 2761 1073 2817 utirilu
1118 2760 1258 2814 labia
1285 2759 1423 2830 (oris
1461 2755 1792 2827 custodes?),
1829 2751 2067 2825 gaeairpi
2097 2763 2200 2822 pax

614 2855 893 2928 (hucne?),
927 2869 1042 2908 cars
1069 2849 1304 2915 sobrius,
1336 2852 1517 2916 varjan
1543 2861 1748 2915 arcere,
1774 2849 1950 2916 verjan
1978 2858 2202 2900 conser-

611 2964 769 3016 vare;
801 2947 962 3002 sanan
988 2957 1241 3014 pungere,
1258 2941 1401 3007 stiks,
1429 2954 1578 3005 acus,
1597 2945 1874 3010 punctum,
1896 2936 2031 2991 staks
2057 2935 2194 3004 vice,

600 3038 1019 3112 dileprastaktins
1053 3033 1338 3090 tentorium
1373 3033 1558 3100 figere.

679 3133 738 3200 5)
791 3130 990 3184 linivan
1032 3127 1124 3196 (⁸3),
1155 3125 1278 3178 kniu
1310 3139 1469 3194 genu,
1502 3121 1749 3194 knussjan
1796 3117 2194 3187 genuflectere;

613 3225 872 3276 —Ii.'it'an
915 3220 1120 3278 audite.
1170 3215 1324 3286 hliuf)
1363 3213 1610 3278 attentio,
1657 3213 1954 3268 silentium.
2001 3209 2199 3262 liliuma

591 3311 1108 3378 auditum—titan
1152 3316 1397 3376 paratum
1448 3317 1592 3369 esse,
1621 3305 1807 3375 taujan
1853 3300 2050 3363 facere,
2102 3299 2198 3352 teri

593 3418 788 3472 coma,
805 3401 1038 3471 gatevjan
1066 3410 1390 3467 praeparare,
1417 3393 1699 3454 ordinare;
1720 3422 1787 3432 —
1803 3391 1982 3460 failtau
2003 3388 2194 3457 aptari,

605 3495 842 3566 ‘bifaihon
872 3491 1152 3557 deci,ere,
1192 3488 1507 3560 fullafahjan
1544 3486 1891 3551 satisfacere;
1939 3513 2009 3524 —
2038 3483 2199 3536 didm:

559 3591 562 3594 ’
597 3587 813 3644 'faccre,
839 3583 964 3636 deds
996 3582 1189 3634 factum
1225 3577 1372 3648 (col'.
1405 3577 1433 3647 §
1468 3577 1613 3646 1:27).

688 3676 746 3746 4)
779 3667 1204 3729 Feianhostidem
1230 3683 1370 3731 esse,
1400 3666 1634 3738 infeinan
1659 3665 1926 3730 misereri,
1955 3664 2095 3734 fuian
2127 3662 2202 3718 vi-

617 3776 890 3836 tuperare,
909 3763 1037 3835 ﬁjan
1066 3759 1272 3824 odi;—
1303 3759 1479 3828 geiran
1500 3755 1830 3821 desiderare,
1869 3757 2009 3826 ge'ro
2036 3753 2203 3808 avidi-

601 3869 718 3926 tas,
748 3858 1032 3927 Cupiditas,
1065 3854 1303 3924 gairuian
1333 3866 1649 3920 αηρενς-
1670 3849 1846 3902 heivan
1874 3846 2086 3916 operite
2109 3846 2200 3917 (ἲ),

609 3955 725 4010 'heiv
745 3955 959 4016 domus,
977 3949 1078 4002 Itivi
1101 3942 1343 4018 (tectum)
1367 3939 1939 4011 adspectus;—leiban
1961 3952 2202 4003 manere,

603 4045 752 4100 'laiba
793 4040 1057 4110 reliquiae,
1102 4037 1344 4107 bilaibjan
1393 4033 1721 4101 relinquere,
1753 4030 1974 4101 aﬂifnan
2005 4043 2199 4099 super-

610 4148 738 4190 esSe
762 4151 776 4196 ;
804 4161 876 4173 —
899 4129 1074 4184 veibom
1123 4137 1361 4190 vt-rtere,
1409 4123 1667 4195 bivaibjan
1726 4122 2102 4185 circumdare;
2132 4143 2203 4159 —-

610 4225 808 4298 gleitan
836 4223 1014 4276 lucere
1044 4217 1301 4288 (glitmuni
1332 4212 1635 4283 splendor),
1662 4211 1972 4283 glitmunjun
2016 4209 2200 4280 splen-

613 4319 786 4381 dere;
817 4344 887 4355 ._
916 4312 1104 4366 υιρξιαιι
1149 4308 1458 4378 adspicere.
1507 4305 1835 4359 andavlet'zns
1895 4303 2200 4371 adspectus,

617 4409 807 4462 vtaiton
825 4403 1095 4473 aucupari,
1113 4399 1550 4468 circumspicere,
1564 4395 1681 4451 vlits
1691 4395 1999 4463 adspectus,
2013 4394 2204 4463 vlizjan

619 4506 674 4559 in
705 4503 892 4557 faciem
919 4499 1324 4560 verberare;—
1346 4494 1522 4564 geisan
1551 4503 1775 4555 terre.e.
1807 4490 2080 4563 usgeisnan
2106 4489 2205 4546 mi-

617 4593 746 4661 rari,
772 4602 1100 4657 stupescere,
1131 4587 1393 4658 usgdisjan
1415 4583 1770 4654 stupefacere.

691 4683 750 4752 5)
778 4679 1000 4737 Giaman
1031 4679 1288 4741 enutrirc,
1319 4688 1510 4730 curare
1547 4671 1638 4744 (τ),
1685 4672 1928 4742 gaumjan
1960 4669 2202 4727 conside-

619 4787 763 4836 rare,
796 4787 953 4840 guma
1001 4769 1192 4830 homo;
1222 4793 1293 4805 —
1319 4764 1525 4818 skiuran
1573 4763 1919 4817 vehementer
1961 4776 2205 4816 commo-

621 4861 759 4926 veri,
791 4857 1128 4930 viupiskauro
1149 4853 1528 4918 ventilahrum,
1545 4851 1700 4906 skura
1729 4852 1994 4918 fremitus,
2017 4851 2201 4918 turbo;

621 4954 890 5026 -—jiukau
919 4949 1208 5006 convenire
1251 4947 1323 5018 (?)
1366 4944 1518 5018 jiuka
1560 4943 1847 5010 discordia,
1874 4944 2060 5016 jiukan
2104 4959 2204 5012 pu-

619 5061 810 5118 gnare,
849 5043 948 5118 juk
988 5055 1107 5112 par,
1158 5038 1350 5111 gajuka
1400 5049 1606 5104 comes,
1655 5034 1844 5106 gajuko
1887 5035 2199 5103 similitudo,

613 5138 795 5212 jnknzi
836 5137 1052 5206 iugum;
1079 5161 1147 5173 —
1167 5131 1345 5185 liuhan
1376 5127 1576 5192 lucere,
1622 5123 1814 5196 liultap
1837 5124 1950 5190 lux,
1977 5123 2202 5196 liuhtjan

617 5228 941 5290 illuminare,
978 5223 1246 5293 lauhatjau
1283 5219 1615 5282 illuminare,
1666 5215 1934 5269 latiltmtmi
1985 5215 2157 5283 fulgur
2187 5232 2201 5279 ;

619 5321 886 5376 —linban
933 5317 1122 5380 amari,
1155 5315 1285 5368 (iubs
1322 5313 1572 5374 dilectus,
1625 5308 1902 5380 galaubjau
1956 5309 2200 5377 credere,

618 5415 832 5485 galanbs
867 5425 1044 5477 carus,
1088 5407 1375 5477 pretio~us,
1413 5405 1593 5477 galubs
1640 5403 1923 5471 pretiosus,
1975 5401 2204 5473 lis-apru-

619 5507 736 5560 lube
767 5506 963 5557 caritas
995 5503 1248 5563 fraterna,
1281 5496 1481 5550 lubains
1512 5508 1664 5562 spes;
1696 5521 1767 5532 -
1795 5491 1990 5559 diupan
2029 5492 2198 5546 altum

619 5613 762 5660 esse,
799 5597 950 5665 diups
999 5590 1312 5662 profundus,
1363 5588 1525 5651 altus,
1576 5587 1804 5654 danpjan
1858 5584 2197 5652 immergere,

625 5679 1256 5754 baptizare;-—stiu[ian
1317 5677 1578 5733 lubricum
1653 5689 1812 5741 esse,
1887 5673 2199 5745 aftlaujijan

1675 261 2124 320 GRAMMATICA
2168 261 2494 321 GOTlllCzE
2536 266 2832 326 l.l.\‘GliIE.

3687 283 3790 338 illm

2311 384 2818 448 tenera—(intuit
2848 384 3075 453 adulaii,
3108 385 3365 456 decipere,
3407 390 3513 443 liuts
3550 391 3726 447 simulat
3748 411 3792 462 -r,

2309 474 2440 528 (iuta
2477 475 2745 546 adulator,
2789 478 3087 548 hypocrita,
3111 479 3254 532 luton
3279 477 3522 548 decipere.

2379 564 2630 636 6)Ca'an
2671 579 2911 636 cantare,
2958 571 3213 637 clamare,
3247 572 3412 640 goljan
3443 572 3638 626 salutem
3677 574 3795 640 dare,

2308 668 2496 719 avere;
2526 687 2596 697 —
2615 658 2782 728 dagnn
2805 659 3097 724 lucescere,
3120 659 3246 730 ἄασε
3275 660 3401 720 dies,
3430 660 3677 731 alitaudogs
3698 666 3799 717 octi-

2307 742 2542 812 duanus;
2572 777 2644 790 —
2668 749 2832 803 liaban
2863 749 3060 805 habere
3091 748 3235 820 (gall.
3268 751 3365 803 teni
3393 751 3434 818 ),
3455 751 3601 804 habuit
3625 752 3796 818 habere,

2309 838 2510 908 haftjan
2549 840 2845 908 adhaerere,
2896 841 3128 912 galtoban
3169 840 3705 911 continua—sapuit
3731 859 3796 896 sa-

2307 936 2708 997 tutatum'esse,
2735 947 2793 983 sa
2801 927 2865 1002 IIS
2887 939 3174 997 saturatus,
3207 929 3456 1001 gasopjan
3507 939 3798 994 saturare;—

2289 1030 2472 1074 ‘walan
2503 1023 2872 1078 vehementem
2902 1037 3020 1078 esse
3052 1022 3137 1095 (1'),
3168 1038 3296 1077 wass
3333 1024 3615 1090 vehemens,
3653 1026 3800 1095 wotjau

2302 1113 2518 1176 m'nari,
2547 1113 2843 1182 increpare,
2869 1113 3074 1183 injuriis
3103 1113 3365 1184 prosequi.

2381 1222 2401 1254 ‹
2427 1207 2729 1259 Annotatin.
2748 1237 2815 1246 —
2840 1205 2918 1260 De
2949 1206 3216 1260 nonnullis
3244 1207 3426 1260 harum
3445 1206 3660 1275 stirpium
3686 1221 3800 1276 quc-

2303 1294 2409 1348 stio
2439 1305 2542 1360 est,
2582 1305 2781 1364 utrum,
2812 1297 2975 1351 invita
3007 1296 3338 1362 absonantia,
3366 1296 3445 1352 cui
3474 1297 3731 1366 subiacent,
3752 1296 3801 1350 ad

2305 1385 2393 1440 illa
2423 1385 2582 1442 fortia
2621 1387 2791 1442 verba
2815 1387 3072 1458 equidem
3105 1386 3378 1459 deperdita
3406 1386 3668 1443 referenda:
3703 1388 3800 1452 sint,

2301 1490 2371 1530 an
2417 1477 2593 1546 potius
2641 1491 2747 1532 non
2793 1477 3142 1543 credendum,
3173 1478 3314 1549 quod
3357 1477 3640 1534 absonaotia
3679 1479 3802 1533 etiam

2301 1565 2452 1632 alibi,
2484 1582 2642 1637 quam
2677 1567 2976 1624 verbalibus
3007 1567 3296 1634 radicibus,
3337 1568 3580 1623 interdum
3621 1567 3804 1635 irrepse-

2303 1658 2373 1712 rit
2402 1657 2454 1729 (ς
2485 1657 2574 1724 52,
2604 1658 2657 1725 5,
2693 1668 2884 1712 annot.
2925 1657 3018 1728 2),
3045 1673 3165 1714 eum
3210 1658 3328 1714 idea
3370 1657 3572 1728 propius
3607 1656 3664 1712 ad
3699 1655 3805 1711 radi-

2301 1761 2420 1804 cem
2451 1748 2774 1804 nominalem
2810 1763 2968 1818 quam
2999 1748 3067 1804 ad
3097 1749 3367 1805 verhalem
3408 1749 3638 1805 accedere
3667 1746 3804 1801 vides-

2299 1846 2410 1906 ιω,
2439 1847 2498 1893 ul.
2530 1847 2652 1908 puta
2673 1839 2850 1910 qiuari,
2878 1839 3088 1907 knivan,
3119 1841 3312 1912 dagatt.

2378 1949 2397 1980 ι
2443 1930 2732 1986 Anuotatio
2763 1931 2902 1984 ‘2.—
2922 1930 3041 1985 Alia
3069 1943 3193 1987 vero
3227 1931 3478 1988 vocabula
3494 1930 3626 2001 juxta
3645 1929 3806 1999 regulas

2301 2020 2630 2076 absonatrtize
2669 2021 2858 2076 deduci
2900 2031 3174 2093 nequeunt
3217 2031 3377 2094 atque
3410 2023 3537 2079 adeo
3572 2022 3728 2091 origini
3753 2034 3801 2072 es

2303 2109 2467 2164 verbo
2517 2111 2638 2165 forti
2687 2121 3015 2181 repugnant;
3065 2112 3369 2182 huiusmodi
3409 2121 3524 2167 sunt
3567 2111 3802 2181 [mserum

2302 2209 2568 2256 astrorum
2610 2203 2846 2266 nemina,
2887 2213 2944 2257 ut
2973 2219 3163 2273 sumta,
3196 2221 3360 2270 mena,
3387 2206 3602 2268 stairno;
3625 2203 3808 2258 elemen-

2304 2299 2478 2347 torum
2507 2301 2566 2348 et
2592 2302 2794 2348 naturae
2813 2295 3311 2364 pheuomenorum,
3343 2306 3397 2351 ut
3421 2295 3806 2365 airpa,uato,{on,

2302 2384 2467 2450 viniis,
2512 2385 2671 2456 riga;
2705 2385 3038 2453 animalium,
3078 2396 3136 2442 ut
3177 2389 3360 2458 faulio,
3390 2387 3559 2453 caiisa,
3593 2386 3723 2449 (amb,
3755 2386 3810 2436 riu

2303 2474 2458 2546 prus,
2489 2475 2760 2541 ulbandtts,
2789 2478 2972 2548 asilus,
2995 2477 3154 2550 fugis,
3182 2497 3303 2545 ara,
3329 2480 3476 2545 dabo,
3503 2479 3662 2544 altuks,
3689 2479 3809 2539 haud.

2302 2581 2516 2637 sparsa:
2546 2569 2844 2638 plantarum
2858 2584 3163 2641 earumque
3188 2573 3440 2641 partium,
3461 2581 3514 2626 ut
3528 2573 3643 2635 triti,
3659 2571 3809 2639 begins»

2301 2668 2462 2725 aura,
2485 2675 2626 2730 grus,
2657 2659 2918 2731 [)aurnus,
2945 2672 3074 2726 asta,
3115 2665 3279 2730 tas’ns,
3302 2675 3485 2730 castra,
3507 2664 3644 2733 lattfs,
3670 2663 3808 2720 ultrast.

2301 2750 2430 2818 basi,
2455 2751 2619 2820 peika,
2645 2752 2886 2818 smakka;
2913 2755 3280 2812 membrorum
3290 2759 3548 2827 corporis,
3570 2767 3621 2810 ut
3637 2753 3811 2823 habili,

2300 2856 2448 2909 auso,
2471 2858 2627 2913 auge,
2658 2843 2877 2914 umnps,
2904 2845 3122 2916 tempus,
3150 2857 3332 2921 luggo,
3363 2848 3490 2914 Itals,
3512 2847 3810 2914 arms,ltrssts,

2302 2933 2502 3002 ccuba,
2543 2935 2714 3002 fama,
2755 2944 2886 3004 etc.,
2933 2937 3056 2992 licet
3098 2941 3356 2995 nonnulla
3407 2941 3505 2994 alia
3549 2939 3654 2992 huic
3691 2935 3812 2990 classi

2301 3025 2625 3094 pertinentia
2645 3027 2812 3082 etiam
2843 3029 2907 3083 ad
2935 3030 3169 3085 radicem
3195 3033 3462 3088 verhaiem
3489 3032 3645 3087 forsan
3665 3027 3810 3082 referri

2303 3118 2527 3186 possint,
2558 3127 2615 3172 ιιι
2643 3119 2812 3174 Itunds
2841 3129 2896 3175 et
2927 3121 3129 3177 Irattdus
3158 3126 3230 3180 ad
3258 3125 3478 3197 ἡὶηρίιη,
3517 3125 3638 3193 culis
3661 3120 3714 3175 ad
3738 3117 3813 3171 n'l-

2300 3225 2395 3263 ttcn
2421 3208 2488 3278 (?)
2520 3218 2571 3264 ct
2601 3210 2813 3264 similia.
2854 3229 2874 3263 s

2373 3298 2400 3368 §
2448 3298 2568 3354 140.
2613 3299 2785 3354 Radix
2828 3300 2988 3371 igitur
3039 3303 3091 3358 in
3137 3306 3503 3374 glammatica,
3552 3305 3671 3359 sicut
3702 3309 3742 3354 et
3775 3299 3815 3350 in

2303 3387 2520 3455 plantis,
2553 3403 2617 3444 ea
2645 3401 2728 3446 est
2768 3406 2892 3460 pars
2920 3393 3090 3449 oculis
3119 3395 3454 3462 abscondita,
3493 3410 3552 3451 ex
3579 3407 3667 3465 qua
3690 3403 3812 3444 vocas

2305 3478 2485 3532 bulum
2531 3479 2711 3534 enasci
2740 3495 2836 3546 ttr;
2876 3482 3032 3552 stirps
3071 3499 3204 3539 vero
3243 3501 3274 3542 e
3315 3487 3491 3541 radice
3519 3483 3672 3555 palam
3694 3479 3814 3532 νῆα-τ-

2303 3577 2410 3634 tur,
2425 3580 2480 3624 ut
2494 3581 2803 3626 concretum
2817 3573 3132 3629 vocabulum
3153 3577 3425 3633 efformet.
3439 3577 3548 3632 1am
3566 3588 3676 3630 vero
3693 3570 3815 3622 cli-Im

2301 3664 2468 3732 stirps
2488 3664 2755 3731 vocabuli,
2778 3665 2824 3720 si
2855 3667 2954 3722 hoc
2977 3667 3045 3722 ab
3068 3667 3344 3726 elemento
3370 3668 3631 3726 formativo
3653 3675 3817 3732 separe-

2303 3768 2444 3819 mus,
2477 3753 2646 3808 forma
2688 3756 3055 3827 monosyllaba
3090 3772 3315 3830 semper
3342 3767 3556 3832 apparet
3581 3755 3758 3812 induta:
3782 3748 3816 3801 εί

2302 3853 2481 3900 autem
2525 3847 2840 3902 vocahu'um
2892 3847 3112 3904 relative
3157 3851 3227 3905 ad
3269 3851 3514 3906 ﬂexivum
3555 3849 3818 3903 elementum

2304 3951 2628 4008 spectemus,
2650 3940 2812 4004 stirps
2836 3940 2885 3993 id
2911 3951 3014 4002 est.
3035 3941 3137 3997 hoe
3167 3944 3496 3999 elementum
3516 3931 3820 3994 tantummodo

2305 4029 2670 4100 εθὲιιηεοπιυε,
2698 4030 2860 4098 διίτρε
2896 4030 3013 4086 deri
3027 4031 3191 4086 t'ativa
3224 4048 3346 4088 esse
3378 4041 3569 4102 potest,
3590 4030 3820 4095 augmento

2307 4121 2585 4176 formativo
2607 4121 2795 4188 ditata,
2820 4133 2868 4176 et
2890 4136 3287 4194 consequenter
3308 4122 3642 4196 polysyllaba.
3659 4119 3734 4172 Sic
3752 4128 3817 4166 ct.

2304 4227 2386 4284 gr.
2411 4229 2530 4268 nam
2547 4213 2694 4268 radix
2722 4221 2804 4269 est
2831 4225 2884 4269 et
2914 4216 3017 4268 nim
3044 4217 3211 4287 stirps
3236 4225 3329 4274 τοῦ
3362 4219 3564 4279 niman;
3585 4216 3709 4266 autut
3727 4215 3824 4259 vero

2307 4304 2449 4373 (cum
2471 4311 2756 4372 augmento
2786 4304 3070 4359 formativo
3098 4314 3139 4371 t,
3172 4307 3199 4378 ᾗ
3228 4305 3360 4377 148)
3385 4307 3547 4372 stirps
3572 4307 3653 4358 «res
3673 4303 3821 4353 utinm.

2303 4392 2499 4462 nemng
2532 4392 2675 4462 (cum
2704 4402 2987 4464 augmento
3009 4393 3296 4451 formativo
3313 4397 3415 4468 εἰς,
3441 4394 3467 4466 §
3498 4392 3609 4457 150,
3631 4391 3673 4458 ζ)
3696 4383 3826 4451 stirps

2303 4491 2395 4542 τοῦ
2425 4484 2663 4554 nenteigs.

2380 4582 2976 4650 vAnnotatio.-—Stirps
2996 4583 3154 4655 igitur
3173 4600 3201 4638 a
3228 4585 3396 4640 forma
3428 4573 3767 4639 fundamentali
3785 4568 3826 4624 in

2305 4686 2372 4728 eo
2392 4673 2756 4743 distinguitur,
2777 4673 2916 4742 quod
2941 4673 3054 4728 haec
3075 4673 3184 4744 jam
3209 4675 3477 4730 elemento
3505 4667 3749 4726 formativo
3768 4661 3824 4714 l0-

2305 4765 2644 4833 cupletetur;
2691 4764 2815 4819 hinc
2853 4763 2923 4818 de
2976 4763 3143 4818 forma
3180 4765 3400 4819 radicali
3444 4757 3744 4820 tractandum
3766 4755 3826 4804 αι

2306 4854 2397 4909 ubi
2431 4854 2499 4908 de
2534 4855 2764 4909 ﬂexione
2791 4854 3194 4921 vocabulorum,
3225 4854 3296 4909 de
3321 4855 3486 4922 stirpe
3517 4864 3655 4913 vero,
3681 4843 3752 4898 ubi
3775 4839 3826 4890 de

2308 4947 2620 5001 formatione
2643 4946 2840 5016 agitur.
2868 4945 2958 5001 Sic
2981 4961 3066 5000 ex.
3092 4963 3173 5017 gr.
3191 4963 3317 4999 nam
3346 4946 3662 5008 radix,nuntt
3680 4934 3824 4999 stiti“.

2308 5035 2604 5090 NIIMPTI
2671 5037 2883 5092 tandem
2947 5037 3114 5092 forma
3164 5035 3570 5092 fundamentalis
3643 5038 3715 5084 est
3759 5025 3827 5077 τοῦ

2306 5137 2496 5180 Μυκη.
2537 5146 2557 5180 9

2380 5221 2407 5290 §
2444 5222 2562 5276 HI.
2594 5222 2742 5286 Quod
2771 5223 2814 5276 si
2846 5221 3220 5277 vocabulorum
3253 5220 3620 5274 formationem
3637 5203 3830 5267 exterius

2306 5319 2511 5366 tantum
2541 5321 2864 5381 spectemus,
2892 5327 3010 5368 eam
3039 5315 3154 5369 sive
3174 5325 3243 5368 ex
3271 5311 3635 5367 terminatione
3658 5292 3829 5356 unicui-

2305 5417 2410 5472 que
2453 5401 2748 5457 dictionum
2779 5403 2936 5459 classi
2975 5403 3188 5474 propria
3209 5417 3334 5456 cum
3381 5401 3466 5454 vel
3499 5399 3684 5465 absque
3706 5388 3831 5440 abso—

2306 5496 2484 5548 nantia
2513 5509 2608 5564 per
2628 5495 2930 5562 simplicem
2952 5491 3368 5564 appositionem,
3403 5505 3491 5547 ex.
3517 5503 3614 5558 gr..
3639 5501 3650 5538 :
3671 5479 3832 5534 nimam

2306 5601 2444 5639 nems
2465 5603 2495 5639 a
2520 5587 2702 5642 radice
2723 5604 2875 5652 nam;
2905 5587 3026 5642 sive
3053 5602 3118 5642 ex
3139 5583 3529 5652 compositione
3556 5580 3749 5634 duarum
3768 5566 3831 5617 vel

2305 5678 2533 5749 plurium
2565 5680 2832 5752 stirpium,
2862 5689 2919 5737 ut
2945 5681 3196 5751 afut’man,
3227 5672 3543 5743 arbinumja,
3573 5657 3813 5741 ηιίρςαῑάσ
