4044 6210
267 342 302 396 q
327 343 353 379 e
373 323 465 396 [ut
485 340 519 378 ιι
551 323 620 378 du
657 325 815 379 immo
846 324 927 398 jai
947 328 1124 398 [rauja
1155 325 1331 398 —jah
1355 325 1566 397 iuagida
1598 326 1682 382 ius
1714 329 1848 382 iesus

266 415 502 487 qipands
521 432 540 470 :
570 417 828 471 saiwats
853 418 898 470 ei
925 433 1112 472 manna
1136 419 1190 470 ni
1212 415 1467 488 t‘itiipeia
1497 418 1850 472 usmeride-

267 508 306 562 ἀ
326 525 405 563 un
441 509 531 561 ina
553 522 573 569 ;
594 506 694 561 Mc.
722 523 758 572 ι,
811 507 897 571 16,
928 509 992 562 17
1022 507 1292 562 warbonds
1330 511 1470 564 ieeur
1492 513 1613 575 [aur
1657 511 1853 562 marem

266 615 440 671 gasaw
459 597 788 670 seimonujalt
811 598 1065 653 andraian
1079 599 1425 666 vairpanduns
1445 601 1552 652 uati
1567 601 1620 653 in
1636 601 1850 657 mareiu.

264 702 483 743 vesun
521 687 622 741 auk
669 686 904 758 ﬁskjam.
945 687 1045 758 jalt
1085 688 1295 760 qapim
1322 703 1342 743 :
1385 687 1674 756 hirjats
1738 689 1856 757 αἶαν

264 778 408 832 mis!
436 793 511 835 xt.
532 777 635 830 2-4
669 781 807 832 iesus
833 778 1110 832 insandida
1136 788 1278 832 trans
1317 778 1520 851 siponje
1537 779 1634 850 ⁵ῑιιΙι
1656 778 1765 850 qap
1786 779 1856 832 du

262 871 340 922 im
370 884 389 921 :
429 877 750 939 gaggata
784 870 839 922 in
879 867 1022 923 haim
1047 869 1144 940 jnh
1187 869 1485 940 bigitnts
1523 870 1671 938 [ulan
1714 871 1850 922 and-

263 959 596 1013 bindandaus
619 962 708 1012 ina
746 969 816 1013 at
839 960 1020 1013 tiuln
1043 968 1104 1014 ts
1133 960 1222 1030 (de
1254 961 1351 1014 hac
1379 960 1508 1014 falsa
1537 960 1707 1015 forma
1737 959 1847 1016 vid.

263 1065 427 1121 Supra
451 1049 478 1120 ἓ
497 1050 622 1116 116,
645 1063 830 1105 annm.
850 1052 928 1117 3),
946 1052 1010 1122 ja
1033 1051 1175 1117 iabI-‘Ii
1196 1067 1299 1105 was
1319 1053 1483 1120 iggqis
1501 1051 1553 1122 qi
1554 1051 1682 1122 poi:
1710 1052 1855 1106 duwe

264 1140 403 1213 [)ata
431 1143 734 1213 taujats?
773 1141 1051 1212 qipaits,
1097 1141 1241 1212 [Jatei
1270 1145 1447 1211 frauja
1469 1140 1557 1212 [iis
1584 1141 1850 1213 gairueip.

267 1233 591 1304 galipnn
631 1233 742 1304 pan
772 1232 872 1302 jali
917 1234 1216 1301 bigetun
1253 1233 1436 1303 fulan;
1464 1235 1591 1288 Luc.
1619 1249 1727 1298 xtx,
1757 1235 1854 1289 50-

266 1322 370 1387 33;
403 1320 534 1376 Luc.
579 1336 673 1386 vn,
704 1320 778 1375 2?.
813 1323 949 1376 ieans
987 1320 1096 1390 qui)
1124 1325 1194 1375 du
1237 1324 1311 1375 im
1361 1321 1602 1392 (duobus
1648 1323 1855 1378 scilicet

267 1413 458 1483 legatis
497 1411 798 1480 Joannis):
847 1413 1186 1484 gagguntlam
1235 1413 1635 1483 gateihats
1670 1415 1854 1466 iohan-

265 1519 386 1570 neu,
426 1503 576 1576 putei
626 1512 972 1575 gasewuts
1017 1503 1118 1574 jah
1161 1503 1751 1572 gahausideduta.
1793 1502 1851 1558 ln

265 1593 388 1649 loco
427 1592 600 1647 dualis
645 1592 914 1660 exemplis
943 1591 1213 1647 ditissimo
1242 1592 1341 1646 Mc.
1367 1609 1422 1656 x,
1457 1592 1855 1647 55-59mm-

264 1684 657 1740 baidedun
718 1681 798 1737 sik
849 1683 923 1736 du
969 1683 1131 1736 immo
1172 1682 1420 1737 iaakobus
1466 1682 1556 1748 iah
1605 1683 1852 1738 ioltannes

262 1775 562 1847 qipaudans
589 1791 610 1828 :
637 1773 819 1828 (nixari
852 1790 882 1828 υ
902 1775 919 1828 i
940 1775 1036 1829 (ei
1058 1791 1150 1829 ma
1186 1775 1234 1829 ei
1259 1774 1405 1845 putei
1433 1774 1545 1845 [mit
1572 1775 1601 1828 b
1623 1775 1641 1828 i
1663 1777 1734 1845 dj
1755 1792 1785 1829 ο
1805 1793 1850 1839 ε,

265 1869 463 1940 taujais
491 1868 652 1922 umis.
679 1865 744 1939 i1)
771 1869 819 1922 is
843 1866 948 1938 qap
993 1869 1066 1921 im
1093 1883 1112 1921 :
1135 1884 1215 1922 wa
1263 1868 1496 1922 uileits
1535 1870 1717 1939 tanjau
1755 1869 1855 1923 mil:

262 1960 445 2031 igqis?
490 1957 946 2030 ibeisqepun:
974 1958 1138 2029 fragif
1166 1956 1312 2030 ugkis
1335 1959 1763 2014 ei—sitaiva
1800 1961 1852 2014 in

263 2049 467 2122 culpmi
495 2048 810 2118 [)einamma.
840 2048 906 2119 il)
947 2050 1084 2102 ictus
1124 2048 1235 2118 qap
1265 2049 1337 2102 du
1389 2049 1461 2102 im
1489 2064 1508 2103 :
1533 2050 1589 2103 ni
1613 2067 1641 2104 υ
1662 2051 1764 2104 itu
1787 2059 1804 2103 t
1827 2066 1853 2104 ο

264 2140 666 2210 wisbidjats,
716 2149 1052 2208 magutau
1107 2138 1354 2208 driqgkan
1399 2138 1538 2204 stikl,
1591 2139 1754 2212 pauci
1801 2139 1854 2196 ik

264 2227 587 2300 driggkajalt
615 2228 915 2294 daupeinai,
947 2227 1140 2298 [Jizaiei
1170 2227 1221 2280 ik
1257 2228 1526 2299 daupjada
1570 2232 1613 2283 ei
1635 2229 1717 2283 da
1738 2246 1769 2282 ιι
1788 2248 1852 2296 p-

259 2292 596 2391 yainduu?
620 2318 686 2390 ip
711 2292 782 2372 eis
811 2292 989 2388 qepui:
1020 2332 1040 2371 :
1063 2334 1162 2371 mu
1181 2319 1300 2388 gn!
1326 2292 1542 2389 ἱρνῐεδιιι
1569 2320 1679 2391 qap
1703 2335 1723 2375 :
1744 2292 1854 2374 sue-

258 2409 420 2482 lpauh
447 2407 593 2481 pana
627 2408 768 2477 atikl,
801 2408 963 2480 pauci
986 2407 1038 2462 ik
1067 2408 1279 2480 driggka
1317 2409 1352 2460 ά
1374 2410 1484 2480 rig
1505 2428 1537 2481 g
1557 2411 1674 2464 kat
1696 2427 1721 2464 ιι
1753 2412 1853 2482 jah

256 2483 416 2591 μήκαὶ
451 2501 747 2570 daupeinni,
780 2501 974 2572 [)izaiei
1015 2499 1068 2554 ik
1109 2501 1144 2554 ά
1180 2502 1446 2571 upiada...
1481 2501 1652 2570 primo
1684 2511 1851 2570 patet,

252 2590 417 2672 {quod
474 2591 743 2661 passivum
797 2591 1009 2646 dualem
1066 2607 1172 2645 non
1234 2591 1445 2656 habeat,
1489 2590 1685 2660 quippe
1728 2606 1850 2646 cum

259 2684 628 2755 daupjaiudau
675 2696 771 2753 pro
804 2683 1214 2754 βαπτισθήσεσθε
1271 2682 1498 2748 positum
1543 2683 1850 2749 daupjanda

260 2786 392 2831 esse
431 2772 680 2836 deberet;
732 2772 872 2840 quod
924 2771 1119 2826 deinde
1161 2770 1300 2826 desit
1345 2771 1562 2840 pluralis
1607 2772 1850 2838 vileima;

259 2862 427 2932 cujus
478 2863 593 2918 loco
639 2863 821 2916 vileiva
873 2870 1163 2930 spectares.
1218 2860 1325 2915 Nec
1358 2876 1467 2914 non
1517 2870 1574 2916 et
1630 2863 1851 2931 pluralis

263 2953 588 3024 quandoque
615 2968 710 3020 pro
737 2953 878 3008 dnali
925 2964 1238 3022 usurpatur,
1286 2962 1345 3009 ut
1389 2954 1482 3008 ille.
1520 2969 1626 3017 xtv,
1661 2953 1853 3010 15-15

261 3041 538 3096 insandida
577 3051 718 3095 tvans
754 3042 956 3113 siponje
1000 3041 1185 3112 qnpult
1237 3045 1308 3095 du
1359 3044 1430 3095 im
1474 3058 1493 3094 :
1540 3053 1852 3114 gaggata

263 3136 324 3187 in
349 3133 425 3204 po
445 3134 604 3205 baurg
628 3133 718 3202 ia}:
747 3132 1011 3204 gamoteip
1038 3135 1169 3206 igqis
1199 3149 1386 3186 manna
1414 3131 1504 3187 kas
1551 3135 1716 3188 vatius
1743 3135 1852 3188 bai-

263 3224 447 3291 rands,
475 3241 507 3295 g
526 3240 558 3277 ιι
579 3241 609 3293 g
629 3243 661 3296 g
681 3241 712 3277 a
733 3235 751 3275 t
772 3241 796 3277 ι
825 3227 942 3292 afar
967 3223 1183 3294 primum
1203 3225 1300 3294 jnh
1332 3223 1492 3293 ῥηάεὶ
1517 3224 1850 3296 ἱιιηθιιιεὶραε

263 3316 706 3387 qipaits—war
741 3317 861 3370 aind
902 3316 1298 3386 salipvos—jah
1340 3335 1398 3371 sa
1443 3318 1569 3372 izvis
1615 3317 1850 3389 taikueip

261 3406 433 3461 kelikn
449 3409 548 3472 jah
565 3407 745 3480 jainar
770 3408 1057 3478 manvjai
1075 3406 1115 3476 p
1142 3409 1316 3472 ansis;
1341 3408 1468 3462 Luc.
1491 3424 1602 3470 χιιι,
1622 3408 1685 3463 31
1708 3418 1758 3463 et
1783 3409 1854 3464 53

264 3497 322 3551 in
350 3496 534 3552 eadem
576 3497 995 3566 interrogatione
1032 3497 1196 3550 semel
1219 3497 1363 3550 duwe
1395 3498 1537 3550 and
1559 3497 1586 3550 ὁ
1606 3498 1758 3550 indi
1783 3497 1845 3568 p,

263 3587 391 3642 dein
417 3586 560 3642 duwe
590 3604 666 3641 an
686 3589 720 3641 ά
737 3589 858 3643 bin
876 3590 911 3642 d
931 3604 962 3641 a
982 3599 1003 3642 t
1022 3605 1067 3643 ε.
1097 3588 1331 3645 Pluralis
1372 3591 1536 3645 etiam
1574 3591 1725 3647 solus
1754 3592 1852 3646 ad-

262 3678 501 3743 hibetur,
533 3678 657 3733 licet
683 3678 751 3733 de
780 3677 990 3733 duobus
1037 3678 1129 3733 ﬁat
1155 3681 1328 3736 oratio
1358 3697 1373 3738 :
1405 3681 1536 3736 Luc.
1564 3697 1621 3746 ιι,
1655 3681 1747 3750 48,
1779 3682 1850 3738 49

263 3784 328 3821 sa
364 3775 472 3821 atla
498 3767 651 3840 [)eins
676 3770 766 3834 iah
792 3768 846 3822 ik
881 3769 1326 3824 sokidedum
1351 3771 1484 3842 puli.
1515 3773 1616 3841 jalt
1648 3789 1749 3842 qap
1778 3775 1852 3828 du

260 3861 370 3915 im:
420 3875 496 3914 tua
539 3860 686 3932 ῥαιοὶ
728 3861 1144 3934 sokidedup
1187 3862 1307 3917 mik.
1353 3867 1441 3917 niu
1489 3865 1850 3937 uiasedup

268 3949 416 4022 putei
435 3955 490 4006 in
515 3951 664 4023 paim
680 3953 834 4007 attint
847 3953 1027 4007 meiuia
1052 3953 1235 4008 uuida
1258 3955 1438 4009 uisan?
1459 3958 1514 4010 ln
1538 3957 1697 4024 priori
1719 3973 1850 4013 casu

266 4040 532 4113 interpres
555 4043 840 4100 arbitrarie
860 4043 1054 4114 egisse,
1087 4045 1140 4098 in
1164 4047 1446 4114 posteriori
1468 4057 1646 4102 autem
1673 4049 1850 4103 minus

264 4142 529 4190 attentum
562 4134 730 4190 fuisse
755 4135 1034 4204 minusque
1059 4137 1244 4192 stricte
1279 4135 1346 4192 ad
1377 4145 1577 4192 textum
1609 4154 1842 4210 graecum

263 4240 388 4282 sese
417 4226 854 4283 accommodasse
882 4227 1118 4282 videtur.

512 4326 570 4377 ν.
604 4325 991 4378 INFINITIVUS
1039 4326 1121 4378 ET
1167 4326 1600 4381 PARTICIPIUM.

337 4407 367 4481 §
401 4407 524 4465 188.
558 4407 733 4464 Verbo
753 4418 806 4463 et
835 4411 1034 4464 nomini
1058 4410 1230 4465 media
1255 4411 1517 4467 intersunt
1547 4413 1847 4471 inﬁnitivus

261 4509 320 4557 et
362 4499 719 4573 participium.
760 4500 891 4556 Cum
931 4503 1096 4558 verbo
1126 4502 1233 4558 hoc
1276 4516 1563 4560 commune
1621 4505 1840 4576 habent,

261 4591 408 4664 quod
439 4591 610 4648 ideam
634 4591 858 4648 actionis
883 4594 1188 4662 exprimant
1215 4605 1270 4648 et
1303 4596 1520 4665 regendi
1550 4598 1846 4665 aptitndine

262 4683 563 4757 gaudeant;
597 4683 664 4738 ab
687 4698 756 4739 eo
782 4694 961 4739 autem
982 4684 1255 4751 diﬂ'erunt,
1287 4687 1428 4756 quod
1456 4700 1642 4742 eorum
1672 4688 1843 4743 forma

261 4790 373 4833 non
399 4775 472 4830 sit
498 4775 726 4832 verbalis
754 4773 938 4839 ﬂexio,
970 4776 1066 4832 sed
1090 4775 1307 4845 propria
1343 4777 1623 4838 derivatio.
1652 4779 1761 4834 vid.
1787 4779 1845 4852 §§

262 4863 370 4924 145
401 4867 502 4935 cc),
531 4865 665 4932 148;
698 4866 822 4922 hinc
855 4868 1097 4936 copulam
1130 4868 1183 4922 in
1218 4882 1276 4922 se
1301 4881 1407 4923 non
1437 4869 1714 4926 continent
1743 4886 1845 4929 nec

261 4957 328 5015 ad
357 4957 657 5027 subjectum
685 4959 868 5015 referri
903 4969 1146 5028 possunt.
1179 4957 1498 5016 Nominibus
1527 4977 1654 5019 vero
1675 4963 1844 5036 signi-

256 5049 514 5117 ﬁcatione
534 5051 885 5106 conveniunt.

332 5140 362 5214 ς
392 5140 515 5197 189.
541 5142 584 5197 ι.
615 5141 933 5197 ικιιιιιτινυε
960 5141 1278 5198 abstractam
1309 5143 1456 5200 verbi
1489 5144 1660 5201 idenm
1685 5146 1842 5204 exhi-

260 5231 355 5291 bet
382 5231 608 5304 ideoque
634 5248 699 5289 ex
726 5243 914 5290 natura
940 5248 1034 5290 sua
1063 5219 1449 5292 substantivum
1480 5249 1582 5304 est,
1612 5255 1676 5295 ex
1707 5257 1788 5311 gr.
1823 5258 1839 5296 :

261 5338 399 5392 ogau
428 5322 619 5378 timere
657 5323 890 5394 (timor),
919 5325 1078 5395 viljan
1127 5325 1267 5382 velle
1312 5327 1604 5398 (voluntas,
1645 5333 1753 5400 gal.
1795 5334 1845 5388 le

260 5413 508 5482 οοιιιοῑιι),
533 5414 692 5485 frijon
720 5428 902 5470 amare
930 5415 1145 5488 (amor).

233 5497 236 5500 ’
336 5504 392 5578 1)
445 5506 702 5563 Gothicus
728 5522 910 5564 sermo
933 5524 1094 5562 unum
1127 5518 1330 5565 tantum
1367 5510 1684 5568 inﬁnitivum
1705 5529 1843 5584 pra:-

256 5598 432 5664 bentis
485 5599 688 5658 scilicet
740 5599 898 5657 activi
951 5600 1129 5670 habet,
1164 5603 1340 5675 itaque
1387 5603 1491 5660 alio
1535 5606 1839 5678 deﬁciente,

1715 211 1802 271 DE
1844 214 2088 275 VERBO.

3393 224 3533 285 {058

1958 343 2054 396 per
2083 327 2329 384 eumdem
2364 330 2522 386 etiam
2553 331 2712 402 διωιί
2747 329 2996 390 inﬁnitivi
3026 343 3176 404 prmi.
3209 350 3528 397 convertun-

1953 429 2083 474 tur:
2116 420 2249 476 Luc.
2299 438 2336 482 I.
2383 423 2416 477 9
2445 425 2694 496 θυμιᾶσαι
2742 439 2839 493 per
2867 427 3073 498 saljan;
3111 429 3180 483 57
3224 439 3391 486 τικιῑν
3440 407 3559 499 per‘

1954 510 2165 576 bairan;
2199 527 2270 577 tv,
2307 511 2372 566 10
2401 512 2702 587 διαφυλάξαι
2724 529 2819 581 per
2850 516 3116 584 gafastan;
3144 517 3299 574 Rom.
3327 535 3438 582 xm,
3468 521 3526 576 11

1951 597 2212 676 ἐγερθῆναι
2237 615 2332 667 per
2361 604 2624 666 urreisan;
2655 601 2780 656 Cor.
2812 601 2876 669 ll,
2903 619 2956 668 x,
2980 605 3016 658 2
3045 607 3294 678 τολμῆσαι
3325 624 3417 676 per
3443 628 3534 681 ga-

1951 692 2215 755 daursan;
2251 692 2388 745 Phil.
2433 708 2510 757 ιιι,
2544 694 2603 748 11
2653 694 2994 768 κατειληφέναι
3025 711 3118 763 per
3146 699 3393 767 gafahan,
3425 713 3529 760 etc.

1951 780 2082 834 Cum
2119 791 2297 836 autem
2323 780 2528 838 Gmbns
2551 783 2866 839 inﬁnitivum
2893 789 3271 856 conjunctione
3299 794 3532 848 circurn-

1952 875 2293 930 scribendum
2329 875 2510 945 habet,
2555 887 2680 932 tunc
2708 879 3022 934 reiationem
3065 884 3322 950 temporis
3347 885 3534 940 obser-

1949 975 2062 1032 vat,
2109 974 2166 1019 ut
2207 965 2334 1022 Cor.
2384 967 2446 1030 ll.
2496 982 2554 1034 ιι,
2583 968 2650 1022 12
2706 969 3004 1026 nilzabaida
3049 973 3315 1042 gaweilaiu
3358 978 3533 1033 alnm'n

1953 1055 2278 1119 meinamma,
2326 1056 2389 1108 in
2451 1055 2734 1127 pammei
2779 1058 2845 1112 ni
2887 1059 3058 1129 bignt
3088 1063 3182 1132 (τῷ
3224 1069 3295 1133 μή
3337 1067 3531 1139 εὑρεῖν)

1951 1144 2178 1210 teituuu;
2209 1159 2322 1212 VIII,
2355 1146 2390 1200 5
2437 1146 2492 1199 ni
2535 1163 2708 1201 svasve
2750 1149 3072 1214 venidedum,
3109 1151 3175 1204 ak
3219 1153 3297 1207 sik
3340 1156 3532 1211 silbaus

1950 1238 2188 1304 algebun,
2235 1255 2259 1291 δ
2274 1254 2299 1289 υ
2311 1255 2341 1290 a
2355 1239 2416 1292 ei
2457 1239 2486 1292 b
2499 1255 2526 1294 e
2539 1239 2574 1292 ά
2589 1241 2651 1293 ei
2667 1256 2764 1293 ma
2789 1242 2944 1309 (ὥστε
2992 1247 3388 1318 παρακαλέσαι).
3425 1251 3529 1307 Sed

1952 1335 2158 1381 rectum
2189 1337 2272 1382 est
2307 1329 2466 1384 etiam
2502 1332 2676 1400 quoad
2707 1347 2922 1388 sensum
2973 1351 3027 1397 ιι.
3062 1336 3098 1390 2
3144 1337 3339 1410 bidjam
3379 1346 3441 1396 ei
3477 1345 3530 1398 ni

1949 1418 2236 1488 andvairps
2264 1429 2579 1491 gatrauan
2629 1425 2712 1491 (τό
2735 1427 3034 1499 θαῤῥῆσαι).

2021 1509 2081 1579 2)
2125 1510 2372 1566 lnlinitivi
2401 1517 2595 1582 passivi
2625 1531 3008 1575 convertuntur

2029 1601 2086 1671 a)
2109 1600 2719 1673 Frequenterinﬁnitivo
2748 1609 2930 1673 activi,
2948 1611 3058 1664 viil.
3083 1611 3111 1680 ς
3136 1612 3236 1667 177
3258 1623 3443 1670 annot.
3462 1614 3528 1682 ὥς

2021 1692 2075 1764 b)
2101 1691 2608 1764 Circumscriptione
2630 1713 2751 1752 cum
2804 1701 2986 1756 verbis
3031 1705 3366 1760 auxiliariis:
3401 1708 3529 1763 an.

1952 1799 2026 1850 tx,
2070 1785 2143 1838 22
2185 1785 2296 1841 skal
2323 1804 2483 1842 suum
2537 1805 2683 1842 mana
2734 1790 3054 1847 uskusans
3117 1797 3254 1864 {ram
3301 1798 3532 1854 siuistam

1950 1875 2238 1946 vairpan
2288 1877 2829 1951 (énodoxtpaaeﬁvm);
2877 1881 3004 1938 Cor.
3054 1883 3075 1938 Ι
3125 1887 3408 1958 subscript.
3463 1892 3532 1944 du

1950 1965 2291 2038 kauriupium
2345 1971 2530 2037 [rumei
2592 1971 2830 2043 pugkeip
2883 1975 3121 2028 melida
3173 1979 3354 2032 visan
3421 1981 3532 2052 (γε-

1949 2057 2190 2134 γράφθαι)
2218 2075 2278 2113 ιιι
2319 2060 2485 2126 asiai;
2510 2059 2637 2116 Cor.
2683 2062 2746 2131 ll,
2773 2078 2825 2129 v,
2859 2065 2917 2120 11
2946 2068 3097 2138 venja
3125 2069 3531 2141 evikunpans

1951 2149 2011 2200 vi
2025 2164 2137 2202 san
2176 2151 2590 2224 πεφανερῶσθαι)
2613 2168 2752 2217 una;

2023 2242 2074 2309 c)
2096 2239 2379 2297 Solutione
2402 2242 2819 2313 conjunctionali
2864 2261 2880 2301 :
2921 2247 3024 2303 Mc.
3055 2263 3106 2312 ν,
3137 2251 3192 2315 5,
3221 2251 3250 2306 4
3269 2252 3323 2306 ni
3348 2270 3534 2310 manna

1951 2330 2125 2384 malua
2154 2334 2242 2385 ina
2263 2333 2544 2403 gabindan,
2564 2352 2641 2389 un
2657 2345 2713 2390 te
2736 2339 2783 2391 is
2807 2338 2918 2408 ulla
2937 2340 3350 2413 naudibandjom
3379 2351 3532 2402 e’aar-

1950 2422 2174 2475 neina‘m
2218 2423 2613 2493 gabuudans
2665 2427 2892 2500 vaa(8¢a‘:
2920 2434 2979 2486 τὸ
3007 2431 3291 2506 «india-9m);
3314 2437 3441 2492 Luc.
3471 2454 3529 2505 ιι,

1950 2512 1984 2567 5
2001 2513 2254 2604 iddjedun
2273 2515 2422 2579 allai,
2448 2517 2510 2569 ei
2536 2518 2656 2572 mel
2667 2519 2731 2572 id
2740 2522 2801 2573 ai
2827 2537 2855 2574 υ
2871 2538 2930 2576 es
2945 2525 3078 2578 cina
3102 2526 3531 2604 (ἀπογράφεσθαι.)

1950 2603 2196 2670 warjizuh
2223 2604 2276 2656 iu
2302 2605 2463 2659 seinat'
2484 2607 2666 2676 baurg.

2021 2692 2078 2762 3)
2109 2692 2334 2764 Propter
2391 2695 2507 2766 ejus
2562 2707 2807 2756 naturam
2871 2702 3257 2764 substantivam
3318 2711 3533 2780 ponitur

1951 2785 2248 2843 inﬁnitivus

2021 2876 2075 2948 ιι)
2109 2878 2278 2932 Etiam
2311 2893 2406 2947 pro
2455 2879 2645 2950 gra'cis
2695 2883 3038 2942 substantivis
3063 2897 3121 2944 et
3175 2890 3294 2948 vice
3346 2909 3530 2964 versa,

1951 2967 2062 3023 vid.
2090 2970 2115 3037 §
2147 2969 2271 3034 195,
2305 2974 2372 3037 1;

2023 3060 2077 3132 b)
2109 3060 2176 3117 Ut
2217 3062 2515 3132 subjectum
2560 3064 2948 3140 sententiaa(§§
2977 3068 3102 3141 207,
3128 3073 3237 3130 Set
3277 3077 3404 3143 209,
3445 3081 3525 3150 4),

1950 3153 2045 3208 sed
2098 3155 2432 3211 communius
2477 3165 2600 3228 post
2648 3161 2810 3216 verba
2867 3172 2922 3217 ut
2951 3163 3528 3235 objectum-seutentite

1949 3243 2238 3313 simplicis;

2022 3334 2072 3406 c)
2105 3336 2204 3392 Ubi
2262 3337 2383 3393 ﬁnis
2439 3347 2495 3393 et
2543 3340 2828 3396 consilium
2893 3345 3211 3413 exprimitur
3267 3354 3526 3422 przrposi-

1951 3427 2152 3482 tionem
2179 3427 2248 3480 du
2276 3429 2552 3483 ordinario
2596 3431 2842 3494 advocat,
2885 3437 3027 3504 quod
3057 3439 3192 3494 ratio
3221 3455 3324 3508 est,
3353 3461 3449 3500 cur
3474 3455 3526 3504 et

1950 3519 2004 3573 in
2033 3521 2236 3575 recenti
2253 3520 2644 3578 Germanorum
2664 3523 2838 3594 lingua
2865 3527 3010 3599 legen
3029 3545 3061 3584 a
3083 3547 3147 3586 zu
3167 3534 3310 3603 legeu
3334 3536 3528 3594 discri-

1951 3609 2203 3676 minatur,
2239 3610 2347 3666 vid.
2378 3610 2517 3666 infra
2547 3614 2615 3668 de
2643 3616 2923 3670 sententiis
2950 3624 3278 3686 compositis.

2026 3719 2047 3752 ι
2072 3701 2382 3757 Annotatio.
2401 3732 2470 3744 —
2493 3702 2576 3757 Du
2598 3715 2776 3759 autem
2799 3723 2828 3761 a
2853 3722 2950 3762 suo
2974 3709 3236 3766 inﬁnitive
3257 3717 3528 3776 vocabulis

1950 3792 2015 3847 ad
2035 3792 2495 3849 determinandum
2514 3795 2926 3853 inservientibus
2947 3801 3031 3853 vel
3046 3800 3114 3855 ab
3128 3815 3194 3855 eo
3215 3805 3526 3872 dependen-

1949 3885 2092 3939 tibus
2112 3886 2346 3954 separari
2371 3892 2576 3954 potest:
2601 3885 2756 3939 Rern.
2790 3903 2883 3952 vn,
2912 3887 2946 3944 5
2967 3891 3002 3942 ἀ
3017 3907 3050 3944 ιι
3074 3891 3232 3948 akrau
3251 3895 3281 3949 b
3296 3913 3328 3950 a
3343 3900 3438 3952 ira
3455 3919 3526 3967 ης

1950 3989 2027 4037 ιι,
2060 3972 2118 4025 11
2153 3977 2231 4026 du
2293 3976 2348 4027 in
2376 3976 2556 4045 aljana
2606 3976 2912 4046 briggnn;
2940 3977 3067 4036 Cor.
3109 3981 3148 4047 Ι,
3178 3999 3290 4052 vm,
3340 3990 3406 4044 10
3445 3993 3527 4048 du

1947 4063 2353 4135 galiugagudnm
2383 4064 2594 4136 gasalrp
2623 4069 2786 4137 man
2803 4084 2833 4120 a
2854 4085 2922 4135 n;
2947 4068 3084 4126 Phil.
3115 4088 3186 4137 tv,
3221 4076 3289 4133 ιο
3311 4079 3390 4133 du
3411 4085 3528 4152 [αω-

1950 4152 2052 4206 mil:
2088 4153 2399 4224 (rapiam,-
2429 4153 2617 4209 Thess.
2651 4156 2713 4222 ll,
2739 4173 2777 4224 ι,
2805 4159 2838 4213 5
2860 4165 2941 4214 du
2969 4164 3219 4234 vairpam
3248 4168 3524 4243 briggan

1946 4245 2105 4309 izvis;
2135 4245 2246 4312 11,2
2274 4246 2353 4299 du
2394 4247 2447 4300 ni
2487 4259 2696 4317 sprauto
2736 4253 3211 4323 vagjan;Skeir.
3243 4258 3308 4326 ll,
3360 4277 3392 4316 c
3443 4265 3526 4323 du

1946 4335 2166 4405 gare/un
2193 4336 2496 4402 daupeinaia
2552 4336 2679 4390 and
2696 4339 2758 4391 ni
2774 4354 2866 4392 ma
2883 4356 2935 4394 ιι.
2961 4360 2982 4394 ι

2019 4432 2047 4504 §
2079 4433 2201 4489 190.
2232 4433 2298 4488 ll.
2333 4433 2682 4490 PARTICII'IUII
2732 4452 2799 4492 ex
2842 4449 3029 4496 natura
3059 4457 3155 4499 sua
3203 4447 3522 4518 adjectivnm

1946 4535 2050 4581 est.
2077 4524 2195 4580 Jam
2227 4539 2356 4580 vero
2386 4525 2494 4580 duo
2523 4535 2650 4581 sunt
2680 4528 2960 4598 participia
3005 4533 3059 4588 in
3087 4537 3306 4604 gothico
3334 4544 3518 4611 verbo,

1947 4616 2290 4688 participium
2321 4615 2528 4685 scilicet
2578 4624 2857 4688 praesentis
2888 4623 3166 4699 (activum)
3204 4640 3264 4687 et
3308 4637 3526 4704 partici-

1948 4710 2089 4781 pium
2120 4709 2374 4780 praeteriti
2397 4710 2749 4783 (passivum);
2773 4723 3055 4785 utrumque
3076 4719 3335 4789 triplicem
3365 4726 3526 4785 habet

1947 4799 2379 4855 terminationem
2411 4815 2506 4870 pro
2545 4801 2743 4870 triplici
2771 4818 2970 4874 genere
3005 4816 3058 4862 et
3085 4810 3401 4885 plerumque
3426 4816 3525 4873 dn-

1946 4893 2141 4964 plicem
2173 4893 2420 4960 formam,
2460 4893 2754 4951 vocant-am
2801 4897 3050 4954 nimirum
3090 4911 3146 4956 et
3181 4910 3527 4968 consonanti-

1943 5000 2060 5042 eam
2097 4986 2149 5058 (ξ
2184 4987 2330 5056 103).

2019 5077 2075 5148 1)
2111 5077 2453 5146 Ριιιιὶειρὶιιηι
2479 5077 2628 5132 activi
2659 5077 2893 5134 formant
2936 5083 3114 5139 omnia
3144 5087 3304 5142 verba
3335 5092 3522 5150 actim

1947 5170 2218 5236 ﬂexionis,
2269 5184 2332 5224 ea
2363 5169 2522 5224 etiam
2545 5169 2768 5238 passiva:
2794 5172 3031 5243 signiﬁca
3043 5177 3202 5232 tionis
3230 5179 3317 5232 in-
3336 5197 3439 5235 nan
3459 5183 3526 5236 ﬁ-

1947 5265 2078 5320 nita.
2133 5261 2414 5341 Quomodo
2466 5270 2644 5316 autem
2699 5262 2983 5323 declinatio.
3035 5271 3415 5324 consonantica
3466 5281 3521 5329 et

1947 5355 2184 5410 vocalica
2215 5353 2266 5407 in
2291 5352 2434 5424 sing.
2467 5366 2635 5408 masc.
2663 5352 2932 5422 differant,
2962 5356 3070 5412 vid.
3105 5359 3133 5430 §
3179 5361 3302 5415 196.
3347 5361 3517 5420 Parti.

1947 5446 2146 5518 cipium
2172 5445 2353 5510 activi,
2380 5445 2520 5514 quod
2553 5447 2765 5516 proprie
2785 5453 3061 5517 prtesentis
3081 5451 3520 5522 signiﬁcationem

1949 5557 2059 5612 pra:
2074 5555 2133 5595 se
2156 5539 2275 5602 fert,
2305 5537 2465 5594 etiam
2495 5553 2592 5606 pro
2617 5540 2894 5608 participio
2927 5550 3076 5605 praet.
3106 5545 3350 5612 ponitur:
3381 5546 3519 5616 Eph.

1951 5650 2029 5704 ttt,
2057 5632 2091 5690 9
2120 5631 2361 5688 κτίσαντα
2386 5647 2398 5682 :
2434 5628 2836 5699 qaskapiandin;
2864 5631 3000 5688 Tim.
3029 5632 3072 5704 Ι,
3099 5647 3136 5702 1,
3161 5635 3524 5711 12ἐνδυναμὼο
