3998 6180
292 318 314 329 ιο

292 318 314 329 )0

222 315 344 370 10...]

216 427 500 499 {ain'nands
526 433 579 482 et
610 425 1032 496 ungafairinops,
1063 434 1350 493 utrumque.
1377 439 1473 493 pro
1503 423 1799 496 ἀνέγκλητος

216 516 627 586 irreprehensus
650 516 902 584 positum.
934 514 1104 569 Aliter
1136 529 1196 571 se
1222 515 1381 568 habet
1403 512 1533 569 libb.
1560 527 1704 576 xxvt,
1732 512 1801 566 75

214 608 300 662 ubi
324 607 552 671 Gothus,
580 607 801 677 ἐμνήσθη
835 605 859 660 ὁ
880 608 1067 679 Πέτρος
1092 612 1185 661 τοῦ
1226 607 1447 683 ῥήματος
1468 605 1635 664 Ἰησοῦ
1660 605 1801 676 εἰρη-

212 699 352 759 κέτος
372 700 509 771 αὐτῷ
550 712 645 767 per
673 698 935 768 gamuuda
963 699 1160 765 paitrus
1195 699 1399 751 vaurdis
1422 698 1578 750 iesuis
1616 695 1675 763 qi
1683 694 1727 764 1)
1744 709 1802 746 a-

211 791 315 842 nis
354 790 424 841 dtt
463 790 534 842 sis
580 800 939 853 convertens,
983 787 1212 857 qibamis
1254 789 1319 842 ad
1371 788 1577 841 uaurdfs
1638 785 1804 839 refert

1660 288 1749 367 DE
1786 308 2065 368 Nutttxﬁ.

3350 295 3485 355 1062

1903 420 2073 488 (verbi
2094 418 2241 482 Jesu,
2265 415 2407 485 quod
2431 415 2628 470 dictum
2650 422 2735 468 est
2756 412 2851 483 ei),
2878 427 2998 468 cum
3021 412 3084 467 ad
3110 412 3265 467 iesuis
3286 410 3487 467 referre

1903 510 2180 565 debuisset
2207 508 2321 577 (qui
2339 507 2550 561 dixerat
2573 502 2693 575 illi).
2720 503 2894 558 Minus
2923 502 3102 557 adhuc
3130 515 3309 570 COllgl'l
3332 512 3487 556 euter
3513 492 3517 497 ”

1905 602 2009 657 Mc.
2042 615 2132 663 xv,
2163 599 2234 653 28
2273 598 2537 673 ἐπληρώθη
2580 597 2612 654 ἡ
2653 599 2818 669 ’γραφὴ
2842 596 2871 651 ἡ
2896 594 3118 666 λέγουσα
3144 592 3371 646 activum
3395 605 3487 645 eo-

1905 694 2027 747 dem
2056 692 2216 746 modo
2239 690 2290 744 in
2316 689 2583 757 passivum
2615 694 2997 741 commutatum
3029 692 3111 738 est
3148 683 3201 737 in
3228 684 3490 751 interpre-

1908 781 2109 834 talione
2136 778 2437 849 usfullnoda
2466 776 2594 847 [tata
2625 775 2877 845 gamelt'do
2903 773 3034 844 [tam
3064 770 3337 842 qipano.
3378 792 3395 823 ι

1625 938 1706 998 ll.
1768 931 2070 994 NOMEN.

699 1057 742 1108 Ι.
789 1055 1302 1109 SUBSTANTIVUM.

284 1193 313 1263 ᾗ
357 1194 475 1250 191.
521 1196 587 1248 Α.
629 1193 1064 1247 Arentu'ttvuat.

287 1301 329 1355 1.
373 1302 447 1355 De
474 1315 691 1369 genere.

282 1390 339 1459 1)
388 1391 443 1443 In
485 1387 699 1459 gotbico
743 1403 994 1446 sermone
1040 1398 1274 1443 neutrum
1317 1389 1477 1445 etiam
1508 1401 1678 1457 genus
1716 1393 1801 1439 est

211 1481 477 1544 naturale,
508 1495 629 1534 cum
658 1494 756 1534 nec
784 1480 1135 1535 masculinum
1156 1494 1254 1536 nec
1275 1479 1588 1536 femininum
1617 1477 1799 1532 exclu-

203 1572 305 1626 dat
333 1572 413 1642 (ut
440 1571 559 1640 ejus
586 1571 805 1625 nomine
833 1568 1122 1639 indicatur)
1138 1610 1153 1635 ,
1178 1570 1273 1625 sed
1302 1578 1573 1637 utrumque
1596 1566 1798 1635 ample-

205 1672 391 1717 utatur
427 1670 483 1717 ει
532 1660 818 1718 coadunet.
849 1659 967 1715 Jam
1012 1674 1140 1715 vero
1178 1669 1423 1715 neutrum
1455 1672 1562 1713 non
1591 1665 1796 1712 tantum

204 1750 447 1805 occurrit
478 1758 537 1804 ut
563 1764 737 1820 genus
775 1750 1051 1819 proprium
1098 1749 1476 1805 nonnullorum
1507 1748 1800 1803 substanti-

206 1853 428 1904 vorum,
451 1853 571 1908 quae
595 1837 734 1893 infra
764 1837 820 1909 a)
842 1847 898 1894 et
923 1838 1014 1908 aa)
1046 1837 1404 1908 subiecimus,
1434 1838 1530 1894 sed
1552 1838 1712 1894 etiam
1742 1838 1796 1891 in

206 1929 536 1998 quibusdam
580 1929 1092 1996 constructionibus,
1119 1944 1242 1985 cum
1271 1929 1474 1983 scilicet
1501 1942 1797 1998 pronomen

204 2020 300 2074 Vel
320 2020 596 2075 numerale
620 2029 678 2075 ut
701 2019 1002 2090 subjectum
1030 2019 1350 2081 inserviens,
1379 2017 1474 2073 sed
1502 2018 1569 2073 ad
1591 2032 1800 2073 mascu-

204 2112 379 2166 linum
412 2112 566 2165 simul
598 2120 653 2167 et
692 2112 1004 2166 femininum
1033 2114 1259 2167 relatum
1279 2153 1297 2180 ,
1325 2111 1379 2166 in
1425 2121 1617 2167 neutro
1647 2113 1798 2181 poni-

204 2212 321 2269 tur,
351 2205 458 2259 vid.
492 2204 669 2275 §209,
691 2206 744 2260 3.
772 2203 1120 2259 Masculinum
1143 2213 1323 2261 autem
1354 2218 1525 2274 genus
1554 2213 1639 2260 est
1659 2203 1799 2273 prin-

120 2372 123 2375 ἤ
200 2308 361 2364 ceps,
391 2297 670 2366 agentibus
699 2296 994 2365 proprium,
1016 2296 1142 2351 dum
1185 2297 1486 2367 [πηιίηἱηωη
1517 2296 1797 2352 vocabulis

202 2385 477 2441 derivatis
523 2394 580 2441 et
621 2385 871 2441 motionis
912 2384 1196 2455 capacibus
1244 2384 1584 2471 peculiariter
1622 2398 1800 2442 reser-

203 2483 389 2533 Vatur.

358 2589 415 2659 a)
438 2586 696 2643 Naturale
719 2604 897 2661 genus.

287 2682 377 2753 aa)
407 2681 665 2737 Neutrum
693 2683 746 2738 in
771 2696 932 2739 sensu
956 2698 1114 2753 supra
1139 2683 1304 2749 dicto,
1337 2684 1389 2739 id
1415 2691 1519 2751 est,
1549 2683 1803 2741 masculi-

207 2787 346 2829 num
375 2782 429 2827 et
456 2774 765 2829 femininum
791 2774 846 2828 in
887 2787 949 2829 se
974 2774 1278 2837 continens,
1308 2787 1477 2841 genus
1503 2783 1588 2828 est
1629 2773 1803 2829 nomi-

206 2865 303 2920 nis
332 2864 424 2918 Dei
445 2905 460 2929 ,
488 2864 636 2936 gub,
661 2864 803 2935 quod
828 2864 872 2919 si
904 2864 1192 2932 recentius,
1230 2863 1484 2919 inﬂuente
1510 2863 1799 2919 christiana

206 2956 496 3026 religione,
527 2963 587 3009 ut
610 2955 958 3011 masculinum
982 2963 1295 3025 usurpatum
1320 2954 1510 3019 fuerit,
1536 2956 1802 3025 primitive

207 3047 409 3102 saltem
442 3055 689 3103 neutrum
718 3054 802 3101 est
841 3045 966 3117 (nec
1009 3046 1392 3101 attendendum
1435 3055 1519 3101 est
1545 3045 1609 3099 ad
1643 3059 1803 3114 pecu-

210 3137 355 3193 liare
383 3137 697 3194 vocabulum
721 3137 829 3207 gud
850 3152 946 3207 pro
975 3137 1124 3193 falsis
1147 3138 1264 3192 deis
1292 3144 1644 3203 reservatum,
1677 3150 1801 3207 pro-

212 3236 341 3299 pter
365 3228 506 3297 plur.
541 3228 681 3299 guda
706 3228 861 3283 Jonn.
890 3245 948 3296 ι,
978 3228 1070 3295 34,
1097 3228 1198 3294 35,
1221 3242 1342 3283 cum
1372 3227 1491 3284 Cal.
1524 3242 1597 3293 tv,
1632 3228 1667 3283 8
1695 3236 1803 3284 s'et

209 3317 380 3371 etiam
402 3316 572 3388 gupa)
602 3324 660 3373 et
684 3317 949 3387 signiﬁcat
970 3318 1303 3374 divinitatem
1318 3358 1336 3384 ,
1362 3332 1468 3373 non
1491 3321 1661 3372 solum
1684 3317 1802 3388 ejus

216 3409 395 3463 ideam
416 3418 472 3463 et
491 3408 995 3477 cogitationem,sed
1014 3422 1133 3463 eam
1154 3418 1211 3462 ut
1226 3408 1384 3464 deum
1406 3419 1460 3463 et
1480 3409 1633 3463 deam
1650 3408 1801 3463 exhi-

213 3500 373 3563 bens,
398 3498 539 3554 unde
561 3498 909 3553 conﬁrmatur
930 3498 1225 3555 Gothorum
1254 3499 1665 3569 polytbeismus.
1691 3499 1798 3554 Eo-

210 3587 343 3644 dem
371 3588 530 3644 modo
551 3588 651 3645 sibi
678 3587 1190 3657 effingebantskohsl
1201 3589 1499 3645 (immunem
1523 3589 1800 3658 utriusque

213 3679 451 3749 generis.
476 3679 699 3750 Insuper
724 3691 910 3736 neutra
931 3690 1056 3735 sunt
1078 3681 1204 3735 bam
1235 3680 1375 3736 ﬁlius
1397 3681 1610 3751 (τέκνον)
1638 3690 1692 3736 et
1719 3681 1801 3735 di-

215 3770 537 3825 tninutivum
576 3771 775 3825 baruilo
814 3769 1035 3836 ﬁliolus,
1092 3772 1324 3840 (τεχνίον,
1380 3769 1665 3840 τεκνίδιον),
1721 3770 1801 3838 fa-

216 3860 367 3913 dret'n
390 3868 641 3930 parentes
670 3861 846 3931 (pater
878 3867 933 3915 et
960 3859 1173 3931 mater),
1200 3876 1389 3933 gamau
1427 3875 1626 3921 comes.
1654 3859 1801 3931 penis

218 3950 470 4006 minister
495 3950 745 4020 (ancillu‘s
773 3960 827 4006 et
853 3950 1105 4020 ancilla);
1135 3952 1429 4006 masculina
1470 3960 1649 4006 autem
1679 3960 1804 4007 sunt

219 4044 377 4113 {ram
398 4054 551 4110 puer,
578 4040 700 4097 licet
720 4038 847 4096 Cor.
871 4041 939 4109 11,
959 4056 1033 4107 Vl,
1056 4042 1125 4097 15
1149 4056 1252 4096 non
1280 4041 1345 4095 ad
1379 4042 1621 4097 homines
1643 4055 1803 4110 prcu-

224 4133 429 4189 liariter
452 4132 791 4188 referendum
820 4134 916 4202 sit,
942 4143 999 4191 et
1028 4151 1217 4189 manna
1246 4134 1428 4201 homo,
1452 4134 1572 4204 quia
1597 4134 1667 4191 de
1692 4150 1803 4189 nta-

222 4239 283 4279 re
311 4226 580 4295 prmcipue
600 4226 887 4296 cogitatur.

293 4318 377 4389 ὁὸ)
408 4318 473 4375 Ut
498 4320 777 4375 masculina
805 4334 927 4375 cum
958 4334 1143 4375 eorum
1177 4317 1623 4389 respondentibus
1651 4319 1803 4391 femi-

218 4410 358 4465 ninis
383 4420 670 4465 occurrunt
703 4427 717 4461 :
746 4411 878 4478 uair,
908 4425 1031 4466 raro
1055 4426 1209 4481 guma
1238 4412 1319 4464 vir
1338 4438 1409 4451 --
1427 4411 1548 4480 qino
1578 4409 1799 4476 femina,

222 4501 545 4573 iuggalaups
568 4503 881 4558 adolescens
900 4530 974 4542 —
999 4501 1220 4572 magaba
1258 4501 1437 4570 virgo,
1466 4518 1646 4572 magus
1675 4516 1807 4570 puer

222 4620 294 4633 -—
324 4592 458 4645 mani
485 4590 686 4661 puella,
715 4590 926 4661 stragula
967 4592 1221 4662 puerulus
1244 4621 1307 4631 —
1345 4592 1532 4646 maeilo
1563 4591 1802 4659 pucrula,

219 4683 321 4737 aba
351 4683 433 4738 vir
457 4711 531 4724 —
552 4698 673 4752 gens
717 4684 940 4751 mulier,
998 4692 1109 4736 atto
1151 4693 1207 4739 et
1235 4684 1467 4751 (tantum
1514 4683 1631 4738 Gal.
1664 4698 1737 4748 tv,
1771 4683 1805 4737 6

219 4795 274 4835 tn
297 4775 544 4849 exordio)
568 4776 720 4849 fadar
740 4786 890 4847 pater
910 4805 982 4819 —
999 4778 1052 4829 ai
1053 4776 1146 4848 pet
1171 4784 1364 4840 mater,
1387 4791 1547 4830 suum
1575 4776 1715 4830 lilius
1740 4804 1806 4816 --

219 4870 451 4924 daulttar
480 4869 609 4937 lilia,
635 4869 836 4941 bropar
864 4869 1029 4925 frater
1050 4897 1121 4911 —
1148 4870 1331 4923 svistar
1357 4882 1533 4935 soror,
1560 4883 1698 4939 megs
1720 4882 1808 4938 ge-

220 4973 327 5015 ner
344 4987 415 5000 —
441 4958 605 5030 brups
636 4973 823 5023 nurus,
852 4960 1061 5012 svat'hra
1088 4971 1244 5013 socer
1270 4986 1341 4999 -
1362 4956 1568 5013 svailtro
1595 4971 1803 5025 socrus,

219 5047 496 5121 πυρριρι
516 5064 765 5121 sponsus,
788 5048 958 5121 nipjia
972 5064 1257 5121 germanus
1270 5049 1638 5123 (συγγενής)-
1650 5050 1807 5124 νιἱρῙο

222 5154 477 5211 germana
502 5156 520 5206 ;
550 5158 645 5196 avo
687 5142 829 5196 avita
859 5141 1213 5197 masculinum
1240 5156 1335 5195 τινα
1363 5141 1646 5210 supponit,
1669 5143 1805 5198 sicut

222 5240 278 5287 et
326 5245 397 5285 ex
441 5232 622 5286 viduvo
658 5232 819 5287 vidua
873 5232 1055 5286 viduva
1098 5230 1286 5287 viduus
1337 5232 1807 5302 grammaticaliter

221 5320 685 5393 prmjudicaodum
715 5334 820 5378 est.

295 5410 380 5479 cc)
407 5411 623 5481 Absque
651 5410 923 5467 femininis
943 5423 1121 5469 autem
1143 5414 1592 5483 respondentibus
1614 5422 1672 5469 ut
1700 5429 1809 5469 ma-

220 5501 436 5554 sculina
463 5510 754 5557 occurrunt
779 5505 996 5559 nomina
1018 5518 1385 5573 personarum,
1416 5521 1536 5575 qua:
1565 5522 1805 5573 munere,

224 5591 535 5647 ministerio
555 5593 817 5661 quolibet,
835 5605 965 5659 etc.,
989 5595 1309 5665 funguntur:
1332 5598 1464 5653 ret'ks
1487 5598 1807 5664 dominator,

222 5683 440 5740 kindins
459 5684 607 5741 urbis
630 5685 934 5757 praefectus,
946 5686 1181 5759 piudans
1202 5704 1317 5761 res,
1337 5690 1511 5764 [ταμία
1541 5692 1808 5757 dominus,

1902 1043 2288 1117 fauramaplet's
2338 1043 2555 1113 praesul,
2590 1039 2843 1095 andbahts
2874 1039 3133 1103 minister,
3164 1038 3333 1093 skalks
3376 1055 3490 1095 scr—

1900 1154 2019 1204 vus,
2041 1138 2208 1193 asneis
2232 1136 2618 1200 mercenarius,
2642 1132 2867 1187 hairdeis
2888 1139 3088 1199 pastor,
3111 1132 3283 1200 aurtja
3308 1132 3489 1187 hortu-

1898 1229 2077 1293 ianus,
2113 1227 2259 1298 kasja
2299 1226 2521 1295 ﬁgulus;
2554 1223 2838 1293 gadraultts
2868 1222 3044 1285 miles,
3072 1221 3274 1275 hunda-
3299 1232 3354 1277 et
3381 1222 3490 1293 [m-

1900 1319 2188 1390 sundi/‘aps
2209 1318 2472 1383 centurio,
2496 1326 2625 1379 etc.,
2649 1314 2795 1369 veiha
2817 1314 3119 1382 presbyter,
3136 1322 3282 1367 staua
3299 1313 3487 1381 iudex,

1898 1410 2061 1482 sakjt's
2111 1419 2406 1478 pugnator,
2460 1406 2799 1477 attdastapjis
2845 1404 3219 1467 adversarius,
3266 1405 3490 1459 ueiwods

1900 1502 2079 1564 testis,
2104 1498 2337 1552 bokareis
2364 1496 2562 1560 scriba,
2586 1497 2727 1549 uirus
2758 1494 3011 1557 nuntius;
3057 1494 3263 1547 vah-dus
3291 1508 3486 1562 caupo,

1898 1600 2039 1663 gasts
2062 1590 2276 1658 hospes,
2307 1587 2544 1659 gadauka
2566 1586 2878 1657 inquilinus,
2910 1585 3150 1655 galtfat'ba
3168 1598 3373 1650 comes,
3394 1599 3487 1640 so-

1897 1682 2035 1746 cius,
2067 1678 2280 1750 gadaila
2310 1682 2601 1746 particeps,
2633 1673 2860 1745 gasinpa
2901 1674 3079 1728 socius
3120 1673 3354 1743 itineris,
3402 1692 3489 1745 ga-

1900 1773 2053 1827 laista
2080 1771 2209 1831 dux.
2242 1769 2373 1822 (iuta
2402 1766 2701 1838 hypocrita,
2727 1764 2885 1836 piubs
2907 1774 2959 1819 et
2980 1763 3163 1834 Itliftua
3189 1763 3344 1827 latro,
3367 1763 3489 1820 hora

1897 1861 2106 1917 adulter
2145 1874 2270 1915 cum
2311 1857 2571 1914 feminino
2622 1854 2979 1925 respondente
3022 1853 3192 1924 kalkjo
3223 1853 3491 1923 adultera,

1898 1967 2031 2005 naut
2077 1949 2377 2012 homicida;
2441 1947 2694 2017 liupareis
2736 1954 2946 2011 cantor,
2998 1943 3240 1998 uullam’s
3283 1956 3487 2013 cuStos,

1898 2041 2134 2095 laisaret's
2158 2039 2431 2108 magister,
2459 2047 2514 2093 et
2535 2038 2637 2091 alia
2665 2038 2718 2091 in
2739 2037 2860 2100 -eis,
2886 2036 2999 2091 vid.
3028 2034 3055 2105 §
3086 2035 3177 2091 67.

1967 2130 2065 2198 dd)
2090 2129 2298 2185 Plaeter
2317 2127 2651 2183 substantiva
2679 2126 2873 2181 litteris
2902 2125 2986 2191 bb)
3011 2124 3270 2194 subjecta,
3300 2134 3357 2179 ut
3382 2142 3489 2182 mo-

1899 2220 2023 2274 bilia
2065 2218 2242 2273 adhuc
2284 2227 2575 2273 occurrunt
2609 2234 2625 2271 :
2673 2216 2798 2288 pius
2827 2230 3018 2270 servus
3066 2230 3187 2269 cum
3226 2215 3355 2271 fem.
3403 2231 3489 2271 re-

1900 2310 2185 2380 spondenti
2212 2309 2328 2381 pici
2348 2323 2531 2375 serva,
2552 2308 2769 2373 ancilla,
2795 2307 3119 2362 dauravurds
3144 2306 3343 2377 ianitor
3370 2321 3491 2362 cum

1898 2400 2028 2457 fem.
2075 2400 2406 2454 daurauarda
2447 2407 2502 2455 et
2545 2398 2869 2452 dauravardo
2900 2396 3142 2467 ianitrix,
3169 2411 3406 2452 vaurstva
3433 2409 3490 2454 et

1900 2502 2205 2565 gavaurstva
2243 2493 2543 2561 operarius,
2588 2492 2956 2559 coupetarius,
3005 2489 3123 2557 ejus
3169 2489 3485 2546 femininum

1899 2592 2139 2637 vaurstuo
2186 2584 2431 2652 operaria
2480 2597 2548 2637 ex
2595 2593 2900 2636 unvaurstvo
2929 2580 3067 2635 Tim.
3104 2581 3143 2646 I,
3166 2597 3220 2648 ν,
3246 2582 3314 2636 15
3341 2584 3488 2652 cogi-

1900 2673 2121 2728 tandum
2142 2683 2263 2737 est;
2290 2673 2440 2744 arbja
2470 2673 2642 2727 haeres
2670 2688 2746 2728 m.
2779 2699 2851 2711 —
2890 2673 3036 2741 arbjo
3082 2671 3258 2728 haeres
3292 2673 3358 2737 f.,
3394 2690 3489 2745 ga-

1899 2778 2062 2818 razna
2082 2763 2287 2819 vicinus
2306 2793 2375 2806 —
2394 2780 2621 2834 θαι-αιηο
2642 2763 2836 2829 vicina,
2860 2765 3127 2833 praufetus
3154 2765 3489 2833 propheta—

1903 2857 2179 2927 praufetet's
2210 2856 2582 2926 prophetissa;
2630 2859 2683 2911 in
2717 2856 2960 2927 unhulpa
3003 2856 3266 2926 malignus
3295 2887 3366 2898 —
3390 2874 3490 2913 un-

1892 2952 2072 3025 ‘Itulpo
2099 2953 2331 3023 maligna
2354 2950 2666 3008 femininum
2691 2950 2938 3020 primitus
2955 2950 3229 3006 exstitisse
3255 2951 3486 3021 videtur,

1901 3046 2010 3102 vid.
2042 3048 2207 3117 gloss.
2234 3049 2290 3102 lt.
2319 3061 2373 3101 v.
2401 3062 2417 3112 ;
2466 3055 2714 3101 neutrum
2745 3043 2934 3115 gajuko
2981 3044 3159 3099 socius
3182 3043 3322 3099 Phil.
3351 3061 3425 3109 tv,
3452 3046 3484 3100 7

1902 3151 2025 3195 cum
2078 3153 2245 3194 masc.
2303 3137 2513 3209 gajuka,
2566 3136 2794 3209 gaskalki
2840 3151 3133 3192 conservus
3169 3136 3289 3193 Col.
3332 3153 3371 3206 ι,
3420 3140 3484 3204 7;

1904 3227 2017 3294 tv,7
2036 3241 2157 3281 cum
2178 3225 2348 3280 akalks
2363 3225 2813 3297 signiﬁcationem
2836 3223 3231 3294 diminutivam,
3246 3226 3341 3282 sed
3357 3228 3489 3281 ami-

1902 3316 2046 3372 citiae
2069 3327 2120 3371 et
2130 3316 2432 3373 dilectionis
2454 3330 2603 3371 more
2624 3330 2800 3386 grteco
2820 3324 2877 3370 et
2897 3315 3062 3371 latino
3084 3316 3282 3371 habere
3299 3316 3490 3372 viden-

1902 3415 2023 3470 tur;
2050 3408 2180 3462 item
2203 3416 2451 3462 neutrum
2474 3407 2623 3478 [aevis
2642 3406 2761 3461 Col.
2785 3420 2865 3473 ttt,
2887 3404 2993 3471 2‘3;
3023 3421 3098 3471 tv,
3132 3408 3155 3461 l
3183 3421 3303 3463 cum
3326 3408 3491 3479 pius,-

1901 3508 2091 3552 contra
2118 3506 2297 3553 autem
2322 3505 2569 3553 neutrum
2618 3498 2819 3569 gutucin
2843 3512 2914 3552 ex
2941 3497 3208 3566 adjectivo
3234 3500 3489 3570 gumeins,

1906 3589 2047 3646 Tim.
2070 3590 2135 3655 ll,
2156 3606 2246 3655 ttt;
2272 3590 2309 3645 6
2346 3591 2509 3646 etiam
2553 3589 2925 3644 diminutivum
2955 3599 3060 3657 est,
3090 3590 3183 3645 sed
3212 3589 3267 3645 in
3293 3592 3487 3645 malam

1905 3692 2111 3752 partem
2138 3698 2153 3747 ;
2183 3682 2324 3737 idem
2353 3696 2474 3738 cum
2513 3682 2685 3753 qinein
2711 3681 2810 3735 Mc.
2831 3696 2887 3745 χ.
2920 3681 2953 3735 6
2976 3722 2991 3747 ,
3024 3696 3130 3737 non
3154 3682 3402 3751 equidem
3435 3683 3489 3740 in

1906 3788 2127 3844 pravum
2150 3786 2391 3839 sensum,
2425 3787 2521 3844 pro
2550 3773 2683 3826 mari
2706 3782 2761 3828 et
2800 3772 2995 3841 femina
3029 3772 3268 3840 ponitur,
3293 3772 3385 3827 sed
3412 3777 3492 3843 fa-

1903 3868 2052 3921 ἀνείη
2078 3866 2145 3921 ad
2176 3866 2275 3922 hoc
2300 3866 2387 3921 vix
2415 3866 2608 3922 referri
2648 3875 2840 3933 potest,
2870 3865 3038 3921 multo
3079 3864 3257 3921 minus
3301 3868 3490 3938 gat'tein

1904 3958 2037 4013 an.
2082 3973 2174 4024 xv,
2215 3956 2307 4023 29,
2352 3971 2475 4012 cum
2514 3955 2631 4011 btcc
2672 3954 2889 4010 animali
2936 3969 3041 4009 non
3086 3953 3341 4025 applicari
3372 3972 3497 4027 pos—

1902 4048 2033 4102 sint.

1976 4140 2057 4212 ee)
2083 4140 2351 4197 Abstruta
2378 4141 2464 4197 vel
2486 4140 2768 4197 collectiva
2787 4183 2803 4205 ,
2834 4150 2895 4197 ut
2919 4143 3167 4213 pupulus.
3198 4146 3491 4215 exercitus,

1913 4233 2165 4297 ecclesia,
2191 4242 2300 4288 etc.
2324 4232 2513 4287 Omnia
2550 4244 2677 4285 sunt
2721 4232 3008 4298 feminina,
3041 4243 3098 4287 ut
3125 4233 3295 4304 piuda
3326 4249 3488 4303 popu-

1909 4321 2012 4386 lus,
2047 4322 2211 4375 hansa
2236 4321 2409 4387 turba,
2440 4322 2630 4389 ﬁlusna
2656 4329 2711 4376 et
2740 4323 2975 4392 mauagei
3000 4322 3306 4389 multitudo,
3328 4326 3487 4393 iunio

1908 4410 2323 4480 impedimenta.
2367 4410 2647 4483 ςαηιαὶηρς
2692 4414 2944 4475 ecclesia,
2987 4409 3174 4482 oribus
3216 4420 3270 4468 et
3308 4413 3462 4469 haird

1907 4506 2221 4571 exercitus;
2252 4504 2463 4558 Itiultma
2486 4518 2619 4559 vero
2664 4502 2946 4557 multitudo
2992 4503 3347 4560 masculinum
3384 4514 3488 4573 est,

1908 4598 2008 4651 tevi
2034 4599 2187 4652 turba
2214 4604 2271 4653 et
2294 4596 2450 4667 accpi
2479 4595 2752 4651 exercitus
2775 4596 2979 4649 navalis
3008 4605 3215 4653 neutra.

1981 4688 2049 4756 ff)
2092 4686 2133 4740 Ε
2174 4684 2481 4740 nominibus
2511 4683 2799 4738 bestiarum
2853 4694 3041 4738 neutra
3090 4694 3216 4740 sunt
3242 4685 3491 4755 generica

1908 4780 2026 4833 dius
2048 4787 2101 4834 ct
2126 4780 2411 4835 obscurum
2440 4777 2571 4831 biart‘
2594 4775 2760 4830 bestia
2800 4791 3007 4832 necnon
3034 4785 3089 4830 ct
3112 4779 3261 4847 {aihu
3289 4792 3448 4847 pecus
3473 4795 3490 4846 ;

1908 4870 2048 4925 inter
2067 4869 2313 4939 specillca
2346 4867 2714 4924 tantummodo
2746 4867 2880 4921 (amb
2907 4880 3076 4937 agnus
3095 4878 3151 4923 et
3188 4870 3327 4924 svein
3368 4884 3489 4940 por-

1908 4976 2036 5023 cus;
2069 4959 2361 5015 masculina
2404 4967 2531 5014 sunt
2567 4956 2821 5027 generica
2844 4999 2857 5018 ,
2909 4964 2969 5011 ut
3011 4956 3149 5029 fttgls
3192 4958 3339 5022 avis,
3369 4958 3490 5027 ﬁala

1910 5054 2069 5124 piscis
2088 5093 2104 5118 ,
2133 5068 2334 5105 vaurms
2375 5050 2576 5106 vermis
2600 5058 2654 5104 et
2682 5048 2926 5119 speciﬁca
2956 5049 3087 5103 stiur
3114 5062 3277 5117 aper,
3300 5051 3489 5105 aulicus

1907 5156 1956 5199 et
1981 5143 2146 5199 aultsa
2177 5142 2295 5209 bos,
2332 5140 2517 5211 ribrus
2548 5140 2745 5206 hircus,
2781 5141 2912 5211 gaits
2936 5153 3116 5204 caper,
3140 5140 3254 5209 fula
3283 5140 3487 5209 pullus,

1907 5234 2068 5290 asilus
2092 5233 2297 5301 asinus,
2328 5230 2498 5286 hands
2543 5231 2712 5294 canis,
2742 5230 2877 5299 vulfs
2901 5230 3072 5300 lupus,
3106 5231 3361 5285 ulbandus
3385 5232 3489 5285 cle-

1916 5327 2050 5395 pbas
2077 5323 2382 5395 (camelus),
2412 5322 2571 5379 ahala
2592 5322 2860 5388 co'umba,
2884 5338 2978 5377 ara
3000 5324 3195 5395 aquila,
3220 5324 3356 5376 Itana
3378 5322 3488 5391 gal-

1912 5417 2016 5482 lus,
2050 5431 2237 5485 sparva
2264 5430 2467 5485 passer.
2491 5414 2648 5469 nadrs
2676 5413 2877 5483 vipera,
2908 5424 2961 5470 et
2984 5414 3161 5469 forsan
3183 5413 3346 5484 ηιαρα
3373 5429 3488 5470 ver-

1912 5510 2044 5572 mis;
2077 5507 2327 5564 feminiua
2357 5517 2536 5563 autem
2576 5516 2701 5561 sunt
2743 5505 2904 5577 {auito
2944 5507 3172 5577 vulpes,
3211 5506 3361 5561 kalbo
3399 5508 3487 5574 ju-

1913 5613 2078 5652 venca
2098 5637 2115 5664 ,
2148 5599 2300 5669 gaitci
2325 5612 2481 5666 capra
2506 5636 2522 5663 ,
2567 5598 2881 5653 Itracadubo
2914 5606 3105 5664 turtur,
3131 5595 3385 5667 pramstct'
3416 5597 3486 5655 la-

1912 5699 2079 5756 certa,
2110 5691 2245 5745 malo
2269 5690 2431 5746 tinea.
