4044 6210
640 245 663 302 Ι
674 246 778 304 003

776 365 829 436 ὑ)
851 363 1243 419 Grammaticale
1271 378 1446 432 genus.
1484 361 1580 418 llic
1605 360 1886 418 dicendum
1910 362 2167 417 habemus
2187 402 2201 426 ,

634 470 865 526 quonam
897 454 1056 508 modo
1085 469 1254 524 genus
1291 444 1621 521 objectorum
1673 436 2086 508 inanimatorum
2115 451 2161 505 d.
2182 479 2211 492 -

637 544 978 601 terminatum
1024 543 1198 598 fuerit.
1226 540 1387 611 Cujus
1415 541 1547 595 ratio
1579 541 1890 612 plerumque
1916 557 2015 596 nos
2051 541 2208 611 fugit,

635 647 878 704 tempore
906 651 1012 704 quo
1043 633 1140 687 fuit
1196 632 1688 696 accommodatum,
1722 633 1942 686 minium
1979 642 2208 688 remoto.

635 727 896 784 Nonnulla
923 735 1126 778 tantum
1154 723 1358 792 objecta
1381 763 1398 786 ,
1427 737 1569 778 nunc
1599 723 1775 778 adhuc
1817 738 2000 778 secum
2049 738 2209 792 gene-

632 821 708 876 ris
729 817 986 887 originem
1021 830 1129 883 pra:
1148 830 1206 870 se
1231 815 1426 882 ferunt,
1459 829 1652 884 nempe
1678 815 2078 885 mythologiam;
2113 815 2210 867 ita-

634 929 760 982 que,
789 910 1127 966 documentis
1151 924 1215 962 ex
1240 911 1350 976 ipsa
1384 908 1558 977 lingua
1591 907 1960 962 deﬁcientibus
1987 909 2070 960 vel
2103 921 2212 960 non

631 1007 765 1062 satis
801 1003 1069 1073 cognitis,
1116 1001 1183 1054 ad
1233 1000 1514 1086 reiigiones
1560 999 1870 1069 fabulasque
1906 999 2210 1054 Borealium

634 1096 946 1168 populorum
971 1095 1022 1146 in
1047 1090 1362 1161 explicando
1385 1089 1598 1144 illorum
1619 1105 1820 1159 genere
1846 1105 2209 1146 recurremus.

703 1185 788 1256 aa)
824 1185 1022 1238 Eodem
1055 1196 1219 1248 prone
1243 1179 1400 1233 modo
1424 1180 1718 1234 illustratur
1742 1195 1910 1250 genus
1935 1179 2208 1233 numintnn

633 1278 800 1332 solem
832 1285 885 1330 et
917 1275 1095 1328 lunam
1133 1271 1545 1340 designantium.
1589 1271 1694 1326 Sed
1721 1285 1782 1326 ea
1812 1271 2034 1341 insignis
2059 1272 2211 1326 adest

635 1368 995 1436 discrepantia
1035 1367 1175 1420 inter
1211 1363 1464 1418 classicos
1507 1373 1561 1418 et
1602 1363 1935 1432 get-inanicos
1963 1364 2210 1434 populos,

629 1460 770 1528 quod
795 1460 998 1528 priores
1022 1455 1190 1508 solem
1223 1468 1390 1508 masc.
1415 1462 1468 1508 et
1497 1453 1675 1508 lunam
1705 1455 1856 1519 fern.,
1888 1455 2209 1523 pOSIeriores

630 1564 808 1607 autem
859 1549 995 1603 viam
1041 1549 1306 1600 inversam
1341 1547 1625 1600 tenuerint.
1660 1543 1818 1600 Gothi
1853 1546 2014 1615 igitur
2041 1560 2206 1599 cunno

631 1647 713 1702 sol
742 1645 866 1700 fem.
896 1649 952 1696 et
971 1655 1118 1693 mena
1138 1639 1261 1693 luna
1288 1651 1457 1691 masc.
1481 1638 1741 1702 fecerunt,
1764 1639 1885 1705 quia
1905 1637 2058 1706 juxta
2088 1636 2209 1689 illo-

629 1748 748 1790 rum
780 1729 1096 1800 populorutn
1139 1724 1519 1796 mythologiam
1572 1724 1696 1778 luna
1745 1724 1893 1778 Mani
1932 1725 2074 1778 ﬁlius
2125 1729 2210 1779 est

633 1820 1004 1892 Mundilfa’ris,
1035 1817 1205 1873 solem
1237 1826 1413 1870 autem
1436 1814 1534 1870 Sol
1553 1813 1790 1883 ejusdem
1817 1814 1920 1868 ﬁlia
1943 1822 2000 1869 et
2023 1812 2208 1868 (iterm

629 1930 848 1986 sponsa.
878 1911 1086 1968 Gothus
1117 1907 1364 1980 equidem
1411 1921 1507 1975 pro
1528 1906 1644 1960 sole
1673 1905 1832 1960 etiam
1857 1903 2203 1959 masculinam

625 2010 854 2065 formam
894 2019 1065 2059 sumta
1105 2010 1161 2056 et
1207 2009 1449 2055 neutram
1493 1998 1630 2052 sauil
1663 1997 1853 2062 habet,
1889 1996 1984 2052 sed
2013 2006 2205 2066 praeter

625 2097 769 2168 quod
807 2096 932 2150 fern.
971 2107 1139 2146 sumta
1175 2088 1512 2145 communior
1548 2097 1631 2142 est
1668 2087 1823 2158 (Mth.
1851 2103 1905 2153 v,
1937 2087 2037 2152 ὣς
2071 2086 2202 2144 Luc.

625 2205 700 2251 tv.
732 2188 830 2251 40;
863 2183 998 2252 Eph.
1029 2198 1099 2246 tv,
1129 2180 1236 2246 26;
1267 2179 1402 2235 Neh.
1433 2194 1530 2246 vn,
1577 2177 1656 2250 ὅ),
1696 2181 1816 2232 duas
1861 2178 1978 2233 aliae
2014 2176 2204 2234 formas

624 2298 731 2338 non
756 2277 854 2332 nisi
877 2274 1014 2345 apud
1043 2274 1275 2328 Marcum
1302 2278 1590 2326 occurrunt
1618 2270 1829 2341 (sunnin
1859 2269 2202 2323 urrinnandin

625 2390 699 2438 Iv,
724 2373 788 2436 ti;
815 2383 929 2435 xvt,
955 2367 1024 2432 2;
1061 2381 1283 2438 gasaggq
1312 2365 1445 2416 cauit
1473 2377 1510 2428 ι,
1544 2363 1641 2427 52,
1673 2362 1806 2415 caui!
1831 2359 2052 2430 riqt'zeiI)
2081 2375 2198 2430 xtn,

623 2463 720 2532 24)
750 2469 806 2516 et
835 2460 887 2512 in
915 2456 1262 2513 masculinam
1308 2467 1472 2522 graec.
1509 2463 1563 2507 et
1605 2453 1698 2506 lat.
1743 2451 2093 2520 probabiliter
2121 2451 2202 2505 in-

626 2557 910 2612 tlnxerunt.
960 2548 1110 2614 Quod
1160 2545 1226 2599 ad
1269 2544 1322 2598 di
1357 2558 1507 2598 ersas
1552 2542 1762 2597 radices
1798 2541 2009 2607 attinet,
2037 2557 2201 2596 cunno

623 2644 916 2714 antiquius,
943 2638 1078 2694 sauit
1112 2639 1380 2691 recentius
1420 2648 1615 2688 noueen
1646 2647 1767 2689 esse
1793 2632 1900 2688 dici
1927 2640 2120 2702 petest,
2153 2632 2200 2686 si

625 2735 794 2792 Eddce
843 2727 1115 2805 (Aluisnral
1143 2725 1232 2790 {6,
1282 2727 1335 2793 l,
1381 2724 1419 2777 2
1455 2725 1558 2778 sol
1585 2724 1744 2777 lm'lrr
1787 2723 1901 2776 med
1931 2726 2198 2790 mdunum,

622 2847 684 2884 en
733 2841 942 2881 sunna
989 2821 1106 2876 med
1153 2819 1374 2891 gopom,
1431 2817 1481 2871 id
1513 2825 1615 2880 est,
1665 2814 1760 2872 Sol
1803 2825 2022 2871 vocatur
2061 2815 2200 2872 inter

624 2918 893 2981 homines,
923 2913 1018 2970 sed
1047 2912 1227 2969 Sunnu
1255 2910 1394 2980 apud
1423 2909 1578 2978 deos)
1611 2908 1740 2964 fides
1762 2907 2063 2964 adhibenda
2092 2909 2197 2975 sit;

620 3019 876 3068 caeterum
905 3005 1066 3061 etiam
1104 3019 1133 3056 a
1164 3000 1366 3057 tineis
1407 3000 1621 3054 nomina
1662 2999 1993 3070 objectorum
2019 3000 2198 3070 qualia

618 3101 758 3170 apud
785 3099 922 3154 Deos
950 3095 1130 3163 vigent
1169 3103 1230 3148 ut
1274 3092 1573 3162 antiquiora
1602 3091 1904 3148 nominibus
1931 3093 2070 3161 apud
2099 3091 2199 3147 lto-

621 3195 794 3249 mines
833 3187 1103 3254 usurpatis
1146 3184 1494 3240 tradebantur
1539 3183 1672 3256 (vid.
1704 3182 1963 3254 thtling
1994 3186 2046 3237 in
2079 3183 2194 3238 Ue-

611 3287 747 3344 siod.
772 3284 1037 3354 Tlreoqon.
1063 3277 1216 3348 851).

685 3378 742 3431 lu
779 3374 953 3430 veteri
999 3371 1300 3426 Borealium
1336 3369 1513 3439 lingua
1543 3368 1638 3425 Sol
1675 3369 1838 3426 etiam
1876 3369 2192 3427 femininum

613 3477 740 3535 est;
779 3464 1052 3536 gotliicum
1097 3470 1275 3518 autem
1303 3462 1460 3528 struit,
1509 3460 1678 3516 forma
1730 3471 2006 3526 neutrum,
2059 3467 2197 3519 inter

612 3577 780 3617 animo
805 3568 862 3614 et
889 3572 1078 3626 summ,
1103 3562 1165 3610 ut
1187 3555 1430 3608 naturale
1463 3564 1734 3622 neutrum,
1767 3555 1817 3611 id
1848 3563 1953 3623 est,
1984 3571 2196 3612 mascu-

612 3655 780 3710 linum
819 3659 874 3706 et
919 3647 1230 3704 femininum
1261 3645 1314 3700 in
1342 3660 1400 3700 se
1428 3647 1791 3716 complectens
1812 3655 1956 3704 stare
1987 3659 2190 3718 posset,

613 3746 729 3802 vid.
760 3758 919 3812 supra
950 3741 1027 3810 l).
1064 3739 1177 3794 Non
1217 3738 1433 3793 fundata
1469 3740 1696 3794 naturali
1726 3756 1922 3807 genere
1959 3752 2086 3796 sunt
2110 3742 2193 3796 in-

609 3852 772 3906 super
805 3833 948 3905 tuggl
980 3841 1210 3899 astrum,
1245 3839 1513 3897 neutrum,
1562 3839 1620 3886 et
1643 3833 1840 3886 stairno
1879 3834 2056 3902 stella,
2107 3832 2191 3888 fc-

614 3930 900 3987 mininum.

680 4018 764 4086 ιώ)
811 4018 889 4072 Ex
938 4012 1262 4086 mythologia
1313 4012 1476 4069 etiam
1524 4014 1822 4071 illustratur
1878 4015 2029 4072 na/tts
2083 4033 2189 4074 nox

608 4111 735 4167 feni.
769 4119 821 4163 et
842 4108 968 4178 dags
987 4106 1102 4161 dies
1129 4119 1318 4170 masc.,
1342 4107 1535 4176 quippe
1557 4122 1678 4162 eum
1710 4107 1760 4161 in
1789 4110 2189 4178 septentriona-

607 4202 745 4258 libus
796 4199 994 4268 tnytltis
1036 4194 1165 4250 Non
1207 4195 1314 4248 ﬁlia
1359 4205 1442 4250 est
1493 4195 1676 4250 No‘rvis
1724 4206 1778 4252 et
1833 4211 1898 4252 cx
1945 4197 2191 4271 Delinger

608 4292 774 4347 filium
809 4290 949 4360 Dagr
980 4285 1183 4342 habuit.
1215 4286 1508 4341 Andanahti
1532 4297 1708 4342 autem
1743 4302 1954 4358 veSper,
2000 4306 2188 4360 quoin-

607 4382 893 4438 admodum
924 4380 1045 4434 alire
1086 4379 1342 4448 temporis
1383 4377 1778 4450 designationes
1818 4382 1914 4434 mel
1952 4391 2010 4436 et
2033 4381 2186 4450 peihs

605 4483 856 4545 tempus,
895 4474 981 4544 jer
1022 4481 1078 4526 et
1109 4469 1299 4541 atapni
1345 4484 1550 4538 annus,
1582 4481 1770 4525 neutra
1797 4479 1946 4529 sunt.
1977 4486 2032 4526 ut
2059 4484 2184 4543 pote

605 4568 744 4625 ideae
790 4567 1092 4621 abstractae.
1139 4565 1222 4618 An
1250 4563 1391 4634 opus
1419 4579 1585 4620 masc.
1617 4565 1699 4619 vel
1741 4564 1852 4636 olm
1884 4577 2062 4622 neutr.
2088 4567 2181 4634 sit,

599 4659 818 4716 dubium
847 4667 967 4721 est;
997 4670 1095 4711 nec
1123 4655 1274 4709 ulrtvo
1300 4671 1457 4710 mane
1487 4656 1641 4722 fem.,
1673 4661 1810 4712 sicut
1832 4667 1886 4713 et
1911 4657 2024 4712 viko
2051 4660 2174 4714 hcb.

601 4749 789 4804 domas
818 4746 968 4810 fctn.,
997 4747 1102 4798 aius
1132 4759 1298 4798 masc.
1337 4756 1391 4800 et
1421 4746 1687 4818 ajukdups
1719 4749 1844 4802 fem.
1873 4749 2042 4819 (αἰών)
2075 4767 2180 4804 non

603 4839 818 4902 habent,
860 4850 966 4906 quo
995 4833 1347 4903 explicentur.
1376 4833 1504 4887 Non
1542 4839 1763 4892 alteram
1806 4839 1966 4893 ﬁliam
1997 4840 2182 4895 habuit

599 4948 666 4989 es
700 4932 864 4993 Anar,
891 4928 1095 4982 scilicet
1121 4925 1290 4980 Jrire’lt
1311 4966 1327 4991 ,
1357 4927 1516 4980 ϐάξιιὶ
1557 4942 1783 4996 sponsa,
1835 4930 1977 4986 unde
2021 4933 2180 5004 αἶψα

599 5035 739 5082 terra
773 5023 924 5088 fem.;
954 5019 1143 5075 himins
1181 5028 1361 5074 autem
1397 5020 1592 5075 emtum
1642 5035 1807 5077 masc.
1849 5031 1968 5088 est,
1997 5024 2179 5078 nescio

595 5134 699 5190 qua
728 5117 935 5170 ratione
965 5110 1346 5184 mytliologiea.
1393 5110 1510 5166 .lam
1549 5126 1679 5167 vero
1709 5109 1819 5166 Hal
1856 5111 2008 5167 Loltis
2062 5123 2180 5169 erat

597 5209 732 5268 filia.
767 5206 889 5260 hinc
925 5201 1072 5270 Italia
1103 5201 1307 5258 inferus
1331 5201 1457 5257 fern.
1484 5201 1701 5258 Fratres
1722 5201 1859 5272 ejus,
1895 5202 2054 5274 ignis,
2083 5219 2179 5260 aer

595 5309 652 5356 et
677 5311 825 5353 mare
850 5293 1141 5350 masculina
1168 5302 1296 5350 sunt
1321 5294 1372 5348 in
1399 5293 1611 5365 gotbica
1642 5294 1838 5365 lingua,
1871 5294 1957 5350 vel
1985 5296 2174 5352 saltem

596 5391 756 5462 larius
779 5403 872 5443 aer
895 5394 949 5442 et
970 5386 1103 5441 caios
1127 5399 1278 5440 mare
1307 5387 1452 5454 (nam
1483 5385 1640 5440 marci
1680 5399 1830 5442 mare
1876 5384 2002 5442 fern.
2032 5387 2171 5458 est);

594 5485 731 5550 inuis
774 5497 942 5537 masc.
986 5480 1040 5537 in
1070 5481 1235 5534 aufras
1258 5481 1500 5536 caminus
1521 5521 1535 5546 ,
1558 5480 1699 5549 quod
1725 5495 1846 5537 cum
1875 5482 2010 5553 Agni
2035 5483 2170 5554 ignis

595 5579 697 5630 t'eo
748 5575 885 5644 apud
933 5572 1092 5629 ludos
1149 5571 1422 5640 collatum,
1484 5573 1704 5644 vestigia
1757 5573 2041 5645 reliquisse
2090 5576 2172 5630 vi-

595 5663 772 5719 detur.
804 5666 879 5720 Ex
915 5663 999 5723 his
1034 5673 1213 5722 tarneu
1251 5663 1532 5722 elementis
1569 5665 1729 5724 etiam
1773 5675 1962 5726 neutra
1997 5674 2122 5725 sunt
2153 5685 2167 5720 :

1703 245 2154 306 GRAMMATICA
2193 243 2514 304 COTHICAE
2558 247 2855 305 LlNCl'xE.

3688 253 3785 310 illi}

2317 365 2407 433 fon
2438 362 2573 432 ignis
2601 373 2652 418 et
2676 373 2792 416 ra'o
2822 375 2975 432 aqua.
3004 360 3080 415 Ex
3109 375 3172 429 mg
3200 359 3414 431 tlinlogia
3438 361 3683 416 masculina
3705 366 3792 419 illa-

2315 462 2554 507 szrantnr
2600 470 2614 505 :
2659 454 2852 507 t'intrus
2892 452 3095 517 ltietns,
3143 453 3286 506 vinds
3327 461 3500 506 ventus
3539 453 3630 522 (ris
3661 466 3789 509 autem

2317 543 2472 598 turbo
2519 551 2766 597 neutrum
2813 541 2942 613 est),
2990 550 3044 597 et
3088 539 3424 609 probabiliter
3461 541 3601 596 etiam
3631 545 3793 615 mmops

2315 633 2516 687 mensis
2562 641 2616 686 et
2655 634 2915 702 tt.aurgt'm
2954 645 3144 695 mane;
3184 628 3393 699 insuper
3417 631 3568 683 simius
3602 633 3792 700 ηἱι(τῑριι

2315 739 2444 776 vero
2473 723 2648 794 pluvia
2680 724 2987 790 neutrum),
3023 731 3078 776 et
3116 722 3272 776 etiam
3312 737 3420 792 veg:
3461 721 3653 786 ﬂuctus,
3675 724 3794 792 ﬂodu

2315 813 2506 870 fluvius
2530 815 2645 887 (sed
2677 831 2788 868 awa
2817 825 2899 868 est
2933 813 3106 883 fem.),
3139 815 3332 868 brunua
3366 813 3508 880 fons;
3535 816 3712 870 difficile
3733 834 3795 870 au-

2315 913 2422 961 tem
2450 906 2761 960 vocabulum
2784 904 2994 958 mil/rma
3019 906 3183 960 nubes
3205 905 3255 959 in
3279 905 3390 960 solo
3410 916 3590 960 tantum
3613 921 3796 963 sermone

2313 995 2527 1065 gozbico
2587 1011 2911 1062 occurrens,
2987 995 3299 1065 exp‘icatur.
3375 996 3506 1050 Deus
3565 996 3726 1050 tonitru
3760 1010 3794 1049 el

2316 1087 2540 1156 fulguris
2588 1088 2729 1142 nulla
2785 1088 3030 1158 equidem
3074 1088 3292 1157 vestigia
3342 1087 3487 1152 fecit;
3527 1086 3628 1157 ejus
3663 1090 3795 1143 saltem

2317 1178 2649 1246 pltenomena
2677 1177 2890 1246 gotbice
2935 1179 3216 1232 traduntur
3243 1195 3255 1232 :
3315 1179 3563 1232 lauhmttm'
3595 1178 3734 1248 fulgur
3763 1191 3798 1235 et

2314 1270 2488 1342 1.e:wo
2529 1274 2750 1334 trn'tru,
2791 1280 3077 1340 utrumque
3107 1271 3231 1326 fetu.

2381 1364 2458 1432 cc)
2479 1364 2530 1416 lu
2555 1362 2860 1417 nominibus
2893 1367 3189 1432 plantarum
3209 1362 3317 1432 jam
3355 1377 3452 1418 ton
3490 1360 3624 1417 adest
3662 1359 3798 1416 relatio

2311 1455 2376 1509 ad
2408 1468 2683 1524 personas,
2709 1469 2892 1510 earum
2917 1455 3093 1510 virore
3113 1455 3326 1528 (mase.)
3345 1455 3510 1510 forsan
3521 1455 3596 1510 vel
3615 1455 3798 1510 ariditate

2311 1547 2546 1618 (neutr.)
2594 1555 2798 1603 tantum
2851 1549 3125 1618 spectatis.
3176 1549 3312 1605 Sunt
3354 1550 3532 1603 saltem
3575 1547 3796 1603 masculina

2309 1640 2486 1712 bagms
2505 1641 2666 1696 arbor
2685 1641 2908 1696 etetiam
2921 1650 3025 1694 am
3049 1655 3248 1704 ramus,
3263 1640 3404 1696 italus
3422 1651 3473 1696 et
3492 1640 3661 1694 candus
3679 1641 3797 1709 virga.

2311 1737 2446 1788 taim
2475 1732 2664 1801 stipes,
2689 1731 2830 1802 laufs
2852 1731 3058 1799 folium,
3086 1731 3254 1785 bloma
3271 1731 3388 1798 llos,
3417 1729 3633 1802 patimur
3645 1744 3797 1799 vepres;

2309 1822 2484 1877 solum
2515 1831 2687 1877 t'attrls
2711 1821 2862 1876 radix
2883 1821 3196 1877 femininum
3251 1830 3350 1876 est.
3401 1822 3501 1878 Sed
3526 1831 3683 1877 contra
3705 1836 3798 1876 neu-

2309 1923 2389 1970 tra
2411 1925 2537 1970 sunt
2577 1915 2704 1984 triu,
2731 1914 2870 1985 quod
2903 1930 3006 1969 non
3036 1916 3208 1969 solum
3253 1924 3333 1969 est
3360 1913 3580 1968 omnium
3605 1913 3798 1980 majorum

2307 2006 2559 2062 arborum
2606 2021 2799 2062 nomen
2846 2007 3175 2077 generieum,
3205 2007 3298 2062 sed
3343 2007 3633 2062 vocabulum
3675 2019 3799 2076 graeco

2304 2097 2428 2174 δόρυ
2470 2098 2689 2155 omnino
2741 2096 3072 2169 respondens
3098 2140 3114 2161 ,
3162 2098 3467 2171 germanico
3503 2098 3642 2154 διοεὲ
3683 2097 3800 2167 (unde

2305 2203 2458 2245 nom.
2504 2204 2676 2258 germ.
2719 2187 3013 2244 Wcinstock
3058 2191 3214 2258 goth.
3265 2189 3559 2257 eeinatriu),
3597 2185 3800 2242 ordinario

2306 2280 2516 2334 aridum
2562 2279 2758 2350 lignum
2811 2279 3054 2334 indicans
3098 2280 3270 2350 (ξυλον
3313 2278 3411 2334 Mc.
3460 2295 3559 2342 xvi,
3605 2275 3800 2342 42,48);

2305 2373 2436 2440 fraiv
2455 2387 2662 2438 semen,
2689 2373 2800 2427 basi
2827 2373 3008 2443 bacca,
3031 2375 3202 2429 akran
3235 2375 3433 2432 fruetus
3455 2375 3620 2445 (masc.
3650 2372 3802 2427 smakl'a

2307 2466 2440 2519 ﬁcus
2492 2465 2830 2534 peregrinum
2870 2467 3019 2536 est),
3051 2467 3144 2520 ar'rs
3181 2469 3348 2538 spica,
3373 2468 3525 2522 kaum
3551 2467 3800 2520 frumentum

2304 2557 2381 2620 (et
2406 2566 2599 2611 czetera
2623 2556 2850 2612 eerealia
2874 2597 2892 2624 ,
2925 2569 3152 2628 excepto
3182 2561 3354 2614 uaiteis
3394 2559 3606 2614 triticum
3641 2553 3800 2618 masc),

2301 2645 2501 2701 kaurno
2527 2661 2748 2718 granum
2776 2648 3047 2712 frumenti;
3075 2666 3204 2704 ram
3231 2650 3452 2715 arundo,
3478 2666 3584 2720 gras
3618 2647 3746 2702 herba
3764 2644 3802 2697 iu

2300 2751 2519 2806 genere.
2571 2739 2817 2808 legumen
2863 2750 2918 2794 et
2976 2740 3093 2794 Iravi
3133 2740 3372 2807 foenum;
3423 2741 3511 2796 sed
3563 2741 3704 2794 altaria
3739 2750 3804 2803 pa-

2303 2831 2384 2883 lea
2432 2828 2745 2883 femininum
2796 2838 2898 2885 est.
2947 2829 3136 2897 Quoad
3198 2848 3326 2887 vero
3385 2833 3581 2887 nomina
3630 2826 3804 2899 peculia-

2301 2921 2436 2975 rium
2467 2920 2764 2988 plantarum
2789 2922 3054 2991 uigadeino
3073 2924 3312 2978 carduus
3339 2931 3394 2979 et
3415 2921 3661 2977 aiwatundi
3683 2917 3805 2986 spina:

2297 3019 2424 3066 sunt
2463 3011 2633 3077 fem.;
2680 3014 2855 3083 sinaps
2897 3022 3074 3068 autem
3106 3015 3317 3085 sinapis
3345 3025 3396 3070 et
3422 3027 3620 3068 svamms
3660 3010 3803 3077 fungus

2296 3117 2466 3162 masc.

2369 3193 2465 3267 αα)
2496 3195 2549 3251 ln
2581 3210 2746 3266 regno
2784 3196 2999 3252 tandem
3029 3198 3464 3269 inorganicorum
3490 3196 3650 3254 deﬁcit
3673 3191 3802 3250 omnis

2201 3298 2206 3310 '
2295 3286 2488 3341 relatio
2508 3288 2573 3340 ad
2612 3301 2866 3356 personas
2887 3329 2901 3354 ,
2939 3303 3040 3343 nec
3070 3289 3187 3357 jam
3219 3289 3568 3345 determinari:
3595 3299 3732 3358 genus
3757 3298 3802 3336 ex

2293 3377 2684 3446 signiﬁcatione
2699 3378 2952 3448 possibile
2962 3387 3063 3433 est.
3080 3380 3296 3436 Metalla
3312 3379 3648 3435 tantummodo
3659 3374 3799 3430 suntin

2295 3481 2492 3536 genere
2523 3476 2708 3521 neutra
2744 3465 2915 3538 :gull)
2935 3481 3150 3534 aurum,
3183 3470 3346 3524 silubr
3369 3479 3647 3540 argentum,
3673 3465 3799 3519 citam

2292 3556 2517 3623 ferrum,
2543 3559 2622 3609 aiz
2649 3570 2746 3612 ars.
2775 3555 2847 3612 Ex
2901 3557 3019 3612 aliis
3067 3572 3251 3615 autem
3302 3561 3529 3616 metallis
3554 3566 3691 3614 sunt:
3732 3554 3800 3607 ruit

2293 3647 2372 3701 sal
2401 3659 2600 3714 neutr.;
2628 3649 2789 3704 stains
2821 3650 2952 3720 lapis
2977 3690 2992 3714 ,
3024 3650 3200 3707 hauris
3229 3653 3379 3722 rupis
3402 3693 3419 3718 ,
3451 3653 3625 3706 malma
3645 3662 3798 3706 arena.

2291 3739 2488 3806 slubjus
2517 3740 2678 3809 cinis,
2719 3741 2872 3796 svibls
2901 3741 3093 3810 sulfur,
3155 3759 3369 3812 masc.;
3409 3744 3550 3816 pulto
3592 3741 3742 3810 argilla
3763 3746 3801 3789 et

2291 3830 2468 3883 muldu
2493 3831 2629 3886 cinis
2651 3832 2779 3886 fern.

2361 3921 2511 3989 Quod
2539 3923 2605 3976 ad
2633 3924 2844 3978 nomina
2884 3925 3246 3996 geographica
3274 3928 3496 3995 attinet,
3532 3933 3691 3981 neutra
3711 3925 3800 3974 sunt

2291 4021 2343 4076 in
2369 4035 2569 4091 genere
2598 4024 2721 4078 (and
2745 4033 2886 4081 terra
2912 4036 2963 4080 et
2985 4027 3102 4097 gaoi
3129 4041 3256 4090 rus;
3280 4026 3528 4082 feminina
3554 4025 3649 4093 fera
3671 4021 3798 4075 locum

2289 4113 2466 4167 mar/ta
2493 4117 2772 4183 terminus;
2803 4118 3031 4188 [αξη-ςιαηὶ
3051 4131 3209 4174 mons
3235 4128 3408 4175 neutr.
3437 4127 3532 4180 est.
3566 4115 3708 4169 Itlains
3727 4109 3799 4163 col-

2287 4202 2358 4258 lis
2385 4219 2550 4260 masc.
2581 4221 2596 4269 ;
2625 4219 2692 4259 an
2723 4207 2879 4262 vallis
2908 4207 2994 4262 dat
3027 4208 3259 4280 (neutr.)
3289 4211 3369 4264 vel
3398 4208 3510 4262 dals
3534 4200 3720 4276 (masc)
3739 4197 3799 4250 di-

2285 4306 2460 4357 catur.
2509 4297 2810 4362 incertum;
2844 4301 3022 4353 driuso
3049 4298 3220 4353 clivus
3247 4309 3304 4354 et
3341 4299 3536 4372 iddaljo
3569 4296 3800 4350 descensu;

2287 4387 2437 4449 [μιηά
2455 4386 2560 4455 rigs
2577 4386 2659 4439 via
2678 4393 2761 4440 est
2788 4399 2978 4452 mase.;
3001 4389 3094 4442 sed
3121 4388 3343 4445 dubium
3366 4399 3448 4445 est
3485 4403 3550 4444 an
3578 4386 3668 4441 iter
3681 4390 3800 4454 94199³

2286 4476 2509 4545 (ῐηθδεο)
2561 4477 2643 4530 νει
2684 4493 2817 4548 ἐίσης
2867 4477 3096 4550 (neum)
3147 4481 3256 4545 sit;
3309 4481 3473 4550 staiga
3513 4487 3670 4532 autem
3705 4485 3798 4539 ιη·

2283 4569 2384 4624 dus
2438 4569 2564 4625 fem.
2591 4580 2711 4636 est;
2766 4572 2931 4626 altum
2974 4581 3058 4628 est
3084 4573 3259 4645 ﬁlegri
3287 4582 3462 4629 neutr.
3506 4570 3585 4626 vel
3628 4556 3799 4620 Iactandi

2285 4661 2453 4728 fetu.;
2506 4664 2635 4716 urbs
2681 4663 2885 4734 baurgs
2937 4673 2993 4719 et
3043 4666 3194 4720 vicus
3226 4680 3322 4721 seu
3350 4679 3480 4736 ptius
3522 4657 3794 4715 Irainufcut.

2282 4763 2427 4820 sunt,
2461 4753 2598 4808 vei/rs
2625 4763 2805 4809 autern
2828 4764 3003 4810 neutr.

2365 4847 2708 4902 «Annotatio.
2741 4877 2808 4888 --
2837 4847 2942 4904 Sed
2973 4849 3141 4904 multo
3187 4849 3463 4904 difﬁcilius
3508 4832 3796 4902 determinari

2281 4945 2460 5006 potest
2497 4952 2664 5006 genus
2701 4938 2926 4993 aliarum
2954 4939 3204 4994 classium
3235 4941 3579 5009 obiectorum.
3603 4934 3681 4991 Sic
3707 4947 3721 4988 :

2353 5058 2372 5090 ε
2414 5039 2465 5107 1)
2497 5039 2572 5093 Ex
2605 5039 2832 5109 partibus
2853 5040 3092 5094 animalis
3115 5043 3346 5109 corporis
3371 5040 3424 5096 in
3455 5051 3668 5109 genere:
3706 5040 3796 5084 cur.

2277 5145 2375 5198 pus
2407 5129 2505 5184 lcik
2525 5139 2573 5184 et
2607 5133 2826 5199 sanguis
2869 5127 2996 5201 Μορ
3021 5141 3196 5186 neutr.
3244 5141 3406 5197 sunt;
3459 5141 3578 5183 caro
3619 5125 3794 5177 mantnt

2279 5222 2457 5296 (σάρξ)
2487 5220 2613 5276 fem.
2644 5231 2700 5276 et
2739 5221 2891 5275 mimz
2935 5222 3108 5295 (κρὲας
3136 5234 3266 5276 caro
3291 5216 3658 5277 manducanda,
3691 5203 3792 5269 εις.)

2274 5324 2477 5378 neutr.,
2506 5314 2670 5383 adeps
2697 5313 2930 5386 smairpr
2956 5324 3154 5379 neutr.;
3184 5313 3306 5370 lana
3333 5315 3469 5368 nulla
3500 5311 3636 5372 fern.,
3661 5299 3793 5370 capi|°

2271 5405 2355 5460 lus
2371 5403 2687 5475 lagletskuft
2733 5403 2930 5474 (coma)
2954 5414 3146 5465 neutr.;
3172 5398 3615 5470 membrumlipus
3637 5397 3786 5448 mssa;

2270 5505 2430 5563 caput
2453 5493 2650 5564 liaubip
2684 5507 2897 5559 neutr.;
2948 5496 3186 5551 cranium
3226 5494 3435 5548 wairnei
3460 5491 3576 5547 fem.
3606 5527 3619 5548 ,
3659 5481 3788 5536 facies

2266 5585 2416 5656 ludja
2446 5584 2521 5653 (id
2544 5595 2626 5640 est
2656 5598 2780 5654 pars
2822 5583 3013 5656 capitis
3039 5584 3245 5654 capillis
3296 5585 3508 5643 nudata,
3535 5577 3630 5632 vid.
3657 5569 3782 5626 Μαι..

2266 5689 2342 5745 Vl,
2376 5673 2465 5747 17)
2496 5684 2579 5735 est
2603 5675 2754 5746 fem.,
2783 5675 2899 5735 alits
2927 5685 2984 5734 et
3012 5675 3338 5732 andaufeiztts
3376 5667 3573 5747 (facies)
3600 5671 3738 5720 masc.
3765 5666 3779 5717 ἱ
