  <div class='ocr_page' id='page_1' title='image "/cluster/home/n/w/nwhite01/storage/ocr_20150623/18/hvd.32044023361694/542.png"; bbox 0 0 4044 6210; ppageno 0'>
   <div class='ocr_carea' id='block_1_1' title="bbox 233 275 379 329">
    <p class='ocr_par' dir='ltr' id='par_1_1' title="bbox 233 275 379 329">
     <span class='ocr_line' id='line_1_1' title="bbox 233 275 379 329; baseline -0.021 0"><span class='ocrx_word' id='word_1_1' title='bbox 233 275 379 329; x_wconf 68' lang='grc'><strong>1965</strong></span> 
     </span>
    </p>
   </div>
   <div class='ocr_carea' id='block_1_2' title="bbox 225 379 1816 452">
    <p class='ocr_par' dir='ltr' id='par_1_2' title="bbox 225 379 1816 452">
     <span class='ocr_line' id='line_1_2' title="bbox 225 379 1816 452; baseline -0.002 -13"><span class='ocrx_word' id='word_1_2' title='bbox 225 385 349 439; x_wconf 66' lang='lat' dir='ltr'><strong>haec</strong></span> <span class='ocrx_word' id='word_1_3' title='bbox 375 384 476 436; x_wconf 84' lang='lat' dir='ltr'><strong>tria</strong></span> <span class='ocrx_word' id='word_1_4' title='bbox 507 381 762 435; x_wconf 79' lang='lat' dir='ltr'><strong>vocabula</strong></span> <span class='ocrx_word' id='word_1_5' title='bbox 807 381 990 436; x_wconf 77' lang='lat' dir='ltr'><strong>faciem</strong></span> <span class='ocrx_word' id='word_1_6' title='bbox 1019 379 1342 450; x_wconf 66' lang='lat' dir='ltr'><strong>signiﬁcant,</strong></span> <span class='ocrx_word' id='word_1_7' title='bbox 1379 383 1430 436; x_wconf 91' lang='lat' dir='ltr'><strong>in</strong></span> <span class='ocrx_word' id='word_1_8' title='bbox 1461 393 1718 452; x_wconf 74' lang='lat' dir='ltr'><strong>quantum</strong></span> <span class='ocrx_word' id='word_1_9' title='bbox 1749 400 1816 438; x_wconf 82' lang='lat' dir='ltr'><strong>ea</strong></span> 
     </span>
    </p>
   </div>
   <div class='ocr_carea' id='block_1_3' title="bbox 225 473 1823 544">
    <p class='ocr_par' dir='ltr' id='par_1_3' title="bbox 225 473 1823 544">
     <span class='ocr_line' id='line_1_3' title="bbox 225 473 1823 544; baseline -0.003 -14"><span class='ocrx_word' id='word_1_10' title='bbox 225 490 297 531; x_wconf 80' lang='lat' dir='ltr'><strong>ea</strong></span> <span class='ocrx_word' id='word_1_11' title='bbox 335 490 474 529; x_wconf 89' lang='lat' dir='ltr'><strong>unus</strong></span> <span class='ocrx_word' id='word_1_12' title='bbox 509 474 578 527; x_wconf 88' lang='lat' dir='ltr'><strong>ab</strong></span> <span class='ocrx_word' id='word_1_13' title='bbox 607 473 728 527; x_wconf 89' lang='lat' dir='ltr'><strong>aliis</strong></span> <span class='ocrx_word' id='word_1_14' title='bbox 755 473 1197 538; x_wconf 86' lang='lat' dir='ltr'><strong>discriminatur;</strong></span> <span class='ocrx_word' id='word_1_15' title='bbox 1240 473 1508 528; x_wconf 75' lang='lat' dir='ltr'><strong>abSIracta</strong></span> <span class='ocrx_word' id='word_1_16' title='bbox 1541 475 1823 544; x_wconf 67' lang='lat' dir='ltr'><strong>autteairpi</strong></span> 
     </span>
    </p>
   </div>
   <div class='ocr_carea' id='block_1_4' title="bbox 229 564 1821 636">
    <p class='ocr_par' dir='ltr' id='par_1_4' title="bbox 229 564 1821 636">
     <span class='ocr_line' id='line_1_4' title="bbox 229 564 1821 636; baseline -0.003 -15"><span class='ocrx_word' id='word_1_17' title='bbox 229 575 290 621; x_wconf 88' lang='lat' dir='ltr'><strong>et</strong></span> <span class='ocrx_word' id='word_1_18' title='bbox 313 565 544 636; x_wconf 77' lang='lat' dir='ltr'><strong>andaugi</strong></span> <span class='ocrx_word' id='word_1_19' title='bbox 569 564 778 633; x_wconf 78' lang='lat' dir='ltr'><strong>(facies,</strong></span> <span class='ocrx_word' id='word_1_20' title='bbox 813 579 937 632; x_wconf 86' lang='lat' dir='ltr'><strong>pars</strong></span> <span class='ocrx_word' id='word_1_21' title='bbox 977 565 1152 619; x_wconf 86' lang='lat' dir='ltr'><strong>antica</strong></span> <span class='ocrx_word' id='word_1_22' title='bbox 1186 580 1280 632; x_wconf 83' lang='lat' dir='ltr'><strong>per</strong></span> <span class='ocrx_word' id='word_1_23' title='bbox 1317 565 1714 634; x_wconf 78' lang='lat' dir='ltr'><strong>oppositioucnt</strong></span> <span class='ocrx_word' id='word_1_24' title='bbox 1757 566 1821 618; x_wconf 76' lang='lat' dir='ltr'><strong>ait</strong></span> 
     </span>
    </p>
   </div>
   <div class='ocr_carea' id='block_1_5' title="bbox 233 655 1822 725">
    <p class='ocr_par' dir='ltr' id='par_1_5' title="bbox 233 655 1822 725">
     <span class='ocr_line' id='line_1_5' title="bbox 233 655 1822 725; baseline 0.001 -17"><span class='ocrx_word' id='word_1_25' title='bbox 233 659 495 719; x_wconf 78' lang='lat' dir='ltr'><strong>posticam</strong></span> <span class='ocrx_word' id='word_1_26' title='bbox 523 656 752 724; x_wconf 78' lang='lat' dir='ltr'><strong>partem)</strong></span> <span class='ocrx_word' id='word_1_27' title='bbox 780 666 955 709; x_wconf 75' lang='lat' dir='ltr'><strong>neutr.</strong></span> <span class='ocrx_word' id='word_1_28' title='bbox 987 665 1131 716; x_wconf 88' lang='lat' dir='ltr'><strong>sunt;</strong></span> <span class='ocrx_word' id='word_1_29' title='bbox 1168 655 1358 708; x_wconf 77' lang='lat' dir='ltr'><strong>oculus</strong></span> <span class='ocrx_word' id='word_1_30' title='bbox 1405 672 1538 725; x_wconf 83' lang='lat' dir='ltr'><strong>augo</strong></span> <span class='ocrx_word' id='word_1_31' title='bbox 1571 671 1671 707; x_wconf 86' lang='lat' dir='ltr'><strong>uua</strong></span> <span class='ocrx_word' id='word_1_32' title='bbox 1701 671 1822 708; x_wconf 89' lang='lat' dir='ltr'><strong>cum</strong></span> 
     </span>
    </p>
   </div>
   <div class='ocr_carea' id='block_1_6' title="bbox 230 745 1821 817">
    <p class='ocr_par' dir='ltr' id='par_1_6' title="bbox 230 745 1821 817">
     <span class='ocr_line' id='line_1_6' title="bbox 230 745 1821 817; baseline -0.003 -17"><span class='ocrx_word' id='word_1_33' title='bbox 230 745 488 816; x_wconf 69' lang='lat' dir='ltr'><strong>lat-rymis</strong></span> <span class='ocrx_word' id='word_1_34' title='bbox 539 760 601 798; x_wconf 78' lang='lat' dir='ltr'><strong>ex</strong></span> <span class='ocrx_word' id='word_1_35' title='bbox 636 759 701 798; x_wconf 93' lang='lat' dir='ltr'><strong>eo</strong></span> <span class='ocrx_word' id='word_1_36' title='bbox 730 747 1038 797; x_wconf 87' lang='lat' dir='ltr'><strong>rorantibus</strong></span> <span class='ocrx_word' id='word_1_37' title='bbox 1086 754 1203 814; x_wconf 83' lang='lat' dir='ltr'><strong>tagr</strong></span> <span class='ocrx_word' id='word_1_38' title='bbox 1228 756 1281 798; x_wconf 91' lang='lat' dir='ltr'><strong>et</strong></span> <span class='ocrx_word' id='word_1_39' title='bbox 1309 745 1446 798; x_wconf 81' lang='lat' dir='ltr'><strong>ciliis</strong></span> <span class='ocrx_word' id='word_1_40' title='bbox 1475 745 1821 817; x_wconf 73' lang='lat' dir='ltr'><strong>(superciliis)</strong></span> 
     </span>
    </p>
   </div>
   <div class='ocr_carea' id='block_1_7' title="bbox 234 834 1818 904">
    <p class='ocr_par' dir='ltr' id='par_1_7' title="bbox 234 834 1818 904">
     <span class='ocr_line' id='line_1_7' title="bbox 234 834 1818 904; baseline -0.002 -15"><span class='ocrx_word' id='word_1_41' title='bbox 234 838 378 891; x_wconf 79' lang='lat' dir='ltr'><strong>lttmc</strong></span> <span class='ocrx_word' id='word_1_42' title='bbox 407 835 834 891; x_wconf 73' lang='lat' dir='ltr'><strong>cnstodientibus</strong></span> <span class='ocrx_word' id='word_1_43' title='bbox 867 835 1004 888; x_wconf 76' lang='lat' dir='ltr'><strong>brato</strong></span> <span class='ocrx_word' id='word_1_44' title='bbox 1033 844 1207 888; x_wconf 85' lang='lat' dir='ltr'><strong>neutr.</strong></span> <span class='ocrx_word' id='word_1_45' title='bbox 1234 844 1319 889; x_wconf 83' lang='lat' dir='ltr'><strong>est</strong></span> <span class='ocrx_word' id='word_1_46' title='bbox 1348 835 1473 904; x_wconf 74' lang='lat' dir='ltr'><strong>(nisi</strong></span> <span class='ocrx_word' id='word_1_47' title='bbox 1505 834 1629 899; x_wconf 90' lang='lat' dir='ltr'><strong>Cor,</strong></span> <span class='ocrx_word' id='word_1_48' title='bbox 1665 834 1705 897; x_wconf 77' lang='grc' dir='ltr'><em>Ι,</em></span> <span class='ocrx_word' id='word_1_49' title='bbox 1735 851 1818 896; x_wconf 71' lang='grc' dir='ltr'><em>λιν,</em></span> 
     </span>
    </p>
   </div>
   <div class='ocr_carea' id='block_1_8' title="bbox 227 923 1824 993">
    <p class='ocr_par' dir='ltr' id='par_1_8' title="bbox 227 923 1824 993">
     <span class='ocr_line' id='line_1_8' title="bbox 227 923 1824 993; baseline -0.004 -13"><span class='ocrx_word' id='word_1_50' title='bbox 227 929 302 981; x_wconf 68' lang='grc'><strong>52</strong></span> <span class='ocrx_word' id='word_1_51' title='bbox 342 927 462 980; x_wconf 89' lang='lat' dir='ltr'><strong>loco</strong></span> <span class='ocrx_word' id='word_1_52' title='bbox 493 926 660 978; x_wconf 79' lang='lat' dir='ltr'><strong>brawa</strong></span> <span class='ocrx_word' id='word_1_53' title='bbox 686 923 964 993; x_wconf 79' lang='lat' dir='ltr'><strong>legendum</strong></span> <span class='ocrx_word' id='word_1_54' title='bbox 996 925 1067 978; x_wconf 83' lang='lat' dir='ltr'><strong>sit</strong></span> <span class='ocrx_word' id='word_1_55' title='bbox 1093 926 1300 989; x_wconf 81' lang='lat' dir='ltr'><strong>brawai,</strong></span> <span class='ocrx_word' id='word_1_56' title='bbox 1325 936 1372 978; x_wconf 86' lang='lat' dir='ltr'><strong>t-t</strong></span> <span class='ocrx_word' id='word_1_57' title='bbox 1408 925 1722 979; x_wconf 79' lang='lat' dir='ltr'><strong>vocabulum</strong></span> <span class='ocrx_word' id='word_1_58' title='bbox 1753 927 1824 992; x_wconf 87' lang='lat' dir='ltr'><strong>ip-</strong></span> 
     </span>
    </p>
   </div>
   <div class='ocr_carea' id='block_1_9' title="bbox 231 1016 1818 1085">
    <p class='ocr_par' dir='ltr' id='par_1_9' title="bbox 231 1016 1818 1085">
     <span class='ocr_line' id='line_1_9' title="bbox 231 1016 1818 1085; baseline -0.004 -11"><span class='ocrx_word' id='word_1_59' title='bbox 231 1036 350 1074; x_wconf 89' lang='lat' dir='ltr'><strong>smn</strong></span> <span class='ocrx_word' id='word_1_60' title='bbox 401 1021 567 1071; x_wconf 80' lang='lat' dir='ltr'><strong>brawa</strong></span> <span class='ocrx_word' id='word_1_61' title='bbox 589 1019 661 1071; x_wconf 87' lang='lat' dir='ltr'><strong>sit</strong></span> <span class='ocrx_word' id='word_1_62' title='bbox 697 1027 750 1071; x_wconf 88' lang='lat' dir='ltr'><strong>et</strong></span> <span class='ocrx_word' id='word_1_63' title='bbox 778 1016 956 1085; x_wconf 61' lang='grc' dir='ltr'><em>ιω),</em></span> <span class='ocrx_word' id='word_1_64' title='bbox 981 1032 1079 1071; x_wconf 86' lang='lat' dir='ltr'><strong>nec</strong></span> <span class='ocrx_word' id='word_1_65' title='bbox 1105 1031 1210 1070; x_wconf 81' lang='lat' dir='ltr'><strong>non</strong></span> <span class='ocrx_word' id='word_1_66' title='bbox 1237 1029 1286 1070; x_wconf 82' lang='lat' dir='ltr'><strong>et</strong></span> <span class='ocrx_word' id='word_1_67' title='bbox 1310 1017 1454 1070; x_wconf 85' lang='lat' dir='ltr'><strong>auris</strong></span> <span class='ocrx_word' id='word_1_68' title='bbox 1476 1033 1600 1070; x_wconf 77' lang='lat' dir='ltr'><strong>auso</strong></span> <span class='ocrx_word' id='word_1_69' title='bbox 1619 1027 1818 1078; x_wconf 86' lang='lat' dir='ltr'><strong>neutr.;</strong></span> 
     </span>
    </p>
   </div>
   <div class='ocr_carea' id='block_1_10' title="bbox 233 1105 1823 1180">
    <p class='ocr_par' dir='ltr' id='par_1_10' title="bbox 233 1105 1823 1180">
     <span class='ocr_line' id='line_1_10' title="bbox 233 1105 1823 1180; baseline -0.001 -18"><span class='ocrx_word' id='word_1_70' title='bbox 233 1123 377 1180; x_wconf 79' lang='lat' dir='ltr'><strong>gena</strong></span> <span class='ocrx_word' id='word_1_71' title='bbox 408 1108 591 1160; x_wconf 74' lang='lat' dir='ltr'><strong>kinuus</strong></span> <span class='ocrx_word' id='word_1_72' title='bbox 625 1105 777 1170; x_wconf 78' lang='lat' dir='ltr'><strong>fetn.,</strong></span> <span class='ocrx_word' id='word_1_73' title='bbox 804 1120 873 1159; x_wconf 28' lang='lat' dir='ltr'><strong>vos</strong></span> <span class='ocrx_word' id='word_1_74' title='bbox 910 1106 1064 1176; x_wconf 84' lang='lat' dir='ltr'><strong>(otis)</strong></span> <span class='ocrx_word' id='word_1_75' title='bbox 1097 1105 1291 1176; x_wconf 70' lang='lat' dir='ltr'><strong>munIJs</strong></span> <span class='ocrx_word' id='word_1_76' title='bbox 1315 1121 1504 1173; x_wconf 79' lang='lat' dir='ltr'><strong>masc.,</strong></span> <span class='ocrx_word' id='word_1_77' title='bbox 1539 1121 1602 1160; x_wconf 86' lang='lat' dir='ltr'><strong>os</strong></span> <span class='ocrx_word' id='word_1_78' title='bbox 1627 1108 1823 1161; x_wconf 73' lang='lat' dir='ltr'><strong>bestia-</strong></span> 
     </span>
    </p>
   </div>
   <div class='ocr_carea' id='block_1_11' title="bbox 230 1197 1818 1268">
    <p class='ocr_par' dir='ltr' id='par_1_11' title="bbox 230 1197 1818 1268">
     <span class='ocr_line' id='line_1_11' title="bbox 230 1197 1818 1268; baseline -0.001 -14"><span class='ocrx_word' id='word_1_79' title='bbox 230 1217 352 1254; x_wconf 87' lang='lat' dir='ltr'><strong>rum</strong></span> <span class='ocrx_word' id='word_1_80' title='bbox 377 1199 576 1252; x_wconf 91' lang='lat' dir='ltr'><strong>dicitur</strong></span> <span class='ocrx_word' id='word_1_81' title='bbox 605 1198 954 1266; x_wconf 69' lang='lat' dir='ltr'><strong>probabiliter</strong></span> <span class='ocrx_word' id='word_1_82' title='bbox 976 1197 1083 1250; x_wconf 81' lang='lat' dir='ltr'><strong>mal</strong></span> <span class='ocrx_word' id='word_1_83' title='bbox 1103 1207 1157 1252; x_wconf 90' lang='lat' dir='ltr'><strong>et</strong></span> <span class='ocrx_word' id='word_1_84' title='bbox 1175 1209 1350 1254; x_wconf 86' lang='lat' dir='ltr'><strong>neutr.</strong></span> <span class='ocrx_word' id='word_1_85' title='bbox 1379 1208 1460 1252; x_wconf 89' lang='lat' dir='ltr'><strong>est</strong></span> <span class='ocrx_word' id='word_1_86' title='bbox 1481 1198 1764 1268; x_wconf 80' lang='lat' dir='ltr'><strong>(coll.Cor.</strong></span> <span class='ocrx_word' id='word_1_87' title='bbox 1783 1200 1818 1263; x_wconf 96' lang='lat' dir='ltr'><strong>l,</strong></span> 
     </span>
    </p>
   </div>
   <div class='ocr_carea' id='block_1_12' title="bbox 230 1289 1819 1360">
    <p class='ocr_par' dir='ltr' id='par_1_12' title="bbox 230 1289 1819 1360">
     <span class='ocr_line' id='line_1_12' title="bbox 230 1289 1819 1360; baseline -0.001 -17"><span class='ocrx_word' id='word_1_88' title='bbox 230 1309 309 1358; x_wconf 66' lang='lat' dir='ltr'><strong>lt“,</strong></span> <span class='ocrx_word' id='word_1_89' title='bbox 343 1293 374 1349; x_wconf 83' lang='lat'><strong><em>9</em></strong></span> <span class='ocrx_word' id='word_1_90' title='bbox 405 1291 724 1360; x_wconf 64' lang='lat' dir='ltr'><strong>faurnmljnn</strong></span> <span class='ocrx_word' id='word_1_91' title='bbox 772 1291 970 1341; x_wconf 81' lang='lat' dir='ltr'><strong>aultsatt</strong></span> <span class='ocrx_word' id='word_1_92' title='bbox 1011 1305 1072 1342; x_wconf 90' lang='lat' dir='ltr'><strong>os</strong></span> <span class='ocrx_word' id='word_1_93' title='bbox 1123 1290 1277 1343; x_wconf 76' lang='lat' dir='ltr'><strong>butis</strong></span> <span class='ocrx_word' id='word_1_94' title='bbox 1306 1290 1588 1358; x_wconf 78' lang='lat' dir='ltr'><strong>alligare);</strong></span> <span class='ocrx_word' id='word_1_95' title='bbox 1624 1289 1819 1344; x_wconf 88' lang='lat' dir='ltr'><strong>labiutn</strong></span> 
     </span>
    </p>
   </div>
   <div class='ocr_carea' id='block_1_13' title="bbox 229 1377 1823 1449">
    <p class='ocr_par' dir='ltr' id='par_1_13' title="bbox 229 1377 1823 1449">
     <span class='ocr_line' id='line_1_13' title="bbox 229 1377 1823 1449; baseline -0.003 -11"><span class='ocrx_word' id='word_1_96' title='bbox 229 1383 412 1438; x_wconf 66' lang='lat' dir='ltr'><strong>mit-ilo</strong></span> <span class='ocrx_word' id='word_1_97' title='bbox 439 1393 491 1435; x_wconf 90' lang='lat' dir='ltr'><strong>et</strong></span> <span class='ocrx_word' id='word_1_98' title='bbox 524 1381 699 1448; x_wconf 65' lang='lat' dir='ltr'><strong>lingua</strong></span> <span class='ocrx_word' id='word_1_99' title='bbox 723 1393 876 1449; x_wconf 74' lang='lat' dir='ltr'><strong>tuggo</strong></span> <span class='ocrx_word' id='word_1_100' title='bbox 907 1379 1056 1445; x_wconf 81' lang='lat' dir='ltr'><strong>lem.,</strong></span> <span class='ocrx_word' id='word_1_101' title='bbox 1088 1379 1221 1434; x_wconf 88' lang='lat' dir='ltr'><strong>dens</strong></span> <span class='ocrx_word' id='word_1_102' title='bbox 1247 1377 1444 1449; x_wconf 72' lang='lat' dir='ltr'><strong>tunpur</strong></span> <span class='ocrx_word' id='word_1_103' title='bbox 1489 1393 1684 1443; x_wconf 85' lang='lat' dir='ltr'><strong>masc.,</strong></span> <span class='ocrx_word' id='word_1_104' title='bbox 1709 1380 1823 1434; x_wconf 82' lang='lat' dir='ltr'><strong>eol-</strong></span> 
     </span>
    </p>
   </div>
   <div class='ocr_carea' id='block_1_14' title="bbox 230 1467 1821 1538">
    <p class='ocr_par' dir='ltr' id='par_1_14' title="bbox 230 1467 1821 1538">
     <span class='ocr_line' id='line_1_14' title="bbox 230 1467 1821 1538; baseline -0.002 -13"><span class='ocrx_word' id='word_1_105' title='bbox 230 1472 342 1525; x_wconf 86' lang='lat' dir='ltr'><strong>lmn</strong></span> <span class='ocrx_word' id='word_1_106' title='bbox 369 1472 505 1533; x_wconf 62' lang='lat' dir='ltr'><strong>Itala,</strong></span> <span class='ocrx_word' id='word_1_107' title='bbox 537 1469 718 1523; x_wconf 67' lang='lat' dir='ltr'><strong>cet-ti:</strong></span> <span class='ocrx_word' id='word_1_108' title='bbox 750 1469 1019 1538; x_wconf 82' lang='lat' dir='ltr'><strong>Italsagga,</strong></span> <span class='ocrx_word' id='word_1_109' title='bbox 1067 1472 1322 1523; x_wconf 84' lang='lat' dir='ltr'><strong>humerus</strong></span> <span class='ocrx_word' id='word_1_110' title='bbox 1356 1484 1499 1521; x_wconf 77' lang='lat' dir='ltr'><strong>amsa</strong></span> <span class='ocrx_word' id='word_1_111' title='bbox 1519 1467 1629 1538; x_wconf 85' lang='lat' dir='ltr'><strong>(vel</strong></span> <span class='ocrx_word' id='word_1_112' title='bbox 1660 1469 1821 1522; x_wconf 89' lang='lat' dir='ltr'><strong>etiam</strong></span> 
     </span>
    </p>
   </div>
   <div class='ocr_carea' id='block_1_15' title="bbox 226 1559 1820 1630">
    <p class='ocr_par' dir='ltr' id='par_1_15' title="bbox 226 1559 1820 1630">
     <span class='ocr_line' id='line_1_15' title="bbox 226 1559 1820 1630; baseline 0.001 -17"><span class='ocrx_word' id='word_1_113' title='bbox 226 1560 379 1630; x_wconf 74' lang='grc' dir='ltr'><strong>ωιω)</strong></span> <span class='ocrx_word' id='word_1_114' title='bbox 405 1570 460 1614; x_wconf 94' lang='lat' dir='ltr'><strong>et</strong></span> <span class='ocrx_word' id='word_1_115' title='bbox 502 1559 779 1612; x_wconf 81' lang='lat' dir='ltr'><strong>brachium</strong></span> <span class='ocrx_word' id='word_1_116' title='bbox 809 1574 952 1610; x_wconf 71' lang='lat' dir='ltr'><strong>arma</strong></span> <span class='ocrx_word' id='word_1_117' title='bbox 987 1573 1153 1612; x_wconf 84' lang='lat' dir='ltr'><strong>masc.</strong></span> <span class='ocrx_word' id='word_1_118' title='bbox 1199 1567 1362 1624; x_wconf 84' lang='lat' dir='ltr'><strong>sunt;</strong></span> <span class='ocrx_word' id='word_1_119' title='bbox 1411 1573 1600 1612; x_wconf 90' lang='lat' dir='ltr'><strong>manus</strong></span> <span class='ocrx_word' id='word_1_120' title='bbox 1641 1569 1820 1614; x_wconf 86' lang='lat' dir='ltr'><strong>autem</strong></span> 
     </span>
    </p>
   </div>
   <div class='ocr_carea' id='block_1_16' title="bbox 233 1647 1823 1718">
    <p class='ocr_par' dir='ltr' id='par_1_16' title="bbox 233 1647 1823 1718">
     <span class='ocr_line' id='line_1_16' title="bbox 233 1647 1823 1718; baseline 0 -16"><span class='ocrx_word' id='word_1_121' title='bbox 233 1651 433 1703; x_wconf 52' lang='lat' dir='ltr'><strong>haedus</strong></span> <span class='ocrx_word' id='word_1_122' title='bbox 463 1647 612 1710; x_wconf 88' lang='lat' dir='ltr'><strong>l&#39;etn.,</strong></span> <span class='ocrx_word' id='word_1_123' title='bbox 639 1647 738 1701; x_wconf 86' lang='lat' dir='ltr'><strong>sed</strong></span> <span class='ocrx_word' id='word_1_124' title='bbox 769 1662 956 1700; x_wconf 76' lang='lat' dir='ltr'><strong>manus</strong></span> <span class='ocrx_word' id='word_1_125' title='bbox 987 1655 1194 1702; x_wconf 75' lang='lat' dir='ltr'><strong>mortua</strong></span> <span class='ocrx_word' id='word_1_126' title='bbox 1217 1647 1330 1716; x_wconf 63' lang='lat' dir='ltr'><strong>:lofa</strong></span> <span class='ocrx_word' id='word_1_127' title='bbox 1359 1656 1413 1700; x_wconf 93' lang='lat' dir='ltr'><strong>et</strong></span> <span class='ocrx_word' id='word_1_128' title='bbox 1440 1647 1636 1716; x_wconf 83' lang='lat' dir='ltr'><strong>digitus</strong></span> <span class='ocrx_word' id='word_1_129' title='bbox 1664 1649 1823 1718; x_wconf 76' lang='lat' dir='ltr'><strong>ﬁggrs</strong></span> 
     </span>
    </p>
   </div>
   <div class='ocr_carea' id='block_1_17' title="bbox 226 1739 1822 1807">
    <p class='ocr_par' dir='ltr' id='par_1_17' title="bbox 226 1739 1822 1807">
     <span class='ocr_line' id='line_1_17' title="bbox 226 1739 1822 1807; baseline 0 -12"><span class='ocrx_word' id='word_1_130' title='bbox 226 1743 427 1796; x_wconf 79' lang='lat' dir='ltr'><strong>iterum</strong></span> <span class='ocrx_word' id='word_1_131' title='bbox 458 1749 578 1794; x_wconf 89' lang='lat' dir='ltr'><strong>sunt</strong></span> <span class='ocrx_word' id='word_1_132' title='bbox 611 1754 776 1793; x_wconf 87' lang='lat' dir='ltr'><strong>masc.</strong></span> <span class='ocrx_word' id='word_1_133' title='bbox 804 1754 820 1803; x_wconf 92' lang='lat'><strong>;</strong></span> <span class='ocrx_word' id='word_1_134' title='bbox 869 1739 1017 1793; x_wconf 88' lang='lat' dir='ltr'><strong>sinus</strong></span> <span class='ocrx_word' id='word_1_135' title='bbox 1053 1740 1222 1793; x_wconf 72' lang='lat' dir='ltr'><strong>barms</strong></span> <span class='ocrx_word' id='word_1_136' title='bbox 1269 1754 1436 1793; x_wconf 84' lang='lat' dir='ltr'><strong>masc.</strong></span> <span class='ocrx_word' id='word_1_137' title='bbox 1467 1779 1483 1802; x_wconf 85' lang='lat'><strong>,</strong></span> <span class='ocrx_word' id='word_1_138' title='bbox 1512 1739 1607 1795; x_wconf 79' lang='lat' dir='ltr'><strong>sed</strong></span> <span class='ocrx_word' id='word_1_139' title='bbox 1639 1751 1822 1807; x_wconf 79' lang='lat' dir='ltr'><strong>pet-tus</strong></span> 
     </span>
    </p>
   </div>
   <div class='ocr_carea' id='block_1_18' title="bbox 229 1829 1819 1899">
    <p class='ocr_par' dir='ltr' id='par_1_18' title="bbox 229 1829 1819 1899">
     <span class='ocr_line' id='line_1_18' title="bbox 229 1829 1819 1899; baseline 0.002 -15"><span class='ocrx_word' id='word_1_140' title='bbox 229 1832 397 1886; x_wconf 72' lang='lat' dir='ltr'><strong>bruus</strong></span> <span class='ocrx_word' id='word_1_141' title='bbox 426 1839 509 1885; x_wconf 50' lang='lat' dir='ltr'><strong>ent</strong></span> <span class='ocrx_word' id='word_1_142' title='bbox 535 1829 690 1895; x_wconf 80' lang='lat' dir='ltr'><strong>lcm.,</strong></span> <span class='ocrx_word' id='word_1_143' title='bbox 723 1829 862 1899; x_wconf 87' lang='lat' dir='ltr'><strong>quod</strong></span> <span class='ocrx_word' id='word_1_144' title='bbox 887 1831 1111 1885; x_wconf 79' lang='lat' dir='ltr'><strong>vettitur</strong></span> <span class='ocrx_word' id='word_1_145' title='bbox 1131 1831 1294 1886; x_wconf 87' lang='lat' dir='ltr'><strong>etiam</strong></span> <span class='ocrx_word' id='word_1_146' title='bbox 1323 1832 1550 1894; x_wconf 83' lang='lat' dir='ltr'><strong>viscera,</strong></span> <span class='ocrx_word' id='word_1_147' title='bbox 1585 1834 1706 1887; x_wconf 90' lang='lat' dir='ltr'><strong>licet</strong></span> <span class='ocrx_word' id='word_1_148' title='bbox 1727 1836 1819 1888; x_wconf 78' lang='lat' dir='ltr'><strong>atl-</strong></span> 
     </span>
    </p>
   </div>
   <div class='ocr_carea' id='block_1_19' title="bbox 231 1920 1823 1993">
    <p class='ocr_par' dir='ltr' id='par_1_19' title="bbox 231 1920 1823 1993">
     <span class='ocr_line' id='line_1_19' title="bbox 231 1920 1823 1993; baseline 0.001 -17"><span class='ocrx_word' id='word_1_149' title='bbox 231 1923 304 1977; x_wconf 88' lang='lat' dir='ltr'><strong>sit</strong></span> <span class='ocrx_word' id='word_1_150' title='bbox 335 1924 554 1988; x_wconf 78' lang='lat' dir='ltr'><strong>insuprr</strong></span> <span class='ocrx_word' id='word_1_151' title='bbox 583 1935 778 1974; x_wconf 90' lang='lat' dir='ltr'><strong>nomen</strong></span> <span class='ocrx_word' id='word_1_152' title='bbox 815 1930 989 1974; x_wconf 82' lang='lat' dir='ltr'><strong>neutr.</strong></span> <span class='ocrx_word' id='word_1_153' title='bbox 1021 1920 1189 1988; x_wconf 84' lang='lat' dir='ltr'><strong>plttr.,</strong></span> <span class='ocrx_word' id='word_1_154' title='bbox 1219 1921 1425 1977; x_wconf 86' lang='lat' dir='ltr'><strong>scilicet</strong></span> <span class='ocrx_word' id='word_1_155' title='bbox 1447 1921 1696 1993; x_wconf 62' lang='grc' dir='ltr'><strong>ἰωὴ-[ηις</strong></span> <span class='ocrx_word' id='word_1_156' title='bbox 1730 1939 1823 1977; x_wconf 87' lang='lat' dir='ltr'><strong>cor</strong></span> 
     </span>
    </p>
   </div>
   <div class='ocr_carea' id='block_1_20' title="bbox 229 2011 1819 2080">
    <p class='ocr_par' dir='ltr' id='par_1_20' title="bbox 229 2011 1819 2080">
     <span class='ocr_line' id='line_1_20' title="bbox 229 2011 1819 2080; baseline 0.003 -16"><span class='ocrx_word' id='word_1_157' title='bbox 229 2012 397 2064; x_wconf 70' lang='lat' dir='ltr'><strong>huius</strong></span> <span class='ocrx_word' id='word_1_158' title='bbox 420 2027 452 2065; x_wconf 92' lang='lat' dir='ltr'><strong>n</strong></span> <span class='ocrx_word' id='word_1_159' title='bbox 492 2021 594 2064; x_wconf 88' lang='lat' dir='ltr'><strong>utr.</strong></span> <span class='ocrx_word' id='word_1_160' title='bbox 617 2026 631 2074; x_wconf 89' lang='lat'><strong>;</strong></span> <span class='ocrx_word' id='word_1_161' title='bbox 652 2024 692 2066; x_wconf 86' lang='lat' dir='ltr'><strong>c</strong></span> <span class='ocrx_word' id='word_1_162' title='bbox 713 2023 794 2062; x_wconf 68' lang='lat' dir='ltr'><strong>nia</strong></span> <span class='ocrx_word' id='word_1_163' title='bbox 813 2011 943 2080; x_wconf 62' lang='lat' dir='ltr'><strong>Imp:</strong></span> <span class='ocrx_word' id='word_1_164' title='bbox 972 2022 1051 2064; x_wconf 89' lang='lat' dir='ltr'><strong>est</strong></span> <span class='ocrx_word' id='word_1_165' title='bbox 1074 2025 1266 2079; x_wconf 88' lang='lat' dir='ltr'><strong>masc.,</strong></span> <span class='ocrx_word' id='word_1_166' title='bbox 1292 2013 1600 2068; x_wconf 71' lang='lat' dir='ltr'><strong>stomachus</strong></span> <span class='ocrx_word' id='word_1_167' title='bbox 1621 2014 1819 2080; x_wconf 78' lang='grc' dir='ltr'><strong>(κοιλία,</strong></span> 
     </span>
    </p>
   </div>
   <div class='ocr_carea' id='block_1_21' title="bbox 229 2102 1819 2177">
    <p class='ocr_par' dir='ltr' id='par_1_21' title="bbox 229 2102 1819 2177">
     <span class='ocr_line' id='line_1_21' title="bbox 229 2102 1819 2177; baseline 0.001 -18"><span class='ocrx_word' id='word_1_168' title='bbox 229 2102 720 2176; x_wconf 45' lang='lat' dir='ltr'><strong>«inmanibus</strong></span> <span class='ocrx_word' id='word_1_169' title='bbox 749 2116 944 2167; x_wconf 81' lang='lat' dir='ltr'><strong>masc.,</strong></span> <span class='ocrx_word' id='word_1_170' title='bbox 989 2103 1082 2158; x_wconf 85' lang='lat' dir='ltr'><strong>sed</strong></span> <span class='ocrx_word' id='word_1_171' title='bbox 1132 2103 1311 2158; x_wconf 81' lang='lat' dir='ltr'><strong>vamba</strong></span> <span class='ocrx_word' id='word_1_172' title='bbox 1367 2115 1554 2160; x_wconf 88' lang='lat' dir='ltr'><strong>venter</strong></span> <span class='ocrx_word' id='word_1_173' title='bbox 1605 2106 1819 2177; x_wconf 75' lang='grc' dir='ltr'><strong>(κοιλία,</strong></span> 
     </span>
    </p>
   </div>
   <div class='ocr_carea' id='block_1_22' title="bbox 226 2191 1821 2267">
    <p class='ocr_par' dir='ltr' id='par_1_22' title="bbox 226 2191 1821 2267">
     <span class='ocr_line' id='line_1_22' title="bbox 226 2191 1821 2267; baseline 0.006 -25"><span class='ocrx_word' id='word_1_174' title='bbox 226 2195 454 2267; x_wconf 54' lang='grc' dir='ltr'><strong>γαστήρ)</strong></span> <span class='ocrx_word' id='word_1_175' title='bbox 501 2193 650 2256; x_wconf 83' lang='lat' dir='ltr'><strong>ictn.;</strong></span> <span class='ocrx_word' id='word_1_176' title='bbox 684 2207 823 2261; x_wconf 81' lang='lat' dir='ltr'><strong>genu</strong></span> <span class='ocrx_word' id='word_1_177' title='bbox 853 2191 976 2246; x_wconf 81' lang='lat' dir='ltr'><strong>Imia</strong></span> <span class='ocrx_word' id='word_1_178' title='bbox 1017 2201 1193 2248; x_wconf 92' lang='lat' dir='ltr'><strong>neutr.</strong></span> <span class='ocrx_word' id='word_1_179' title='bbox 1221 2203 1322 2261; x_wconf 88' lang='lat' dir='ltr'><strong>est,</strong></span> <span class='ocrx_word' id='word_1_180' title='bbox 1359 2209 1452 2264; x_wconf 88' lang='lat' dir='ltr'><strong>pes</strong></span> <span class='ocrx_word' id='word_1_181' title='bbox 1480 2198 1622 2264; x_wconf 70' lang='lat' dir='ltr'><strong>[atus</strong></span> <span class='ocrx_word' id='word_1_182' title='bbox 1654 2210 1821 2252; x_wconf 82' lang='lat' dir='ltr'><strong>masc.</strong></span> 
     </span>
    </p>
   </div>
   <div class='ocr_carea' id='block_1_23' title="bbox 227 2282 847 2349">
    <p class='ocr_par' dir='ltr' id='par_1_23' title="bbox 227 2282 847 2349">
     <span class='ocr_line' id='line_1_23' title="bbox 227 2282 847 2349; baseline 0.005 -15"><span class='ocrx_word' id='word_1_183' title='bbox 227 2291 290 2334; x_wconf 79' lang='lat' dir='ltr'><strong>et</strong></span> <span class='ocrx_word' id='word_1_184' title='bbox 311 2287 430 2335; x_wconf 75' lang='lat' dir='ltr'><strong>calx</strong></span> <span class='ocrx_word' id='word_1_185' title='bbox 461 2282 659 2349; x_wconf 74' lang='lat' dir='ltr'><strong>{airzua</strong></span> <span class='ocrx_word' id='word_1_186' title='bbox 688 2283 847 2347; x_wconf 68' lang='lat' dir='ltr'><strong>term;</strong></span> 
     </span>
    </p>
   </div>
   <div class='ocr_carea' id='block_1_24' title="bbox 310 2420 1220 2491">
    <p class='ocr_par' dir='ltr' id='par_1_24' title="bbox 310 2420 1220 2491">
     <span class='ocr_line' id='line_1_24' title="bbox 310 2420 1220 2491; baseline 0.009 -21"><span class='ocrx_word' id='word_1_187' title='bbox 310 2437 331 2470; x_wconf 68' lang='grc'><strong>1</strong></span> <span class='ocrx_word' id='word_1_188' title='bbox 361 2420 417 2483; x_wconf 71' lang='lat'><strong>2‘.)</strong></span> <span class='ocrx_word' id='word_1_189' title='bbox 457 2421 531 2474; x_wconf 80' lang='lat' dir='ltr'><strong>Ex</strong></span> <span class='ocrx_word' id='word_1_190' title='bbox 560 2421 806 2476; x_wconf 87' lang='lat' dir='ltr'><strong>humanis</strong></span> <span class='ocrx_word' id='word_1_191' title='bbox 833 2422 1220 2491; x_wconf 76' lang='lat' dir='ltr'><strong>productibus:</strong></span> 
     </span>
    </p>
   </div>
   <div class='ocr_carea' id='block_1_25' title="bbox 316 2560 1824 2635">
    <p class='ocr_par' dir='ltr' id='par_1_25' title="bbox 316 2560 1824 2635">
     <span class='ocr_line' id='line_1_25' title="bbox 316 2560 1824 2635; baseline 0.005 -24"><span class='ocrx_word' id='word_1_192' title='bbox 316 2579 336 2611; x_wconf 71' lang='grc' dir='ltr'><strong>ι</strong></span> <span class='ocrx_word' id='word_1_193' title='bbox 387 2563 454 2630; x_wconf 85' lang='lat' dir='ltr'><strong>a)</strong></span> <span class='ocrx_word' id='word_1_194' title='bbox 524 2560 788 2614; x_wconf 75' lang='lat' dir='ltr'><strong>Ilubitatio</strong></span> <span class='ocrx_word' id='word_1_195' title='bbox 851 2573 904 2617; x_wconf 92' lang='lat' dir='ltr'><strong>et</strong></span> <span class='ocrx_word' id='word_1_196' title='bbox 983 2578 1050 2619; x_wconf 85' lang='lat' dir='ltr'><strong>ea</strong></span> <span class='ocrx_word' id='word_1_197' title='bbox 1117 2579 1236 2635; x_wconf 67' lang='lat' dir='ltr'><strong>qua:</strong></span> <span class='ocrx_word' id='word_1_198' title='bbox 1307 2564 1374 2618; x_wconf 89' lang='lat' dir='ltr'><strong>ad</strong></span> <span class='ocrx_word' id='word_1_199' title='bbox 1445 2563 1824 2620; x_wconf 84' lang='lat' dir='ltr'><strong>habitationem</strong></span> 
     </span>
    </p>
   </div>
   <div class='ocr_carea' id='block_1_26' title="bbox 227 2654 1827 2728">
    <p class='ocr_par' dir='ltr' id='par_1_26' title="bbox 227 2654 1827 2728">
     <span class='ocr_line' id='line_1_26' title="bbox 227 2654 1827 2728; baseline 0.004 -23"><span class='ocrx_word' id='word_1_200' title='bbox 227 2654 497 2722; x_wconf 73' lang='lat' dir='ltr'><strong>pertinent</strong></span> <span class='ocrx_word' id='word_1_201' title='bbox 546 2669 565 2706; x_wconf 88' lang='lat'><em>:</em></span> <span class='ocrx_word' id='word_1_202' title='bbox 620 2655 851 2720; x_wconf 88' lang='lat' dir='ltr'><strong>domus,</strong></span> <span class='ocrx_word' id='word_1_203' title='bbox 902 2665 956 2709; x_wconf 88' lang='lat' dir='ltr'><strong>et</strong></span> <span class='ocrx_word' id='word_1_204' title='bbox 1002 2671 1123 2723; x_wconf 79' lang='lat' dir='ltr'><strong>qua:</strong></span> <span class='ocrx_word' id='word_1_205' title='bbox 1174 2656 1226 2710; x_wconf 86' lang='lat' dir='ltr'><strong>in</strong></span> <span class='ocrx_word' id='word_1_206' title='bbox 1278 2671 1340 2712; x_wconf 87' lang='lat' dir='ltr'><strong>ea</strong></span> <span class='ocrx_word' id='word_1_207' title='bbox 1395 2666 1559 2723; x_wconf 82' lang='lat' dir='ltr'><strong>sunt,</strong></span> <span class='ocrx_word' id='word_1_208' title='bbox 1617 2657 1827 2728; x_wconf 80' lang='lat' dir='ltr'><strong>gothice</strong></span> 
     </span>
    </p>
   </div>
   <div class='ocr_carea' id='block_1_27' title="bbox 228 2748 1848 2842">
    <p class='ocr_par' dir='ltr' id='par_1_27' title="bbox 228 2748 1848 2842">
     <span class='ocr_line' id='line_1_27' title="bbox 228 2748 1848 2842; baseline 0.004 -42"><span class='ocrx_word' id='word_1_209' title='bbox 228 2756 326 2800; x_wconf 86' lang='lat' dir='ltr'><strong>est</strong></span> <span class='ocrx_word' id='word_1_210' title='bbox 369 2749 526 2815; x_wconf 75' lang='lat' dir='ltr'><strong>gnde</strong></span> <span class='ocrx_word' id='word_1_211' title='bbox 572 2762 738 2801; x_wconf 87' lang='lat' dir='ltr'><strong>masc.</strong></span> <span class='ocrx_word' id='word_1_212' title='bbox 801 2748 951 2820; x_wconf 89' lang='lat' dir='ltr'><strong>(hinc</strong></span> <span class='ocrx_word' id='word_1_213' title='bbox 987 2750 1087 2804; x_wconf 89' lang='lat' dir='ltr'><strong>ltoc</strong></span> <span class='ocrx_word' id='word_1_214' title='bbox 1139 2765 1258 2804; x_wconf 90' lang='lat' dir='ltr'><strong>voc.</strong></span> <span class='ocrx_word' id='word_1_215' title='bbox 1301 2751 1460 2806; x_wconf 90' lang='lat' dir='ltr'><strong>etiam</strong></span> <span class='ocrx_word' id='word_1_216' title='bbox 1514 2751 1583 2806; x_wconf 91' lang='lat' dir='ltr'><strong>de</strong></span> <span class='ocrx_word' id='word_1_217' title='bbox 1629 2750 1848 2842; x_wconf 30' lang='lat' dir='ltr'><strong>familia!</strong></span> 
     </span>
    </p>
   </div>
   <div class='ocr_carea' id='block_1_28' title="bbox 227 2837 1820 2910">
    <p class='ocr_par' dir='ltr' id='par_1_28' title="bbox 227 2837 1820 2910">
     <span class='ocr_line' id='line_1_28' title="bbox 227 2837 1820 2910; baseline 0.003 -19"><span class='ocrx_word' id='word_1_218' title='bbox 227 2837 480 2907; x_wconf 81' lang='lat' dir='ltr'><strong>dicitur),</strong></span> <span class='ocrx_word' id='word_1_219' title='bbox 526 2839 884 2892; x_wconf 82' lang='lat' dir='ltr'><strong>habitaculum</strong></span> <span class='ocrx_word' id='word_1_220' title='bbox 942 2840 1038 2893; x_wconf 75' lang='lat' dir='ltr'><strong>ltus</strong></span> <span class='ocrx_word' id='word_1_221' title='bbox 1097 2853 1307 2910; x_wconf 87' lang='lat' dir='ltr'><strong>neutr.,</strong></span> <span class='ocrx_word' id='word_1_222' title='bbox 1361 2851 1415 2896; x_wconf 92' lang='lat' dir='ltr'><strong>et</strong></span> <span class='ocrx_word' id='word_1_223' title='bbox 1465 2859 1589 2896; x_wconf 68' lang='lat' dir='ltr'><strong>rasit</strong></span> <span class='ocrx_word' id='word_1_224' title='bbox 1645 2851 1820 2896; x_wconf 86' lang='lat' dir='ltr'><strong>neutr.</strong></span> 
     </span>
    </p>
   </div>
   <div class='ocr_carea' id='block_1_29' title="bbox 227 2930 1827 3004">
    <p class='ocr_par' dir='ltr' id='par_1_29' title="bbox 227 2930 1827 3004">
     <span class='ocr_line' id='line_1_29' title="bbox 227 2930 1827 3004; baseline 0.004 -22"><span class='ocrx_word' id='word_1_225' title='bbox 227 2930 383 2996; x_wconf 75' lang='lat' dir='ltr'><strong>quod</strong></span> <span class='ocrx_word' id='word_1_226' title='bbox 407 2932 688 2998; x_wconf 77' lang='lat' dir='ltr'><strong>designare</strong></span> <span class='ocrx_word' id='word_1_227' title='bbox 720 2934 930 2986; x_wconf 81' lang='lat' dir='ltr'><strong>videtur</strong></span> <span class='ocrx_word' id='word_1_228' title='bbox 949 2936 1164 2987; x_wconf 75' lang='lat' dir='ltr'><strong>domum</strong></span> <span class='ocrx_word' id='word_1_229' title='bbox 1191 2933 1459 3004; x_wconf 89' lang='lat' dir='ltr'><strong>printitive</strong></span> <span class='ocrx_word' id='word_1_230' title='bbox 1485 2945 1625 2990; x_wconf 86' lang='lat' dir='ltr'><strong>tecto</strong></span> <span class='ocrx_word' id='word_1_231' title='bbox 1680 2950 1827 2989; x_wconf 86' lang='lat' dir='ltr'><strong>tuere</strong></span> 
     </span>
    </p>
   </div>
   <div class='ocr_carea' id='block_1_30' title="bbox 240 3024 1828 3098">
    <p class='ocr_par' dir='ltr' id='par_1_30' title="bbox 240 3024 1828 3098">
     <span class='ocr_line' id='line_1_30' title="bbox 240 3024 1828 3098; baseline 0.004 -23"><span class='ocrx_word' id='word_1_232' title='bbox 240 3024 593 3090; x_wconf 71' lang='lat' dir='ltr'><strong>SttperpOa‘ilu</strong></span> <span class='ocrx_word' id='word_1_233' title='bbox 620 3032 954 3080; x_wconf 81' lang='lat' dir='ltr'><strong>constantem</strong></span> <span class='ocrx_word' id='word_1_234' title='bbox 1014 3027 1096 3080; x_wconf 87' lang='lat' dir='ltr'><strong>vel</strong></span> <span class='ocrx_word' id='word_1_235' title='bbox 1146 3042 1210 3082; x_wconf 83' lang='lat' dir='ltr'><strong>ex</strong></span> <span class='ocrx_word' id='word_1_236' title='bbox 1242 3044 1403 3096; x_wconf 85' lang='lat' dir='ltr'><strong>opere</strong></span> <span class='ocrx_word' id='word_1_237' title='bbox 1446 3028 1620 3098; x_wconf 69' lang='lat' dir='ltr'><strong>ligneo</strong></span> <span class='ocrx_word' id='word_1_238' title='bbox 1643 3027 1828 3082; x_wconf 81' lang='lat' dir='ltr'><strong>conle-</strong></span> 
     </span>
    </p>
   </div>
   <div class='ocr_carea' id='block_1_31' title="bbox 229 3113 1827 3186">
    <p class='ocr_par' dir='ltr' id='par_1_31' title="bbox 229 3113 1827 3186">
     <span class='ocr_line' id='line_1_31' title="bbox 229 3113 1827 3186; baseline 0.003 -19"><span class='ocrx_word' id='word_1_239' title='bbox 229 3113 568 3184; x_wconf 61' lang='lat' dir='ltr'><strong>ctanttunde</strong></span> <span class='ocrx_word' id='word_1_240' title='bbox 591 3117 642 3168; x_wconf 89' lang='lat' dir='ltr'><strong>in</strong></span> <span class='ocrx_word' id='word_1_241' title='bbox 670 3115 812 3186; x_wconf 77' lang='lat' dir='ltr'><strong>angl.</strong></span> <span class='ocrx_word' id='word_1_242' title='bbox 842 3132 959 3170; x_wconf 76' lang='lat' dir='ltr'><strong>sax.</strong></span> <span class='ocrx_word' id='word_1_243' title='bbox 977 3134 1142 3172; x_wconf 72' lang='lat' dir='ltr'><strong>rwsm</strong></span> <span class='ocrx_word' id='word_1_244' title='bbox 1168 3127 1252 3174; x_wconf 50' lang='lat' dir='ltr'><strong>est</strong></span> <span class='ocrx_word' id='word_1_245' title='bbox 1281 3119 1455 3173; x_wconf 77' lang='lat' dir='ltr'><strong>tabula</strong></span> <span class='ocrx_word' id='word_1_246' title='bbox 1473 3119 1553 3173; x_wconf 83' lang='lat' dir='ltr'><strong>vel</strong></span> <span class='ocrx_word' id='word_1_247' title='bbox 1571 3121 1827 3175; x_wconf 68' lang='lat' dir='ltr'><strong>conlibu-</strong></span> 
     </span>
    </p>
   </div>
   <div class='ocr_carea' id='block_1_32' title="bbox 233 3205 1821 3278">
    <p class='ocr_par' dir='ltr' id='par_1_32' title="bbox 233 3205 1821 3278">
     <span class='ocr_line' id='line_1_32' title="bbox 233 3205 1821 3278; baseline 0.002 -19"><span class='ocrx_word' id='word_1_248' title='bbox 233 3205 413 3259; x_wconf 70' lang='lat' dir='ltr'><strong>tatam</strong></span> <span class='ocrx_word' id='word_1_249' title='bbox 441 3205 662 3274; x_wconf 90' lang='lat' dir='ltr'><strong>lectum)</strong></span> <span class='ocrx_word' id='word_1_250' title='bbox 694 3246 710 3272; x_wconf 88' lang='lat'><strong>,</strong></span> <span class='ocrx_word' id='word_1_251' title='bbox 756 3211 977 3277; x_wconf 81' lang='lat' dir='ltr'><strong>ponitur</strong></span> <span class='ocrx_word' id='word_1_252' title='bbox 1005 3222 1136 3278; x_wconf 86' lang='lat' dir='ltr'><strong>ergo</strong></span> <span class='ocrx_word' id='word_1_253' title='bbox 1185 3225 1280 3278; x_wconf 86' lang='lat' dir='ltr'><strong>pro</strong></span> <span class='ocrx_word' id='word_1_254' title='bbox 1330 3211 1490 3264; x_wconf 85' lang='lat' dir='ltr'><strong>domo</strong></span> <span class='ocrx_word' id='word_1_255' title='bbox 1524 3207 1821 3275; x_wconf 65' lang='lat' dir='ltr'><strong>aediﬁcata,</strong></span> 
     </span>
    </p>
   </div>
   <div class='ocr_carea' id='block_1_33' title="bbox 236 3291 1826 3367">
    <p class='ocr_par' dir='ltr' id='par_1_33' title="bbox 236 3291 1826 3367">
     <span class='ocr_line' id='line_1_33' title="bbox 236 3291 1826 3367; baseline 0.005 -21"><span class='ocrx_word' id='word_1_256' title='bbox 236 3291 423 3346; x_wconf 80' lang='lat' dir='ltr'><strong>minor</strong></span> <span class='ocrx_word' id='word_1_257' title='bbox 449 3295 592 3347; x_wconf 91' lang='lat' dir='ltr'><strong>enim</strong></span> <span class='ocrx_word' id='word_1_258' title='bbox 617 3299 829 3358; x_wconf 86' lang='lat' dir='ltr'><strong>domus,</strong></span> <span class='ocrx_word' id='word_1_259' title='bbox 857 3311 978 3350; x_wconf 87' lang='lat' dir='ltr'><strong>casa</strong></span> <span class='ocrx_word' id='word_1_260' title='bbox 1006 3336 1022 3362; x_wconf 90' lang='lat'><strong>,</strong></span> <span class='ocrx_word' id='word_1_261' title='bbox 1079 3298 1276 3352; x_wconf 87' lang='lat' dir='ltr'><strong>dicitur</strong></span> <span class='ocrx_word' id='word_1_262' title='bbox 1296 3298 1507 3367; x_wconf 69' lang='lat' dir='ltr'><strong>Itlcibra</strong></span> <span class='ocrx_word' id='word_1_263' title='bbox 1540 3298 1700 3364; x_wconf 77' lang='lat' dir='ltr'><strong>fem.;</strong></span> <span class='ocrx_word' id='word_1_264' title='bbox 1730 3299 1826 3354; x_wconf 89' lang='lat' dir='ltr'><strong>do-</strong></span> 
     </span>
    </p>
   </div>
   <div class='ocr_carea' id='block_1_34' title="bbox 233 3387 1826 3460">
    <p class='ocr_par' dir='ltr' id='par_1_34' title="bbox 233 3387 1826 3460">
     <span class='ocr_line' id='line_1_34' title="bbox 233 3387 1826 3460; baseline 0.005 -22"><span class='ocrx_word' id='word_1_265' title='bbox 233 3401 362 3438; x_wconf 63' lang='lat' dir='ltr'><strong>mus</strong></span> <span class='ocrx_word' id='word_1_266' title='bbox 393 3391 629 3450; x_wconf 79' lang='lat' dir='ltr'><strong>tandem,</strong></span> <span class='ocrx_word' id='word_1_267' title='bbox 659 3387 710 3440; x_wconf 88' lang='lat' dir='ltr'><strong>itt</strong></span> <span class='ocrx_word' id='word_1_268' title='bbox 733 3398 988 3456; x_wconf 89' lang='lat' dir='ltr'><strong>quantum</strong></span> <span class='ocrx_word' id='word_1_269' title='bbox 1018 3399 1102 3444; x_wconf 86' lang='lat' dir='ltr'><strong>est</strong></span> <span class='ocrx_word' id='word_1_270' title='bbox 1132 3391 1484 3446; x_wconf 79' lang='lat' dir='ltr'><strong>diversorium</strong></span> <span class='ocrx_word' id='word_1_271' title='bbox 1507 3391 1721 3460; x_wconf 80' lang='lat' dir='ltr'><strong>gothice</strong></span> <span class='ocrx_word' id='word_1_272' title='bbox 1741 3401 1826 3446; x_wconf 87' lang='lat' dir='ltr'><strong>est</strong></span> 
     </span>
    </p>
   </div>
   <div class='ocr_carea' id='block_1_35' title="bbox 236 3474 1824 3551">
    <p class='ocr_par' dir='ltr' id='par_1_35' title="bbox 236 3474 1824 3551">
     <span class='ocr_line' id='line_1_35' title="bbox 236 3474 1824 3551; baseline 0.003 -21"><span class='ocrx_word' id='word_1_273' title='bbox 236 3474 476 3545; x_wconf 73' lang='lat' dir='ltr'><strong>mlipvos</strong></span> <span class='ocrx_word' id='word_1_274' title='bbox 500 3475 639 3544; x_wconf 89' lang='lat' dir='ltr'><strong>plur.</strong></span> <span class='ocrx_word' id='word_1_275' title='bbox 673 3477 824 3543; x_wconf 86' lang='lat' dir='ltr'><strong>lem.;</strong></span> <span class='ocrx_word' id='word_1_276' title='bbox 852 3479 1109 3548; x_wconf 90' lang='lat' dir='ltr'><strong>templum</strong></span> <span class='ocrx_word' id='word_1_277' title='bbox 1142 3481 1256 3534; x_wconf 69' lang='lat' dir='ltr'><strong>altu</strong></span> <span class='ocrx_word' id='word_1_278' title='bbox 1275 3495 1442 3536; x_wconf 84' lang='lat' dir='ltr'><strong>masc.</strong></span> <span class='ocrx_word' id='word_1_279' title='bbox 1475 3489 1578 3547; x_wconf 84' lang='lat' dir='ltr'><strong>est,</strong></span> <span class='ocrx_word' id='word_1_280' title='bbox 1622 3480 1824 3551; x_wconf 75' lang='lat' dir='ltr'><strong>gudltus</strong></span> 
     </span>
    </p>
   </div>
   <div class='ocr_carea' id='block_1_36' title="bbox 233 3567 1825 3640">
    <p class='ocr_par' dir='ltr' id='par_1_36' title="bbox 233 3567 1825 3640">
     <span class='ocr_line' id='line_1_36' title="bbox 233 3567 1825 3640; baseline 0.004 -21"><span class='ocrx_word' id='word_1_281' title='bbox 233 3580 422 3620; x_wconf 80' lang='lat' dir='ltr'><strong>autem</strong></span> <span class='ocrx_word' id='word_1_282' title='bbox 453 3578 630 3620; x_wconf 89' lang='lat' dir='ltr'><strong>neutr.</strong></span> <span class='ocrx_word' id='word_1_283' title='bbox 669 3567 848 3622; x_wconf 72' lang='lat' dir='ltr'><strong>Murus</strong></span> <span class='ocrx_word' id='word_1_284' title='bbox 885 3569 1106 3640; x_wconf 62' lang='lat' dir='ltr'><strong>uaddjus</strong></span> <span class='ocrx_word' id='word_1_285' title='bbox 1137 3570 1286 3635; x_wconf 70' lang='lat' dir='ltr'><strong>term,</strong></span> <span class='ocrx_word' id='word_1_286' title='bbox 1340 3585 1439 3626; x_wconf 91' lang='lat' dir='ltr'><strong>nec</strong></span> <span class='ocrx_word' id='word_1_287' title='bbox 1485 3587 1590 3625; x_wconf 90' lang='lat' dir='ltr'><strong>non</strong></span> <span class='ocrx_word' id='word_1_288' title='bbox 1637 3571 1825 3626; x_wconf 72' lang='lat' dir='ltr'><strong>tunda-</strong></span> 
     </span>
    </p>
   </div>
   <div class='ocr_carea' id='block_1_37' title="bbox 235 3660 1825 3735">
    <p class='ocr_par' dir='ltr' id='par_1_37' title="bbox 235 3660 1825 3735">
     <span class='ocr_line' id='line_1_37' title="bbox 235 3660 1825 3735; baseline 0.004 -23"><span class='ocrx_word' id='word_1_289' title='bbox 235 3668 483 3712; x_wconf 77' lang='lat' dir='ltr'><strong>mentum</strong></span> <span class='ocrx_word' id='word_1_290' title='bbox 510 3668 565 3713; x_wconf 90' lang='lat' dir='ltr'><strong>et</strong></span> <span class='ocrx_word' id='word_1_291' title='bbox 595 3660 836 3714; x_wconf 87' lang='lat' dir='ltr'><strong>medialis</strong></span> <span class='ocrx_word' id='word_1_292' title='bbox 884 3677 1068 3716; x_wconf 87' lang='lat' dir='ltr'><strong>murus</strong></span> <span class='ocrx_word' id='word_1_293' title='bbox 1113 3664 1320 3733; x_wconf 79' lang='lat' dir='ltr'><strong>grundtt</strong></span> <span class='ocrx_word' id='word_1_294' title='bbox 1345 3693 1416 3705; x_wconf 93' lang='lat'><strong>—</strong></span> <span class='ocrx_word' id='word_1_295' title='bbox 1435 3673 1490 3720; x_wconf 86' lang='lat' dir='ltr'><strong>ct</strong></span> <span class='ocrx_word' id='word_1_296' title='bbox 1519 3663 1825 3735; x_wconf 70' lang='lat' dir='ltr'><strong>utipgarda-</strong></span> 
     </span>
    </p>
   </div>
   <div class='ocr_carea' id='block_1_38' title="bbox 227 3747 1824 3826">
    <p class='ocr_par' dir='ltr' id='par_1_38' title="bbox 227 3747 1824 3826">
     <span class='ocr_line' id='line_1_38' title="bbox 227 3747 1824 3826; baseline 0.009 -29"><span class='ocrx_word' id='word_1_297' title='bbox 227 3747 486 3816; x_wconf 67' lang='lat' dir='ltr'><strong>oaddjuz,</strong></span> <span class='ocrx_word' id='word_1_298' title='bbox 510 3747 646 3814; x_wconf 84' lang='lat' dir='ltr'><strong>lapis</strong></span> <span class='ocrx_word' id='word_1_299' title='bbox 665 3750 936 3819; x_wconf 78' lang='lat' dir='ltr'><strong>angularis</strong></span> <span class='ocrx_word' id='word_1_300' title='bbox 961 3752 1323 3808; x_wconf 75' lang='lat' dir='ltr'><strong>vaihstastat&#39;ns</strong></span> <span class='ocrx_word' id='word_1_301' title='bbox 1351 3771 1545 3824; x_wconf 88' lang='lat' dir='ltr'><strong>masc.,</strong></span> <span class='ocrx_word' id='word_1_302' title='bbox 1569 3760 1824 3826; x_wconf 86' lang='lat' dir='ltr'><strong>pinnacu-</strong></span> 
     </span>
    </p>
   </div>
   <div class='ocr_carea' id='block_1_39' title="bbox 227 3843 1824 3919">
    <p class='ocr_par' dir='ltr' id='par_1_39' title="bbox 227 3843 1824 3919">
     <span class='ocr_line' id='line_1_39' title="bbox 227 3843 1824 3919; baseline 0.006 -25"><span class='ocrx_word' id='word_1_303' title='bbox 227 3843 354 3896; x_wconf 72' lang='lat' dir='ltr'><strong>tum</strong></span> <span class='ocrx_word' id='word_1_304' title='bbox 381 3843 518 3913; x_wconf 82' lang='lat' dir='ltr'><strong>gibla</strong></span> <span class='ocrx_word' id='word_1_305' title='bbox 542 3857 734 3912; x_wconf 84' lang='lat' dir='ltr'><strong>masc.,</strong></span> <span class='ocrx_word' id='word_1_306' title='bbox 769 3856 964 3900; x_wconf 89' lang='lat' dir='ltr'><strong>tectum</strong></span> <span class='ocrx_word' id='word_1_307' title='bbox 1006 3847 1122 3900; x_wconf 79' lang='lat' dir='ltr'><strong>luat</strong></span> <span class='ocrx_word' id='word_1_308' title='bbox 1141 3858 1348 3915; x_wconf 88' lang='lat' dir='ltr'><strong>neutr.,</strong></span> <span class='ocrx_word' id='word_1_309' title='bbox 1381 3849 1431 3904; x_wconf 90' lang='lat' dir='ltr'><strong>id</strong></span> <span class='ocrx_word' id='word_1_310' title='bbox 1452 3865 1558 3919; x_wconf 87' lang='lat' dir='ltr'><strong>quo</strong></span> <span class='ocrx_word' id='word_1_311' title='bbox 1586 3851 1824 3919; x_wconf 86' lang='lat' dir='ltr'><strong>operitur</strong></span> 
     </span>
    </p>
   </div>
   <div class='ocr_carea' id='block_1_40' title="bbox 229 3934 1821 4006">
    <p class='ocr_par' dir='ltr' id='par_1_40' title="bbox 229 3934 1821 4006">
     <span class='ocr_line' id='line_1_40' title="bbox 229 3934 1821 4006; baseline 0.005 -22"><span class='ocrx_word' id='word_1_312' title='bbox 229 3934 464 4002; x_wconf 88' lang='lat' dir='ltr'><strong>(tegula,</strong></span> <span class='ocrx_word' id='word_1_313' title='bbox 496 3934 655 4004; x_wconf 81' lang='lat' dir='ltr'><strong>later)</strong></span> <span class='ocrx_word' id='word_1_314' title='bbox 684 3935 854 4006; x_wconf 72' lang='lat' dir='ltr'><strong>akalja</strong></span> <span class='ocrx_word' id='word_1_315' title='bbox 884 3937 1032 4002; x_wconf 84' lang='lat' dir='ltr'><strong>l&#39;em.,</strong></span> <span class='ocrx_word' id='word_1_316' title='bbox 1059 3939 1204 3994; x_wconf 84' lang='lat' dir='ltr'><strong>trabs</strong></span> <span class='ocrx_word' id='word_1_317' title='bbox 1227 3956 1319 3992; x_wconf 75' lang='lat' dir='ltr'><strong>am</strong></span> <span class='ocrx_word' id='word_1_318' title='bbox 1349 3955 1540 4003; x_wconf 86' lang='lat' dir='ltr'><strong>masc.,</strong></span> <span class='ocrx_word' id='word_1_319' title='bbox 1573 3940 1821 3994; x_wconf 86' lang='lat' dir='ltr'><strong>columna</strong></span> 
     </span>
    </p>
   </div>
   <div class='ocr_carea' id='block_1_41' title="bbox 232 4028 1820 4102">
    <p class='ocr_par' dir='ltr' id='par_1_41' title="bbox 232 4028 1820 4102">
     <span class='ocr_line' id='line_1_41' title="bbox 232 4028 1820 4102; baseline 0.004 -21"><span class='ocrx_word' id='word_1_320' title='bbox 232 4029 378 4081; x_wconf 65' lang='lat' dir='ltr'><strong>sunt:</strong></span> <span class='ocrx_word' id='word_1_321' title='bbox 399 4029 558 4082; x_wconf 88' lang='lat' dir='ltr'><strong>etiam</strong></span> <span class='ocrx_word' id='word_1_322' title='bbox 580 4028 732 4094; x_wconf 49' lang='lat' dir='ltr'><strong>lem&quot;</strong></span> <span class='ocrx_word' id='word_1_323' title='bbox 762 4031 912 4098; x_wconf 87' lang='lat' dir='ltr'><strong>palus</strong></span> <span class='ocrx_word' id='word_1_324' title='bbox 930 4033 1079 4102; x_wconf 82' lang='lat' dir='ltr'><strong>gairu</strong></span> <span class='ocrx_word' id='word_1_325' title='bbox 1108 4041 1283 4088; x_wconf 93' lang='lat' dir='ltr'><strong>neutr.</strong></span> <span class='ocrx_word' id='word_1_326' title='bbox 1310 4033 1357 4099; x_wconf 70' lang='grc' dir='ltr'><strong>(ζ’</strong></span> <span class='ocrx_word' id='word_1_327' title='bbox 1378 4043 1426 4084; x_wconf 92' lang='lat' dir='ltr'><strong>et</strong></span> <span class='ocrx_word' id='word_1_328' title='bbox 1447 4032 1611 4086; x_wconf 60' lang='lat' dir='ltr'><strong>[muto</strong></span> <span class='ocrx_word' id='word_1_329' title='bbox 1644 4032 1820 4100; x_wconf 75' lang='lat' dir='ltr'><strong>ient.);</strong></span> 
     </span>
    </p>
   </div>
   <div class='ocr_carea' id='block_1_42' title="bbox 236 4119 1820 4191">
    <p class='ocr_par' dir='ltr' id='par_1_42' title="bbox 236 4119 1820 4191">
     <span class='ocr_line' id='line_1_42' title="bbox 236 4119 1820 4191; baseline 0.004 -21"><span class='ocrx_word' id='word_1_330' title='bbox 236 4126 396 4185; x_wconf 85' lang='lat' dir='ltr'><strong>porta</strong></span> <span class='ocrx_word' id='word_1_331' title='bbox 432 4119 626 4173; x_wconf 75' lang='lat' dir='ltr'><strong>Itaurds</strong></span> <span class='ocrx_word' id='word_1_332' title='bbox 672 4119 801 4174; x_wconf 72' lang='lat' dir='ltr'><strong>Ictu.</strong></span> <span class='ocrx_word' id='word_1_333' title='bbox 841 4131 900 4176; x_wconf 90' lang='lat' dir='ltr'><strong>et</strong></span> <span class='ocrx_word' id='word_1_334' title='bbox 952 4123 1084 4175; x_wconf 85' lang='lat' dir='ltr'><strong>daur</strong></span> <span class='ocrx_word' id='word_1_335' title='bbox 1125 4129 1327 4186; x_wconf 87' lang='lat' dir='ltr'><strong>neutr.,</strong></span> <span class='ocrx_word' id='word_1_336' title='bbox 1360 4122 1566 4191; x_wconf 84' lang='lat' dir='ltr'><strong>plurale</strong></span> <span class='ocrx_word' id='word_1_337' title='bbox 1614 4131 1820 4177; x_wconf 91' lang='lat' dir='ltr'><strong>tantum</strong></span> 
     </span>
    </p>
   </div>
   <div class='ocr_carea' id='block_1_43' title="bbox 233 4207 1822 4281">
    <p class='ocr_par' dir='ltr' id='par_1_43' title="bbox 233 4207 1822 4281">
     <span class='ocr_line' id='line_1_43' title="bbox 233 4207 1822 4281; baseline 0.006 -22"><span class='ocrx_word' id='word_1_338' title='bbox 233 4207 472 4261; x_wconf 76' lang='lat' dir='ltr'><strong>dam-om</strong></span> <span class='ocrx_word' id='word_1_339' title='bbox 499 4209 622 4262; x_wconf 78' lang='lat' dir='ltr'><strong>tem.</strong></span> <span class='ocrx_word' id='word_1_340' title='bbox 674 4211 857 4264; x_wconf 81' lang='lat' dir='ltr'><strong>vulvas</strong></span> <span class='ocrx_word' id='word_1_341' title='bbox 879 4211 1177 4279; x_wconf 86' lang='lat' dir='ltr'><strong>bipatentes</strong></span> <span class='ocrx_word' id='word_1_342' title='bbox 1229 4212 1539 4281; x_wconf 77' lang='lat' dir='ltr'><strong>signiﬁcat;</strong></span> <span class='ocrx_word' id='word_1_343' title='bbox 1590 4212 1822 4268; x_wconf 72' lang='lat' dir='ltr'><strong>fenestra</strong></span> 
     </span>
    </p>
   </div>
   <div class='ocr_carea' id='block_1_44' title="bbox 238 4301 1824 4369">
    <p class='ocr_par' dir='ltr' id='par_1_44' title="bbox 238 4301 1824 4369">
     <span class='ocr_line' id='line_1_44' title="bbox 238 4301 1824 4369; baseline 0.004 -17"><span class='ocrx_word' id='word_1_344' title='bbox 238 4301 548 4369; x_wconf 79' lang='lat' dir='ltr'><strong>augadauro</strong></span> <span class='ocrx_word' id='word_1_345' title='bbox 594 4313 796 4368; x_wconf 90' lang='lat' dir='ltr'><strong>neutr.;</strong></span> <span class='ocrx_word' id='word_1_346' title='bbox 830 4305 950 4357; x_wconf 76' lang='lat' dir='ltr'><strong>aula</strong></span> <span class='ocrx_word' id='word_1_347' title='bbox 1000 4306 1205 4369; x_wconf 65' lang='lat' dir='ltr'><strong>minus,</strong></span> <span class='ocrx_word' id='word_1_348' title='bbox 1260 4305 1515 4358; x_wconf 79' lang='lat' dir='ltr'><strong>conclave</strong></span> <span class='ocrx_word' id='word_1_349' title='bbox 1573 4306 1748 4357; x_wconf 71' lang='lat' dir='ltr'><strong>ubizua</strong></span> <span class='ocrx_word' id='word_1_350' title='bbox 1770 4315 1824 4358; x_wconf 92' lang='lat' dir='ltr'><strong>et</strong></span> 
     </span>
    </p>
   </div>
   <div class='ocr_carea' id='block_1_45' title="bbox 237 4391 1820 4468">
    <p class='ocr_par' dir='ltr' id='par_1_45' title="bbox 237 4391 1820 4468">
     <span class='ocr_line' id='line_1_45' title="bbox 237 4391 1820 4468; baseline 0.003 -23"><span class='ocrx_word' id='word_1_351' title='bbox 237 4391 489 4446; x_wconf 86' lang='lat' dir='ltr'><strong>cubicule</strong></span> <span class='ocrx_word' id='word_1_352' title='bbox 517 4393 684 4464; x_wconf 78' lang='lat' dir='ltr'><strong>Iteij</strong></span> <span class='ocrx_word' id='word_1_353' title='bbox 720 4394 844 4449; x_wconf 81' lang='lat' dir='ltr'><strong>l‘em.</strong></span> <span class='ocrx_word' id='word_1_354' title='bbox 869 4404 1016 4463; x_wconf 91' lang='lat' dir='ltr'><strong>sunt,</strong></span> <span class='ocrx_word' id='word_1_355' title='bbox 1057 4397 1390 4452; x_wconf 68' lang='lat' dir='ltr'><strong>caanaculum</strong></span> <span class='ocrx_word' id='word_1_356' title='bbox 1433 4397 1695 4468; x_wconf 70' lang='grc' dir='ltr'><strong>(ἀνώγεων)</strong></span> <span class='ocrx_word' id='word_1_357' title='bbox 1737 4397 1820 4450; x_wconf 85' lang='lat' dir='ltr'><strong>vel</strong></span> 
     </span>
    </p>
   </div>
   <div class='ocr_carea' id='block_1_46' title="bbox 237 4483 1816 4560">
    <p class='ocr_par' dir='ltr' id='par_1_46' title="bbox 237 4483 1816 4560">
     <span class='ocr_line' id='line_1_46' title="bbox 237 4483 1816 4560; baseline 0 -22"><span class='ocrx_word' id='word_1_358' title='bbox 237 4485 404 4539; x_wconf 89' lang='lat' dir='ltr'><strong>turris</strong></span> <span class='ocrx_word' id='word_1_359' title='bbox 452 4483 872 4560; x_wconf 66' lang='grc' dir='ltr'><strong>(πύργοςμωιὲιςη</strong></span> <span class='ocrx_word' id='word_1_360' title='bbox 889 4497 1065 4542; x_wconf 87' lang='lat' dir='ltr'><strong>neutr.</strong></span> <span class='ocrx_word' id='word_1_361' title='bbox 1097 4496 1198 4543; x_wconf 85' lang='lat' dir='ltr'><strong>est.</strong></span> <span class='ocrx_word' id='word_1_362' title='bbox 1231 4486 1553 4542; x_wconf 81' lang='lat' dir='ltr'><strong>Secundaria</strong></span> <span class='ocrx_word' id='word_1_363' title='bbox 1574 4487 1816 4540; x_wconf 81' lang='lat' dir='ltr'><strong>a-dillcia:</strong></span> 
     </span>
    </p>
   </div>
   <div class='ocr_carea' id='block_1_47' title="bbox 234 4573 1822 4648">
    <p class='ocr_par' dir='ltr' id='par_1_47' title="bbox 234 4573 1822 4648">
     <span class='ocr_line' id='line_1_47' title="bbox 234 4573 1822 4648; baseline 0.003 -20"><span class='ocrx_word' id='word_1_364' title='bbox 234 4577 494 4629; x_wconf 84' lang='lat' dir='ltr'><strong>horreum</strong></span> <span class='ocrx_word' id='word_1_365' title='bbox 521 4575 692 4629; x_wconf 67' lang='lat' dir='ltr'><strong>tranat:</strong></span> <span class='ocrx_word' id='word_1_366' title='bbox 721 4591 914 4639; x_wconf 84' lang='lat' dir='ltr'><strong>masc.,</strong></span> <span class='ocrx_word' id='word_1_367' title='bbox 945 4593 1070 4633; x_wconf 88' lang='lat' dir='ltr'><strong>area</strong></span> <span class='ocrx_word' id='word_1_368' title='bbox 1091 4573 1094 4576; x_wconf 66' lang='grc'><strong>’</strong></span> <span class='ocrx_word' id='word_1_369' title='bbox 1113 4577 1344 4648; x_wconf 70' lang='grc' dir='ltr'><strong>ςαρναιις</strong></span> <span class='ocrx_word' id='word_1_370' title='bbox 1391 4586 1564 4630; x_wconf 78' lang='lat' dir='ltr'><strong>neutr.</strong></span> <span class='ocrx_word' id='word_1_371' title='bbox 1595 4594 1610 4643; x_wconf 89' lang='lat'><strong>;</strong></span> <span class='ocrx_word' id='word_1_372' title='bbox 1642 4576 1822 4632; x_wconf 82' lang='lat' dir='ltr'><strong>stabu-</strong></span> 
     </span>
    </p>
   </div>
   <div class='ocr_carea' id='block_1_48' title="bbox 233 4665 1818 4736">
    <p class='ocr_par' dir='ltr' id='par_1_48' title="bbox 233 4665 1818 4736">
     <span class='ocr_line' id='line_1_48' title="bbox 233 4665 1818 4736; baseline 0.001 -16"><span class='ocrx_word' id='word_1_373' title='bbox 233 4665 354 4720; x_wconf 82' lang='lat' dir='ltr'><strong>lum</strong></span> <span class='ocrx_word' id='word_1_374' title='bbox 372 4667 537 4734; x_wconf 86' lang='lat' dir='ltr'><strong>garda</strong></span> <span class='ocrx_word' id='word_1_375' title='bbox 583 4682 749 4721; x_wconf 87' lang='lat' dir='ltr'><strong>masc.</strong></span> <span class='ocrx_word' id='word_1_376' title='bbox 779 4679 832 4722; x_wconf 89' lang='lat' dir='ltr'><strong>et</strong></span> <span class='ocrx_word' id='word_1_377' title='bbox 877 4671 1220 4736; x_wconf 82' lang='lat' dir='ltr'><strong>peculiariter</strong></span> <span class='ocrx_word' id='word_1_378' title='bbox 1250 4669 1388 4722; x_wconf 80' lang='lat' dir='ltr'><strong>ovile</strong></span> <span class='ocrx_word' id='word_1_379' title='bbox 1414 4669 1574 4721; x_wconf 74' lang='lat' dir='ltr'><strong>auistr</strong></span> <span class='ocrx_word' id='word_1_380' title='bbox 1596 4678 1771 4722; x_wconf 91' lang='lat' dir='ltr'><strong>neutr.</strong></span> <span class='ocrx_word' id='word_1_381' title='bbox 1801 4685 1818 4730; x_wconf 85' lang='lat'><strong>;</strong></span> 
     </span>
    </p>
   </div>
   <div class='ocr_carea' id='block_1_49' title="bbox 235 4756 1820 4831">
    <p class='ocr_par' dir='ltr' id='par_1_49' title="bbox 235 4756 1820 4831">
     <span class='ocr_line' id='line_1_49' title="bbox 235 4756 1820 4831; baseline 0.003 -23"><span class='ocrx_word' id='word_1_382' title='bbox 235 4756 550 4809; x_wconf 69' lang='lat' dir='ltr'><strong>molesti-ina</strong></span> <span class='ocrx_word' id='word_1_383' title='bbox 583 4758 794 4826; x_wconf 73' lang='lat' dir='ltr'><strong>quintus</strong></span> <span class='ocrx_word' id='word_1_384' title='bbox 823 4773 992 4812; x_wconf 89' lang='lat' dir='ltr'><strong>masc.</strong></span> <span class='ocrx_word' id='word_1_385' title='bbox 1026 4757 1200 4812; x_wconf 67' lang='lat' dir='ltr'><strong>Graec.</strong></span> <span class='ocrx_word' id='word_1_386' title='bbox 1222 4759 1378 4831; x_wconf 69' lang='grc' dir='ltr'><strong>ἀγρός</strong></span> <span class='ocrx_word' id='word_1_387' title='bbox 1405 4757 1620 4812; x_wconf 86' lang='lat' dir='ltr'><strong>diverso</strong></span> <span class='ocrx_word' id='word_1_388' title='bbox 1659 4761 1820 4812; x_wconf 87' lang='lat' dir='ltr'><strong>modo</strong></span> 
     </span>
    </p>
   </div>
   <div class='ocr_carea' id='block_1_50' title="bbox 232 4848 1818 4919">
    <p class='ocr_par' dir='ltr' id='par_1_50' title="bbox 232 4848 1818 4919">
     <span class='ocr_line' id='line_1_50' title="bbox 232 4848 1818 4919; baseline 0.001 -19"><span class='ocrx_word' id='word_1_389' title='bbox 232 4848 450 4915; x_wconf 79' lang='lat' dir='ltr'><strong>gotbice</strong></span> <span class='ocrx_word' id='word_1_390' title='bbox 474 4849 701 4904; x_wconf 77' lang='lat' dir='ltr'><strong>vertitur</strong></span> <span class='ocrx_word' id='word_1_391' title='bbox 741 4866 755 4902; x_wconf 91' lang='lat'><strong>:</strong></span> <span class='ocrx_word' id='word_1_392' title='bbox 788 4864 1040 4918; x_wconf 91' lang='lat' dir='ltr'><strong>campus,</strong></span> <span class='ocrx_word' id='word_1_393' title='bbox 1092 4865 1219 4919; x_wconf 84' lang='lat' dir='ltr'><strong>ager</strong></span> <span class='ocrx_word' id='word_1_394' title='bbox 1245 4850 1398 4919; x_wconf 75' lang='grc' dir='ltr'><strong>1ιαὶῥὶ</strong></span> <span class='ocrx_word' id='word_1_395' title='bbox 1446 4850 1570 4903; x_wconf 80' lang='lat' dir='ltr'><strong>lem.</strong></span> <span class='ocrx_word' id='word_1_396' title='bbox 1603 4865 1697 4919; x_wconf 88' lang='lat' dir='ltr'><strong>per</strong></span> <span class='ocrx_word' id='word_1_397' title='bbox 1725 4865 1818 4918; x_wconf 78' lang='lat' dir='ltr'><strong>op-</strong></span> 
     </span>
    </p>
   </div>
   <div class='ocr_carea' id='block_1_51' title="bbox 235 4942 1817 5014">
    <p class='ocr_par' dir='ltr' id='par_1_51' title="bbox 235 4942 1817 5014">
     <span class='ocr_line' id='line_1_51' title="bbox 235 4942 1817 5014; baseline 0.005 -25"><span class='ocrx_word' id='word_1_398' title='bbox 235 4942 556 5010; x_wconf 85' lang='lat' dir='ltr'><strong>positioncm</strong></span> <span class='ocrx_word' id='word_1_399' title='bbox 583 4944 650 4996; x_wconf 85' lang='lat' dir='ltr'><strong>ad</strong></span> <span class='ocrx_word' id='word_1_400' title='bbox 698 4944 916 5008; x_wconf 86' lang='lat' dir='ltr'><strong>urbem;</strong></span> <span class='ocrx_word' id='word_1_401' title='bbox 963 4943 1222 5014; x_wconf 66' lang='lat' dir='ltr'><strong>Itat&#39;ntoplt&#39;</strong></span> <span class='ocrx_word' id='word_1_402' title='bbox 1250 4951 1427 4998; x_wconf 87' lang='lat' dir='ltr'><strong>neutr.</strong></span> <span class='ocrx_word' id='word_1_403' title='bbox 1461 4959 1510 4996; x_wconf 84' lang='grc' dir='ltr'><strong>η’</strong></span> <span class='ocrx_word' id='word_1_404' title='bbox 1551 4943 1817 5012; x_wconf 70' lang='lat' dir='ltr'><strong>olijectttm</strong></span> 
     </span>
    </p>
   </div>
   <div class='ocr_carea' id='block_1_52' title="bbox 235 5033 1814 5104">
    <p class='ocr_par' dir='ltr' id='par_1_52' title="bbox 235 5033 1814 5104">
     <span class='ocr_line' id='line_1_52' title="bbox 235 5033 1814 5104; baseline 0.001 -19"><span class='ocrx_word' id='word_1_405' title='bbox 235 5035 596 5104; x_wconf 81' lang='lat' dir='ltr'><strong>possessionis</strong></span> <span class='ocrx_word' id='word_1_406' title='bbox 624 5075 638 5097; x_wconf 86' lang='lat'><strong>,</strong></span> <span class='ocrx_word' id='word_1_407' title='bbox 667 5033 792 5088; x_wconf 64' lang='grc' dir='ltr'><strong>αὔρη</strong></span> <span class='ocrx_word' id='word_1_408' title='bbox 836 5050 1003 5089; x_wconf 81' lang='lat' dir='ltr'><strong>nttsc.</strong></span> <span class='ocrx_word' id='word_1_409' title='bbox 1056 5035 1275 5089; x_wconf 87' lang='lat' dir='ltr'><strong>relative</strong></span> <span class='ocrx_word' id='word_1_410' title='bbox 1296 5035 1363 5087; x_wconf 88' lang='lat' dir='ltr'><strong>ad</strong></span> <span class='ocrx_word' id='word_1_411' title='bbox 1393 5037 1512 5101; x_wconf 86' lang='lat' dir='ltr'><strong>ejus</strong></span> <span class='ocrx_word' id='word_1_412' title='bbox 1551 5047 1772 5101; x_wconf 62' lang='lat' dir='ltr'><strong>scopum</strong></span> <span class='ocrx_word' id='word_1_413' title='bbox 1800 5077 1814 5101; x_wconf 87' lang='lat'><strong>,</strong></span> 
     </span>
    </p>
   </div>
   <div class='ocr_carea' id='block_1_53' title="bbox 231 5123 1820 5200">
    <p class='ocr_par' dir='ltr' id='par_1_53' title="bbox 231 5123 1820 5200">
     <span class='ocr_line' id='line_1_53' title="bbox 231 5123 1820 5200; baseline 0.001 -24"><span class='ocrx_word' id='word_1_414' title='bbox 231 5123 388 5177; x_wconf 73' lang='lat' dir='ltr'><strong>atiskr</strong></span> <span class='ocrx_word' id='word_1_415' title='bbox 413 5139 579 5177; x_wconf 85' lang='lat' dir='ltr'><strong>masc.</strong></span> <span class='ocrx_word' id='word_1_416' title='bbox 608 5127 687 5178; x_wconf 84' lang='lat' dir='ltr'><strong>vel</strong></span> <span class='ocrx_word' id='word_1_417' title='bbox 719 5125 851 5178; x_wconf 69' lang='lat' dir='ltr'><strong>atisk</strong></span> <span class='ocrx_word' id='word_1_418' title='bbox 881 5134 1057 5178; x_wconf 86' lang='lat' dir='ltr'><strong>neutr.</strong></span> <span class='ocrx_word' id='word_1_419' title='bbox 1094 5123 1390 5200; x_wconf 69' lang='lat' dir='ltr'><strong>praesertim</strong></span> <span class='ocrx_word' id='word_1_420' title='bbox 1435 5134 1646 5183; x_wconf 83' lang='lat' dir='ltr'><strong>sanun;</strong></span> <span class='ocrx_word' id='word_1_421' title='bbox 1695 5139 1820 5192; x_wconf 84' lang='lat' dir='ltr'><strong>pas-</strong></span> 
     </span>
    </p>
   </div>
   <div class='ocr_carea' id='block_1_54' title="bbox 235 5216 1818 5287">
    <p class='ocr_par' dir='ltr' id='par_1_54' title="bbox 235 5216 1818 5287">
     <span class='ocr_line' id='line_1_54' title="bbox 235 5216 1818 5287; baseline 0.001 -19"><span class='ocrx_word' id='word_1_422' title='bbox 235 5217 565 5287; x_wconf 15' lang='lat' dir='ltr'><strong>cunmsvinja</strong></span> <span class='ocrx_word' id='word_1_423' title='bbox 602 5225 687 5272; x_wconf 75' lang='lat' dir='ltr'><strong>est</strong></span> <span class='ocrx_word' id='word_1_424' title='bbox 733 5216 888 5284; x_wconf 78' lang='lat' dir='ltr'><strong>fem.,</strong></span> <span class='ocrx_word' id='word_1_425' title='bbox 940 5217 1126 5271; x_wconf 84' lang='lat' dir='ltr'><strong>hortus</strong></span> <span class='ocrx_word' id='word_1_426' title='bbox 1171 5225 1346 5270; x_wconf 87' lang='lat' dir='ltr'><strong>autem</strong></span> <span class='ocrx_word' id='word_1_427' title='bbox 1375 5233 1502 5285; x_wconf 66' lang='grc' dir='ltr'><em>ταας</em></span> <span class='ocrx_word' id='word_1_428' title='bbox 1526 5225 1700 5270; x_wconf 88' lang='lat' dir='ltr'><strong>neutr.</strong></span> <span class='ocrx_word' id='word_1_429' title='bbox 1732 5216 1818 5270; x_wconf 82' lang='lat' dir='ltr'><strong>vel</strong></span> 
     </span>
    </p>
   </div>
   <div class='ocr_carea' id='block_1_55' title="bbox 235 5309 1816 5379">
    <p class='ocr_par' dir='ltr' id='par_1_55' title="bbox 235 5309 1816 5379">
     <span class='ocr_line' id='line_1_55' title="bbox 235 5309 1816 5379; baseline 0.002 -18"><span class='ocrx_word' id='word_1_430' title='bbox 235 5325 388 5378; x_wconf 74' lang='lat' dir='ltr'><strong>raggs</strong></span> <span class='ocrx_word' id='word_1_431' title='bbox 417 5323 580 5363; x_wconf 87' lang='lat' dir='ltr'><strong>masc.</strong></span> <span class='ocrx_word' id='word_1_432' title='bbox 605 5325 620 5374; x_wconf 95' lang='lat'><strong>;</strong></span> <span class='ocrx_word' id='word_1_433' title='bbox 648 5310 846 5364; x_wconf 88' lang='lat' dir='ltr'><strong>oletum</strong></span> <span class='ocrx_word' id='word_1_434' title='bbox 869 5310 1161 5377; x_wconf 64' lang='grc' dir='ltr'><strong>πατῆσαι-111</strong></span> <span class='ocrx_word' id='word_1_435' title='bbox 1183 5318 1242 5364; x_wconf 86' lang='lat' dir='ltr'><strong>et</strong></span> <span class='ocrx_word' id='word_1_436' title='bbox 1261 5310 1496 5364; x_wconf 88' lang='lat' dir='ltr'><strong>vinetum</strong></span> <span class='ocrx_word' id='word_1_437' title='bbox 1519 5309 1816 5379; x_wconf 76' lang='lat' dir='ltr'><strong>veinagards</strong></span> 
     </span>
    </p>
   </div>
   <div class='ocr_carea' id='block_1_56' title="bbox 235 5401 1814 5472">
    <p class='ocr_par' dir='ltr' id='par_1_56' title="bbox 235 5401 1814 5472">
     <span class='ocr_line' id='line_1_56' title="bbox 235 5401 1814 5472; baseline 0.003 -22"><span class='ocrx_word' id='word_1_438' title='bbox 235 5415 382 5454; x_wconf 87' lang='lat' dir='ltr'><strong>masc</strong></span> <span class='ocrx_word' id='word_1_439' title='bbox 409 5441 426 5466; x_wconf 89' lang='lat'><strong>,</strong></span> <span class='ocrx_word' id='word_1_440' title='bbox 450 5416 607 5470; x_wconf 65' lang='lat' dir='ltr'><strong>St&#39;pes</strong></span> <span class='ocrx_word' id='word_1_441' title='bbox 635 5401 791 5472; x_wconf 74' lang='lat' dir='ltr'><strong>faba,</strong></span> <span class='ocrx_word' id='word_1_442' title='bbox 825 5401 967 5455; x_wconf 68' lang='lat' dir='ltr'><strong>{casa</strong></span> <span class='ocrx_word' id='word_1_443' title='bbox 999 5402 1159 5471; x_wconf 82' lang='lat' dir='ltr'><strong>graba</strong></span> <span class='ocrx_word' id='word_1_444' title='bbox 1186 5409 1252 5455; x_wconf 73' lang='lat' dir='ltr'><strong>et</strong></span> <span class='ocrx_word' id='word_1_445' title='bbox 1287 5401 1445 5472; x_wconf 85' lang='lat' dir='ltr'><strong>groba</strong></span> <span class='ocrx_word' id='word_1_446' title='bbox 1487 5401 1614 5456; x_wconf 78' lang='lat' dir='ltr'><strong>lem.</strong></span> <span class='ocrx_word' id='word_1_447' title='bbox 1667 5409 1814 5455; x_wconf 87' lang='lat' dir='ltr'><strong>sunt.</strong></span> 
     </span>
    </p>
   </div>
   <div class='ocr_carea' id='block_1_57' title="bbox 237 5490 1814 5564">
    <p class='ocr_par' dir='ltr' id='par_1_57' title="bbox 237 5490 1814 5564">
     <span class='ocr_line' id='line_1_57' title="bbox 237 5490 1814 5564; baseline 0.003 -23"><span class='ocrx_word' id='word_1_448' title='bbox 237 5490 395 5542; x_wconf 77' lang='lat' dir='ltr'><strong>Extra</strong></span> <span class='ocrx_word' id='word_1_449' title='bbox 427 5491 642 5544; x_wconf 83' lang='lat' dir='ltr'><strong>domum</strong></span> <span class='ocrx_word' id='word_1_450' title='bbox 680 5511 693 5544; x_wconf 90' lang='lat'><strong>:</strong></span> <span class='ocrx_word' id='word_1_451' title='bbox 723 5493 895 5560; x_wconf 82' lang='lat' dir='ltr'><strong>pl..tea</strong></span> <span class='ocrx_word' id='word_1_452' title='bbox 927 5493 1231 5564; x_wconf 79' lang='lat' dir='ltr'><strong>fauradauri</strong></span> <span class='ocrx_word' id='word_1_453' title='bbox 1258 5501 1453 5557; x_wconf 91' lang='lat' dir='ltr'><strong>neutr.,</strong></span> <span class='ocrx_word' id='word_1_454' title='bbox 1488 5491 1630 5561; x_wconf 88' lang='lat' dir='ltr'><strong>quod</strong></span> <span class='ocrx_word' id='word_1_455' title='bbox 1653 5491 1814 5546; x_wconf 87' lang='lat' dir='ltr'><strong>etiam</strong></span> 
     </span>
    </p>
   </div>
   <div class='ocr_carea' id='block_1_58' title="bbox 238 5579 1812 5658">
    <p class='ocr_par' dir='ltr' id='par_1_58' title="bbox 238 5579 1812 5658">
     <span class='ocr_line' id='line_1_58' title="bbox 238 5579 1812 5658; baseline 0.004 -27"><span class='ocrx_word' id='word_1_456' title='bbox 238 5579 370 5658; x_wconf 64' lang='lat' dir='ltr'><strong>riam</strong></span> <span class='ocrx_word' id='word_1_457' title='bbox 394 5583 639 5652; x_wconf 73' lang='lat' dir='ltr'><strong>designat</strong></span> <span class='ocrx_word' id='word_1_458' title='bbox 660 5623 676 5646; x_wconf 89' lang='lat'><strong>,</strong></span> <span class='ocrx_word' id='word_1_459' title='bbox 707 5585 838 5639; x_wconf 88' lang='lat' dir='ltr'><strong>alias</strong></span> <span class='ocrx_word' id='word_1_460' title='bbox 890 5602 1050 5656; x_wconf 78' lang='lat' dir='ltr'><strong>gaggs</strong></span> <span class='ocrx_word' id='word_1_461' title='bbox 1080 5600 1244 5640; x_wconf 83' lang='lat' dir='ltr'><strong>masc.</strong></span> <span class='ocrx_word' id='word_1_462' title='bbox 1296 5585 1360 5652; x_wconf 68' lang='grc' dir='ltr'><strong>(ἲ</strong></span> <span class='ocrx_word' id='word_1_463' title='bbox 1411 5603 1543 5655; x_wconf 81' lang='lat' dir='ltr'><strong>gagg</strong></span> <span class='ocrx_word' id='word_1_464' title='bbox 1566 5583 1769 5654; x_wconf 86' lang='lat' dir='ltr'><strong>neutr.)</strong></span> <span class='ocrx_word' id='word_1_465' title='bbox 1795 5624 1812 5650; x_wconf 93' lang='lat'><strong>,</strong></span> 
     </span>
    </p>
   </div>
   <div class='ocr_carea' id='block_1_59' title="bbox 229 5672 1812 5747">
    <p class='ocr_par' dir='ltr' id='par_1_59' title="bbox 229 5672 1812 5747">
     <span class='ocr_line' id='line_1_59' title="bbox 229 5672 1812 5747; baseline 0.004 -22"><span class='ocrx_word' id='word_1_466' title='bbox 229 5672 414 5743; x_wconf 62' lang='lat' dir='ltr'><strong>plapjrt</strong></span> <span class='ocrx_word' id='word_1_467' title='bbox 438 5684 493 5730; x_wconf 92' lang='lat' dir='ltr'><strong>et</strong></span> <span class='ocrx_word' id='word_1_468' title='bbox 517 5683 664 5746; x_wconf 64' lang='grc' dir='ltr'><strong>ρδθυο</strong></span> <span class='ocrx_word' id='word_1_469' title='bbox 693 5673 844 5739; x_wconf 85' lang='lat' dir='ltr'><strong>lem.;</strong></span> <span class='ocrx_word' id='word_1_470' title='bbox 875 5676 1171 5745; x_wconf 89' lang='lat' dir='ltr'><strong>emporium</strong></span> <span class='ocrx_word' id='word_1_471' title='bbox 1198 5675 1374 5747; x_wconf 70' lang='lat' dir='ltr'><strong>maplr</strong></span> <span class='ocrx_word' id='word_1_472' title='bbox 1401 5691 1564 5731; x_wconf 83' lang='lat' dir='ltr'><strong>masc.</strong></span> <span class='ocrx_word' id='word_1_473' title='bbox 1591 5684 1695 5731; x_wconf 87' lang='lat' dir='ltr'><strong>est.</strong></span> <span class='ocrx_word' id='word_1_474' title='bbox 1723 5675 1812 5732; x_wconf 87' lang='lat' dir='ltr'><strong>Se-</strong></span> 
     </span>
    </p>
   </div>
   <div class='ocr_carea' id='block_1_60' title="bbox 639 5783 1172 5849">
    <p class='ocr_par' dir='ltr' id='par_1_60' title="bbox 639 5783 1172 5849">
     <span class='ocr_line' id='line_1_60' title="bbox 639 5783 1172 5849; baseline 0.006 -6"><span class='ocrx_word' id='word_1_475' title='bbox 639 5787 912 5847; x_wconf 77' lang='grc' dir='ltr'><strong>ΡΑτιιοι.</strong></span> <span class='ocrx_word' id='word_1_476' title='bbox 945 5783 1172 5849; x_wconf 76' lang='lat' dir='ltr'><strong>XVIII.</strong></span> 
     </span>
    </p>
   </div>
   <div class='ocr_carea' id='block_1_61' title="bbox 1704 272 2122 334">
    <p class='ocr_par' dir='ltr' id='par_1_61' title="bbox 1704 272 2122 334">
     <span class='ocr_line' id='line_1_61' title="bbox 1704 272 2122 334; baseline 0.014 -6"><span class='ocrx_word' id='word_1_477' title='bbox 1704 272 1798 330; x_wconf 71' lang='lat' dir='ltr'><strong>‘DE</strong></span> <span class='ocrx_word' id='word_1_478' title='bbox 1839 275 1975 334; x_wconf 65' lang='lat' dir='ltr'><strong>N0.“</strong></span> <span class='ocrx_word' id='word_1_479' title='bbox 1988 277 2122 334; x_wconf 77' lang='lat' dir='ltr'><strong>INE.</strong></span> 
     </span>
    </p>
   </div>
   <div class='ocr_carea' id='block_1_62' title="bbox 3368 295 3506 352">
    <p class='ocr_par' dir='ltr' id='par_1_62' title="bbox 3368 295 3506 352">
     <span class='ocr_line' id='line_1_62' title="bbox 3368 295 3506 352; baseline 0.014 -3"><span class='ocrx_word' id='word_1_480' title='bbox 3368 295 3506 352; x_wconf 67' lang='grc' dir='ltr'><strong>1οΜ</strong></span> 
     </span>
    </p>
   </div>
   <div class='ocr_carea' id='block_1_63' title="bbox 1932 387 3497 466">
    <p class='ocr_par' dir='ltr' id='par_1_63' title="bbox 1932 387 3497 466">
     <span class='ocr_line' id='line_1_63' title="bbox 1932 387 3497 466; baseline 0.014 -29"><span class='ocrx_word' id='word_1_481' title='bbox 1932 387 2229 454; x_wconf 89' lang='lat' dir='ltr'><strong>pttlcretttm</strong></span> <span class='ocrx_word' id='word_1_482' title='bbox 2265 388 2554 443; x_wconf 74' lang='lat' dir='ltr'><strong>litaivnsnas</strong></span> <span class='ocrx_word' id='word_1_483' title='bbox 2583 391 2718 460; x_wconf 86' lang='lat' dir='ltr'><strong>plur.</strong></span> <span class='ocrx_word' id='word_1_484' title='bbox 2783 393 2908 448; x_wconf 77' lang='lat' dir='ltr'><strong>fem.</strong></span> <span class='ocrx_word' id='word_1_485' title='bbox 2929 436 2943 461; x_wconf 93' lang='lat'><strong>,</strong></span> <span class='ocrx_word' id='word_1_486' title='bbox 2988 399 3292 466; x_wconf 83' lang='lat' dir='ltr'><strong>sepulcrum</strong></span> <span class='ocrx_word' id='word_1_487' title='bbox 3321 416 3497 459; x_wconf 71' lang='lat' dir='ltr'><strong>autent</strong></span> 
     </span>
    </p>
   </div>
   <div class='ocr_carea' id='block_1_64' title="bbox 1923 477 2746 538">
    <p class='ocr_par' dir='ltr' id='par_1_64' title="bbox 1923 477 2746 538">
     <span class='ocr_line' id='line_1_64' title="bbox 1923 477 2746 538; baseline 0.015 -12"><span class='ocrx_word' id='word_1_488' title='bbox 1923 477 2108 530; x_wconf 79' lang='lat' dir='ltr'><strong>auralu‘</strong></span> <span class='ocrx_word' id='word_1_489' title='bbox 2133 479 2260 531; x_wconf 83' lang='lat' dir='ltr'><strong>lem.</strong></span> <span class='ocrx_word' id='word_1_490' title='bbox 2292 478 2374 532; x_wconf 92' lang='lat' dir='ltr'><strong>vel</strong></span> <span class='ocrx_word' id='word_1_491' title='bbox 2407 479 2541 533; x_wconf 76' lang='lat' dir='ltr'><strong>Itlaiv</strong></span> <span class='ocrx_word' id='word_1_492' title='bbox 2571 495 2746 538; x_wconf 90' lang='lat' dir='ltr'><strong>neutr.</strong></span> 
     </span>
    </p>
   </div>
   <div class='ocr_carea' id='block_1_65' title="bbox 2002 565 3507 654">
    <p class='ocr_par' dir='ltr' id='par_1_65' title="bbox 2002 565 3507 654">
     <span class='ocr_line' id='line_1_65' title="bbox 2002 565 3507 654; baseline 0.017 -41"><span class='ocrx_word' id='word_1_493' title='bbox 2002 584 2019 613; x_wconf 76' lang='lat' dir='ltr'><strong>r</strong></span> <span class='ocrx_word' id='word_1_494' title='bbox 2055 566 2106 635; x_wconf 84' lang='lat' dir='ltr'><strong>b)</strong></span> <span class='ocrx_word' id='word_1_495' title='bbox 2172 565 2478 621; x_wconf 80' lang='lat' dir='ltr'><strong>Vestimenta</strong></span> <span class='ocrx_word' id='word_1_496' title='bbox 2530 569 2814 642; x_wconf 75' lang='lat' dir='ltr'><strong>(gavaaeins</strong></span> <span class='ocrx_word' id='word_1_497' title='bbox 2869 575 2948 629; x_wconf 83' lang='lat' dir='ltr'><strong>vel</strong></span> <span class='ocrx_word' id='word_1_498' title='bbox 2991 581 3179 649; x_wconf 77' lang='lat' dir='ltr'><strong>uastjos</strong></span> <span class='ocrx_word' id='word_1_499' title='bbox 3224 590 3507 654; x_wconf 84' lang='lat' dir='ltr'><strong>utrumque</strong></span> 
     </span>
    </p>
   </div>
   <div class='ocr_carea' id='block_1_66' title="bbox 1925 653 3507 729">
    <p class='ocr_par' dir='ltr' id='par_1_66' title="bbox 1925 653 3507 729">
     <span class='ocr_line' id='line_1_66' title="bbox 1925 653 3507 729; baseline 0.013 -23"><span class='ocrx_word' id='word_1_500' title='bbox 1925 653 2076 720; x_wconf 80' lang='lat' dir='ltr'><strong>fctn.,</strong></span> <span class='ocrx_word' id='word_1_501' title='bbox 2106 659 2574 725; x_wconf 78' lang='lat' dir='ltr'><strong>posterittsautcnt</strong></span> <span class='ocrx_word' id='word_1_502' title='bbox 2602 663 2760 729; x_wconf 82' lang='lat' dir='ltr'><strong>plur.)</strong></span> <span class='ocrx_word' id='word_1_503' title='bbox 2794 665 3148 722; x_wconf 79' lang='lat' dir='ltr'><strong>conﬁciuntur</strong></span> <span class='ocrx_word' id='word_1_504' title='bbox 3173 685 3237 726; x_wconf 75' lang='lat' dir='ltr'><strong>ex</strong></span> <span class='ocrx_word' id='word_1_505' title='bbox 3263 671 3375 728; x_wconf 86' lang='lat' dir='ltr'><strong>lino</strong></span> <span class='ocrx_word' id='word_1_506' title='bbox 3405 653 3507 729; x_wconf 59' lang='lat' dir='ltr'><strong>lein</strong></span> 
     </span>
    </p>
   </div>
   <div class='ocr_carea' id='block_1_67' title="bbox 1927 751 3502 829">
    <p class='ocr_par' dir='ltr' id='par_1_67' title="bbox 1927 751 3502 829">
     <span class='ocr_line' id='line_1_67' title="bbox 1927 751 3502 829; baseline 0.013 -30"><span class='ocrx_word' id='word_1_507' title='bbox 1927 758 2128 812; x_wconf 59' lang='lat' dir='ltr'><strong>tientia;</strong></span> <span class='ocrx_word' id='word_1_508' title='bbox 2162 765 2368 817; x_wconf 88' lang='lat' dir='ltr'><strong>pannus</strong></span> <span class='ocrx_word' id='word_1_509' title='bbox 2395 751 2591 806; x_wconf 84' lang='lat' dir='ltr'><strong>dicitur</strong></span> <span class='ocrx_word' id='word_1_510' title='bbox 2619 755 2743 820; x_wconf 81' lang='lat' dir='ltr'><strong>{una</strong></span> <span class='ocrx_word' id='word_1_511' title='bbox 2792 772 2953 810; x_wconf 86' lang='lat' dir='ltr'><strong>masc.</strong></span> <span class='ocrx_word' id='word_1_512' title='bbox 3009 760 3092 813; x_wconf 78' lang='lat' dir='ltr'><strong>vel</strong></span> <span class='ocrx_word' id='word_1_513' title='bbox 3139 769 3273 829; x_wconf 79' lang='lat' dir='ltr'><strong>plats</strong></span> <span class='ocrx_word' id='word_1_514' title='bbox 3328 775 3502 821; x_wconf 78' lang='lat' dir='ltr'><strong>neutr.</strong></span> 
     </span>
    </p>
   </div>
   <div class='ocr_carea' id='block_1_68' title="bbox 1929 838 3505 909">
    <p class='ocr_par' dir='ltr' id='par_1_68' title="bbox 1929 838 3505 909">
     <span class='ocr_line' id='line_1_68' title="bbox 1929 838 3505 909; baseline 0.011 -18"><span class='ocrx_word' id='word_1_515' title='bbox 1929 838 2130 892; x_wconf 76' lang='lat' dir='ltr'><strong>Nomen</strong></span> <span class='ocrx_word' id='word_1_516' title='bbox 2153 841 2459 908; x_wconf 79' lang='lat' dir='ltr'><strong>genericutn</strong></span> <span class='ocrx_word' id='word_1_517' title='bbox 2487 844 2924 900; x_wconf 70' lang='lat' dir='ltr'><strong>vestimentorum</strong></span> <span class='ocrx_word' id='word_1_518' title='bbox 2952 859 3066 904; x_wconf 83' lang='lat' dir='ltr'><strong>erat</strong></span> <span class='ocrx_word' id='word_1_519' title='bbox 3095 853 3224 904; x_wconf 75' lang='lat' dir='ltr'><strong>vasti</strong></span> <span class='ocrx_word' id='word_1_520' title='bbox 3256 853 3380 908; x_wconf 74' lang='lat' dir='ltr'><strong>lem.</strong></span> <span class='ocrx_word' id='word_1_521' title='bbox 3411 857 3505 909; x_wconf 85' lang='lat' dir='ltr'><strong>tri-</strong></span> 
     </span>
    </p>
   </div>
   <div class='ocr_carea' id='block_1_69' title="bbox 1925 928 3504 1008">
    <p class='ocr_par' dir='ltr' id='par_1_69' title="bbox 1925 928 3504 1008">
     <span class='ocr_line' id='line_1_69' title="bbox 1925 928 3504 1008; baseline 0.014 -32"><span class='ocrx_word' id='word_1_522' title='bbox 1925 928 2114 996; x_wconf 67' lang='lat' dir='ltr'><strong>plicem</strong></span> <span class='ocrx_word' id='word_1_523' title='bbox 2163 933 2393 996; x_wconf 81' lang='lat' dir='ltr'><strong>speciem</strong></span> <span class='ocrx_word' id='word_1_524' title='bbox 2443 935 2810 1001; x_wconf 84' lang='lat' dir='ltr'><strong>amplectens:</strong></span> <span class='ocrx_word' id='word_1_525' title='bbox 2845 945 2960 1008; x_wconf 83' lang='lat' dir='ltr'><strong>toga</strong></span> <span class='ocrx_word' id='word_1_526' title='bbox 2995 939 3142 1008; x_wconf 81' lang='lat' dir='ltr'><strong>(gall.</strong></span> <span class='ocrx_word' id='word_1_527' title='bbox 3180 942 3228 995; x_wconf 85' lang='lat' dir='ltr'><strong>te</strong></span> <span class='ocrx_word' id='word_1_528' title='bbox 3263 945 3504 1000; x_wconf 75' lang='lat' dir='ltr'><strong>t-éteutent</strong></span> 
     </span>
    </p>
   </div>
   <div class='ocr_carea' id='block_1_70' title="bbox 1923 1020 3501 1104">
    <p class='ocr_par' dir='ltr' id='par_1_70' title="bbox 1923 1020 3501 1104">
     <span class='ocr_line' id='line_1_70' title="bbox 1923 1020 3501 1104; baseline 0.014 -35"><span class='ocrx_word' id='word_1_529' title='bbox 1923 1021 1986 1071; x_wconf 83' lang='lat' dir='ltr'><strong>de</strong></span> <span class='ocrx_word' id='word_1_530' title='bbox 2030 1020 2262 1090; x_wconf 78' lang='lat' dir='ltr'><strong>dessous)</strong></span> <span class='ocrx_word' id='word_1_531' title='bbox 2309 1023 2466 1091; x_wconf 80' lang='lat' dir='ltr'><strong>paida</strong></span> <span class='ocrx_word' id='word_1_532' title='bbox 2496 1024 2622 1077; x_wconf 80' lang='lat' dir='ltr'><strong>l‘ent.</strong></span> <span class='ocrx_word' id='word_1_533' title='bbox 2669 1029 2986 1095; x_wconf 78' lang='lat' dir='ltr'><strong>(peregrina:</strong></span> <span class='ocrx_word' id='word_1_534' title='bbox 3015 1031 3282 1104; x_wconf 82' lang='lat' dir='ltr'><strong>originis),</strong></span> <span class='ocrx_word' id='word_1_535' title='bbox 3329 1039 3501 1091; x_wconf 83' lang='lat' dir='ltr'><strong>tunita</strong></span> 
     </span>
    </p>
   </div>
   <div class='ocr_carea' id='block_1_71' title="bbox 1925 1108 3502 1193">
    <p class='ocr_par' dir='ltr' id='par_1_71' title="bbox 1925 1108 3502 1193">
     <span class='ocr_line' id='line_1_71' title="bbox 1925 1108 3502 1193; baseline 0.015 -35"><span class='ocrx_word' id='word_1_536' title='bbox 1925 1108 2069 1175; x_wconf 82' lang='lat' dir='ltr'><strong>(gall.</strong></span> <span class='ocrx_word' id='word_1_537' title='bbox 2103 1109 2150 1161; x_wconf 78' lang='grc' dir='ltr'><em>ιε</em></span> <span class='ocrx_word' id='word_1_538' title='bbox 2177 1113 2416 1163; x_wconf 76' lang='lat' dir='ltr'><strong>uélemmt</strong></span> <span class='ocrx_word' id='word_1_539' title='bbox 2463 1112 2526 1164; x_wconf 81' lang='lat' dir='ltr'><strong>de</strong></span> <span class='ocrx_word' id='word_1_540' title='bbox 2570 1115 2766 1186; x_wconf 58' lang='lat' dir='ltr'><strong>destas)</strong></span> <span class='ocrx_word' id='word_1_541' title='bbox 2797 1134 2958 1188; x_wconf 72' lang='lat' dir='ltr'><strong>sanga</strong></span> <span class='ocrx_word' id='word_1_542' title='bbox 2999 1136 3163 1176; x_wconf 85' lang='lat' dir='ltr'><strong>masc.</strong></span> <span class='ocrx_word' id='word_1_543' title='bbox 3195 1133 3250 1177; x_wconf 91' lang='lat' dir='ltr'><strong>et</strong></span> <span class='ocrx_word' id='word_1_544' title='bbox 3285 1127 3502 1193; x_wconf 83' lang='lat' dir='ltr'><strong>pallium</strong></span> 
     </span>
    </p>
   </div>
   <div class='ocr_carea' id='block_1_72' title="bbox 1923 1201 3500 1289">
    <p class='ocr_par' dir='ltr' id='par_1_72' title="bbox 1923 1201 3500 1289">
     <span class='ocr_line' id='line_1_72' title="bbox 1923 1201 3500 1289; baseline 0.018 -38"><span class='ocrx_word' id='word_1_545' title='bbox 1923 1201 2105 1256; x_wconf 75' lang='lat' dir='ltr'><strong>ltakuls</strong></span> <span class='ocrx_word' id='word_1_546' title='bbox 2135 1220 2326 1269; x_wconf 89' lang='lat' dir='ltr'><strong>masc.;</strong></span> <span class='ocrx_word' id='word_1_547' title='bbox 2364 1219 2482 1275; x_wconf 81' lang='lat' dir='ltr'><strong>toga</strong></span> <span class='ocrx_word' id='word_1_548' title='bbox 2515 1209 2726 1279; x_wconf 81' lang='lat' dir='ltr'><strong>cingulo</strong></span> <span class='ocrx_word' id='word_1_549' title='bbox 2755 1215 2936 1281; x_wconf 78' lang='lat' dir='ltr'><strong>gairda</strong></span> <span class='ocrx_word' id='word_1_550' title='bbox 2966 1216 3089 1269; x_wconf 78' lang='lat' dir='ltr'><strong>l’em.</strong></span> <span class='ocrx_word' id='word_1_551' title='bbox 3129 1222 3457 1278; x_wconf 80' lang='lat' dir='ltr'><strong>retinebatur</strong></span> <span class='ocrx_word' id='word_1_552' title='bbox 3485 1243 3500 1289; x_wconf 92' lang='lat'><strong>;</strong></span> 
     </span>
    </p>
   </div>
   <div class='ocr_carea' id='block_1_73' title="bbox 1925 1296 3504 1378">
    <p class='ocr_par' dir='ltr' id='par_1_73' title="bbox 1925 1296 3504 1378">
     <span class='ocr_line' id='line_1_73' title="bbox 1925 1296 3504 1378; baseline 0.015 -33"><span class='ocrx_word' id='word_1_553' title='bbox 1925 1301 2059 1362; x_wconf 76' lang='lat' dir='ltr'><strong>toga:</strong></span> <span class='ocrx_word' id='word_1_554' title='bbox 2117 1296 2323 1350; x_wconf 84' lang='lat' dir='ltr'><strong>iimbria</strong></span> <span class='ocrx_word' id='word_1_555' title='bbox 2351 1298 2525 1353; x_wconf 64' lang='lat' dir='ltr'><strong>sicut;</strong></span> <span class='ocrx_word' id='word_1_556' title='bbox 2556 1317 2720 1357; x_wconf 88' lang='lat' dir='ltr'><strong>masc.</strong></span> <span class='ocrx_word' id='word_1_557' title='bbox 2776 1307 3006 1362; x_wconf 83' lang='lat' dir='ltr'><strong>l‘edibus</strong></span> <span class='ocrx_word' id='word_1_558' title='bbox 3035 1312 3353 1378; x_wconf 86' lang='lat' dir='ltr'><strong>aptabantur</strong></span> <span class='ocrx_word' id='word_1_559' title='bbox 3379 1331 3504 1370; x_wconf 82' lang='lat' dir='ltr'><strong>sau-</strong></span> 
     </span>
    </p>
   </div>
   <div class='ocr_carea' id='block_1_74' title="bbox 1923 1383 3502 1475">
    <p class='ocr_par' dir='ltr' id='par_1_74' title="bbox 1923 1383 3502 1475">
     <span class='ocr_line' id='line_1_74' title="bbox 1923 1383 3502 1475; baseline 0.016 -40"><span class='ocrx_word' id='word_1_560' title='bbox 1923 1383 2060 1437; x_wconf 85' lang='lat' dir='ltr'><strong>dalia</strong></span> <span class='ocrx_word' id='word_1_561' title='bbox 2086 1387 2251 1456; x_wconf 73' lang='lat' dir='ltr'><strong>stt/jus</strong></span> <span class='ocrx_word' id='word_1_562' title='bbox 2277 1389 2402 1441; x_wconf 71' lang='lat' dir='ltr'><strong>feni.</strong></span> <span class='ocrx_word' id='word_1_563' title='bbox 2431 1393 2572 1458; x_wconf 92' lang='lat' dir='ltr'><strong>plur.</strong></span> <span class='ocrx_word' id='word_1_564' title='bbox 2621 1405 2708 1445; x_wconf 87' lang='lat' dir='ltr'><strong>attt</strong></span> <span class='ocrx_word' id='word_1_565' title='bbox 2740 1396 3100 1453; x_wconf 79' lang='lat' dir='ltr'><strong>calceatnenta</strong></span> <span class='ocrx_word' id='word_1_566' title='bbox 3132 1401 3257 1456; x_wconf 77' lang='lat' dir='ltr'><strong>skolt</strong></span> <span class='ocrx_word' id='word_1_567' title='bbox 3285 1405 3368 1460; x_wconf 84' lang='lat' dir='ltr'><strong>vel</strong></span> <span class='ocrx_word' id='word_1_568' title='bbox 3410 1427 3502 1475; x_wconf 84' lang='lat' dir='ltr'><strong>gu-</strong></span> 
     </span>
    </p>
   </div>
   <div class='ocr_carea' id='block_1_75' title="bbox 1921 1473 3503 1562">
    <p class='ocr_par' dir='ltr' id='par_1_75' title="bbox 1921 1473 3503 1562">
     <span class='ocr_line' id='line_1_75' title="bbox 1921 1473 3503 1562; baseline 0.016 -38"><span class='ocrx_word' id='word_1_569' title='bbox 1921 1473 2046 1526; x_wconf 75' lang='lat' dir='ltr'><strong>skolz</strong></span> <span class='ocrx_word' id='word_1_570' title='bbox 2079 1487 2252 1530; x_wconf 82' lang='lat' dir='ltr'><strong>neutr.</strong></span> <span class='ocrx_word' id='word_1_571' title='bbox 2284 1482 2298 1543; x_wconf 94' lang='lat'><strong>(</strong></span> <span class='ocrx_word' id='word_1_572' title='bbox 2319 1480 2340 1532; x_wconf 85' lang='lat'><strong>?</strong></span> <span class='ocrx_word' id='word_1_573' title='bbox 2366 1479 2518 1534; x_wconf 66' lang='lat' dir='ltr'><strong>alto/ts</strong></span> <span class='ocrx_word' id='word_1_574' title='bbox 2547 1484 2765 1555; x_wconf 85' lang='lat' dir='ltr'><strong>masc.),</strong></span> <span class='ocrx_word' id='word_1_575' title='bbox 2786 1503 2906 1555; x_wconf 70' lang='lat' dir='ltr'><strong>qua:</strong></span> <span class='ocrx_word' id='word_1_576' title='bbox 2927 1492 3172 1560; x_wconf 81' lang='lat' dir='ltr'><strong>corrigiis</strong></span> <span class='ocrx_word' id='word_1_577' title='bbox 3195 1473 3503 1562; x_wconf 63' lang='lat' dir='ltr'><strong>skaudaruip</strong></span> 
     </span>
    </p>
   </div>
   <div class='ocr_carea' id='block_1_76' title="bbox 1927 1567 3502 1644">
    <p class='ocr_par' dir='ltr' id='par_1_76' title="bbox 1927 1567 3502 1644">
     <span class='ocr_line' id='line_1_76' title="bbox 1927 1567 3502 1644; baseline 0.019 -30"><span class='ocrx_word' id='word_1_578' title='bbox 1927 1574 2100 1617; x_wconf 81' lang='lat' dir='ltr'><strong>neutr.</strong></span> <span class='ocrx_word' id='word_1_579' title='bbox 2143 1567 2452 1635; x_wconf 71' lang='lat' dir='ltr'><strong>alligabunt.</strong></span> <span class='ocrx_word' id='word_1_580' title='bbox 2503 1571 2651 1626; x_wconf 76' lang='lat' dir='ltr'><strong>inter</strong></span> <span class='ocrx_word' id='word_1_581' title='bbox 2697 1589 3010 1632; x_wconf 82' lang='lat' dir='ltr'><strong>ornamenta</strong></span> <span class='ocrx_word' id='word_1_582' title='bbox 3053 1581 3338 1638; x_wconf 60' lang='lat' dir='ltr'><strong>mulierum</strong></span> <span class='ocrx_word' id='word_1_583' title='bbox 3385 1599 3502 1644; x_wconf 70' lang='lat' dir='ltr'><strong>erat</strong></span> 
     </span>
    </p>
   </div>
   <div class='ocr_carea' id='block_1_77' title="bbox 1924 1656 2548 1724">
    <p class='ocr_par' dir='ltr' id='par_1_77' title="bbox 1924 1656 2548 1724">
     <span class='ocr_line' id='line_1_77' title="bbox 1924 1656 2548 1724; baseline 0.01 -17"><span class='ocrx_word' id='word_1_584' title='bbox 1924 1658 2137 1724; x_wconf 87' lang='lat' dir='ltr'><strong>peplum</strong></span> <span class='ocrx_word' id='word_1_585' title='bbox 2156 1656 2351 1713; x_wconf 66' lang='lat' dir='ltr'><strong>ttulisir</strong></span> <span class='ocrx_word' id='word_1_586' title='bbox 2371 1670 2548 1714; x_wconf 85' lang='lat' dir='ltr'><strong>neutr.</strong></span> 
     </span>
    </p>
   </div>
   <div class='ocr_carea' id='block_1_78' title="bbox 1995 1745 3500 1824">
    <p class='ocr_par' dir='ltr' id='par_1_78' title="bbox 1995 1745 3500 1824">
     <span class='ocr_line' id='line_1_78' title="bbox 1995 1745 3500 1824; baseline 0.019 -26"><span class='ocrx_word' id='word_1_587' title='bbox 1995 1766 2017 1798; x_wconf 83' lang='grc'><strong>‹</strong></span> <span class='ocrx_word' id='word_1_588' title='bbox 2045 1750 2096 1816; x_wconf 84' lang='lat' dir='ltr'><strong>c)</strong></span> <span class='ocrx_word' id='word_1_589' title='bbox 2121 1745 2557 1820; x_wconf 53' lang='lat' dir='ltr'><strong>&#39;Superlectilibus</strong></span> <span class='ocrx_word' id='word_1_590' title='bbox 2605 1765 2655 1809; x_wconf 93' lang='lat' dir='ltr'><strong>et</strong></span> <span class='ocrx_word' id='word_1_591' title='bbox 2687 1758 3033 1815; x_wconf 73' lang='lat' dir='ltr'><strong>instrumentis</strong></span> <span class='ocrx_word' id='word_1_592' title='bbox 3067 1763 3231 1820; x_wconf 87' lang='lat' dir='ltr'><strong>habes</strong></span> <span class='ocrx_word' id='word_1_593' title='bbox 3259 1785 3270 1819; x_wconf 91' lang='lat'><strong>:</strong></span> <span class='ocrx_word' id='word_1_594' title='bbox 3307 1767 3500 1824; x_wconf 78' lang='lat' dir='ltr'><strong>lectum</strong></span> 
     </span>
    </p>
   </div>
   <div class='ocr_carea' id='block_1_79' title="bbox 1922 1839 3501 1924">
    <p class='ocr_par' dir='ltr' id='par_1_79' title="bbox 1922 1839 3501 1924">
     <span class='ocr_line' id='line_1_79' title="bbox 1922 1839 3501 1924; baseline 0.015 -32"><span class='ocrx_word' id='word_1_595' title='bbox 1922 1839 2047 1909; x_wconf 76' lang='lat' dir='ltr'><strong>iigrs</strong></span> <span class='ocrx_word' id='word_1_596' title='bbox 2079 1856 2267 1908; x_wconf 85' lang='lat' dir='ltr'><strong>masc.,</strong></span> <span class='ocrx_word' id='word_1_597' title='bbox 2293 1846 2412 1898; x_wconf 77' lang='lat' dir='ltr'><strong>badi</strong></span> <span class='ocrx_word' id='word_1_598' title='bbox 2438 1855 2637 1913; x_wconf 84' lang='lat' dir='ltr'><strong>neutr.;</strong></span> <span class='ocrx_word' id='word_1_599' title='bbox 2672 1849 2919 1916; x_wconf 78' lang='lat' dir='ltr'><strong>pulvinar</strong></span> <span class='ocrx_word' id='word_1_600' title='bbox 2944 1857 3151 1923; x_wconf 80' lang='lat' dir='ltr'><strong>vaggari</strong></span> <span class='ocrx_word' id='word_1_601' title='bbox 3181 1866 3377 1924; x_wconf 90' lang='lat' dir='ltr'><strong>neutr.,</strong></span> <span class='ocrx_word' id='word_1_602' title='bbox 3411 1875 3501 1916; x_wconf 82' lang='lat' dir='ltr'><strong>se-</strong></span> 
     </span>
    </p>
   </div>
   <div class='ocr_carea' id='block_1_80' title="bbox 1920 1929 3498 2008">
    <p class='ocr_par' dir='ltr' id='par_1_80' title="bbox 1920 1929 3498 2008">
     <span class='ocr_line' id='line_1_80' title="bbox 1920 1929 3498 2008; baseline 0.017 -27"><span class='ocrx_word' id='word_1_603' title='bbox 1920 1929 2025 1983; x_wconf 90' lang='lat' dir='ltr'><strong>dtle</strong></span> <span class='ocrx_word' id='word_1_604' title='bbox 2043 1931 2164 1985; x_wconf 65' lang='lat' dir='ltr'><strong>aitls</strong></span> <span class='ocrx_word' id='word_1_605' title='bbox 2195 1943 2248 1986; x_wconf 89' lang='lat' dir='ltr'><strong>et</strong></span> <span class='ocrx_word' id='word_1_606' title='bbox 2271 1933 2526 1989; x_wconf 84' lang='lat' dir='ltr'><strong>cathedra</strong></span> <span class='ocrx_word' id='word_1_607' title='bbox 2547 1937 2674 1990; x_wconf 66' lang='lat' dir='ltr'><strong>stola</strong></span> <span class='ocrx_word' id='word_1_608' title='bbox 2702 1953 2890 2003; x_wconf 88' lang='lat' dir='ltr'><strong>masc.;</strong></span> <span class='ocrx_word' id='word_1_609' title='bbox 2916 1957 3099 1997; x_wconf 84' lang='lat' dir='ltr'><strong>mensa</strong></span> <span class='ocrx_word' id='word_1_610' title='bbox 3130 1945 3278 2001; x_wconf 67' lang='lat' dir='ltr'><strong>bind:</strong></span> <span class='ocrx_word' id='word_1_611' title='bbox 3309 1965 3498 2008; x_wconf 80' lang='lat' dir='ltr'><strong>masc.;</strong></span> 
     </span>
    </p>
   </div>
   <div class='ocr_carea' id='block_1_81' title="bbox 1920 2021 3500 2103">
    <p class='ocr_par' dir='ltr' id='par_1_81' title="bbox 1920 2021 3500 2103">
     <span class='ocr_line' id='line_1_81' title="bbox 1920 2021 3500 2103; baseline 0.015 -30"><span class='ocrx_word' id='word_1_612' title='bbox 1920 2021 2212 2076; x_wconf 79' lang='lat' dir='ltr'><strong>scabellum</strong></span> <span class='ocrx_word' id='word_1_613' title='bbox 2265 2023 2542 2092; x_wconf 81' lang='lat' dir='ltr'><strong>[otubaurd</strong></span> <span class='ocrx_word' id='word_1_614' title='bbox 2571 2038 2782 2093; x_wconf 88' lang='lat' dir='ltr'><strong>neutr.;</strong></span> <span class='ocrx_word' id='word_1_615' title='bbox 2815 2031 2989 2084; x_wconf 68' lang='lat' dir='ltr'><strong>velum</strong></span> <span class='ocrx_word' id='word_1_616' title='bbox 3032 2033 3256 2101; x_wconf 78' lang='lat' dir='ltr'><strong>faurltah</strong></span> <span class='ocrx_word' id='word_1_617' title='bbox 3298 2049 3500 2103; x_wconf 89' lang='lat' dir='ltr'><strong>nentr.;</strong></span> 
     </span>
    </p>
   </div>
   <div class='ocr_carea' id='block_1_82' title="bbox 1921 2112 3505 2194">
    <p class='ocr_par' dir='ltr' id='par_1_82' title="bbox 1921 2112 3505 2194">
     <span class='ocr_line' id='line_1_82' title="bbox 1921 2112 3505 2194; baseline 0.013 -30"><span class='ocrx_word' id='word_1_618' title='bbox 1921 2112 2196 2180; x_wconf 85' lang='lat' dir='ltr'><strong>speculum</strong></span> <span class='ocrx_word' id='word_1_619' title='bbox 2240 2114 2460 2186; x_wconf 76' lang='lat' dir='ltr'><strong>skuggva</strong></span> <span class='ocrx_word' id='word_1_620' title='bbox 2489 2132 2683 2183; x_wconf 85' lang='lat' dir='ltr'><strong>masc.;</strong></span> <span class='ocrx_word' id='word_1_621' title='bbox 2735 2119 2949 2174; x_wconf 80' lang='lat' dir='ltr'><strong>lucetna</strong></span> <span class='ocrx_word' id='word_1_622' title='bbox 2990 2123 3172 2177; x_wconf 68' lang='lat' dir='ltr'><strong>(ultam</strong></span> <span class='ocrx_word' id='word_1_623' title='bbox 3211 2137 3409 2194; x_wconf 90' lang='lat' dir='ltr'><strong>neutr.,</strong></span> <span class='ocrx_word' id='word_1_624' title='bbox 3453 2145 3505 2185; x_wconf 79' lang='lat' dir='ltr'><strong>ct</strong></span> 
     </span>
    </p>
   </div>
   <div class='ocr_carea' id='block_1_83' title="bbox 1921 2205 3501 2282">
    <p class='ocr_par' dir='ltr' id='par_1_83' title="bbox 1921 2205 3501 2282">
     <span class='ocr_line' id='line_1_83' title="bbox 1921 2205 3501 2282; baseline 0.012 -23"><span class='ocrx_word' id='word_1_625' title='bbox 1921 2205 2299 2260; x_wconf 79' lang='lat' dir='ltr'><strong>candelabrum</strong></span> <span class='ocrx_word' id='word_1_626' title='bbox 2347 2207 2724 2282; x_wconf 66' lang='lat' dir='ltr'><strong>lukurnastapa</strong></span> <span class='ocrx_word' id='word_1_627' title='bbox 2767 2227 2954 2278; x_wconf 85' lang='lat' dir='ltr'><strong>masc.;</strong></span> <span class='ocrx_word' id='word_1_628' title='bbox 3001 2216 3136 2270; x_wconf 82' lang='lat' dir='ltr'><strong>ta:da</strong></span> <span class='ocrx_word' id='word_1_629' title='bbox 3173 2219 3286 2274; x_wconf 75' lang='lat' dir='ltr'><strong>luis</strong></span> <span class='ocrx_word' id='word_1_630' title='bbox 3323 2233 3501 2278; x_wconf 89' lang='lat' dir='ltr'><strong>neutr.</strong></span> 
     </span>
    </p>
   </div>
   <div class='ocr_carea' id='block_1_84' title="bbox 1928 2296 3501 2378">
    <p class='ocr_par' dir='ltr' id='par_1_84' title="bbox 1928 2296 3501 2378">
     <span class='ocr_line' id='line_1_84' title="bbox 1928 2296 3501 2378; baseline 0.011 -30"><span class='ocrx_word' id='word_1_631' title='bbox 1928 2296 2032 2350; x_wconf 86' lang='lat' dir='ltr'><strong>Vas</strong></span> <span class='ocrx_word' id='word_1_632' title='bbox 2065 2298 2116 2351; x_wconf 93' lang='lat' dir='ltr'><strong>in</strong></span> <span class='ocrx_word' id='word_1_633' title='bbox 2145 2313 2362 2367; x_wconf 75' lang='lat' dir='ltr'><strong>genere,</strong></span> <span class='ocrx_word' id='word_1_634' title='bbox 2399 2301 2663 2367; x_wconf 85' lang='lat' dir='ltr'><strong>imprimis</strong></span> <span class='ocrx_word' id='word_1_635' title='bbox 2692 2311 2985 2372; x_wconf 84' lang='lat' dir='ltr'><strong>terrenum,</strong></span> <span class='ocrx_word' id='word_1_636' title='bbox 3018 2307 3109 2361; x_wconf 77' lang='lat' dir='ltr'><strong>kas</strong></span> <span class='ocrx_word' id='word_1_637' title='bbox 3137 2320 3337 2378; x_wconf 86' lang='lat' dir='ltr'><strong>neutr.,</strong></span> <span class='ocrx_word' id='word_1_638' title='bbox 3371 2329 3501 2368; x_wconf 88' lang='lat' dir='ltr'><strong>ttrna</strong></span> 
     </span>
    </p>
   </div>
   <div class='ocr_carea' id='block_1_85' title="bbox 1921 2387 3501 2465">
    <p class='ocr_par' dir='ltr' id='par_1_85' title="bbox 1921 2387 3501 2465">
     <span class='ocr_line' id='line_1_85' title="bbox 1921 2387 3501 2465; baseline 0.01 -26"><span class='ocrx_word' id='word_1_639' title='bbox 1921 2387 2139 2455; x_wconf 72' lang='lat' dir='ltr'><strong>aurkeis,</strong></span> <span class='ocrx_word' id='word_1_640' title='bbox 2152 2389 2294 2442; x_wconf 77' lang='lat' dir='ltr'><strong>calix</strong></span> <span class='ocrx_word' id='word_1_641' title='bbox 2324 2389 2489 2457; x_wconf 61' lang='grc' dir='ltr'><em>δήεις,</em></span> <span class='ocrx_word' id='word_1_642' title='bbox 2515 2390 2665 2446; x_wconf 84' lang='lat' dir='ltr'><strong>lebes</strong></span> <span class='ocrx_word' id='word_1_643' title='bbox 2681 2392 2834 2446; x_wconf 73' lang='lat' dir='ltr'><strong>katils</strong></span> <span class='ocrx_word' id='word_1_644' title='bbox 2866 2411 3032 2450; x_wconf 87' lang='lat' dir='ltr'><strong>masc.</strong></span> <span class='ocrx_word' id='word_1_645' title='bbox 3060 2409 3211 2465; x_wconf 84' lang='lat' dir='ltr'><strong>sunt;</strong></span> <span class='ocrx_word' id='word_1_646' title='bbox 3235 2416 3358 2456; x_wconf 86' lang='lat' dir='ltr'><strong>arca</strong></span> <span class='ocrx_word' id='word_1_647' title='bbox 3378 2403 3501 2457; x_wconf 79' lang='lat' dir='ltr'><strong>arka</strong></span> 
     </span>
    </p>
   </div>
   <div class='ocr_carea' id='block_1_86' title="bbox 1923 2478 3500 2560">
    <p class='ocr_par' dir='ltr' id='par_1_86' title="bbox 1923 2478 3500 2560">
     <span class='ocr_line' id='line_1_86' title="bbox 1923 2478 3500 2560; baseline 0.01 -29"><span class='ocrx_word' id='word_1_648' title='bbox 1923 2478 2074 2541; x_wconf 83' lang='lat' dir='ltr'><strong>lent.,</strong></span> <span class='ocrx_word' id='word_1_649' title='bbox 2094 2480 2430 2548; x_wconf 76' lang='lat' dir='ltr'><strong>ulcrbalgset</strong></span> <span class='ocrx_word' id='word_1_650' title='bbox 2452 2497 2638 2537; x_wconf 88' lang='lat' dir='ltr'><strong>saccus</strong></span> <span class='ocrx_word' id='word_1_651' title='bbox 2653 2483 2837 2538; x_wconf 68' lang='lat' dir='ltr'><strong>sakkus</strong></span> <span class='ocrx_word' id='word_1_652' title='bbox 2863 2501 3056 2554; x_wconf 89' lang='lat' dir='ltr'><strong>masc.,</strong></span> <span class='ocrx_word' id='word_1_653' title='bbox 3082 2504 3182 2544; x_wconf 87' lang='lat' dir='ltr'><strong>nec</strong></span> <span class='ocrx_word' id='word_1_654' title='bbox 3208 2507 3313 2546; x_wconf 93' lang='lat' dir='ltr'><strong>non</strong></span> <span class='ocrx_word' id='word_1_655' title='bbox 3339 2505 3500 2560; x_wconf 69' lang='lat' dir='ltr'><strong>etpe~</strong></span> 
     </span>
    </p>
   </div>
   <div class='ocr_carea' id='block_1_87' title="bbox 1926 2571 3529 2652">
    <p class='ocr_par' dir='ltr' id='par_1_87' title="bbox 1926 2571 3529 2652">
     <span class='ocr_line' id='line_1_87' title="bbox 1926 2571 3529 2652; baseline 0.01 -28"><span class='ocrx_word' id='word_1_656' title='bbox 1926 2572 2198 2638; x_wconf 82' lang='lat' dir='ltr'><strong>regrinum</strong></span> <span class='ocrx_word' id='word_1_657' title='bbox 2225 2571 2466 2639; x_wconf 68' lang='grc' dir='ltr'><strong>ψῃνιὶάο</strong></span> <span class='ocrx_word' id='word_1_658' title='bbox 2493 2583 2696 2638; x_wconf 82' lang='lat' dir='ltr'><strong>sporta,</strong></span> <span class='ocrx_word' id='word_1_659' title='bbox 2725 2574 2850 2628; x_wconf 89' lang='lat' dir='ltr'><strong>dum</strong></span> <span class='ocrx_word' id='word_1_660' title='bbox 2883 2577 3096 2644; x_wconf 75' lang='lat' dir='ltr'><strong>gotbica</strong></span> <span class='ocrx_word' id='word_1_661' title='bbox 3125 2585 3302 2652; x_wconf 82' lang='lat' dir='ltr'><strong>snorjo</strong></span> <span class='ocrx_word' id='word_1_662' title='bbox 3325 2586 3529 2640; x_wconf 87' lang='lat' dir='ltr'><strong>corbis.</strong></span> 
     </span>
    </p>
   </div>
   <div class='ocr_carea' id='block_1_88' title="bbox 1922 2662 3503 2745">
    <p class='ocr_par' dir='ltr' id='par_1_88' title="bbox 1922 2662 3503 2745">
     <span class='ocr_line' id='line_1_88' title="bbox 1922 2662 3503 2745; baseline 0.007 -28"><span class='ocrx_word' id='word_1_663' title='bbox 1922 2662 2215 2717; x_wconf 82' lang='lat' dir='ltr'><strong>corticibus</strong></span> <span class='ocrx_word' id='word_1_664' title='bbox 2259 2664 2339 2716; x_wconf 78' lang='lat' dir='ltr'><strong>vel</strong></span> <span class='ocrx_word' id='word_1_665' title='bbox 2399 2664 2500 2719; x_wconf 79' lang='lat' dir='ltr'><strong>filis</strong></span> <span class='ocrx_word' id='word_1_666' title='bbox 2529 2666 2795 2734; x_wconf 78' lang='lat' dir='ltr'><strong>coniecta,</strong></span> <span class='ocrx_word' id='word_1_667' title='bbox 2827 2678 2879 2722; x_wconf 91' lang='lat' dir='ltr'><strong>et</strong></span> <span class='ocrx_word' id='word_1_668' title='bbox 2907 2671 3076 2740; x_wconf 78' lang='lat' dir='ltr'><strong>tat‘njo</strong></span> <span class='ocrx_word' id='word_1_669' title='bbox 3108 2684 3286 2742; x_wconf 54' lang='lat' dir='ltr'><strong>sporta</strong></span> <span class='ocrx_word' id='word_1_670' title='bbox 3341 2679 3503 2745; x_wconf 77' lang='lat' dir='ltr'><strong>virgis</strong></span> 
     </span>
    </p>
   </div>
   <div class='ocr_carea' id='block_1_89' title="bbox 1926 2753 3504 2836">
    <p class='ocr_par' dir='ltr' id='par_1_89' title="bbox 1926 2753 3504 2836">
     <span class='ocr_line' id='line_1_89' title="bbox 1926 2753 3504 2836; baseline 0.01 -29"><span class='ocrx_word' id='word_1_671' title='bbox 1926 2762 2070 2807; x_wconf 73' lang='lat' dir='ltr'><strong>texta</strong></span> <span class='ocrx_word' id='word_1_672' title='bbox 2100 2753 2226 2809; x_wconf 64' lang='lat' dir='ltr'><strong>rem.</strong></span> <span class='ocrx_word' id='word_1_673' title='bbox 2259 2762 2403 2822; x_wconf 88' lang='lat' dir='ltr'><strong>sunt,</strong></span> <span class='ocrx_word' id='word_1_674' title='bbox 2430 2756 2557 2810; x_wconf 88' lang='lat' dir='ltr'><strong>item</strong></span> <span class='ocrx_word' id='word_1_675' title='bbox 2591 2757 2809 2825; x_wconf 83' lang='lat' dir='ltr'><strong>laqueus</strong></span> <span class='ocrx_word' id='word_1_676' title='bbox 2831 2759 3056 2814; x_wconf 79' lang='lat' dir='ltr'><strong>Itlainma</strong></span> <span class='ocrx_word' id='word_1_677' title='bbox 3075 2772 3130 2816; x_wconf 94' lang='lat' dir='ltr'><strong>et</strong></span> <span class='ocrx_word' id='word_1_678' title='bbox 3150 2780 3363 2836; x_wconf 81' lang='lat' dir='ltr'><strong>vruggo,</strong></span> <span class='ocrx_word' id='word_1_679' title='bbox 3388 2774 3504 2824; x_wconf 77' lang='lat' dir='ltr'><strong>vin-</strong></span> 
     </span>
    </p>
   </div>
   <div class='ocr_carea' id='block_1_90' title="bbox 1923 2845 3504 2928">
    <p class='ocr_par' dir='ltr' id='par_1_90' title="bbox 1923 2845 3504 2928">
     <span class='ocr_line' id='line_1_90' title="bbox 1923 2845 3504 2928; baseline 0.009 -29"><span class='ocrx_word' id='word_1_680' title='bbox 1923 2845 2102 2900; x_wconf 90' lang='lat' dir='ltr'><strong>culum</strong></span> <span class='ocrx_word' id='word_1_681' title='bbox 2135 2845 2307 2910; x_wconf 84' lang='lat' dir='ltr'><strong>bandi,</strong></span> <span class='ocrx_word' id='word_1_682' title='bbox 2341 2861 2558 2915; x_wconf 82' lang='lat' dir='ltr'><strong>compes</strong></span> <span class='ocrx_word' id='word_1_683' title='bbox 2591 2849 2884 2916; x_wconf 68' lang='lat' dir='ltr'><strong>hunaveda;</strong></span> <span class='ocrx_word' id='word_1_684' title='bbox 2929 2851 3022 2906; x_wconf 93' lang='lat' dir='ltr'><strong>sed</strong></span> <span class='ocrx_word' id='word_1_685' title='bbox 3053 2853 3316 2923; x_wconf 87' lang='lat' dir='ltr'><strong>ﬂagellum</strong></span> <span class='ocrx_word' id='word_1_686' title='bbox 3345 2867 3504 2928; x_wconf 64' lang='lat' dir='ltr'><strong>gaza:</strong></span> 
     </span>
    </p>
   </div>
   <div class='ocr_carea' id='block_1_91' title="bbox 1923 2938 3502 3016">
    <p class='ocr_par' dir='ltr' id='par_1_91' title="bbox 1923 2938 3502 3016">
     <span class='ocr_line' id='line_1_91' title="bbox 1923 2938 3502 3016; baseline 0.008 -25"><span class='ocrx_word' id='word_1_687' title='bbox 1923 2944 1979 2992; x_wconf 90' lang='lat' dir='ltr'><strong>et</strong></span> <span class='ocrx_word' id='word_1_688' title='bbox 2015 2952 2148 2991; x_wconf 79' lang='lat' dir='ltr'><strong>crux</strong></span> <span class='ocrx_word' id='word_1_689' title='bbox 2199 2938 2353 3007; x_wconf 85' lang='lat' dir='ltr'><strong>galga</strong></span> <span class='ocrx_word' id='word_1_690' title='bbox 2391 2953 2556 2994; x_wconf 87' lang='lat' dir='ltr'><strong>masc.</strong></span> <span class='ocrx_word' id='word_1_691' title='bbox 2591 2950 2750 3006; x_wconf 85' lang='lat' dir='ltr'><strong>sunt;</strong></span> <span class='ocrx_word' id='word_1_692' title='bbox 2793 2940 2918 2994; x_wconf 67' lang='lat' dir='ltr'><strong>rem.</strong></span> <span class='ocrx_word' id='word_1_693' title='bbox 2948 2953 3073 2998; x_wconf 89' lang='lat' dir='ltr'><strong>sunt</strong></span> <span class='ocrx_word' id='word_1_694' title='bbox 3119 2946 3336 3016; x_wconf 88' lang='lat' dir='ltr'><strong>insuper</strong></span> <span class='ocrx_word' id='word_1_695' title='bbox 3374 2965 3502 3004; x_wconf 73' lang='lat' dir='ltr'><strong>acus</strong></span> 
     </span>
    </p>
   </div>
   <div class='ocr_carea' id='block_1_92' title="bbox 1923 3027 3502 3106">
    <p class='ocr_par' dir='ltr' id='par_1_92' title="bbox 1923 3027 3502 3106">
     <span class='ocr_line' id='line_1_92' title="bbox 1923 3027 3502 3106; baseline 0.009 -26"><span class='ocrx_word' id='word_1_696' title='bbox 1923 3027 2106 3098; x_wconf 64' lang='lat' dir='ltr'><strong>ampla,</strong></span> <span class='ocrx_word' id='word_1_697' title='bbox 2134 3030 2340 3106; x_wconf 85' lang='lat' dir='ltr'><strong>securis</strong></span> <span class='ocrx_word' id='word_1_698' title='bbox 2369 3029 2523 3098; x_wconf 72' lang='lat' dir='ltr'><strong>aqizi,</strong></span> <span class='ocrx_word' id='word_1_699' title='bbox 2547 3030 2746 3084; x_wconf 77' lang='lat' dir='ltr'><strong>fa-lcula</strong></span> <span class='ocrx_word' id='word_1_700' title='bbox 2783 3031 2957 3102; x_wconf 63' lang='lat' dir='ltr'><strong>gilpa,</strong></span> <span class='ocrx_word' id='word_1_701' title='bbox 3008 3037 3361 3092; x_wconf 87' lang='lat' dir='ltr'><strong>ventilabrum</strong></span> <span class='ocrx_word' id='word_1_702' title='bbox 3390 3042 3502 3094; x_wconf 76' lang='lat' dir='ltr'><strong>riu-</strong></span> 
     </span>
    </p>
   </div>
   <div class='ocr_carea' id='block_1_93' title="bbox 1923 3117 3505 3188">
    <p class='ocr_par' dir='ltr' id='par_1_93' title="bbox 1923 3117 3505 3188">
     <span class='ocr_line' id='line_1_93' title="bbox 1923 3117 3505 3188; baseline 0.011 -18"><span class='ocrx_word' id='word_1_703' title='bbox 1923 3117 2197 3188; x_wconf 71' lang='lat' dir='ltr'><strong>ptskaaro,</strong></span> <span class='ocrx_word' id='word_1_704' title='bbox 2251 3129 2488 3173; x_wconf 87' lang='lat' dir='ltr'><strong>aratrum</strong></span> <span class='ocrx_word' id='word_1_705' title='bbox 2537 3131 2714 3174; x_wconf 87' lang='lat' dir='ltr'><strong>autem</strong></span> <span class='ocrx_word' id='word_1_706' title='bbox 2771 3123 2905 3175; x_wconf 80' lang='lat' dir='ltr'><strong>Ito/ta</strong></span> <span class='ocrx_word' id='word_1_707' title='bbox 2944 3134 3028 3178; x_wconf 89' lang='lat' dir='ltr'><strong>est</strong></span> <span class='ocrx_word' id='word_1_708' title='bbox 3078 3142 3238 3181; x_wconf 91' lang='lat' dir='ltr'><strong>masc.</strong></span> <span class='ocrx_word' id='word_1_709' title='bbox 3290 3139 3346 3184; x_wconf 91' lang='lat' dir='ltr'><strong>et</strong></span> <span class='ocrx_word' id='word_1_710' title='bbox 3391 3143 3505 3188; x_wconf 77' lang='lat' dir='ltr'><strong>rete</strong></span> 
     </span>
    </p>
   </div>
   <div class='ocr_carea' id='block_1_94' title="bbox 1924 3209 3546 3293">
    <p class='ocr_par' dir='ltr' id='par_1_94' title="bbox 1924 3209 3546 3293">
     <span class='ocr_line' id='line_1_94' title="bbox 1924 3209 3546 3293; baseline 0.012 -34"><span class='ocrx_word' id='word_1_711' title='bbox 1924 3209 2033 3261; x_wconf 83' lang='lat' dir='ltr'><strong>mni</strong></span> <span class='ocrx_word' id='word_1_712' title='bbox 2071 3218 2274 3275; x_wconf 68' lang='lat' dir='ltr'><strong>neum;</strong></span> <span class='ocrx_word' id='word_1_713' title='bbox 2323 3210 2475 3263; x_wconf 88' lang='lat' dir='ltr'><strong>navis</strong></span> <span class='ocrx_word' id='word_1_714' title='bbox 2511 3209 2624 3280; x_wconf 70' lang='lat' dir='ltr'><strong>ship</strong></span> <span class='ocrx_word' id='word_1_715' title='bbox 2663 3222 2743 3266; x_wconf 90' lang='lat' dir='ltr'><strong>est</strong></span> <span class='ocrx_word' id='word_1_716' title='bbox 2793 3213 2958 3268; x_wconf 87' lang='lat' dir='ltr'><strong>etiam</strong></span> <span class='ocrx_word' id='word_1_717' title='bbox 3009 3226 3210 3285; x_wconf 84' lang='lat' dir='ltr'><strong>neutr.,</strong></span> <span class='ocrx_word' id='word_1_718' title='bbox 3250 3220 3348 3276; x_wconf 84' lang='lat' dir='ltr'><strong>sed</strong></span> <span class='ocrx_word' id='word_1_719' title='bbox 3385 3222 3504 3293; x_wconf 79' lang='lat' dir='ltr'><strong>ejus</strong></span> <span class='ocrx_word' id='word_1_720' title='bbox 3539 3225 3546 3236; x_wconf 78' lang='lat'>‘</span> 
     </span>
    </p>
   </div>
   <div class='ocr_carea' id='block_1_95' title="bbox 1923 3308 2563 3369">
    <p class='ocr_par' dir='ltr' id='par_1_95' title="bbox 1923 3308 2563 3369">
     <span class='ocr_line' id='line_1_95' title="bbox 1923 3308 2563 3369; baseline 0 -15"><span class='ocrx_word' id='word_1_721' title='bbox 1923 3314 2096 3369; x_wconf 82' lang='lat' dir='ltr'><strong>puppa</strong></span> <span class='ocrx_word' id='word_1_722' title='bbox 2122 3308 2241 3353; x_wconf 86' lang='lat' dir='ltr'><strong>nota</strong></span> <span class='ocrx_word' id='word_1_723' title='bbox 2268 3313 2434 3354; x_wconf 83' lang='lat' dir='ltr'><strong>masc.</strong></span> <span class='ocrx_word' id='word_1_724' title='bbox 2463 3315 2512 3355; x_wconf 70' lang='lat' dir='ltr'><strong>c:</strong></span> <span class='ocrx_word' id='word_1_725' title='bbox 2525 3309 2563 3354; x_wconf 85' lang='grc' dir='ltr'><em>ι.</em></span> 
     </span>
    </p>
   </div>
   <div class='ocr_carea' id='block_1_96' title="bbox 1995 3383 3503 3473">
    <p class='ocr_par' dir='ltr' id='par_1_96' title="bbox 1995 3383 3503 3473">
     <span class='ocr_line' id='line_1_96' title="bbox 1995 3383 3503 3473; baseline 0.01 -31"><span class='ocrx_word' id='word_1_726' title='bbox 1995 3409 2018 3442; x_wconf 73' lang='grc'><strong>1</strong></span> <span class='ocrx_word' id='word_1_727' title='bbox 2049 3391 2106 3458; x_wconf 82' lang='lat' dir='ltr'><strong>d)</strong></span> <span class='ocrx_word' id='word_1_728' title='bbox 2130 3392 2286 3444; x_wconf 82' lang='lat' dir='ltr'><strong>Arma</strong></span> <span class='ocrx_word' id='word_1_729' title='bbox 2311 3393 2480 3459; x_wconf 69' lang='lat' dir='ltr'><strong>(sarta</strong></span> <span class='ocrx_word' id='word_1_730' title='bbox 2505 3406 2556 3446; x_wconf 90' lang='lat' dir='ltr'><strong>et</strong></span> <span class='ocrx_word' id='word_1_731' title='bbox 2585 3409 2746 3462; x_wconf 72' lang='lat' dir='ltr'><strong>t&#39;epna</strong></span> <span class='ocrx_word' id='word_1_732' title='bbox 2775 3383 3062 3464; x_wconf 80' lang='lat' dir='ltr'><strong>utrumque</strong></span> <span class='ocrx_word' id='word_1_733' title='bbox 3104 3408 3278 3453; x_wconf 90' lang='lat' dir='ltr'><strong>neutr.</strong></span> <span class='ocrx_word' id='word_1_734' title='bbox 3332 3401 3503 3473; x_wconf 84' lang='lat' dir='ltr'><strong>plur.)</strong></span> 
     </span>
    </p>
   </div>
   <div class='ocr_carea' id='block_1_97' title="bbox 1922 3480 3505 3557">
    <p class='ocr_par' dir='ltr' id='par_1_97' title="bbox 1922 3480 3505 3557">
     <span class='ocr_line' id='line_1_97' title="bbox 1922 3480 3505 3557; baseline 0.008 -22"><span class='ocrx_word' id='word_1_735' title='bbox 1922 3489 2048 3535; x_wconf 82' lang='lat' dir='ltr'><strong>sunt</strong></span> <span class='ocrx_word' id='word_1_736' title='bbox 2076 3497 2090 3535; x_wconf 91' lang='lat'><strong>:</strong></span> <span class='ocrx_word' id='word_1_737' title='bbox 2114 3483 2268 3550; x_wconf 83' lang='lat' dir='ltr'><strong>ga&#39;ea</strong></span> <span class='ocrx_word' id='word_1_738' title='bbox 2317 3480 2490 3548; x_wconf 72' lang='lat' dir='ltr'><strong>liilms,</strong></span> <span class='ocrx_word' id='word_1_739' title='bbox 2536 3482 2754 3551; x_wconf 83' lang='lat' dir='ltr'><strong>clypeos</strong></span> <span class='ocrx_word' id='word_1_740' title='bbox 2783 3483 2978 3538; x_wconf 75' lang='lat' dir='ltr'><strong>skildur</strong></span> <span class='ocrx_word' id='word_1_741' title='bbox 3007 3496 3062 3541; x_wconf 89' lang='lat' dir='ltr'><strong>et</strong></span> <span class='ocrx_word' id='word_1_742' title='bbox 3086 3489 3292 3557; x_wconf 83' lang='lat' dir='ltr'><strong>gladius</strong></span> <span class='ocrx_word' id='word_1_743' title='bbox 3327 3494 3505 3548; x_wconf 73' lang='lat' dir='ltr'><strong>Itairus</strong></span> 
     </span>
    </p>
   </div>
   <div class='ocr_carea' id='block_1_98' title="bbox 1922 3574 3590 3650">
    <p class='ocr_par' dir='ltr' id='par_1_98' title="bbox 1922 3574 3590 3650">
     <span class='ocr_line' id='line_1_98' title="bbox 1922 3574 3590 3650; baseline 0.003 -21"><span class='ocrx_word' id='word_1_744' title='bbox 1922 3589 2112 3640; x_wconf 83' lang='lat' dir='ltr'><strong>masc.,</strong></span> <span class='ocrx_word' id='word_1_745' title='bbox 2164 3574 2508 3642; x_wconf 85' lang='lat' dir='ltr'><strong>probabiliter</strong></span> <span class='ocrx_word' id='word_1_746' title='bbox 2552 3577 2716 3630; x_wconf 89' lang='lat' dir='ltr'><strong>etiam</strong></span> <span class='ocrx_word' id='word_1_747' title='bbox 2764 3577 2946 3632; x_wconf 69' lang='lat' dir='ltr'><strong>mehei:</strong></span> <span class='ocrx_word' id='word_1_748' title='bbox 2975 3579 3197 3650; x_wconf 84' lang='lat' dir='ltr'><strong>(masc.)</strong></span> <span class='ocrx_word' id='word_1_749' title='bbox 3227 3584 3346 3638; x_wconf 90' lang='lat' dir='ltr'><strong>loco</strong></span> <span class='ocrx_word' id='word_1_750' title='bbox 3376 3587 3503 3640; x_wconf 74' lang='lat' dir='ltr'><strong>meki</strong></span> <span class='ocrx_word' id='word_1_751' title='bbox 3585 3629 3590 3634; x_wconf 89' lang='lat'><strong>.</strong></span> 
     </span>
    </p>
   </div>
   <div class='ocr_carea' id='block_1_99' title="bbox 1925 3667 3504 3737">
    <p class='ocr_par' dir='ltr' id='par_1_99' title="bbox 1925 3667 3504 3737">
     <span class='ocr_line' id='line_1_99' title="bbox 1925 3667 3504 3737; baseline 0.008 -17"><span class='ocrx_word' id='word_1_752' title='bbox 1925 3667 2151 3735; x_wconf 86' lang='lat' dir='ltr'><strong>(neutr.)</strong></span> <span class='ocrx_word' id='word_1_753' title='bbox 2178 3667 2458 3735; x_wconf 78' lang='lat' dir='ltr'><strong>legendum</strong></span> <span class='ocrx_word' id='word_1_754' title='bbox 2492 3678 2594 3734; x_wconf 79' lang='lat' dir='ltr'><strong>cst,</strong></span> <span class='ocrx_word' id='word_1_755' title='bbox 2627 3669 2824 3737; x_wconf 83' lang='lat' dir='ltr'><strong>quippe</strong></span> <span class='ocrx_word' id='word_1_756' title='bbox 2849 3683 2976 3723; x_wconf 84' lang='lat' dir='ltr'><strong>cum</strong></span> <span class='ocrx_word' id='word_1_757' title='bbox 3006 3671 3058 3725; x_wconf 88' lang='lat' dir='ltr'><strong>itt</strong></span> <span class='ocrx_word' id='word_1_758' title='bbox 3084 3673 3271 3728; x_wconf 87' lang='lat' dir='ltr'><strong>vicinis</strong></span> <span class='ocrx_word' id='word_1_759' title='bbox 3296 3691 3504 3732; x_wconf 85' lang='lat' dir='ltr'><strong>sermo-</strong></span> 
     </span>
    </p>
   </div>
   <div class='ocr_carea' id='block_1_100' title="bbox 1923 3760 3503 3831">
    <p class='ocr_par' dir='ltr' id='par_1_100' title="bbox 1923 3760 3503 3831">
     <span class='ocr_line' id='line_1_100' title="bbox 1923 3760 3503 3831; baseline 0.006 -21"><span class='ocrx_word' id='word_1_760' title='bbox 1923 3760 2080 3813; x_wconf 89' lang='lat' dir='ltr'><strong>nibus</strong></span> <span class='ocrx_word' id='word_1_761' title='bbox 2123 3773 2288 3812; x_wconf 77' lang='lat' dir='ltr'><strong>masc.</strong></span> <span class='ocrx_word' id='word_1_762' title='bbox 2329 3767 2447 3820; x_wconf 79' lang='lat' dir='ltr'><strong>est;</strong></span> <span class='ocrx_word' id='word_1_763' title='bbox 2502 3760 2692 3812; x_wconf 79' lang='lat' dir='ltr'><strong>thorax</strong></span> <span class='ocrx_word' id='word_1_764' title='bbox 2741 3761 2925 3831; x_wconf 77' lang='lat' dir='ltr'><strong>brunjo</strong></span> <span class='ocrx_word' id='word_1_765' title='bbox 2962 3771 3020 3815; x_wconf 90' lang='lat' dir='ltr'><strong>et</strong></span> <span class='ocrx_word' id='word_1_766' title='bbox 3062 3764 3225 3818; x_wconf 88' lang='lat' dir='ltr'><strong>telum</strong></span> <span class='ocrx_word' id='word_1_767' title='bbox 3263 3782 3503 3821; x_wconf 76' lang='lat' dir='ltr'><strong>arwaznu</strong></span> 
     </span>
    </p>
   </div>
   <div class='ocr_carea' id='block_1_101' title="bbox 1923 3848 3500 3922">
    <p class='ocr_par' dir='ltr' id='par_1_101' title="bbox 1923 3848 3500 3922">
     <span class='ocr_line' id='line_1_101' title="bbox 1923 3848 3500 3922; baseline 0.008 -22"><span class='ocrx_word' id='word_1_768' title='bbox 1923 3857 2048 3902; x_wconf 91' lang='lat' dir='ltr'><strong>sunt</strong></span> <span class='ocrx_word' id='word_1_769' title='bbox 2087 3848 2241 3912; x_wconf 81' lang='lat' dir='ltr'><strong>letn.,</strong></span> <span class='ocrx_word' id='word_1_770' title='bbox 2287 3849 2470 3903; x_wconf 87' lang='lat' dir='ltr'><strong>lancea</strong></span> <span class='ocrx_word' id='word_1_771' title='bbox 2503 3851 2590 3918; x_wconf 81' lang='lat' dir='ltr'><strong>(ex</strong></span> <span class='ocrx_word' id='word_1_772' title='bbox 2624 3850 2746 3916; x_wconf 89' lang='lat' dir='ltr'><strong>palo</strong></span> <span class='ocrx_word' id='word_1_773' title='bbox 2787 3849 2966 3905; x_wconf 71' lang='lat' dir='ltr'><strong>ferreo</strong></span> <span class='ocrx_word' id='word_1_774' title='bbox 2995 3853 3132 3922; x_wconf 83' lang='lat' dir='ltr'><strong>orta)</strong></span> <span class='ocrx_word' id='word_1_775' title='bbox 3164 3855 3358 3911; x_wconf 91' lang='lat' dir='ltr'><strong>dicitur</strong></span> <span class='ocrx_word' id='word_1_776' title='bbox 3399 3861 3500 3912; x_wconf 72' lang='lat' dir='ltr'><strong>tria</strong></span> 
     </span>
    </p>
   </div>
   <div class='ocr_carea' id='block_1_102' title="bbox 1922 3937 2474 4005">
    <p class='ocr_par' dir='ltr' id='par_1_102' title="bbox 1922 3937 2474 4005">
     <span class='ocr_line' id='line_1_102' title="bbox 1922 3937 2474 4005; baseline 0.004 -18"><span class='ocrx_word' id='word_1_777' title='bbox 1922 3937 2053 4003; x_wconf 59' lang='lat' dir='ltr'><strong>(viil.</strong></span> <span class='ocrx_word' id='word_1_778' title='bbox 2085 3937 2185 3992; x_wconf 82' lang='lat' dir='ltr'><strong>Mc.</strong></span> <span class='ocrx_word' id='word_1_779' title='bbox 2220 3953 2326 4002; x_wconf 72' lang='grc' dir='ltr'><strong>ην,</strong></span> <span class='ocrx_word' id='word_1_780' title='bbox 2359 3938 2474 4005; x_wconf 76' lang='grc'><strong>45).</strong></span> 
     </span>
    </p>
   </div>
   <div class='ocr_carea' id='block_1_103' title="bbox 1998 4029 3498 4100">
    <p class='ocr_par' dir='ltr' id='par_1_103' title="bbox 1998 4029 3498 4100">
     <span class='ocr_line' id='line_1_103' title="bbox 1998 4029 3498 4100; baseline 0.009 -21"><span class='ocrx_word' id='word_1_781' title='bbox 1998 4048 2016 4079; x_wconf 80' lang='grc' dir='ltr'>ι</span> <span class='ocrx_word' id='word_1_782' title='bbox 2045 4029 2093 4100; x_wconf 72' lang='grc' dir='ltr'><em>ι)</em></span> <span class='ocrx_word' id='word_1_783' title='bbox 2113 4030 2354 4091; x_wconf 67' lang='lat' dir='ltr'><strong>Monetae,</strong></span> <span class='ocrx_word' id='word_1_784' title='bbox 2383 4043 2651 4092; x_wconf 68' lang='lat' dir='ltr'><strong>mensuras,</strong></span> <span class='ocrx_word' id='word_1_785' title='bbox 2677 4037 2782 4083; x_wconf 87' lang='lat' dir='ltr'><strong>etc.</strong></span> <span class='ocrx_word' id='word_1_786' title='bbox 2813 4046 2827 4082; x_wconf 90' lang='lat'><strong>:</strong></span> <span class='ocrx_word' id='word_1_787' title='bbox 2857 4045 3140 4098; x_wconf 81' lang='lat' dir='ltr'><strong>argenteus</strong></span> <span class='ocrx_word' id='word_1_788' title='bbox 3176 4049 3426 4096; x_wconf 87' lang='lat' dir='ltr'><strong>nummus</strong></span> <span class='ocrx_word' id='word_1_789' title='bbox 3445 4039 3498 4093; x_wconf 86' lang='lat' dir='ltr'><strong>in</strong></span> 
     </span>
    </p>
   </div>
   <div class='ocr_carea' id='block_1_104' title="bbox 1920 4118 3501 4190">
    <p class='ocr_par' dir='ltr' id='par_1_104' title="bbox 1920 4118 3501 4190">
     <span class='ocr_line' id='line_1_104' title="bbox 1920 4118 3501 4190; baseline 0.008 -18"><span class='ocrx_word' id='word_1_790' title='bbox 1920 4135 2118 4188; x_wconf 84' lang='lat' dir='ltr'><strong>genere</strong></span> <span class='ocrx_word' id='word_1_791' title='bbox 2143 4129 2196 4172; x_wconf 69' lang='grc' dir='ltr'><strong>ιιι</strong></span> <span class='ocrx_word' id='word_1_792' title='bbox 2227 4133 2347 4172; x_wconf 84' lang='lat' dir='ltr'><strong>mna</strong></span> <span class='ocrx_word' id='word_1_793' title='bbox 2383 4121 2433 4172; x_wconf 90' lang='lat' dir='ltr'><strong>in</strong></span> <span class='ocrx_word' id='word_1_794' title='bbox 2464 4118 2765 4186; x_wconf 74' lang='lat' dir='ltr'><strong>particulari</strong></span> <span class='ocrx_word' id='word_1_795' title='bbox 2792 4118 2950 4173; x_wconf 69' lang='lat' dir='ltr'><strong>sitam</strong></span> <span class='ocrx_word' id='word_1_796' title='bbox 2969 4137 3242 4190; x_wconf 79' lang='lat' dir='ltr'><strong>masc.;ex</strong></span> <span class='ocrx_word' id='word_1_797' title='bbox 3268 4132 3501 4184; x_wconf 83' lang='lat' dir='ltr'><strong>monetis</strong></span> 
     </span>
    </p>
   </div>
   <div class='ocr_carea' id='block_1_105' title="bbox 1922 4210 3502 4281">
    <p class='ocr_par' dir='ltr' id='par_1_105' title="bbox 1922 4210 3502 4281">
     <span class='ocr_line' id='line_1_105' title="bbox 1922 4210 3502 4281; baseline -0.001 -18"><span class='ocrx_word' id='word_1_798' title='bbox 1922 4210 2217 4264; x_wconf 86' lang='lat' dir='ltr'><strong>minoribus</strong></span> <span class='ocrx_word' id='word_1_799' title='bbox 2246 4210 2478 4280; x_wconf 74' lang='lat' dir='ltr'><strong>rkiltiggs</strong></span> <span class='ocrx_word' id='word_1_800' title='bbox 2509 4220 2710 4262; x_wconf 91' lang='lat' dir='ltr'><strong>tantum</strong></span> <span class='ocrx_word' id='word_1_801' title='bbox 2739 4210 3010 4279; x_wconf 83' lang='lat' dir='ltr'><strong>gotlticutn</strong></span> <span class='ocrx_word' id='word_1_802' title='bbox 3037 4225 3148 4278; x_wconf 74' lang='lat' dir='ltr'><strong>est;</strong></span> <span class='ocrx_word' id='word_1_803' title='bbox 3178 4215 3323 4281; x_wconf 52' lang='lat' dir='ltr'><strong>afim,</strong></span> <span class='ocrx_word' id='word_1_804' title='bbox 3352 4220 3502 4271; x_wconf 65' lang='lat' dir='ltr'><strong>drak.</strong></span> 
     </span>
    </p>
   </div>
   <div class='ocr_carea' id='block_1_106' title="bbox 1921 4299 3500 4372">
    <p class='ocr_par' dir='ltr' id='par_1_106' title="bbox 1921 4299 3500 4372">
     <span class='ocr_line' id='line_1_106' title="bbox 1921 4299 3500 4372; baseline 0.006 -20"><span class='ocrx_word' id='word_1_805' title='bbox 1921 4316 2002 4353; x_wconf 79' lang='lat' dir='ltr'><strong>tua</strong></span> <span class='ocrx_word' id='word_1_806' title='bbox 2029 4300 2232 4354; x_wconf 88' lang='lat' dir='ltr'><strong>scilicet</strong></span> <span class='ocrx_word' id='word_1_807' title='bbox 2264 4299 2542 4362; x_wconf 82' lang='lat' dir='ltr'><strong>drachma,</strong></span> <span class='ocrx_word' id='word_1_808' title='bbox 2587 4299 2758 4352; x_wconf 77' lang='lat' dir='ltr'><strong>kiutus</strong></span> <span class='ocrx_word' id='word_1_809' title='bbox 2799 4300 3052 4356; x_wconf 79' lang='lat' dir='ltr'><strong>denarius</strong></span> <span class='ocrx_word' id='word_1_810' title='bbox 3081 4313 3136 4356; x_wconf 89' lang='lat' dir='ltr'><strong>ct</strong></span> <span class='ocrx_word' id='word_1_811' title='bbox 3166 4310 3401 4372; x_wconf 68' lang='lat' dir='ltr'><strong>asseritis</strong></span> <span class='ocrx_word' id='word_1_812' title='bbox 3435 4324 3500 4360; x_wconf 76' lang='lat' dir='ltr'><strong>as</strong></span> 
     </span>
    </p>
   </div>
   <div class='ocr_carea' id='block_1_107' title="bbox 1921 4390 3500 4460">
    <p class='ocr_par' dir='ltr' id='par_1_107' title="bbox 1921 4390 3500 4460">
     <span class='ocr_line' id='line_1_107' title="bbox 1921 4390 3500 4460; baseline 0.005 -14"><span class='ocrx_word' id='word_1_813' title='bbox 1921 4390 2216 4460; x_wconf 77' lang='lat' dir='ltr'><strong>peregrina:</strong></span> <span class='ocrx_word' id='word_1_814' title='bbox 2237 4401 2363 4444; x_wconf 91' lang='lat' dir='ltr'><strong>sunt</strong></span> <span class='ocrx_word' id='word_1_815' title='bbox 2385 4391 2628 4459; x_wconf 84' lang='lat' dir='ltr'><strong>originis,</strong></span> <span class='ocrx_word' id='word_1_816' title='bbox 2647 4401 2700 4444; x_wconf 91' lang='lat' dir='ltr'><strong>ct</strong></span> <span class='ocrx_word' id='word_1_817' title='bbox 2729 4407 2916 4448; x_wconf 85' lang='lat' dir='ltr'><strong>omnes</strong></span> <span class='ocrx_word' id='word_1_818' title='bbox 2933 4395 3259 4450; x_wconf 82' lang='lat' dir='ltr'><strong>masculiuae.</strong></span> <span class='ocrx_word' id='word_1_819' title='bbox 3290 4398 3500 4454; x_wconf 78' lang='lat' dir='ltr'><strong>Modius</strong></span> 
     </span>
    </p>
   </div>
   <div class='ocr_carea' id='block_1_108' title="bbox 1921 4481 3499 4557">
    <p class='ocr_par' dir='ltr' id='par_1_108' title="bbox 1921 4481 3499 4557">
     <span class='ocr_line' id='line_1_108' title="bbox 1921 4481 3499 4557; baseline 0.008 -25"><span class='ocrx_word' id='word_1_820' title='bbox 1921 4483 2054 4535; x_wconf 78' lang='lat' dir='ltr'><strong>meta</strong></span> <span class='ocrx_word' id='word_1_821' title='bbox 2092 4492 2177 4534; x_wconf 91' lang='lat' dir='ltr'><strong>est</strong></span> <span class='ocrx_word' id='word_1_822' title='bbox 2200 4482 2361 4536; x_wconf 85' lang='lat' dir='ltr'><strong>etiam</strong></span> <span class='ocrx_word' id='word_1_823' title='bbox 2385 4496 2582 4545; x_wconf 85' lang='lat' dir='ltr'><strong>masc.,</strong></span> <span class='ocrx_word' id='word_1_824' title='bbox 2626 4481 2721 4536; x_wconf 80' lang='lat' dir='ltr'><strong>sed</strong></span> <span class='ocrx_word' id='word_1_825' title='bbox 2746 4484 2913 4536; x_wconf 80' lang='lat' dir='ltr'><strong>ateina</strong></span> <span class='ocrx_word' id='word_1_826' title='bbox 2949 4484 3072 4538; x_wconf 85' lang='lat' dir='ltr'><strong>ulna</strong></span> <span class='ocrx_word' id='word_1_827' title='bbox 3108 4483 3236 4540; x_wconf 78' lang='lat' dir='ltr'><strong>lem.</strong></span> <span class='ocrx_word' id='word_1_828' title='bbox 3267 4496 3323 4542; x_wconf 91' lang='lat' dir='ltr'><strong>et</strong></span> <span class='ocrx_word' id='word_1_829' title='bbox 3357 4493 3499 4557; x_wconf 64' lang='lat' dir='ltr'><strong>pum!</strong></span> 
     </span>
    </p>
   </div>
   <div class='ocr_carea' id='block_1_109' title="bbox 1919 4571 2258 4627">
    <p class='ocr_par' dir='ltr' id='par_1_109' title="bbox 1919 4571 2258 4627">
     <span class='ocr_line' id='line_1_109' title="bbox 1919 4571 2258 4627; baseline -0.009 -1"><span class='ocrx_word' id='word_1_830' title='bbox 1919 4571 2054 4627; x_wconf 89' lang='lat' dir='ltr'><strong>libra</strong></span> <span class='ocrx_word' id='word_1_831' title='bbox 2083 4585 2258 4626; x_wconf 89' lang='lat' dir='ltr'><strong>neutr.</strong></span> 
     </span>
    </p>
   </div>
   <div class='ocr_carea' id='block_1_110' title="bbox 1995 4665 3496 4737">
    <p class='ocr_par' dir='ltr' id='par_1_110' title="bbox 1995 4665 3496 4737">
     <span class='ocr_line' id='line_1_110' title="bbox 1995 4665 3496 4737; baseline 0.005 -21"><span class='ocrx_word' id='word_1_832' title='bbox 1995 4683 2014 4716; x_wconf 77' lang='lat' dir='ltr'><strong>t</strong></span> <span class='ocrx_word' id='word_1_833' title='bbox 2051 4666 2097 4733; x_wconf 70' lang='grc' dir='ltr'><strong>ι’)</strong></span> <span class='ocrx_word' id='word_1_834' title='bbox 2143 4665 2295 4717; x_wconf 73' lang='lat' dir='ltr'><strong>Cibus</strong></span> <span class='ocrx_word' id='word_1_835' title='bbox 2340 4671 2490 4734; x_wconf 73' lang='lat' dir='ltr'><strong>(mals</strong></span> <span class='ocrx_word' id='word_1_836' title='bbox 2521 4665 2715 4733; x_wconf 70' lang='lat' dir='ltr'><strong>masc.)</strong></span> <span class='ocrx_word' id='word_1_837' title='bbox 2745 4674 2798 4719; x_wconf 90' lang='lat' dir='ltr'><strong>et</strong></span> <span class='ocrx_word' id='word_1_838' title='bbox 2829 4675 2977 4731; x_wconf 74' lang='lat' dir='ltr'><strong>potus</strong></span> <span class='ocrx_word' id='word_1_839' title='bbox 3021 4669 3206 4737; x_wconf 75' lang='lat' dir='ltr'><strong>(dragk</strong></span> <span class='ocrx_word' id='word_1_840' title='bbox 3242 4675 3448 4734; x_wconf 77' lang='lat' dir='ltr'><strong>neutr.)</strong></span> <span class='ocrx_word' id='word_1_841' title='bbox 3483 4693 3496 4729; x_wconf 87' lang='lat'>:</span> 
     </span>
    </p>
   </div>
   <div class='ocr_carea' id='block_1_111' title="bbox 1916 4754 3500 4835">
    <p class='ocr_par' dir='ltr' id='par_1_111' title="bbox 1916 4754 3500 4835">
     <span class='ocr_line' id='line_1_111' title="bbox 1916 4754 3500 4835; baseline 0.007 -29"><span class='ocrx_word' id='word_1_842' title='bbox 1916 4754 2070 4825; x_wconf 73' lang='lat' dir='ltr'><strong>panis</strong></span> <span class='ocrx_word' id='word_1_843' title='bbox 2098 4755 2254 4824; x_wconf 77' lang='lat' dir='ltr'><strong>hlaifs</strong></span> <span class='ocrx_word' id='word_1_844' title='bbox 2283 4770 2449 4809; x_wconf 77' lang='lat' dir='ltr'><strong>masc.</strong></span> <span class='ocrx_word' id='word_1_845' title='bbox 2473 4764 2576 4818; x_wconf 89' lang='lat' dir='ltr'><strong>est,</strong></span> <span class='ocrx_word' id='word_1_846' title='bbox 2612 4755 2777 4809; x_wconf 80' lang='lat' dir='ltr'><strong>farina</strong></span> <span class='ocrx_word' id='word_1_847' title='bbox 2797 4756 2888 4824; x_wconf 83' lang='lat' dir='ltr'><strong>(ex</strong></span> <span class='ocrx_word' id='word_1_848' title='bbox 2920 4772 3056 4825; x_wconf 83' lang='lat' dir='ltr'><strong>aqua</strong></span> <span class='ocrx_word' id='word_1_849' title='bbox 3083 4757 3326 4831; x_wconf 70' lang='lat' dir='ltr'><strong>subacta)</strong></span> <span class='ocrx_word' id='word_1_850' title='bbox 3350 4764 3500 4835; x_wconf 71' lang='lat' dir='ltr'><strong>daigr</strong></span> 
     </span>
    </p>
   </div>
   <div class='ocr_carea' id='block_1_112' title="bbox 1916 4849 3494 4916">
    <p class='ocr_par' dir='ltr' id='par_1_112' title="bbox 1916 4849 3494 4916">
     <span class='ocr_line' id='line_1_112' title="bbox 1916 4849 3494 4916; baseline 0.004 -12"><span class='ocrx_word' id='word_1_851' title='bbox 1916 4850 2079 4905; x_wconf 92' lang='lat' dir='ltr'><strong>etiam</strong></span> <span class='ocrx_word' id='word_1_852' title='bbox 2123 4863 2317 4911; x_wconf 87' lang='lat' dir='ltr'><strong>masc.,</strong></span> <span class='ocrx_word' id='word_1_853' title='bbox 2361 4849 2454 4902; x_wconf 82' lang='lat' dir='ltr'><strong>scd</strong></span> <span class='ocrx_word' id='word_1_854' title='bbox 2493 4849 2812 4902; x_wconf 83' lang='lat' dir='ltr'><strong>fermentum</strong></span> <span class='ocrx_word' id='word_1_855' title='bbox 2844 4849 2966 4901; x_wconf 78' lang='lat' dir='ltr'><strong>beist</strong></span> <span class='ocrx_word' id='word_1_856' title='bbox 2996 4861 3205 4916; x_wconf 87' lang='lat' dir='ltr'><strong>neutr.;</strong></span> <span class='ocrx_word' id='word_1_857' title='bbox 3237 4869 3362 4908; x_wconf 84' lang='lat' dir='ltr'><strong>caro</strong></span> <span class='ocrx_word' id='word_1_858' title='bbox 3386 4857 3494 4911; x_wconf 89' lang='lat' dir='ltr'><strong>vid.</strong></span> 
     </span>
    </p>
   </div>
   <div class='ocr_carea' id='block_1_113' title="bbox 1916 4939 3493 5012">
    <p class='ocr_par' dir='ltr' id='par_1_113' title="bbox 1916 4939 3493 5012">
     <span class='ocr_line' id='line_1_113' title="bbox 1916 4939 3493 5012; baseline 0.003 -16"><span class='ocrx_word' id='word_1_859' title='bbox 1916 4957 2075 5012; x_wconf 85' lang='lat' dir='ltr'><strong>supra</strong></span> <span class='ocrx_word' id='word_1_860' title='bbox 2113 4942 2186 5012; x_wconf 89' lang='lat' dir='ltr'><strong>l).</strong></span> <span class='ocrx_word' id='word_1_861' title='bbox 2218 4944 2401 4996; x_wconf 86' lang='lat' dir='ltr'><strong>Oleum</strong></span> <span class='ocrx_word' id='word_1_862' title='bbox 2429 4939 2560 5002; x_wconf 77' lang='lat' dir='ltr'><strong>aleo,</strong></span> <span class='ocrx_word' id='word_1_863' title='bbox 2584 4941 2687 4994; x_wconf 89' lang='lat' dir='ltr'><strong>mel</strong></span> <span class='ocrx_word' id='word_1_864' title='bbox 2716 4939 2827 4992; x_wconf 83' lang='lat' dir='ltr'><strong>mili</strong></span> <span class='ocrx_word' id='word_1_865' title='bbox 2827 4939 2873 5010; x_wconf 73' lang='lat' dir='ltr'><strong>p</strong></span> <span class='ocrx_word' id='word_1_866' title='bbox 2895 4949 2948 4995; x_wconf 90' lang='lat' dir='ltr'><strong>et</strong></span> <span class='ocrx_word' id='word_1_867' title='bbox 2972 4941 3152 4996; x_wconf 86' lang='lat' dir='ltr'><strong>vinum</strong></span> <span class='ocrx_word' id='word_1_868' title='bbox 3181 4946 3295 4998; x_wconf 77' lang='lat' dir='ltr'><strong>vein</strong></span> <span class='ocrx_word' id='word_1_869' title='bbox 3321 4960 3493 5001; x_wconf 86' lang='lat' dir='ltr'><strong>neutr.</strong></span> 
     </span>
    </p>
   </div>
   <div class='ocr_carea' id='block_1_114' title="bbox 1915 5034 3489 5105">
    <p class='ocr_par' dir='ltr' id='par_1_114' title="bbox 1915 5034 3489 5105">
     <span class='ocr_line' id='line_1_114' title="bbox 1915 5034 3489 5105; baseline 0.004 -15"><span class='ocrx_word' id='word_1_870' title='bbox 1915 5043 2076 5101; x_wconf 87' lang='lat' dir='ltr'><strong>sunt;</strong></span> <span class='ocrx_word' id='word_1_871' title='bbox 2108 5037 2279 5090; x_wconf 87' lang='lat' dir='ltr'><strong>sicera</strong></span> <span class='ocrx_word' id='word_1_872' title='bbox 2307 5034 2485 5105; x_wconf 70' lang='lat' dir='ltr'><strong>leipus</strong></span> <span class='ocrx_word' id='word_1_873' title='bbox 2509 5042 2563 5088; x_wconf 90' lang='lat' dir='ltr'><strong>et</strong></span> <span class='ocrx_word' id='word_1_874' title='bbox 2585 5046 2798 5088; x_wconf 82' lang='lat' dir='ltr'><strong>acetum</strong></span> <span class='ocrx_word' id='word_1_875' title='bbox 2815 5034 2974 5087; x_wconf 69' lang='lat' dir='ltr'><strong>alt&#39;eits</strong></span> <span class='ocrx_word' id='word_1_876' title='bbox 2997 5043 3189 5104; x_wconf 81' lang='lat' dir='ltr'><strong>masc.,</strong></span> <span class='ocrx_word' id='word_1_877' title='bbox 3218 5047 3273 5092; x_wconf 86' lang='lat' dir='ltr'><strong>et</strong></span> <span class='ocrx_word' id='word_1_878' title='bbox 3295 5038 3378 5095; x_wconf 90' lang='lat' dir='ltr'><strong>lac</strong></span> <span class='ocrx_word' id='word_1_879' title='bbox 3403 5057 3489 5095; x_wconf 73' lang='lat' dir='ltr'><strong>ms-</strong></span> 
     </span>
    </p>
   </div>
   <div class='ocr_carea' id='block_1_115' title="bbox 1915 5125 2239 5179">
    <p class='ocr_par' dir='ltr' id='par_1_115' title="bbox 1915 5125 2239 5179">
     <span class='ocr_line' id='line_1_115' title="bbox 1915 5125 2239 5179; baseline -0.006 -1"><span class='ocrx_word' id='word_1_880' title='bbox 1915 5126 2027 5179; x_wconf 71' lang='lat' dir='ltr'><strong>luk:</strong></span> <span class='ocrx_word' id='word_1_881' title='bbox 2056 5125 2178 5179; x_wconf 84' lang='lat' dir='ltr'><strong>lem.</strong></span> <span class='ocrx_word' id='word_1_882' title='bbox 2220 5143 2239 5176; x_wconf 75' lang='grc' dir='ltr'><strong><em>ι</em></strong></span> 
     </span>
    </p>
   </div>
   <div class='ocr_carea' id='block_1_116' title="bbox 1984 5217 3491 5288">
    <p class='ocr_par' dir='ltr' id='par_1_116' title="bbox 1984 5217 3491 5288">
     <span class='ocr_line' id='line_1_116' title="bbox 1984 5217 3491 5288; baseline 0.001 -15"><span class='ocrx_word' id='word_1_883' title='bbox 1984 5219 2044 5288; x_wconf 78' lang='lat'><strong>5)</strong></span> <span class='ocrx_word' id='word_1_884' title='bbox 2077 5220 2312 5273; x_wconf 85' lang='lat' dir='ltr'><strong>Plurima</strong></span> <span class='ocrx_word' id='word_1_885' title='bbox 2361 5217 2643 5280; x_wconf 84' lang='lat' dir='ltr'><strong>vocabula,</strong></span> <span class='ocrx_word' id='word_1_886' title='bbox 2691 5231 2814 5285; x_wconf 66' lang='lat' dir='ltr'><strong>quae</strong></span> <span class='ocrx_word' id='word_1_887' title='bbox 2843 5223 3037 5282; x_wconf 86' lang='lat' dir='ltr'><strong>artem,</strong></span> <span class='ocrx_word' id='word_1_888' title='bbox 3085 5233 3298 5280; x_wconf 87' lang='lat' dir='ltr'><strong>munus.</strong></span> <span class='ocrx_word' id='word_1_889' title='bbox 3333 5237 3491 5287; x_wconf 76' lang='lat' dir='ltr'><strong>nego-</strong></span> 
     </span>
    </p>
   </div>
   <div class='ocr_carea' id='block_1_117' title="bbox 1913 5305 3496 5376">
    <p class='ocr_par' dir='ltr' id='par_1_117' title="bbox 1913 5305 3496 5376">
     <span class='ocr_line' id='line_1_117' title="bbox 1913 5305 3496 5376; baseline 0.001 -13"><span class='ocrx_word' id='word_1_890' title='bbox 1913 5309 2070 5373; x_wconf 88' lang='lat' dir='ltr'><strong>tium,</strong></span> <span class='ocrx_word' id='word_1_891' title='bbox 2101 5308 2406 5361; x_wconf 87' lang='lat' dir='ltr'><strong>ltabitnmve</strong></span> <span class='ocrx_word' id='word_1_892' title='bbox 2429 5306 2753 5374; x_wconf 77' lang='lat' dir='ltr'><strong>signiﬁcant,</strong></span> <span class='ocrx_word' id='word_1_893' title='bbox 2779 5305 2937 5358; x_wconf 90' lang='lat' dir='ltr'><strong>ctiam</strong></span> <span class='ocrx_word' id='word_1_894' title='bbox 2967 5321 3243 5374; x_wconf 85' lang='lat' dir='ltr'><strong>personas,</strong></span> <span class='ocrx_word' id='word_1_895' title='bbox 3273 5323 3388 5376; x_wconf 66' lang='lat' dir='ltr'><strong>qua</strong></span> <span class='ocrx_word' id='word_1_896' title='bbox 3415 5311 3496 5365; x_wconf 82' lang='lat' dir='ltr'><strong>his</strong></span> 
     </span>
    </p>
   </div>
   <div class='ocr_carea' id='block_1_118' title="bbox 1912 5396 3498 5469">
    <p class='ocr_par' dir='ltr' id='par_1_118' title="bbox 1912 5396 3498 5469">
     <span class='ocr_line' id='line_1_118' title="bbox 1912 5396 3498 5469; baseline -0.008 -14"><span class='ocrx_word' id='word_1_897' title='bbox 1912 5411 2049 5465; x_wconf 90' lang='lat' dir='ltr'><strong>arte,</strong></span> <span class='ocrx_word' id='word_1_898' title='bbox 2080 5408 2444 5462; x_wconf 84' lang='lat' dir='ltr'><strong>munere,etc.</strong></span> <span class='ocrx_word' id='word_1_899' title='bbox 2479 5397 2788 5465; x_wconf 79' lang='lat' dir='ltr'><strong>funguntur,</strong></span> <span class='ocrx_word' id='word_1_900' title='bbox 2822 5396 3124 5467; x_wconf 79' lang='lat' dir='ltr'><strong>designant,</strong></span> <span class='ocrx_word' id='word_1_901' title='bbox 3156 5415 3244 5454; x_wconf 78' lang='lat' dir='ltr'><strong>ex.</strong></span> <span class='ocrx_word' id='word_1_902' title='bbox 3274 5413 3356 5469; x_wconf 73' lang='lat' dir='ltr'><strong>gr.</strong></span> <span class='ocrx_word' id='word_1_903' title='bbox 3387 5403 3498 5454; x_wconf 67' lang='grc' dir='ltr'><strong>ταὶ.</strong></span> 
     </span>
    </p>
   </div>
   <div class='ocr_carea' id='block_1_119' title="bbox 1912 5489 3498 5561">
    <p class='ocr_par' dir='ltr' id='par_1_119' title="bbox 1912 5489 3498 5561">
     <span class='ocr_line' id='line_1_119' title="bbox 1912 5489 3498 5561; baseline -0.003 -15"><span class='ocrx_word' id='word_1_904' title='bbox 1912 5509 2000 5546; x_wconf 80' lang='lat' dir='ltr'><strong>rus</strong></span> <span class='ocrx_word' id='word_1_905' title='bbox 2032 5491 2225 5560; x_wconf 81' lang='lat' dir='ltr'><strong>legatio</strong></span> <span class='ocrx_word' id='word_1_906' title='bbox 2250 5501 2305 5544; x_wconf 92' lang='lat' dir='ltr'><strong>et</strong></span> <span class='ocrx_word' id='word_1_907' title='bbox 2334 5491 2558 5560; x_wconf 84' lang='lat' dir='ltr'><strong>legatus,</strong></span> <span class='ocrx_word' id='word_1_908' title='bbox 2588 5501 2776 5561; x_wconf 79' lang='lat' dir='ltr'><strong>gaman</strong></span> <span class='ocrx_word' id='word_1_909' title='bbox 2815 5489 3046 5544; x_wconf 75' lang='lat' dir='ltr'><strong>societas</strong></span> <span class='ocrx_word' id='word_1_910' title='bbox 3089 5497 3145 5543; x_wconf 91' lang='lat' dir='ltr'><strong>et</strong></span> <span class='ocrx_word' id='word_1_911' title='bbox 3189 5489 3389 5556; x_wconf 83' lang='lat' dir='ltr'><strong>socius,</strong></span> <span class='ocrx_word' id='word_1_912' title='bbox 3432 5493 3498 5560; x_wconf 74' lang='lat' dir='ltr'><strong>ﬁ-</strong></span> 
     </span>
    </p>
   </div>
   <div class='ocr_carea' id='block_1_120' title="bbox 1913 5577 3492 5652">
    <p class='ocr_par' dir='ltr' id='par_1_120' title="bbox 1913 5577 3492 5652">
     <span class='ocr_line' id='line_1_120' title="bbox 1913 5577 3492 5652; baseline 0 -17"><span class='ocrx_word' id='word_1_913' title='bbox 1913 5582 2235 5652; x_wconf 74' lang='lat' dir='ltr'><strong>durragineis</strong></span> <span class='ocrx_word' id='word_1_914' title='bbox 2260 5579 2547 5635; x_wconf 85' lang='lat' dir='ltr'><strong>tetrarchia</strong></span> <span class='ocrx_word' id='word_1_915' title='bbox 2580 5589 2634 5633; x_wconf 90' lang='lat' dir='ltr'><strong>ct</strong></span> <span class='ocrx_word' id='word_1_916' title='bbox 2659 5579 2956 5634; x_wconf 83' lang='lat' dir='ltr'><strong>tetrarchas</strong></span> <span class='ocrx_word' id='word_1_917' title='bbox 2978 5578 3124 5648; x_wconf 88' lang='lat' dir='ltr'><strong>(coll.</strong></span> <span class='ocrx_word' id='word_1_918' title='bbox 3151 5577 3216 5632; x_wconf 87' lang='lat' dir='ltr'><strong>ad</strong></span> <span class='ocrx_word' id='word_1_919' title='bbox 3251 5579 3377 5635; x_wconf 86' lang='lat' dir='ltr'><strong>Luc.</strong></span> <span class='ocrx_word' id='word_1_920' title='bbox 3414 5598 3492 5643; x_wconf 81' lang='lat' dir='ltr'><strong>tn,</strong></span> 
     </span>
    </p>
   </div>
   <div class='ocr_carea' id='block_1_121' title="bbox 1917 5669 3491 5746">
    <p class='ocr_par' dir='ltr' id='par_1_121' title="bbox 1917 5669 3491 5746">
     <span class='ocr_line' id='line_1_121' title="bbox 1917 5669 3491 5746; baseline -0.001 -19"><span class='ocrx_word' id='word_1_921' title='bbox 1917 5671 2000 5741; x_wconf 62' lang='lat'><strong>1);</strong></span> <span class='ocrx_word' id='word_1_922' title='bbox 2035 5672 2164 5726; x_wconf 83' lang='lat' dir='ltr'><strong>Luc.</strong></span> <span class='ocrx_word' id='word_1_923' title='bbox 2211 5687 2287 5739; x_wconf 76' lang='lat' dir='ltr'><strong>Ix,</strong></span> <span class='ocrx_word' id='word_1_924' title='bbox 2319 5670 2388 5727; x_wconf 73' lang='lat'><strong>52</strong></span> <span class='ocrx_word' id='word_1_925' title='bbox 2425 5671 2560 5725; x_wconf 66' lang='lat' dir='ltr'><strong>iam</strong></span> <span class='ocrx_word' id='word_1_926' title='bbox 2605 5671 2880 5725; x_wconf 75' lang='lat' dir='ltr'><strong>insandt&#39;da</strong></span> <span class='ocrx_word' id='word_1_927' title='bbox 2926 5669 2990 5721; x_wconf 83' lang='lat' dir='ltr'><strong>ai</strong></span> <span class='ocrx_word' id='word_1_928' title='bbox 3003 5685 3162 5724; x_wconf 67' lang='lat' dir='ltr'><strong>runt</strong></span> <span class='ocrx_word' id='word_1_929' title='bbox 3206 5671 3491 5746; x_wconf 58' lang='grc' dir='ltr'><strong>(ἀγγέλους)</strong></span> 
     </span>
    </p>
   </div>
   <div class='ocr_carea' id='block_1_122' title="bbox 2880 5779 2958 5839">
    <p class='ocr_par' dir='ltr' id='par_1_122' title="bbox 2880 5779 2958 5839">
     <span class='ocr_line' id='line_1_122' title="bbox 2880 5779 2958 5839; baseline 0 0"><span class='ocrx_word' id='word_1_930' title='bbox 2880 5779 2958 5839; x_wconf 64' lang='grc'><strong>36</strong></span> 
     </span>
    </p>
   </div>
  </div>
