  <div class='ocr_page' id='page_1' title='image "/cluster/home/n/w/nwhite01/storage/ocr_20150623/18/hvd.32044023361694/554.png"; bbox 0 0 4044 6210; ppageno 0'>
   <div class='ocr_carea' id='block_1_1' title="bbox 175 289 313 341">
    <p class='ocr_par' dir='ltr' id='par_1_1' title="bbox 175 289 313 341">
     <span class='ocr_line' id='line_1_1' title="bbox 175 289 313 341; baseline 0.022 -2"><span class='ocrx_word' id='word_1_1' title='bbox 175 289 313 341; x_wconf 65' lang='grc'><strong>1089</strong></span> 
     </span>
    </p>
   </div>
   <div class='ocr_carea' id='block_1_2' title="bbox 168 401 1750 465">
    <p class='ocr_par' dir='ltr' id='par_1_2' title="bbox 168 401 1750 465">
     <span class='ocr_line' id='line_1_2' title="bbox 168 401 1750 465; baseline -0.002 -4"><span class='ocrx_word' id='word_1_2' title='bbox 168 401 594 465; x_wconf 58' lang='grc' dir='ltr'>ουιιίτιιὶοιλιηιοο</span> <span class='ocrx_word' id='word_1_3' title='bbox 630 421 736 459; x_wconf 87' lang='lat' dir='ltr'><strong>non</strong></span> <span class='ocrx_word' id='word_1_4' title='bbox 770 406 821 460; x_wconf 89' lang='lat' dir='ltr'><strong>in</strong></span> <span class='ocrx_word' id='word_1_5' title='bbox 851 422 1017 460; x_wconf 88' lang='lat' dir='ltr'><strong>unum</strong></span> <span class='ocrx_word' id='word_1_6' title='bbox 1050 405 1343 460; x_wconf 55' lang='lat' dir='ltr'><strong>coatlunata</strong></span> <span class='ocrx_word' id='word_1_7' title='bbox 1376 402 1641 458; x_wconf 85' lang='lat' dir='ltr'><strong>habentur</strong></span> <span class='ocrx_word' id='word_1_8' title='bbox 1666 404 1750 458; x_wconf 89' lang='lat' dir='ltr'><strong>vcl</strong></span> 
     </span>
    </p>
   </div>
   <div class='ocr_carea' id='block_1_3' title="bbox 169 493 1750 562">
    <p class='ocr_par' dir='ltr' id='par_1_3' title="bbox 169 493 1750 562">
     <span class='ocr_line' id='line_1_3' title="bbox 169 493 1750 562; baseline 0.002 -18"><span class='ocrx_word' id='word_1_9' title='bbox 169 497 496 562; x_wconf 69' lang='lat' dir='ltr'><strong>cogitantur,</strong></span> <span class='ocrx_word' id='word_1_10' title='bbox 530 496 720 562; x_wconf 81' lang='lat' dir='ltr'><strong>t-ujups</strong></span> <span class='ocrx_word' id='word_1_11' title='bbox 753 507 899 557; x_wconf 84' lang='lat' dir='ltr'><strong>vero,</strong></span> <span class='ocrx_word' id='word_1_12' title='bbox 927 493 1015 546; x_wconf 90' lang='lat' dir='ltr'><strong>ubt</strong></span> <span class='ocrx_word' id='word_1_13' title='bbox 1044 494 1113 547; x_wconf 91' lang='lat' dir='ltr'><strong>de</strong></span> <span class='ocrx_word' id='word_1_14' title='bbox 1143 493 1371 562; x_wconf 77' lang='lat' dir='ltr'><strong>objectis</strong></span> <span class='ocrx_word' id='word_1_15' title='bbox 1415 494 1612 548; x_wconf 81' lang='lat' dir='ltr'><strong>diversi</strong></span> <span class='ocrx_word' id='word_1_16' title='bbox 1659 509 1750 562; x_wconf 79' lang='lat' dir='ltr'><strong>ge-</strong></span> 
     </span>
    </p>
   </div>
   <div class='ocr_carea' id='block_1_4' title="bbox 171 583 1753 655">
    <p class='ocr_par' dir='ltr' id='par_1_4' title="bbox 171 583 1753 655">
     <span class='ocr_line' id='line_1_4' title="bbox 171 583 1753 655; baseline 0.003 -20"><span class='ocrx_word' id='word_1_17' title='bbox 171 583 322 637; x_wconf 83' lang='lat' dir='ltr'><strong>neris</strong></span> <span class='ocrx_word' id='word_1_18' title='bbox 371 583 451 636; x_wconf 85' lang='lat' dir='ltr'><strong>vel</strong></span> <span class='ocrx_word' id='word_1_19' title='bbox 501 583 708 637; x_wconf 85' lang='lat' dir='ltr'><strong>duabus</strong></span> <span class='ocrx_word' id='word_1_20' title='bbox 753 586 991 653; x_wconf 87' lang='lat' dir='ltr'><strong>partibus</strong></span> <span class='ocrx_word' id='word_1_21' title='bbox 1037 588 1232 655; x_wconf 82' lang='lat' dir='ltr'><strong>agitur.</strong></span> <span class='ocrx_word' id='word_1_22' title='bbox 1265 587 1418 652; x_wconf 84' lang='lat' dir='ltr'><strong>Quod</strong></span> <span class='ocrx_word' id='word_1_23' title='bbox 1467 587 1753 640; x_wconf 83' lang='lat' dir='ltr'><strong>discrimen</strong></span> 
     </span>
    </p>
   </div>
   <div class='ocr_carea' id='block_1_5' title="bbox 170 673 1756 751">
    <p class='ocr_par' dir='ltr' id='par_1_5' title="bbox 170 673 1756 751">
     <span class='ocr_line' id='line_1_5' title="bbox 170 673 1756 751; baseline 0.003 -24"><span class='ocrx_word' id='word_1_24' title='bbox 170 673 384 727; x_wconf 84' lang='lat' dir='ltr'><strong>Gothus</strong></span> <span class='ocrx_word' id='word_1_25' title='bbox 415 674 602 727; x_wconf 83' lang='lat' dir='ltr'><strong>stricte</strong></span> <span class='ocrx_word' id='word_1_26' title='bbox 631 683 831 739; x_wconf 82' lang='lat' dir='ltr'><strong>servat,</strong></span> <span class='ocrx_word' id='word_1_27' title='bbox 866 677 990 730; x_wconf 89' lang='lat' dir='ltr'><strong>licet</strong></span> <span class='ocrx_word' id='word_1_28' title='bbox 1018 678 1068 731; x_wconf 91' lang='lat' dir='ltr'><strong>in</strong></span> <span class='ocrx_word' id='word_1_29' title='bbox 1109 692 1284 747; x_wconf 59' lang='lat' dir='ltr'><strong>gra&#39;co</strong></span> <span class='ocrx_word' id='word_1_30' title='bbox 1309 685 1455 732; x_wconf 87' lang='lat' dir='ltr'><strong>textu</strong></span> <span class='ocrx_word' id='word_1_31' title='bbox 1482 679 1756 751; x_wconf 65' lang='grc' dir='ltr'><strong>ἀμφότεροι</strong></span> 
     </span>
    </p>
   </div>
   <div class='ocr_carea' id='block_1_6' title="bbox 136 710 1757 854">
    <p class='ocr_par' dir='ltr' id='par_1_6' title="bbox 136 710 1757 854">
     <span class='ocr_line' id='line_1_6' title="bbox 141 710 1756 784; baseline 0.005 -60"><span class='ocrx_word' id='word_1_32' title='bbox 141 710 384 784; x_wconf 48' lang='lat' dir='ltr'><strong>tum&quot;...</strong></span> <span class='ocrx_word' id='word_1_33' title='bbox 415 710 482 726; x_wconf 74' lang='grc' dir='ltr'><strong>ο..</strong></span> <span class='ocrx_word' id='word_1_34' title='bbox 501 710 601 727; x_wconf 58' lang='grc' dir='ltr'><strong>,ων</strong></span> <span class='ocrx_word' id='word_1_35' title='bbox 631 710 707 727; x_wconf 66' lang='grc' dir='ltr'><strong>σι.</strong></span> <span class='ocrx_word' id='word_1_36' title='bbox 729 710 831 739; x_wconf 80' lang='lat'><strong>...,</strong></span> <span class='ocrx_word' id='word_1_37' title='bbox 866 710 990 730; x_wconf 62' lang='grc' dir='ltr'>..υυι</span> <span class='ocrx_word' id='word_1_38' title='bbox 1018 710 1068 731; x_wconf 88' lang='lat'><strong>...</strong></span> <span class='ocrx_word' id='word_1_39' title='bbox 1109 710 1284 747; x_wconf 58' lang='lat'><strong>6...“...</strong></span> <span class='ocrx_word' id='word_1_40' title='bbox 1310 710 1455 732; x_wconf 74' lang='grc' dir='ltr'>ιω...</span> <span class='ocrx_word' id='word_1_41' title='bbox 1482 710 1756 751; x_wconf 61' lang='grc' dir='ltr'><strong>σιμγυῖδμυι</strong></span> 
     </span>
     <span class='ocr_line' id='line_1_7' title="bbox 136 767 1757 854; baseline 0.002 -36"><span class='ocrx_word' id='word_1_42' title='bbox 136 789 144 854; x_wconf 54' lang='grc' dir='ltr'><strong>ς</strong></span> <span class='ocrx_word' id='word_1_43' title='bbox 171 779 272 832; x_wconf 86' lang='lat' dir='ltr'><strong>pro</strong></span> <span class='ocrx_word' id='word_1_44' title='bbox 303 772 531 834; x_wconf 90' lang='lat' dir='ltr'><strong>utroque</strong></span> <span class='ocrx_word' id='word_1_45' title='bbox 563 779 690 818; x_wconf 84' lang='lat' dir='ltr'><strong>casu</strong></span> <span class='ocrx_word' id='word_1_46' title='bbox 720 767 958 820; x_wconf 77' lang='lat' dir='ltr'><strong>inveniat</strong></span> <span class='ocrx_word' id='word_1_47' title='bbox 988 784 1001 820; x_wconf 92' lang='lat'><strong>:</strong></span> <span class='ocrx_word' id='word_1_48' title='bbox 1036 767 1165 823; x_wconf 87' lang='lat' dir='ltr'><strong>Luc.</strong></span> <span class='ocrx_word' id='word_1_49' title='bbox 1208 784 1246 834; x_wconf 92' lang='lat' dir='ltr'><strong>t,</strong></span> <span class='ocrx_word' id='word_1_50' title='bbox 1271 767 1304 823; x_wconf 86' lang='lat'><strong>6</strong></span> <span class='ocrx_word' id='word_1_51' title='bbox 1333 783 1484 822; x_wconf 70' lang='lat' dir='ltr'><strong>ursam</strong></span> <span class='ocrx_word' id='word_1_52' title='bbox 1519 769 1757 839; x_wconf 79' lang='lat' dir='ltr'><strong>garaihla</strong></span> 
     </span>
    </p>
   </div>
   <div class='ocr_carea' id='block_1_7' title="bbox 171 853 1757 927">
    <p class='ocr_par' dir='ltr' id='par_1_7' title="bbox 171 853 1757 927">
     <span class='ocr_line' id='line_1_8' title="bbox 171 853 1757 927; baseline 0.005 -21"><span class='ocrx_word' id='word_1_53' title='bbox 171 853 269 916; x_wconf 74' lang='lat' dir='ltr'><strong>ba,</strong></span> <span class='ocrx_word' id='word_1_54' title='bbox 311 853 514 908; x_wconf 86' lang='lat' dir='ltr'><strong>scilicet</strong></span> <span class='ocrx_word' id='word_1_55' title='bbox 543 853 830 908; x_wconf 79' lang='lat' dir='ltr'><strong>Zacharias</strong></span> <span class='ocrx_word' id='word_1_56' title='bbox 856 867 909 911; x_wconf 91' lang='lat' dir='ltr'><strong>et</strong></span> <span class='ocrx_word' id='word_1_57' title='bbox 943 857 1251 923; x_wconf 70' lang='lat' dir='ltr'><strong>Elfsabetlt;</strong></span> <span class='ocrx_word' id='word_1_58' title='bbox 1284 859 1412 912; x_wconf 83' lang='lat' dir='ltr'><strong>item</strong></span> <span class='ocrx_word' id='word_1_59' title='bbox 1444 873 1523 914; x_wconf 65' lang='lat' dir='ltr'><strong>vs.</strong></span> <span class='ocrx_word' id='word_1_60' title='bbox 1560 861 1614 923; x_wconf 87' lang='lat'><strong>7;</strong></span> <span class='ocrx_word' id='word_1_61' title='bbox 1645 874 1698 927; x_wconf 78' lang='grc' dir='ltr'><strong>ν,</strong></span> <span class='ocrx_word' id='word_1_62' title='bbox 1723 859 1757 914; x_wconf 87' lang='grc'>7</span> 
     </span>
    </p>
   </div>
   <div class='ocr_carea' id='block_1_8' title="bbox 174 946 1759 1019">
    <p class='ocr_par' dir='ltr' id='par_1_8' title="bbox 174 946 1759 1019">
     <span class='ocr_line' id='line_1_9' title="bbox 174 946 1759 1019; baseline 0.004 -20"><span class='ocrx_word' id='word_1_63' title='bbox 174 947 536 1018; x_wconf 73' lang='lat' dir='ltr'><strong>safullideauu</strong></span> <span class='ocrx_word' id='word_1_64' title='bbox 583 947 650 999; x_wconf 89' lang='lat' dir='ltr'><strong>ba</strong></span> <span class='ocrx_word' id='word_1_65' title='bbox 688 946 765 1017; x_wconf 65' lang='lat' dir='ltr'><strong>[ao</strong></span> <span class='ocrx_word' id='word_1_66' title='bbox 793 949 940 1019; x_wconf 79' lang='lat' dir='ltr'><strong>skipa</strong></span> <span class='ocrx_word' id='word_1_67' title='bbox 985 962 1210 1019; x_wconf 87' lang='lat' dir='ltr'><strong>utraque</strong></span> <span class='ocrx_word' id='word_1_68' title='bbox 1253 952 1432 1014; x_wconf 80' lang='lat' dir='ltr'><strong>navis;</strong></span> <span class='ocrx_word' id='word_1_69' title='bbox 1463 967 1536 1018; x_wconf 89' lang='lat' dir='ltr'><strong>vt,</strong></span> <span class='ocrx_word' id='word_1_70' title='bbox 1559 951 1628 1006; x_wconf 83' lang='lat'><strong>59</strong></span> <span class='ocrx_word' id='word_1_71' title='bbox 1654 953 1759 1006; x_wconf 87' lang='lat' dir='ltr'><strong>ibai</strong></span> 
     </span>
    </p>
   </div>
   <div class='ocr_carea' id='block_1_9' title="bbox 173 1037 1763 1114">
    <p class='ocr_par' dir='ltr' id='par_1_9' title="bbox 173 1037 1763 1114">
     <span class='ocr_line' id='line_1_10' title="bbox 173 1037 1763 1114; baseline 0.006 -26"><span class='ocrx_word' id='word_1_72' title='bbox 173 1053 298 1108; x_wconf 86' lang='lat' dir='ltr'><strong>mag</strong></span> <span class='ocrx_word' id='word_1_73' title='bbox 323 1037 493 1090; x_wconf 83' lang='lat' dir='ltr'><strong>blinds</strong></span> <span class='ocrx_word' id='word_1_74' title='bbox 526 1037 770 1090; x_wconf 75' lang='lat' dir='ltr'><strong>bliudanu</strong></span> <span class='ocrx_word' id='word_1_75' title='bbox 795 1041 994 1094; x_wconf 76' lang='lat' dir='ltr'><strong>tiultan.</strong></span> <span class='ocrx_word' id='word_1_76' title='bbox 1034 1042 1126 1094; x_wconf 84' lang='lat' dir='ltr'><strong>niu</strong></span> <span class='ocrx_word' id='word_1_77' title='bbox 1166 1043 1284 1095; x_wconf 79' lang='lat' dir='ltr'><strong>bai</strong></span> <span class='ocrx_word' id='word_1_78' title='bbox 1322 1043 1373 1095; x_wconf 84' lang='lat' dir='ltr'><strong>in</strong></span> <span class='ocrx_word' id='word_1_79' title='bbox 1417 1044 1506 1102; x_wconf 79' lang='lat' dir='ltr'><strong>da!</strong></span> <span class='ocrx_word' id='word_1_80' title='bbox 1548 1044 1763 1114; x_wconf 83' lang='lat' dir='ltr'><strong>gadriu-</strong></span> 
     </span>
    </p>
   </div>
   <div class='ocr_carea' id='block_1_10' title="bbox 171 1131 1762 1206">
    <p class='ocr_par' dir='ltr' id='par_1_10' title="bbox 171 1131 1762 1206">
     <span class='ocr_line' id='line_1_11' title="bbox 171 1131 1762 1206; baseline 0.003 -23"><span class='ocrx_word' id='word_1_81' title='bbox 171 1131 342 1193; x_wconf 81' lang='lat' dir='ltr'><strong>saud;</strong></span> <span class='ocrx_word' id='word_1_82' title='bbox 373 1147 459 1184; x_wconf 85' lang='lat' dir='ltr'><strong>vtt.</strong></span> <span class='ocrx_word' id='word_1_83' title='bbox 495 1133 551 1183; x_wconf 75' lang='grc'><strong>41</strong></span> <span class='ocrx_word' id='word_1_84' title='bbox 582 1132 694 1183; x_wconf 81' lang='lat' dir='ltr'><strong>aius</strong></span> <span class='ocrx_word' id='word_1_85' title='bbox 716 1131 902 1184; x_wconf 67' lang='lat' dir='ltr'><strong>skulda</strong></span> <span class='ocrx_word' id='word_1_86' title='bbox 931 1133 1094 1185; x_wconf 79' lang='lat' dir='ltr'><strong>skane</strong></span> <span class='ocrx_word' id='word_1_87' title='bbox 1134 1133 1443 1203; x_wconf 74' lang='lat' dir='ltr'><strong>ﬁmflmnda,</strong></span> <span class='ocrx_word' id='word_1_88' title='bbox 1478 1134 1544 1206; x_wconf 70' lang='lat' dir='ltr'><strong>i1)</strong></span> <span class='ocrx_word' id='word_1_89' title='bbox 1584 1135 1762 1205; x_wconf 72' lang='lat' dir='ltr'><strong>anpar</strong></span> 
     </span>
    </p>
   </div>
   <div class='ocr_carea' id='block_1_11' title="bbox 174 1223 1754 1296">
    <p class='ocr_par' dir='ltr' id='par_1_11' title="bbox 174 1223 1754 1296">
     <span class='ocr_line' id='line_1_12' title="bbox 174 1223 1754 1296; baseline 0.003 -22"><span class='ocrx_word' id='word_1_90' title='bbox 174 1223 486 1293; x_wconf 76' lang='lat' dir='ltr'><strong>ﬁnifligttns.</strong></span> <span class='ocrx_word' id='word_1_91' title='bbox 533 1223 601 1275; x_wconf 69' lang='grc'><strong>42</strong></span> <span class='ocrx_word' id='word_1_92' title='bbox 647 1224 700 1275; x_wconf 87' lang='lat' dir='ltr'><strong>ni</strong></span> <span class='ocrx_word' id='word_1_93' title='bbox 729 1223 1023 1276; x_wconf 81' lang='lat' dir='ltr'><strong>Itabaudam</strong></span> <span class='ocrx_word' id='word_1_94' title='bbox 1068 1223 1210 1294; x_wconf 74' lang='lat' dir='ltr'><strong>[)au,</strong></span> <span class='ocrx_word' id='word_1_95' title='bbox 1243 1225 1423 1296; x_wconf 57' lang='lat' dir='ltr'><strong>umbro</strong></span> <span class='ocrx_word' id='word_1_96' title='bbox 1467 1227 1754 1295; x_wconf 80' lang='lat' dir='ltr'><strong>usgcbeina,</strong></span> 
     </span>
    </p>
   </div>
   <div class='ocr_carea' id='block_1_12' title="bbox 182 1313 1760 1386">
    <p class='ocr_par' dir='ltr' id='par_1_12' title="bbox 182 1313 1760 1386">
     <span class='ocr_line' id='line_1_13' title="bbox 182 1313 1760 1386; baseline 0.003 -22"><span class='ocrx_word' id='word_1_97' title='bbox 182 1314 361 1365; x_wconf 89' lang='lat' dir='ltr'><strong>baim</strong></span> <span class='ocrx_word' id='word_1_98' title='bbox 401 1313 582 1383; x_wconf 76' lang='lat' dir='ltr'><strong>fman</strong></span> <span class='ocrx_word' id='word_1_99' title='bbox 609 1314 846 1382; x_wconf 87' lang='lat' dir='ltr'><strong>utrique,</strong></span> <span class='ocrx_word' id='word_1_100' title='bbox 893 1315 943 1367; x_wconf 86' lang='lat' dir='ltr'><strong>id</strong></span> <span class='ocrx_word' id='word_1_101' title='bbox 986 1323 1089 1377; x_wconf 88' lang='lat' dir='ltr'><strong>cst,</strong></span> <span class='ocrx_word' id='word_1_102' title='bbox 1119 1315 1382 1386; x_wconf 76' lang='lat' dir='ltr'><strong>ambobus</strong></span> <span class='ocrx_word' id='word_1_103' title='bbox 1427 1315 1760 1369; x_wconf 76' lang='lat' dir='ltr'><strong>debitoribus</strong></span> 
     </span>
    </p>
   </div>
   <div class='ocr_carea' id='block_1_13' title="bbox 176 1403 1759 1477">
    <p class='ocr_par' dir='ltr' id='par_1_13' title="bbox 176 1403 1759 1477">
     <span class='ocr_line' id='line_1_14' title="bbox 176 1403 1759 1477; baseline 0.003 -22"><span class='ocrx_word' id='word_1_104' title='bbox 176 1418 275 1470; x_wconf 86' lang='lat' dir='ltr'><strong>per</strong></span> <span class='ocrx_word' id='word_1_105' title='bbox 311 1403 704 1470; x_wconf 77' lang='lat' dir='ltr'><strong>oppositionrtn</strong></span> <span class='ocrx_word' id='word_1_106' title='bbox 747 1404 813 1457; x_wconf 85' lang='lat' dir='ltr'><strong>ad</strong></span> <span class='ocrx_word' id='word_1_107' title='bbox 858 1405 1214 1467; x_wconf 79' lang='lat' dir='ltr'><strong>creditorem;</strong></span> <span class='ocrx_word' id='word_1_108' title='bbox 1250 1407 1385 1474; x_wconf 86' lang='lat' dir='ltr'><strong>Eph.</strong></span> <span class='ocrx_word' id='word_1_109' title='bbox 1419 1422 1474 1470; x_wconf 90' lang='lat' dir='ltr'><strong>tt,</strong></span> <span class='ocrx_word' id='word_1_110' title='bbox 1508 1408 1576 1462; x_wconf 75' lang='lat' dir='ltr'><strong>M</strong></span> <span class='ocrx_word' id='word_1_111' title='bbox 1615 1419 1759 1477; x_wconf 81' lang='lat' dir='ltr'><strong>gata-</strong></span> 
     </span>
    </p>
   </div>
   <div class='ocr_carea' id='block_1_14' title="bbox 172 1494 1761 1569">
    <p class='ocr_par' dir='ltr' id='par_1_14' title="bbox 172 1494 1761 1569">
     <span class='ocr_line' id='line_1_15' title="bbox 172 1494 1761 1569; baseline 0.006 -23"><span class='ocrx_word' id='word_1_112' title='bbox 172 1496 295 1547; x_wconf 78' lang='lat' dir='ltr'><strong>vida</strong></span> <span class='ocrx_word' id='word_1_113' title='bbox 324 1494 402 1565; x_wconf 71' lang='lat' dir='ltr'><strong>po</strong></span> <span class='ocrx_word' id='word_1_114' title='bbox 432 1499 503 1548; x_wconf 86' lang='lat' dir='ltr'><strong>ba</strong></span> <span class='ocrx_word' id='word_1_115' title='bbox 544 1497 616 1548; x_wconf 85' lang='lat' dir='ltr'><strong>du</strong></span> <span class='ocrx_word' id='word_1_116' title='bbox 645 1497 851 1560; x_wconf 81' lang='lat' dir='ltr'><strong>samin;</strong></span> <span class='ocrx_word' id='word_1_117' title='bbox 881 1495 946 1550; x_wconf 81' lang='grc'><strong>16</strong></span> <span class='ocrx_word' id='word_1_118' title='bbox 986 1498 1274 1568; x_wconf 66' lang='grc' dir='ltr'><strong>σαίνὶβοάα</strong></span> <span class='ocrx_word' id='word_1_119' title='bbox 1315 1499 1456 1569; x_wconf 76' lang='lat' dir='ltr'><strong>[mm</strong></span> <span class='ocrx_word' id='word_1_120' title='bbox 1495 1500 1522 1552; x_wconf 76' lang='grc' dir='ltr'><strong><em>ὸ</em></strong></span> <span class='ocrx_word' id='word_1_121' title='bbox 1544 1517 1574 1551; x_wconf 89' lang='lat' dir='ltr'><strong>a</strong></span> <span class='ocrx_word' id='word_1_122' title='bbox 1597 1517 1670 1552; x_wconf 86' lang='lat' dir='ltr'><strong>ns</strong></span> <span class='ocrx_word' id='word_1_123' title='bbox 1705 1503 1761 1555; x_wconf 87' lang='lat' dir='ltr'><strong>in</strong></span> 
     </span>
    </p>
   </div>
   <div class='ocr_carea' id='block_1_15' title="bbox 174 1586 1758 1658">
    <p class='ocr_par' dir='ltr' id='par_1_15' title="bbox 174 1586 1758 1658">
     <span class='ocr_line' id='line_1_16' title="bbox 174 1586 1758 1658; baseline 0.005 -22"><span class='ocrx_word' id='word_1_124' title='bbox 174 1587 439 1638; x_wconf 71' lang='lat' dir='ltr'><strong>«inanima</strong></span> <span class='ocrx_word' id='word_1_125' title='bbox 468 1586 596 1639; x_wconf 85' lang='lat' dir='ltr'><strong>leika</strong></span> <span class='ocrx_word' id='word_1_126' title='bbox 619 1586 789 1658; x_wconf 67' lang='lat' dir='ltr'><strong>gupa.</strong></span> <span class='ocrx_word' id='word_1_127' title='bbox 808 1588 847 1640; x_wconf 77' lang='grc' dir='ltr'>Ε</span> <span class='ocrx_word' id='word_1_128' title='bbox 865 1592 1135 1642; x_wconf 78' lang='lat' dir='ltr'><strong>contrario</strong></span> <span class='ocrx_word' id='word_1_129' title='bbox 1166 1589 1386 1655; x_wconf 57' lang='lat' dir='ltr'><strong>althax,</strong></span> <span class='ocrx_word' id='word_1_130' title='bbox 1406 1591 1467 1644; x_wconf 90' lang='grc'><strong>17</strong></span> <span class='ocrx_word' id='word_1_131' title='bbox 1483 1601 1538 1645; x_wconf 84' lang='lat' dir='ltr'><strong>et</strong></span> <span class='ocrx_word' id='word_1_132' title='bbox 1561 1591 1758 1656; x_wconf 86' lang='lat' dir='ltr'><strong>Luc.v,</strong></span> 
     </span>
    </p>
   </div>
   <div class='ocr_carea' id='block_1_16' title="bbox 175 1676 1763 1752">
    <p class='ocr_par' dir='ltr' id='par_1_16' title="bbox 175 1676 1763 1752">
     <span class='ocr_line' id='line_1_17' title="bbox 175 1676 1763 1752; baseline 0.001 -21"><span class='ocrx_word' id='word_1_133' title='bbox 175 1677 248 1731; x_wconf 78' lang='grc'><strong>58</strong></span> <span class='ocrx_word' id='word_1_134' title='bbox 273 1676 488 1745; x_wconf 62' lang='grc' dir='ltr'><strong>ςιὶιιιαηίι</strong></span> <span class='ocrx_word' id='word_1_135' title='bbox 516 1677 625 1729; x_wconf 76' lang='lat' dir='ltr'><strong>vein</strong></span> <span class='ocrx_word' id='word_1_136' title='bbox 638 1679 861 1749; x_wconf 81' lang='lat' dir='ltr'><strong>juggata</strong></span> <span class='ocrx_word' id='word_1_137' title='bbox 890 1680 945 1731; x_wconf 85' lang='lat' dir='ltr'><strong>in</strong></span> <span class='ocrx_word' id='word_1_138' title='bbox 977 1678 1177 1749; x_wconf 77' lang='lat' dir='ltr'><strong>balgins</strong></span> <span class='ocrx_word' id='word_1_139' title='bbox 1199 1681 1408 1751; x_wconf 82' lang='lat' dir='ltr'><strong>niujans</strong></span> <span class='ocrx_word' id='word_1_140' title='bbox 1421 1680 1518 1751; x_wconf 79' lang='lat' dir='ltr'><strong>jult</strong></span> <span class='ocrx_word' id='word_1_141' title='bbox 1560 1681 1588 1734; x_wconf 84' lang='lat' dir='ltr'><strong>b</strong></span> <span class='ocrx_word' id='word_1_142' title='bbox 1609 1681 1682 1752; x_wconf 87' lang='lat' dir='ltr'><strong>a</strong></span> <span class='ocrx_word' id='word_1_143' title='bbox 1703 1699 1763 1733; x_wconf 89' lang='grc' dir='ltr'><strong>ο-</strong></span> 
     </span>
    </p>
   </div>
   <div class='ocr_carea' id='block_1_17' title="bbox 176 1767 1758 1843">
    <p class='ocr_par' dir='ltr' id='par_1_17' title="bbox 176 1767 1758 1843">
     <span class='ocr_line' id='line_1_18' title="bbox 176 1767 1758 1843; baseline 0.003 -24"><span class='ocrx_word' id='word_1_144' title='bbox 176 1769 330 1841; x_wconf 74' lang='lat' dir='ltr'><strong>pum</strong></span> <span class='ocrx_word' id='word_1_145' title='bbox 371 1767 588 1839; x_wconf 87' lang='lat' dir='ltr'><strong>(viuum</strong></span> <span class='ocrx_word' id='word_1_146' title='bbox 621 1769 826 1824; x_wconf 83' lang='lat' dir='ltr'><strong>scilicet</strong></span> <span class='ocrx_word' id='word_1_147' title='bbox 879 1779 935 1824; x_wconf 87' lang='lat' dir='ltr'><strong>et</strong></span> <span class='ocrx_word' id='word_1_148' title='bbox 990 1772 1168 1842; x_wconf 86' lang='lat' dir='ltr'><strong>utres)</strong></span> <span class='ocrx_word' id='word_1_149' title='bbox 1224 1771 1572 1843; x_wconf 82' lang='lat' dir='ltr'><strong>gabairgada;</strong></span> <span class='ocrx_word' id='word_1_150' title='bbox 1623 1770 1758 1838; x_wconf 76' lang='lat' dir='ltr'><strong>Eph.</strong></span> 
     </span>
    </p>
   </div>
   <div class='ocr_carea' id='block_1_18' title="bbox 177 1860 1763 1934">
    <p class='ocr_par' dir='ltr' id='par_1_18' title="bbox 177 1860 1763 1934">
     <span class='ocr_line' id='line_1_19' title="bbox 177 1860 1763 1934; baseline 0.001 -21"><span class='ocrx_word' id='word_1_151' title='bbox 177 1876 236 1922; x_wconf 89' lang='lat' dir='ltr'><strong>tl,</strong></span> <span class='ocrx_word' id='word_1_152' title='bbox 273 1862 362 1922; x_wconf 83' lang='grc'><strong>17,</strong></span> <span class='ocrx_word' id='word_1_153' title='bbox 413 1862 481 1915; x_wconf 89' lang='grc'><strong>18</strong></span> <span class='ocrx_word' id='word_1_154' title='bbox 531 1860 772 1931; x_wconf 70' lang='lat' dir='ltr'><strong>gavairIJi</strong></span> <span class='ocrx_word' id='word_1_155' title='bbox 821 1861 949 1915; x_wconf 80' lang='lat' dir='ltr'><strong>izris</strong></span> <span class='ocrx_word' id='word_1_156' title='bbox 996 1864 1138 1934; x_wconf 79' lang='lat' dir='ltr'><strong>jnzei</strong></span> <span class='ocrx_word' id='word_1_157' title='bbox 1175 1864 1336 1932; x_wconf 78' lang='lat' dir='ltr'><strong>fairra</strong></span> <span class='ocrx_word' id='word_1_158' title='bbox 1381 1863 1478 1930; x_wconf 79' lang='lat' dir='ltr'><strong>jah</strong></span> <span class='ocrx_word' id='word_1_159' title='bbox 1523 1862 1763 1934; x_wconf 65' lang='lat' dir='ltr'><strong>guvairlii</strong></span> 
     </span>
    </p>
   </div>
   <div class='ocr_carea' id='block_1_19' title="bbox 177 1953 1761 2026">
    <p class='ocr_par' dir='ltr' id='par_1_19' title="bbox 177 1953 1761 2026">
     <span class='ocr_line' id='line_1_20' title="bbox 177 1953 1761 2026; baseline 0.001 -21"><span class='ocrx_word' id='word_1_160' title='bbox 177 1953 329 2022; x_wconf 75' lang='grc' dir='ltr'><strong>Ῑωὶηι</strong></span> <span class='ocrx_word' id='word_1_161' title='bbox 396 1954 493 2005; x_wconf 77' lang='lat' dir='ltr'><strong>izci</strong></span> <span class='ocrx_word' id='word_1_162' title='bbox 566 1970 704 2006; x_wconf 79' lang='lat' dir='ltr'><strong>newa</strong></span> <span class='ocrx_word' id='word_1_163' title='bbox 762 1963 882 2009; x_wconf 76' lang='lat' dir='ltr'><strong>mite</strong></span> <span class='ocrx_word' id='word_1_164' title='bbox 955 1955 1116 2026; x_wconf 76' lang='lat' dir='ltr'><strong>[)airh</strong></span> <span class='ocrx_word' id='word_1_165' title='bbox 1184 1958 1272 2008; x_wconf 81' lang='lat' dir='ltr'><strong>ina</strong></span> <span class='ocrx_word' id='word_1_166' title='bbox 1336 1955 1517 2009; x_wconf 77' lang='lat' dir='ltr'><strong>liabant</strong></span> <span class='ocrx_word' id='word_1_167' title='bbox 1575 1965 1761 2026; x_wconf 80' lang='lat' dir='ltr'><strong>ulgagg</strong></span> 
     </span>
    </p>
   </div>
   <div class='ocr_carea' id='block_1_20' title="bbox 179 2042 1761 2113">
    <p class='ocr_par' dir='ltr' id='par_1_20' title="bbox 179 2042 1761 2113">
     <span class='ocr_line' id='line_1_21' title="bbox 179 2042 1761 2113; baseline 0.001 -18"><span class='ocrx_word' id='word_1_168' title='bbox 179 2042 444 2113; x_wconf 69' lang='lat' dir='ltr'><strong>baonJS</strong></span> <span class='ocrx_word' id='word_1_169' title='bbox 495 2045 510 2111; x_wconf 95' lang='lat'>(</span> <span class='ocrx_word' id='word_1_170' title='bbox 549 2058 738 2111; x_wconf 83' lang='lat' dir='ltr'><strong>nempe</strong></span> <span class='ocrx_word' id='word_1_171' title='bbox 784 2058 879 2097; x_wconf 87' lang='lat' dir='ltr'><strong>vos</strong></span> <span class='ocrx_word' id='word_1_172' title='bbox 929 2052 983 2097; x_wconf 86' lang='lat' dir='ltr'><strong>et</strong></span> <span class='ocrx_word' id='word_1_173' title='bbox 1033 2060 1131 2098; x_wconf 91' lang='lat' dir='ltr'><strong>nos</strong></span> <span class='ocrx_word' id='word_1_174' title='bbox 1171 2059 1236 2100; x_wconf 90' lang='lat' dir='ltr'><strong>ex</strong></span> <span class='ocrx_word' id='word_1_175' title='bbox 1285 2045 1495 2098; x_wconf 78' lang='lat' dir='ltr'><strong>diversa</strong></span> <span class='ocrx_word' id='word_1_176' title='bbox 1563 2044 1761 2112; x_wconf 83' lang='lat' dir='ltr'><strong>parte)</strong></span> 
     </span>
    </p>
   </div>
   <div class='ocr_carea' id='block_1_21' title="bbox 179 2131 1765 2204">
    <p class='ocr_par' dir='ltr' id='par_1_21' title="bbox 179 2131 1765 2204">
     <span class='ocr_line' id='line_1_22' title="bbox 179 2131 1765 2204; baseline 0.002 -21"><span class='ocrx_word' id='word_1_177' title='bbox 179 2133 252 2184; x_wconf 86' lang='lat' dir='ltr'><strong>du</strong></span> <span class='ocrx_word' id='word_1_178' title='bbox 294 2133 449 2194; x_wconf 80' lang='lat' dir='ltr'><strong>attin;</strong></span> <span class='ocrx_word' id='word_1_179' title='bbox 481 2131 660 2197; x_wconf 78' lang='lat' dir='ltr'><strong>Skcir,</strong></span> <span class='ocrx_word' id='word_1_180' title='bbox 718 2131 758 2184; x_wconf 92' lang='lat' dir='ltr'><strong>ll</strong></span> <span class='ocrx_word' id='word_1_181' title='bbox 787 2175 800 2196; x_wconf 96' lang='lat'><strong>,</strong></span> <span class='ocrx_word' id='word_1_182' title='bbox 854 2131 887 2185; x_wconf 94' lang='lat' dir='ltr'><strong>d</strong></span> <span class='ocrx_word' id='word_1_183' title='bbox 933 2142 1039 2186; x_wconf 73' lang='lat' dir='ltr'><strong>(vos</strong></span> <span class='ocrx_word' id='word_1_184' title='bbox 1067 2133 1376 2204; x_wconf 85' lang='lat' dir='ltr'><strong>ganamm&#39;da</strong></span> <span class='ocrx_word' id='word_1_185' title='bbox 1419 2134 1581 2187; x_wconf 79' lang='lat' dir='ltr'><strong>vni/us</strong></span> <span class='ocrx_word' id='word_1_186' title='bbox 1627 2149 1765 2186; x_wconf 80' lang='lat' dir='ltr'><strong>svesa</strong></span> 
     </span>
    </p>
   </div>
   <div class='ocr_carea' id='block_1_22' title="bbox 178 2221 1766 2296">
    <p class='ocr_par' dir='ltr' id='par_1_22' title="bbox 178 2221 1766 2296">
     <span class='ocr_line' id='line_1_23' title="bbox 178 2221 1766 2296; baseline 0.003 -23"><span class='ocrx_word' id='word_1_187' title='bbox 178 2223 209 2273; x_wconf 75' lang='grc' dir='ltr'><strong>ὁ</strong></span> <span class='ocrx_word' id='word_1_188' title='bbox 231 2225 303 2293; x_wconf 88' lang='lat' dir='ltr'><strong>aj</strong></span> <span class='ocrx_word' id='word_1_189' title='bbox 323 2221 520 2293; x_wconf 70' lang='lat' dir='ltr'><strong>opum</strong></span> <span class='ocrx_word' id='word_1_190' title='bbox 562 2221 848 2292; x_wconf 87' lang='lat' dir='ltr'><strong>(nimirum</strong></span> <span class='ocrx_word' id='word_1_191' title='bbox 882 2237 1078 2291; x_wconf 88' lang='lat' dir='ltr'><strong>corpus</strong></span> <span class='ocrx_word' id='word_1_192' title='bbox 1109 2235 1164 2280; x_wconf 89' lang='lat' dir='ltr'><strong>et</strong></span> <span class='ocrx_word' id='word_1_193' title='bbox 1209 2225 1425 2296; x_wconf 89' lang='lat' dir='ltr'><strong>anima)</strong></span> <span class='ocrx_word' id='word_1_194' title='bbox 1452 2225 1521 2278; x_wconf 87' lang='lat' dir='ltr'><strong>du</strong></span> <span class='ocrx_word' id='word_1_195' title='bbox 1551 2225 1766 2294; x_wconf 79' lang='lat' dir='ltr'><strong>daupei-</strong></span> 
     </span>
    </p>
   </div>
   <div class='ocr_carea' id='block_1_23' title="bbox 178 2312 1764 2385">
    <p class='ocr_par' dir='ltr' id='par_1_23' title="bbox 178 2312 1764 2385">
     <span class='ocr_line' id='line_1_24' title="bbox 178 2312 1764 2385; baseline 0.004 -23"><span class='ocrx_word' id='word_1_196' title='bbox 178 2314 294 2364; x_wconf 82' lang='lat' dir='ltr'><strong>nais</strong></span> <span class='ocrx_word' id='word_1_197' title='bbox 327 2313 630 2379; x_wconf 63' lang='lat' dir='ltr'><strong>garehsnxti;</strong></span> <span class='ocrx_word' id='word_1_198' title='bbox 662 2312 744 2377; x_wconf 86' lang='lat' dir='ltr'><strong>Ill,</strong></span> <span class='ocrx_word' id='word_1_199' title='bbox 775 2327 806 2366; x_wconf 85' lang='lat' dir='ltr'><strong>a</strong></span> <span class='ocrx_word' id='word_1_200' title='bbox 868 2312 1201 2385; x_wconf 65' lang='lat' dir='ltr'><strong>bajobum</strong></span> <span class='ocrx_word' id='word_1_201' title='bbox 1239 2315 1482 2384; x_wconf 89' lang='lat' dir='ltr'><strong>(scilicet</strong></span> <span class='ocrx_word' id='word_1_202' title='bbox 1529 2314 1764 2370; x_wconf 76' lang='lat' dir='ltr'><strong>Joannes</strong></span> 
     </span>
    </p>
   </div>
   <div class='ocr_carea' id='block_1_24' title="bbox 185 2401 1768 2478">
    <p class='ocr_par' dir='ltr' id='par_1_24' title="bbox 185 2401 1768 2478">
     <span class='ocr_line' id='line_1_25' title="bbox 185 2401 1768 2478; baseline 0.004 -24"><span class='ocrx_word' id='word_1_203' title='bbox 185 2413 240 2455; x_wconf 89' lang='lat' dir='ltr'><strong>et</strong></span> <span class='ocrx_word' id='word_1_204' title='bbox 262 2404 354 2454; x_wconf 58' lang='lat' dir='ltr'><strong>Ch;</strong></span> <span class='ocrx_word' id='word_1_205' title='bbox 376 2401 529 2466; x_wconf 75' lang='lat' dir='ltr'><strong>i~tus,</strong></span> <span class='ocrx_word' id='word_1_206' title='bbox 557 2403 645 2470; x_wconf 82' lang='lat' dir='ltr'><strong>qui</strong></span> <span class='ocrx_word' id='word_1_207' title='bbox 677 2405 775 2458; x_wconf 86' lang='lat' dir='ltr'><strong>sub</strong></span> <span class='ocrx_word' id='word_1_208' title='bbox 804 2415 1049 2472; x_wconf 87' lang='lat' dir='ltr'><strong>respectu</strong></span> <span class='ocrx_word' id='word_1_209' title='bbox 1095 2407 1436 2476; x_wconf 84' lang='lat' dir='ltr'><strong>baptismatis</strong></span> <span class='ocrx_word' id='word_1_210' title='bbox 1478 2406 1511 2462; x_wconf 90' lang='lat' dir='ltr'><strong>b</strong></span> <span class='ocrx_word' id='word_1_211' title='bbox 1534 2423 1564 2462; x_wconf 95' lang='lat' dir='ltr'><strong>c</strong></span> <span class='ocrx_word' id='word_1_212' title='bbox 1600 2422 1768 2478; x_wconf 80' lang='lat' dir='ltr'><strong>Oppo-</strong></span> 
     </span>
    </p>
   </div>
   <div class='ocr_carea' id='block_1_25' title="bbox 179 2491 1768 2569">
    <p class='ocr_par' dir='ltr' id='par_1_25' title="bbox 179 2491 1768 2569">
     <span class='ocr_line' id='line_1_26' title="bbox 179 2491 1768 2569; baseline 0.006 -24"><span class='ocrx_word' id='word_1_213' title='bbox 179 2491 418 2562; x_wconf 70' lang='lat' dir='ltr'><strong>nvulur)</strong></span> <span class='ocrx_word' id='word_1_214' title='bbox 456 2495 810 2565; x_wconf 83' lang='lat' dir='ltr'><strong>duupjandam</strong></span> <span class='ocrx_word' id='word_1_215' title='bbox 837 2497 935 2566; x_wconf 76' lang='lat' dir='ltr'><strong>jali</strong></span> <span class='ocrx_word' id='word_1_216' title='bbox 964 2497 1437 2569; x_wconf 66' lang='lat' dir='ltr'><strong>ainwaparammeh</strong></span> <span class='ocrx_word' id='word_1_217' title='bbox 1461 2501 1604 2554; x_wconf 77' lang='lat' dir='ltr'><strong>scina</strong></span> <span class='ocrx_word' id='word_1_218' title='bbox 1638 2517 1768 2554; x_wconf 81' lang='lat' dir='ltr'><strong>ana-</strong></span> 
     </span>
    </p>
   </div>
   <div class='ocr_carea' id='block_1_26' title="bbox 180 2584 1763 2656">
    <p class='ocr_par' dir='ltr' id='par_1_26' title="bbox 180 2584 1763 2656">
     <span class='ocr_line' id='line_1_27' title="bbox 180 2584 1763 2656; baseline 0.006 -22"><span class='ocrx_word' id='word_1_219' title='bbox 180 2584 475 2651; x_wconf 71' lang='lat' dir='ltr'><strong>[il/iamiam</strong></span> <span class='ocrx_word' id='word_1_220' title='bbox 505 2585 723 2653; x_wconf 75' lang='lat' dir='ltr'><strong>danpein</strong></span> <span class='ocrx_word' id='word_1_221' title='bbox 755 2586 823 2637; x_wconf 82' lang='lat' dir='ltr'><strong>mi</strong></span> <span class='ocrx_word' id='word_1_222' title='bbox 828 2585 871 2656; x_wconf 68' lang='lat'><strong>1;</strong></span> <span class='ocrx_word' id='word_1_223' title='bbox 892 2587 962 2639; x_wconf 85' lang='lat' dir='ltr'><strong>sis</strong></span> <span class='ocrx_word' id='word_1_224' title='bbox 983 2589 1136 2641; x_wconf 88' lang='lat' dir='ltr'><strong>misso</strong></span> <span class='ocrx_word' id='word_1_225' title='bbox 1166 2588 1241 2641; x_wconf 80' lang='lat' dir='ltr'><strong>sik</strong></span> <span class='ocrx_word' id='word_1_226' title='bbox 1266 2591 1543 2643; x_wconf 80' lang='lat' dir='ltr'><strong>adrutmun</strong></span> <span class='ocrx_word' id='word_1_227' title='bbox 1575 2593 1763 2643; x_wconf 86' lang='lat' dir='ltr'><strong>sumai.</strong></span> 
     </span>
    </p>
   </div>
   <div class='ocr_carea' id='block_1_27' title="bbox 257 2675 1766 2751">
    <p class='ocr_par' dir='ltr' id='par_1_27' title="bbox 257 2675 1766 2751">
     <span class='ocr_line' id='line_1_28' title="bbox 257 2675 1766 2751; baseline 0.009 -27"><span class='ocrx_word' id='word_1_228' title='bbox 257 2691 278 2724; x_wconf 74' lang='grc' dir='ltr'><strong>ι</strong></span> <span class='ocrx_word' id='word_1_229' title='bbox 310 2678 369 2744; x_wconf 85' lang='lat' dir='ltr'><strong>d)</strong></span> <span class='ocrx_word' id='word_1_230' title='bbox 417 2675 602 2740; x_wconf 83' lang='lat' dir='ltr'><strong>Quoad</strong></span> <span class='ocrx_word' id='word_1_231' title='bbox 667 2690 821 2729; x_wconf 90' lang='lat' dir='ltr'><strong>nsum</strong></span> <span class='ocrx_word' id='word_1_232' title='bbox 852 2677 1235 2733; x_wconf 83' lang='lat' dir='ltr'><strong>vocabulorum</strong></span> <span class='ocrx_word' id='word_1_233' title='bbox 1265 2679 1378 2733; x_wconf 83' lang='lat' dir='ltr'><strong>ains</strong></span> <span class='ocrx_word' id='word_1_234' title='bbox 1406 2688 1461 2734; x_wconf 91' lang='lat' dir='ltr'><strong>et</strong></span> <span class='ocrx_word' id='word_1_235' title='bbox 1489 2680 1668 2751; x_wconf 79' lang='lat' dir='ltr'><strong>anlmr</strong></span> <span class='ocrx_word' id='word_1_236' title='bbox 1716 2683 1766 2737; x_wconf 91' lang='lat' dir='ltr'><strong>in</strong></span> 
     </span>
    </p>
   </div>
   <div class='ocr_carea' id='block_1_28' title="bbox 182 2765 1770 2841">
    <p class='ocr_par' dir='ltr' id='par_1_28' title="bbox 182 2765 1770 2841">
     <span class='ocr_line' id='line_1_29' title="bbox 182 2765 1770 2841; baseline 0.003 -21"><span class='ocrx_word' id='word_1_237' title='bbox 182 2765 467 2820; x_wconf 80' lang='lat' dir='ltr'><strong>scutentiis</strong></span> <span class='ocrx_word' id='word_1_238' title='bbox 523 2767 850 2820; x_wconf 90' lang='lat' dir='ltr'><strong>coordinatis</strong></span> <span class='ocrx_word' id='word_1_239' title='bbox 892 2767 1027 2837; x_wconf 83' lang='lat' dir='ltr'><strong>(aius</strong></span> <span class='ocrx_word' id='word_1_240' title='bbox 1052 2799 1119 2809; x_wconf 97' lang='lat'>—</span> <span class='ocrx_word' id='word_1_241' title='bbox 1146 2769 1343 2841; x_wconf 67' lang='lat' dir='ltr'><strong>anpur,</strong></span> <span class='ocrx_word' id='word_1_242' title='bbox 1388 2771 1647 2841; x_wconf 62' lang='grc' dir='ltr'><strong>σημεῖ’-ο</strong></span> <span class='ocrx_word' id='word_1_243' title='bbox 1673 2789 1770 2826; x_wconf 83' lang='lat' dir='ltr'><strong>an-</strong></span> 
     </span>
    </p>
   </div>
   <div class='ocr_carea' id='block_1_29' title="bbox 185 2855 1768 2928">
    <p class='ocr_par' dir='ltr' id='par_1_29' title="bbox 185 2855 1768 2928">
     <span class='ocr_line' id='line_1_30' title="bbox 185 2855 1768 2928; baseline 0.005 -20"><span class='ocrx_word' id='word_1_244' title='bbox 185 2855 311 2927; x_wconf 78' lang='lat' dir='ltr'><strong>[)ar,</strong></span> <span class='ocrx_word' id='word_1_245' title='bbox 355 2867 487 2924; x_wconf 91' lang='lat' dir='ltr'><strong>ctc.,</strong></span> <span class='ocrx_word' id='word_1_246' title='bbox 514 2871 655 2912; x_wconf 87' lang='lat' dir='ltr'><strong>unus</strong></span> <span class='ocrx_word' id='word_1_247' title='bbox 682 2888 747 2897; x_wconf 98' lang='lat'><em>—</em></span> <span class='ocrx_word' id='word_1_248' title='bbox 777 2858 932 2926; x_wconf 85' lang='lat' dir='ltr'><strong>alter,</strong></span> <span class='ocrx_word' id='word_1_249' title='bbox 964 2862 1092 2928; x_wconf 87' lang='lat' dir='ltr'><strong>etc.)</strong></span> <span class='ocrx_word' id='word_1_250' title='bbox 1116 2859 1222 2914; x_wconf 89' lang='lat' dir='ltr'><strong>vid.</strong></span> <span class='ocrx_word' id='word_1_251' title='bbox 1274 2861 1361 2914; x_wconf 86' lang='lat' dir='ltr'><strong>ubi</strong></span> <span class='ocrx_word' id='word_1_252' title='bbox 1406 2860 1474 2915; x_wconf 83' lang='lat' dir='ltr'><strong>de</strong></span> <span class='ocrx_word' id='word_1_253' title='bbox 1503 2870 1768 2916; x_wconf 64' lang='lat' dir='ltr'><strong>sententa</strong></span> 
     </span>
    </p>
   </div>
   <div class='ocr_carea' id='block_1_30' title="bbox 179 2949 840 3017">
    <p class='ocr_par' dir='ltr' id='par_1_30' title="bbox 179 2949 840 3017">
     <span class='ocr_line' id='line_1_31' title="bbox 179 2949 840 3017; baseline -0.002 -16"><span class='ocrx_word' id='word_1_254' title='bbox 179 2949 478 3017; x_wconf 87' lang='lat' dir='ltr'><strong>composita</strong></span> <span class='ocrx_word' id='word_1_255' title='bbox 505 2957 783 3004; x_wconf 86' lang='lat' dir='ltr'><strong>tractatur.</strong></span> <span class='ocrx_word' id='word_1_256' title='bbox 822 2968 840 3000; x_wconf 85' lang='lat' dir='ltr'><strong>s</strong></span> 
     </span>
    </p>
   </div>
   <div class='ocr_carea' id='block_1_31' title="bbox 252 3039 1765 3115">
    <p class='ocr_par' dir='ltr' id='par_1_31' title="bbox 252 3039 1765 3115">
     <span class='ocr_line' id='line_1_32' title="bbox 252 3039 1765 3115; baseline 0.005 -22"><span class='ocrx_word' id='word_1_257' title='bbox 252 3039 339 3093; x_wconf 84' lang='lat' dir='ltr'><strong>IV.</strong></span> <span class='ocrx_word' id='word_1_258' title='bbox 369 3039 760 3095; x_wconf 71' lang='lat' dir='ltr'><strong>Dts&#39;ratnurtu.</strong></span> <span class='ocrx_word' id='word_1_259' title='bbox 779 3039 837 3097; x_wconf 90' lang='lat' dir='ltr'><strong>Si</strong></span> <span class='ocrx_word' id='word_1_260' title='bbox 861 3043 1086 3096; x_wconf 64' lang='lat' dir='ltr'><strong>tori/mai</strong></span> <span class='ocrx_word' id='word_1_261' title='bbox 1107 3042 1212 3096; x_wconf 79' lang='lat' dir='ltr'><strong>duo</strong></span> <span class='ocrx_word' id='word_1_262' title='bbox 1237 3044 1352 3114; x_wconf 81' lang='grc' dir='ltr'><strong>(ἁνὰ</strong></span> <span class='ocrx_word' id='word_1_263' title='bbox 1376 3043 1490 3115; x_wconf 79' lang='grc' dir='ltr'><strong>δύο)</strong></span> <span class='ocrx_word' id='word_1_264' title='bbox 1509 3046 1765 3114; x_wconf 80' lang='lat' dir='ltr'><strong>excipias,</strong></span> 
     </span>
    </p>
   </div>
   <div class='ocr_carea' id='block_1_32' title="bbox 181 3129 1770 3204">
    <p class='ocr_par' dir='ltr' id='par_1_32' title="bbox 181 3129 1770 3204">
     <span class='ocr_line' id='line_1_33' title="bbox 181 3129 1770 3204; baseline 0.003 -22"><span class='ocrx_word' id='word_1_265' title='bbox 181 3129 527 3184; x_wconf 86' lang='lat' dir='ltr'><strong>distributiva</strong></span> <span class='ocrx_word' id='word_1_266' title='bbox 561 3132 775 3202; x_wconf 75' lang='lat' dir='ltr'><strong>gothice</strong></span> <span class='ocrx_word' id='word_1_267' title='bbox 803 3147 910 3186; x_wconf 92' lang='lat' dir='ltr'><strong>non</strong></span> <span class='ocrx_word' id='word_1_268' title='bbox 958 3143 1270 3199; x_wconf 89' lang='lat' dir='ltr'><strong>occurrunt,</strong></span> <span class='ocrx_word' id='word_1_269' title='bbox 1315 3134 1409 3188; x_wconf 86' lang='lat' dir='ltr'><strong>sed</strong></span> <span class='ocrx_word' id='word_1_270' title='bbox 1456 3149 1550 3204; x_wconf 91' lang='lat' dir='ltr'><strong>per</strong></span> <span class='ocrx_word' id='word_1_271' title='bbox 1596 3135 1770 3188; x_wconf 76' lang='lat' dir='ltr'><strong>wazuh</strong></span> 
     </span>
    </p>
   </div>
   <div class='ocr_carea' id='block_1_33' title="bbox 180 3220 1764 3293">
    <p class='ocr_par' dir='ltr' id='par_1_33' title="bbox 180 3220 1764 3293">
     <span class='ocr_line' id='line_1_34' title="bbox 180 3220 1764 3293; baseline 0.003 -20"><span class='ocrx_word' id='word_1_272' title='bbox 180 3229 238 3273; x_wconf 86' lang='lat' dir='ltr'><strong>et</strong></span> <span class='ocrx_word' id='word_1_273' title='bbox 271 3220 521 3291; x_wconf 73' lang='lat' dir='ltr'><strong>wzrjizuh</strong></span> <span class='ocrx_word' id='word_1_274' title='bbox 561 3221 808 3288; x_wconf 86' lang='lat' dir='ltr'><strong>quisque,</strong></span> <span class='ocrx_word' id='word_1_275' title='bbox 841 3231 894 3275; x_wconf 84' lang='lat' dir='ltr'><strong>et</strong></span> <span class='ocrx_word' id='word_1_276' title='bbox 923 3221 972 3275; x_wconf 86' lang='lat' dir='ltr'><strong>bi</strong></span> <span class='ocrx_word' id='word_1_277' title='bbox 1004 3221 1184 3293; x_wconf 80' lang='grc' dir='ltr'><strong>(κατά)</strong></span> <span class='ocrx_word' id='word_1_278' title='bbox 1215 3224 1764 3278; x_wconf 84' lang='lat' dir='ltr'><strong>circumscribuntur:</strong></span> 
     </span>
    </p>
   </div>
   <div class='ocr_carea' id='block_1_34' title="bbox 184 3300 1770 3386">
    <p class='ocr_par' dir='ltr' id='par_1_34' title="bbox 184 3300 1770 3386">
     <span class='ocr_line' id='line_1_35' title="bbox 184 3300 1770 3386; baseline 0.003 -20"><span class='ocrx_word' id='word_1_279' title='bbox 184 3312 316 3366; x_wconf 88' lang='lat' dir='ltr'><strong>Luc.</strong></span> <span class='ocrx_word' id='word_1_280' title='bbox 349 3327 422 3374; x_wconf 71' lang='lat' dir='ltr'><strong>ts,</strong></span> <span class='ocrx_word' id='word_1_281' title='bbox 454 3313 488 3366; x_wconf 86' lang='lat'><strong>5</strong></span> <span class='ocrx_word' id='word_1_282' title='bbox 514 3312 569 3365; x_wconf 84' lang='lat' dir='ltr'><strong>ni</strong></span> <span class='ocrx_word' id='word_1_283' title='bbox 614 3311 751 3366; x_wconf 75' lang='lat' dir='ltr'><strong>vailu</strong></span> <span class='ocrx_word' id='word_1_284' title='bbox 788 3300 1014 3384; x_wconf 67' lang='lat' dir='ltr'><strong>nimaiﬁ</strong></span> <span class='ocrx_word' id='word_1_285' title='bbox 1042 3317 1096 3368; x_wconf 82' lang='lat' dir='ltr'><strong>in</strong></span> <span class='ocrx_word' id='word_1_286' title='bbox 1152 3316 1254 3386; x_wconf 86' lang='lat' dir='ltr'><strong>vig.</strong></span> <span class='ocrx_word' id='word_1_287' title='bbox 1300 3315 1389 3369; x_wconf 74' lang='lat' dir='ltr'><strong>nili</strong></span> <span class='ocrx_word' id='word_1_288' title='bbox 1439 3313 1621 3370; x_wconf 70' lang='lat' dir='ltr'><strong>(veil:</strong></span> <span class='ocrx_word' id='word_1_289' title='bbox 1643 3333 1676 3370; x_wconf 78' lang='grc' dir='ltr'><em>η</em></span> <span class='ocrx_word' id='word_1_290' title='bbox 1699 3333 1770 3371; x_wconf 83' lang='lat' dir='ltr'><strong>os</strong></span> 
     </span>
    </p>
   </div>
   <div class='ocr_carea' id='block_1_35' title="bbox 187 3401 1772 3476">
    <p class='ocr_par' dir='ltr' id='par_1_35' title="bbox 187 3401 1772 3476">
     <span class='ocr_line' id='line_1_36' title="bbox 187 3401 1772 3476; baseline 0.004 -19"><span class='ocrx_word' id='word_1_291' title='bbox 187 3403 306 3471; x_wconf 68' lang='lat' dir='ltr'><strong>(ac-.6:</strong></span> <span class='ocrx_word' id='word_1_292' title='bbox 325 3401 441 3474; x_wconf 75' lang='grc' dir='ltr'><strong>δύο)</strong></span> <span class='ocrx_word' id='word_1_293' title='bbox 461 3404 680 3474; x_wconf 87' lang='lat' dir='ltr'><strong>paidos;</strong></span> <span class='ocrx_word' id='word_1_294' title='bbox 722 3403 823 3459; x_wconf 82' lang='lat' dir='ltr'><strong>Mc.</strong></span> <span class='ocrx_word' id='word_1_295' title='bbox 855 3420 960 3472; x_wconf 84' lang='lat' dir='ltr'><strong>vn,</strong></span> <span class='ocrx_word' id='word_1_296' title='bbox 992 3407 1051 3460; x_wconf 94' lang='lat'><strong>5|</strong></span> <span class='ocrx_word' id='word_1_297' title='bbox 1087 3422 1205 3476; x_wconf 85' lang='lat' dir='ltr'><strong>qam</strong></span> <span class='ocrx_word' id='word_1_298' title='bbox 1232 3415 1286 3459; x_wconf 80' lang='lat' dir='ltr'><strong>at</strong></span> <span class='ocrx_word' id='word_1_299' title='bbox 1317 3407 1508 3460; x_wconf 83' lang='lat' dir='ltr'><strong>marein</strong></span> <span class='ocrx_word' id='word_1_300' title='bbox 1538 3408 1772 3476; x_wconf 81' lang='lat' dir='ltr'><strong>galeilaie</strong></span> 
     </span>
    </p>
   </div>
   <div class='ocr_carea' id='block_1_36' title="bbox 186 3494 1764 3577">
    <p class='ocr_par' dir='ltr' id='par_1_36' title="bbox 186 3494 1764 3577">
     <span class='ocr_line' id='line_1_37' title="bbox 186 3494 1764 3577; baseline 0.006 -34"><span class='ocrx_word' id='word_1_301' title='bbox 186 3494 303 3564; x_wconf 68' lang='lat' dir='ltr'><strong>mili</strong></span> <span class='ocrx_word' id='word_1_302' title='bbox 352 3505 408 3548; x_wconf 79' lang='lat' dir='ltr'><strong>lo</strong></span> <span class='ocrx_word' id='word_1_303' title='bbox 431 3495 583 3548; x_wconf 67' lang='lat' dir='ltr'><strong>eilia</strong></span> <span class='ocrx_word' id='word_1_304' title='bbox 605 3497 737 3550; x_wconf 89' lang='lat' dir='ltr'><strong>aim</strong></span> <span class='ocrx_word' id='word_1_305' title='bbox 782 3498 1010 3552; x_wconf 82' lang='lat' dir='ltr'><strong>markom</strong></span> <span class='ocrx_word' id='word_1_306' title='bbox 1044 3500 1162 3568; x_wconf 80' lang='grc' dir='ltr'><strong>(ἁνά</strong></span> <span class='ocrx_word' id='word_1_307' title='bbox 1207 3502 1366 3572; x_wconf 75' lang='grc' dir='ltr'><strong>μέσον</strong></span> <span class='ocrx_word' id='word_1_308' title='bbox 1401 3509 1502 3558; x_wconf 80' lang='grc' dir='ltr'><strong>τῶν</strong></span> <span class='ocrx_word' id='word_1_309' title='bbox 1553 3501 1764 3577; x_wconf 59' lang='lat' dir='ltr'><strong>ipim);</strong></span> 
     </span>
    </p>
   </div>
   <div class='ocr_carea' id='block_1_37' title="bbox 188 3585 1770 3664">
    <p class='ocr_par' dir='ltr' id='par_1_37' title="bbox 188 3585 1770 3664">
     <span class='ocr_line' id='line_1_38' title="bbox 188 3585 1770 3664; baseline 0.008 -27"><span class='ocrx_word' id='word_1_310' title='bbox 188 3585 291 3638; x_wconf 74' lang='lat' dir='ltr'><strong>Mc.</strong></span> <span class='ocrx_word' id='word_1_311' title='bbox 324 3599 400 3650; x_wconf 79' lang='lat' dir='ltr'><strong>vr,</strong></span> <span class='ocrx_word' id='word_1_312' title='bbox 433 3588 460 3636; x_wconf 81' lang='grc'><strong>’7</strong></span> <span class='ocrx_word' id='word_1_313' title='bbox 502 3588 710 3655; x_wconf 86' lang='lat' dir='ltr'><strong>dugann</strong></span> <span class='ocrx_word' id='word_1_314' title='bbox 739 3589 876 3641; x_wconf 78' lang='lat' dir='ltr'><strong>iesus</strong></span> <span class='ocrx_word' id='word_1_315' title='bbox 905 3587 1046 3660; x_wconf 73' lang='lat' dir='ltr'><strong>parts</strong></span> <span class='ocrx_word' id='word_1_316' title='bbox 1077 3592 1230 3659; x_wconf 77' lang='lat' dir='ltr'><strong>(ualif</strong></span> <span class='ocrx_word' id='word_1_317' title='bbox 1252 3593 1531 3664; x_wconf 78' lang='lat' dir='ltr'><strong>insandjan</strong></span> <span class='ocrx_word' id='word_1_318' title='bbox 1581 3603 1770 3650; x_wconf 74' lang='lat' dir='ltr'><strong>trans</strong></span> 
     </span>
    </p>
   </div>
   <div class='ocr_carea' id='block_1_38' title="bbox 186 3678 1770 3762">
    <p class='ocr_par' dir='ltr' id='par_1_38' title="bbox 186 3678 1770 3762">
     <span class='ocr_line' id='line_1_39' title="bbox 186 3678 1770 3762; baseline 0.011 -33"><span class='ocrx_word' id='word_1_319' title='bbox 186 3694 270 3730; x_wconf 88' lang='lat' dir='ltr'><strong>wa</strong></span> <span class='ocrx_word' id='word_1_320' title='bbox 290 3678 455 3730; x_wconf 71' lang='lat' dir='ltr'><strong>nauli</strong></span> <span class='ocrx_word' id='word_1_321' title='bbox 479 3679 596 3751; x_wconf 75' lang='grc' dir='ltr'><strong>(ἀνά</strong></span> <span class='ocrx_word' id='word_1_322' title='bbox 625 3680 773 3750; x_wconf 80' lang='grc' dir='ltr'>δύο);</span> <span class='ocrx_word' id='word_1_323' title='bbox 800 3682 928 3736; x_wconf 88' lang='lat' dir='ltr'><strong>L&#39;uc.</strong></span> <span class='ocrx_word' id='word_1_324' title='bbox 959 3700 1020 3743; x_wconf 87' lang='lat' dir='ltr'><strong>x,</strong></span> <span class='ocrx_word' id='word_1_325' title='bbox 1062 3687 1109 3750; x_wconf 85' lang='lat' dir='ltr'><strong>l,</strong></span> <span class='ocrx_word' id='word_1_326' title='bbox 1152 3700 1226 3750; x_wconf 90' lang='lat' dir='ltr'><strong>Ix,</strong></span> <span class='ocrx_word' id='word_1_327' title='bbox 1261 3687 1329 3742; x_wconf 72' lang='grc'><strong>14</strong></span> <span class='ocrx_word' id='word_1_328' title='bbox 1357 3690 1672 3762; x_wconf 68' lang='grc' dir='ltr'><strong>θαυαωιςεὶῥ</strong></span> <span class='ocrx_word' id='word_1_329' title='bbox 1702 3695 1770 3747; x_wconf 82' lang='lat' dir='ltr'><strong>im</strong></span> 
     </span>
    </p>
   </div>
   <div class='ocr_carea' id='block_1_39' title="bbox 189 3768 1770 3852">
    <p class='ocr_par' dir='ltr' id='par_1_39' title="bbox 189 3768 1770 3852">
     <span class='ocr_line' id='line_1_40' title="bbox 189 3768 1770 3852; baseline 0.011 -33"><span class='ocrx_word' id='word_1_330' title='bbox 189 3768 534 3840; x_wconf 72' lang='lat' dir='ltr'><strong>auakumbjan</strong></span> <span class='ocrx_word' id='word_1_331' title='bbox 565 3770 803 3826; x_wconf 80' lang='lat' dir='ltr'><strong>kubitnns</strong></span> <span class='ocrx_word' id='word_1_332' title='bbox 827 3789 946 3827; x_wconf 85' lang='lat' dir='ltr'><strong>ana</strong></span> <span class='ocrx_word' id='word_1_333' title='bbox 1005 3778 1344 3846; x_wconf 85' lang='lat' dir='ltr'><strong>warjanoh</strong></span> <span class='ocrx_word' id='word_1_334' title='bbox 1395 3780 1770 3852; x_wconf 78' lang='lat' dir='ltr'><strong>ﬁmfliguns</strong></span> 
     </span>
    </p>
   </div>
   <div class='ocr_carea' id='block_1_40' title="bbox 196 3864 1772 3940">
    <p class='ocr_par' dir='ltr' id='par_1_40' title="bbox 196 3864 1772 3940">
     <span class='ocr_line' id='line_1_41' title="bbox 196 3864 1772 3940; baseline 0.012 -30"><span class='ocrx_word' id='word_1_335' title='bbox 196 3864 273 3930; x_wconf 85' lang='lat' dir='ltr'><strong>(in</strong></span> <span class='ocrx_word' id='word_1_336' title='bbox 305 3877 570 3931; x_wconf 80' lang='lat' dir='ltr'><strong>quemque</strong></span> <span class='ocrx_word' id='word_1_337' title='bbox 599 3865 978 3935; x_wconf 79' lang='lat' dir='ltr'><strong>quinquaginta</strong></span> <span class='ocrx_word' id='word_1_338' title='bbox 999 3907 1014 3932; x_wconf 90' lang='lat'><strong>,</strong></span> <span class='ocrx_word' id='word_1_339' title='bbox 1059 3869 1188 3937; x_wconf 77' lang='lat' dir='ltr'><strong>gall.</strong></span> <span class='ocrx_word' id='word_1_340' title='bbox 1236 3870 1512 3940; x_wconf 83' lang='lat' dir='ltr'><strong>cinquante</strong></span> <span class='ocrx_word' id='word_1_341' title='bbox 1539 3891 1633 3940; x_wconf 84' lang='lat' dir='ltr'><strong>par</strong></span> <span class='ocrx_word' id='word_1_342' title='bbox 1664 3878 1772 3929; x_wconf 82' lang='lat' dir='ltr'><strong>cin-</strong></span> 
     </span>
    </p>
   </div>
   <div class='ocr_carea' id='block_1_41' title="bbox 188 3954 1768 4031">
    <p class='ocr_par' dir='ltr' id='par_1_41' title="bbox 188 3954 1768 4031">
     <span class='ocr_line' id='line_1_42' title="bbox 188 3954 1768 4031; baseline 0.013 -33"><span class='ocrx_word' id='word_1_343' title='bbox 188 3960 395 4018; x_wconf 64' lang='lat' dir='ltr'><strong>quante,</strong></span> <span class='ocrx_word' id='word_1_344' title='bbox 420 3954 515 4006; x_wconf 72' lang='grc' dir='ltr'><strong>ἀνὰ</strong></span> <span class='ocrx_word' id='word_1_345' title='bbox 538 3955 890 4024; x_wconf 72' lang='grc' dir='ltr'><strong>πεντήκοντα),</strong></span> <span class='ocrx_word' id='word_1_346' title='bbox 913 3955 1036 4010; x_wconf 91' lang='lat' dir='ltr'><strong>coll.</strong></span> <span class='ocrx_word' id='word_1_347' title='bbox 1066 3957 1196 4011; x_wconf 85' lang='lat' dir='ltr'><strong>Mlh.</strong></span> <span class='ocrx_word' id='word_1_348' title='bbox 1228 3974 1398 4024; x_wconf 74' lang='grc' dir='ltr'><strong>ιινιι,</strong></span> <span class='ocrx_word' id='word_1_349' title='bbox 1425 3962 1522 4026; x_wconf 86' lang='grc'><strong>15;</strong></span> <span class='ocrx_word' id='word_1_350' title='bbox 1555 3962 1654 4017; x_wconf 79' lang='lat' dir='ltr'><strong>Mc.</strong></span> <span class='ocrx_word' id='word_1_351' title='bbox 1678 3981 1768 4031; x_wconf 74' lang='lat' dir='ltr'><strong>XV,</strong></span> 
     </span>
    </p>
   </div>
   <div class='ocr_carea' id='block_1_42' title="bbox 190 4041 1772 4121">
    <p class='ocr_par' dir='ltr' id='par_1_42' title="bbox 190 4041 1772 4121">
     <span class='ocr_line' id='line_1_43' title="bbox 190 4041 1772 4121; baseline 0.009 -27"><span class='ocrx_word' id='word_1_352' title='bbox 190 4041 257 4101; x_wconf 72' lang='grc' dir='ltr'><strong>ὃς</strong></span> <span class='ocrx_word' id='word_1_353' title='bbox 292 4041 418 4096; x_wconf 82' lang='lat' dir='ltr'><strong>Cor.</strong></span> <span class='ocrx_word' id='word_1_354' title='bbox 442 4041 481 4105; x_wconf 94' lang='lat' dir='ltr'><strong>l,</strong></span> <span class='ocrx_word' id='word_1_355' title='bbox 509 4058 614 4104; x_wconf 69' lang='lat' dir='ltr'><strong>xuv,</strong></span> <span class='ocrx_word' id='word_1_356' title='bbox 642 4043 708 4097; x_wconf 84' lang='grc'><strong>27</strong></span> <span class='ocrx_word' id='word_1_357' title='bbox 726 4043 914 4115; x_wconf 68' lang='lat' dir='ltr'><strong>joppe</strong></span> <span class='ocrx_word' id='word_1_358' title='bbox 936 4047 1115 4099; x_wconf 78' lang='lat' dir='ltr'><strong>razdai</strong></span> <span class='ocrx_word' id='word_1_359' title='bbox 1136 4063 1237 4102; x_wconf 88' lang='lat' dir='ltr'><strong>was</strong></span> <span class='ocrx_word' id='word_1_360' title='bbox 1264 4048 1458 4121; x_wconf 77' lang='lat' dir='ltr'><strong>rodjai,</strong></span> <span class='ocrx_word' id='word_1_361' title='bbox 1484 4052 1541 4104; x_wconf 85' lang='lat' dir='ltr'><strong>bi</strong></span> <span class='ocrx_word' id='word_1_362' title='bbox 1581 4064 1682 4106; x_wconf 82' lang='lat' dir='ltr'><strong>(va</strong></span> <span class='ocrx_word' id='word_1_363' title='bbox 1701 4072 1772 4109; x_wconf 84' lang='lat' dir='ltr'><strong>ns</strong></span> 
     </span>
    </p>
   </div>
   <div class='ocr_carea' id='block_1_43' title="bbox 190 4127 1774 4203">
    <p class='ocr_par' dir='ltr' id='par_1_43' title="bbox 190 4127 1774 4203">
     <span class='ocr_line' id='line_1_44' title="bbox 190 4127 1774 4203; baseline 0.011 -25"><span class='ocrx_word' id='word_1_364' title='bbox 190 4127 408 4198; x_wconf 68' lang='lat' dir='ltr'><strong>nippau</strong></span> <span class='ocrx_word' id='word_1_365' title='bbox 439 4131 585 4183; x_wconf 80' lang='lat' dir='ltr'><strong>maist</strong></span> <span class='ocrx_word' id='word_1_366' title='bbox 619 4129 662 4200; x_wconf 75' lang='grc' dir='ltr'><strong>Ι)</strong></span> <span class='ocrx_word' id='word_1_367' title='bbox 684 4133 737 4184; x_wconf 89' lang='lat' dir='ltr'><strong>ri</strong></span> <span class='ocrx_word' id='word_1_368' title='bbox 755 4150 824 4186; x_wconf 84' lang='lat' dir='ltr'><strong>ns</strong></span> <span class='ocrx_word' id='word_1_369' title='bbox 848 4133 1012 4203; x_wconf 74' lang='grc' dir='ltr'>(κατὰ</span> <span class='ocrx_word' id='word_1_370' title='bbox 1035 4134 1150 4201; x_wconf 76' lang='grc' dir='ltr'><strong>δύο,</strong></span> <span class='ocrx_word' id='word_1_371' title='bbox 1184 4137 1477 4192; x_wconf 83' lang='lat' dir='ltr'><strong>secundum</strong></span> <span class='ocrx_word' id='word_1_372' title='bbox 1507 4139 1644 4195; x_wconf 89' lang='lat' dir='ltr'><strong>duos</strong></span> <span class='ocrx_word' id='word_1_373' title='bbox 1681 4154 1774 4197; x_wconf 82' lang='lat' dir='ltr'><strong>aut</strong></span> 
     </span>
    </p>
   </div>
   <div class='ocr_carea' id='block_1_44' title="bbox 193 4219 1771 4302">
    <p class='ocr_par' dir='ltr' id='par_1_44' title="bbox 193 4219 1771 4302">
     <span class='ocr_line' id='line_1_45' title="bbox 193 4219 1771 4302; baseline 0.01 -32"><span class='ocrx_word' id='word_1_374' title='bbox 193 4219 423 4274; x_wconf 80' lang='lat' dir='ltr'><strong>maxime</strong></span> <span class='ocrx_word' id='word_1_375' title='bbox 455 4223 625 4291; x_wconf 85' lang='lat' dir='ltr'><strong>tres).</strong></span> <span class='ocrx_word' id='word_1_376' title='bbox 659 4221 864 4292; x_wconf 77' lang='lat' dir='ltr'><strong>Singuli</strong></span> <span class='ocrx_word' id='word_1_377' title='bbox 896 4224 1029 4294; x_wconf 80' lang='grc' dir='ltr'><strong>(καθ’</strong></span> <span class='ocrx_word' id='word_1_378' title='bbox 1073 4223 1166 4297; x_wconf 77' lang='grc' dir='ltr'><strong>εἷς)</strong></span> <span class='ocrx_word' id='word_1_379' title='bbox 1206 4226 1406 4283; x_wconf 89' lang='lat' dir='ltr'><strong>dicitur</strong></span> <span class='ocrx_word' id='word_1_380' title='bbox 1432 4231 1771 4302; x_wconf 73' lang='lat' dir='ltr'><strong>ainwarjizult</strong></span> 
     </span>
    </p>
   </div>
   <div class='ocr_carea' id='block_1_45' title="bbox 191 4308 559 4374">
    <p class='ocr_par' dir='ltr' id='par_1_45' title="bbox 191 4308 559 4374">
     <span class='ocr_line' id='line_1_46' title="bbox 191 4308 559 4374; baseline 0 -12"><span class='ocrx_word' id='word_1_381' title='bbox 191 4308 352 4362; x_wconf 77' lang='lat' dir='ltr'><strong>Rom.</strong></span> <span class='ocrx_word' id='word_1_382' title='bbox 382 4325 470 4374; x_wconf 79' lang='lat' dir='ltr'><strong>xu,</strong></span> <span class='ocrx_word' id='word_1_383' title='bbox 506 4313 559 4366; x_wconf 81' lang='grc'><strong>5.</strong></span> 
     </span>
    </p>
   </div>
   <div class='ocr_carea' id='block_1_46' title="bbox 271 4399 1776 4484">
    <p class='ocr_par' dir='ltr' id='par_1_46' title="bbox 271 4399 1776 4484">
     <span class='ocr_line' id='line_1_47' title="bbox 271 4399 1776 4484; baseline 0.014 -34"><span class='ocrx_word' id='word_1_384' title='bbox 271 4399 330 4451; x_wconf 75' lang='grc' dir='ltr'><strong>ν.</strong></span> <span class='ocrx_word' id='word_1_385' title='bbox 365 4399 810 4458; x_wconf 65' lang='grc' dir='ltr'>Μυιπιριιωτινλ</span> <span class='ocrx_word' id='word_1_386' title='bbox 833 4414 887 4460; x_wconf 90' lang='lat' dir='ltr'><strong>ct</strong></span> <span class='ocrx_word' id='word_1_387' title='bbox 915 4421 1364 4466; x_wconf 64' lang='lat' dir='ltr'><strong>rnoronrtoatus</strong></span> <span class='ocrx_word' id='word_1_388' title='bbox 1386 4412 1622 4484; x_wconf 67' lang='lat' dir='ltr'><strong>ainfalps</strong></span> <span class='ocrx_word' id='word_1_389' title='bbox 1651 4415 1776 4470; x_wconf 76' lang='lat' dir='ltr'><strong>sim-</strong></span> 
     </span>
    </p>
   </div>
   <div class='ocr_carea' id='block_1_47' title="bbox 193 4490 1776 4578">
    <p class='ocr_par' dir='ltr' id='par_1_47' title="bbox 193 4490 1776 4578">
     <span class='ocr_line' id='line_1_48' title="bbox 193 4490 1776 4578; baseline 0.014 -36"><span class='ocrx_word' id='word_1_390' title='bbox 193 4491 357 4557; x_wconf 83' lang='lat' dir='ltr'><strong>plex,</strong></span> <span class='ocrx_word' id='word_1_391' title='bbox 428 4490 714 4564; x_wconf 63' lang='lat' dir='ltr'><strong>[idm-{aII}:</strong></span> <span class='ocrx_word' id='word_1_392' title='bbox 781 4497 1154 4565; x_wconf 75' lang='lat' dir='ltr'><strong>quadruplex,</strong></span> <span class='ocrx_word' id='word_1_393' title='bbox 1225 4503 1776 4578; x_wconf 64' lang='lat' dir='ltr'><strong>taihunlaihundfalbs</strong></span> 
     </span>
    </p>
   </div>
   <div class='ocr_carea' id='block_1_48' title="bbox 193 4583 1775 4666">
    <p class='ocr_par' dir='ltr' id='par_1_48' title="bbox 193 4583 1775 4666">
     <span class='ocr_line' id='line_1_49' title="bbox 193 4583 1775 4666; baseline 0.011 -32"><span class='ocrx_word' id='word_1_394' title='bbox 193 4583 501 4652; x_wconf 86' lang='lat' dir='ltr'><strong>centuplex,</strong></span> <span class='ocrx_word' id='word_1_395' title='bbox 546 4586 884 4658; x_wconf 72' lang='lat' dir='ltr'><strong>managfalps</strong></span> <span class='ocrx_word' id='word_1_396' title='bbox 935 4589 1230 4662; x_wconf 83' lang='lat' dir='ltr'><strong>multiplex,</strong></span> <span class='ocrx_word' id='word_1_397' title='bbox 1263 4603 1394 4660; x_wconf 90' lang='lat' dir='ltr'><strong>etc.,</strong></span> <span class='ocrx_word' id='word_1_398' title='bbox 1427 4604 1482 4648; x_wconf 93' lang='lat' dir='ltr'><strong>ut</strong></span> <span class='ocrx_word' id='word_1_399' title='bbox 1511 4595 1775 4666; x_wconf 84' lang='lat' dir='ltr'><strong>adjcctiva</strong></span> 
     </span>
    </p>
   </div>
   <div class='ocr_carea' id='block_1_49' title="bbox 191 4672 657 4743">
    <p class='ocr_par' dir='ltr' id='par_1_49' title="bbox 191 4672 657 4743">
     <span class='ocr_line' id='line_1_50' title="bbox 191 4672 657 4743; baseline 0 -17"><span class='ocrx_word' id='word_1_400' title='bbox 191 4672 480 4743; x_wconf 76' lang='lat' dir='ltr'><strong>spectanda</strong></span> <span class='ocrx_word' id='word_1_401' title='bbox 511 4684 657 4730; x_wconf 91' lang='lat' dir='ltr'><strong>sunt.</strong></span> 
     </span>
    </p>
   </div>
   <div class='ocr_carea' id='block_1_50' title="bbox 275 4763 1776 4842">
    <p class='ocr_par' dir='ltr' id='par_1_50' title="bbox 275 4763 1776 4842">
     <span class='ocr_line' id='line_1_51' title="bbox 275 4763 1776 4842; baseline 0.012 -26"><span class='ocrx_word' id='word_1_402' title='bbox 275 4763 362 4820; x_wconf 68' lang='grc' dir='ltr'><strong>γι.</strong></span> <span class='ocrx_word' id='word_1_403' title='bbox 389 4764 678 4821; x_wconf 73' lang='grc' dir='ltr'><strong>ΙτειιΑτινΑ</strong></span> <span class='ocrx_word' id='word_1_404' title='bbox 707 4769 896 4834; x_wconf 85' lang='lat' dir='ltr'><strong>semel,</strong></span> <span class='ocrx_word' id='word_1_405' title='bbox 929 4770 1030 4837; x_wconf 86' lang='lat' dir='ltr'><strong>bis,</strong></span> <span class='ocrx_word' id='word_1_406' title='bbox 1050 4779 1180 4837; x_wconf 84' lang='lat' dir='ltr'><strong>etc.,</strong></span> <span class='ocrx_word' id='word_1_407' title='bbox 1202 4789 1322 4842; x_wconf 68' lang='lat' dir='ltr'><strong>qua:</strong></span> <span class='ocrx_word' id='word_1_408' title='bbox 1349 4774 1401 4829; x_wconf 88' lang='lat' dir='ltr'><strong>in</strong></span> <span class='ocrx_word' id='word_1_409' title='bbox 1423 4776 1541 4831; x_wconf 90' lang='lat' dir='ltr'><strong>aliis</strong></span> <span class='ocrx_word' id='word_1_410' title='bbox 1566 4793 1776 4833; x_wconf 87' lang='lat' dir='ltr'><strong>sermo-</strong></span> 
     </span>
    </p>
   </div>
   <div class='ocr_carea' id='block_1_51' title="bbox 200 4855 1779 4934">
    <p class='ocr_par' dir='ltr' id='par_1_51' title="bbox 200 4855 1779 4934">
     <span class='ocr_line' id='line_1_52' title="bbox 200 4855 1779 4934; baseline 0.011 -25"><span class='ocrx_word' id='word_1_411' title='bbox 200 4855 360 4910; x_wconf 90' lang='lat' dir='ltr'><strong>nibus</strong></span> <span class='ocrx_word' id='word_1_412' title='bbox 392 4857 662 4913; x_wconf 80' lang='lat' dir='ltr'><strong>adverbiis</strong></span> <span class='ocrx_word' id='word_1_413' title='bbox 691 4862 1073 4928; x_wconf 80' lang='lat' dir='ltr'><strong>exprimuntur</strong></span> <span class='ocrx_word' id='word_1_414' title='bbox 1094 4904 1110 4929; x_wconf 92' lang='lat'><strong>,</strong></span> <span class='ocrx_word' id='word_1_415' title='bbox 1141 4865 1358 4934; x_wconf 76' lang='lat' dir='ltr'><strong>gotbice</strong></span> <span class='ocrx_word' id='word_1_416' title='bbox 1388 4868 1683 4925; x_wconf 87' lang='lat' dir='ltr'><strong>redduntur</strong></span> <span class='ocrx_word' id='word_1_417' title='bbox 1713 4887 1779 4926; x_wconf 88' lang='lat' dir='ltr'><strong>eo</strong></span> 
     </span>
    </p>
   </div>
   <div class='ocr_carea' id='block_1_52' title="bbox 196 4947 1776 5026">
    <p class='ocr_par' dir='ltr' id='par_1_52' title="bbox 196 4947 1776 5026">
     <span class='ocr_line' id='line_1_53' title="bbox 196 4947 1776 5026; baseline 0.009 -25"><span class='ocrx_word' id='word_1_418' title='bbox 196 4947 361 5001; x_wconf 88' lang='lat' dir='ltr'><strong>modo</strong></span> <span class='ocrx_word' id='word_1_419' title='bbox 395 4961 410 5005; x_wconf 88' lang='lat'><strong>:</strong></span> <span class='ocrx_word' id='word_1_420' title='bbox 445 4964 544 5001; x_wconf 88' lang='lat' dir='ltr'><strong>una</strong></span> <span class='ocrx_word' id='word_1_421' title='bbox 575 4949 708 5011; x_wconf 83' lang='lat' dir='ltr'><strong>vice,</strong></span> <span class='ocrx_word' id='word_1_422' title='bbox 757 4951 963 5024; x_wconf 84' lang='lat' dir='ltr'><strong>duabus</strong></span> <span class='ocrx_word' id='word_1_423' title='bbox 993 4952 1218 5021; x_wconf 87' lang='lat' dir='ltr'><strong>vicibus,</strong></span> <span class='ocrx_word' id='word_1_424' title='bbox 1249 4965 1355 5010; x_wconf 88' lang='lat' dir='ltr'><strong>etc.</strong></span> <span class='ocrx_word' id='word_1_425' title='bbox 1387 4973 1401 5011; x_wconf 89' lang='lat'><strong>:</strong></span> <span class='ocrx_word' id='word_1_426' title='bbox 1433 4956 1558 5012; x_wconf 86' lang='lat' dir='ltr'><strong>Cor.</strong></span> <span class='ocrx_word' id='word_1_427' title='bbox 1593 4959 1653 5022; x_wconf 86' lang='lat' dir='ltr'><strong>ll,</strong></span> <span class='ocrx_word' id='word_1_428' title='bbox 1700 4977 1776 5026; x_wconf 83' lang='lat' dir='ltr'><strong>xt,</strong></span> 
     </span>
    </p>
   </div>
   <div class='ocr_carea' id='block_1_53' title="bbox 195 5037 1778 5123">
    <p class='ocr_par' dir='ltr' id='par_1_53' title="bbox 195 5037 1778 5123">
     <span class='ocr_line' id='line_1_54' title="bbox 195 5037 1778 5123; baseline 0.012 -35"><span class='ocrx_word' id='word_1_429' title='bbox 195 5037 304 5105; x_wconf 69' lang='grc'><strong>24,</strong></span> <span class='ocrx_word' id='word_1_430' title='bbox 361 5039 432 5092; x_wconf 77' lang='grc'><strong>25</strong></span> <span class='ocrx_word' id='word_1_431' title='bbox 479 5042 614 5110; x_wconf 79' lang='lat' dir='ltr'><strong>{ram</strong></span> <span class='ocrx_word' id='word_1_432' title='bbox 671 5043 906 5096; x_wconf 73' lang='lat' dir='ltr'><strong>iudcium</strong></span> <span class='ocrx_word' id='word_1_433' title='bbox 955 5045 1113 5117; x_wconf 63' lang='lat' dir='ltr'><strong>fimi</strong></span> <span class='ocrx_word' id='word_1_434' title='bbox 1146 5045 1412 5118; x_wconf 65' lang='lat' dir='ltr'><strong>sinpam</strong></span> <span class='ocrx_word' id='word_1_435' title='bbox 1464 5047 1778 5123; x_wconf 78' lang='grc' dir='ltr'><strong>(πεντάκις)</strong></span> 
     </span>
    </p>
   </div>
   <div class='ocr_carea' id='block_1_54' title="bbox 194 5129 1776 5210">
    <p class='ocr_par' dir='ltr' id='par_1_54' title="bbox 194 5129 1776 5210">
     <span class='ocr_line' id='line_1_55' title="bbox 194 5129 1776 5210; baseline 0.008 -27"><span class='ocrx_word' id='word_1_436' title='bbox 194 5145 338 5195; x_wconf 80' lang='lat' dir='ltr'><strong>nam,</strong></span> <span class='ocrx_word' id='word_1_437' title='bbox 365 5129 477 5201; x_wconf 66' lang='lat' dir='ltr'><strong>[iri</strong></span> <span class='ocrx_word' id='word_1_438' title='bbox 495 5148 544 5185; x_wconf 77' lang='grc' dir='ltr'><strong>ιιι</strong></span> <span class='ocrx_word' id='word_1_439' title='bbox 580 5133 633 5184; x_wconf 85' lang='lat' dir='ltr'><strong>si</strong></span> <span class='ocrx_word' id='word_1_440' title='bbox 649 5149 680 5186; x_wconf 79' lang='grc' dir='ltr'><strong>ιι</strong></span> <span class='ocrx_word' id='word_1_441' title='bbox 691 5131 735 5202; x_wconf 75' lang='lat'><em>[1</em></span> <span class='ocrx_word' id='word_1_442' title='bbox 757 5150 848 5186; x_wconf 87' lang='lat' dir='ltr'><strong>am</strong></span> <span class='ocrx_word' id='word_1_443' title='bbox 873 5135 1030 5210; x_wconf 71' lang='grc' dir='ltr'><strong>(τρῖς)</strong></span> <span class='ocrx_word' id='word_1_444' title='bbox 1057 5137 1278 5190; x_wconf 85' lang='lat' dir='ltr'><strong>vandum</strong></span> <span class='ocrx_word' id='word_1_445' title='bbox 1304 5138 1644 5210; x_wconf 82' lang='lat' dir='ltr'><strong>usbluggvans</strong></span> <span class='ocrx_word' id='word_1_446' title='bbox 1671 5158 1776 5209; x_wconf 76' lang='grc' dir='ltr'><strong>υιις,</strong></span> 
     </span>
    </p>
   </div>
   <div class='ocr_carea' id='block_1_55' title="bbox 195 5220 1780 5298">
    <p class='ocr_par' dir='ltr' id='par_1_55' title="bbox 195 5220 1780 5298">
     <span class='ocr_line' id='line_1_56' title="bbox 195 5220 1780 5298; baseline 0.011 -27"><span class='ocrx_word' id='word_1_447' title='bbox 195 5220 523 5274; x_wconf 83' lang='lat' dir='ltr'><strong>ainamma</strong></span> <span class='ocrx_word' id='word_1_448' title='bbox 550 5221 740 5294; x_wconf 70' lang='lat' dir='ltr'><strong>sinpa</strong></span> <span class='ocrx_word' id='word_1_449' title='bbox 771 5223 955 5294; x_wconf 80' lang='grc' dir='ltr'><strong>(ἅπαξ)</strong></span> <span class='ocrx_word' id='word_1_450' title='bbox 1001 5226 1227 5298; x_wconf 74' lang='lat' dir='ltr'><strong>stainiIJs</strong></span> <span class='ocrx_word' id='word_1_451' title='bbox 1255 5245 1377 5295; x_wconf 86' lang='lat' dir='ltr'><strong>vas;</strong></span> <span class='ocrx_word' id='word_1_452' title='bbox 1407 5230 1510 5286; x_wconf 77' lang='lat' dir='ltr'><strong>Mc.</strong></span> <span class='ocrx_word' id='word_1_453' title='bbox 1553 5247 1668 5298; x_wconf 83' lang='lat' dir='ltr'><strong>xtv,</strong></span> <span class='ocrx_word' id='word_1_454' title='bbox 1711 5235 1780 5288; x_wconf 80' lang='grc'><strong>72</strong></span> 
     </span>
    </p>
   </div>
   <div class='ocr_carea' id='block_1_56' title="bbox 197 5309 1782 5397">
    <p class='ocr_par' dir='ltr' id='par_1_56' title="bbox 197 5309 1782 5397">
     <span class='ocr_line' id='line_1_57' title="bbox 197 5309 1782 5397; baseline 0.009 -34"><span class='ocrx_word' id='word_1_455' title='bbox 197 5309 626 5382; x_wconf 72' lang='grc' dir='ltr'><strong>αηραταηιηια</strong></span> <span class='ocrx_word' id='word_1_456' title='bbox 652 5331 676 5368; x_wconf 92' lang='lat' dir='ltr'><strong>s</strong></span> <span class='ocrx_word' id='word_1_457' title='bbox 695 5314 846 5385; x_wconf 65' lang='lat' dir='ltr'><strong>iuba</strong></span> <span class='ocrx_word' id='word_1_458' title='bbox 878 5318 956 5385; x_wconf 79' lang='grc' dir='ltr'><strong>(ἐκ</strong></span> <span class='ocrx_word' id='word_1_459' title='bbox 983 5317 1248 5395; x_wconf 74' lang='grc' dir='ltr'><strong>δευτέρου)</strong></span> <span class='ocrx_word' id='word_1_460' title='bbox 1280 5323 1414 5375; x_wconf 82' lang='lat' dir='ltr'><strong>hana</strong></span> <span class='ocrx_word' id='word_1_461' title='bbox 1440 5325 1650 5393; x_wconf 86' lang='lat' dir='ltr'><strong>vapida.</strong></span> <span class='ocrx_word' id='word_1_462' title='bbox 1679 5325 1782 5397; x_wconf 74' lang='lat' dir='ltr'><strong>jalt</strong></span> 
     </span>
    </p>
   </div>
   <div class='ocr_carea' id='block_1_57' title="bbox 198 5402 1781 5486">
    <p class='ocr_par' dir='ltr' id='par_1_57' title="bbox 198 5402 1781 5486">
     <span class='ocr_line' id='line_1_58' title="bbox 198 5402 1781 5486; baseline 0.012 -34"><span class='ocrx_word' id='word_1_463' title='bbox 198 5402 461 5470; x_wconf 79' lang='lat' dir='ltr'><strong>gamunda</strong></span> <span class='ocrx_word' id='word_1_464' title='bbox 491 5405 690 5472; x_wconf 82' lang='lat' dir='ltr'><strong>paitrus</strong></span> <span class='ocrx_word' id='word_1_465' title='bbox 707 5405 839 5477; x_wconf 72' lang='lat' dir='ltr'><strong>pata</strong></span> <span class='ocrx_word' id='word_1_466' title='bbox 869 5407 1029 5460; x_wconf 85' lang='lat' dir='ltr'><strong>vaurd</strong></span> <span class='ocrx_word' id='word_1_467' title='bbox 1057 5425 1140 5462; x_wconf 85' lang='lat' dir='ltr'><strong>sve</strong></span> <span class='ocrx_word' id='word_1_468' title='bbox 1165 5409 1276 5481; x_wconf 63' lang='lat' dir='ltr'><strong>gap</strong></span> <span class='ocrx_word' id='word_1_469' title='bbox 1309 5415 1464 5466; x_wconf 86' lang='lat' dir='ltr'><strong>imma</strong></span> <span class='ocrx_word' id='word_1_470' title='bbox 1483 5416 1640 5481; x_wconf 86' lang='lat' dir='ltr'><strong>iesus,</strong></span> <span class='ocrx_word' id='word_1_471' title='bbox 1671 5415 1781 5486; x_wconf 67' lang='lat' dir='ltr'><strong>pa-</strong></span> 
     </span>
    </p>
   </div>
   <div class='ocr_carea' id='block_1_58' title="bbox 201 5491 1786 5580">
    <p class='ocr_par' dir='ltr' id='par_1_58' title="bbox 201 5491 1786 5580">
     <span class='ocr_line' id='line_1_59' title="bbox 201 5491 1786 5580; baseline 0.014 -36"><span class='ocrx_word' id='word_1_472' title='bbox 201 5492 270 5545; x_wconf 79' lang='lat' dir='ltr'><strong>lei</strong></span> <span class='ocrx_word' id='word_1_473' title='bbox 293 5491 535 5565; x_wconf 69' lang='lat' dir='ltr'><strong>{aur-piae</strong></span> <span class='ocrx_word' id='word_1_474' title='bbox 559 5496 697 5550; x_wconf 83' lang='lat' dir='ltr'><strong>hana</strong></span> <span class='ocrx_word' id='word_1_475' title='bbox 718 5499 921 5570; x_wconf 74' lang='lat' dir='ltr'><strong>lirukjai</strong></span> <span class='ocrx_word' id='word_1_476' title='bbox 959 5503 1152 5555; x_wconf 78' lang='lat' dir='ltr'><strong>tvaim</strong></span> <span class='ocrx_word' id='word_1_477' title='bbox 1194 5504 1291 5558; x_wconf 84' lang='lat' dir='ltr'><strong>sin</strong></span> <span class='ocrx_word' id='word_1_478' title='bbox 1295 5504 1382 5574; x_wconf 71' lang='grc' dir='ltr'><strong>ῥα</strong></span> <span class='ocrx_word' id='word_1_479' title='bbox 1400 5523 1448 5561; x_wconf 80' lang='grc' dir='ltr'><strong>ιιι</strong></span> <span class='ocrx_word' id='word_1_480' title='bbox 1475 5508 1618 5580; x_wconf 76' lang='grc' dir='ltr'><strong>(δίς),</strong></span> <span class='ocrx_word' id='word_1_481' title='bbox 1653 5511 1786 5565; x_wconf 84' lang='lat' dir='ltr'><strong>invi-</strong></span> 
     </span>
    </p>
   </div>
   <div class='ocr_carea' id='block_1_59' title="bbox 202 5582 1784 5666">
    <p class='ocr_par' dir='ltr' id='par_1_59' title="bbox 202 5582 1784 5666">
     <span class='ocr_line' id='line_1_60' title="bbox 202 5582 1784 5666; baseline 0.015 -33"><span class='ocrx_word' id='word_1_482' title='bbox 202 5582 281 5634; x_wconf 87' lang='lat' dir='ltr'><strong>dis</strong></span> <span class='ocrx_word' id='word_1_483' title='bbox 310 5582 413 5636; x_wconf 71' lang='lat' dir='ltr'><strong>mils</strong></span> <span class='ocrx_word' id='word_1_484' title='bbox 451 5584 631 5655; x_wconf 71' lang='lat' dir='ltr'><strong>prim</strong></span> <span class='ocrx_word' id='word_1_485' title='bbox 680 5588 974 5660; x_wconf 70' lang='lat' dir='ltr'><strong>sinpam;</strong></span> <span class='ocrx_word' id='word_1_486' title='bbox 1004 5592 1134 5649; x_wconf 89' lang='lat' dir='ltr'><strong>Luc.</strong></span> <span class='ocrx_word' id='word_1_487' title='bbox 1183 5609 1312 5660; x_wconf 87' lang='lat' dir='ltr'><strong>xvn,</strong></span> <span class='ocrx_word' id='word_1_488' title='bbox 1342 5599 1375 5651; x_wconf 71' lang='grc'><strong>4</strong></span> <span class='ocrx_word' id='word_1_489' title='bbox 1421 5599 1562 5666; x_wconf 86' lang='lat' dir='ltr'><strong>iabai</strong></span> <span class='ocrx_word' id='word_1_490' title='bbox 1590 5602 1784 5657; x_wconf 80' lang='lat' dir='ltr'><strong>sibun</strong></span> 
     </span>
    </p>
   </div>
   <div class='ocr_carea' id='block_1_60' title="bbox 198 5671 1777 5763">
    <p class='ocr_par' dir='ltr' id='par_1_60' title="bbox 198 5671 1777 5763">
     <span class='ocr_line' id='line_1_61' title="bbox 198 5671 1777 5763; baseline 0.015 -38"><span class='ocrx_word' id='word_1_491' title='bbox 198 5671 260 5725; x_wconf 86' lang='lat' dir='ltr'><strong>si</strong></span> <span class='ocrx_word' id='word_1_492' title='bbox 273 5672 463 5748; x_wconf 72' lang='lat' dir='ltr'><strong>ripam</strong></span> <span class='ocrx_word' id='word_1_493' title='bbox 492 5676 742 5749; x_wconf 70' lang='lat' dir='ltr'><strong>(imum)</strong></span> <span class='ocrx_word' id='word_1_494' title='bbox 772 5697 873 5735; x_wconf 83' lang='lat' dir='ltr'><strong>una</strong></span> <span class='ocrx_word' id='word_1_495' title='bbox 922 5684 1022 5753; x_wconf 76' lang='lat' dir='ltr'><strong>dag</strong></span> <span class='ocrx_word' id='word_1_496' title='bbox 1049 5685 1372 5756; x_wconf 79' lang='lat' dir='ltr'><strong>frauaurkjai</strong></span> <span class='ocrx_word' id='word_1_497' title='bbox 1420 5689 1488 5743; x_wconf 85' lang='lat' dir='ltr'><strong>du</strong></span> <span class='ocrx_word' id='word_1_498' title='bbox 1529 5691 1638 5761; x_wconf 68' lang='lat' dir='ltr'><strong>pus</strong></span> <span class='ocrx_word' id='word_1_499' title='bbox 1675 5695 1777 5763; x_wconf 76' lang='lat' dir='ltr'><strong>jafi</strong></span> 
     </span>
    </p>
   </div>
   <div class='ocr_carea' id='block_1_61' title="bbox 1591 291 2002 348">
    <p class='ocr_par' dir='ltr' id='par_1_61' title="bbox 1591 291 2002 348">
     <span class='ocr_line' id='line_1_62' title="bbox 1591 291 2002 348; baseline -0.015 0"><span class='ocrx_word' id='word_1_500' title='bbox 1591 295 1676 348; x_wconf 81' lang='lat' dir='ltr'><strong>DE</strong></span> <span class='ocrx_word' id='word_1_501' title='bbox 1719 291 2002 348; x_wconf 73' lang='grc' dir='ltr'><strong>ΝΟΜΙΝΕ.</strong></span> 
     </span>
    </p>
   </div>
   <div class='ocr_carea' id='block_1_62' title="bbox 3306 294 3441 349">
    <p class='ocr_par' dir='ltr' id='par_1_62' title="bbox 3306 294 3441 349">
     <span class='ocr_line' id='line_1_63' title="bbox 3306 294 3441 349; baseline 0.007 -1"><span class='ocrx_word' id='word_1_502' title='bbox 3306 294 3441 349; x_wconf 71' lang='grc'><strong>1090</strong></span> 
     </span>
    </p>
   </div>
   <div class='ocr_carea' id='block_1_63' title="bbox 1859 397 3434 472">
    <p class='ocr_par' dir='ltr' id='par_1_63' title="bbox 1859 397 3434 472">
     <span class='ocr_line' id='line_1_64' title="bbox 1859 397 3434 472; baseline 0.001 -20"><span class='ocrx_word' id='word_1_503' title='bbox 1859 399 2046 452; x_wconf 81' lang='lat' dir='ltr'><strong>silum</strong></span> <span class='ocrx_word' id='word_1_504' title='bbox 2074 399 2174 451; x_wconf 83' lang='lat' dir='ltr'><strong>sin</strong></span> <span class='ocrx_word' id='word_1_505' title='bbox 2188 397 2335 466; x_wconf 75' lang='lat' dir='ltr'><strong>[mm</strong></span> <span class='ocrx_word' id='word_1_506' title='bbox 2368 413 2467 452; x_wconf 81' lang='lat' dir='ltr'><strong>ana</strong></span> <span class='ocrx_word' id='word_1_507' title='bbox 2489 399 2590 469; x_wconf 86' lang='lat' dir='ltr'><strong>dag</strong></span> <span class='ocrx_word' id='word_1_508' title='bbox 2609 399 2889 472; x_wconf 76' lang='lat' dir='ltr'><strong>gavandjai</strong></span> <span class='ocrx_word' id='word_1_509' title='bbox 2913 399 3012 455; x_wconf 78' lang='lat' dir='ltr'><strong>sik.</strong></span> <span class='ocrx_word' id='word_1_510' title='bbox 3041 400 3157 456; x_wconf 80' lang='lat' dir='ltr'><strong>Alia</strong></span> <span class='ocrx_word' id='word_1_511' title='bbox 3186 413 3434 471; x_wconf 84' lang='lat' dir='ltr'><strong>exetnpta</strong></span> 
     </span>
    </p>
   </div>
   <div class='ocr_carea' id='block_1_64' title="bbox 1855 490 2422 562">
    <p class='ocr_par' dir='ltr' id='par_1_64' title="bbox 1855 490 2422 562">
     <span class='ocr_line' id='line_1_65' title="bbox 1855 490 2422 562; baseline 0 -19"><span class='ocrx_word' id='word_1_512' title='bbox 1855 491 1966 545; x_wconf 80' lang='lat' dir='ltr'><strong>vid.</strong></span> <span class='ocrx_word' id='word_1_513' title='bbox 1993 490 2171 544; x_wconf 87' lang='lat' dir='ltr'><strong>Gloss.</strong></span> <span class='ocrx_word' id='word_1_514' title='bbox 2196 506 2248 544; x_wconf 89' lang='lat' dir='ltr'><strong>v.</strong></span> <span class='ocrx_word' id='word_1_515' title='bbox 2274 491 2422 562; x_wconf 59' lang='lat' dir='ltr'><strong>sini).</strong></span> 
     </span>
    </p>
   </div>
   <div class='ocr_carea' id='block_1_65' title="bbox 1926 581 3439 651">
    <p class='ocr_par' dir='ltr' id='par_1_65' title="bbox 1926 581 3439 651">
     <span class='ocr_line' id='line_1_66' title="bbox 1926 581 3439 651; baseline 0.001 -17"><span class='ocrx_word' id='word_1_516' title='bbox 1926 581 2060 635; x_wconf 87' lang='lat' dir='ltr'><strong>Cum</strong></span> <span class='ocrx_word' id='word_1_517' title='bbox 2084 581 2416 636; x_wconf 86' lang='lat' dir='ltr'><strong>ordinalibus</strong></span> <span class='ocrx_word' id='word_1_518' title='bbox 2440 581 2633 650; x_wconf 85' lang='lat' dir='ltr'><strong>prima,</strong></span> <span class='ocrx_word' id='word_1_519' title='bbox 2661 583 2919 651; x_wconf 88' lang='lat' dir='ltr'><strong>secunda,</strong></span> <span class='ocrx_word' id='word_1_520' title='bbox 2946 584 3103 638; x_wconf 87' lang='lat' dir='ltr'><strong>tertia</strong></span> <span class='ocrx_word' id='word_1_521' title='bbox 3141 584 3259 640; x_wconf 80' lang='lat' dir='ltr'><strong>vice</strong></span> <span class='ocrx_word' id='word_1_522' title='bbox 3304 600 3439 639; x_wconf 82' lang='lat' dir='ltr'><strong>nen-</strong></span> 
     </span>
    </p>
   </div>
   <div class='ocr_carea' id='block_1_66' title="bbox 1855 672 3441 742">
    <p class='ocr_par' dir='ltr' id='par_1_66' title="bbox 1855 672 3441 742">
     <span class='ocr_line' id='line_1_67' title="bbox 1855 672 3441 742; baseline 0.002 -17"><span class='ocrx_word' id='word_1_523' title='bbox 1855 680 1997 725; x_wconf 91' lang='lat' dir='ltr'><strong>trum</strong></span> <span class='ocrx_word' id='word_1_524' title='bbox 2053 672 2108 724; x_wconf 90' lang='lat' dir='ltr'><strong>in</strong></span> <span class='ocrx_word' id='word_1_525' title='bbox 2158 675 2466 726; x_wconf 85' lang='lat' dir='ltr'><strong>accusativo</strong></span> <span class='ocrx_word' id='word_1_526' title='bbox 2523 675 2742 741; x_wconf 86' lang='lat' dir='ltr'><strong>ponitur</strong></span> <span class='ocrx_word' id='word_1_527' title='bbox 2773 690 2787 728; x_wconf 91' lang='lat'><strong>:</strong></span> <span class='ocrx_word' id='word_1_528' title='bbox 2818 674 2945 728; x_wconf 88' lang='lat' dir='ltr'><strong>Cor.</strong></span> <span class='ocrx_word' id='word_1_529' title='bbox 2988 675 3064 740; x_wconf 90' lang='lat' dir='ltr'><strong>ll,</strong></span> <span class='ocrx_word' id='word_1_530' title='bbox 3092 690 3197 742; x_wconf 86' lang='lat' dir='ltr'><strong>xu,</strong></span> <span class='ocrx_word' id='word_1_531' title='bbox 3253 675 3322 729; x_wconf 74' lang='grc'><strong>14</strong></span> <span class='ocrx_word' id='word_1_532' title='bbox 3363 678 3441 728; x_wconf 86' lang='lat' dir='ltr'><strong>sai</strong></span> 
     </span>
    </p>
   </div>
   <div class='ocr_carea' id='block_1_67' title="bbox 1857 761 3444 837">
    <p class='ocr_par' dir='ltr' id='par_1_67' title="bbox 1857 761 3444 837">
     <span class='ocr_line' id='line_1_68' title="bbox 1857 761 3444 837; baseline 0.003 -23"><span class='ocrx_word' id='word_1_533' title='bbox 1857 761 2081 832; x_wconf 71' lang='lat' dir='ltr'><strong>bridjo</strong></span> <span class='ocrx_word' id='word_1_534' title='bbox 2127 761 2298 833; x_wconf 75' lang='lat' dir='ltr'><strong>pata</strong></span> <span class='ocrx_word' id='word_1_535' title='bbox 2335 762 2554 837; x_wconf 79' lang='grc' dir='ltr'><strong>(τρίτον)</strong></span> <span class='ocrx_word' id='word_1_536' title='bbox 2582 779 2794 818; x_wconf 75' lang='lat' dir='ltr'><strong>mancus</strong></span> <span class='ocrx_word' id='word_1_537' title='bbox 2830 767 2901 818; x_wconf 86' lang='lat' dir='ltr'><strong>im</strong></span> <span class='ocrx_word' id='word_1_538' title='bbox 2928 765 3124 835; x_wconf 78' lang='lat' dir='ltr'><strong>qimau.</strong></span> <span class='ocrx_word' id='word_1_539' title='bbox 3156 765 3295 820; x_wconf 84' lang='lat' dir='ltr'><strong>Coll.</strong></span> <span class='ocrx_word' id='word_1_540' title='bbox 3330 767 3444 837; x_wconf 75' lang='lat' dir='ltr'><strong>fru-</strong></span> 
     </span>
    </p>
   </div>
   <div class='ocr_carea' id='block_1_68' title="bbox 1853 851 3441 929">
    <p class='ocr_par' dir='ltr' id='par_1_68' title="bbox 1853 851 3441 929">
     <span class='ocr_line' id='line_1_69' title="bbox 1853 851 3441 929; baseline 0.004 -24"><span class='ocrx_word' id='word_1_541' title='bbox 1853 852 1970 905; x_wconf 74' lang='lat' dir='ltr'><strong>mist</strong></span> <span class='ocrx_word' id='word_1_542' title='bbox 2001 851 2250 926; x_wconf 82' lang='grc' dir='ltr'><strong>(πρῶτον)</strong></span> <span class='ocrx_word' id='word_1_543' title='bbox 2299 854 2532 923; x_wconf 88' lang='lat' dir='ltr'><strong>primum</strong></span> <span class='ocrx_word' id='word_1_544' title='bbox 2560 862 2617 909; x_wconf 91' lang='lat' dir='ltr'><strong>et</strong></span> <span class='ocrx_word' id='word_1_545' title='bbox 2643 855 2777 925; x_wconf 73' lang='lat' dir='ltr'><strong>pata</strong></span> <span class='ocrx_word' id='word_1_546' title='bbox 2802 855 2980 927; x_wconf 71' lang='lat' dir='ltr'><strong>anpar</strong></span> <span class='ocrx_word' id='word_1_547' title='bbox 3005 855 3087 929; x_wconf 85' lang='grc' dir='ltr'><strong>(τὸ</strong></span> <span class='ocrx_word' id='word_1_548' title='bbox 3109 858 3303 928; x_wconf 76' lang='grc' dir='ltr'><strong>λοιπόν)</strong></span> <span class='ocrx_word' id='word_1_549' title='bbox 3333 873 3441 912; x_wconf 69' lang='lat' dir='ltr'><strong>cte-</strong></span> 
     </span>
    </p>
   </div>
   <div class='ocr_carea' id='block_1_69' title="bbox 1857 954 2050 1002">
    <p class='ocr_par' dir='ltr' id='par_1_69' title="bbox 1857 954 2050 1002">
     <span class='ocr_line' id='line_1_70' title="bbox 1857 954 2050 1002; baseline -0.005 0"><span class='ocrx_word' id='word_1_550' title='bbox 1857 954 2050 1002; x_wconf 82' lang='lat' dir='ltr'><strong>terum.</strong></span> 
     </span>
    </p>
   </div>
   <div class='ocr_carea' id='block_1_70' title="bbox 2401 1055 2882 1108">
    <p class='ocr_par' dir='ltr' id='par_1_70' title="bbox 2401 1055 2882 1108">
     <span class='ocr_line' id='line_1_71' title="bbox 2401 1055 2882 1108; baseline 0.006 -4"><span class='ocrx_word' id='word_1_551' title='bbox 2401 1056 2450 1104; x_wconf 79' lang='grc' dir='ltr'>ι.</span> <span class='ocrx_word' id='word_1_552' title='bbox 2513 1055 2882 1108; x_wconf 70' lang='grc' dir='ltr'><strong>ΡΒΟΝΟΜΕΝ.</strong></span> 
     </span>
    </p>
   </div>
   <div class='ocr_carea' id='block_1_71' title="bbox 2178 1159 3116 1220">
    <p class='ocr_par' dir='ltr' id='par_1_71' title="bbox 2178 1159 3116 1220">
     <span class='ocr_line' id='line_1_72' title="bbox 2178 1159 3116 1220; baseline 0.002 -2"><span class='ocrx_word' id='word_1_553' title='bbox 2178 1159 2224 1218; x_wconf 86' lang='grc' dir='ltr'>Λ</span> <span class='ocrx_word' id='word_1_554' title='bbox 2239 1202 2253 1217; x_wconf 93' lang='grc'><strong>.</strong></span> <span class='ocrx_word' id='word_1_555' title='bbox 2342 1176 2684 1218; x_wconf 70' lang='lat' dir='ltr'><strong>pannosum</strong></span> <span class='ocrx_word' id='word_1_556' title='bbox 2728 1177 3116 1220; x_wconf 72' lang='lat' dir='ltr'><strong>PEBSONALE.</strong></span> 
     </span>
    </p>
   </div>
   <div class='ocr_carea' id='block_1_72' title="bbox 1932 1277 3437 1350">
    <p class='ocr_par' dir='ltr' id='par_1_72' title="bbox 1932 1277 3437 1350">
     <span class='ocr_line' id='line_1_73' title="bbox 1932 1277 3437 1350; baseline 0.003 -20"><span class='ocrx_word' id='word_1_557' title='bbox 1932 1277 1960 1348; x_wconf 62' lang='grc' dir='ltr'>ᾗ</span> <span class='ocrx_word' id='word_1_558' title='bbox 1995 1278 2112 1334; x_wconf 80' lang='grc'><strong>199.</strong></span> <span class='ocrx_word' id='word_1_559' title='bbox 2164 1277 2218 1349; x_wconf 92' lang='grc'><strong>1)</strong></span> <span class='ocrx_word' id='word_1_560' title='bbox 2251 1279 2570 1334; x_wconf 86' lang='lat' dir='ltr'><strong>Prunomina</strong></span> <span class='ocrx_word' id='word_1_561' title='bbox 2601 1278 2903 1349; x_wconf 85' lang='lat' dir='ltr'><strong>personalia</strong></span> <span class='ocrx_word' id='word_1_562' title='bbox 2930 1289 3057 1333; x_wconf 90' lang='lat' dir='ltr'><strong>sunt</strong></span> <span class='ocrx_word' id='word_1_563' title='bbox 3086 1297 3101 1331; x_wconf 89' lang='lat'><strong>:</strong></span> <span class='ocrx_word' id='word_1_564' title='bbox 3135 1295 3233 1349; x_wconf 88' lang='lat' dir='ltr'><strong>pro</strong></span> <span class='ocrx_word' id='word_1_565' title='bbox 3267 1281 3437 1350; x_wconf 89' lang='lat' dir='ltr'><strong>prima</strong></span> 
     </span>
    </p>
   </div>
   <div class='ocr_carea' id='block_1_73' title="bbox 1859 1368 3435 1441">
    <p class='ocr_par' dir='ltr' id='par_1_73' title="bbox 1859 1368 3435 1441">
     <span class='ocr_line' id='line_1_74' title="bbox 1859 1368 3435 1441; baseline 0.001 -19"><span class='ocrx_word' id='word_1_566' title='bbox 1859 1383 2088 1437; x_wconf 86' lang='lat' dir='ltr'><strong>persona</strong></span> <span class='ocrx_word' id='word_1_567' title='bbox 2114 1368 2166 1421; x_wconf 83' lang='lat' dir='ltr'><strong>ik</strong></span> <span class='ocrx_word' id='word_1_568' title='bbox 2181 1384 2302 1438; x_wconf 77' lang='lat' dir='ltr'><strong>ego,</strong></span> <span class='ocrx_word' id='word_1_569' title='bbox 2323 1371 2424 1422; x_wconf 87' lang='lat' dir='ltr'><strong>veis</strong></span> <span class='ocrx_word' id='word_1_570' title='bbox 2449 1385 2575 1434; x_wconf 90' lang='lat' dir='ltr'><strong>nos;</strong></span> <span class='ocrx_word' id='word_1_571' title='bbox 2606 1387 2700 1438; x_wconf 85' lang='lat' dir='ltr'><strong>pro</strong></span> <span class='ocrx_word' id='word_1_572' title='bbox 2729 1369 2960 1424; x_wconf 81' lang='lat' dir='ltr'><strong>secunda</strong></span> <span class='ocrx_word' id='word_1_573' title='bbox 2979 1369 3057 1439; x_wconf 76' lang='grc' dir='ltr'><strong>ῥυ</strong></span> <span class='ocrx_word' id='word_1_574' title='bbox 3091 1379 3170 1434; x_wconf 92' lang='lat' dir='ltr'><strong>tu,</strong></span> <span class='ocrx_word' id='word_1_575' title='bbox 3183 1374 3276 1441; x_wconf 95' lang='lat' dir='ltr'><strong>jus</strong></span> <span class='ocrx_word' id='word_1_576' title='bbox 3308 1387 3435 1434; x_wconf 87' lang='lat' dir='ltr'><strong>vos;</strong></span> 
     </span>
    </p>
   </div>
   <div class='ocr_carea' id='block_1_74' title="bbox 1859 1460 3440 1532">
    <p class='ocr_par' dir='ltr' id='par_1_74' title="bbox 1859 1460 3440 1532">
     <span class='ocr_line' id='line_1_75' title="bbox 1859 1460 3440 1532; baseline 0.003 -20"><span class='ocrx_word' id='word_1_577' title='bbox 1859 1474 1955 1528; x_wconf 86' lang='lat' dir='ltr'><strong>pro</strong></span> <span class='ocrx_word' id='word_1_578' title='bbox 1987 1460 2166 1524; x_wconf 88' lang='lat' dir='ltr'><strong>tertia,</strong></span> <span class='ocrx_word' id='word_1_579' title='bbox 2195 1475 2314 1528; x_wconf 78' lang='lat' dir='ltr'><strong>qua:</strong></span> <span class='ocrx_word' id='word_1_580' title='bbox 2331 1461 2529 1515; x_wconf 85' lang='lat' dir='ltr'><strong>diversi</strong></span> <span class='ocrx_word' id='word_1_581' title='bbox 2558 1462 2772 1532; x_wconf 79' lang='lat' dir='ltr'><strong>generis</strong></span> <span class='ocrx_word' id='word_1_582' title='bbox 2801 1470 2904 1529; x_wconf 86' lang='lat' dir='ltr'><strong>est,</strong></span> <span class='ocrx_word' id='word_1_583' title='bbox 2937 1463 2980 1514; x_wconf 87' lang='lat' dir='ltr'><strong>is</strong></span> <span class='ocrx_word' id='word_1_584' title='bbox 3007 1464 3072 1526; x_wconf 93' lang='lat' dir='ltr'><strong>is,</strong></span> <span class='ocrx_word' id='word_1_585' title='bbox 3104 1463 3148 1515; x_wconf 82' lang='lat' dir='ltr'><strong>si</strong></span> <span class='ocrx_word' id='word_1_586' title='bbox 3180 1478 3267 1528; x_wconf 86' lang='lat' dir='ltr'><strong>ea,</strong></span> <span class='ocrx_word' id='word_1_587' title='bbox 3300 1468 3440 1531; x_wconf 88' lang='lat' dir='ltr'><strong>plur.</strong></span> 
     </span>
    </p>
   </div>
   <div class='ocr_carea' id='block_1_75' title="bbox 1857 1547 3443 1620">
    <p class='ocr_par' dir='ltr' id='par_1_75' title="bbox 1857 1547 3443 1620">
     <span class='ocr_line' id='line_1_76' title="bbox 1857 1547 3443 1620; baseline 0.004 -20"><span class='ocrx_word' id='word_1_588' title='bbox 1857 1548 1927 1600; x_wconf 84' lang='lat' dir='ltr'><strong>eis</strong></span> <span class='ocrx_word' id='word_1_589' title='bbox 1957 1547 2023 1612; x_wconf 91' lang='lat' dir='ltr'><strong>ii;</strong></span> <span class='ocrx_word' id='word_1_590' title='bbox 2055 1563 2114 1600; x_wconf 86' lang='lat' dir='ltr'><strong>sa</strong></span> <span class='ocrx_word' id='word_1_591' title='bbox 2147 1549 2230 1603; x_wconf 91' lang='lat' dir='ltr'><strong>hic</strong></span> <span class='ocrx_word' id='word_1_592' title='bbox 2254 1587 2268 1612; x_wconf 92' lang='lat'><strong>,</strong></span> <span class='ocrx_word' id='word_1_593' title='bbox 2299 1564 2356 1601; x_wconf 88' lang='lat' dir='ltr'><strong>so</strong></span> <span class='ocrx_word' id='word_1_594' title='bbox 2387 1549 2522 1615; x_wconf 72' lang='lat' dir='ltr'><strong>lucc,</strong></span> <span class='ocrx_word' id='word_1_595' title='bbox 2546 1550 2683 1618; x_wconf 86' lang='lat' dir='ltr'><strong>plur.</strong></span> <span class='ocrx_word' id='word_1_596' title='bbox 2716 1549 2812 1619; x_wconf 76' lang='lat' dir='ltr'><strong>[mi</strong></span> <span class='ocrx_word' id='word_1_597' title='bbox 2846 1549 2925 1613; x_wconf 83' lang='lat' dir='ltr'><strong>lli,</strong></span> <span class='ocrx_word' id='word_1_598' title='bbox 2951 1562 3004 1605; x_wconf 89' lang='lat' dir='ltr'><strong>et</strong></span> <span class='ocrx_word' id='word_1_599' title='bbox 3035 1567 3329 1620; x_wconf 84' lang='lat' dir='ltr'><strong>pronomen</strong></span> <span class='ocrx_word' id='word_1_600' title='bbox 3355 1569 3443 1607; x_wconf 85' lang='lat' dir='ltr'><strong>re-</strong></span> 
     </span>
    </p>
   </div>
   <div class='ocr_carea' id='block_1_76' title="bbox 1857 1635 3095 1709">
    <p class='ocr_par' dir='ltr' id='par_1_76' title="bbox 1857 1635 3095 1709">
     <span class='ocr_line' id='line_1_77' title="bbox 1857 1635 3095 1709; baseline 0.006 -20"><span class='ocrx_word' id='word_1_601' title='bbox 1857 1635 2108 1691; x_wconf 76' lang='lat' dir='ltr'><strong>ﬂexivunt</strong></span> <span class='ocrx_word' id='word_1_602' title='bbox 2139 1637 2214 1690; x_wconf 76' lang='lat' dir='ltr'><strong>sill</strong></span> <span class='ocrx_word' id='word_1_603' title='bbox 2241 1654 2321 1692; x_wconf 91' lang='lat' dir='ltr'><strong>se.</strong></span> <span class='ocrx_word' id='word_1_604' title='bbox 3085 1699 3095 1709; x_wconf 86' lang='lat'>_</span> 
     </span>
    </p>
   </div>
   <div class='ocr_carea' id='block_1_77' title="bbox 1944 1727 3447 1800">
    <p class='ocr_par' dir='ltr' id='par_1_77' title="bbox 1944 1727 3447 1800">
     <span class='ocr_line' id='line_1_78' title="bbox 1944 1727 3447 1800; baseline 0.01 -25"><span class='ocrx_word' id='word_1_605' title='bbox 1944 1746 1961 1775; x_wconf 74' lang='grc' dir='ltr'><strong><em>ο</em></strong></span> <span class='ocrx_word' id='word_1_606' title='bbox 1997 1727 2290 1781; x_wconf 81' lang='lat' dir='ltr'><strong>Annutatio</strong></span> <span class='ocrx_word' id='word_1_607' title='bbox 2319 1729 2444 1783; x_wconf 86' lang='grc'><strong>1.-</strong></span> <span class='ocrx_word' id='word_1_608' title='bbox 2465 1727 2521 1782; x_wconf 90' lang='lat' dir='ltr'><strong>ls</strong></span> <span class='ocrx_word' id='word_1_609' title='bbox 2543 1727 2682 1783; x_wconf 89' lang='lat' dir='ltr'><strong>idem</strong></span> <span class='ocrx_word' id='word_1_610' title='bbox 2701 1737 2784 1784; x_wconf 75' lang='lat' dir='ltr'><strong>est</strong></span> <span class='ocrx_word' id='word_1_611' title='bbox 2799 1737 2958 1798; x_wconf 88' lang='lat' dir='ltr'><strong>atque</strong></span> <span class='ocrx_word' id='word_1_612' title='bbox 2977 1745 3207 1800; x_wconf 78' lang='lat' dir='ltr'><strong>gra-cum</strong></span> <span class='ocrx_word' id='word_1_613' title='bbox 3229 1733 3447 1797; x_wconf 79' lang='grc' dir='ltr'><strong>αὑτὸς.ὃ</strong></span> 
     </span>
    </p>
   </div>
   <div class='ocr_carea' id='block_1_78' title="bbox 1862 1808 3444 1890">
    <p class='ocr_par' dir='ltr' id='par_1_78' title="bbox 1862 1808 3444 1890">
     <span class='ocr_line' id='line_1_79' title="bbox 1862 1808 3444 1890; baseline 0.004 -20"><span class='ocrx_word' id='word_1_614' title='bbox 1862 1816 2007 1886; x_wconf 79' lang='lat' dir='ltr'><strong>(gall,</strong></span> <span class='ocrx_word' id='word_1_615' title='bbox 2030 1817 2110 1886; x_wconf 84' lang='lat' dir='ltr'><strong>il),</strong></span> <span class='ocrx_word' id='word_1_616' title='bbox 2131 1818 2223 1872; x_wconf 90' lang='lat' dir='ltr'><strong>sed</strong></span> <span class='ocrx_word' id='word_1_617' title='bbox 2246 1817 2507 1888; x_wconf 81' lang='lat' dir='ltr'><strong>adjective</strong></span> <span class='ocrx_word' id='word_1_618' title='bbox 2534 1819 2674 1873; x_wconf 86' lang='lat' dir='ltr'><strong>sumi</strong></span> <span class='ocrx_word' id='word_1_619' title='bbox 2699 1834 2801 1872; x_wconf 69' lang='lat' dir='ltr'><strong>non</strong></span> <span class='ocrx_word' id='word_1_620' title='bbox 2831 1808 3164 1890; x_wconf 47' lang='lat' dir='ltr'><strong>potest&#39;pro:</strong></span> <span class='ocrx_word' id='word_1_621' title='bbox 3187 1823 3295 1888; x_wconf 89' lang='lat' dir='ltr'><strong>hic,</strong></span> <span class='ocrx_word' id='word_1_622' title='bbox 3322 1824 3444 1888; x_wconf 88' lang='lat' dir='ltr'><strong>ille;</strong></span> 
     </span>
    </p>
   </div>
   <div class='ocr_carea' id='block_1_79' title="bbox 1859 1907 3446 1982">
    <p class='ocr_par' dir='ltr' id='par_1_79' title="bbox 1859 1907 3446 1982">
     <span class='ocr_line' id='line_1_80' title="bbox 1859 1907 3446 1982; baseline 0.004 -23"><span class='ocrx_word' id='word_1_623' title='bbox 1859 1922 1917 1959; x_wconf 80' lang='lat' dir='ltr'><strong>sa</strong></span> <span class='ocrx_word' id='word_1_624' title='bbox 1938 1918 2113 1960; x_wconf 88' lang='lat' dir='ltr'><strong>autem</strong></span> <span class='ocrx_word' id='word_1_625' title='bbox 2136 1908 2418 1977; x_wconf 71' lang='lat' dir='ltr'><strong>teqnivalet</strong></span> <span class='ocrx_word' id='word_1_626' title='bbox 2439 1923 2600 1978; x_wconf 72' lang='lat' dir='ltr'><strong>grzcc.</strong></span> <span class='ocrx_word' id='word_1_627' title='bbox 2627 1911 2781 1970; x_wconf 75' lang='grc' dir='ltr'><strong>αὐτὸς</strong></span> <span class='ocrx_word' id='word_1_628' title='bbox 2803 1923 2856 1963; x_wconf 88' lang='lat' dir='ltr'><strong>et</strong></span> <span class='ocrx_word' id='word_1_629' title='bbox 2876 1907 3017 1972; x_wconf 76' lang='grc' dir='ltr'>οὗτος</span> <span class='ocrx_word' id='word_1_630' title='bbox 3039 1920 3093 1964; x_wconf 88' lang='lat' dir='ltr'><strong>et</strong></span> <span class='ocrx_word' id='word_1_631' title='bbox 3114 1926 3446 1982; x_wconf 87' lang='lat' dir='ltr'><strong>consequen-</strong></span> 
     </span>
    </p>
   </div>
   <div class='ocr_carea' id='block_1_80' title="bbox 1871 1997 3445 2070">
    <p class='ocr_par' dir='ltr' id='par_1_80' title="bbox 1871 1997 3445 2070">
     <span class='ocr_line' id='line_1_81' title="bbox 1871 1997 3445 2070; baseline 0.006 -22"><span class='ocrx_word' id='word_1_632' title='bbox 1871 2003 1952 2050; x_wconf 89' lang='lat' dir='ltr'><strong>ter</strong></span> <span class='ocrx_word' id='word_1_633' title='bbox 1978 2004 2060 2049; x_wconf 89' lang='lat' dir='ltr'><strong>est</strong></span> <span class='ocrx_word' id='word_1_634' title='bbox 2085 1998 2243 2050; x_wconf 81' lang='lat' dir='ltr'><strong>etiam</strong></span> <span class='ocrx_word' id='word_1_635' title='bbox 2264 1997 2619 2068; x_wconf 88' lang='lat' dir='ltr'><strong>adjectivum;</strong></span> <span class='ocrx_word' id='word_1_636' title='bbox 2645 1999 2712 2053; x_wconf 86' lang='lat' dir='ltr'><strong>de</strong></span> <span class='ocrx_word' id='word_1_637' title='bbox 2742 2001 2931 2052; x_wconf 89' lang='lat' dir='ltr'><strong>horum</strong></span> <span class='ocrx_word' id='word_1_638' title='bbox 2957 2001 3333 2070; x_wconf 84' lang='lat' dir='ltr'><strong>pronominum</strong></span> <span class='ocrx_word' id='word_1_639' title='bbox 3362 2003 3445 2057; x_wconf 84' lang='lat' dir='ltr'><strong>di-</strong></span> 
     </span>
    </p>
   </div>
   <div class='ocr_carea' id='block_1_81' title="bbox 1867 2085 2624 2157">
    <p class='ocr_par' dir='ltr' id='par_1_81' title="bbox 1867 2085 2624 2157">
     <span class='ocr_line' id='line_1_82' title="bbox 1867 2085 2624 2157; baseline 0.005 -18"><span class='ocrx_word' id='word_1_640' title='bbox 1867 2085 2123 2141; x_wconf 87' lang='lat' dir='ltr'><strong>scrimine</strong></span> <span class='ocrx_word' id='word_1_641' title='bbox 2146 2087 2254 2141; x_wconf 87' lang='lat' dir='ltr'><strong>vid.</strong></span> <span class='ocrx_word' id='word_1_642' title='bbox 2306 2088 2333 2157; x_wconf 74' lang='lat'><strong>§</strong></span> <span class='ocrx_word' id='word_1_643' title='bbox 2371 2088 2499 2154; x_wconf 77' lang='grc'><strong>202,</strong></span> <span class='ocrx_word' id='word_1_644' title='bbox 2530 2089 2569 2143; x_wconf 91' lang='lat' dir='ltr'><strong>l.</strong></span> <span class='ocrx_word' id='word_1_645' title='bbox 2604 2108 2624 2142; x_wconf 83' lang='lat' dir='ltr'><strong>s</strong></span> 
     </span>
    </p>
   </div>
   <div class='ocr_carea' id='block_1_82' title="bbox 1935 2178 3449 2252">
    <p class='ocr_par' dir='ltr' id='par_1_82' title="bbox 1935 2178 3449 2252">
     <span class='ocr_line' id='line_1_83' title="bbox 1935 2178 3449 2252; baseline 0.004 -20"><span class='ocrx_word' id='word_1_646' title='bbox 1935 2179 1990 2246; x_wconf 84' lang='grc'><strong>2)</strong></span> <span class='ocrx_word' id='word_1_647' title='bbox 2023 2178 2160 2232; x_wconf 81' lang='lat' dir='ltr'><strong>Cum</strong></span> <span class='ocrx_word' id='word_1_648' title='bbox 2193 2193 2486 2248; x_wconf 83' lang='lat' dir='ltr'><strong>pronomen</strong></span> <span class='ocrx_word' id='word_1_649' title='bbox 2518 2180 2803 2248; x_wconf 86' lang='lat' dir='ltr'><strong>personale</strong></span> <span class='ocrx_word' id='word_1_650' title='bbox 2829 2181 3130 2252; x_wconf 85' lang='lat' dir='ltr'><strong>subjectum</strong></span> <span class='ocrx_word' id='word_1_651' title='bbox 3155 2193 3260 2249; x_wconf 89' lang='lat' dir='ltr'><strong>est,</strong></span> <span class='ocrx_word' id='word_1_652' title='bbox 3285 2197 3449 2252; x_wconf 87' lang='lat' dir='ltr'><strong>pecu-</strong></span> 
     </span>
    </p>
   </div>
   <div class='ocr_carea' id='block_1_83' title="bbox 1865 2264 3450 2340">
    <p class='ocr_par' dir='ltr' id='par_1_83' title="bbox 1865 2264 3450 2340">
     <span class='ocr_line' id='line_1_84' title="bbox 1865 2264 3450 2340; baseline 0.008 -23"><span class='ocrx_word' id='word_1_653' title='bbox 1865 2264 2071 2320; x_wconf 90' lang='lat' dir='ltr'><strong>liariter</strong></span> <span class='ocrx_word' id='word_1_654' title='bbox 2099 2282 2206 2321; x_wconf 90' lang='lat' dir='ltr'><strong>non</strong></span> <span class='ocrx_word' id='word_1_655' title='bbox 2251 2268 2592 2337; x_wconf 89' lang='lat' dir='ltr'><strong>exprimitur,</strong></span> <span class='ocrx_word' id='word_1_656' title='bbox 2641 2271 2762 2340; x_wconf 89' lang='lat' dir='ltr'><strong>quia</strong></span> <span class='ocrx_word' id='word_1_657' title='bbox 2810 2270 2922 2340; x_wconf 89' lang='lat' dir='ltr'><strong>jam</strong></span> <span class='ocrx_word' id='word_1_658' title='bbox 2971 2272 3025 2326; x_wconf 90' lang='lat' dir='ltr'><strong>in</strong></span> <span class='ocrx_word' id='word_1_659' title='bbox 3071 2273 3450 2329; x_wconf 87' lang='lat' dir='ltr'><strong>terminatione</strong></span> 
     </span>
    </p>
   </div>
   <div class='ocr_carea' id='block_1_84' title="bbox 1867 2357 3447 2436">
    <p class='ocr_par' dir='ltr' id='par_1_84' title="bbox 1867 2357 3447 2436">
     <span class='ocr_line' id='line_1_85' title="bbox 1867 2357 3447 2436; baseline 0.009 -28"><span class='ocrx_word' id='word_1_660' title='bbox 1867 2357 2014 2412; x_wconf 87' lang='lat' dir='ltr'><strong>verbi</strong></span> <span class='ocrx_word' id='word_1_661' title='bbox 2067 2359 2322 2428; x_wconf 84' lang='lat' dir='ltr'><strong>implicite</strong></span> <span class='ocrx_word' id='word_1_662' title='bbox 2365 2362 2695 2418; x_wconf 87' lang='lat' dir='ltr'><strong>continetur.</strong></span> <span class='ocrx_word' id='word_1_663' title='bbox 2723 2361 2921 2418; x_wconf 78' lang='lat' dir='ltr'><strong>Verum</strong></span> <span class='ocrx_word' id='word_1_664' title='bbox 2967 2374 3146 2420; x_wconf 87' lang='lat' dir='ltr'><strong>tamen</strong></span> <span class='ocrx_word' id='word_1_665' title='bbox 3195 2367 3447 2436; x_wconf 81' lang='lat' dir='ltr'><strong>explicita</strong></span> 
     </span>
    </p>
   </div>
   <div class='ocr_carea' id='block_1_85' title="bbox 1863 2447 2041 2504">
    <p class='ocr_par' dir='ltr' id='par_1_85' title="bbox 1863 2447 2041 2504">
     <span class='ocr_line' id='line_1_86' title="bbox 1863 2447 2041 2504; baseline 0.022 -4"><span class='ocrx_word' id='word_1_666' title='bbox 1863 2447 2041 2504; x_wconf 86' lang='lat' dir='ltr'><strong>adest.</strong></span> 
     </span>
    </p>
   </div>
   <div class='ocr_carea' id='block_1_86' title="bbox 1935 2536 3452 2614">
    <p class='ocr_par' dir='ltr' id='par_1_86' title="bbox 1935 2536 3452 2614">
     <span class='ocr_line' id='line_1_87' title="bbox 1935 2536 3452 2614; baseline 0.009 -25"><span class='ocrx_word' id='word_1_667' title='bbox 1935 2536 1993 2609; x_wconf 86' lang='lat' dir='ltr'><strong>a)</strong></span> <span class='ocrx_word' id='word_1_668' title='bbox 2017 2537 2320 2592; x_wconf 74' lang='lat' dir='ltr'><strong>Pronouzeu</strong></span> <span class='ocrx_word' id='word_1_669' title='bbox 2347 2540 2531 2608; x_wconf 76' lang='lat' dir='ltr'><strong>prima:</strong></span> <span class='ocrx_word' id='word_1_670' title='bbox 2553 2551 2605 2595; x_wconf 85' lang='lat' dir='ltr'><strong>et</strong></span> <span class='ocrx_word' id='word_1_671' title='bbox 2630 2543 2879 2596; x_wconf 75' lang='lat' dir='ltr'><strong>secunda:</strong></span> <span class='ocrx_word' id='word_1_672' title='bbox 2904 2557 3166 2614; x_wconf 63' lang='lat' dir='ltr'><strong>personas,</strong></span> <span class='ocrx_word' id='word_1_673' title='bbox 3198 2564 3319 2602; x_wconf 90' lang='lat' dir='ltr'><strong>cum</strong></span> <span class='ocrx_word' id='word_1_674' title='bbox 3345 2549 3452 2602; x_wconf 76' lang='lat' dir='ltr'><strong>sci-</strong></span> 
     </span>
    </p>
   </div>
   <div class='ocr_carea' id='block_1_87' title="bbox 1875 2626 3450 2704">
    <p class='ocr_par' dir='ltr' id='par_1_87' title="bbox 1875 2626 3450 2704">
     <span class='ocr_line' id='line_1_88' title="bbox 1875 2626 3450 2704; baseline 0.008 -25"><span class='ocrx_word' id='word_1_675' title='bbox 1875 2626 2002 2680; x_wconf 89' lang='lat' dir='ltr'><strong>licet</strong></span> <span class='ocrx_word' id='word_1_676' title='bbox 2021 2628 2264 2695; x_wconf 75' lang='lat' dir='ltr'><strong>qua-dam</strong></span> <span class='ocrx_word' id='word_1_677' title='bbox 2297 2630 2568 2697; x_wconf 82' lang='lat' dir='ltr'><strong>emphasis</strong></span> <span class='ocrx_word' id='word_1_678' title='bbox 2601 2631 2650 2684; x_wconf 92' lang='lat' dir='ltr'><strong>in</strong></span> <span class='ocrx_word' id='word_1_679' title='bbox 2698 2648 2762 2684; x_wconf 91' lang='lat' dir='ltr'><strong>eo</strong></span> <span class='ocrx_word' id='word_1_680' title='bbox 2791 2631 2954 2701; x_wconf 87' lang='lat' dir='ltr'><strong>jacet,</strong></span> <span class='ocrx_word' id='word_1_681' title='bbox 2984 2650 3104 2687; x_wconf 76' lang='lat' dir='ltr'><strong>(~qu</strong></span> <span class='ocrx_word' id='word_1_682' title='bbox 3155 2640 3450 2704; x_wconf 74' lang='lat' dir='ltr'><strong>praesertim</strong></span> 
     </span>
    </p>
   </div>
   <div class='ocr_carea' id='block_1_88' title="bbox 1870 2717 3449 2798">
    <p class='ocr_par' dir='ltr' id='par_1_88' title="bbox 1870 2717 3449 2798">
     <span class='ocr_line' id='line_1_89' title="bbox 1870 2717 3449 2798; baseline 0.007 -28"><span class='ocrx_word' id='word_1_683' title='bbox 1870 2717 1936 2771; x_wconf 85' lang='lat' dir='ltr'><strong>ad</strong></span> <span class='ocrx_word' id='word_1_684' title='bbox 1968 2718 2114 2771; x_wconf 87' lang='lat' dir='ltr'><strong>aliud</strong></span> <span class='ocrx_word' id='word_1_685' title='bbox 2147 2719 2438 2788; x_wconf 90' lang='lat' dir='ltr'><strong>opponitur</strong></span> <span class='ocrx_word' id='word_1_686' title='bbox 2464 2736 2478 2772; x_wconf 89' lang='lat'><strong>:</strong></span> <span class='ocrx_word' id='word_1_687' title='bbox 2507 2720 2662 2774; x_wconf 79' lang='lat' dir='ltr'><strong>Joan.</strong></span> <span class='ocrx_word' id='word_1_688' title='bbox 2686 2734 2760 2789; x_wconf 71' lang='grc' dir='ltr'><strong>γι,</strong></span> <span class='ocrx_word' id='word_1_689' title='bbox 2790 2722 2862 2778; x_wconf 90' lang='grc' dir='ltr'><strong>2ο</strong></span> <span class='ocrx_word' id='word_1_690' title='bbox 2885 2725 3111 2785; x_wconf 68' lang='lat' dir='ltr'><strong>ohtedun</strong></span> <span class='ocrx_word' id='word_1_691' title='bbox 3149 2728 3242 2793; x_wconf 85' lang='lat' dir='ltr'><strong>sis,</strong></span> <span class='ocrx_word' id='word_1_692' title='bbox 3270 2727 3449 2798; x_wconf 63' lang='lat' dir='ltr'><strong>paruis</strong></span> 
     </span>
    </p>
   </div>
   <div class='ocr_carea' id='block_1_89' title="bbox 1865 2804 3455 2889">
    <p class='ocr_par' dir='ltr' id='par_1_89' title="bbox 1865 2804 3455 2889">
     <span class='ocr_line' id='line_1_90' title="bbox 1865 2804 3455 2889; baseline 0.009 -33"><span class='ocrx_word' id='word_1_693' title='bbox 1865 2804 1976 2876; x_wconf 73' lang='grc' dir='ltr'><strong>ᾳαρ</strong></span> <span class='ocrx_word' id='word_1_694' title='bbox 1998 2808 2134 2859; x_wconf 85' lang='lat' dir='ltr'><strong>iesus</strong></span> <span class='ocrx_word' id='word_1_695' title='bbox 2158 2821 2177 2860; x_wconf 91' lang='lat'><strong><em>:</em></strong></span> <span class='ocrx_word' id='word_1_696' title='bbox 2203 2805 2256 2859; x_wconf 69' lang='lat' dir='ltr'><strong>il:</strong></span> <span class='ocrx_word' id='word_1_697' title='bbox 2283 2808 2377 2874; x_wconf 91' lang='lat' dir='ltr'><strong>im,</strong></span> <span class='ocrx_word' id='word_1_698' title='bbox 2407 2807 2461 2860; x_wconf 85' lang='lat' dir='ltr'><strong>ni</strong></span> <span class='ocrx_word' id='word_1_699' title='bbox 2485 2808 2643 2880; x_wconf 74' lang='lat' dir='ltr'><strong>ogeip</strong></span> <span class='ocrx_word' id='word_1_700' title='bbox 2671 2811 2798 2864; x_wconf 79' lang='lat' dir='ltr'><strong>izvis</strong></span> <span class='ocrx_word' id='word_1_701' title='bbox 2820 2825 2839 2876; x_wconf 79' lang='lat'><strong>,°</strong></span> <span class='ocrx_word' id='word_1_702' title='bbox 2867 2810 2994 2867; x_wconf 83' lang='lat' dir='ltr'><strong>an.</strong></span> <span class='ocrx_word' id='word_1_703' title='bbox 3019 2829 3079 2879; x_wconf 85' lang='lat' dir='ltr'><strong>x,</strong></span> <span class='ocrx_word' id='word_1_704' title='bbox 3113 2816 3182 2870; x_wconf 72' lang='grc'><strong>24</strong></span> <span class='ocrx_word' id='word_1_705' title='bbox 3212 2818 3455 2889; x_wconf 75' lang='lat' dir='ltr'><strong>managui</strong></span> 
     </span>
    </p>
   </div>
   <div class='ocr_carea' id='block_1_90' title="bbox 1867 2895 3454 2976">
    <p class='ocr_par' dir='ltr' id='par_1_90' title="bbox 1867 2895 3454 2976">
     <span class='ocr_line' id='line_1_91' title="bbox 1867 2895 3454 2976; baseline 0.008 -29"><span class='ocrx_word' id='word_1_706' title='bbox 1867 2895 2145 2964; x_wconf 79' lang='lat' dir='ltr'><strong>praufeteis</strong></span> <span class='ocrx_word' id='word_1_707' title='bbox 2175 2896 2275 2964; x_wconf 82' lang='lat' dir='ltr'><strong>jah</strong></span> <span class='ocrx_word' id='word_1_708' title='bbox 2317 2895 2587 2966; x_wconf 73' lang='lat' dir='ltr'><strong>piudunos</strong></span> <span class='ocrx_word' id='word_1_709' title='bbox 2625 2898 2865 2952; x_wconf 76' lang='lat' dir='ltr'><strong>vildeduu</strong></span> <span class='ocrx_word' id='word_1_710' title='bbox 2904 2902 3114 2966; x_wconf 83' lang='lat' dir='ltr'><strong>saiwan,</strong></span> <span class='ocrx_word' id='word_1_711' title='bbox 3169 2902 3316 2973; x_wconf 75' lang='lat' dir='ltr'><strong>patei</strong></span> <span class='ocrx_word' id='word_1_712' title='bbox 3338 2907 3454 2976; x_wconf 86' lang='lat' dir='ltr'><strong>jus</strong></span> 
     </span>
    </p>
   </div>
   <div class='ocr_carea' id='block_1_91' title="bbox 1865 2985 3451 3062">
    <p class='ocr_par' dir='ltr' id='par_1_91' title="bbox 1865 2985 3451 3062">
     <span class='ocr_line' id='line_1_92' title="bbox 1865 2985 3451 3062; baseline 0.008 -22"><span class='ocrx_word' id='word_1_713' title='bbox 1865 2985 2054 3056; x_wconf 64' lang='lat' dir='ltr'><strong>saiwiﬁ</strong></span> <span class='ocrx_word' id='word_1_714' title='bbox 2072 3001 2092 3049; x_wconf 88' lang='lat'><strong><em>;</em></strong></span> <span class='ocrx_word' id='word_1_715' title='bbox 2129 2986 2284 3041; x_wconf 85' lang='lat' dir='ltr'><strong>Joan.</strong></span> <span class='ocrx_word' id='word_1_716' title='bbox 2321 3003 2410 3052; x_wconf 91' lang='lat' dir='ltr'><strong>xv,</strong></span> <span class='ocrx_word' id='word_1_717' title='bbox 2434 2988 2468 3039; x_wconf 85' lang='lat'><strong>5</strong></span> <span class='ocrx_word' id='word_1_718' title='bbox 2504 2991 2627 3060; x_wconf 89' lang='lat' dir='ltr'><strong>jus</strong></span> <span class='ocrx_word' id='word_1_719' title='bbox 2651 2990 2780 3059; x_wconf 92' lang='lat' dir='ltr'><strong>(non</strong></span> <span class='ocrx_word' id='word_1_720' title='bbox 2810 3006 2944 3062; x_wconf 90' lang='lat' dir='ltr'><strong>opus</strong></span> <span class='ocrx_word' id='word_1_721' title='bbox 2962 2992 3170 3048; x_wconf 86' lang='lat' dir='ltr'><strong>habetis</strong></span> <span class='ocrx_word' id='word_1_722' title='bbox 3206 3003 3264 3049; x_wconf 90' lang='lat' dir='ltr'><strong>ut</strong></span> <span class='ocrx_word' id='word_1_723' title='bbox 3290 3012 3451 3052; x_wconf 82' lang='lat' dir='ltr'><strong>mun-</strong></span> 
     </span>
    </p>
   </div>
   <div class='ocr_carea' id='block_1_92' title="bbox 1870 3075 3455 3151">
    <p class='ocr_par' dir='ltr' id='par_1_92' title="bbox 1870 3075 3455 3151">
     <span class='ocr_line' id='line_1_93' title="bbox 1870 3075 3455 3151; baseline 0.009 -23"><span class='ocrx_word' id='word_1_724' title='bbox 1870 3075 2068 3130; x_wconf 86' lang='lat' dir='ltr'><strong>demitti</strong></span> <span class='ocrx_word' id='word_1_725' title='bbox 2099 3117 2114 3141; x_wconf 92' lang='lat'><strong>,</strong></span> <span class='ocrx_word' id='word_1_726' title='bbox 2174 3076 2321 3148; x_wconf 85' lang='lat' dir='ltr'><strong>nam)</strong></span> <span class='ocrx_word' id='word_1_727' title='bbox 2343 3077 2571 3146; x_wconf 74' lang='lat' dir='ltr'><strong>hrainjai</strong></span> <span class='ocrx_word' id='word_1_728' title='bbox 2593 3079 2777 3151; x_wconf 67' lang='lat' dir='ltr'><strong>sijub;</strong></span> <span class='ocrx_word' id='word_1_729' title='bbox 2821 3080 2948 3136; x_wconf 89' lang='lat' dir='ltr'><strong>Cor.</strong></span> <span class='ocrx_word' id='word_1_730' title='bbox 2977 3082 3040 3146; x_wconf 89' lang='lat' dir='ltr'><strong>ll,</strong></span> <span class='ocrx_word' id='word_1_731' title='bbox 3069 3099 3123 3149; x_wconf 75' lang='grc' dir='ltr'><strong>ν,</strong></span> <span class='ocrx_word' id='word_1_732' title='bbox 3153 3084 3218 3140; x_wconf 97' lang='grc'><strong>21</strong></span> <span class='ocrx_word' id='word_1_733' title='bbox 3263 3088 3455 3142; x_wconf 71' lang='lat' dir='ltr'><strong>xristus</strong></span> 
     </span>
    </p>
   </div>
   <div class='ocr_carea' id='block_1_93' title="bbox 1868 3169 3455 3248">
    <p class='ocr_par' dir='ltr' id='par_1_93' title="bbox 1868 3169 3455 3248">
     <span class='ocr_line' id='line_1_94' title="bbox 1868 3169 3455 3248; baseline 0.009 -31"><span class='ocrx_word' id='word_1_734' title='bbox 1868 3170 1987 3236; x_wconf 78' lang='lat' dir='ltr'><strong>{aur</strong></span> <span class='ocrx_word' id='word_1_735' title='bbox 2011 3183 2106 3220; x_wconf 87' lang='lat' dir='ltr'><strong>uus</strong></span> <span class='ocrx_word' id='word_1_736' title='bbox 2147 3169 2388 3237; x_wconf 84' lang='lat' dir='ltr'><strong>gatavida</strong></span> <span class='ocrx_word' id='word_1_737' title='bbox 2437 3171 2726 3239; x_wconf 78' lang='lat' dir='ltr'><strong>fravaurht,</strong></span> <span class='ocrx_word' id='word_1_738' title='bbox 2757 3173 2806 3226; x_wconf 86' lang='lat' dir='ltr'><strong>ei</strong></span> <span class='ocrx_word' id='word_1_739' title='bbox 2847 3174 2986 3228; x_wconf 68' lang='grc' dir='ltr'><strong>υσεδ</strong></span> <span class='ocrx_word' id='word_1_740' title='bbox 3026 3175 3334 3246; x_wconf 73' lang='grc' dir='ltr'><strong>υαιινρεἱηια</strong></span> <span class='ocrx_word' id='word_1_741' title='bbox 3360 3196 3455 3248; x_wconf 88' lang='lat' dir='ltr'><strong>ga-</strong></span> 
     </span>
    </p>
   </div>
   <div class='ocr_carea' id='block_1_94' title="bbox 1867 3257 3455 3337">
    <p class='ocr_par' dir='ltr' id='par_1_94' title="bbox 1867 3257 3455 3337">
     <span class='ocr_line' id='line_1_95' title="bbox 1867 3257 3455 3337; baseline 0.009 -28"><span class='ocrx_word' id='word_1_742' title='bbox 1867 3257 2054 3310; x_wconf 78' lang='lat' dir='ltr'><strong>railttei</strong></span> <span class='ocrx_word' id='word_1_743' title='bbox 2085 3257 2258 3328; x_wconf 62' lang='lat' dir='ltr'><strong>gulis;</strong></span> <span class='ocrx_word' id='word_1_744' title='bbox 2305 3273 2342 3322; x_wconf 89' lang='grc' dir='ltr'>ι,</span> <span class='ocrx_word' id='word_1_745' title='bbox 2374 3259 2447 3312; x_wconf 79' lang='grc'><strong>25</strong></span> <span class='ocrx_word' id='word_1_746' title='bbox 2473 3258 2668 3330; x_wconf 59' lang='lat' dir='ltr'><strong>appara</strong></span> <span class='ocrx_word' id='word_1_747' title='bbox 2720 3261 2793 3315; x_wconf 79' lang='lat' dir='ltr'><strong>ilt</strong></span> <span class='ocrx_word' id='word_1_748' title='bbox 2843 3265 3038 3318; x_wconf 74' lang='lat' dir='ltr'><strong>ueitrod</strong></span> <span class='ocrx_word' id='word_1_749' title='bbox 3066 3266 3182 3337; x_wconf 65' lang='lat' dir='ltr'><strong>gn];</strong></span> <span class='ocrx_word' id='word_1_750' title='bbox 3210 3270 3455 3322; x_wconf 69' lang='lat' dir='ltr'><strong>anahaita</strong></span> 
     </span>
    </p>
   </div>
   <div class='ocr_carea' id='block_1_95' title="bbox 1866 3349 3455 3431">
    <p class='ocr_par' dir='ltr' id='par_1_95' title="bbox 1866 3349 3455 3431">
     <span class='ocr_line' id='line_1_96' title="bbox 1866 3349 3455 3431; baseline 0.009 -31"><span class='ocrx_word' id='word_1_751' title='bbox 1866 3363 1968 3400; x_wconf 86' lang='lat' dir='ltr'><strong>ana</strong></span> <span class='ocrx_word' id='word_1_752' title='bbox 1990 3349 2182 3402; x_wconf 82' lang='lat' dir='ltr'><strong>meinai</strong></span> <span class='ocrx_word' id='word_1_753' title='bbox 2202 3351 2456 3416; x_wconf 81' lang='lat' dir='ltr'><strong>saivalai;</strong></span> <span class='ocrx_word' id='word_1_754' title='bbox 2487 3350 2642 3418; x_wconf 83' lang='lat' dir='ltr'><strong>Luc.,</strong></span> <span class='ocrx_word' id='word_1_755' title='bbox 2671 3367 2710 3419; x_wconf 87' lang='grc' dir='ltr'>ι,</span> <span class='ocrx_word' id='word_1_756' title='bbox 2735 3355 2801 3408; x_wconf 82' lang='grc'><strong>18</strong></span> <span class='ocrx_word' id='word_1_757' title='bbox 2831 3354 2894 3408; x_wconf 82' lang='lat' dir='ltr'><strong>ik</strong></span> <span class='ocrx_word' id='word_1_758' title='bbox 2917 3359 2987 3408; x_wconf 87' lang='lat' dir='ltr'><strong>im</strong></span> <span class='ocrx_word' id='word_1_759' title='bbox 3014 3359 3201 3426; x_wconf 83' lang='lat' dir='ltr'><strong>sineigs</strong></span> <span class='ocrx_word' id='word_1_760' title='bbox 3221 3360 3318 3430; x_wconf 78' lang='lat' dir='ltr'><strong>jalt</strong></span> <span class='ocrx_word' id='word_1_761' title='bbox 3331 3377 3455 3431; x_wconf 84' lang='lat' dir='ltr'><strong>qens</strong></span> 
     </span>
    </p>
   </div>
   <div class='ocr_carea' id='block_1_96' title="bbox 1866 3439 3447 3518">
    <p class='ocr_par' dir='ltr' id='par_1_96' title="bbox 1866 3439 3447 3518">
     <span class='ocr_line' id='line_1_97' title="bbox 1866 3439 3447 3518; baseline 0.01 -28"><span class='ocrx_word' id='word_1_762' title='bbox 1866 3439 2035 3491; x_wconf 84' lang='lat' dir='ltr'><strong>meina</strong></span> <span class='ocrx_word' id='word_1_763' title='bbox 2059 3439 2425 3506; x_wconf 75' lang='lat' dir='ltr'><strong>[ramaldrozei</strong></span> <span class='ocrx_word' id='word_1_764' title='bbox 2453 3443 2504 3494; x_wconf 86' lang='lat' dir='ltr'><strong>iu</strong></span> <span class='ocrx_word' id='word_1_765' title='bbox 2535 3441 2726 3514; x_wconf 85' lang='lat' dir='ltr'><strong>dagam</strong></span> <span class='ocrx_word' id='word_1_766' title='bbox 2763 3446 3010 3514; x_wconf 83' lang='lat' dir='ltr'><strong>scinaim;</strong></span> <span class='ocrx_word' id='word_1_767' title='bbox 3053 3449 3181 3504; x_wconf 80' lang='lat' dir='ltr'><strong>Mth.</strong></span> <span class='ocrx_word' id='word_1_768' title='bbox 3215 3465 3312 3518; x_wconf 86' lang='grc' dir='ltr'>ιιι,</span> <span class='ocrx_word' id='word_1_769' title='bbox 3386 3453 3447 3506; x_wconf 90' lang='grc'><strong>11</strong></span> 
     </span>
    </p>
   </div>
   <div class='ocr_carea' id='block_1_97' title="bbox 1866 3528 3458 3614">
    <p class='ocr_par' dir='ltr' id='par_1_97' title="bbox 1866 3528 3458 3614">
     <span class='ocr_line' id='line_1_98' title="bbox 1866 3528 3458 3614; baseline 0.009 -33"><span class='ocrx_word' id='word_1_770' title='bbox 1866 3528 2060 3599; x_wconf 74' lang='grc' dir='ltr'><strong>αρῥαη</strong></span> <span class='ocrx_word' id='word_1_771' title='bbox 2095 3528 2230 3583; x_wconf 80' lang='lat' dir='ltr'><strong>ikin</strong></span> <span class='ocrx_word' id='word_1_772' title='bbox 2260 3532 2396 3584; x_wconf 80' lang='lat' dir='ltr'><strong>vatia</strong></span> <span class='ocrx_word' id='word_1_773' title='bbox 2417 3532 2540 3586; x_wconf 74' lang='lat' dir='ltr'><strong>iacis</strong></span> <span class='ocrx_word' id='word_1_774' title='bbox 2561 3533 2777 3606; x_wconf 83' lang='lat' dir='ltr'><strong>daupja,</strong></span> <span class='ocrx_word' id='word_1_775' title='bbox 2817 3536 2883 3607; x_wconf 70' lang='lat' dir='ltr'><strong>ip</strong></span> <span class='ocrx_word' id='word_1_776' title='bbox 2929 3554 2988 3592; x_wconf 87' lang='lat' dir='ltr'><strong>sa</strong></span> <span class='ocrx_word' id='word_1_777' title='bbox 3033 3543 3152 3611; x_wconf 78' lang='lat' dir='ltr'><strong>afar</strong></span> <span class='ocrx_word' id='word_1_778' title='bbox 3194 3543 3289 3596; x_wconf 88' lang='lat' dir='ltr'><strong>mis</strong></span> <span class='ocrx_word' id='word_1_779' title='bbox 3331 3560 3458 3614; x_wconf 80' lang='lat' dir='ltr'><strong>gag-</strong></span> 
     </span>
    </p>
   </div>
   <div class='ocr_carea' id='block_1_98' title="bbox 1867 3623 3457 3702">
    <p class='ocr_par' dir='ltr' id='par_1_98' title="bbox 1867 3623 3457 3702">
     <span class='ocr_line' id='line_1_99' title="bbox 1867 3623 3457 3702; baseline 0.007 -28"><span class='ocrx_word' id='word_1_780' title='bbox 1867 3623 2038 3692; x_wconf 77' lang='lat' dir='ltr'><strong>ganda</strong></span> <span class='ocrx_word' id='word_1_781' title='bbox 2109 3623 2364 3694; x_wconf 70' lang='lat' dir='ltr'><strong>svinposa</strong></span> <span class='ocrx_word' id='word_1_782' title='bbox 2432 3627 2528 3680; x_wconf 82' lang='lat' dir='ltr'><strong>mis</strong></span> <span class='ocrx_word' id='word_1_783' title='bbox 2568 3629 2671 3694; x_wconf 84' lang='lat' dir='ltr'><strong>ist;</strong></span> <span class='ocrx_word' id='word_1_784' title='bbox 2721 3644 2789 3693; x_wconf 87' lang='lat' dir='ltr'><strong>v,</strong></span> <span class='ocrx_word' id='word_1_785' title='bbox 2833 3627 2924 3693; x_wconf 86' lang='grc'><strong>21,</strong></span> <span class='ocrx_word' id='word_1_786' title='bbox 2981 3629 3053 3682; x_wconf 89' lang='grc'><strong>22</strong></span> <span class='ocrx_word' id='word_1_787' title='bbox 3123 3631 3457 3702; x_wconf 71' lang='grc' dir='ltr'><strong>Ιιαιιείάράιῲ</strong></span> 
     </span>
    </p>
   </div>
   <div class='ocr_carea' id='block_1_99' title="bbox 1866 3711 3458 3792">
    <p class='ocr_par' dir='ltr' id='par_1_99' title="bbox 1866 3711 3458 3792">
     <span class='ocr_line' id='line_1_100' title="bbox 1866 3711 3458 3792; baseline 0.008 -28"><span class='ocrx_word' id='word_1_788' title='bbox 1866 3711 2014 3782; x_wconf 74' lang='lat' dir='ltr'><strong>putei</strong></span> <span class='ocrx_word' id='word_1_789' title='bbox 2039 3713 2206 3784; x_wconf 67' lang='lat' dir='ltr'><strong>qipan</strong></span> <span class='ocrx_word' id='word_1_790' title='bbox 2239 3717 2304 3768; x_wconf 68' lang='lat' dir='ltr'><strong>is!</strong></span> <span class='ocrx_word' id='word_1_791' title='bbox 2331 3714 2481 3785; x_wconf 68' lang='lat' dir='ltr'><strong>paim</strong></span> <span class='ocrx_word' id='word_1_792' title='bbox 2521 3717 2733 3770; x_wconf 77' lang='lat' dir='ltr'><strong>airizam</strong></span> <span class='ocrx_word' id='word_1_793' title='bbox 2776 3719 2852 3770; x_wconf 84' lang='lat' dir='ltr'><strong>ni&#39;</strong></span> <span class='ocrx_word' id='word_1_794' title='bbox 2901 3719 3218 3790; x_wconf 68' lang='lat' dir='ltr'><strong>utaurbjais.</strong></span> <span class='ocrx_word' id='word_1_795' title='bbox 3264 3721 3458 3792; x_wconf 66' lang='lat' dir='ltr'><strong>appau</strong></span> 
     </span>
    </p>
   </div>
   <div class='ocr_carea' id='block_1_100' title="bbox 1865 3801 3456 3878">
    <p class='ocr_par' dir='ltr' id='par_1_100' title="bbox 1865 3801 3456 3878">
     <span class='ocr_line' id='line_1_101' title="bbox 1865 3801 3456 3878; baseline 0.006 -24"><span class='ocrx_word' id='word_1_796' title='bbox 1865 3802 1929 3854; x_wconf 81' lang='lat' dir='ltr'><strong>ik</strong></span> <span class='ocrx_word' id='word_1_797' title='bbox 1958 3801 2088 3871; x_wconf 67' lang='lat' dir='ltr'><strong>qiﬁa</strong></span> <span class='ocrx_word' id='word_1_798' title='bbox 2115 3804 2432 3867; x_wconf 70' lang='lat' dir='ltr'><strong>iacis—vt,</strong></span> <span class='ocrx_word' id='word_1_799' title='bbox 2492 3806 2559 3860; x_wconf 76' lang='grc'><strong>12</strong></span> <span class='ocrx_word' id='word_1_800' title='bbox 2611 3810 2733 3877; x_wconf 69' lang='grc' dir='ltr'><em>αμα</em></span> <span class='ocrx_word' id='word_1_801' title='bbox 2784 3824 2878 3861; x_wconf 86' lang='lat' dir='ltr'><strong>uus</strong></span> <span class='ocrx_word' id='word_1_802' title='bbox 2949 3807 3091 3878; x_wconf 68' lang='grc' dir='ltr'><strong>[ια.ἐὶ</strong></span> <span class='ocrx_word' id='word_1_803' title='bbox 3129 3809 3338 3863; x_wconf 82' lang='lat' dir='ltr'><strong>skuluns</strong></span> <span class='ocrx_word' id='word_1_804' title='bbox 3385 3813 3456 3864; x_wconf 85' lang='lat' dir='ltr'><strong>si-</strong></span> 
     </span>
    </p>
   </div>
   <div class='ocr_carea' id='block_1_101' title="bbox 1861 3891 3458 3966">
    <p class='ocr_par' dir='ltr' id='par_1_101' title="bbox 1861 3891 3458 3966">
     <span class='ocr_line' id='line_1_102' title="bbox 1861 3891 3458 3966; baseline 0.006 -23"><span class='ocrx_word' id='word_1_805' title='bbox 1861 3891 2069 3961; x_wconf 82' lang='lat' dir='ltr'><strong>jaima,</strong></span> <span class='ocrx_word' id='word_1_806' title='bbox 2119 3908 2294 3948; x_wconf 80' lang='lat' dir='ltr'><strong>svasve</strong></span> <span class='ocrx_word' id='word_1_807' title='bbox 2340 3894 2456 3966; x_wconf 83' lang='lat' dir='ltr'><strong>jah</strong></span> <span class='ocrx_word' id='word_1_808' title='bbox 2503 3896 2633 3949; x_wconf 82' lang='lat' dir='ltr'><strong>veis</strong></span> <span class='ocrx_word' id='word_1_809' title='bbox 2677 3897 2884 3966; x_wconf 76' lang='lat' dir='ltr'><strong>aﬂetam</strong></span> <span class='ocrx_word' id='word_1_810' title='bbox 2926 3897 3074 3966; x_wconf 75' lang='lat' dir='ltr'><strong>[)aim</strong></span> <span class='ocrx_word' id='word_1_811' title='bbox 3127 3897 3327 3952; x_wconf 83' lang='lat' dir='ltr'><strong>skulam</strong></span> <span class='ocrx_word' id='word_1_812' title='bbox 3363 3916 3458 3953; x_wconf 84' lang='lat' dir='ltr'><strong>sm-</strong></span> 
     </span>
    </p>
   </div>
   <div class='ocr_carea' id='block_1_102' title="bbox 1867 3975 3446 4059">
    <p class='ocr_par' dir='ltr' id='par_1_102' title="bbox 1867 3975 3446 4059">
     <span class='ocr_line' id='line_1_103' title="bbox 1867 3975 3446 4059; baseline 0.008 -27"><span class='ocrx_word' id='word_1_813' title='bbox 1867 3981 2052 4033; x_wconf 81' lang='lat' dir='ltr'><strong>saraim</strong></span> <span class='ocrx_word' id='word_1_814' title='bbox 2075 3999 2094 4047; x_wconf 88' lang='lat'><strong><em>;</em></strong></span> <span class='ocrx_word' id='word_1_815' title='bbox 2127 3987 2254 4036; x_wconf 84' lang='lat' dir='ltr'><strong>item</strong></span> <span class='ocrx_word' id='word_1_816' title='bbox 2278 4023 2295 4048; x_wconf 89' lang='lat'><strong>,</strong></span> <span class='ocrx_word' id='word_1_817' title='bbox 2349 3985 2686 4052; x_wconf 66' lang='lat' dir='ltr'><strong>praecedente</strong></span> <span class='ocrx_word' id='word_1_818' title='bbox 2703 3985 2823 4056; x_wconf 84' lang='lat' dir='ltr'><strong>jah,</strong></span> <span class='ocrx_word' id='word_1_819' title='bbox 2843 4002 2895 4050; x_wconf 89' lang='lat' dir='ltr'><strong>x,</strong></span> <span class='ocrx_word' id='word_1_820' title='bbox 2926 3987 3017 4052; x_wconf 75' lang='lat'><strong>52,</strong></span> <span class='ocrx_word' id='word_1_821' title='bbox 3044 3989 3145 4053; x_wconf 85' lang='lat'><strong>55;</strong></span> <span class='ocrx_word' id='word_1_822' title='bbox 3171 3987 3292 4043; x_wconf 72' lang='lat' dir='ltr'><strong>(lor.</strong></span> <span class='ocrx_word' id='word_1_823' title='bbox 3319 3990 3384 4056; x_wconf 89' lang='lat' dir='ltr'><strong>ll,</strong></span> <span class='ocrx_word' id='word_1_824' title='bbox 3405 3975 3446 4059; x_wconf 71' lang='grc' dir='ltr'>ἰ,</span> 
     </span>
    </p>
   </div>
   <div class='ocr_carea' id='block_1_103' title="bbox 1872 4072 3458 4155">
    <p class='ocr_par' dir='ltr' id='par_1_103' title="bbox 1872 4072 3458 4155">
     <span class='ocr_line' id='line_1_104' title="bbox 1872 4072 3458 4155; baseline 0.007 -29"><span class='ocrx_word' id='word_1_825' title='bbox 1872 4073 1934 4137; x_wconf 85' lang='grc'><strong>6;</strong></span> <span class='ocrx_word' id='word_1_826' title='bbox 1963 4072 2119 4127; x_wconf 81' lang='lat' dir='ltr'><strong>Joan.</strong></span> <span class='ocrx_word' id='word_1_827' title='bbox 2147 4088 2263 4140; x_wconf 85' lang='lat' dir='ltr'><strong>vnt,</strong></span> <span class='ocrx_word' id='word_1_828' title='bbox 2311 4076 2511 4146; x_wconf 74' lang='lat' dir='ltr'><strong>i5jus</strong></span> <span class='ocrx_word' id='word_1_829' title='bbox 2560 4075 2608 4129; x_wconf 86' lang='lat' dir='ltr'><strong>bi</strong></span> <span class='ocrx_word' id='word_1_830' title='bbox 2637 4075 2767 4130; x_wconf 69' lang='grc' dir='ltr'><strong>[εὔια</strong></span> <span class='ocrx_word' id='word_1_831' title='bbox 2818 4077 3007 4148; x_wconf 69' lang='lat' dir='ltr'><strong>stojil),</strong></span> <span class='ocrx_word' id='word_1_832' title='bbox 3056 4079 3121 4149; x_wconf 73' lang='lat' dir='ltr'><strong>i1)</strong></span> <span class='ocrx_word' id='word_1_833' title='bbox 3145 4079 3210 4133; x_wconf 82' lang='lat' dir='ltr'><strong>ik</strong></span> <span class='ocrx_word' id='word_1_834' title='bbox 3233 4082 3287 4135; x_wconf 83' lang='lat' dir='ltr'><strong>ni</strong></span> <span class='ocrx_word' id='word_1_835' title='bbox 3323 4085 3458 4155; x_wconf 83' lang='lat' dir='ltr'><strong>stoja</strong></span> 
     </span>
    </p>
   </div>
   <div class='ocr_carea' id='block_1_104' title="bbox 1869 4163 3458 4243">
    <p class='ocr_par' dir='ltr' id='par_1_104' title="bbox 1869 4163 3458 4243">
     <span class='ocr_line' id='line_1_105' title="bbox 1869 4163 3458 4243; baseline 0.011 -31"><span class='ocrx_word' id='word_1_836' title='bbox 1869 4163 2134 4216; x_wconf 80' lang='lat' dir='ltr'><strong>aimtohun</strong></span> <span class='ocrx_word' id='word_1_837' title='bbox 2176 4180 2195 4216; x_wconf 91' lang='lat'><strong><em>:</em></strong></span> <span class='ocrx_word' id='word_1_838' title='bbox 2222 4163 2288 4218; x_wconf 87' lang='grc'><strong>21</strong></span> <span class='ocrx_word' id='word_1_839' title='bbox 2328 4164 2488 4236; x_wconf 74' lang='grc' dir='ltr'><em>ῥαάρὶ</em></span> <span class='ocrx_word' id='word_1_840' title='bbox 2517 4166 2773 4238; x_wconf 79' lang='lat' dir='ltr'><strong>ikgagga,</strong></span> <span class='ocrx_word' id='word_1_841' title='bbox 2806 4171 2917 4240; x_wconf 86' lang='lat' dir='ltr'><strong>jus</strong></span> <span class='ocrx_word' id='word_1_842' title='bbox 2947 4171 3001 4222; x_wconf 88' lang='lat' dir='ltr'><strong>ni</strong></span> <span class='ocrx_word' id='word_1_843' title='bbox 3028 4171 3226 4243; x_wconf 63' lang='lat' dir='ltr'><strong>magn};</strong></span> <span class='ocrx_word' id='word_1_844' title='bbox 3247 4174 3458 4240; x_wconf 85' lang='lat' dir='ltr'><strong>qiman;</strong></span> 
     </span>
    </p>
   </div>
   <div class='ocr_carea' id='block_1_105' title="bbox 1873 4253 3457 4335">
    <p class='ocr_par' dir='ltr' id='par_1_105' title="bbox 1873 4253 3457 4335">
     <span class='ocr_line' id='line_1_106' title="bbox 1873 4253 3457 4335; baseline 0.009 -32"><span class='ocrx_word' id='word_1_845' title='bbox 1873 4253 2033 4322; x_wconf 65' lang='lat' dir='ltr'><strong>251&#39;s</strong></span> <span class='ocrx_word' id='word_1_846' title='bbox 2051 4269 2075 4307; x_wconf 91' lang='lat' dir='ltr'><strong>s</strong></span> <span class='ocrx_word' id='word_1_847' title='bbox 2102 4269 2162 4306; x_wconf 83' lang='lat' dir='ltr'><strong>us</strong></span> <span class='ocrx_word' id='word_1_848' title='bbox 2191 4253 2341 4324; x_wconf 76' lang='lat' dir='ltr'><strong>[)aim</strong></span> <span class='ocrx_word' id='word_1_849' title='bbox 2367 4255 2597 4326; x_wconf 71' lang='lat' dir='ltr'><strong>dolabra</strong></span> <span class='ocrx_word' id='word_1_850' title='bbox 2618 4255 2790 4328; x_wconf 71' lang='lat' dir='ltr'><strong>siqu),</strong></span> <span class='ocrx_word' id='word_1_851' title='bbox 2821 4258 2886 4328; x_wconf 80' lang='grc' dir='ltr'>ἱρ</span> <span class='ocrx_word' id='word_1_852' title='bbox 2915 4259 3044 4322; x_wconf 77' lang='lat' dir='ltr'><strong>ikus</strong></span> <span class='ocrx_word' id='word_1_853' title='bbox 3060 4261 3457 4335; x_wconf 67' lang='lat' dir='ltr'><strong>paintiupapro</strong></span> 
     </span>
    </p>
   </div>
   <div class='ocr_carea' id='block_1_106' title="bbox 1872 4341 3460 4426">
    <p class='ocr_par' dir='ltr' id='par_1_106' title="bbox 1872 4341 3460 4426">
     <span class='ocr_line' id='line_1_107' title="bbox 1872 4341 3460 4426; baseline 0.009 -31"><span class='ocrx_word' id='word_1_854' title='bbox 1872 4343 1980 4406; x_wconf 88' lang='lat' dir='ltr'><strong>im;</strong></span> <span class='ocrx_word' id='word_1_855' title='bbox 2007 4341 2136 4398; x_wconf 91' lang='lat' dir='ltr'><strong>Cor.</strong></span> <span class='ocrx_word' id='word_1_856' title='bbox 2163 4344 2225 4409; x_wconf 91' lang='grc' dir='ltr'><strong>ΙΙ,</strong></span> <span class='ocrx_word' id='word_1_857' title='bbox 2260 4361 2375 4411; x_wconf 87' lang='lat' dir='ltr'><strong>xm,</strong></span> <span class='ocrx_word' id='word_1_858' title='bbox 2403 4346 2436 4400; x_wconf 90' lang='lat'><strong>9</strong></span> <span class='ocrx_word' id='word_1_859' title='bbox 2491 4348 2757 4418; x_wconf 78' lang='lat' dir='ltr'><strong>faginom,</strong></span> <span class='ocrx_word' id='word_1_860' title='bbox 2803 4349 2914 4419; x_wconf 65' lang='lat' dir='ltr'><strong>pars</strong></span> <span class='ocrx_word' id='word_1_861' title='bbox 2949 4351 3091 4404; x_wconf 83' lang='lat' dir='ltr'><strong>veis</strong></span> <span class='ocrx_word' id='word_1_862' title='bbox 3134 4353 3366 4418; x_wconf 81' lang='lat' dir='ltr'><strong>siukam,</strong></span> <span class='ocrx_word' id='word_1_863' title='bbox 3392 4355 3460 4426; x_wconf 74' lang='lat' dir='ltr'><strong>il)</strong></span> 
     </span>
    </p>
   </div>
   <div class='ocr_carea' id='block_1_107' title="bbox 1863 4435 3460 4516">
    <p class='ocr_par' dir='ltr' id='par_1_107' title="bbox 1863 4435 3460 4516">
     <span class='ocr_line' id='line_1_108' title="bbox 1863 4435 3460 4516; baseline 0.008 -29"><span class='ocrx_word' id='word_1_864' title='bbox 1863 4437 1979 4506; x_wconf 88' lang='lat' dir='ltr'><strong>jus</strong></span> <span class='ocrx_word' id='word_1_865' title='bbox 2025 4435 2236 4507; x_wconf 67' lang='lat' dir='ltr'><strong>svinpai</strong></span> <span class='ocrx_word' id='word_1_866' title='bbox 2264 4438 2416 4510; x_wconf 69' lang='grc' dir='ltr'><strong>εἰ]αρ</strong></span> <span class='ocrx_word' id='word_1_867' title='bbox 2435 4456 2453 4503; x_wconf 88' lang='grc'><strong><em>;</em></strong></span> <span class='ocrx_word' id='word_1_868' title='bbox 2484 4440 2610 4494; x_wconf 69' lang='grc' dir='ltr'><strong>(ἔοι.</strong></span> <span class='ocrx_word' id='word_1_869' title='bbox 2641 4441 2683 4504; x_wconf 87' lang='grc'><strong>1,</strong></span> <span class='ocrx_word' id='word_1_870' title='bbox 2717 4457 2772 4508; x_wconf 88' lang='lat' dir='ltr'><strong>v,</strong></span> <span class='ocrx_word' id='word_1_871' title='bbox 2800 4441 2867 4493; x_wconf 86' lang='grc'><strong>12</strong></span> <span class='ocrx_word' id='word_1_872' title='bbox 2911 4445 3001 4494; x_wconf 84' lang='lat' dir='ltr'><strong>niu</strong></span> <span class='ocrx_word' id='word_1_873' title='bbox 3029 4441 3169 4513; x_wconf 64' lang='lat' dir='ltr'><strong>[iam</strong></span> <span class='ocrx_word' id='word_1_874' title='bbox 3200 4448 3322 4499; x_wconf 78' lang='lat' dir='ltr'><strong>intra</strong></span> <span class='ocrx_word' id='word_1_875' title='bbox 3345 4448 3460 4516; x_wconf 86' lang='lat' dir='ltr'><strong>jus</strong></span> 
     </span>
    </p>
   </div>
   <div class='ocr_carea' id='block_1_108' title="bbox 1872 4528 3462 4611">
    <p class='ocr_par' dir='ltr' id='par_1_108' title="bbox 1872 4528 3462 4611">
     <span class='ocr_line' id='line_1_109' title="bbox 1872 4528 3462 4611; baseline 0.008 -30"><span class='ocrx_word' id='word_1_876' title='bbox 1872 4528 2091 4600; x_wconf 73' lang='lat' dir='ltr'><strong>uojip,</strong></span> <span class='ocrx_word' id='word_1_877' title='bbox 2149 4529 2214 4600; x_wconf 72' lang='lat' dir='ltr'><strong>ap</strong></span> <span class='ocrx_word' id='word_1_878' title='bbox 2256 4530 2394 4602; x_wconf 74' lang='lat' dir='ltr'><strong>[Jans</strong></span> <span class='ocrx_word' id='word_1_879' title='bbox 2463 4541 2553 4584; x_wconf 81' lang='lat' dir='ltr'><strong>uta</strong></span> <span class='ocrx_word' id='word_1_880' title='bbox 2604 4533 2720 4604; x_wconf 67' lang='lat' dir='ltr'><strong>gul)</strong></span> <span class='ocrx_word' id='word_1_881' title='bbox 2773 4535 2978 4606; x_wconf 69' lang='lat' dir='ltr'><strong>stojip;</strong></span> <span class='ocrx_word' id='word_1_882' title='bbox 3032 4551 3133 4600; x_wconf 87' lang='lat' dir='ltr'><strong>vn,</strong></span> <span class='ocrx_word' id='word_1_883' title='bbox 3190 4538 3256 4591; x_wconf 73' lang='lat' dir='ltr'><strong>te</strong></span> <span class='ocrx_word' id='word_1_884' title='bbox 3309 4536 3462 4611; x_wconf 68' lang='lat' dir='ltr'><strong>par.»</strong></span> 
     </span>
    </p>
   </div>
   <div class='ocr_carea' id='block_1_109' title="bbox 1874 4618 3462 4702">
    <p class='ocr_par' dir='ltr' id='par_1_109' title="bbox 1874 4618 3462 4702">
     <span class='ocr_line' id='line_1_110' title="bbox 1874 4618 3462 4702; baseline 0.008 -30"><span class='ocrx_word' id='word_1_885' title='bbox 1874 4618 2235 4690; x_wconf 70' lang='lat' dir='ltr'><strong>anparaimilt</strong></span> <span class='ocrx_word' id='word_1_886' title='bbox 2263 4620 2417 4692; x_wconf 67' lang='lat' dir='ltr'><strong>qipa,</strong></span> <span class='ocrx_word' id='word_1_887' title='bbox 2444 4623 2498 4675; x_wconf 86' lang='lat' dir='ltr'><strong>ni</strong></span> <span class='ocrx_word' id='word_1_888' title='bbox 2523 4621 2733 4694; x_wconf 84' lang='lat' dir='ltr'><strong>frauja;</strong></span> <span class='ocrx_word' id='word_1_889' title='bbox 2765 4625 2922 4678; x_wconf 81' lang='lat' dir='ltr'><strong>Rom.</strong></span> <span class='ocrx_word' id='word_1_890' title='bbox 2955 4641 3031 4691; x_wconf 92' lang='lat' dir='ltr'><strong>xt,</strong></span> <span class='ocrx_word' id='word_1_891' title='bbox 3067 4627 3132 4681; x_wconf 92' lang='grc'><strong>18</strong></span> <span class='ocrx_word' id='word_1_892' title='bbox 3174 4629 3229 4681; x_wconf 82' lang='lat' dir='ltr'><strong>ni</strong></span> <span class='ocrx_word' id='word_1_893' title='bbox 3258 4629 3346 4697; x_wconf 78' lang='lat' dir='ltr'><strong>[)u</strong></span> <span class='ocrx_word' id='word_1_894' title='bbox 3383 4629 3462 4702; x_wconf 67' lang='lat' dir='ltr'><strong>[io</strong></span> 
     </span>
    </p>
   </div>
   <div class='ocr_carea' id='block_1_110' title="bbox 1873 4711 3462 4786">
    <p class='ocr_par' dir='ltr' id='par_1_110' title="bbox 1873 4711 3462 4786">
     <span class='ocr_line' id='line_1_111' title="bbox 1873 4711 3462 4786; baseline 0.008 -23"><span class='ocrx_word' id='word_1_895' title='bbox 1873 4721 2047 4763; x_wconf 81' lang='lat' dir='ltr'><strong>vaurts</strong></span> <span class='ocrx_word' id='word_1_896' title='bbox 2081 4711 2238 4764; x_wconf 85' lang='lat' dir='ltr'><strong>bairis</strong></span> <span class='ocrx_word' id='word_1_897' title='bbox 2265 4713 2330 4765; x_wconf 82' lang='lat' dir='ltr'><strong>ak</strong></span> <span class='ocrx_word' id='word_1_898' title='bbox 2357 4730 2413 4767; x_wconf 90' lang='lat' dir='ltr'><strong>so</strong></span> <span class='ocrx_word' id='word_1_899' title='bbox 2453 4724 2626 4768; x_wconf 84' lang='lat' dir='ltr'><strong>vaurts</strong></span> <span class='ocrx_word' id='word_1_900' title='bbox 2659 4715 2834 4786; x_wconf 66' lang='lat' dir='ltr'><strong>bairi];</strong></span> <span class='ocrx_word' id='word_1_901' title='bbox 2863 4715 3008 4786; x_wconf 70' lang='lat' dir='ltr'><strong>puli;</strong></span> <span class='ocrx_word' id='word_1_902' title='bbox 3039 4715 3159 4772; x_wconf 87' lang='lat' dir='ltr'><strong>Gal.</strong></span> <span class='ocrx_word' id='word_1_903' title='bbox 3189 4734 3248 4783; x_wconf 90' lang='grc' dir='ltr'>ιι,</span> <span class='ocrx_word' id='word_1_904' title='bbox 3290 4720 3358 4776; x_wconf 88' lang='grc'><strong>10</strong></span> <span class='ocrx_word' id='word_1_905' title='bbox 3391 4737 3462 4775; x_wconf 84' lang='lat' dir='ltr'><strong>nu</strong></span> 
     </span>
    </p>
   </div>
   <div class='ocr_carea' id='block_1_111' title="bbox 1876 4797 3464 4879">
    <p class='ocr_par' dir='ltr' id='par_1_111' title="bbox 1876 4797 3464 4879">
     <span class='ocr_line' id='line_1_112' title="bbox 1876 4797 3464 4879; baseline 0.009 -28"><span class='ocrx_word' id='word_1_906' title='bbox 1876 4799 1931 4852; x_wconf 84' lang='lat' dir='ltr'><strong>ni</strong></span> <span class='ocrx_word' id='word_1_907' title='bbox 1957 4797 2251 4871; x_wconf 62' lang='lat' dir='ltr'><strong>[renaseips</strong></span> <span class='ocrx_word' id='word_1_908' title='bbox 2280 4801 2350 4867; x_wconf 84' lang='lat' dir='ltr'><strong>ik,</strong></span> <span class='ocrx_word' id='word_1_909' title='bbox 2381 4801 2445 4873; x_wconf 71' lang='lat' dir='ltr'><strong>ip</strong></span> <span class='ocrx_word' id='word_1_910' title='bbox 2467 4802 2637 4874; x_wconf 63' lang='lat' dir='ltr'><strong>libaip</strong></span> <span class='ocrx_word' id='word_1_911' title='bbox 2659 4805 2712 4858; x_wconf 86' lang='lat' dir='ltr'><strong>in</strong></span> <span class='ocrx_word' id='word_1_912' title='bbox 2737 4807 2828 4858; x_wconf 77' lang='lat' dir='ltr'><strong>mis</strong></span> <span class='ocrx_word' id='word_1_913' title='bbox 2849 4806 3064 4860; x_wconf 71' lang='lat' dir='ltr'><strong>aristas.</strong></span> <span class='ocrx_word' id='word_1_914' title='bbox 3094 4807 3148 4862; x_wconf 86' lang='lat' dir='ltr'><strong>In</strong></span> <span class='ocrx_word' id='word_1_915' title='bbox 3174 4808 3255 4863; x_wconf 90' lang='lat' dir='ltr'><strong>his</strong></span> <span class='ocrx_word' id='word_1_916' title='bbox 3271 4819 3326 4864; x_wconf 88' lang='lat' dir='ltr'><strong>et</strong></span> <span class='ocrx_word' id='word_1_917' title='bbox 3347 4811 3464 4879; x_wconf 85' lang='lat' dir='ltr'><strong>plu-</strong></span> 
     </span>
    </p>
   </div>
   <div class='ocr_carea' id='block_1_112' title="bbox 1879 4891 3464 4963">
    <p class='ocr_par' dir='ltr' id='par_1_112' title="bbox 1879 4891 3464 4963">
     <span class='ocr_line' id='line_1_113' title="bbox 1879 4891 3464 4963; baseline 0.008 -19"><span class='ocrx_word' id='word_1_918' title='bbox 1879 4891 2030 4945; x_wconf 87' lang='lat' dir='ltr'><strong>ribus</strong></span> <span class='ocrx_word' id='word_1_919' title='bbox 2057 4891 2177 4946; x_wconf 87' lang='lat' dir='ltr'><strong>aliis</strong></span> <span class='ocrx_word' id='word_1_920' title='bbox 2204 4893 2421 4959; x_wconf 84' lang='lat' dir='ltr'><strong>casibus</strong></span> <span class='ocrx_word' id='word_1_921' title='bbox 2452 4895 2734 4962; x_wconf 82' lang='lat' dir='ltr'><strong>personale</strong></span> <span class='ocrx_word' id='word_1_922' title='bbox 2761 4911 3056 4963; x_wconf 88' lang='lat' dir='ltr'><strong>pronomen</strong></span> <span class='ocrx_word' id='word_1_923' title='bbox 3071 4899 3278 4954; x_wconf 88' lang='lat' dir='ltr'><strong>Gothus</strong></span> <span class='ocrx_word' id='word_1_924' title='bbox 3305 4900 3464 4957; x_wconf 89' lang='lat' dir='ltr'><strong>adbi-</strong></span> 
     </span>
    </p>
   </div>
   <div class='ocr_carea' id='block_1_113' title="bbox 1879 4977 3463 5060">
    <p class='ocr_par' dir='ltr' id='par_1_113' title="bbox 1879 4977 3463 5060">
     <span class='ocr_line' id='line_1_114' title="bbox 1879 4977 3463 5060; baseline 0.008 -28"><span class='ocrx_word' id='word_1_925' title='bbox 1879 4977 1990 5044; x_wconf 83' lang='lat' dir='ltr'><strong>bct,</strong></span> <span class='ocrx_word' id='word_1_926' title='bbox 2024 4990 2296 5048; x_wconf 68' lang='lat' dir='ltr'><strong>praeeunte</strong></span> <span class='ocrx_word' id='word_1_927' title='bbox 2326 4981 2536 5052; x_wconf 70' lang='lat' dir='ltr'><strong>erco,</strong></span> <span class='ocrx_word' id='word_1_928' title='bbox 2561 4984 2715 5054; x_wconf 87' lang='lat' dir='ltr'><strong>cujus</strong></span> <span class='ocrx_word' id='word_1_929' title='bbox 2745 4987 2906 5039; x_wconf 87' lang='lat' dir='ltr'><strong>etiam</strong></span> <span class='ocrx_word' id='word_1_930' title='bbox 2948 4989 3251 5056; x_wconf 82' lang='lat' dir='ltr'><strong>exemplum</strong></span> <span class='ocrx_word' id='word_1_931' title='bbox 3277 4991 3463 5060; x_wconf 87' lang='lat' dir='ltr'><strong>sequi-</strong></span> 
     </span>
    </p>
   </div>
   <div class='ocr_carea' id='block_1_114' title="bbox 1879 5072 3464 5151">
    <p class='ocr_par' dir='ltr' id='par_1_114' title="bbox 1879 5072 3464 5151">
     <span class='ocr_line' id='line_1_115' title="bbox 1879 5072 3464 5151; baseline 0.008 -27"><span class='ocrx_word' id='word_1_932' title='bbox 1879 5078 1967 5125; x_wconf 89' lang='lat' dir='ltr'><strong>tur</strong></span> <span class='ocrx_word' id='word_1_933' title='bbox 1997 5080 2049 5125; x_wconf 91' lang='lat' dir='ltr'><strong>ct</strong></span> <span class='ocrx_word' id='word_1_934' title='bbox 2081 5072 2134 5126; x_wconf 92' lang='lat' dir='ltr'><strong>in</strong></span> <span class='ocrx_word' id='word_1_935' title='bbox 2164 5075 2515 5140; x_wconf 83' lang='lat' dir='ltr'><strong>sequentibus</strong></span> <span class='ocrx_word' id='word_1_936' title='bbox 2548 5077 2715 5131; x_wconf 89' lang='lat' dir='ltr'><strong>:Cor.</strong></span> <span class='ocrx_word' id='word_1_937' title='bbox 2747 5077 2812 5142; x_wconf 93' lang='lat' dir='ltr'><strong>ll,</strong></span> <span class='ocrx_word' id='word_1_938' title='bbox 2837 5093 2888 5144; x_wconf 90' lang='grc' dir='ltr'>ι,</span> <span class='ocrx_word' id='word_1_939' title='bbox 2919 5078 2950 5130; x_wconf 72' lang='grc'><strong>4</strong></span> <span class='ocrx_word' id='word_1_940' title='bbox 2973 5079 3018 5132; x_wconf 86' lang='lat' dir='ltr'><strong>ei</strong></span> <span class='ocrx_word' id='word_1_941' title='bbox 3050 5081 3298 5151; x_wconf 81' lang='lat' dir='ltr'><strong>mageima</strong></span> <span class='ocrx_word' id='word_1_942' title='bbox 3329 5084 3464 5137; x_wconf 72' lang='lat' dir='ltr'><strong>usis</strong></span> 
     </span>
    </p>
   </div>
   <div class='ocr_carea' id='block_1_115' title="bbox 1865 5161 3461 5245">
    <p class='ocr_par' dir='ltr' id='par_1_115' title="bbox 1865 5161 3461 5245">
     <span class='ocr_line' id='line_1_116' title="bbox 1865 5161 3461 5245; baseline 0.01 -34"><span class='ocrx_word' id='word_1_943' title='bbox 1865 5161 2217 5234; x_wconf 67' lang='lat' dir='ltr'><strong>&#39;gaprufsljan</strong></span> <span class='ocrx_word' id='word_1_944' title='bbox 2248 5167 2342 5233; x_wconf 74' lang='lat' dir='ltr'><strong>(sic</strong></span> <span class='ocrx_word' id='word_1_945' title='bbox 2361 5167 2420 5220; x_wconf 82' lang='grc' dir='ltr'><strong>τὸ</strong></span> <span class='ocrx_word' id='word_1_946' title='bbox 2441 5165 2686 5222; x_wconf 75' lang='grc' dir='ltr'><strong>δύνασθαι</strong></span> <span class='ocrx_word' id='word_1_947' title='bbox 2711 5170 2847 5239; x_wconf 75' lang='grc' dir='ltr'><strong>ἡμᾶς</strong></span> <span class='ocrx_word' id='word_1_948' title='bbox 2873 5171 3226 5245; x_wconf 58' lang='lat' dir='ltr'><strong>rependat»);</strong></span> <span class='ocrx_word' id='word_1_949' title='bbox 3257 5172 3392 5240; x_wconf 77' lang='lat' dir='ltr'><strong>Eph.</strong></span> <span class='ocrx_word' id='word_1_950' title='bbox 3420 5188 3461 5238; x_wconf 78' lang='grc' dir='ltr'>ι,</span> 
     </span>
    </p>
   </div>
   <div class='ocr_carea' id='block_1_116' title="bbox 1880 5249 3464 5325">
    <p class='ocr_par' dir='ltr' id='par_1_116' title="bbox 1880 5249 3464 5325">
     <span class='ocr_line' id='line_1_117' title="bbox 1880 5249 3464 5325; baseline 0.008 -23"><span class='ocrx_word' id='word_1_951' title='bbox 1880 5249 1936 5315; x_wconf 75' lang='grc'><strong>4,</strong></span> <span class='ocrx_word' id='word_1_952' title='bbox 1966 5249 2056 5318; x_wconf 83' lang='grc'><strong>12,</strong></span> <span class='ocrx_word' id='word_1_953' title='bbox 2090 5253 2190 5317; x_wconf 77' lang='grc' dir='ltr'><strong>18ς</strong></span> <span class='ocrx_word' id='word_1_954' title='bbox 2223 5268 2296 5312; x_wconf 81' lang='lat' dir='ltr'><strong>tv.</strong></span> <span class='ocrx_word' id='word_1_955' title='bbox 2328 5253 2420 5307; x_wconf 72' lang='grc'><strong>22.</strong></span> <span class='ocrx_word' id='word_1_956' title='bbox 2454 5253 2647 5308; x_wconf 81' lang='lat' dir='ltr'><strong>Rarius</strong></span> <span class='ocrx_word' id='word_1_957' title='bbox 2672 5266 2852 5310; x_wconf 89' lang='lat' dir='ltr'><strong>autem</strong></span> <span class='ocrx_word' id='word_1_958' title='bbox 2891 5271 3186 5325; x_wconf 90' lang='lat' dir='ltr'><strong>pronomen</strong></span> <span class='ocrx_word' id='word_1_959' title='bbox 3220 5260 3464 5315; x_wconf 79' lang='lat' dir='ltr'><strong>absoluze</strong></span> 
     </span>
    </p>
   </div>
   <div class='ocr_carea' id='block_1_117' title="bbox 1881 5341 3463 5420">
    <p class='ocr_par' dir='ltr' id='par_1_117' title="bbox 1881 5341 3463 5420">
     <span class='ocr_line' id='line_1_118' title="bbox 1881 5341 3463 5420; baseline 0.004 -26"><span class='ocrx_word' id='word_1_960' title='bbox 1881 5350 2191 5408; x_wconf 84' lang='lat' dir='ltr'><strong>usurpatur,</strong></span> <span class='ocrx_word' id='word_1_961' title='bbox 2222 5349 2278 5395; x_wconf 89' lang='lat' dir='ltr'><strong>ut</strong></span> <span class='ocrx_word' id='word_1_962' title='bbox 2323 5341 2454 5396; x_wconf 74' lang='lat' dir='ltr'><strong>Mth.</strong></span> <span class='ocrx_word' id='word_1_963' title='bbox 2503 5358 2558 5409; x_wconf 76' lang='grc' dir='ltr'><strong>ν,</strong></span> <span class='ocrx_word' id='word_1_964' title='bbox 2592 5345 2658 5398; x_wconf 80' lang='grc'><strong>17</strong></span> <span class='ocrx_word' id='word_1_965' title='bbox 2689 5345 2743 5397; x_wconf 87' lang='lat' dir='ltr'><strong>ni</strong></span> <span class='ocrx_word' id='word_1_966' title='bbox 2779 5345 3007 5416; x_wconf 69' lang='lat' dir='ltr'><strong>hugjaip</strong></span> <span class='ocrx_word' id='word_1_967' title='bbox 3053 5350 3100 5402; x_wconf 82' lang='lat' dir='ltr'><strong>ei</strong></span> <span class='ocrx_word' id='word_1_968' title='bbox 3148 5349 3207 5404; x_wconf 81' lang='lat' dir='ltr'><strong>ik</strong></span> <span class='ocrx_word' id='word_1_969' title='bbox 3235 5353 3463 5420; x_wconf 77' lang='lat' dir='ltr'><strong>qemjau,</strong></span> 
     </span>
    </p>
   </div>
   <div class='ocr_carea' id='block_1_118' title="bbox 1884 5428 3468 5507">
    <p class='ocr_par' dir='ltr' id='par_1_118' title="bbox 1884 5428 3468 5507">
     <span class='ocr_line' id='line_1_119' title="bbox 1884 5428 3468 5507; baseline 0.005 -25"><span class='ocrx_word' id='word_1_970' title='bbox 1884 5428 2027 5497; x_wconf 88' lang='lat' dir='ltr'><strong>quod</strong></span> <span class='ocrx_word' id='word_1_971' title='bbox 2058 5429 2272 5484; x_wconf 88' lang='lat' dir='ltr'><strong>aliunde</strong></span> <span class='ocrx_word' id='word_1_972' title='bbox 2292 5445 2398 5486; x_wconf 93' lang='lat' dir='ltr'><strong>non</strong></span> <span class='ocrx_word' id='word_1_973' title='bbox 2428 5434 2738 5502; x_wconf 87' lang='lat' dir='ltr'><strong>requiritur,</strong></span> <span class='ocrx_word' id='word_1_974' title='bbox 2772 5449 2893 5488; x_wconf 89' lang='lat' dir='ltr'><strong>cum</strong></span> <span class='ocrx_word' id='word_1_975' title='bbox 2923 5451 2978 5502; x_wconf 93' lang='lat' dir='ltr'><strong>x,</strong></span> <span class='ocrx_word' id='word_1_976' title='bbox 3009 5439 3073 5493; x_wconf 80' lang='lat' dir='ltr'><strong>5t</strong></span> <span class='ocrx_word' id='word_1_977' title='bbox 3109 5438 3303 5507; x_wconf 74' lang='lat' dir='ltr'><strong>legitur</strong></span> <span class='ocrx_word' id='word_1_978' title='bbox 3333 5439 3468 5492; x_wconf 82' lang='lat' dir='ltr'><strong>sim-</strong></span> 
     </span>
    </p>
   </div>
   <div class='ocr_carea' id='block_1_119' title="bbox 1887 5516 3461 5599">
    <p class='ocr_par' dir='ltr' id='par_1_119' title="bbox 1887 5516 3461 5599">
     <span class='ocr_line' id='line_1_120' title="bbox 1887 5516 3461 5599; baseline 0.007 -29"><span class='ocrx_word' id='word_1_979' title='bbox 1887 5516 2119 5586; x_wconf 89' lang='lat' dir='ltr'><strong>pliciter,</strong></span> <span class='ocrx_word' id='word_1_980' title='bbox 2171 5519 2536 5588; x_wconf 61' lang='lat' dir='ltr'><strong>praitermisso</strong></span> <span class='ocrx_word' id='word_1_981' title='bbox 2591 5524 2951 5598; x_wconf 66' lang='lat' dir='ltr'><strong>prgnomine,</strong></span> <span class='ocrx_word' id='word_1_982' title='bbox 2996 5527 3051 5579; x_wconf 88' lang='lat' dir='ltr'><strong>ni</strong></span> <span class='ocrx_word' id='word_1_983' title='bbox 3077 5525 3264 5596; x_wconf 72' lang='lat' dir='ltr'><strong>agiaip</strong></span> <span class='ocrx_word' id='word_1_984' title='bbox 3312 5527 3461 5599; x_wconf 53' lang='lat' dir='ltr'><strong>parsi</strong></span> 
     </span>
    </p>
   </div>
   <div class='ocr_carea' id='block_1_120' title="bbox 1882 5609 3251 5686">
    <p class='ocr_par' dir='ltr' id='par_1_120' title="bbox 1882 5609 3251 5686">
     <span class='ocr_line' id='line_1_121' title="bbox 1882 5609 3251 5686; baseline 0.009 -25"><span class='ocrx_word' id='word_1_985' title='bbox 1882 5611 2109 5680; x_wconf 71' lang='lat' dir='ltr'><strong>qemjau.</strong></span> <span class='ocrx_word' id='word_1_986' title='bbox 2137 5609 2456 5667; x_wconf 87' lang='lat' dir='ltr'><strong>Econtrario</strong></span> <span class='ocrx_word' id='word_1_987' title='bbox 2488 5611 2696 5669; x_wconf 86' lang='lat' dir='ltr'><strong>Gothus</strong></span> <span class='ocrx_word' id='word_1_988' title='bbox 2717 5614 3026 5686; x_wconf 78' lang='lat' dir='ltr'><strong>frequenter</strong></span> <span class='ocrx_word' id='word_1_989' title='bbox 3048 5618 3251 5673; x_wconf 89' lang='lat' dir='ltr'><strong>inducit</strong></span> 
     </span>
    </p>
   </div>
   <div class='ocr_carea' id='block_1_121' title="bbox 1959 5698 3468 5773">
    <p class='ocr_par' dir='ltr' id='par_1_121' title="bbox 1959 5698 3468 5773">
     <span class='ocr_line' id='line_1_122' title="bbox 1959 5698 3468 5773; baseline 0.011 -23"><span class='ocrx_word' id='word_1_990' title='bbox 1959 5698 2012 5768; x_wconf 84' lang='lat' dir='ltr'><strong>b)</strong></span> <span class='ocrx_word' id='word_1_991' title='bbox 2045 5698 2347 5758; x_wconf 82' lang='lat' dir='ltr'><strong>Pronomen</strong></span> <span class='ocrx_word' id='word_1_992' title='bbox 2383 5702 2555 5758; x_wconf 68' lang='lat' dir='ltr'><strong>tertiae</strong></span> <span class='ocrx_word' id='word_1_993' title='bbox 2577 5717 2844 5773; x_wconf 72' lang='lat' dir='ltr'><strong>personae,</strong></span> <span class='ocrx_word' id='word_1_994' title='bbox 2878 5704 2969 5760; x_wconf 84' lang='lat' dir='ltr'><strong>ubi</strong></span> <span class='ocrx_word' id='word_1_995' title='bbox 3003 5706 3223 5764; x_wconf 71' lang='lat' dir='ltr'><strong>Graecus</strong></span> <span class='ocrx_word' id='word_1_996' title='bbox 3250 5723 3318 5766; x_wconf 86' lang='lat' dir='ltr'><strong>eo</strong></span> <span class='ocrx_word' id='word_1_997' title='bbox 3358 5726 3468 5766; x_wconf 85' lang='lat' dir='ltr'><strong>non</strong></span> 
     </span>
    </p>
   </div>
  </div>
