3998 6180
521 241 658 299 H35

518 350 922 425 agit(modale),
974 350 1204 420 denique
1256 342 1427 414 locus,
1478 357 1675 419 tempus
1747 360 1802 403 et
1863 365 2100 402 mensura

517 445 767 510 actionis,
810 444 926 499 lucc
973 444 1151 498 omnia
1217 441 1271 495 in
1324 439 1593 509 obiectum
1624 439 1817 493 cadere
1855 449 2098 508 possunt.

521 536 696 594 Porro
721 549 907 600 casus,
930 534 1127 604 quibus
1173 531 1400 587 diversa:
1438 528 1662 599 subjecti
1711 528 1777 583 ad
1833 529 2099 599 obiectum

522 628 811 685 relationes
840 624 1235 694 exprimuntur,
1286 620 1536 675 dicuntur
1586 634 1736 674 casus
1774 619 1966 688 obliqui
2008 634 2103 687 per

523 717 916 787 oppositionem
945 714 1013 767 ad
1039 727 1217 766 casum
1260 720 1477 775 rectum,
1532 710 1624 779 qui
1671 708 1895 779 subjecti
1946 723 2104 764 casus

526 822 628 864 cst.
651 810 784 863 Cum
810 815 987 860 autem
1019 804 1199 872 lingua
1247 801 1460 869 potltica
1489 801 1556 854 ad
1583 814 1772 856 omnes
1817 798 2104 855 relationes

524 895 880 965 designandas
914 893 1102 947 formis
1131 890 1506 961 nonrgaudeat,
1534 889 1672 945 hinc
1712 889 1895 960 plures
1913 888 2105 944 iisdem

525 987 739 1041 casibus
766 984 990 1039 indicari
1043 996 1321 1037 necessum
1351 980 1485 1047 fuit;
1510 989 1637 1036 sunt
1680 981 1899 1048 insuper
1944 996 2108 1049 pecu-

526 1078 679 1131 liaria
706 1074 960 1130 vocabula
992 1073 1133 1129 inter
1151 1086 1270 1142 qum
1292 1072 1531 1128 eminent
1570 1072 1971 1140 preposition“,
1993 1072 2108 1126 sive

526 1170 593 1223 ad
619 1169 756 1224 lianc
781 1181 1002 1224 casuum
1029 1166 1305 1236 penuriam
1328 1165 1710 1236 supplendam,
1751 1166 1867 1220 sive
1890 1173 1946 1220 et
1966 1178 2108 1233 pra:-

528 1264 713 1321 sertim
736 1263 802 1316 ad
832 1260 1139 1316 subtiliores
1192 1259 1405 1314 illarum
1444 1258 1761 1314 relationum
1794 1257 1988 1326 gradus
2014 1268 2109 1325 ap-

532 1357 706 1420 prime
734 1351 1085 1411 exhibendas.
1107 1349 1360 1417 Quisnam
1376 1363 1509 1405 vero
1537 1364 1690 1405 casus
1717 1348 1990 1418 eligendus
2019 1348 2107 1407 sit,

538 1461 601 1505 cx
638 1444 806 1499 verbo
828 1442 1063 1513 pendet;
1084 1442 1207 1495 hinc
1236 1439 1400 1496 verbo
1420 1439 1726 1494 attribuitur
1753 1437 1932 1504 rectio,
1963 1434 2110 1490 casui

537 1542 722 1589 contra
761 1531 1120 1602 dependentia,
1141 1529 1202 1587 id
1223 1540 1325 1598 est,
1354 1529 1577 1583 verbum
1599 1535 1684 1582 est
1716 1540 1895 1597 regens
1915 1566 1931 1590 ,
1956 1537 2114 1580 casus

537 1636 717 1685 autem
750 1632 940 1678 rectus.
1001 1621 1154 1690 Quod
1194 1621 1464 1689 obiectum
1509 1619 1725 1675 verbale
1764 1616 2116 1673 communiter

540 1721 591 1772 in
621 1716 871 1783 inﬁnitive
888 1715 1136 1784 ponitur,
1158 1713 1477 1783 quandoque
1516 1721 1697 1767 tamen
1741 1720 1797 1766 et
1846 1708 1901 1764 in
1951 1707 2115 1777 parti-

535 1811 691 1879 cipio.
730 1866 752 1887 .

914 1972 952 1994 ι.
1038 1943 1138 1994 ΟΒ]
1152 1941 1357 1994 ΕΕΤΗΙΙ
1376 1939 1724 1991 NOMINALE.

1036 2049 1111 2107 A.
1159 2047 1617 2105 Accun'rtvus.

615 2174 644 2244 ς
674 2172 800 2227 9.19.
827 2171 1130 2241 Objectum,
1160 2169 1228 2223 ad
1256 2168 1399 2239 quod
1446 2168 1587 2224 actio
1614 2167 1839 2237 subjecti
1882 2166 2123 2237 proxime

544 2265 793 2328 refertur,
808 2260 870 2314 in
895 2260 1181 2313 accusativo
1203 2259 1456 2328 ponitur;
1504 2272 1661 2327 quem
1695 2271 1877 2312 casum
1932 2264 2122 2327 regunt

545 2356 796 2423 pleraque
821 2351 1123 2408 transitive.
1177 2350 1335 2419 Atqui
1386 2348 1529 2405 actio
1549 2357 1635 2406 est
1678 2349 1764 2405 vel
1789 2349 2010 2420 physica
2038 2347 2124 2404 vel

546 2444 933 2513 rnetaplrysica.

619 2535 1023 2605 i).’l‘ransitiva,
1049 2549 1170 2604 quae
1200 2533 1465 2589 actionem
1516 2532 1791 2603 physicam
1843 2532 2127 2602 designant

549 2639 604 2684 et
630 2628 989 2683 accusativum
1017 2635 1231 2695 regunt,
1256 2626 1433 2681 habita
1470 2626 1676 2681 ratione
1716 2634 1914 2680 nostra;
1940 2625 2130 2680 funda—

551 2717 796 2774 mentalis
821 2715 1099 2771 divisionis
1118 2714 1501 2780 ordinavimus,
1540 2723 1598 2769 ut
1622 2714 1860 2783 sequitur
1886 2729 1901 2768 :

619 2810 671 2879 α)
702 2808 1111 2876 Verba-stirpes
1141 2807 1324 2861 formae
1341 2806 1515 2870 fortis,
1541 2819 1706 2874 pauca
1763 2805 1816 2859 in
1857 2820 1924 2857 an
1975 2811 2031 2858 et
2065 2819 2131 2857 on

552 2899 744 2955 debilis
794 2897 979 2953 forma
1005 2905 1061 2952 et
1103 2897 1355 2952 nonnulla
1399 2895 1642 2952 anomala
1697 2911 1713 2950 :
1768 2894 1921 2965 aigan
1959 2894 2134 2963 possi-

552 2988 851 3061 dere(Luc.
879 3004 952 3052 Ix,
981 2988 1051 3043 58
1074 2987 1293 3058 faultom
1354 2986 1592 3056 grobos
1630 2985 1786 3058 aigun
1823 2984 1919 3055 jalt
1964 2984 2133 3056 fugias

554 3078 759 3132 nirninis
787 3074 1092 3147 sitiens);
1135 3075 1305 3130 haban
1323 3075 1544 3142 habere,
1587 3074 1823 3147 gahabaa
1873 3074 2131 3141 retinere,

559 3164 783 3235 afltaban
803 3163 1066 3228 detinere,
1092 3164 1342 3218 dishabart
1370 3165 1666 3233 continere,
1694 3177 1957 3233 occupare
1980 3163 2134 3229 ;sku-

562 3259 647 3309 tan
667 3256 886 3321 debere,
912 3255 1047 3310 letan
1068 3257 1273 3312 scilicet
1303 3257 1355 3311 in
1379 3257 1775 3326 prmgnantibus
1800 3257 2137 3327 signiﬁcatio-

562 3346 717 3401 nibus
737 3345 945 3400 sinendi
989 3346 1194 3417 (Mem,
1240 3348 1357 3417 19),
1406 3347 1722 3402 demittendi
1767 3348 1895 3420 (Mc.
1928 3363 2004 3414 xr,
2054 3347 2134 3418 6),

563 3436 774 3491 sinendi
802 3436 857 3491 in
886 3449 1049 3491 sensu
1080 3437 1206 3507 gall.
1236 3437 1416 3492 laiuer
1444 3439 1575 3510 [αξη
1600 3439 1728 3511 (Ile.
1760 3454 1866 3502 xlv,
1891 3440 1953 3506 6;
1981 3439 2136 3495 Joan.

565 3538 660 3588 xu,
696 3525 777 3592 7),
802 3525 1080 3580 emittendi
1110 3526 1234 3594 (Mc.
1276 3541 1367 3593 xv,
1393 3528 1461 3582 37
1504 3527 1671 3582 stibua
1722 3527 1899 3583 mikila
1950 3543 2137 3585 vocem

561 3617 869 3685 magnam),
900 3616 1258 3686 relinquendi,
1282 3617 1408 3687 gall.
1434 3619 1615 3673 tuitur
1639 3619 1823 3674 debeat
1851 3618 2006 3690 (Luc.
2027 3635 2139 3685 xtx,

567 3707 686 3773 et),
725 3706 921 3775 afletan
975 3706 1277 3776 relinquere
1320 3707 1627 3779 (legendum
1665 3718 1751 3764 est
1791 3709 1952 3779 igitur
2001 3710 2142 3779 apud

568 3799 698 3852 Luc.
717 3814 769 3861 v,
800 3799 859 3853 il
889 3798 1236 3868 aﬂeitandarys
1257 3797 1378 3854 loco
1399 3800 1785 3871 aﬂeipandam,
1806 3800 1948 3871 quod
1972 3802 2142 3871 signi-

569 3889 693 3942 ﬁcat
709 3887 962 3943 deficiens
992 3900 1044 3942 et
1068 3904 1283 3957 semper
1302 3898 1388 3945 est
1416 3890 1872 3962 intransitivum);
1903 3892 2059 3962 fahan
2090 3901 2145 3947 et

571 3978 799 4047 gafahan
828 3992 1021 4047 capere
1044 3979 1343 4051 ,ushinpan
1364 3988 1419 4036 et
1441 3979 1733 4052 fraltinpan
1761 3996 1971 4053 capere,
2010 3983 2146 4037 und-

572 4070 782 4138 greipan
807 4076 864 4123 et
892 4054 1206 4140 fairgreipan
1234 4070 1502 4141 arripere;
1533 4072 1753 4143 gajukan
1772 4088 2028 4144 pugnare.
2054 4090 2147 4144 ga-

572 4157 753 4226 geigan
777 4155 1005 4223 lucrari;

643 4245 809 4300 Gibrm
824 4246 971 4310 dare,
999 4246 1367 4319 atgibandare,
1394 4249 1709 4318 attribuere,
1738 4252 1972 4321 {ragiban
1996 4251 2144 4319 dare,

572 4337 892 4413 concedere,
915 4339 1123 4408 afgiban
1147 4339 1420 4405 secedere,
1441 4340 1655 4412 mgiban
1673 4340 1896 4397 reddere
1915 4357 2065 4407 ;ana-
2094 4349 2151 4396 et

574 4431 795 4485 biaukan
814 4430 1044 4494 addere;
1072 4432 1246 4484 uiman
1272 4432 1481 4497 tollere,
1509 4446 1722 4503 capere,
1753 4434 2033 4487 andnintan
2062 4447 2150 4487 ac-

571 4523 779 4591 cipere,
798 4522 1029 4576 ataiman
1048 4522 1319 4590 attollere,
1349 4524 1613 4593 accipere,
1656 4525 1885 4595 afniman
1916 4524 2149 4592 auferre,

574 4614 815 4681 ganiman
836 4626 1131 4679 assumere,
1158 4612 1415 4667 dioniman
1443 4615 1719 4670 continere
1742 4631 1756 4681 ;
1776 4600 1781 4604 ’
1800 4616 2035 4668 usuiman
2056 4628 2153 4668 au-

572 4704 738 4766 ferre,
771 4704 1030 4772 franimau
1058 4706 1330 4773 accipere;
1363 4705 1530 4758 vitaait
1564 4714 1620 4760 et
1647 4704 1894 4774 fravilvan
1935 4719 2148 4774 rapere,

575 4795 828 4848 disoilcan
855 4796 1124 4863 arripere;
1150 4795 1396 4849 biraubon
1424 4794 1587 4851 furari
1610 4812 1625 4859 ;

654 4885 845 4940 Bairan
870 4885 1033 4953 ferre,
1063 4886 1300 4939 atbairan
1320 4872 1542 4953 afferre,
1585 4886 1797 4954 olferre,
1829 4888 2153 4945 innatbairan

579 4976 801 5042 inferre,
831 4976 1173 5048 pairlibaimn
1228 4976 1537 5045 transferre,
1570 4993 1657 5031 ua-
1680 4987 1735 5033 et
1785 4979 2021 5039 utbaimn
2064 4992 2155 5033 au-

576 5068 745 5137 ferre,
763 5069 975 5134 efferre.
993 5071 1257 5139 [rabairan
1287 5071 1685 5143 lerre;‘briggan
1714 5073 1943 5140 ducere;
1975 5075 2155 5131 tiuhan

580 5159 818 5225 trahere,
846 5159 1063 5225 ducere,
1087 5161 1320 5216 attiultan
1343 5161 1626 5229 adducere,
1653 5164 1980 5219 inaattiuhan
2008 5164 2156 5222 indu-

579 5263 727 5316 cere,
758 5247 996 5319 aftiuhan
1024 5251 1307 5315 reducere,
1342 5250 1574 5305 ltitia/tan
1618 5252 2043 5321 circumducere,
2066 5273 2157 5328 ga-

583 5342 762 5396 tiuhan
784 5341 1075 5409 abducere,
1129 5344 1371 5398 uatiuhan
1417 5344 1679 5409 educere;
1709 5346 1959 5418 atpiman
1988 5358 2155 5406 attra-

585 5432 747 5497 here;
786 5432 996 5486 dreiban
1033 5432 1255 5501 pellere,
1296 5435 1568 5489 usdreiban
1601 5437 1875 5507 expellere
1899 5439 2041 5509 (cum
2070 5456 2160 5496 ac-

587 5533 825 5580 cusativo
854 5533 907 5580 et
935 5524 1136 5589 dativo,
1167 5524 1273 5579 vid.
1303 5525 1330 5595 ᾖ
1359 5526 1485 5593 229,
1516 5526 1598 5597 ι);
1629 5530 1841 5599 vairpan
1864 5538 1920 5586 et
1959 5533 2160 5601 gavair-

587 5631 684 5673 ιιαη
711 5615 912 5682 jacere,
961 5626 1038 5670 at-
1090 5626 1146 5673 et
1190 5618 1464 5687 uwat'rpttn
1489 5617 1696 5687 jacere,
1727 5618 1923 5687 ejicere
1954 5624 2157 5689 (poste-

1569 236 2029 294 ‘GllAMilA'l'lCA
2070 234 2395 293 GOTlllCE
2437 234 2636 291 LINGU
2649 235 2731 295 Ε.

2204 348 2315 401 rius
2340 360 2461 401 cum
2489 345 2793 401 accusativo
2819 351 2873 399 et
2894 343 3092 409 dativo,
3117 344 3216 399 vid.
3244 346 3399 417 mea,
3426 352 3469 421 ι)
3490 371 3503 418 ;
3523 361 3654 416 erit...

2203 446 2256 492 et
2288 435 2530 507 gavrikan
2556 434 2835 504 persequi;
2866 433 3092 504 preilmn
3114 448 3359 503 premere;

2273 529 2437 584 Saian
2462 530 2752 596 seminare,
2779 530 3003 601 meipan
3028 527 3239 601 metere,
3262 538 3438 606 galisan
3450 543 3659 611 colligere;

2202 618 2347 673 rikart
2375 620 2738 687 accumulare,
2766 620 2947 690 giutan
2972 619 3208 689 fundere,
3241 624 3421 694 ρυαΙιωι
3442 640 3488 685 et
3518 633 3663 703 upu-

2203 708 2307 763 Itan
2335 708 2537 774 lavare,
2557 710 2801 779 Irrainjan
2825 719 2881 765 et
2895 712 3198 780 gahrainjan
3222 717 3467 785 mundare,
3492 723 3668 789 afltrain-

2194 799 2291 868 jan
2319 798 2600 867 purificare
2649 800 3014 869 (frenata-litin:
3064 800 3230 857 Skcir.
3257 804 3296 869 Ι,
3320 808 3399 874 a);
3446 812 3668 879 αίευαὶήωι

2203 885 2510 953 obliterare,
2535 886 2716 941 satbon
2732 896 2786 943 et
2801 887 3045 960 garalbon
3066 903 3255 958 ungere
3270 907 3286 957 ;
3304 892 3492 963 drigltan
3515 898 3668 967 bibere,

2206 975 2394 1044 fraitan
2423 974 2713 1042 devorare;

2274 1064 2571 1135 Caskapjan
2592 1079 2806 1131 creare;
2830 1064 3009 1120 bairan
3028 1074 3082 1121 et
3097 1067 3323 1137 gabairan
3342 1083 3530 1139 parere;
3548 1072 3676 1145 lingu

2206 1165 2263 1214 et
2282 1157 2526 1229 galiugan
2553 1156 2752 1212 ducere
2776 1156 3067 1229 (uxorem),
3098 1158 3322 1226 nubere;

2279 1246 2476 1302 Filhau
2503 1256 2559 1303 et
2599 1247 2833 1319 gaﬁlhan
2870 1249 3223 1316 abscondere,
3269 1252 3493 1321 sepelire,
3531 1256 3680 1324 anilia

2209 1339 2562 1405 abscondere,
2591 1338 2819 1407 mﬁlhan
2842 1340 3096 1408 sepelire,
3128 1341 3378 1410 anaﬁlltau
3414 1344 3681 1413 relinquere;

2211 1430 2434 1501 galultan
2455 1429 2727 1496 claudere,
2750 1429 2967 1484 ualukan
2991 1431 3226 1498 aperire;
3248 1434 3479 1502 tugraban
3495 1434 3683 1501 alludere,

2213 1520 2457 1591 bigraban
2470 1519 2883 1586 circumfodere;
2913 1519 3136 1574 uslmlon
3164 1520 3427 1587 excidere;
3454 1522 3607 1594 [albati
3620 1525 3688 1591 pli-

2211 1626 2373 1676 care;
2412 1611 2605 1665 bindan
2632 1620 2688 1666 et
2711 1610 2969 1681 gabindan
2998 1610 3190 1680 ligare,
3218 1612 3490 1666 andbindan
3503 1613 3688 1683 deligare,

2213 1700 2452 1766 solvere;
2473 1699 2716 1754 bivindan
2742 1700 3164 1755 circumvolvere
3182 1715 3200 1767 ;
3217 1701 3453 1771 gaoindan
3475 1702 3695 1771 colligere;

2212 1794 2427 1849 skaidan
2437 1793 2705 1859 dividere;
2719 1794 2894 1848 brikan
2902 1795 3168 1866 frangere,
3180 1795 3410 1865 gabriltan
3421 1794 3695 1864 confringere,

2217 1887 2463 1956 frangere
2477 1885 2795 1958 (prmsertim
2808 1888 2950 1953 κλᾶν,
2964 1888 3106 1943 unde
3130 1888 3273 1955 goth.
3286 1887 3515 1954 Ittaibons,
3525 1887 3701 1955 frangere

2217 1976 2462 2046 panem);
2493 1976 2805 2043 dishniupan
2849 1976 3185 2046 disrumpere
3209 1977 3367 2047 (Luc.
3390 1978 3565 2043 vm,25
3585 1977 3700 2031 band-

2210 2065 2338 2136 jos),
2371 2064 2671 2121 disskreitan
2692 2067 2972 2133 scindere;
3002 2070 3254 2123 diatairan
3270 2070 3515 2137 scindere,
3537 2070 3706 2140 gatairal

2217 2157 2510 2212 dissolvere
2531 2196 2547 2223 ,
2579 2157 2888 2223 destruere;
2915 2160 3181 2231 usstiggan
3206 2174 3507 2231 expungere,
3540 2173 3707 2225 erum;

2218 2247 2503 2319 ufsneipan
2533 2248 2809 2305 dissecare
2830 2291 2843 2316 ,
2902 2252 3212 2318 immolare;
3244 2253 3458 2321 maitan,
3491 2252 3561 2314 αἱ·
3592 2260 3711 2307 ειη·

2221 2341 2412 2394 maitan
2442 2341 2778 2409 abscindere,
2793 2340 3036 2397 bimaitan
3058 2344 3623 2412 circumcidereplahan
3639 2356 3713 2399 vcr-

2222 2431 2435 2497 berare,
2466 2431 2709 2501 afslahan
2738 2441 3041 2502 percutere,
3066 2434 3311 2502 caedere;
3342 2444 3529 2489 stautan
3540 2434 3715 2504 pulsare,

2222 2524 2454 2597 btiggvan
2480 2534 2532 2579 et
2570 2524 2877 2594 usbliggvan
2906 2535 3221 2595 percutere;
3260 2527 3512 2597 gauundoa
3537 2527 3719 2579 vulnera-

2228 2631 2323 2683 re;
2354 2615 2508 2670 holon
2562 2614 2841 2683 fraudare;
2890 2616 3119 2672 kriustan
3157 2619 3384 2674 stridere
3409 2617 3551 2688 (Gali.
3580 2629 3721 2686 prater

2226 2708 2333 2761 l'un
2386 2716 2556 2761 contra
2586 2707 2792 2775 l‘autre,
2837 2708 3068 2780 tunpam
3112 2710 3369 2767 dentibus
3413 2709 3614 2766 stridere
3654 2708 3723 2763 It.

2226 2813 2304 2864 Ix,
2334 2795 2445 2868 18).

2298 2884 2350 2955 b)
2375 2886 2606 2941 Plurima
2661 2888 2829 2943 verba
2861 2902 2981 2958 quae
3018 2903 3118 2959 per
3174 2891 3595 2960 compositionem
3633 2888 3731 2941 lium

2229 2978 2505 3033 transitiva
2531 3018 2547 3042 ,
2594 2986 2655 3033 ut
2688 2995 2701 3032 :
2734 2979 3005 3035 bistandan
3046 2982 3472 3038 sistere-circum
3499 2980 3627 3050 (Luc.
3649 2992 3732 3039 xu,

2229 3068 2351 3138 45),
2394 3070 2613 3125 dissitatt
2636 3070 3054 3140 apprehendere,
3098 3072 3293 3127 bisitan
3345 3070 3736 3126 habitare-circum

2231 3159 2384 3228 (Luc.
2415 3175 2452 3225 ι,
2472 3159 2603 3229 65);
2634 3161 2867 3215 birinnan
2886 3161 3229 3217 circumdare
3260 3161 3435 3232 (Joan.
3454 3176 3506 3226 x,
3531 3156 3640 3227 24);
3660 3155 3734 3206 dis-

2231 3250 2445 3304 drituatt
2472 3264 2665 3320 capere
2716 3251 2869 3321 (Luc.
2896 3266 2937 3318 ι,
2971 3252 3090 3322 12);
3139 3254 3422 3321 anaqiman
3465 3245 3739 3318 supervenire

2233 3344 2630 3416 (venire-super
2680 3344 2812 3401 Luc.
2865 3361 2939 3411 ιι,
2999 3345 3124 3415 9),
3190 3346 3417 3417 biqiman
3468 3338 3739 3412 supervenire

2234 3434 2445 3505 (Thess.
2471 3451 2518 3501 ι,
2547 3450 2580 3488 v
2607 3475 2624 3503 ,
2657 3437 2692 3491 3
2713 3474 2729 3502 ,
2756 3436 2845 3491 ubi
2877 3436 3094 3509 biqimip
3129 3437 3258 3494 loco
3287 3434 3486 3507 Misso]:
3528 3428 3745 3502 legentium

2235 3523 2368 3595 est);
2401 3524 2631 3580 bitiuhau
2667 3526 2985 3593 circumire,
3039 3542 3372 3598 percurrere
3415 3524 3559 3595 (κώ.
3586 3517 3743 3585 ικ,35;

2234 3615 2337 3670 Mc.
2367 3630 2440 3670 vt.
2473 3616 2508 3673 6
2533 3616 2825 3684 regionem,
2846 3617 2915 3671 ab
2970 3617 3319 3675 intransitivo
3368 3617 3538 3672 tiuttan
3580 3614 3662 3667 iter
3694 3607 3750 3662 ll-

2236 3717 2381 3771 cere,
2410 3703 2542 3774 ire);
2567 3707 2843 3763 biwairban
2890 3707 3210 3777 circumire,
3263 3706 3655 3767 circumsistere.
3677 3698 3750 3752 tir-

2238 3795 2491 3851 cumdare
2517 3796 2672 3867 (Luc.
2704 3812 2816 3862 vtu,
2844 3796 2967 3869 45);
3016 3797 3415 3871 [)airhltteipan
3464 3794 3681 3858 transire,
3699 3786 3755 3844 ira

2239 3888 2864 3961 per—(Luc.xvnt,t3);
2894 3890 3274 3963 pairltgaggan
3305 3890 3631 3961 pertransire,
3653 3886 3755 3953 κίσ-
3860 3924 3861 3965 1

2240 3994 2439 4049 9"990n
2454 3981 2730 4049 praterire
2767 3979 2922 4054 (Luc.
2948 3997 3042 4048 xv,
3059 3982 3133 4039 29
3159 3981 3448 4052 anabusn),
3472 3978 3757 4051 uipragaggut
3860 3980 3861 4031 ι

2241 4075 2451 4128 obviam
2472 4074 2555 4128 ire
2584 4071 2758 4143 (Joan.
2794 4088 2870 4139 xl,
2899 4072 3019 4141 20);
3049 4073 3319 4143 bispeivan
3347 4081 3627 4139 conspuere
3666 4062 3753 4133 (lic.

2242 4184 2329 4234 xv,
2362 4168 2458 4232 l9;
2487 4166 2617 4220 Luc.
2636 4181 2786 4241 xvnt,
2812 4166 2903 4231 52,
2929 4165 3178 4233 simplice
3207 4166 3420 4236 speiuan
3441 4178 3557 4219 cum
3576 4174 3660 4214 ana
3674 4167 3761 4209 cou-

2243 4254 2499 4326 structo);
2553 4253 2808 4308 biskeinan
2837 4254 3280 4326 circumlulgere,
3333 4247 3760 4317 illuminarunt.

2244 4361 2303 4409 ιι,
2355 4343 2440 4412 9);
2468 4345 2693 4415 bilaigon
2713 4344 2949 4400 lambere
2977 4343 3130 4417 (Luc.
3162 4360 3283 4413 xvr,
3312 4344 3444 4416 2!);
3465 4344 3642 4417 gatilon
3671 4336 3761 4406 pali.

2246 4439 2470 4493 sulierre
2489 4437 2650 4509 (Tim.
2681 4436 2745 4503 ll,
2778 4452 2836 4503 ιι,
2870 4436 2980 4507 10).
3860 4500 3861 4515 γ

2318 4530 2368 4601 c)
2396 4530 2566 4585 Verba
2584 4530 2823 4586 derivata
2860 4530 2913 4585 in
2954 4531 3067 4600 -jan
3113 4542 3248 4585 cum
3282 4527 3521 4584 factitiva
3559 4516 3766 4592 signiﬁci-

2246 4621 2395 4675 tione
2425 4636 2439 4673 :

2317 4711 2406 4781 aa)
2440 4708 2482 4765 E
2511 4708 2689 4764 verbis
2721 4726 2735 4762 :
2766 4710 2936 4780 satjan
2979 4718 3034 4764 et
3081 4711 3341 4780 gasatjan
3382 4722 3608 4781 ponere,
3647 4702 3769 4756 loci"

2249 4800 2431 4871 (gall.
2501 4801 2631 4869 [αξη
2696 4798 2968 4869 aueoir),
3007 4803 3247 4869 atsatjan
3325 4814 3628 4870 apponere.
3661 4792 3772 4857 σμ’·

2241 4895 2340 4965 jan
2367 4906 2637 4956 amovere,
2668 4890 2887 4960 bisatjan
2912 4891 3290 4957 circumdare,
3313 4891 3583 4953 obsidere,
3607 4882 3769 4954 uti!”

2241 4982 2340 5051 ian
2382 4988 2772 5050 transponere,
2813 4985 3043 5053 unatjan
3094 4980 3401 5051 imponere
3425 5022 3442 5048 ,
3491 4981 3769 5046 componere;

2251 5075 2428 5146 lagjan
2452 5081 2506 5129 et
2531 5074 2777 5145 gulagjan
2797 5073 3001 5142 jacere,
3021 5087 3235 5141 ponere
3265 5073 3476 5142 (jacere
3515 5062 3708 5133 facem),
3725 5067 3776 5111 at-

2249 5173 2306 5222 et
2335 5166 2613 5237 unalagjan
2655 5178 3037 5233 superponere,
3064 5164 3392 5233 imponere,
3421 5163 3642 5234 aﬂagjatt
3665 5154 3781 5221 dep!"

2251 5273 2405 5325 uere,
2434 5259 2671 5330 mlang
2699 5269 2915 5325 ponere,
2947 5253 3257 5326 faurlagjan
3290 5266 3620 5325 proponere;

2270 5402 2273 5405 .
2323 5349 2562 5419 Sandjan
2586 5348 2795 5401 mittere
2821 5344 2973 5416 (μη.
3001 5346 3132 5416 ferire
3162 5346 3358 5414 alter),
3409 5341 3672 5410 inmdjan
3703 5330 3787 5388 mile

2255 5450 2390 5505 tere,
2402 5438 2685 5510 gasandjan
2693 5436 2982 5504 deducere,
2997 5437 3298 5507 usuudjan
3313 5428 3785 5506 ejicere,demitlcf¢3

2255 5532 2493 5604 draibjan
2519 5528 2874 5599 compellere;
2904 5529 3217 5602 uadraibjan
3265 5528 3578 5599 expellere;
3603 5516 3793 5585 mutat

2263 5622 2487 5685 cllerre,
2542 5618 2843 5689 ufarhaﬂtm
2885 5618 3144 5675 extollere
3177 5660 3198 5686 ,
3255 5619 3507 5689 athafjan
3562 5611 3788 5669 detonet.
3860 5611 3861 5643 Τ
