4030 6188
660 262 800 320 1185

651 378 706 432 in
741 376 862 448 bus,
895 377 1097 433 scilicet
1121 377 1354 448 bauaip;
1399 376 1552 430 Rom.
1595 392 1670 441 ix,
1701 375 1768 428 3?.
1796 375 1987 429 duwe?
2026 385 2142 428 tmte
2182 378 2236 428 ni

648 485 712 523 us
739 470 1061 540 galaubeinai
1099 470 1162 522 ak
1193 487 1250 522 us
1280 478 1560 522 vaurstvam
1583 468 1790 531 vilodis,
1838 467 2045 520 scilicet
2071 467 2236 519 laisti—

585 627 601 640 \
651 559 820 612 ἀράτω
843 560 988 632 vita
1015 559 1329 631 garaihteins
1355 573 1422 612 ex
1449 559 1720 628 laistjands
1743 556 1890 626 t'itop
1921 556 2234 626 garaihteins

647 665 730 704 vs.
761 650 820 704 5i
850 670 863 716 ;
893 651 1023 705 Luc.
1049 666 1138 715 vn,
1171 651 1240 704 4'5
1267 649 1409 719 pana
1440 649 1668 718 (scilicet
1697 648 1826 701 mais
1856 648 2014 718 [τὲ]οά
2052 663 2118 699 ex
2151 661 2232 700 vs.

646 741 738 805 4?.)
768 743 1005 812 gavenja,
1047 740 1276 810 [)ammei
1321 740 1589 809 managizo
1629 739 1844 808 fragaf;
1881 738 2008 792 Cor.
2041 737 2103 802 ll,
2148 751 2232 802 Ill,

649 833 715 884 15
743 833 830 884 ubi
859 845 927 884 ex
970 846 1139 884 svasve
1181 847 1341 883 moses
1390 831 1563 900 lagida
1594 829 1779 881 hulistr
1805 845 1906 881 ana
1927 827 2232 880 andavleizn

644 923 709 973 ad
738 924 791 974 ni
816 923 1175 992 supplendum
1217 931 1300 976 est
1327 923 1518 992 lagjam
1546 922 1732 975 hulistr
1761 938 1862 974 ana
1887 921 2231 983 andavle’zn,‘

645 1009 778 1064 Mth.
812 1026 983 1079 xxvu,
1011 1013 1079 1066 45
1125 1013 1401 1081 lausjadau
1435 1013 1546 1078 ina,
1579 1011 1727 1082 jabai
1749 1011 1836 1064 vili
1863 1013 1971 1076 ina,
2023 1009 2226 1065 sciliret

645 1103 885 1175 lausjan;
915 1105 1037 1158 item
1065 1105 1163 1159 Mc.
1198 1121 1283 1168 xv,
1316 1105 1346 1158 8
1371 1103 1595 1158 subaudi
1628 1107 1848 1174 taujan;
1891 1102 2017 1156 coll.
2053 1101 2228 1155 adhuc

1696 262 1829 317 GRA
1842 259 2143 313 .\l.\l.\TlCA
2187 261 2508 316 GUTlllCE
2548 261 2854 318 LINGUAE.
3711 287 3803 340 tm

2346 375 2476 431 Luc.
2509 392 2600 440 vn,
2641 376 2733 443 M;
2777 376 2901 431 Cor.
2944 379 2984 443 l,
3027 393 3102 444 is,
3129 379 3230 445 25;
3279 399 3348 448 ιι,
3389 383 3442 450 l;
3477 387 3585 444 Cor.
3613 391 3644 457 l,
3672 400 3806 461 vu,l9

2343 465 2474 558 puta
2505 467 2680 519 bimait
2718 469 2771 521 m'
2793 469 2956 558 vailtts
2977 471 3064 537 ist,
3096 469 3159 524 al:
3187 474 3436 546 fastubnja
3463 481 3675 537 anabzssne
3694 487 3804 558 gups,

2342 555 2548 610 scilicet
2575 571 2650 608 τινα
2679 558 2766 610 ist.
2815 557 3110 614 Positivum
3148 577 3211 616 ex
3254 570 3483 635 negativo
3513 555 3806 634 resrituendiun

2342 655 2443 708 est,
2499 648 2716 703 utTim.
2766 650 2806 712 l,
2835 666 2909 716 Iv,
2959 652 2994 705 5
3035 658 3343 724 varjaudaue
3373 662 3524 729 liugos
3547 666 3627 734 jah
3651 671 3806 735 (scilicet

2341 737 2798 802 anabiudandane)
2847 741 3128 813 'gaparban
3178 758 3327 803 male.
3369 751 3467 806 Sed
3493 754 3613 808 Titii.
3641 757 3805 823 ll,Iu,i

2341 830 2635 898 frijoudaus
2690 830 2851 900 eiljan
2893 834 3106 888 seinana
3165 839 3290 892 mnis
3342 840 3449 912 [ian
3496 845 3612 914 gul),
3655 860 3807 915 propter

2335 932 2567 987 graecum
2599 919 2852 991 φιλήδονοι
2879 925 3063 994 μᾶλλον
3089 925 3119 985 ἦ
3149 929 3355 1000 φιλόθεοι
3380 941 3435 986 ut
3455 931 3630 1003 ellipsis
3655 951 3732 989 non
3754 955 3809 992 re-

2337 1013 2509 1081 putari
2543 1023 2736 1082 potest.

3216 1245 3795 1250 γῇ-

1532 1351 1624 1422 C.
1706 1343 2312 1418 SENTENTIA
2377 1346 2601 1417 COM
2619 1350 3032 1424 POSlTA.

711 1561 738 1632 g
776 1562 900 1617 256.
943 1561 1400 1630 Quemadmodum
1433 1561 1484 1615 in
1529 1559 1792 1614 sententia
1831 1559 2099 1630 simplici,
2150 1562 2220 1614 ita

639 1662 694 1708 et
725 1654 776 1706 in
801 1654 1095 1722 composita
1119 1695 1133 1719 ,
1159 1651 1510 1721 cogitationes
1537 1651 1619 1704 vel
1641 1664 1824 1703 earum
1847 1664 2218 1718 expressarum

640 1749 859 1809 fomite,
895 1745 1117 1814 singulae
1160 1745 1368 1798 scilicet
1408 1742 1689 1796 sentcntiae
1716 1741 1858 1795 inter
1887 1756 1948 1795 se
1993 1740 2218 1796 invicem

639 1847 1044 1892 connectuntur.
1089 1837 1204 1890 Jam
1239 1850 1367 1889 vero
1408 1833 1718 1898 sententim,
1757 1847 1875 1901 quae
1905 1847 1964 1888 se
1992 1833 2218 1888 invicem

641 1933 717 1984 vel
742 1930 1036 1984 extendunt
1052 1930 1133 1982 vel
1158 1930 1506 1995 restringunt,
1526 1926 1768 1980 eamdem
1791 1925 2026 1979 valoretn
2049 1939 2221 1991 gram-

645 2050 1054 2060 ——-—————————

2333 1563 2525 1618 matice
2553 1563 2751 1619 habere
2779 1576 3068 1623 censentur
3097 1579 3152 1625 et
3192 1574 3490 1630 coordinata:
3525 1581 3729 1634 sententia:
3749 1598 3808 1633 ro-

2327 1661 2548 1718 cantur;
2574 1670 2692 1721 illia:
2733 1665 2909 1712 autem
2936 1659 3068 1715 alias
3110 1670 3314 1717 tantum
3355 1669 3603 1737 complent
3622 1681 3665 1725 et
3692 1673 3808 1739 expli-

2327 1751 2470 1808 cant,
2493 1743 2742 1799 dicuntur
2757 1746 3103 1804 subordinate:
3123 1755 3399 1821 sententia,
3430 1758 3505 1812 vel
3537 1759 3668 1814 etiam
3686 1777 3806 1814 secun-

2326 1836 2491 1892 dat-iw
2510 1853 2606 1908 per
2627 1841 3016 1909 oppositionem
3041 1843 3106 1898 ad
3130 1847 3462 1917 principales,
3486 1867 3590 1920 qua:
3610 1854 3806 1922 cogi’atio-

2326 1943 2450 1983 nem
2484 1929 2828 1999 principalem
2859 1934 3154 1990 continent.

1057 2045 3798 2080 -..Ἥ

1663 2123 1716 2184 Ι.
1796 2121 2338 2183 COORDINAT/E
2391 2124 2882 2190 SENTENTUE.

707 2338 735 2409 ς
776 2337 902 2391 257.
936 2337 1232 2405 Respectus
1261 2333 1422 2400 varii,
1458 2331 1510 2386 in
1538 2331 1731 2401 quibus
1757 2331 2036 2386 sententiae
2064 2346 2216 2386 coor-
2261 2405 2266 2409 ¹

632 2431 828 2484 dinam
861 2429 1000 2481 inter
1028 2443 1086 2480 se
1116 2425 1354 2479 construi
1392 2433 1647 2494 possunt,
1680 2422 1733 2476 hi
1764 2420 1888 2476 sunt
1919 2441 1931 2474 :
1964 2424 2045 2477 vel
2075 2424 2217 2478 enim

632 2537 734 2574 una
779 2521 939 2574 aliam
989 2517 1234 2572 extendit
1273 2525 1328 2571 et
1365 2515 1686 2584 ampliﬁcat,
1717 2514 1858 2569 unde
1886 2529 2216 2570 coruumva

630 2613 928 2675 sententia;
976 2610 1058 2664 vel
1103 2623 1207 2662 una
1248 2608 1400 2662 alteri
1433 2607 1745 2676 Opponitur,
1777 2606 1920 2661 unde
1949 2623 2216 2661 amensa-

629 2718 750 2760 TIVA
784 2704 1082 2767 sententia;
1117 2703 1197 2754 vel
1237 2716 1337 2756 una
1369 2701 1437 2755 ab
1470 2701 1573 2754 alia
1607 2699 1910 2769 perimitur,
1939 2701 2080 2755 unde
2113 2717 2220 2756 ms-

629 2811 875 2851 JL‘NCTWA
920 2797 1216 2860 sententia;
1265 2796 1349 2850 vel
1395 2793 1610 2848 tandem
1653 2810 1757 2848 una
1801 2795 1960 2849 aliam
1987 2796 2218 2865 explicat

627 2897 718 2942 aut
763 2888 979 2957 probat,
1029 2890 1168 2940 unde
1219 2901 1571 2942 amicum
1619 2900 1714 2940 seu
1763 2899 2134 2940 BPEXEGETICA
2163 2894 2217 2940 et

627 2994 874 3034 CAUSAIJS
919 2981 1182 3033 sententia
1235 2979 1488 3033 evadunt.
1539 2977 1640 3033 Ubi
1687 2989 1864 3032 autem
1907 2978 1960 3032 in
1993 2988 2215 3048 utraque

627 3071 888 3124 sententia
931 3072 1150 3123 verbum
1192 3069 1331 3123 idem
1379 3079 1490 3132 est,
1520 3077 1645 3122 tunc
1676 3069 1776 3122 isto
1805 3068 1972 3122 semel
2007 3077 2212 3122 tantum

625 3163 860 3217 adhibito
889 3170 1286 3231 componuntur
1313 3169 1366 3214 et
1397 3174 1492 3229 per
1519 3159 1688 3214 solam
1718 3157 2094 3227 cogitationem
2123 3173 2213 3212 co-

625 3253 888 3323 pulantur.

935 3364 977 3412 1.
1043 3361 1461 3414 COPULATlV/E
1517 3360 1912 3412 SIEN'FEN'IIE.

698 3468 724 3535 §
762 3465 887 3520 258.
932 3465 1060 3520 Dua:
1091 3467 1371 3520 sententia:
1397 3463 1716 3532 coiiulantur

698 3561 765 3630 1)
809 3560 1043 3616 Positive
1095 3575 1188 3629 per
1239 3560 1644 3626 conjunctiones
1697 3557 1796 3630 jah
1867 3567 1957 3622 et,
2005 3554 2206 3624 eiiam,

623 3652 900 3722 -uh-que,
949 3651 1088 3721 quod
1143 3661 1226 3708 est
1273 3651 1611 3715 encliticum,
1671 3648 1964 3721 jah—jah
2011 3655 2207 3702 tam——

622 3764 779 3815 quam
809 3747 964 3818 (gall.
987 3749 1126 3803 aussi
1151 3749 1262 3803 bien
1284 3777 1352 3789 —-
1373 3747 1523 3817 que),
1550 3745 1640 3801 ubi
1667 3747 1840 3801 amba:
1861 3745 2208 3815 cogitationes

622 3854 771 3908 teque
802 3838 1130 3907 procedunt;
1159 3840 1213 3892 ni
1240 3837 1475 3910 patainei
1499 3868 1569 3878 —
1590 3837 1655 3891 ak
1673 3839 1770 3909 jah
1798 3852 1906 3892 non
1933 3838 2108 3892 solum
2137 3868 2205 3878 —-

621 3932 712 3985 Sed
745 3933 939 4000 etiam,
984 3931 1072 3985 ubi
1113 3932 1365 3987 alterutra
1411 3933 1464 3986 in
1506 3934 1677 3987 lucem
1721 3931 2038 4001 proferenda
2079 3942 2203 3988 est:

619 4021 771 4076 Joan.
807 4039 896 4088 ut,
926 4023 997 4078 25
1023 4022 1202 4094 [mra/1
1228 4024 1585 4095 qemunjah
1616 4023 1946 4092 daupidai
1975 4040 2206 4090 vesun;

619 4113 721 4166 Me.
761 4128 807 4177 ι,
837 4113 904 4168 59
931 4129 1035 4166 vas
1062 4115 1198 4166 issus
1225 4115 1561 4184 merjands
1588 4117 1644 4168 in
1671 4116 1974 4188 synagogim
1993 4117 2206 4188 isejalt

619 4201 922 4274 tui/iulpons
963 4204 1436 4272 usvairpands;
1471 4204 1627 4259 Joau.
1661 4218 1754 4270 tu,
1795 4206 1867 4260 26
1911 4206 2006 4259 sali
2047 4207 2204 4260 dau-

617 4293 901 4366 peipjah
934 4297 1060 4350 allai
1082 4296 1379 4367 gaggand
1406 4296 1474 4350 du
1494 4297 1684 4361 imma;
1709 4299 1742 4350 4
1768 4298 1874 4351 ibai
1901 4315 2036 4368 mag
2059 4314 2206 4352 man-

617 4403 685 4438 na
713 4385 887 4456 alpeis
926 4386 1132 4439 visands
1166 4387 1221 4438 in
1265 4389 1443 4439 vamba
1483 4384 1689 4455 aifm'ns
1720 4387 1860 4457 aftra
1888 4386 1994 4456 gat
2007 4387 2062 4439 ei
2073 4384 2204 4456 [Jan

617 4478 730 4551 fug
757 4475 1322 4547 —gabairaidau?
1348 4474 1467 4530 Gal.
1496 4493 1568 4542 tv,
1600 4477 1670 4532 ΞΟ
1697 4479 1880 4532 υἱιάα
1910 4479 2125 4546 qiman
2150 4486 2204 4532 at

615 4569 735 4621 izvis
774 4584 842 4621 nu
871 4565 985 4640 jah
1023 4569 1224 4622 inmai
1238 4568 1271 4620 ά
1274 4570 1302 4640 j
1316 4585 1391 4621 an
1434 4569 1598 4623 stibna
1627 4571 1828 4635 meina;
1861 4569 1932 4622 2?.
1958 4569 2204 4623 abraham

615 4669 759 4711 trans
788 4658 972 4712 ailtta
1000 4675 1215 4719 sununs.
1250 4660 1487 4712 ainana
1516 4676 1576 4713 us
1604 4659 1778 4730 piujai
1809 4658 1926 4730 jah
1957 4660 2204 4713 uinana

615 4765 674 4800 us
705 4750 886 4819 frijai;
919 4749 1082 4802 Mulli.
1110 4765 1182 4812 Ix,
1211 4748 1244 4801 6
1270 4749 1398 4818 σαι)
1425 4753 1562 4804 iesus
1589 4751 1658 4802 du
1683 4750 1914 4820 uslijiiir
1947 4751 2072 4804 nim
2101 4751 2206 4821 ligr

613 4838 843 4909 [)einana
863 4841 978 4909 jalt
1005 4855 1168 4909 gagg
1196 4842 1249 4890 in
1280 4840 1410 4908 θανά
1438 4839 1691 4909 [)eiuana.
1725 4842 1846 4910 jah
1884 4841 2116 4912 galaif)
2145 4845 2201 4896 in

613 4929 741 5000 gari!
771 4929 1014 4994 seinana;
1049 4944 1099 4992 v,
1128 4928 1193 4980 59
1213 4926 1363 4998 jabai
1395 4943 1496 4980 was
1527 4927 1640 4998 puk
1666 4929 1854 4980 stautai
1879 4931 1928 4980 bi
1965 4933 2198 4984 taihsvon

611 5019 773 5089 [mina
801 5019 961 5072 Itinnu
979 5058 996 5086 ,
1024 5017 1208 5072 vandei
1245 5021 1401 5070 imma
1425 5016 1542 5091 jah
1571 5018 1770 5088 (etiam
1797 5017 1813 5087 )
1844 5017 1923 5089 po
1951 5017 2200 5088 anpara;

616 5109 750 5178 Eph.
786 5125 836 5176 v,
865 5111 934 5166 28
959 5112 1066 5165 ,ςαεὶ
1091 5112 1231 5165 scina
1265 5125 1359 5178 qen
1385 5107 1554 5180 frijop
1576 5147 1592 5173 ,
1616 5109 1742 5180 jalt
1773 5107 1980 5178 (etiam)
2008 5110 2086 5164 sil:
2109 5112 2202 5166 sil-

609 5199 707 5254 (mu
739 5201 952 5274 [rijolu
985 5203 1083 5257 Mc.
1118 5217 1185 5267 ir,
1224 5203 1280 5258 ll
1321 5203 1534 5257 urreis
1564 5200 1827 5255 nim-ult
1859 5199 1879 5271 (
1907 5215 2191 5271 sumeque,

607 5299 692 5349 καὶ
729 5289 890 5372 ἆρον)
918 5295 1036 5348 badi
1063 5295 1191 5366 pain
1223 5295 1342 5365 jah
1380 5311 1543 5366 gagg
1570 5295 1640 5347 du
1671 5293 1834 5363 garda
1859 5291 2197 5364 [)einamma‘;

607 5404 695 5442 xvr
717 5428 731 5452 ,
763 5389 794 5442 7
823 5387 1020 5460 gaggip
1069 5387 1312 5458 qifjiduh
1345 5389 1362 5457 (
1389 5389 1647 5462 ὑπάγετε,
1678 5386 1852 5442 εἴπατε
1881 5388 1934 5456 );
1977 5403 2099 5454 xrv,
2131 5388 2199 5444 l5

605 5484 740 5535 icsus
759 5484 814 5535 in
837 5498 902 5534 sa
917 5500 947 5535 η
961 5483 1112 5535 dida
1144 5492 1283 5535 tvuns
1304 5483 1505 5551 siponje
1519 5484 1738 5536 seiuaize
1757 5482 1929 5553 (παρα
1945 5482 1976 5534 h
2001 5483 2199 5549 (dixit-

606 5583 728 5635 que,
755 5574 840 5624 καὶ
866 5573 1028 5644 λέγει)
1051 5571 1122 5623 du
1142 5574 1244 5636 im;
1273 5572 1398 5626 Luc.
1429 5588 1480 5637 κ,
1507 5573 1574 5625 50
1600 5589 1791 5624 manna
1815 5575 1866 5624 in
1891 5573 2193 5642 vaidedjans

608 5661 842 5728 fiaiaun,
875 5664 1149 5733 [)aieijah
1179 5665 1323 5735 (καί,
1357 5671 1462 5716 tam
1492 5665 1509 5731 )
1537 5665 1920 5717 biruubodedun
1942 5665 2050 5728 ina,
2071 5663 2190 5732 jalt

611 5751 764 5819 (καὶ,
811 5755 1008 5824 quam)
1043 5756 1255 5829 boudjcs
1285 5753 1701 5825 analagjandaus
1725 5753 2008 5824 iddjcdun;
2055 5753 2184 5810 Mth.

2324 2351 2386 2398 x,
2415 2335 2482 2388 23
2513 2337 2668 2408 ορεΞρ
2697 2340 2845 2409 [)aua
2874 2347 3168 2416 magandan
3190 2351 3310 2420 jah
3349 2348 3470 2420 (καὶ
3495 2353 3510 2418 )
3533 2351 3801 2422 saivalaijul‘t

2327 2425 2345 2494 (
2366 2426 2490 2496 καί)
2514 2427 2646 2482 Ieika
2667 2429 2941 2502 fraqistjan
2957 2448 2977 2498 ;
3002 2435 3104 2490 alia
3129 2439 3376 2508 exempla
3399 2440 3497 2494 vid.
3526 2441 3661 2509 gloss.
3682 2457 3717 2492 ν.
3738 2439 3801 2492 Jul

2321 2521 2352 2571 6
2374 2519 2423 2589 );
2464 2520 2617 2576 Rom.
2646 2538 2728 2588 ιχ,
2760 2525 2828 2578 24
2869 2525 2992 2580 kasa
3021 2531 3285 2585 armaions
3311 2533 3420 2604 gap
3459 2533 3636 2601 [abode
3667 2550 3736 2586 uin
3764 2535 3802 2581 ui

2320 2611 2634 2682 patainei
2665 2633 2720 2670 us
2744 2619 3000 2685 iudaium,
3031 2623 3104 2676 ak
3141 2626 3255 2693 iah
3285 2643 3343 2679 us
3380 2626 3612 2697 [)iudom,
3638 2625 3731 2680 Cor.
3757 2625 3800 2686 ΙΙ.

2319 2720 2400 2769 Ix,
2462 2706 2526 2759 η
2556 2708 2808 2763 audbahti
2847 2711 2937 2784 [)is
2976 2716 3344 2785 gudjinassaus
3387 2719 3449 2772 ni
3491 2718 3804 2790 pataiueiist

2322 2796 2648 2868 usfulljando
2675 2801 2860 2871 gaidva
2888 2801 3009 2872 [)ize
3034 2805 3280 2873 vei/iane,
3309 2825 3338 2861 a
3355 2808 3384 2862 k
3399 2811 3508 2881 jalt
3529 2805 3805 2879 ufarassjaudo

2317 2885 2479 2957 pair/1
2510 2905 2729 2962 managa
2755 2893 2984 2948 avitiuda
3013 2895 3203 2966 gupa;
3237 2899 3387 2952 Rom.
3416 2915 3509 2961 an,
3543 2901 3625 2966 ii;
3651 2895 3802 2961 xtu,5;

2317 2979 2440 3035 Cor.
2473 2977 2548 3047 ll,
2581 2997 2682 3051 vn,
2719 2984 2787 3050 7;
2819 3001 2938 3051 un,
2976 2988 3072 3054 lt),
3103 2987 3208 3056 ειη
3244 2991 3376 3058 Eph.
3410 3008 3454 3059 I,
3484 2991 3565 3046 2|.

2394 3111 2412 3146 ι
2460 3095 2751 3152 Annotatin
2799 3099 2848 3154 1.
2875 3099 3318 3167 —Quandonam
3356 3115 3522 3160 autem
3553 3105 3635 3176 jah
3671 3116 3803 3158 conso-

2321 3187 2467 3240 nanti
2519 3187 2708 3242 initiali
2767 3195 3042 3257 sequentis
3095 3196 3344 3251 vocabuli
3394 3198 3696 3258 assimiletur,
3731 3194 3798 3244 ri'.

2315 3275 2482 3345 gloss.
2511 3293 2562 3330 v.
2595 3277 2722 3333 Jah.

2392 3382 2412 3417 ε
2462 3369 2749 3424 Annotatio
2769 3371 2822 3424 2.
2849 3401 2919 3411 —
2946 3371 3011 3426 Et
3041 3373 3207 3431 etiam
3229 3418 3243 3441 ,
3272 3386 3329 3432 et
3361 3377 3562 3448 pariter,
3585 3387 3631 3431 et
3656 3374 3800 3444 quidem

2313 3457 2530 3526 gothice
2556 3471 2636 3514 est
2659 3459 2758 3532 jah
2799 3478 2887 3526 sa,
2931 3472 2986 3518 et
3017 3463 3115 3535 jalt
3145 3467 3231 3533 is,
3274 3467 3380 3522 vid.
3421 3467 3446 3538 ᾗ
3481 3465 3576 3520 292
3614 3465 3654 3529 Ι,
3683 3463 3802 3531 Uan-

2314 3556 2425 3600 not.
2453 3547 2510 3603 2.

2389 3656 2407 3691 ι
2447 3642 2734 3696 Annotatio
2758 3645 2810 3699 5.
2836 3674 2904 3684 —
2921 3646 3243 3704 Eucliticum
3273 3651 3342 3704 ult
3370 3665 3533 3720 graeco
3554 3670 3600 3706 τι
3622 3661 3702 3700 non
3719 3657 3800 3698 con-

2312 3730 2490 3798 venit,
2522 3732 2663 3802 quod
2691 3733 2900 3791 Gothus
2923 3737 3081 3791 modo
3110 3755 3208 3809 per
3243 3741 3308 3812 ip
3333 3741 3501 3815 (Joan.
3531 3756 3603 3805 vt,
3635 3737 3700 3805 l3)
3725 3748 3800 3787 rer-

2312 3821 2406 3885 tit,
2447 3823 2607 3877 modo
2637 3826 2856 3880 omnino
2883 3829 3099 3898 negligit
3122 3872 3136 3896 ,
3174 3841 3232 3885 ut
3265 3832 3420 3886 Rom.
3452 3847 3514 3885 vn
3535 3873 3548 3898 ,
3577 3832 3604 3883 7
3626 3826 3799 3880 ante!!!“

2309 3916 2439 3988 (τήν
2481 3939 2536 3973 τε
2575 3919 2878 3992 ἐπιθυμίαν)
2905 3921 2992 3974 nili
3032 3922 3370 3997 kunpedjau;
3403 3926 3485 3980 ubi
3518 3923 3800 3992 pra‘cipueesl

2223 4029 2237 4045 ·
2308 4031 2362 4066 τε
2388 4039 2457 4050 -
2477 4014 2565 4065 καί
2594 4010 2724 4066 Luc.
2751 4028 2786 4066 tt
2803 4056 2816 4079 ,
2855 4013 2920 4067 16
2949 4015 3151 4083 bigetun
3177 4019 3393 4070 muriam
3408 4015 3512 4086 jah
3534 4012 3666 4081 iusti,
3687 4014 3749 4066 τήν
3768 4023 3798 4057 τι

2307 4105 2502 4178 Μαρίαν
2534 4107 2620 4158 καὶ
2647 4104 2733 4159 τὸν
2757 4110 2967 4180 Ἰωσήφ;
3001 4105 3160 4161 Rom.
3199 4125 3266 4175 ι,
3314 4109 3414 4174 12;
3447 4107 3563 4161 Cor.
3601 4105 3648 4165 1.
3675 4095 3800 4164 1.313

2309 4197 2471 4251 modo
2495 4198 2655 4252 etiam
2682 4199 2888 4268 absque
2913 4202 3239 4258 necessitate
3269 4210 3486 4272 usurpat
3514 4218 3528 4255 :
3557 4199 3648 4253 Luc
3672 4208 3737 4255 ιν,
3757 4188 3799 4240 εδ

2307 4288 2602 4343 athaitands
2627 4305 2843 4344 sumana
2859 4291 3050 4361 magive
3065 4277 3129 4363 fr
3140 4309 3170 4345 a
3183 4293 3214 4346 Ιι
3229 4309 3265 4347 u
3279 4293 3346 4357 It;
3367 4307 3510 4358 xvul,
3532 4289 3586 4346 5|
3609 4287 3662 4358 i1)
3677 4287 3728 4336 ei!
3742 4295 3802 4347 ll“

2307 4379 2537 4450 punish
2570 4381 2640 4434 du
2679 4369 2858 4435 imma.
2891 4381 3024 4437 Cum
3067 4383 3347 4452 particulis
3376 4379 3646 4454 przescrtim
3671 4374 3798 4428 adrer-

2307 4470 2494 4526 sativis
2523 4481 2579 4527 et
2610 4471 2904 4527 transitivis
2945 4474 3261 4543 plerumque
3291 4473 3547 4538 occurrit,
3576 4468 3667 4525 vid.
3691 4464 3711 4534 §
3733 4458 3800 4513 359

2305 4572 2492 4618 annot.
2515 4563 2568 4616 2.
2603 4563 2698 4619 Ubi
2725 4564 2792 4618 ad
2817 4565 2963 4633 prius
2982 4568 3264 4622 sententia:
3287 4566 3588 4622 vocabulum
3613 4557 3796 4626 anigitur.

2306 4664 2466 4711 etiam
2494 4657 2559 4710 ad
2589 4658 2997 4726 praepositiones
3017 4659 3322 4728 appendere
3345 4668 3514 4729 potest
3535 4674 3548 4710 :
3569 4655 3697 4710 Joan.
3716 4659 3794 4707 xu.

2308 4749 2376 4802 12
2406 4753 2538 4818 {ram
2566 4750 2648 4804 ult
2673 4749 2922 4819 pamma;
2949 4753 3082 4809 Mth.
3113 4768 3188 4817 ιι,
3212 4752 3284 4810 25
3305 4756 3362 4807 in
3389 4752 3720 4824 ultjainamuta
3733 4752 3795 4791 utt-

2307 4838 2383 4906 la;
2412 4841 2523 4896 Luc
2550 4857 2601 4895 vr
2624 4881 2640 4907 ,
2668 4841 2738 4895 45
2774 4857 2838 4894 uz
2864 4845 2942 4894 uh
2970 4841 3091 4896 allis
3137 4844 3471 4914 ufarfullein,
3521 4849 3642 4903 elc.;
3668 4835 3746 4887 imo
3764 4827 3793 4878 in

2305 4931 2620 5000 compositis
2646 4931 2830 4988 verbis
2857 4947 3003 5002 saepe
3033 4934 3266 4988 radicem
3299 4935 3436 4989 inter
3464 4940 3514 4986 et
3543 4921 3792 4999 praepositio-

2304 5037 2427 5077 nem
2457 5021 2778 5092 interjicitur
2812 5038 2828 5078 :
2855 5001 3012 5078 Joan.
3043 5038 3156 5077 xvu
3177 5063 3192 5090 ,
3223 5024 3247 5077 1
3284 5041 3350 5077 ms
3378 5023 3454 5076 ult
3479 5020 3644 5092 iddja;
3668 5001 3795 5072 "1,33

2302 5115 2357 5167 in
2377 5114 2452 5168 uh
2471 5114 2828 5182 sandideduni;
2853 5113 2981 5169 Luc.
3007 5131 3134 5179 xvu,
3157 5116 3186 5169 7
3208 5131 3278 5168 an
3306 5132 3341 5169 α
3357 5115 3387 5168 It
3407 5112 3607 5169 kunibei.
3625 5100 3793 5161 Relatii‘t

2302 5204 2368 5258 ad
2402 5205 2629 5259 formam
2662 5202 2766 5260 hoc
2805 5206 2874 5261 de
2919 5207 2990 5262 ult
3032 5207 3196 5261 afﬁxo
3235 5198 3793 5261 animavertendumesl.

2303 5293 2477 5362 quod,
2505 5293 2594 5348 ubi
2621 5295 2967 5362 vocabulum,
3002 5296 3085 5352 cui
3109 5295 3366 5367 alllgitur,
3394 5309 3486 5366 per
3511 5287 3713 5346 vocalem
3736 5280 3794 5330 de-

2301 5389 2458 5456 sinit,
2483 5403 2698 5458 semper
2719 5388 2928 5444 cuidam
2949 5390 3160 5445 elisioni
3183 5390 3332 5445 locus
3356 5391 3445 5453 sit,
3477 5395 3648 5452 nempe
3664 5395 3688 5428 α
3703 5378 3717 5443 )
3735 5368 3796 5426 e‘i‘

2300 5479 2446 5534 ditur
2473 5495 2505 5532 ιι
2532 5479 2764 5535 enclitici
2782 5523 2797 5549 ,
2830 5481 2920 5536 ubi
2951 5481 3266 5536 vocabulum
3287 5520 3303 5545 ,
3335 5480 3419 5536 cui
3449 5472 3708 5546 appendet.
3734 5471 3796 5559 νςτ

2297 5570 2687 5642 diphthongum
2735 5572 2818 5628 vel
2871 5573 3112 5629 vocalem
3157 5574 3368 5641 longam
3414 5568 3707 5626 terminatur.
3744 5561 3795 5647 silc

2295 5662 2526 5727 sumaih,
2568 5662 2796 5732 uitiauit,
2845 5665 2976 5728 sali,
3027 5663 3149 5727 soli,
3197 5661 3315 5726 bili,
3356 5658 3505 5731 ὁηκή
3536 5669 3619 5725 pro
3641 5658 3794 5732 sum:

2296 5752 2394 5823 αὴ,
2427 5727 2749 5822 υἱιίαιιέιιιρ,
2782 5727 2964 5810 sa-tth
2987 5796 3002 5823 ,
3034 5752 3243 5822 so-u/rf,
3277 5727 3472 5821 lii-ult,
3499 5737 3724 5822 bilis-Ill;
3750 5727 3793 5794 ί’)
