4030 6188
634 294 655 346 1
676 294 766 347 199

629 414 794 475 tiam,
851 412 969 466 loco
1014 412 1079 467 ad
1129 414 1417 480 poraklctus
1467 414 1750 480 habuerit,
1796 432 1974 485 graeco
2016 425 2206 470 neutro

630 510 832 577 πνεῦμα
852 504 1186 559 occasionem
1210 506 1501 574 prmbente.
1529 505 1584 559 In
1613 506 1908 575 conspicuo
1927 506 2046 561 loco
2065 506 2204 561 Tim.

631 597 670 660 Ι,
704 611 792 659 ιιι,
825 595 893 649 16
926 595 1132 650 Gothus
1159 595 1447 648 unsahtaba
1486 595 1651 649 mikils
1693 597 1712 662 (
1730 596 1789 663 ?)
1826 599 1891 650 ist
1927 597 2207 666 gagudeins

629 702 795 749 runa,
839 687 973 740 saei
1008 684 1330 755 gabairhtips
1373 686 1510 756 varp
1539 689 1597 740 in
1633 686 1796 751 leika,
1830 703 1950 743 cum
1990 688 2207 755 optimis

629 775 904 831 codicibus
929 773 1317 842 (probabiliter,
1350 777 1456 829 vid.
1489 782 1553 831 ad
1580 777 1638 830 h.
1675 776 1735 848 l.)
1763 778 1906 847 legit.
1943 777 2002 833 Si
2027 787 2206 832 autem

627 865 911 934 aliquando
947 875 1195 920 neutrum
1242 866 1382 936 sing.
1418 866 1483 920 ad
1529 868 1680 935 plura
1718 868 2074 936 praecedentia
2112 869 2209 923 ob-

627 958 766 1026 jecta
798 957 1055 1024 refertur,
1086 968 1147 1013 ut
1172 956 1286 1015 Col.
1331 976 1401 1024 ιι,
1437 960 1504 1014 16
1532 975 1615 1030 sq.
1658 962 1710 1014 ni
1745 977 1938 1015 manna
1972 960 2098 1015 ixvis
2128 961 2205 1016 bi-

627 1049 821 1118 domjai
853 1050 909 1102 iu
938 1059 1075 1102 mata
1114 1049 1328 1121 αἰρῥαιι
1356 1055 1411 1105 in
1440 1052 1668 1123 dragka,
1714 1053 1930 1124 nippau
1967 1058 2022 1108 in
2048 1055 2210 1109 dailai

627 1137 771 1207 dagis
792 1137 1005 1208 dulpais
1038 1140 1089 1191 ai
1095 1139 1134 1209 Ι)
1140 1139 1251 1207 [mu
1273 1140 1467 1212 fullipe
1492 1143 1542 1196 ai
1548 1142 1589 1212 Ι)
1598 1142 1708 1212 [mu
1729 1145 2021 1215 sabbapum
2037 1188 2050 1211 ,
2100 1145 2211 1215 ῥα-

626 1228 719 1280 tei
754 1230 822 1281 ist
855 1226 1045 1282 skadus
1072 1228 1195 1297 piae
1214 1231 1594 1302 auavairpaue,
1628 1233 1727 1288 hoc
1747 1234 1807 1288 ﬁt
1830 1250 1981 1291 more
2005 1250 2204 1305 grieco,

630 1328 824 1372 neutro
852 1318 1107 1387 singulari
1145 1321 1264 1375 loco
1297 1321 1521 1390 pluralis
1556 1333 1843 1393 usurpato,
1883 1326 1989 1380 vid.
2025 1326 2053 1397 ς
2090 1327 2204 1391 196,

628 1419 813 1465 annot.
841 1411 894 1463 7.

706 1529 725 1561 ‹
765 1511 1053 1566 Annotatio
1079 1512 1134 1566 2.
1163 1542 1234 1552 —
1262 1513 1541 1570 Sententia
1574 1517 1793 1572 relativa
1822 1518 1961 1573 inter
1988 1519 2208 1574 attribu-

631 1615 810 1660 tumet
833 1607 1226 1660 substantivum
1256 1607 1577 1664 includitur:
1602 1607 1730 1663 Luc.
1749 1627 1786 1676 ι,
1812 1609 1847 1663 4
1868 1612 2025 1681 melja
2037 1610 2142 1681 [)us
2162 1611 2208 1666 ei

627 1694 908 1765 gakunnais
930 1693 1106 1767 pias,
1140 1696 1189 1750 bi
1218 1695 1346 1767 [mei
1372 1699 1631 1771 galaisips
1655 1702 1720 1764 is,
1743 1702 1990 1755 vaurde
2022 1702 2205 1773 astap.

627 1787 956 1857 Quandoque
976 1786 1137 1841 etiam
1169 1791 1434 1843 sententia
1462 1791 1684 1845 relativa
1713 1792 1939 1855 nemini,
1968 1795 2033 1845 ad
2067 1792 2207 1861 quod

626 1879 885 1946 refertur,
931 1877 1311 1946 praemittitur:
1352 1878 1486 1933 Joan
1527 1896 1688 1949 xvm,
1722 1880 1755 1935 9
1795 1880 2032 1952 panzei
2063 1886 2214 1952 atgaf

619 1965 721 2022 ~mis
749 1979 877 2035 alta,
904 1970 956 2021 ni
979 1970 1251 2038 {raqistida
1278 1973 1375 2023 ize
1406 1971 1805 2035 uinummehun;
1838 1973 1992 2026 llout.
2018 1987 2111 2037 \‘ll,
2141 1974 2210 2028 15

631 2048 811 2130 ῥαέεὶ
856 2060 1031 2130 hatja,
1074 2059 1233 2129 [iuta
1259 2065 1435 2132 tauja;
1475 2071 1530 2116 et
1566 2071 1675 2115 tum
1707 2065 1995 2132 oppositio,
2032 2065 2074 2118 si
2106 2080 2208 2134 qua

627 2160 728 2216 est,
759 2152 815 2215 in
843 2168 970 2206 casu
1016 2153 1223 2206 relativi
1261 2153 1531 2207 ﬂectitur:
1567 2154 1666 2208 Mc.
1707 2169 1789 2217 vn,
1830 2158 1890 2209 lli
1924 2155 2072 2226 [2am
2089 2157 2210 2208 mei

626 2240 676 2294 ik
700 2240 891 2294 Itaubid
934 2243 1222 2311 ufmaimuit
1240 2283 1255 2306 ,
1296 2244 1451 2296 'ioha
1472 2261 1547 2296 nn
1566 2260 1593 2297 ε
1613 2285 1628 2308 ,
1673 2244 1746 2298 δα
1777 2246 1874 2310 ist,
1914 2245 2005 2299 salt
2040 2248 2209 2300 urrais

594 2334 687 2392 μω
722 2332 1014 2404 daupaim;
1053 2333 1211 2388 Joan.
1255 2349 1316 2399 ν,
1351 2336 1416 2390 57
1455 2351 1524 2389 sa
1541 2336 1594 2389 ei
1622 2336 1842 2390 sandida
1881 2336 2010 2402 mik,
2046 2348 2205 2405 alta,

626 2426 739 2476 salt
767 2422 1054 2494 veitvodei];
1078 2424 1124 2476 bi
1153 2423 1285 2490 mik;
1324 2439 1417 2485 xu,
1452 2425 1551 2491 49;
1581 2425 1663 2480 vel
1689 2424 1791 2479 hoc
1811 2425 1989 2480 delicit
2012 2443 2023 2477 :
2050 2426 2205 2482 Joan.

628 2531 754 2580 xvn,
772 2516 807 2570 5
827 2532 883 2569 so
906 2518 974 2569 ist
1002 2531 1061 2578 so
1080 2516 1282 2569 aiveino
1303 2515 1507 2577 libains,
1533 2517 1580 2569 ei
1599 2515 1852 2571 kunneina
1880 2516 1995 2588 [mle
2018 2519 2208 2572 ainaua

624 2607 778 2677 sunja
815 2604 928 2676 gap
949 2606 1045 2676 jalz
1086 2604 1220 2676 [Jan
1240 2622 1268 2659 ε
1307 2609 1387 2659 ins
1406 2607 1602 2661 mdides
1623 2648 1636 2672 ,
1669 2610 1778 2662 issu
1799 2610 2003 2689 arista;
2029 2610 2110 2665 vel
2141 2625 2205 2665 ex

625 2698 1054 2764 praecedentibus
1101 2696 1458 2766 supplendum
1507 2706 1592 2752 est
1625 2718 1638 2753 :
1669 2699 1787 2753 Col.
1823 2690 1905 2766 .v',
1946 2702 2012 2756 l6
2056 2703 2210 2754 δορί

625 2786 755 2857 (vid.
770 2785 835 2841 ad
854 2786 909 2840 h.
934 2787 995 2857 l.)
1019 2788 1066 2841 is
1088 2803 1147 2840 us
1169 2787 1520 2851 laudeikaion,
1537 2791 1630 2861 jus
1652 2792 1967 2861 ussiggvaid,
1998 2793 2208 2848 scilicet

622 2880 940 2949 epistolam;
981 2881 1061 2935 vel
1098 2891 1221 2950 post
1254 2882 1529 2937 relativum
1572 2887 1892 2939 sententiam
1922 2887 2085 2941 etiam
2110 2889 2203 2941 de-

624 2972 1034 3027 monstrativum
1073 2972 1443 3027 adducendum
1480 2986 1564 3029 est
1593 2992 1605 3027 :
1636 2975 1792 3031 .luan.
1828 2995 1881 3042 χ,
1922 2978 1993 3033 25
2023 2996 2204 3032 vaur-

622 3073 807 3129 stva,
853 3062 1015 3134 [loci
1070 3062 1120 3117 ik
1170 3066 1314 3130 ταμία
1355 3066 1409 3117 iu
1451 3068 1624 3118 naniin
1669 3068 1825 3121 auius
1870 3070 2076 3130 meim’s,
2119 3068 2205 3139 ρο

623 3155 951 3227 veitvodjand
976 3155 1025 3208 bi
1057 3155 1189 3219 mils;
1220 3156 1345 3210 Cor.
1382 3155 1421 3222 Ι,
1454 3173 1545 3225 \n,
1569 3158 1637 3212 20
1662 3160 1910 3231 warjizzth
1932 3164 1986 3213 in
2017 3160 2078 3213 la
2099 3160 2205 3231 ῥο-

622 3249 760 3314 nai,
792 3251 845 3300 in
882 3247 1143 3318 ρειαίρὶ
1169 3247 1374 3319 [apalis
1401 3265 1509 3316 vas,
1545 3253 1613 3302 in
1643 3249 1835 3322 [)izai
1863 3254 2014 3323 sijui;
2045 3253 2201 3308 Joan.

624 3352 721 3402 ιιι,
756 3337 858 3401 48;
893 3352 1000 3396 xw.
1037 3338 1138 3401 il);
1173 3353 1321 3402 xvnt,
1352 3338 1452 3403 ii;
1485 3340 1608 3394 coll.
1644 3340 1672 3409 §
1700 3340 1807 3395 202
1839 3341 1900 3403 ll,
1924 3341 1977 3411 2)
2008 3342 2083 3412 α).

696 3446 716 3478 ε
746 3429 1035 3482 Anuotatio
1065 3429 1120 3481 5.
1148 3456 1219 3467 -
1260 3428 1477 3483 Necnon
1513 3430 1812 3500 subjectum
1853 3442 1909 3487 et
1936 3435 2202 3503 objectum

623 3528 680 3576 ut
709 3520 932 3575 relativa
973 3521 1238 3575 sententia
1290 3521 1519 3591 exprimi
1580 3533 1804 3592 possunt
1839 3541 1853 3578 :
1894 3526 1994 3579 Mc.
2031 3541 2103 3592 Ix,
2135 3527 2195 3581 3|

622 3628 688 3665 sa
704 3613 759 3665 ei
800 3611 918 3664 allis
971 3607 1056 3679 (ὃς
1085 3608 1179 3681 ἄν)
1235 3611 1538 3684 gadragkjai
1588 3615 1711 3669 izvis
1749 3616 1901 3670 stikla
1943 3618 2107 3672 vatius
2147 3620 2202 3673 in

621 3703 794 3755 namiu
842 3702 1145 3755 meinamma
1188 3704 1241 3756 ni
1280 3701 1554 3773 fraqisteip
1601 3706 1805 3759 mizdon
1844 3708 2041 3773 seinai,
2087 3708 2200 3762 vid.

621 3792 778 3861 §205
807 3793 857 3860 l)
884 3791 935 3860 ι)
968 3799 1023 3847 et
1052 3792 1079 3861 §
1110 3790 1216 3847 205
1242 3801 1429 3847 aunot.
1462 3791 1560 3860 10,
1596 3793 1684 3847 ubi
1730 3796 2078 3864 peculiariter
2107 3798 2202 3855 do-

616 3896 794 3955 cetur,
822 3886 1091 3957 quomodo
1121 3883 1174 3948 ὃς
1203 3884 1262 3942 ἄν
1290 3886 1502 3957 gotbice
1524 3896 1787 3943 vertatur.

695 4009 715 4042 ‹
751 3991 1041 4045 Annotatio
1071 3991 1127 4044 4.
1149 4019 1220 4033 —
1250 3989 1379 4046 Post
1407 3992 1690 4047 relativum
1723 3997 2085 4052 communiter
2120 3998 2200 4052 iu-

618 4082 879 4136 dieativus
902 4091 1204 4150 usurpatur,
1229 4081 1598 4152 coniunctivus
1622 4094 1802 4141 autem
1822 4086 2198 4144 tantummodo

619 4176 673 4244 α)
707 4174 757 4227 in
797 4173 1077 4227 sententiis
1118 4174 1418 4244 negativis:
1453 4175 1555 4230 Mc.
1588 4191 1669 4242 iv,
1705 4178 1777 4231 22
1814 4179 1927 4232 nih
1965 4180 2085 4236 allis
2129 4184 2196 4236 ist

618 4263 961 4335 wafulginfs,
1003 4262 1191 4332 putei
1238 4263 1306 4315 ui
1347 4264 1931 4335 gabairlttjaidau;
1965 4268 2196 4335 Luc.tx,

619 4352 690 4408 50
730 4352 794 4405 ni
822 4352 1114 4407 ainsltuu
1157 4354 1224 4405 ist
1260 4368 1480 4418 manus,
1512 4355 1657 4408 saei
1692 4357 1754 4408 ui
1792 4359 2199 4430 gavaurkjai

619 4443 761 4498 malit
787 4446 843 4498 in
871 4446 1044 4498 nanziu
1074 4447 1406 4510 meinaumta;
1432 4463 1581 4512 xvm,
1608 4446 1678 4501 29
1710 4459 1855 4513 etc.;
1893 4452 1972 4504 vel
1997 4452 2045 4519 ὁ)
2080 4464 2201 4519 post

617 4535 1094 4605 interrogativum:
1125 4536 1249 4591 Cor.
1284 4536 1354 4600 Il,
1390 4552 1486 4606 ιιι,
1525 4537 1592 4592 15
1621 4555 1709 4592 wa
1740 4542 1826 4601 ist.
1851 4539 2017 4611 [piae
2046 4546 2197 4596 vanai

617 4642 712 4680 ves
728 4626 780 4681 ei
793 4622 874 4695 1)?
899 4632 1004 4681 etc.
1027 4642 1042 4691 ;
1074 4626 1156 4680 vel
1178 4626 1225 4694 c)
1246 4626 1336 4680 ubi
1359 4630 1625 4681 sententia
1653 4631 1871 4685 rclativa
1896 4631 2195 4703 subjectqu

615 4724 699 4770 est
741 4720 1025 4772 sententiae
1071 4718 1379 4787 principalis
1416 4719 1638 4788 (aunot.
1684 4722 1771 4792 3),
1820 4731 1876 4776 ut
1910 4726 2009 4779 Alc.
2055 4742 2127 4793 iv,
2163 4728 2196 4782 9

615 4810 747 4863 saei
783 4809 900 4864 Itab
916 4811 978 4864 ai
1001 4811 1054 4880 (ὁ
1075 4809 1245 4882 ἔχων)
1266 4828 1463 4865 ausona
1487 4812 1872 4882 Itausjandona,
1899 4820 2195 4890 gahausjai;

617 4901 747 4954 Luc.
777 4915 866 4965 ιιι,
899 4899 999 4967 11,
1030 4902 1126 4965 15;
1158 4899 1284 4955 Cor.
1327 4900 1366 4953 ll
1387 4939 1401 4964 ,
1429 4917 1498 4968 ιι,
1530 4902 1583 4955 2.
1615 4903 1720 4956 Sed
1751 4905 1890 4959 haud
1921 4909 2043 4977 illeg
2068 4916 2196 4965 tune

615 4988 938 5044 indicativus
980 4998 1037 5045 et
1081 4988 1453 5059 coniunctivus
1494 4994 1801 5062 promiscue
1845 5010 2190 5066 usurpautur,

614 5090 673 5135 ut
705 5080 837 5137 Mth.
880 5098 930 5147 v,
963 5081 1026 5136 51
1060 5098 1142 5151 sq.
1177 5082 1354 5135 ιυριαή
1376 5084 1482 5137 saei
1520 5084 1767 5154 afletai
1801 5104 1895 5157 qen
1923 5119 1990 5128 —
2017 5091 2194 5145 wazult

614 5176 717 5228 suci
760 5173 1010 5246 αμοΗρ
1039 5191 1132 5244 qen
1154 5193 1253 5242 —;
1279 5174 1471 5231 Thess.
1505 5176 1566 5245 Il,
1601 5193 1682 5243 Ill,
1713 5180 1746 5233 5
1775 5181 1961 5249 triggvs
1994 5184 2191 5254 frauja,

588 5252 752 5319 ἐπεὶ
805 5263 1164 5337 gatulgeip
1218 5267 1342 5320 izvis
1394 5266 1492 5337 jalt
1558 5269 1917 5341 galausjai
1963 5252 2203 5345 huis—af

615 5357 829 5428 pamma
853 5356 1034 5421 ubilin,
1063 5357 1115 5411 in
1147 5357 1430 5425 posteriori
1457 5367 1635 5413 autem
1669 5358 1787 5414 loco
1815 5362 2194 5431 coniunctivus

614 5448 861 5519 eomagis
880 5448 1055 5513 decet,
1071 5448 1210 5517 quod
1223 5447 1438 5503 Grmcus
1457 5451 1688 5505 futurum
1707 5452 2029 5520 adhibuerit,
2049 5457 2192 5525 quod

617 5560 710 5609 per
740 5545 1084 5599 indicati'vum
1107 5551 1161 5597 et
1188 5544 1584 5612 conjunctivum
1614 5548 1746 5601 verti
1777 5564 1929 5616 posse
1951 5549 2061 5618 jam
2108 5530 2191 5603 vi-

616 5634 812 5699 diuius,
837 5635 863 5705 δ
891 5635 1019 5700 182,
1050 5638 1089 5690 1.
1113 5635 1169 5688 lu
1190 5636 1691 5705 circumscriptione
1714 5638 1827 5694 Col.
1860 5656 1915 5701 ιι.
1941 5642 2012 5694 22
2035 5642 2193 5712 [)airh

620 5718 762 5786 putei
782 5727 826 5776 is
854 5725 1245 5795 brukjaidau
1274 5731 1400 5798 (quo
1423 5727 1471 5781 id
1500 5728 1945 5799 adhibeaturniru
1976 5740 2037 5791 τῆ
2065 5734 2193 5787 ἁπο-

1675 301 2127 356 GRAMMATICA
2169 298 2489 355 GOTlllC.~E
2530 297 2820 353 LINGUIE.

3674 307 3766 361 l‘llil)

2309 417 2519 488 χρήσει,
2561 412 2627 467 de
2656 425 2880 466 romano
2926 409 3123 463 inlluxu
3167 410 3527 479 conjiciendum
3554 427 3648 481 est;
3685 424 3771 475 item

2305 506 2465 558 etiam
2496 502 2616 558 Col.
2651 519 2689 568 ι,
2723 504 2790 558 10
2817 503 2892 557 att
2919 501 3068 573 putei
3088 502 3300 571 gateikai
3329 506 3479 573 (πᾶσα
3497 510 3719 580 ἀρέσκεια).
3746 534 3758 564 ι

2374 596 2440 667 2)
2482 597 2682 651 Praeter
2723 596 3004 651 relativum
3046 598 3398 665 supradictum
3437 601 3528 654 saei
3561 616 3774 657 occurrunt

2305 688 2467 741 etiam
2497 697 2555 742 ut
2581 688 2805 742 relativa
2830 704 2843 741 :

2377 776 2432 844 α)
2465 778 2574 832 Sal:
2595 818 2609 842 ,
2642 777 2782 846 quod
2803 817 2820 841 ,
2852 776 3299 846 quemadmodum
3325 780 3425 833 soci
3448 795 3507 833 ex
3543 784 3779 849 pronomine

2305 869 2730 924 demonstrativo
2757 886 2817 923 sa
2845 879 2901 924 et
2924 871 3181 937 particula
3211 871 3422 924 relativa
3443 873 3503 933 ei,
3529 874 3588 925 ita
3609 889 3661 926 ex
3683 890 3725 926 sa
3744 886 3779 928 et

2303 960 2553 1015 enclitico
2567 991 2594 1002 -
2607 959 2675 1013 ult
2705 962 2900 1030 (isque)
2923 959 3202 1024 formatur,
3228 961 3332 1015 vid.
3354 961 3380 1029 §
3397 961 3512 1025 202,
3540 963 3591 1030 ll,
3612 965 3654 1033 l)
3669 966 3731 1029 b);

2377 1050 2428 1119 ὁ)
2458 1049 2722 1104 Particula
2753 1050 2973 1105 relativa
2999 1050 3047 1103 ei
3077 1059 3133 1104 et
3155 1052 3281 1115 izei,
3311 1051 3414 1106 vid.
3440 1052 3581 1121 μθὸ
3603 1056 3646 1122 5)
3669 1057 3729 1122 tv):

2375 1143 2425 1209 ο)
2454 1140 2551 1196 Ubi
2581 1141 2856 1196 relativum
2882 1140 2948 1194 ad
2972 1155 3289 1210 pronomem
3320 1145 3576 1209 personale
3598 1144 3779 1208 refertur,

2306 1231 2425 1286 loco
2454 1230 2609 1300 hujus
2649 1231 2857 1287 relativi
2901 1233 3184 1299 personale
3213 1234 3463 1302 repetitur
3486 1250 3590 1288 cum
3611 1236 3649 1288 ei
3673 1236 3782 1288 allixo

2306 1338 2392 1376 ex.
2415 1337 2498 1391 gr.
2528 1323 2600 1388 ik,
2629 1321 2729 1375 ikei
2748 1332 2883 1384 etc.,
2910 1322 3020 1377 vid.
3057 1322 3233 1393 5205,
3255 1324 3315 1389 2,

2381 1431 2400 1465 ε
2422 1414 2713 1468 Annotatio
2728 1414 2859 1468 5.-
2883 1413 3091 1469 Dicitur
3118 1424 3335 1468 econtra
3371 1412 3512 1473 Joan.
3542 1430 3642 1479 vnt,
3664 1415 3780 1470 40w-

2303 1503 2428 1576 keiﬁ
2458 1505 2586 1558 mik
2625 1505 2889 1574 usqiman,
2924 1520 3147 1558 manium
3181 1505 3308 1558 izei
3343 1507 3611 1576 sunjaizvis
3637 1507 3781 1569 rodids,

2303 1595 2395 1649 ubi
2433 1596 2530 1650 iui
2574 1594 2642 1649 ad
2690 1595 3081 1662 appositionem
3132 1610 3356 1647 mannau
3397 1595 3636 1661 refertur,
3668 1610 3779 1653 eum.

2306 1696 2526 1756 propter
2551 1686 2776 1755 primam
2805 1699 3092 1755 personam
3121 1686 3305 1739 rodida
3335 1686 3612 1755 (λελάληκα),
3636 1685 3781 1755 proprie

2302 1778 2420 1844 ἰωή,
2450 1778 2515 1832 ad
2545 1776 2645 1830 mik
2670 1777 2925 1842 relatum,
2955 1774 3145 1831 adesse
3172 1775 3408 1831 deberet.
3443 1795 3460 1827 ι

2377 1880 2433 1951 d)
2463 1877 2594 1935 Cum
2622 1879 2731 1933 suci
2757 1886 3156 1933 commutantur
3177 1878 3340 1934 etiam
3365 1878 3412 1932 ei
3430 1888 3482 1933 et
3508 1877 3587 1948 pet
3611 1888 3701 1947 post
3727 1878 3781 1931 iu-

2305 1969 2582 2025 detinitutn
2610 1967 2785 2023 wasult
2810 1976 2865 2023 et
2887 1968 3060 2037 ipsius
3087 1968 3408 2039 composita,
3439 1969 3535 2022 vid.
3564 1968 3701 2039 §205,
3718 1983 3781 2021 an-

2308 2068 2418 2115 not.
2447 2060 2541 2123 10;

2375 2159 2423 2231 e)
2451 2159 2750 2215 Relativum
2791 2158 3103 2213 adverbium
3146 2172 3233 2211 sve
3264 2155 3497 2226 (sicut):
3526 2157 3613 2211 Mc.
3636 2158 3712 2218 11,
3740 2156 3784 2208 72

2306 2253 2567 2323 gamunda
2604 2252 2798 2319 pailrus
2836 2249 2969 2318 12am
3013 2250 3198 2313 vaurd,
3246 2264 3354 2302 sve
3397 2248 3519 2318 (ὡς)
3560 2247 3650 2318 ᾳαρ
3679 2250 3785 2299 imm

2305 2346 2442 2395 iesus

2378 2441 2425 2510 f)
2452 2440 2563 2495 lluc
2594 2439 2906 2494 adducenda
2950 2448 3076 2493 sunt
3108 2440 3276 2494 etiam
3310 2438 3599 2494 correlativa
3624 2456 3634 2489 :
3658 2436 3787 2491 tvileits

2304 2563 2376 2576 —
2406 2533 2622 2587 svaleiks
2657 2532 2830 2601 qualis
2858 2559 2926 2571 -
2956 2532 3078 2585 talis
3117 2540 3172 2586 et
3209 2530 3477 2586 ordinario
3507 2530 3705 2583 absolute
3730 2540 3787 2579 oc-

2305 2636 2530 2678 currens
2568 2622 2787 2676 svaleiks
2823 2621 3036 2690 quidam
3057 2649 3130 2662 —
3165 2621 3380 2675 svaleiks
3411 2635 3490 2674 see
3525 2618 3688 2689 qualis;
3710 2632 3787 2670 εκ.

2306 2713 2457 2766 lauds
2483 2722 2620 2778 tam,
2647 2721 2849 2766 tantum
2872 2740 2940 2752 -
2960 2710 3202 2764 svatauds
3248 2726 3335 2765 sve
3374 2724 3542 2779 quam,
3575 2714 3787 2778 quantum;

2302 2819 2391 2856 sva
2422 2803 2519 2870 [ilu
2543 2810 2749 2856 tantum
2773 2833 2845 2842 —
2871 2816 2959 2853 sva
2989 2800 3083 2866 [itu
3110 2814 3194 2852 sve
3236 2806 3515 2870 quantum;
3544 2812 3618 2850 sva
3640 2809 3790 2861 mags

2303 2924 2372 2938 —-
2394 2906 2481 2949 sva
2504 2910 2716 2964 manags
2732 2909 2816 2947 sve
2842 2901 2950 2947 tam
2972 2922 3044 2933 —
3068 2905 3257 2961 quam,
3288 2891 3393 2944 vid.
3423 2889 3584 2944 Gloss.
3612 2888 3683 2939 hh.
3703 2898 3786 2943 ης

2303 2987 2498 3050 ὁσάκις,
2529 2985 2646 3047 ὅσος
2667 2994 2722 3040 et
2742 2982 2845 3046 οἷος
2870 2984 3139 3053 complete
3159 2996 3375 3052 semper
3399 2997 3511 3037 cum
3536 2980 3789 3035 demonstra-

2305 3082 2412 3134 tivo
2447 3078 2783 3145 praecedente
2812 3095 2826 3130 :
2856 3093 2943 3131 sva
2973 3078 3084 3148 ufta
3116 3093 3199 3131 ves
3233 3077 3364 3148 (tam
3385 3089 3518 3144 smpe
3542 3069 3710 3143 quam),
3730 3082 3787 3119 sui

2307 3179 2451 3248 taggs
2475 3193 2560 3232 sve
2600 3178 2732 3246 (tam
2775 3176 2989 3246 longum
3012 3215 3026 3240 ,
3069 3189 3265 3244 quam,
3296 3183 3523 3238 tantum,
3556 3162 3787 3239 quantum).

2302 3284 2391 3320 sva
2420 3266 2660 3338 managai
2680 3281 2765 3319 sve
2795 3264 2924 3336 (tot,
2956 3263 3151 3334 quot),
3181 3280 3273 3319 sva
3298 3264 3387 3333 ﬁlu
3410 3279 3506 3330 ευρ,
3530 3256 3789 3313 svaleiltssve

2304 3354 2451 3426 (οἷος)
2476 3356 2630 3410 :Cor.
2660 3356 2708 3420 l,
2739 3371 2810 3420 xl,
2843 3355 2913 3409 25
2941 3354 3075 3425 pata
3106 3353 3414 3425 vaurkjaip,
3451 3368 3549 3406 sva
3582 3350 3697 3417 αμα
3724 3354 3791 3394 su

2302 3448 2568 3521 drigkaip,
2593 3449 2660 3502 du
2684 3448 2873 3501 meiuai
2891 3446 3208 3521 gamundai;
3243 3448 3343 3501 Mc.
3370 3461 3427 3510 tt,
3458 3444 3519 3498 19
3538 3456 3633 3494 sva
3658 3439 3790 3504 lagga

2301 3541 2481 3596 weila
2510 3556 2613 3594 sue
2652 3538 2791 3611 (ὅσον
2821 3539 3038 3615 χρόνον)
3071 3537 3185 3608 ηιὲῥ
3209 3539 3281 3593 sis
3309 3536 3508 3592 haband
3532 3524 3788 3615 θηρίων-πί

2302 3646 2493 3701 ’παθαη
2523 3631 2726 3698 fasin";
2762 3613 2956 3690 111,“10
2984 3644 3090 3682 sva
3118 3628 3422 3698 managai
3448 3640 3544 3679 sve
3567 3613 3792 3690 (ὄσοιΗια-

2303 3721 2555 3774 baidedun
2592 3719 2935 3790 vundufnjos,
2977 3717 3110 3789 [mili
3145 3717 3260 3789 pan
3287 3722 3375 3772 ina
3403 3729 3634 3788 gasetvun,
3657 3709 3792 3761 drum

2302 3812 2372 3865 du
2401 3813 2586 3874 imma;
2617 3809 2716 3874 28;
2746 3824 2821 3879 vt,
2853 3808 2942 3872 11,
2974 3808 3064 3877 50,
3092 3807 3189 3872 '56;
3223 3824 3298 3874 rx,
3325 3809 3378 3872 5,
3414 3808 3507 3870 15;
3538 3820 3582 3866 χ,
3603 3801 3686 3861 2t;
3709 3808 3788 3852 ιιιί.

2304 3902 2397 3968 19;
2430 3902 2559 3956 Luc.
2591 3916 2664 3967 iv,
2685 3900 2785 3966 23;
2813 3915 2886 3964 rx,
2913 3898 3278 3965 5.10;.loau.
3304 3915 3374 3963 vi,
3408 3898 3492 3963 11,
3518 3903 3612 3951 etc.

2374 4003 2401 4075 ᾗ
2446 4002 2573 4058 265.
2625 3998 3084 4068 Quemadmodum
3143 3998 3446 4069 germanice
3488 3992 3701 4064 (gallica,
3740 3986 3790 4035 Ιι·

2374 4018 2401 4075 9
2446 4018 2573 4058 ana.
2625 4018 3084 4068 uuemaamooum
3143 4018 3446 4069 germamce
3488 4018 3701 4064 (gaulus,

2302 4095 2430 4161 tine,
2454 4092 2583 4164 etc.)
2606 4091 2939 4160 participium
2957 4088 3201 4145 Graecum
3221 4090 3275 4143 in
3294 4089 3506 4144 verbum
3529 4084 3696 4138 ﬁnitum
3711 4088 3790 4129 tum
3898 4144 3899 4164 χ

2299 4182 2523 4238 relativo
2573 4180 2858 4249 aliquando
2913 4180 3107 4234 resolvi
3147 4188 3383 4248 “potest,
3439 4177 3506 4230 ita
3556 4184 3602 4228 et
3640 4165 3792 4240 gotlnice

2298 4280 2619 4347 quandoque
2646 4275 2929 4346 contingit,
2962 4290 3106 4343 saepe
3131 4275 3425 4343 praesertim
3446 4286 3556 4327 cum
3582 4256 3790 4322 saei:llt|l.

2301 4388 2371 4439 w,
2416 4373 2449 4425 ι
2480 4380 2587 4424 atta
2618 4369 2765 4441 peius
2797 4370 2934 4422 σαεξ
2961 4369 3139 4422 saiwi
3154 4369 3198 4440 ρ
3225 4368 3274 4437 (δ
3304 4368 3520 4442 βλέπων)
3557 4366 3604 4415 in
3628 4351 3793 4428 [κιιιεπία

2298 4463 2508 4534 ηδςίὺίῥ
2538 4461 2645 4533 ρας
2673 4464 2728 4515 in
2753 4461 3035 4522 bairhtein;
3062 4477 3224 4523 xxvn,
3260 4463 3326 4516 17
3351 4476 3488 4514 waua
3508 4451 3648 4523 υἱιᾱρ
3669 4446 3788 4514 ἐξίτω

2296 4553 2434 4609 letau
2458 4555 2600 4621 izvis,
2632 4553 2885 4607 barraban
2906 4552 3019 4624 pau
3046 4555 3191 4606 iesu
3216 4552 3349 4605 saei
3375 4551 3405 4602 Ιι
3423 4548 3623 4603 aitada
3640 4540 3791 4609 (Ἰιτοῦν

2295 4648 2382 4702 τὸν
2401 4644 2680 4719 λεγόμενον)
2710 4644 2942 4697 xristus?
2970 4645 3069 4698 Mc.
3104 4659 3158 4707 v,
3204 4643 3286 4708 l5,
3320 4627 3790 4725 gasaiu'andfrallj“*

2295 4737 2398 4788 dan
2438 4734 2479 4805 ῥ
2494 4752 2525 4787 a
2540 4751 2570 4787 η
2585 4750 2615 4786 a
2656 4733 2792 4787 mei
2821 4736 2853 4786 Ιι
2871 4749 2900 4786 a
2916 4733 3063 4786 baid
3078 4750 3108 4786 a
3159 4733 3262 4803 (τὸν
3305 4725 3574 4802 ἐσχηκότα)
3601 4724 3788 4817 (litigatori

2295 4841 2384 4889 XV.
2416 4804 2478 4879 Iit
2511 4822 2746 4895 anparos
2791 4840 3036 4893 managos
3060 4822 3260 4893 posci
3308 4804 3787 4890 mipiddjedtnhri

2294 4916 2665 4982 συναναϐᾶσαι)
2691 4915 2846 4966 imma
2872 4916 2925 4967 in
2965 4913 3295 4973 iairusalem;
3322 4911 3434 4966 Col.
3469 4925 3504 4973 I,
3534 4908 3597 4960 25
3627 4902 3672 4955 ni
3691 4897 3788 4960 ἀίειν

2295 5007 2436 5076 gidui
2459 5006 2519 5073 af
2542 5008 2687 5059 venui
2732 5006 3077 5076 aivaggeljons
3107 5004 3198 5057 sei
3244 5001 3485 5055 meridu
3513 5003 3598 5051 ist
3621 4994 3713 5060 (τοῦ
3737 5006 3787 5037 κη·

2294 5098 2596 5176 ρυχθέντος)
2627 5101 2683 5152 in
2711 5099 2817 5151 alia
2845 5096 3076 5167 gaskuft;
3108 5095 3298 5150 Thess.
3330 5095 3371 5158 1,
3403 5108 3456 5155 ιι,
3481 5089 3543 5145 Η
3566 5085 3677 5176 [iam
3698 5085 3789 5176 {amt

2295 5190 2511 5262 vannup
2552 5191 2684 5261 fram
2711 5190 2957 5243 izvaraim
2981 5187 3242 5253 'inkuniam
3272 5199 3442 5239 svasve
3472 5180 3564 5250 jah
3597 5174 3682 5229 vei:
3702 5168 3789 5265 [νέω

2294 5284 2525 5336 iudaium
2543 5282 2728 5352 paici
2743 5280 2839 5352 jah
2863 5281 3059 5351 {raujiu
3082 5296 3146 5332 us
3162 5295 3292 5348 qem
3310 5293 3383 5330 un
3407 5278 3519 5343 (τῶν
3540 5272 3787 5324 ἀποκτείνων

2295 5373 2416 5443 των)
2458 5374 2601 5425 iesua
2630 5385 2769 5436 etc.;
2819 5369 2962 5438 apud
2991 5369 3249 5424 Joannem
3277 5376 3332 5420 et
3359 5368 3408 5418 iu
3438 5357 3655 5443 epistolis
3680 5354 3790 5401 0113'"

2295 5442 2404 5517 alia
2444 5463 2666 5518 relativa
2713 5461 3031 5515 adhibentur
3059 5478 3070 5512 :
3099 5459 3250 5511 Joan.
3297 5469 3455 5520 svnt,
3486 5450 3549 5504 26
3572 5442 3666 5515 ᾳαῇ
3696 5444 3793 5488 ³³⁸⁸³³

2297 5553 2416 5624 [)iae
2442 5552 2613 5606 akalke
2635 5551 2724 5622 [iis
2744 5551 2971 5604 mnis-tius
2999 5551 3224 5621 gudjins,
3253 5547 3371 5600 salt
3404 5541 3557 5613 nilij's
3580 5548 3666 5589 vus

2297 5604 2329 5624 r
2346 5604 2353 5605 ί
2378 5604 2406 5605 ”
2448 5604 2460 5606 '
2556 5604 2575 5606 "
2596 5604 2603 5605 ί
2635 5604 2650 5622 ι
2683 5604 2689 5606 ⁷
2999 5604 3023 5621 υ
3096 5604 3115 5620 δ
3214 5604 3223 5613 ’
3457 5604 3470 5613 ⁸
3491 5604 3506 5610 ⁷

2294 5650 2439 5715 γενιὲς
2469 5642 2578 5712 ὧν),
2609 5642 2836 5713 ῥαηιηιεί
2863 5642 3151 5709 afntaimait
3177 5638 3368 5705 paitrus
3393 5647 3546 5692 auso;
3574 5639 3654 5723 {"9
3673 5604 3793 5723 1‘1"":

2297 5734 2446 5788 indas
2469 5734 2675 5788 sinwnis
2697 5733 2981 5798 iskarioles,
3007 5734 3067 5784 is
3081 5748 3106 5786 θ
3126 5734 3140 5782 i
3169 5728 3316 5797 skaf
3329 5737 3344 5778 t
3363 5724 3423 5779 id
3436 5739 3465 5776 ιι
3490 5717 3555 5773 sik
3575 5712 3617 5783 (ὁ
3633 5704 3790 5780 μῦλωνι
