4030 6188
281 222 409 275 1221

275 339 452 393 tiones
494 334 856 405 prmsentiales
882 331 1180 404 (quando)
1211 340 1265 387 et
1303 332 1613 403 praeteritas
1656 331 1849 404 (cum,

276 438 558 503 postquam
579 465 598 493 ,
632 428 809 483 statim
838 442 923 492 ac,
960 436 1018 481 et
1056 440 1154 496 pro
1188 433 1416 494 utroque
1447 435 1689 493 tempore
1717 422 1861 478 desi-

274 520 490 588 gnanda
518 519 717 591 (dum,
746 519 941 583 donec,
968 517 1300 589 antequam)
1349 528 1709 589 usurpantur;
1741 515 1863 569 alia:

278 620 454 666 autem
486 610 538 664 in
560 611 694 665 duas
716 612 906 665 iterum
931 610 1261 679 partiuntur,
1287 621 1444 677 prout
1470 607 1701 673 spatium
1729 614 1864 660 tem-

281 704 460 772 poris(
476 700 765 772 quantum)
790 702 871 757 vel
900 702 1157 772 temporis
1183 710 1439 770 punctum
1466 700 1672 771 (usuue
1697 697 1862 767 dum)

278 792 580 863 exprimant

350 925 374 979 1
406 926 425 992 )
462 921 685 991 Quando
724 921 930 993 (ὅταν)
961 921 1073 994 bon
1109 932 1167 978 et
1192 921 1339 994 bibe,
1368 922 1529 977 ambo
1565 936 1863 993 synonyma

281 1015 427 1084 (vid.
458 1016 604 1070 enim
635 1015 738 1069 Mc.
774 1029 897 1079 vui,
924 1014 993 1069 58
1021 1024 1073 1069 et
1102 1013 1234 1070 Luc.
1260 1030 1315 1070 ιι
1334 1054 1351 1082 ,
1376 1013 1447 1069 26
1471 1016 1485 1077 )
1512 1030 1633 1069 cum
1662 1013 1865 1068 indica-

283 1106 415 1173 tivo,
449 1122 571 1160 raro
599 1113 779 1159 autem
811 1119 934 1160 cum
963 1104 1332 1175 conjunctivo,
1379 1104 1586 1160 scilicet
1633 1114 1863 1159 tantum-

282 1200 470 1264 modo,
514 1199 605 1254 ubi
636 1198 700 1253 ad
743 1196 863 1269 ejus
885 1197 1229 1268 principalem
1253 1196 1571 1252 sententiam
1594 1196 1867 1252 connecti-

282 1299 371 1342 tur
403 1287 596 1352 linalis,
627 1301 746 1356 qua:
783 1287 895 1355 ipsa
941 1303 993 1340 ιιι
1035 1285 1378 1355 conjunctivo
1418 1279 1691 1355 procedit,
1735 1299 1865 1340 con-

280 1387 561 1431 struuntur
590 1394 602 1430 :
633 1376 761 1432 Μιιι.
798 1392 874 1444 ix,
910 1375 975 1430 15
1002 1379 1295 1446 atgaggand
1326 1376 1509 1446 dagos,
1533 1374 1672 1446 ban
1701 1376 1867 1444 ιιῙηὶ-

274 1471 461 1522 modo
484 1470 545 1537 af
563 1472 634 1523 im
676 1467 976 1540 brubfabs,
999 1470 1095 1538 jali
1134 1468 1249 1540 ban
1278 1469 1525 1540 fastand;
1549 1469 1652 1525 Mc.
1694 1484 1769 1536 tv,
1797 1469 1862 1525 51

280 1563 478 1616 kanrno
497 1563 691 1632 sinapis
713 1560 842 1633 ban
870 1578 895 1615 s
909 1562 1014 1616 aia
1027 1563 1103 1615 da
1124 1578 1225 1616 ana
1247 1562 1329 1615 air
1331 1560 1431 1632 ba,
1455 1562 1660 1616 ininnist
1680 1561 1866 1615 allaize

280 1654 442 1721 [raive
467 1655 570 1717 ist;
600 1667 720 1716 vm,
750 1650 820 1706 58
844 1652 950 1705 sui
974 1650 1217 1723 skamaib
1244 1651 1320 1705 sil:
1344 1653 1512 1705 meina
1530 1692 1546 1716 ,
1567 1651 1666 1723 jalt
1708 1668 1866 1706 simus

278 1759 426 1795 muns
466 1740 708 1812 skamaib
729 1740 804 1795 sik
843 1743 911 1807 is,
947 1739 1071 1811 ban
1107 1743 1168 1811 qi
1181 1742 1260 1793 mi
1277 1741 1316 1811 b
1352 1744 1408 1794 in
1447 1739 1645 1810 vulbau
1672 1742 1864 1805 attint;

282 1831 412 1884 Luc.
464 1845 548 1889 vt,
596 1829 668 1883 2').
710 1830 937 1901 (indagat
978 1829 1307 1903 siJub,.ban
1335 1830 1501 1903 [ijand
1526 1831 1650 1883 izvis
1682 1846 1865 1895 mans;

284 1924 385 1976 Mc.
430 1937 501 1983 tv,
549 1924 618 1977 29
665 1921 827 1994 bibe
850 1923 1169 1993 atgibada
1214 1923 1408 1988 akran,
1439 1939 1560 1977 suns
1587 1923 1867 1993 iusaudet'b

282 2016 467 2087 gilba,
516 2025 635 2069 tmte
668 2018 788 2069 utist
831 2032 1020 2081 asans;
1069 2016 1226 2071 Joan.
1259 2031 1328 2070 vu
1349 2060 1364 2085 ,
1391 2016 1462 2070 27
1489 2016 1648 2088 bibe
1675 2018 1867 2073 πίειρα

283 2107 513 2179 qimib,
540 2109 593 2162 ni
616 2124 805 2163 manna
827 2108 954 2173 vait,
976 2109 1159 2180 imbro
1178 2112 1241 2162 ist
1264 2126 1282 2174 ;
1302 2110 1429 2167 Cur.
1457 2112 1496 2176 Ι,
1519 2124 1607 2172 xv.
1629 2110 1700 2165 27
1722 2112 1871 2182 bibe

284 2198 478 2270 qibib'
510 2198 613 2252 ulla
646 2200 710 2269 tif
732 2199 973 2253 hnaivida
1002 2200 1118 2253 sint!
1141 2208 1274 2267 clc.,
1302 2201 1407 2254 viti.
1438 2202 1602 2271 gloss.
1640 2217 1730 2256 vv.
1754 2203 1869 2275 ban

286 2289 982 2363 tl,l)etbe2)a)$).

356 2424 483 2480 Mtlt.
532 2440 622 2489 Vl,
670 2424 707 2478 2
750 2422 880 2495 ban
909 2432 968 2477 ta
988 2422 1163 2492 ujais
1208 2425 1480 2484 armaion,
1510 2425 1563 2477 ni
1602 2424 1871 2494 haurnjais

290 2524 440 2587 [aura
464 2518 600 2589 pm,
633 2517 816 2588 span
851 2517 960 2570 bid
963 2518 1065 2585 jai
1083 2515 1142 2586 β,
1174 2518 1227 2569 ni
1254 2516 1422 2591 sijaib
1455 2533 1630 2571 svasve
1650 2517 1750 2589 bai
1776 2521 1874 2573 nu.

291 2622 427 2665 tatis.
456 2609 522 2681 ib
571 2609 653 2681 btt
700 2608 838 2680 ban
888 2609 1151 2676 bidjais,
1181 2624 1315 2679 gagg
1351 2611 1408 2662 iu
1443 2608 1642 2681 ltebjon
1676 2609 1872 2681 beri-ia;

292 2702 393 2755 Mc.
436 2716 516 2765 χι,
541 2700 615 2755 25
639 2698 769 2770 bon
796 2695 1117 2767 standaib
1152 2697 1491 2769 bidjandans,
1523 2698 1762 2770 aﬂetaib,
1786 2702 1874 2771 ja—

290 2794 373 2847 bai
401 2809 476 2847 wn
503 2789 701 2862 habaib
731 2789 885 2862 vibra
909 2805 1087 2855 wana;
1119 2790 1248 2844 Luc.
1283 2804 1391 2852 xtv,
1420 2788 1509 2857 i2,
1536 2790 1638 2856 15;
1668 2806 1779 2855 xvi,
1806 2794 1871 2855 9,

292 2901 435 2951 xvii,
462 2884 559 2949 l0;
583 2883 710 2937 Cor.
736 2883 788 2950 I,
816 2897 923 2936 stv.
946 2880 1191 2947 26;Col.
1216 2897 1287 2949 tv,
1318 2883 1416 2947 16;
1443 2882 1585 2939 Tim.
1614 2882 1685 2949 ll,
1715 2900 1785 2948 tv,
1809 2886 1873 2949 5;

293 2978 426 3029 Luc.
460 2988 567 3039 ιιν,
598 2972 666 3026 10
700 2970 831 3044 bau
858 2970 1198 3025 Itaituizau
1220 3011 1236 3037 ,
1290 2973 1609 3042 atgaggands
1635 2972 1875 3027 auulsum-

294 3067 370 3118 bei
417 3081 518 3117 ana
546 3063 761 3134 bamma
803 3062 1092 3130 aftuntistin
1135 3062 1322 3125 stada,
1366 3064 1450 3128 ei,
1492 3062 1552 3116 bi
1570 3061 1663 3134 be
1688 3065 1881 3132 qimai

291 3156 399 3209 snei
424 3154 618 3209 ltuiltait
642 3152 777 3225 ραις,
799 3153 947 3224 qibai
974 3153 1044 3205 du
1073 3151 1210 3224 bus'
1243 3169 1438 3225 usgagg
1459 3155 1677 3219 Itaultis;
1708 3171 1817 3220 xw,
1848 3155 1881 3208 4

294 3245 575 3318 undbaltta
615 3245 741 3311 mik,
767 3262 845 3299 wu
873 3243 1086 3315 taujau,
1116 3248 1162 3298 ei
1188 3243 1322 3317 bau,
1361 3245 1518 3317 bibe
1556 3247 1876 3318 afsatjui-

294 3339 448 3406 dan,
479 3336 812 3390 andnimaina
843 3336 946 3389 mik
972 3340 1027 3389 in
1055 3337 1264 3408 gardins
1291 3338 1496 3392 seinans
1525 3353 1538 3366 '
1564 3336 1720 3393 Joau.
1753 3355 1843 3393 sm
1862 3380 1880 3406 ,

298 3431 402 3494 t9;
431 3445 539 3495 xiv,
562 3426 664 3494 29;
697 3442 822 3497 xvi,
852 3427 915 3493 4;
940 3427 1066 3484 Cor.
1094 3428 1110 3482 l
1134 3469 1149 3495 ,
1180 3443 1304 3495 svi,
1327 3429 1382 3483 2.

365 3561 447 3632 2)
486 3561 617 3616 Cum
653 3565 677 3634 (
694 3562 799 3628 ὅτι,
831 3566 959 3632 ἐπεί,
991 3567 1101 3638 ὡς)
1129 3567 1241 3639 ban
1262 3613 1278 3638 ,
1310 3568 1437 3641 bibe
1467 3570 1747 3641 (quamvis
1771 3572 1897 3627 haec,

297 3670 592 3726 synonyma
620 3657 759 3725 sint,
789 3672 879 3711 ex.
911 3673 993 3725 gr.
1023 3659 1153 3714 mh.
1182 3677 1258 3723 xi.
1294 3662 1318 3715 1
1351 3672 1407 3717 et
1429 3678 1585 3728 nvr,
1618 3664 1679 3729 1,
1708 3675 1885 3734 poste-

301 3747 409 3801 rius
459 3756 634 3802 tamen
678 3750 1040 3819 potissimum,
1087 3761 1390 3822 postquam,
1434 3755 1755 3825 signiﬁcat),
1805 3773 1887 3811 συθ

296 3853 418 3891 cntn
452 3839 651 3909 (etiam
698 3854 794 3908 pro
831 3842 976 3899 ἧνικα
1006 3853 1316 3911 usurpatum
1344 3844 1385 3911 ),
1417 3845 1590 3897 sunsei
1630 3844 1886 3912 (pr0prie

296 3929 478 3981 statim
507 3942 603 3995 ac,
638 3928 744 3983 duo
773 3930 957 3985 uitima
985 3931 1124 4001 apud
1158 3930 1419 3988 Joannem
1459 3942 1513 3986 et
1538 3931 1734 3987 Lucam
1766 3943 1885 3987 tau-

299 4029 413 4072 tum
434 4059 451 4085 ,
480 4034 562 4071 svo
608 4020 768 4080 etiam
811 4021 951 4089 apud
992 4021 1305 4077 Nehemiam
1330 4023 1373 4094 ),
1405 4023 1521 4078 haec
1552 4025 1731 4079 omnia
1761 4039 1883 4079 cum

298 4110 588 4163 indicativo
613 4120 1033 4165 construuntur:
1062 4111 1194 4166 11th.
1218 4128 1339 4179 vnt,
1365 4114 1433 4168 2i
1449 4115 1547 4185 jali
1572 4115 1730 4185 verb,
1755 4114 1887 4186 ban

297 4220 330 4255 ti
348 4202 539 4255 stattlt
567 4205 703 4256 iesus
727 4201 803 4273 bo
831 4206 1025 4257 vaurda
1048 4243 1065 4271 ,
1095 4196 1434 4261 biabridedun
1461 4208 1758 4278 manageins
1787 4223 1887 4261 ana

299 4295 537 4350 laiseinai
579 4297 664 4360 is;
711 4294 813 4349 Mc.
855 4310 940 4363 ιιι,
1004 4296 1062 4350 11
1098 4294 1230 4366 built
1260 4296 1395 4367 ban
1434 4300 1522 4351 ina
1560 4315 1885 4367 gasewun,

296 4386 500 4439 drusun
523 4384 594 4437 du
615 4387 810 4448 immo;
837 4383 993 4439 Rom.
1028 4400 1103 4439 vtt
1123 4426 1139 4452 ,
1166 4386 1200 4440 5
1226 4384 1317 4457 ba
1336 4404 1367 4438 ιι
1394 4403 1423 4440 υ
1442 4402 1622 4440 esum
1653 4388 1707 4441 in
1732 4387 1885 4453 leika,

299 4477 515 4531 vinitoris
567 4474 864 4546 [ravaurhte
908 4475 1224 4530 vaurlttedun
1273 4480 1330 4531 in
1374 4476 1552 4548 libum
1591 4480 1885 4544 unsaraim;

301 4566 437 4621 Mth.
463 4581 517 4621 XI
538 4606 555 4633 ,
588 4566 613 4618 1
637 4566 736 4636 jalt
762 4562 921 4635 varb.
952 4563 1108 4637 bibe
1134 4566 1481 4634 ustullida
1508 4570 1641 4623 iestts
1664 4571 1887 4623 anabiu-

300 4655 473 4708 dantis
492 4652 645 4724 baim
667 4651 834 4720 tralif,
856 4654 1014 4724 uahof
1027 4653 1376 4727 sikjainbro;
1420 4657 1517 4710 Mc.
1545 4672 1618 4723 tv,
1646 4657 1712 4712 10
1737 4659 1794 4710 bi
1810 4656 1889 4728 bc

301 4740 472 4812 varb
500 4742 722 4808 tundro,
750 4743 936 4812 frehun
969 4745 1060 4797 ina
1102 4744 1197 4818 bai
1223 4747 1272 4799 bi
1299 4750 1387 4801 ina
1417 4746 1568 4818 bizos
1606 4748 1889 4820 gajttkons;

303 4833 423 4887 Gal.
452 4847 523 4897 tv,
554 4834 586 4886 ι
613 4829 777 4902 bibe
802 4848 947 4902 qam
975 4834 1244 4904 usfulleins
1272 4837 1445 4902 melis,
1471 4838 1746 4892 insandida
1773 4838 1888 4911 gub

304 4941 434 4979 sunt:
469 4925 713 4987 seinana;
750 4924 877 4979 Luc.
910 4939 958 4989 ι,
1001 4924 1063 4979 41
1108 4928 1208 4998 jalt
1245 4927 1410 4999 varb,
1457 4946 1564 4985 st'e
1610 4930 1889 4984 Itattsida

303 5017 611 5090 nileisnbaib
632 5019 802 5093 golein
832 5020 1065 5085 martius,
1093 5019 1269 5075 lailaik
1291 5020 1418 5074 barn
1440 5023 1497 5076 in
1535 5023 1587 5093 qi
1588 5022 1701 5094 bim
1745 5025 1887 5087 hos;

304 5105 463 5160 Joan.
493 5123 576 5174 vt,
604 5109 671 5177 16
695 5107 761 5180 ib
789 5125 898 5163 sve
928 5109 1084 5179 seibu
1112 5108 1302 5180 oarb,
1330 5111 1633 5182 atiddjedun
1660 5114 1890 5182 siponios

304 5213 408 5248 ana
434 5200 664 5262 mam'n;
693 5198 828 5253 Neh.
856 5214 906 5254 νι
927 5240 943 5263 ,
977 5200 1044 5254 16
1073 5199 1157 5266 ialt
1185 5198 1340 5269 varb,
1368 5217 1473 5255 συθ
1500 5201 1719 5270 (ἦνικα)
1741 5202 1889 5255 Itan-

304 5285 584 5339 sidedun
616 5287 784 5355 ﬁands
811 5290 1022 5341 unsarai
1048 5288 1203 5353 allai,
1225 5289 1323 5357 jah
1356 5290 1579 5343 olttedun
1604 5291 1734 5344 alios
1763 5290 1891 5361 bitt-

305 5377 433 5440 drs;
464 5374 592 5429 Luc.
625 5393 678 5444 ι,
720 5379 789 5433 44
832 5380 909 5432 sai
935 5379 1080 5443 aliis,
1110 5382 1333 5434 sunset'
1361 5380 1497 5452 ινανρ
1525 5382 1690 5435 stibna
1719 5384 1890 5450 galei-

307 5466 421 5519 nais
442 5465 711 5538 beinaizos
733 5471 789 5524 in
816 5488 994 5525 ausam
1024 5472 1262 5526 meinaim
1281 5511 1296 5536 ,
1324 5472 1499 5525 lailaik
1523 5473 1657 5544 beta
1683 5478 1808 5529 born
1832 5478 1887 5530 in

307 5563 506 5615 vambai
532 5564 753 5629 meinai;
784 5581 869 5619 xIx
890 5606 904 5629 ,
935 5565 993 5618 41
1025 5565 1243 5619 sunsei
1270 5580 1407 5619 newa
1430 5582 1540 5632 vas,
1564 5569 1891 5639 gasaiwtmds

311 5654 383 5724 bo
412 5656 572 5726 battrg
612 5657 804 5729 gaigrot
838 5658 883 5710 bi
912 5656 1021 5728 bo;
1052 5657 1205 5711 Joan.
1255 5671 1338 5721 xl,
1385 5655 1488 5717 20,
1532 5656 1622 5721 29,
1656 5660 1756 5722 5'2,
1789 5660 1881 5715 55.

1344 215 1434 269 DE
1472 208 1978 270 SUBORDINATIS
2013 208 2441 265 SENTENTIIS.

3409 214 3547 269 i222

1968 327 2082 380 Alia
2113 329 2355 398 exempla
2389 329 2495 384 vid.
2525 328 2693 398 gloss.
2746 343 2831 382 vv.
2883 326 2995 398 ban
3035 326 3076 383 ll
3113 328 3210 398 2),
3254 328 3327 400 be
3363 328 3438 402 2)
3470 335 3546 400 α)

1965 418 2056 490 β),
2089 418 2188 473 See
2216 418 2310 488 δ).

2042 528 2061 563 ι
2106 510 2397 564 Aunotatio
2432 509 2483 563 1.
2513 537 2572 549 -
2611 508 2717 563 Pro
2744 508 2857 580 ban
2886 508 2953 563 ad
2984 509 3262 579 signiﬁcan
3283 510 3391 563 lum
3421 523 3550 565 nus-

1965 617 2148 673 quam,
2183 601 2364 673 banult
2402 600 2711 666 adhibetur,
2753 602 2796 655 si
2842 616 2970 662 ergo
2995 600 3149 655 Joan.
3194 617 3280 654 XVI
3303 640 3320 666 ,
3351 601 3423 657 25
3451 599 3550 678 ἔρ-

1968 715 2121 765 χεται
2149 696 2289 768 ὥρα,
2320 692 2401 749 ὅτε
2426 694 2632 752 λαλήσω
2664 707 2757 761 per
2785 690 2956 761 qimib
2985 691 3155 758 u-eila,
3188 692 3370 762 banult
3397 692 3549 763 rodja

1969 783 2216 846 vertitur,
2268 783 2534 851 signiﬁcat
2568 801 2582 835 :
2614 782 2758 836 venit
2800 781 2931 836 hora
2952 823 2965 844 .
3002 789 3128 835 tunc
3159 782 3380 849 loquar;
3415 783 3546 836 Mtlt.

1967 889 2016 928 ts
2035 914 2052 940 ,
2077 873 2148 927 25
2181 873 2359 942 [mutili
2383 872 2496 944 ban
2524 888 2630 929 non
2656 884 2739 928 est
2762 892 2777 927 :
2803 888 2924 927 cum
2952 882 3131 927 autem
3152 914 3169 939 ,
3197 887 3380 927 verum
3411 886 3428 927 :
3454 875 3549 932 sed

1964 979 2086 1019 cum
2104 993 2195 1018 --.
2242 981 2264 1017 ι

2043 1074 2061 1107 ι
2100 1056 2386 1110 Annotatin
2405 1054 2459 1109 2.
2482 1084 2554 1096 —
2580 1054 2676 1109 Hic
2704 1069 2808 1108 non
2838 1054 2937 1109 nisi
2962 1054 3013 1107 iu
3041 1054 3289 1110 oratione
3317 1052 3537 1123 obliqua

1968 1157 2252 1214 usurpatur
2276 1149 2648 1218 conjunctivus
2673 1163 2688 1201 :
2718 1146 2818 1201 Mc.
2851 1163 2928 1213 ts,
2958 1146 2992 1202 9
3016 1148 3153 1200 iesus
3175 1146 3426 1217 anabiub
3445 1147 3541 1207 im,

1964 1242 2012 1297 ei
2023 1241 2286 1295 manu/tun
2304 1242 2358 1295 ni
2373 1239 2922 1310 spillodedeina,batei
2939 1255 3200 1309 gasewnn,
3213 1255 3247 1292 η
3260 1238 3318 1292 ib
3333 1254 3365 1292 a
3402 1237 3549 1309 bibe

1965 1349 2123 1388 suntm
2151 1350 2295 1388 muns
2324 1349 2384 1388 ιω
2414 1332 2669 1403 daubaim
2703 1332 3002 1403 usstobi.

1986 1494 1991 1499 ι
2042 1486 2060 1519 ι
2096 1467 2382 1522 Annotatio
2401 1465 2545 1521 5.-
2577 1466 2669 1521 Hae
2710 1466 3119 1535 coniunctiones
3140 1464 3302 1521 etiam
3332 1463 3399 1520 ad
3437 1464 3547 1520 cir-

1965 1557 2429 1614 cumscribcndum
2443 1557 2737 1627 genitivum
2759 1557 3064 1611 absolutum
3082 1555 3389 1611 Graecorum
3406 1570 3561 1610 usur-

1968 1658 2161 1718 pantur
2186 1666 2201 1702 :
2228 1647 2358 1702 Mlh.
2393 1661 2559 1714 xxvu,
2594 1645 2660 1699 57
2688 1644 2754 1716 ib
2783 1644 2918 1717 bon
2945 1644 3149 1716 seibu
3188 1644 3351 1715 varb
3378 1643 3550 1715 (ὀψίας-

1965 1740 2294 1813 γενομένης),
2334 1756 2450 1810 qam
2483 1741 2619 1808 inse]
2647 1740 2710 1809 of
2740 1738 3127 1810 areimnbaias;
3160 1753 3235 1802 ts,
3266 1738 3337 1792 52
3365 1737 3551 1808 banuh

1966 1835 2126 1908 bibe
2161 1846 2225 1889 ut
2260 1834 2669 1907 usiddjedun
2709 1835 2801 1888 eis
2826 1835 3009 1906 (αὐτῶν
3039 1833 3093 1891 δὲ
3127 1834 3546 1910 ἐξερχομένων),

1966 1930 2044 1983 sai
2071 1928 2281 1981 atberun
2298 1910 2461 1979 imma
2485 1941 2709 1980 mannan
2737 1926 3011 1989 baudana;
3037 1942 3094 1990 x,
3120 1924 3221 1989 53;
3249 1926 3349 1979 Mc.
3378 1940 3417 1991 ι,
3443 1923 3548 1988 Ιιίὶς

1969 2034 2050 2084 tv,
2086 2019 2181 2083 i7;
2210 2033 2283 2083 vr,
2312 2017 2377 2080 2;
2410 2031 2497 2081 sv,
2528 2016 2630 2082 33;
2661 2015 2789 2070 Luc.
2814 2031 2889 2083 tv,
2919 2014 3022 2080 42;
3061 2026 3169 2079 xw,
3198 2013 3547 2080 29;“,14;

1970 2127 2120 2175 svnt,
2143 2109 2242 2175 40;
2274 2125 2392 2176 ius,
2424 2110 2524 2175 37;
2555 2108 2711 2164 Joan.
2746 2123 2875 2173 xm,
2904 2108 3002 2171 '50;
3034 2108 3164 2163 Luc.
3197 2122 3313 2172 vut,
3348 2107 3421 2161 2'5
3445 2105 3550 2178 ba'—

1968 2204 2067 2255 rttlt
2108 2200 2223 2272 ban
2264 2216 2288 2256 8
2302 2217 2328 2254 v
2343 2216 2371 2254 e
2415 2199 2477 2269 fa
2489 2199 2596 2252 rid
2613 2215 2639 2253 e
2654 2200 2687 2253 ά
2704 2215 2735 2252 tt
2752 2215 2784 2251 η
2813 2198 3091 2279 (πλεόντων
3116 2197 3170 2253 δὲ
3200 2197 3398 2267 αὐτῶν)
3426 2212 3553 2251 ana-

1969 2280 2161 2359 saislép
2186 2296 2343 2349 ictus.
2389 2291 2531 2364 Bibe
2556 2291 2718 2346 etiam
2747 2289 2814 2345 ad
2841 2290 3385 2345 circumscrihendum
3417 2303 3555 2358 grte-

1969 2401 2089 2442 cum
2136 2383 2189 2440 ἔν
2222 2393 2293 2456 τῷ
2335 2398 2455 2438 cum
2500 2382 2765 2437 inﬁnitivo
2803 2380 3026 2436 inservit
3064 2397 3077 2433 :
3118 2381 3220 2435 Mc.
3257 2395 3328 2443 tt,
3369 2380 3438 2434 15
3455 2379 3555 2449 jah

1971 2475 2126 2547 sarb,
2149 2475 2298 2545 bibe
2321 2477 2374 2527 is
2408 2489 2523 2526 ana
2542 2472 2932 2539 kumbidaﬁu
2948 2478 3018 2540 τῷ
3033 2471 3360 2525 κατακεῖσθαι
3379 2468 3555 2537 αὐτόν)

1977 2574 2031 2624 in
2061 2569 2221 2641 garda
2248 2571 2316 2633 is,
2334 2567 2431 2638 jalt
2453 2567 2692 2636 managai
2714 2566 2961 2619 motarios
2990 2564 3060 2616 mi
3064 2561 3555 2634 banakumbidedun

1972 2669 2147 2729 iesua;
2175 2662 2303 2717 Luc.
2338 2675 2416 2722 ut,
2439 2659 2685 2724 2l;x1x,
2718 2655 2807 2711 15.
3415 2668 3419 2671 λ

2053 2816 2072 2848 ι
2109 2795 2395 2851 Annotatiu
2440 2793 2495 2847 4.
2533 2820 2603 2831 -
2646 2788 2962 2858 Principalis
3004 2784 3271 2841 sententia
3318 2784 3557 2861 (conse-

1977 2887 2216 2958 quens),
2262 2883 2369 2954 ban
2401 2884 2483 2936 vel
2518 2879 2701 2953 banult
2739 2878 3059 2947 quandoque
3097 2873 3259 2927 etiam
3299 2871 3553 2935 admittit,

1976 2993 2097 3045 quae
2140 2974 2397 3043 particula
2446 2982 2501 3026 ut
2534 2969 2733 3040 prioris
2775 2967 3066 3021 corelativa
3107 2966 3287 3018 valere
3335 2970 3556 3031 potest:

1979 3068 2103 3121 Cor.
2129 3065 2204 3128 Il,
2228 3080 2320 3123 xu,
2359 3063 2424 3117 10
2457 3061 2589 3132 ban
2622 3062 2771 3129 (cum
2796 3056 2814 3127 )
2840 3057 3008 3123 siuka,
3042 3055 3171 3127 ban
3203 3053 3385 3123 (tum)
3408 3052 3559 3107 malt-

1980 3158 2107 3226 teigs
2134 3159 2237 3219 im;
2267 3155 2309 3218 Ι,
2340 3168 2424 3217 xv,
2458 3152 2527 3207 54
2554 3148 2913 3222 bannb-ban
2943 3146 3085 3218 (ὅταν
3110 3145 3188 3211 δέ)
3215 3144 3348 3215 bata
3377 3144 3561 3198 divano

1981 3249 2262 3319 gavasjadn
2305 3244 2644 3310 ttndit-mtein,
2694 3238 2917 3310 banuh
2964 3235 3186 3308 vairbib
3226 3236 3388 3289 vaurd
3431 3233 3563 3305 bam

1982 3341 2259 3411 gumeliua.
2289 3335 2503 3390 Necnon
2544 3341 2601 3387 et
2649 3339 2915 3398 praeeunte
2954 3327 3079 3396 bibe
3112 3326 3269 3380 Joan.
3304 3339 3409 3388 xu,
3456 3325 3562 3387 ili;

1982 3434 2105 3487 Cor.
2137 3431 2177 3496 l,
2203 3446 2289 3496 xv,
2312 3430 2407 3493 28,
2428 3427 2551 3481 coll.
2581 3425 2709 3479 Luc.
2736 3439 2845 3485 xw,
2867 3422 2968 3485 25;
2989 3418 3111 3490 bibe
3133 3427 3311 3473 tamen
3333 3432 3428 3486 pro
3448 3414 3563 3486 bun

1984 3529 2144 3581 etiam
2175 3522 2264 3595 jalt
2299 3528 2418 3591 post
2456 3533 2516 3573 se
2559 3516 2797 3570 mavult:
2831 3514 2958 3569 Luc.
2989 3527 3057 3575 tt,
3091 3510 3155 3566 2i
3181 3509 3273 3583 jah
3310 3507 3435 3578 bibe
3477 3523 3565 3560 ns-

1986 3614 2325 3687 fullnodedun
2355 3611 2514 3677 dagos
2540 3607 2699 3660 ahtau
2724 3606 2795 3658 du
2831 3605 3075 3657 bimailun
3101 3605 3212 3668 ina,
3239 3603 3270 3671 j
3286 3599 3361 3651 alt
3387 3598 3567 3651 haitan

1982 3725 2071 3763 vas
2088 3722 2241 3760 namo
2261 3708 2307 3760 is
2331 3706 2466 3757 iesus
2486 3742 2500 3764 ,
2526 3700 2650 3754 coll.
2674 3696 2702 3768 ᾗ
2727 3697 2857 3760 274,
2887 3703 3074 3749 annot.
3104 3693 3153 3745 1.
3178 3690 3331 3761 Apud
3355 3689 3482 3744 an.
3510 3705 3562 3753 ν,

1985 3801 2055 3857 55
2087 3792 2586 3862 conuectuuturjah
2616 3789 2744 3859 ban.
2780 3807 2797 3838 ι

2056 3932 2112 3999 5)
2142 3932 2455 3996 Postquam,
2480 3920 2641 3976 modo
2663 3933 2759 3989 per
2800 3913 3086 3986 particulas
3106 3911 3205 3965 sub
3223 3910 3280 3980 2)
3303 3908 3564 3972 laudatas,

1993 4022 2290 4096 praesertim
2321 4033 2416 4086 per
2443 4013 2602 4084 bibe,
2635 4009 2899 4072 redditur,
2932 4007 3092 4059 modo
3131 4002 3565 4096 “neraliter-tier

1986 4091 2105 4185 ἆξαι·
2134 4112 2280 4184 batei
2310 4125 2330 4164 :
2359 4109 2460 4163 Mc.
2491 4124 2543 4169 ι,
2574 4104 2638 4158 1-1
2667 4103 2808 4171 afar
2851 4097 3035 4170 batei
3067 4095 3304 4166 atgibans
3330 4091 3462 4162 t-arb
3487 4091 3566 4144 io-

1987 4208 2181 4260 hannes
2217 4202 2380 4276 (μιτὰ
2407 4202 2467 4256 τὸ
2490 4195 2832 4271 παραδοθῆναι
2856 4193 2939 4248 τὸν
2967 4186 3257 4256 Ἰωάννην),
3284 4199 3403 4256 qam
3430 4186 3565 4237 iestts

1985 4302 2039 4353 in
2069 4298 2328 4368 galeilttia.

2064 4445 2084 4480 ι
2115 4423 2403 4483 Annotatio
2429 4423 2485 4477 5.
2506 4448 2578 4460 ——
2599 4412 2851 4471 Litterale
2874 4414 2992 4480 afar
3017 4405 3162 4477 batei
3187 4403 3348 4461 Skeir
3384 4401 3502 4466 v.1,
3535 4416 3567 4456 c

1987 4539 2018 4576 α
2034 4525 2138 4593 far
2174 4516 2349 4590 batei
2374 4513 2568 4573 matian
2587 4525 2644 4563 so
2673 4505 2903 4575 managei
2924 4502 3117 4593 bigittm
3141 4514 3227 4552 vas
3248 4495 3368 4568 bise
3396 4494 3568 4548 hlaibe

1993 4592 2093 4666 'ib-
2128 4610 2355 4678 tainjons
2379 4603 2536 4675 {ullos
2557 4601 2702 4673 batei
2730 4595 3018 4667 aflifnoda,
3062 4592 3419 4646 incorrectqu
3457 4599 3565 4653 est,

1994 4721 2114 4761 cunt
2146 4702 2232 4758 hic
2260 4700 2450 4755 adesse
2477 4696 2699 4751 deberet
2730 4693 2802 4763 bo
2831 4686 3120 4758 managein.
3159 4703 3178 4736 ι

2060 4831 2117 4897 4)
2151 4836 2446 4894 Antequam
2473 4822 2636 4896 (πρὶν,
2658 4822 2777 4893 πρὶν
2798 4818 2849 4879 ὅ,
2872 4817 2973 4891 πρὸ
2992 4820 3083 4870 τοῦ
3113 4826 3233 4864 cum
3276 4806 3567 4875 inlinitito)

1992 4920 2257 4994 faurbizei
2284 4932 2408 4971 cum
2438 4914 2780 4981 coniunctivo
2799 4908 3148 4968 cuttstrnilur,
3176 4903 3384 4956 scilicet
3406 4918 3420 4951 :

2060 4988 2136 5082 α)-
2159 5013 2263 5067 Pru
2281 5009 2500 5064 Sentis:
2546 5006 2677 5061 Mtlt.
2724 5018 2798 5068 νι,
2841 5001 2876 5056 8
2916 4999 3016 5053 vait
3063 5005 3173 5049 atta
3215 4995 3385 5054 iswr,
3425 4988 3567 5060 bizei

1992 5103 2280 5181 battrbub,
2333 5098 2677 5173 [aurbisei
2718 5092 2979 5164 bidjaib
3016 5093 3160 5181 ina;_
3188 5088 3289 5143 Mc.
3332 5099 3458 5146 xw,
3499 5083 3570 5136 72

1988 5179 2248 5270 immunda
2288 5194 2482 5258 paitrus
2525 5189 2655 5258 bata
2701 5186 2893 5248 vaurd,
2937 5200 3019 5236 st-e
3058 5179 3170 5252 gub
3211 5183 3368 5232 immo
3408 5188 3562 5270 usus,

1990 5267 2137 5363 batei
2178 5298 2322 5356 [aur
2338 5284 2516 5355 bizei
2548 5284 2683 5335 [mna
2710 5278 2913 5348 Itrukjai
2941 5277 3093 5329 tvaim
3121 5271 3353 5343 stabant,
3379 5267 3570 5321 invidis

1990 5381 2097 5436 mils
2122 5379 2265 5451 brint
2291 5379 2369 5431 sin
2374 5376 2536 5447 bam;

2062 5448 2402 5542 bil’rmteriti
2431 5486 2444 5521 :
2476 5467 2604 5520 Luc.
2629 5479 2688 5533 tt,
2710 5461 2779 5516 26
2801 5476 2886 5514 vas
2911 5463 3067 5513 imnta
3094 5452 3359 5527 gataihan,
3388 5450 3438 5502 ni
3464 5448 3571 5501 sai-

1990 5582 2101 5623 wan
2131 5561 2337 5633 daubu,
2365 5556 2702 5630 faurbize
2736 5554 2893 5608 sewi
2920 5552 3085 5605 xristu
3115 5544 3377 5615 fraujins;
3406 5543 3563 5597 Joan.

1997 5673 2110 5722 vttt,
2144 5653 2211 5710 58
2244 5647 2708 5719 umenanteuqiba
2757 5647 2901 5698 isvis'
2949 5638 3278 5712 [aurbizei
3317 5634 3565 5689 ubraham
