3964 6196
153 262 170 314 1
181 263 273 316 937

142 380 466 436 connectitur
509 381 563 455 (ᾗ
608 384 716 443 200
756 385 821 454 ll,
854 386 929 458 3).
963 387 1146 455 Quoad
1193 389 1548 457 possessivum,
1598 391 1712 444 sive

145 480 258 523 ante
283 470 394 526 sive
427 483 547 540 post
577 475 968 532 substantivum
1007 479 1132 548 poni
1161 489 1336 545 potest
1363 479 1415 549 (§
1440 479 1588 548 θοι),
1618 481 1710 534 sed

145 561 356 626 guthiete
391 563 556 618 indoli
597 570 764 636 magis
797 571 1045 639 congruit
1086 571 1290 639 postir-a
1339 573 1516 636 sedes,
1553 589 1710 644 quam

149 653 404 722 interpres
429 673 534 712 non
558 658 732 712 solum
755 671 946 729 sponte
975 676 1072 716 sua
1094 663 1244 731 eligit
1267 665 1374 732 (ex.
1405 681 1484 735 gr.
1513 663 1636 720 Cor.
1669 667 1709 730 Ι,

144 759 212 808 Il,
259 745 288 798 6
335 747 574 817 gahuljai
621 750 826 823 haubip
873 759 1013 824 sein,
1063 759 1574 828 κατακαλυπτέσθω),
1618 761 1710 814 sed

140 837 292 888 etiam
331 835 496 890 invito
539 838 727 896 Graeco
770 843 921 914 (Mth.
962 861 1033 909 τι,
1066 847 1095 899 7
1137 847 1279 900 salbo
1327 847 1524 918 Itaubip
1563 848 1709 919 [)ein,

141 932 231 980 σοῦ
261 932 346 986 τήν
380 931 624 1002 assumto;
658 947 751 997 vn,
780 935 874 997 21,
900 935 1002 999 26;
1039 952 1149 1002 νιιι,
1173 928 1400 1007 8’θιο.);
1437 940 1597 994 vertit
1629 948 1711 994 ta-

140 1032 256 1070 men
299 1034 384 1071 ex.
423 1035 504 1088 gr.
535 1021 665 1076 Cor.
704 1021 770 1088 ΙΙ,
802 1039 856 1089 x,
899 1024 932 1076 4
972 1025 1101 1081 ὅπλα
1126 1036 1216 1087 τῆς
1263 1032 1534 1100 στρατείας
1573 1031 1713 1100 ἡμῶν

139 1121 306 1176 wepna
344 1110 548 1163 uusaris
594 1111 1041 1168 draulttinassaus.
1087 1116 1128 1170 E
1173 1117 1611 1172 demonstrativis
1656 1135 1712 1172 sa

139 1210 192 1252 et
214 1200 288 1252 Itis
316 1210 460 1262 ante.
484 1204 631 1273 jains
655 1215 772 1270 post
801 1207 1194 1262 substantivum
1225 1219 1493 1276 ponuntur
1521 1209 1584 1281 (δ
1607 1211 1714 1265 ‘202

136 1289 226 1354 IV,
267 1291 334 1358 li).
368 1292 534 1358 Quam
585 1294 766 1349 sedem
812 1314 869 1350 s-z
922 1307 978 1352 ut
1021 1300 1500 1355 demonstrativum
1550 1301 1712 1356 habet

136 1380 280 1449 (ante
304 1381 740 1452 substantivum),
766 1401 884 1439 eam
916 1388 1078 1442 etiam
1106 1397 1160 1442 ut
1191 1391 1443 1444 articulus
1468 1393 1709 1455 obtinet;

134 1471 230 1525 sed
265 1483 548 1542 usurpatur
566 1479 874 1544 german'ce
911 1478 1040 1531 Luc.
1077 1494 1184 1541 xvt,
1220 1479 1286 1533 15
1312 1480 1476 1551 [)ata
1499 1481 1710 1534 Itauho

131 1564 184 1614 in
216 1580 449 1616 manuum
472 1579 569 1634 pro
593 1567 648 1621 τὸ
673 1568 723 1620 ἕν
745 1569 1026 1642 ἀνθρώποις
1049 1571 1239 1640 ὑψηλὸν
1257 1610 1270 1634 ,
1301 1579 1354 1625 et
1381 1585 1714 1641 consequen-

132 1662 218 1706 ter
263 1655 418 1706 etiatu
451 1655 590 1709 Tim.
624 1656 664 1724 l,
715 1672 766 1719 v,
795 1658 826 1712 6
856 1675 926 1712 so
977 1660 1274 1715 εἰκονιάεί
1312 1664 1368 1715 in
1414 1663 1630 1732 asetjant
1659 1663 1713 1735 (ἠ

129 1744 466 1800 σπαταλῶσα.
498 1744 787 1799 Relativum
815 1748 1042 1818 primam
1079 1765 1292 1820 semper
1318 1755 1600 1807 sententiae
1627 1768 1714 1808 se-

127 1837 256 1887 dem
284 1845 530 1905 occupat,
563 1836 664 1891 nisi
696 1853 725 1892 a
765 1840 1145 1909 praepositione
1185 1841 1503 1912 dependeat.
1542 1841 1716 1899 Inter-

126 1925 416 1994 rogativum
455 1925 688 1997 denique
735 1929 895 1984 etiam
947 1933 1194 2002 postponi
1237 1940 1413 2004 potest
1452 1931 1534 2005 (ut
1579 1933 1712 1990 Luc.

125 2031 245 2080 xlv,
276 2015 346 2071 28
377 2017 548 2070 isnara
571 2019 748 2090 was).

202 2106 261 2176 5)
304 2106 358 2160 ln
400 2108 547 2162 verba
595 2111 740 2166 modi
783 2112 1140 2180 subordinati,
1185 2115 1272 2170 ubi
1305 2114 1511 2170 Gothus
1551 2115 1715 2170 indoli

125 2197 360 2266 propria:
403 2198 658 2270 indulget,
713 2214 960 2273 regentes
1007 2214 1335 2276 sequuntur,
1390 2205 1516 2262 hinc
1556 2205 1710 2262 Joan.

125 2303 235 2356 xu,
267 2288 330 2344 18
357 2289 608 2360 iddjedun
656 2298 948 2366 gamotjau;
1002 2312 1134 2365 snt;
1155 2297 1225 2352 58
1253 2297 1436 2365 afaikis
1476 2297 1715 2365 kunnan;

129 2381 238 2435 sed
272 2397 364 2447 stt,
409 2383 476 2435 26
501 2384 655 2438 adest
695 2385 836 2439 nisan
866 2388 1086 2459 habaip,
1119 2388 1240 2456 quia
1273 2391 1373 2444 hoc
1402 2390 1599 2460 habaip
1633 2390 1720 2446 hic

128 2474 454 2543 simpliciter
492 2485 576 2531 est
602 2477 882 2544 auxiliare,
904 2481 1352 2548 quemadmodum
1380 2482 1434 2536 in
1459 2478 1717 2551 gamelips

124 2570 248 2630 "ist,
298 2565 525 2636 hauhips
574 2583 696 2633 vas,
757 2570 1035 2641 gadomiIJs
1089 2571 1222 2642 υανρ
1263 2579 1399 2636 etc.;
1451 2571 1558 2625 imo
1611 2583 1716 2622 non

126 2655 250 2710 nisi
274 2670 392 2709 raro
421 2657 708 2725 auxiliare,
735 2659 880 2714 nulla
910 2660 1170 2716 suadente
1200 2661 1408 2715 ratione
1435 2658 1632 2729 (§2|3,
1656 2656 1716 2730 2)

121 2749 487 2816 praeponitur,
524 2759 582 2804 ut
607 2749 762 2805 Joan.
795 2766 868 2818 vr,
910 2753 980 2807 45
1023 2763 1076 2807 et
1115 2769 1209 2820 xu,
1246 2753 1313 2808 M
1354 2757 1418 2807 ist
1458 2752 1711 2826 gamelib,

122 2837 253 2894 hoc
276 2851 330 2908 ι,
362 2838 428 2892 51
470 2839 523 2894 in
561 2843 911 2911 responsione
940 2852 1228 2914 usurpato;
1269 2844 1410 2916 quod
1444 2845 1491 2901 si
1519 2844 1646 2900 Cor.
1671 2844 1710 2909 l,

1595 273 1958 329 APPENDIX.

3259 276 3395 328 {"238

1819 407 1898 453 Ix,
1931 389 1999 444 25
2020 389 2270 462 Itaifstjan
2300 392 2474 462 snivip
2500 392 2858 462 occurrit,hoc
2889 391 2945 446 lit
2969 391 3222 448 inﬂuente
3252 393 3394 448 rela-

1819 483 1927 535 tivo
1951 489 2164 536 seuteut
2188 499 2254 543 te,
2297 498 2416 536 cum
2447 484 2609 536 etiam
2641 484 2846 538 dicatur
2877 485 2978 540 Mc.
3011 501 3086 552 v1,
3132 486 3197 540 16
3241 485 3399 556 ῥαπι-

1816 574 1912 626 mei
1956 573 2009 624 iit
2038 573 2238 643 lumbi];
2284 575 2650 642 ufmoimait
2693 574 2839 647 (licet
2889 587 3064 630 tamen
3096 592 3178 631 vs.
3209 577 3278 630 27
3314 578 3400 645 of-

1817 663 2043 716 maintait
2079 665 2235 715 immo
2265 663 2462 733 haubip
2505 664 2860 734 reperiatur);
2888 665 3003 719 Col.
3040 681 3095 724 ιι,
3139 664 3208 718 22
3239 665 3400 736 [mir/1

1822 750 1963 820 batei
1987 754 2032 804 is
2063 750 2370 822 brukjaidau
2417 761 2469 804 et
2500 753 2638 805 'l‘itn.
2674 752 2718 821 Ι,
2745 767 2800 820 v,
2835 752 2868 806 5
2911 753 3017 806 soci
3047 754 3093 806 bi
3121 757 3295 825 sunjai
3328 756 3400 807 vi-

1816 843 1948 894 duvo
1974 844 2080 893 ist.
2123 840 2178 894 Si
2202 853 2378 895 autem
2409 855 2488 894 vs.
2520 843 2553 895 ‘5
2582 843 2734 912 [ιοθεὶ
2763 842 2810 894 bi
2837 845 3010 913 sunjai
3036 844 3292 913 sijaina
3323 848 3399 896 vi-

1815 933 2031 998 duvons,
2067 934 2413 995 construitur,
2447 935 2582 988 ratio
2625 944 2728 995 est,
2758 934 2880 1003 quia
2923 935 3293 1003 conjunctivus
3332 951 3396 989 ex

1815 1025 2062 1078 consulto
2083 1037 2112 1076 a
2137 1023 2242 1078 line
2267 1023 2530 1076 removeri
2553 1023 2784 1086 videtur,
2811 1023 2884 1077 uti
2908 1023 3070 1078 etiam
3101 1024 3257 1078 Joan.
3283 1040 3394 1089 χιιι,

1815 1114 1884 1168 24
1933 1115 1979 1167 ei
2022 1113 2203 1183 {alteris
2246 1115 2417 1166 izvara
2466 1115 2620 1183 sijai
2672 1115 2952 1182 usful/idu;
2996 1115 3127 1172 Luc.
3179 1132 3286 1180 xw,
3331 1117 3403 1170 51.

1817 1205 1992 1258 siaiu
2034 1205 2278 1274 mahteigs
2321 1204 2385 1275 (si
2414 1203 2628 1266 δυνατός
2670 1206 2830 1273 ἐστι);
2857 1214 3090 1259 attamen
3137 1207 3402 1274 reperitur

1816 1297 1976 1351 etiam
2011 1295 2140 1350 Mth.
2165 1311 2235 1362 γι,
2271 1295 2336 1347 12
2365 1295 2510 1365 [)atei
2538 1294 2744 1348 skutans
2772 1297 2995 1364 sijaima.
3031 1296 3198 1350 Inviia
3221 1307 3400 1350 autem

1815 1387 2114 1458 germanica
2154 1388 2576 1451 constructione,
2606 1403 2706 1456 qua
2739 1388 2948 1442 scilicet
2977 1389 3193 1442 verbum
3228 1389 3281 1443 in
3309 1405 3398 1444 re-

1817 1479 1992 1532 lativis
2033 1480 2314 1534 sententiis
2363 1481 2428 1532 ad
2473 1480 2630 1533 tinem
2676 1480 2937 1549 rejieitur,
2981 1482 3217 1535 occurrit
3260 1483 3400 1550 apud

1817 1569 1946 1623 Luc.
1979 1584 2092 1636 vm,
2136 1569 2172 1622 9.
2214 1586 2272 1622 us
2310 1569 2506 1640 pisaiei
2548 1570 2951 1638 usiddjedun
2998 1569 3298 1642 unhulpons
3328 1573 3401 1623 si-

1817 1663 1942 1726 bun,
1981 1663 2068 1717 ubi
2118 1663 2279 1716 etiam
2325 1663 2544 1717 Graecus
2587 1664 2811 1719 verbum
2851 1665 2915 1718 ad
2963 1665 3122 1720 linem
3168 1666 3397 1720 remisit.

1822 1752 1898 1807 De
1927 1761 2127 1808 caetero
2158 1755 2280 1808 vide
2316 1769 2475 1822 supra
2508 1755 2583 1824 1).

1892 1886 1947 1957 6)
1977 1888 2234 1940 Adverbia
2270 1889 2432 1942 verbo
2461 1889 2600 1957 quod
2641 1888 3020 1956 determinant,
3044 1889 3401 1944 communiter

1820 1987 2230 2049 praeponuntur,
2279 1978 2434 2044 licet,
2482 1987 2751 2047 praeeunte
2792 1977 2979 2034 Graeco
3028 1980 3196 2034 etiam
3249 1990 3398 2048 post-

1819 2069 1957 2125 mitti
1991 2068 2233 2138 possint:
2261 2067 2398 2121 Tim.
2427 2067 2468 2133 Ι,
2499 2084 2577 2135 ιιι,
2626 2067 2691 2120 14
2717 2069 2886 2137 qiman
2917 2079 2968 2122 at
3009 2068 3116 2139 pus
3155 2079 3402 2136 sprauto;

1820 2159 1952 2217 Mth.
1985 2175 2152 2228 xxvu,
2181 2160 2248 2214 54
2271 2157 2493 2213 ohtedun
2531 2160 2754 2226 abraba;
2796 2176 2909 2230 vtu,
2945 2161 3016 2216 28
3050 2162 3251 2232 sleidjai
3280 2163 3404 2230 ﬁlu;

1821 2252 1925 2308 Mc.
1970 2267 2078 2320 xvr,
2110 2251 2144 2306 4
2174 2250 2338 2304 mikils
2377 2251 2583 2306 abraba.
2614 2251 2799 2319 Quoad
2843 2253 3124 2321 negationis
3162 2263 3405 2307 constru-

1827 2344 2052 2410 lionem,
2083 2358 2202 2412 quae
2245 2343 2297 2396 in
2329 2342 2546 2413 gothico
2584 2357 2834 2398 sermone
2865 2344 2994 2397 tanti
3035 2352 3120 2398 est
3147 2345 3402 2399 momenti

1824 2437 2065 2506 adeoque
2094 2451 2124 2489 a
2159 2435 2345 2490 Grteca
2377 2435 2680 2500 dissimilis,
2716 2435 2822 2490 vid.
2860 2435 2886 2505 §
2914 2421 3054 2490 215.

1895 2570 1950 2640 7)
1985 2569 2062 2624 De
2090 2568 2492 2623 constructione
2522 2566 2962 2637 conjunctionum,
2998 2577 3168 2636 prouto
3185 2569 3264 2622 vel
3294 2569 3402 2637 pri-

1823 2676 1966 2715 mam
2007 2659 2093 2715 vel
2135 2657 2424 2714 secundam
2453 2658 2735 2712 sententiae
2770 2656 2954 2713 sedem
2987 2657 3254 2723 obtinent,
3289 2657 3398 2712 vid.

1823 2753 2032 2808 tertiam
2079 2751 2343 2820 majorum
2387 2749 2734 2815 diVisionnm.
2759 2749 2829 2806 de
2869 2750 3137 2806 sententia
3181 2763 3402 2819 compo-

1819 2842 1943 2910 sita,
1973 2841 2126 2912 §256
2156 2856 2279 2911 sqq.

961 2981 1415 3079 GRAMMATICA.
1445 3019 1769 3079 GOTHICIE
1809 3016 2089 3076 LINGUE
2131 3012 2580 3072 ABSOLVITUR.

105 3231 3406 3291 ὼ

1367 3431 2198 3577 GLOSSARIUM

644 3655 1813 3818 GOTHICXE
1895 3654 2942 3838 LINGUAE,

357 3960 430 4041 E
483 3954 1198 4043 GERMANICO
1261 3953 1834 4038 SERMONE
1894 3955 2015 4036 IN
2074 3955 2607 4038 LATINUM
2661 3909 3224 4053 VERSUM,

1198 4112 1706 4177 INTERPRETE
1751 4112 1823 4178 F.
1876 4112 2383 4175 TE-MPESTINI.

1363 4362 2238 4493 ΡΒλίΕΡΑΤΙΟ.

206 4607 344 4673 Quo
371 4605 522 4674 plura
549 4611 707 4673 atque
737 4603 1038 4657 diversiora
1067 4616 1096 4656 e
1123 4602 1384 4672 glossario
1412 4602 1716 4671 exiguntur,
1757 4616 1824 4657 eo
1851 4602 2030 4670 'plures
2060 4609 2219 4668 atque
2245 4597 2630 4653 diversoriores
2667 4607 2790 4652 sunt
2820 4599 3075 4664 rationes,
3105 4599 3298 4667 quibus
3327 4615 3420 4654 suo

83 4697 280 4765 scipi
317 4703 518 4765 potest.
549 4695 793 4749 Olticiutn
824 4693 988 4763 igitur
1015 4704 1256 4748 nostrum
1287 4706 1410 4748 esse
1433 4691 1746 4748 censuimus
1783 4690 2065 4761 principia,
2097 4702 2220 4758 quae
2249 4687 2302 4742 in
2332 4687 2432 4742 hoc
2458 4701 2618 4755 opere
2643 4686 3003 4744 elucubt'andu
3026 4689 3194 4744 secuti
3216 4703 3424 4757 sumus,

81 4786 340 4859 paucis
372 4784 552 4840 verbis
576 4799 871 4853 exponere.

209 4875 419 4944 Quoad
465 4877 768 4940 materiam,
799 4876 855 4928 in
903 4874 1005 4929 hoc
1034 4873 1291 4943 .equidem
1339 4887 1528 4929 omnes
1573 4871 1922 4936 conveniunt,
1954 4868 2094 4939 quod
2125 4868 2330 4924 lexicon
2381 4869 2688 4923 thesaurum
2721 4866 2884 4922 totius
2918 4866 3108 4937 linguae
3140 4868 3425 4937 integrum.

77 4977 418 5043 quantum
465 4976 660 5037 potest,
703 4965 984 5021 continere
1012 4965 1278 5029 debeat”;
1313 4965 1408 5020 sed
1435 4965 1486 5018 in
1529 4977 1657 5018 casu
1707 4961 1956 5032 praesenti
1986 4972 2216 5031 quantus
2259 4959 2330 5012 sit
2370 4960 2456 5012 hic
2496 4959 2800 5022 thesaurus,
2836 4957 2949 5012 haec
2991 4959 3218 5026 quaastio
3263 4957 3430 5010 resol-

71 5060 354 5120 venda.
387 5056 659 5123 Jamvero,
690 5065 884 5127 praeter
911 5054 1172 5111 voeabula
1197 5070 1317 5124 qua:
1344 5055 1396 5108 in
1429 5051 1643 5109 ullilana
1675 5053 1926 5108 versione
1956 5050 2197 5107 invenire
2218 5057 2320 5114 est,
2365 5063 2428 5104 ea
2452 5048 2614 5104 etiam
2646 5046 2699 5100 in
2735 5047 2955 5115 reliquis
2983 5046 3210 5116 gethica:
3238 5047 3429 5116 lingua:

199 5263 235 5294 ⁸
261 5257 544 5316 Glossaria
575 5257 792 5326 gothica
821 5257 917 5312 hos
957 5271 1124 5324 usque
1155 5255 1444 5311 hodiernos
1467 5257 1582 5310 dies
1612 5269 1742 5308 con-

61 5341 288 5394 fecta
318 5329 388 5382 ad
418 5327 471 5380 id
513 5335 718 5381 tantum
745 5326 961 5383 extendi
1002 5336 1306 5395 potuerunt,
1335 5327 1474 5394 quod
1513 5326 1741 5379 auctori-

65 5415 250 5450 ιηις.
298 5399 418 5450 suis
447 5406 627 5450 notum
659 5407 795 5450 erat.
848 5408 904 5450 ut
942 5396 1083 5450 Junii
1125 5395 1396 5450 Gothicam
1438 5397 1741 5450 atossarium

1438 5411 1742 5466 gtossarmm

301 5469 815 5548 plqoquerrg-entei
851 5467 1343 5548 codicianoca'liula
1393 5467 1737 5548 explicantur,

57 5415 250 5465 bus
298 5399 418 5455 suis
447 5406 627 5452 notum
659 5407 795 5460 erat,
848 5408 904 5452 ut
942 5396 1083 5452 Junii
1125 5395 1396 5450 Gothicam

54 5489 250 5545 quo

66 5535 970 5605 ί»υηέεειιῖίϐϐιίΛιηεῑθιωᾱ.
1003 5537 1170 5602 1684;
1208 5535 1552 5592 Stiernheilm
1585 5535 1740 5589 Glos-

54 5611 360 5675 ερινὶιιηι
402 5607 866 5678 Ulﬁla-gotlticnm,
912 5608 1131 5662 llolmice
1164 5607 1333 5678 1670;
1371 5607 1742 5678 Dictionarium

61 5680 435 5746 ωποηίεο-
459 5675 503 5735 et
522 5675 982 5752 goihico-latinum,
1011 5687 1149 5735 auct.
1179 5678 1276 5734 Ed.
1311 5677 1442 5747 Lyc,
1470 5677 1556 5733 ed.
1579 5675 1748 5731 Owen

1852 5253 2120 5320 Manning.
2167 5251 2337 5305 Laud.
2367 5248 2533 5311 1772;
2571 5243 2783 5320 F_n|da_'s
2810 5256 2910 5320 von
2945 5239 3424 5320 Reinv‘vald'srnsge.

1849 5309 2110 5377 arbeitete's
2139 5320 2352 5375 Glossar
2385 5309 2556 5371 hinter
2590 5312 2776 5368 Zahn’s
2810 5312 3045 5379 Ausgabe
3082 5311 3172 5363 des
3203 5309 3422 5375 (ll/itas,

1850 5395 1934 5447 vel
1965 5393 2031 5447 ad
2061 5391 2304 5461 quaedam
2333 5390 2446 5461 loca
2471 5395 2675 5440 tantum
2701 5382 3044 5461 relata‘snnt‘,
3070 5387 3145 5445 ut,
3176 5395 3242 5434 ne
3269 5393 3427 5461 parva

1849 5449 2092 5534 quaedam
2127 5459 2380 5534 glossaria
2417 5468 2816 5534 memoremus...
2845 5449 3244 5534 Castiltiglnrrum
3285 5450 3428 5534 glos-

1850 5515 2154 5588 sjarinntﬂiti'
2187 5530 2430 5598 epistolas
2467 5527 2535 5580 ad
2587 5515 2893 5591 Corinthios,
2944 5529 2996 5576 et
3038 5515 3444 5574 Masmanncnse

1851 5604 2156 5677 glossarium
2176 5602 2227 5656 in
2257 5598 2533 5656 Skcireins.
