3964 6196
169 307 300 364 1241
1553 310 1941 368 ΡΒᾹΞΡΑΉΟ.
3301 313 3440 367 1249.

238 423 494 490 Quamvis
522 425 740 496 gothica’
767 425 957 496 lingua?
999 424 1232 478 affinitas
1259 437 1380 478 cum
1423 422 1544 477 aliis
1581 423 1823 492 ejusdem
1856 421 2071 475 familiae
2098 420 2302 490 jamdiu
2333 421 2400 475 ab
2430 421 2679 476 omnibus
2716 418 2828 476 fere
2860 422 3078 491 probata
3109 421 3179 476 sit
3201 464 3216 487 ,
3257 432 3434 476 tamen

169 531 234 572 eo
263 516 442 572 minus
473 517 529 571 in
563 517 663 571 hoc
689 532 852 586 Opere
883 518 1202 587 negligenda
1237 531 1362 572 esse
1404 517 1559 569 nobis
1587 515 1696 568 visa
1729 524 1841 578 est,
1872 514 2013 581 qttud
2047 513 2245 582 gothiri
2289 513 2524 568 thesauri
2556 514 2657 567 mel
2679 530 2742 568 or
2770 530 2924 584 pars,
2959 516 3008 567 in
3041 515 3125 568 his
3167 514 3439 569 hodiernis

172 605 500 676 temporibus
547 618 694 670 nota,
745 609 842 660 hac
880 607 1144 661 affinitate
1190 623 1325 674 Opus
1376 605 1566 664 habet.
1610 615 1668 659 ut
1712 605 1764 658 in
1814 603 2056 658 dominio
2104 606 2531 674 germanicarum
2582 606 2880 673 linguarum
2929 607 3146 661 civitate
3192 607 3474 660 donetur.‘

171 699 405 768 Singulis
438 699 596 768 igitur
623 699 922 763 radicibus,
959 701 1065 753 itno
1095 709 1149 752 et
1177 699 1431 752 derivatis
1462 698 1802 767 quibusdam,
1861 696 2182 764 ubicumque
2225 711 2504 750 necesmtn
2537 695 2654 760 fuit,
2683 711 2905 766 cognata
2932 699 3188 752 vocabula
3217 699 3442 754 aliarum

171 791 495 861 germanitate
524 792 738 845 fatnili:e
773 790 1068 859 linguarum
1097 791 1434 856 indusimus,
1465 800 1548 855 et,
1577 805 1644 844 ne
1668 788 1888 842 collatio
1914 788 2012 840 ista
2038 789 2259 841 nimium
2291 790 2448 856 spulil
2475 789 2737 843 obtineret
2765 788 3054 854 illustrata,
3101 791 3164 843 ad
3194 802 3444 846 auctores

170 887 402 939 scholari
456 886 594 940 fama
649 888 978 957 gaudentes,
1015 887 1270 939 lectorem
1321 884 1662 947 remisimus,
1712 895 1904 947 nempe
1945 881 2010 933 ad
2053 881 2654 957 Bopp(vergleichende
2697 881 3016 934 Grammatik
3042 885 3090 948 ),
3127 878 3446 935 Grimmium

173 977 192 1045 (
217 978 459 1031 deutsche
481 955 800 1030 Grammatil;
825 978 952 1049 [Gr.
972 977 988 1044 ἰ
1008 1023 1020 1042 ,
1056 975 1338 1046 Mytaloqie
1363 976 1374 1044 l
1403 975 1515 1030 ΒΜ.
1629 972 1732 1026 liec

1882 955 2150 1026 lertht'rmér
2173 973 2192 1042 [
2215 973 2371 1027 ΒΗΑ.
2396 971 2468 1044 ]),
2503 972 2654 1027 (ἶηιπ
2679 973 3154 1042 (althochdetttsche
3186 975 3447 1040 Praeposi-

174 1069 279 1120 tion
321 1075 379 1121 et
424 1067 800 1138 Sprachsclmtz
830 1066 846 1138 [
871 1067 954 1120 Gf.
981 1066 999 1137 ]
1029 1069 1046 1136 )
1071 1107 1083 1128 .
1115 1065 1528 1121 Scltmellerium
1558 1061 1916 1134 (bayerisches
1958 1060 2323 1126 Wértrbuch,
2369 1061 2583 1114 Glossar
2625 1079 2738 1114 sum
2782 1061 3020 1115 Ilelvand
3043 1066 3094 1130 ),
3139 1064 3454 1118 liichthol'e-

173 1161 322 1214 nium
355 1160 374 1232 (
399 1160 761 1228 altfriesisches
790 1157 1127 1212 li’erterburh
1157 1159 1390 1231 [lichtln
1414 1156 1486 1228 ]),
1519 1157 1570 1211 itt
1599 1153 1916 1226 quibusdam
1951 1162 2156 1208 tantum
2195 1161 2249 1208 et
2279 1152 2414 1207 raris
2457 1153 2670 1207 casibus
2698 1151 2826 1207 aflin
2853 1162 3014 1207 tatem
3049 1155 3130 1207 vel
3163 1157 3452 1210 derivatio-

175 1271 300 1310 nem
327 1256 567 1309 vocabuli
598 1255 753 1309 brevi
783 1253 1136 1308 illustratione
1167 1261 1435 1306 notantes.

247 1347 371 1402 ﬂare
391 1345 584 1401 eadem
611 1346 782 1409 ratio,
816 1343 1071 1414 parcendi
1097 1343 1301 1398 scilicet
1329 1338 1520 1410 Spatii,
1548 1353 1709 1393 causa
1741 1351 1822 1394 εει
1852 1353 1948 1393 cur
1974 1338 2027 1391 in
2059 1345 2243 1391 nostra
2269 1335 2556 1390 collatione
2588 1334 2872 1388 nonnullas
2905 1337 3087 1404 stirpis
3116 1337 3452 1406 indigeima-

177 1439 311 1493 uicae
337 1435 546 1507 linguas
574 1453 680 1491 non
713 1434 1171 1500 invocaverimus,
1206 1442 1262 1486 ut
1289 1430 1640 1493 sanskritam,
1675 1430 1936 1498 pcrsicmu
1961 1471 1975 1495 ,
2003 1429 2286 1493 slavicam,
2311 1426 2578 1491 celricam,
2620 1443 2843 1493 quarum
2889 1429 2955 1480 de
2995 1439 3194 1484 cwtero
3225 1432 3455 1486 affinitas

174 1545 296 1585 cum
326 1525 649 1597 germanicis
691 1541 755 1580 ex
801 1523 1107 1593 conspicuis
1148 1521 1402 1591 operibus
1445 1521 1666 1588 lloppii,
1701 1517 1897 1584 Pottii,
1931 1508 2034 1573 efc.
2065 1518 2173 1588 jam
2205 1518 2404 1571 dudum
2440 1516 2655 1570 indubia
2702 1527 2799 1571 cst.
2839 1517 2933 1570 Ilii:
2980 1528 3155 1574 tamen
3203 1523 3454 1578 lectorem

174 1621 507 1676 adtnouitum
541 1619 823 1684 volumus,
857 1619 999 1688 quod
1033 1617 1240 1671 scilicet
1269 1615 1523 1668 nonnulla
1561 1613 1774 1682 got'..ica
1808 1611 2100 1675 vocabula,
2143 1611 2336 1680 quibus
2377 1611 2638 1678 originem
2671 1621 2762 1664 aut
2791 1612 3216 1680 explanationem
3250 1615 3300 1668 in
3331 1634 3453 1685 ger-

177 1714 390 1765 tttattico
416 1710 661 1764 dominio
683 1723 987 1778 quaerentes
1028 1707 1226 1760 frustra
1257 1704 1829 1774 circumspiceremus,
1859 1688 1905 1756 ἐ
1932 1702 2121 1755 slavt'co
2152 1701 2232 1754 vel
2264 1699 2546 1754 titlmanico
2584 1716 2834 1757 sermone
2863 1705 3082 1758 omnino
3124 1706 3458 1764 illustri-mur

175 1806 192 1864 l
219 1801 346 1856 coll.
388 1799 704 1855 Grimmium
741 1798 950 1868 prastat.
974 1799 1039 1851 ad
1066 1802 1365 1854 versionem
1397 1799 1618 1851 servica:
1649 1796 2045 1866 grammaticae,
2075 1805 2295 1853 auctore
2326 1792 2465 1848 Wnk
2491 1793 2980 1863 Stephanowitsch,
3009 1815 3129 1869 pag.
3164 1802 3235 1867 ll;
3269 1804 3458 1858 Schn!-

176 1891 311 1945 l'arik
358 1889 642 1945 Slawt'sche
683 1890 1052 1952 Alterthitmer,
1084 1886 1138 1952 Ι,
1176 1888 1277 1940 4‘23
1305 1889 1357 1957 ),
1409 1897 1463 1941 ut
1507 1886 1660 1957 dulgs
1704 1885 1837 1940 slav.
1870 1885 2032 1955 dolg,
2072 1885 2231 1950 dluh;
2282 1886 2474 1950 lmuto,
2517 1886 2652 1940 slav.
2695 1887 2890 1955 knota,
2926 1889 3091 1957 knut;
3123 1905 3287 1960 mota,
3317 1899 3454 1952 slav.

174 1996 358 2056 myto,
406 1994 608 2054 mytar;
643 1983 900 2052 plinsjau,
933 1984 1066 2037 slav.
1119 1985 1332 2060 plaéaé,
1374 1983 1594 2060 p'gsati;
1624 1983 1857 2048 sntakka,
1890 1983 2025 2037 slav.
2072 1981 2328 2046 smokva;
2362 1982 2543 2051 tekan,
2588 1986 2721 2038 slav.
2771 1984 2970 2056 tykati,
3014 1998 3283 2058 staurran,
3316 1995 3455 2049 liith.

172 2077 468 2138 storawoti;
499 2075 648 2147 faba,
674 2075 816 2130 litth.
845 2087 958 2146 pals
983 2076 1002 2146 (
1023 2077 1235 2130 satiskr.
1269 2079 1402 2146 pati:
1425 2080 1468 2147 ).
1497 2076 1858 2144 Conspicuam
1885 2085 1988 2143 est,
2021 2076 2160 2144 quod
2190 2075 2348 2130 Gothi
2384 2090 2480 2143 pro
2505 2077 2694 2142 debito,
2726 2079 2931 2144 tributo,
2961 2082 3255 2150 scitatione,
3282 2086 3460 2155 ﬂagel-

174 2170 256 2232 lo,
290 2165 502 2234 propria
539 2165 791 2218 vocabula
825 2182 927 2218 non
963 2167 1274 2228 halmerint.
1307 2170 1400 2222 sed
1429 2182 1491 2221 ea
1518 2181 1548 2221 e
1577 2166 1752 2222 Slavis
1783 2167 2005 2222 mutuati
2031 2167 2158 2230 sint,
2183 2165 2322 2233 quod
2353 2165 2512 2218 etiatn
2545 2167 2823 2222 facultates
2853 2186 2955 2223 non
2980 2172 3135 2226 aliter
3159 2178 3459 2244 exprimere

177 2260 474 2327 potuerint,
509 2256 610 2310 nisi
644 2271 734 2323 per
761 2271 916 2309 suum
943 2257 1086 2326 fuitin
1111 2261 1127 2327 (
1156 2259 1380 2326 pecus),
1410 2258 1461 2310 in
1497 2257 1595 2311 hac
1621 2272 1679 2312 re
1707 2255 2090 2312 convenientes
2121 2255 2345 2320 Latinis,
2363 2257 2451 2325 qui
2478 2257 2746 2326 pecuniam
2771 2275 2832 2311 cx
2868 2260 3071 2326 pecude
3094 2261 3456 2324 deduxerunt.

181 2352 279 2405 libi
311 2360 487 2405 autem
519 2350 726 2404 Gothus
755 2351 822 2404 de
854 2360 1066 2404 tunneta
1098 2351 1242 2420 loqui
1273 2367 1407 2420 opus
1439 2351 1632 2416 habet,
1665 2351 1750 2406 vel
1781 2351 2131 2419 expressioue
2162 2351 2340 2404 aliena
2370 2352 2556 2416 utitur,
2591 2362 2645 2404 ut
2675 2351 2889 2404 drukma
2914 2393 2928 2418 ,
2961 2354 3118 2424 unkja
3138 2395 3153 2418 ,
3184 2355 3335 2424 sikls,
3372 2359 3459 2412 vel

171 2426 502 2510 generalem.
530 2449 782 2505 usurpat,
824 2453 1014 2508 nempe
1051 2440 1209 2494 skutls
1255 2444 1569 2506 tln-saurus,
1602 2441 1844 2494 situbreiu
1886 2452 2174 2510 argenteus
2218 2440 2587 2509 (nummus);
2638 2443 2949 2496 vocabulum
2994 2454 3168 2498 tamen
3207 2448 3456 2514 unicum,

175 2533 384 2601 origine
404 2533 705 2596 obscurius,
721 2531 892 2585 Ic'ntus
915 2533 966 2584 in
987 2535 1214 2601 propriis
1237 2532 1534 2587 Gothorum
1557 2532 1786 2587 monetis
1810 2532 2028 2586 inscribi
2052 2532 2282 2598 videtur,
2309 2531 2408 2584 nisi
2433 2548 2498 2584 ex
2521 2533 2698 2586 alieno
2721 2533 2876 2590 nobis
2899 2551 3114 2603 prorsiis
3140 2539 3319 2605 ignoto
3348 2557 3464 2594 ser-
3555 2562 3562 2568 -

177 2641 339 2680 mone
367 2626 659 2679 derivetur.
695 2624 1100 2678 llecentioribus
1132 2635 1332 2677 tantum
1366 2624 1695 2692 temporibus
1722 2623 1894 2692 primo
1918 2631 2104 2677 ειμι-ιε
2131 2633 2214 2678 εει
2238 2628 2516 2692 expressio
2544 2624 2804 2695 skilliggs,
2835 2642 2955 2695 qua:
2985 2627 3158 2683 adhuc
3210 2630 3370 2686 budie
3409 2634 3462 2688 in

178 2717 432 2772 ontnibus
459 2716 776 2786 gertnanicis
809 2716 1004 2784 linguis
1035 2727 1340 2785 usurpatur.
1372 2715 1476 2770 Sed
1508 2716 1610 2770 hoc
1640 2709 1820 2770 obit‘er
1846 2715 2044 2770 dictum
2079 2717 2168 2770 sit.
2203 2715 2437 2786 Longius
2463 2716 2605 2769 enim
2628 2733 2657 2769 a
2686 2721 2958 2786 proposito
2986 2721 3398 2788 declinaremus,
3416 2729 3462 2782 si

182 2822 353 2867 t0tum
382 2812 612 2881 gothicaa
640 2811 831 2880 lingua:
865 2815 1172 2868 thesaurum
1203 2830 1270 2870 eo
1301 2814 1460 2868 modo
1488 2815 1756 2870 discutere
1784 2809 2076 2880 vellemus,
2121 2821 2204 2879 et,
2237 2829 2288 2866 v.
2320 2829 2404 2884 gr.
2448 2814 2731 2880 vocabula,
2763 2830 2880 2884 quae
2910 2818 2974 2868 ad
3015 2833 3263 2885 agrorum
3293 2823 3468 2875 cultu-

181 2919 320 2970 ram,
341 2915 537 2968 vestes,
570 2921 737 2970 arma,
761 2908 1183 2976 chronologiaui,
1211 2918 1314 2962 etc.
1343 2907 1669 2974 referuntur,
1695 2909 1780 2964 hic
1801 2909 2075 2979 colligare,
2107 2907 2288 2976 utjam
2318 2907 2445 2961 fecit
2475 2906 2774 2962 Grimmius
2799 2910 3080 2976 (deutsche
3108 2907 3338 2966 Graium.
3373 2914 3464 2979 ιιι,

181 2996 292 3050 514
322 3014 440 3068 sqq.
470 2997 512 3066 ).
543 3000 775 3052 Gradum
807 3015 936 3053 vero
980 3002 1202 3054 cultura:
1233 3015 1287 3054 et
1319 2999 1635 3054 urbanitatis
1669 3001 1840 3069 (gall.
1871 3002 2023 3070 degré
2063 2999 2126 3052 de
2169 2999 2470 3053 civilisatiou
2493 2997 2544 3070 ),
2578 3015 2735 3067 quem
2766 3001 2980 3070 gothica
3009 3015 3140 3070 gens
3183 2983 3296 3060 sive
3343 3018 3470 3062 ante

181 3090 302 3144 sive
328 3105 422 3159 per
449 3091 814 3158 emigrationis
849 3099 1055 3161 tempus
1073 3099 1320 3148 assecuta
1335 3101 1447 3160 est,
1474 3093 1860 3161 investigantes
1880 3133 1895 3157 ,
1925 3091 2068 3144 hunc
2098 3091 2334 3145 laborem
2366 3107 2470 3144 non
2505 3090 2833 3146 infructuose
2861 3093 3176 3160 suscipient.

258 3186 526 3239 Caeterum
578 3184 700 3237 licet
730 3182 960 3236 affinitas
1004 3183 1234 3252 gotbica:
1265 3199 1388 3239 cum
1431 3185 1551 3238 aliis
1580 3183 1902 3254 germauicze
1930 3183 2148 3237 familia:
2175 3182 2368 3253 linguis
2404 3183 2474 3236 sit
2521 3183 2765 3246 indubia,
2801 3183 2901 3237 hoc
2940 3192 3120 3240 tamen
3151 3201 3181 3240 e
3210 3187 3472 3255 glossario

185 3284 339 3341 patet
360 3314 376 3338 ,
409 3275 548 3338 quod
582 3289 703 3338 pars
735 3273 1118 3327 vocabulorum
1151 3291 1254 3327 non
1285 3275 1569 3328 mediocris
1596 3275 1712 3327 sine
1743 3274 1981 3342 analogia
2015 3273 2067 3327 in
2097 3273 2439 3328 sermonibus
2465 3276 2703 3342 cognatis
2735 3286 3038 3331 remaneat.
3070 3278 3320 3345 Exceptis
3349 3281 3470 3348 qui-

184 3365 416 3420 busdam
441 3364 748 3428 vocabulis,
783 3365 872 3433 qui
902 3380 966 3419 ει
1002 3366 1164 3418 latino
1195 3381 1440 3436 graecove
1471 3365 1830 3431 illustrentur,
1867 3374 1924 3418 ut
1953 3366 2141 3430 aistau,
2172 3365 2352 3426 akeits.
2385 3367 2574 3428 aurati.
2607 3367 2829 3431 aurkeis,
2854 3369 2936 3423 vel
2975 3370 3171 3438 hlifan,
3201 3370 3430 3444 [)ragjau
3455 3415 3471 3439 ,

184 3457 386 3522 liteirts,
418 3458 518 3510 alia
547 3467 670 3511 sunt
700 3473 926 3511 numero
959 3458 1211 3526 plurima,
1242 3460 1310 3511 de
1339 3459 1532 3528 quibus
1559 3472 1710 3512 meus
1739 3472 2000 3525 suspensa
2029 3457 2135 3510 dub
2161 3464 2266 3519 tat,
2310 3465 2488 3510 utrum
2522 3457 2585 3510 ad
2633 3459 2771 3513 banc
2815 3459 3064 3513 familiam
3095 3475 3316 3530 prorsus
3343 3463 3475 3516 alie-

183 3566 318 3605 nam
351 3551 690 3618 pertineant,
725 3562 923 3609 necne,
964 3561 1085 3600 cum
1128 3547 1393 3616 imprimis
1439 3563 1626 3602 eorum
1675 3547 1941 3608 ileriyatio
1987 3562 2018 3602 e
2049 3546 2416 3616 tnonosyllaba
2462 3548 2643 3602 radice
2681 3548 2992 3604 nullomodo
3030 3551 3142 3605 fieri
3190 3553 3394 3621 possit,
3421 3562 3478 3604 ut

177 3643 380 3708 ahaks,
416 3639 621 3711 astaps,
665 3640 818 3705 biari,
849 3639 1014 3704 ibuks,
1059 3641 1209 3707 inito,
1254 3641 1411 3708 rs'qiz,
1446 3639 1697 3708 siponeis,
1739 3639 1818 3692 vel
1849 3652 1971 3692 cum
2001 3652 2188 3692 eorum
2223 3637 2386 3691 facies
2426 3639 2658 3691 alienum
2691 3639 2891 3694 fontem
2921 3641 3112 3708 sapiat,
3146 3651 3204 3694 ut
3246 3643 3473 3708 bnauan,

180 3736 372 3809 gards,
403 3733 661 3802 daddjau,
691 3731 956 3799 qrammis,
986 3728 1188 3798 plapja,
1219 3745 1398 3799 maga,
1427 3740 1532 3784 etc.
1566 3730 1719 3782 Enim
1749 3743 1876 3782 vero
1909 3738 2090 3782 utium
2122 3727 2237 3780 brec
2260 3727 2516 3782 vocabula
2550 3735 2603 3781 et
2631 3744 2775 3797 quae,
2805 3729 2912 3781 sint
2940 3731 3113 3797 reipsa
3143 3731 3374 3799 gothica,
3407 3747 3474 3787 an

177 3830 258 3882 ad
291 3839 573 3896 quamuam
607 3821 890 3877 referenda
917 3821 1323 3890 omnigenarum
1355 3820 1593 3889 gentium
1613 3861 1628 3886 ,
1660 3819 1854 3890 quibus
1887 3817 2045 3873 Gothi
2072 3828 2128 3873 et
2150 3827 2270 3873 ante
2300 3826 2356 3874 et
2383 3834 2479 3888 per
2509 3821 2914 3889 emigrationem
2944 3822 3209 3877 commisti
3237 3823 3472 3890 fuerunt,

180 3923 425 3995 quadam
455 3923 782 3978 certitudine
805 3921 1101 3990 dijudicare
1126 3921 1348 3974 arduum
1379 3929 1481 3973 est.

270 4015 350 4070 Ad
395 4031 678 4084 quamnam
725 4031 922 4084 graun
959 4016 1074 4067 tiae
1104 4016 1118 4068 (
1146 4013 1418 4066 orationis
1445 4012 1460 4080 )
1490 4020 1685 4077 partem
1717 4009 1925 4078 singula
1972 4007 2229 4061 vocalmla
2277 4005 2608 4074 pertineant,
2644 4015 2895 4061 accurate
2927 4009 3229 4062 notavimus
3250 4049 3264 4072 ,
3292 4011 3479 4068 addito

183 4108 342 4178 quod
376 4121 472 4176 pro
513 4107 864 4162 substantivis
904 4121 1073 4176 genus
1121 4113 1328 4159 tantum
1374 4103 1640 4167 dedimus,
1687 4117 1792 4155 non
1827 4111 2004 4156 autem
2035 4100 2480 4168 declinationem,
2508 4099 2630 4169 quia
2661 4115 2724 4154 ex
2755 4114 2859 4154 una
2893 4110 3044 4169 parte
3069 4107 3471 4171 grammaticam

185 4199 304 4256 sub
334 4199 433 4252 hoc
463 4208 708 4267 respectu
763 4199 1056 4267 anticipare
1083 4198 1099 4228 ¹
1133 4198 1420 4254 noluimus.
1452 4206 1506 4250 et
1533 4210 1596 4248 ex
1629 4195 1796 4249 altera
1817 4237 1831 4261 ,
1861 4195 2014 4264 quia,
2048 4209 2246 4263 genere
2276 4204 2328 4248 et
2357 4193 2739 4248 terminatione
2793 4193 3051 4264 cognitis,
3072 4197 3182 4264 jam
3213 4199 3475 4266 regulari-

185 4301 285 4343 ter
324 4287 610 4342 innotescit
638 4287 949 4341 declinatio.
983 4286 1394 4342 Masciilinorum
1429 4295 1640 4352 tamen,
1669 4302 1786 4354 qua:
1821 4288 1874 4341 in
1905 4301 2048 4338 nom.
2079 4285 2219 4356 sing.
2251 4301 2344 4354 per
2378 4304 2403 4340 ε
2430 4295 2486 4342 ει
2526 4287 2576 4340 in
2610 4301 2756 4339 nom.
2793 4287 2934 4354 plur.
2966 4305 3062 4356 per
3088 4291 3162 4342 eis
3187 4289 3477 4360 desinunt,

185 4379 490 4434 declinatio
541 4381 765 4435 iudicari
802 4380 1019 4445 debuit,
1051 4387 1110 4432 ut
1137 4378 1206 4434 ab
1231 4379 1350 4431 aliis
1381 4378 1637 4444 pluralem
1672 4379 1723 4432 in
1753 4393 1808 4430 os
1839 4375 2250 4432 ell'ormantibtts
2297 4377 2489 4432 sedulo
2515 4380 2977 4434 discernerentur.
3021 4382 3150 4436 Item
3195 4366 3479 4439 nonnullo-

188 4486 322 4525 rum
368 4472 741 4540 irregularium
785 4472 1240 4524 substantivorum
1283 4468 1635 4522 dellexionem
1672 4483 1702 4522 a
1745 4469 1923 4538 regula
1967 4468 2200 4522 breviter
2241 4468 2477 4523 describi
2507 4471 2832 4523 curavimus.
2876 4471 2982 4526 Sed
3014 4479 3069 4525 et
3097 4471 3480 4541 adjectivorum

186 4563 590 4618 declinationes
621 4573 809 4618 notare
841 4563 1196 4632 negleximus,
1227 4579 1346 4616 cum
1377 4563 1722 4629 grunnitatica
1753 4578 1846 4616 eas
1875 4562 2182 4632 singulatim
2213 4571 2469 4630 exponat.
2495 4563 2758 4617 Praeterea
2787 4579 2816 4617 a
2845 4564 3104 4620 Grimmio
3133 4568 3484 4624 deflectentes

186 4657 208 4725 (
245 4655 318 4708 de
345 4670 450 4721 quo
477 4656 528 4708 in
557 4656 904 4724 gr.:mmatica
939 4656 1199 4709 rationem
1229 4653 1568 4706 exhibuimus
1592 4652 1610 4724 [
1635 4651 1696 4720 ἐξ
1743 4649 1877 4722 1H]
1906 4654 1953 4717 ).
1985 4661 2096 4706 tres
2125 4652 2178 4706 in
2209 4651 2385 4706 verbis
2411 4652 2814 4722 conjugationes
2842 4657 3176 4725 agnovimus.
3209 4658 3386 4713 Prima
3419 4677 3484 4715 ea

188 4747 369 4804 verba
391 4747 649 4808 continet,
680 4763 797 4816 quae
819 4744 1109 4800 Grimmius
1136 4746 1187 4798 in
1219 4743 1594 4811 conjugatione
1625 4743 1744 4796 forti
1774 4745 1911 4797 dicta
1940 4744 2226 4809 ordinavit,
2253 4744 2303 4798 id
2327 4754 2431 4812 est,
2455 4761 2574 4814 quae
2599 4747 2926 4815 praeteritum
2959 4751 3149 4818 partim
3182 4753 3486 4821 reduplica-

180 4841 346 4892 tione
368 4878 380 4899 ,
407 4835 598 4904 partim
626 4835 1128 4902 circumsvriptione
1150 4875 1163 4897 ,
1195 4844 1385 4901 pal'l;ll|
1420 4833 1650 4901 denique
1677 4843 1902 4901 utraque
1935 4833 2014 4886 via
2041 4833 2360 4898 elformant;
2389 4838 2582 4904 quibus
2605 4837 2782 4893 verbis
2811 4841 3140 4908 subjicienda
3169 4858 3293 4898 esse
3322 4844 3481 4900 duxi-

185 4944 323 4985 mus
347 4944 466 4982 cum
491 4927 760 4982 infinitivo
805 4928 963 4981 etiam
989 4928 1022 4981 5
1047 4941 1328 4994 personam
1373 4925 1630 4995 prmteriti
1681 4925 1818 4994 sing.
1843 4934 1896 4980 et
1919 4927 2058 4993 plur.
2078 4970 2092 4992 ,
2121 4943 2330 4982 necnon
2355 4939 2407 4983 et
2435 4930 2770 5001 participium
2797 4943 2950 4997 przet.
2969 4975 2982 4997 .
3009 4948 3131 4988 cum
3154 4935 3271 4988 aliae
3297 4935 3484 4990 formae

186 5023 554 5093 derivataque
581 5023 838 5078 vocabula
872 5038 935 5076 ex
985 5022 1087 5075 illis
1115 5021 1472 5075 deducantur.
1517 5020 1710 5074 Nostra
1753 5021 1984 5074 secunda
2017 5022 2352 5089 gritnmiatue
2379 5024 2740 5094 conjugationi
2773 5025 2936 5078 debili
2975 5027 3298 5092 reSpondet,
3328 5037 3396 5082 tet
3414 5031 3485 5084 tia

190 5114 422 5169 tandem
463 5115 803 5183 amplectitur
847 5112 1007 5166 virba
1051 5115 1102 5166 in
1144 5130 1245 5166 nun
1289 5113 1459 5176 finita,
1503 5129 1620 5180 qua:
1655 5110 1863 5180 passiva
1913 5113 1996 5166 vel
2043 5113 2217 5166 media
2269 5113 2660 5182 significatione
2685 5113 2944 5183 gaudent,
2977 5124 3257 5185 ortumque
3285 5116 3487 5172 ducunt

190 5222 230 5260 ε
281 5206 700 5276 ιετΙιίεκῃι-ιηιίε
748 5206 1072 5261 secundmve
1097 5204 1566 5275 conjugatinnum,
1613 5212 1667 5257 cl.
1718 5203 1860 5258 inter
1885 5205 2130 5257 anomala
2185 5204 2414 5272 gothica:
2467 5203 2860 5272 conjugationis
2910 5219 2938 5255 a
2984 5203 3244 5260 Grimmio
3285 5208 3486 5260 adscri-

188 5301 422 5354 buntur.

275 5389 318 5444 Ε
359 5389 636 5445 contrario
664 5387 994 5455 superfluum
1025 5386 1247 5448 fuisset,
1291 5387 1334 5441 si
1367 5387 1592 5458 singulis
1623 5385 1898 5440 vocabulis
1931 5385 2130 5439 formas
2158 5402 2344 5439 omnes
2383 5396 2437 5440 et
2460 5386 2776 5440 inllexioues
2802 5402 2934 5455 quas
2966 5387 3193 5442 induere
3224 5395 3446 5454 possunt
3469 5430 3484 5451 ,

191 5490 258 5537 ut
298 5479 450 5534 Gralf
478 5489 535 5536 ει
563 5479 850 5534 Richtofen
895 5479 1159 5547 fecerunt,
1189 5478 1643 5550 subjccisscmus;
1677 5479 1877 5535 etenim
1905 5493 2010 5532 non
2042 5477 2215 5531 Solum
2249 5477 2636 5548 orthographia
2665 5478 2876 5547 gothica
2909 5481 3107 5532 certior
3133 5489 3214 5532 est
3242 5479 3403 5533 simul
3431 5488 3484 5536 et

281 5642 295 5669 ι
338 5638 666 5693 Glossarium
714 5640 766 5692 in
812 5638 1048 5696 editione
1113 5639 1419 5709 gerrnanica
1491 5638 1891 5710 grammaticam
1953 5636 2256 5707 precedere
2297 5636 2407 5708 jam
2460 5636 2797 5704 monuimus,
2845 5636 2954 5693 col.
3001 5635 3104 5692 884
3132 5675 3148 5704 ,
3193 5643 3307 5691 not.
3339 5633 3488 5691 ³1η-

196 5726 368 5782 terpr.
