4056 6302
1571 482 2391 610 ELENGHUS

545 884 1037 950 AUGTORUM
1074 884 1193 947 ET
1232 883 1616 947 OPERUM
1656 886 1813 964 QUI
1848 885 1952 948 ΠΨ
1980 885 2166 948 H00
2195 883 2452 948 ’1⁵0Πο
2480 886 2727 952 XVIII
2765 889 3437 962 common.

1498 1151 2385 1187 -—~-—~r——--o--———-——-

1185 1460 1248 1521 S.
1286 1456 1760 1519 METHODIUS
1801 1457 2214 1521 EPISCOPUS
2254 1458 2360 1521 ET
2411 1461 2773 1523 MARTYR.

358 1619 746 1682 Convivium
782 1620 1001 1683 decem
1041 1620 1390 1698 virginum.
3274 1625 3395 1688 col.
3521 1629 3603 1689 27

360 1722 668 1800 Excerpta
703 1738 774 1784 ac
805 1723 1126 1784 orationes
1159 1720 1437 1800 aliquot.
3483 1729 3604 1789 229

1132 1885 1629 1946 ALEXANDER
1677 1885 2338 1950 LYCOPOLITANUS
2383 1888 2820 1955 EPISCOPUS.

363 2046 684 2106 Tractatus
715 2043 792 2106 de
824 2043 1068 2123 placitis
1097 2042 1616 2108 Manichaeorum.
3487 2057 3598 2118 ιιι

1197 2208 1260 2269 S.
1307 2207 1610 2269 PETRUS
1652 2209 2274 2272 ALEXANDRINUS
2322 2212 2765 2277 EPISCOPUS.

360 2367 647 2444 Epistola
679 2369 1004 2429 canonica.
3492 2385 3609 2446 1:67

360 2466 646 2538 Epistola
679 2467 756 2528 ad
788 2466 1134 2529 Ecclesiam
1169 2467 1692 2530 Alexandrinam.
3491 2484 3609 2543 510

307 2633 310 2636 .
357 2573 736 2650 Fragmenta
763 2572 955 2632 varia.
3491 2588 3610 2648 5.10

1106 2737 1167 2798 s.
1215 2705 1714 2798 ALEXANDER
1756 2737 2180 2802 EPISCOPUS
2223 2742 2867 2806 ALEXANDRINUS.

360 2901 662 2979 Epistola
694 2899 773 2962 de
810 2900 1037 2962 Ariona
1062 2899 1288 2962 haeresi
1325 2901 1535 2980 deque
1569 2900 1703 2962 Arii
1736 2901 2162 2980 depositione.
3498 2913 3614 2975 5&8

363 3007 588 3064 Sermo
619 3004 698 3063 de
729 3002 945 3065 anima
985 3012 1045 3065 et
1074 3018 1342 3082 corpore
1372 3003 1583 3084 deque
1617 3003 1916 3082 passione
1949 3005 2233 3068 Domini.
3497 3016 3614 3077 586

802 3168 863 3230 S.
912 3166 1413 3230 EUSTATHIUS
1463 3168 1884 3231 EPISCOPUS
1927 3144 2490 3233 ANTIOCHENUS
2541 3172 2644 3233 ΕΤ
2687 3171 3173 3238 CONFESSOR.

364 3334 456 3396 De
494 3330 1014 3411 Engastrimytho
1043 3339 1262 3396 contra
1297 3331 1666 3410 Origenem.
3498 3339 3615 3402 6m

364 3432 686 3494 Allocutio
718 3433 794 3493 ad
831 3431 1283 3509 imperatorem
1317 3431 1802 3495 Constantinum
1830 3430 1897 3493 in
1928 3430 2202 3494 concilio
2233 3431 2516 3496 Nicano.
3215 3424 3224 3431 ’
3499 3436 3614 3495 674

368 3533 748 3610 Fragmenta
789 3531 981 3593 varia.
3497 3533 3615 3593 676

365 3632 614 3702 Spuria.
650 3665 726 3677 —-
757 3630 1264 3694 Commentarius
1293 3629 1361 3694 in
1397 3630 1865 3693 Hexaemeron.
3500 3630 3615 3689 708

1387 3797 1620 3859 TITUS
1661 3797 2143 3860 BOSTBENSIS
2185 3797 2628 3862 EPISCOPUS.

367 3963 540 4024 Libri
577 3971 702 4025 tres
727 3964 1035 4026 adversus
1080 3963 1480 4027 Manichaeos.
2493 3970 2506 3987 '
3463 3960 3615 4019 1069

1169 4131 1654 4192 THEODOBUS
1701 4127 2305 4193 HERACLEENSIS
2357 4125 2804 4193 EPISCOPUS.

365 4305 742 4380 Fragmenta
775 4299 836 4362 in
876 4297 1130 4377 .lsaiam.

1800 4487 2203 4550 MONI'IUM.

437 4640 584 4696 Sciat
613 4629 786 4692 lector
829 4636 1020 4691 Patres
1049 4642 1225 4704 quarti
1271 4635 1454 4690 saeculi
1501 4642 1554 4689 et
1595 4633 1933 4704 sequentium
1968 4636 2060 4703 qui
2096 4631 2337 4704 Syri'ace,
2387 4633 2672 4688 Armenice
2707 4631 2786 4688 vel
2829 4630 2936 4685 alio
2980 4642 3304 4700 quocunque
3335 4625 3598 4684 Orientali

366 4735 619 4791 idiomate
643 4732 999 4802 scripserunt,
1029 4730 1095 4785 ad
1127 4730 1452 4800 peculiarem
1484 4731 1677 4784 seriem
1713 4743 1739 4782 a
1770 4729 1924 4784 nobis
1954 4728 2292 4792 amendatos,
2320 4729 2405 4782 cui
2429 4727 2738 4798 Patrologia
2771 4727 3056 4782 Orientalis
3088 4727 3301 4784 titulum
3335 4725 3599 4794 fecimus;

365 4846 474 4886 non
511 4831 673 4900 igitur
718 4828 944 4883 miretur
991 4827 1189 4883 omissa
1223 4826 1276 4880 in
1310 4825 1664 4894 sequentibus
1711 4824 1873 4879 tomis
1906 4823 2127 4878 nomina
2173 4820 2229 4875 S.
2264 4819 2447 4877 Jacobi
2492 4821 2726 4877 Nisibeni
2752 4860 2769 4885 ,
2805 4820 2864 4875 S.
2905 4820 3149 4889 Gregorii
3194 4817 3602 4882 liluminatoris,

368 4922 425 4976 S.
467 4923 717 4991 Ephrem,
754 4930 882 4986 etc.,
919 4921 1012 4990 qui
1047 4921 1102 4974 in
1133 4935 1270 4974 nova
1304 4919 1446 4975 serie
1479 4921 1656 4972 locum
1701 4917 2042 4972 obtinebunt.
2075 4917 2298 4970 Patrum
2341 4916 2506 4969 etiam
2541 4913 2902 4967 Armeniorum
2935 4911 3136 4978 scripta
3169 4925 3290 4978 quae
3311 4917 3396 4963 vet
3439 4908 3591 4977 prelo

365 5021 553 5082 parata
589 5011 790 5065 habent
820 5010 904 5065 vel
929 5010 1040 5080 jam
1080 5011 1366 5066 ediderunt
1408 5007 1710 5064 doctissimi
1756 5005 2138 5063 Mekitliaristac
2172 5005 2376 5070 Veneti,
2409 5002 2711 5060 collectioni
2743 5012 2946 5056 nostrae
2974 5000 3246 5055 inserendi
3277 5011 3601 5070 potestatem

367 5106 611 5163 facturos
640 5121 946 5176 speramus.

2327 5735 2401 5788 Ex
2434 5732 2596 5805 Typis
2631 5731 2858 5800 MIUNE,
2891 5747 2956 5786 au
2990 5728 3488 5796 l’ctit-Montrouge.
