4056 6302
292 461 302 471 1
361 442 909 493 E——-——-—_-

917 447 3568 517 Ἢ

1608 600 1784 674 anno
1830 630 2061 674 DOMINI
2095 630 2320 674 cccxu.

1003 834 1210 1046 S.
1369 837 2921 1054 METHODIUS

1262 1202 1910 1295 EPISCOPUS
1979 1203 2130 1293 ET
2199 1204 2693 1294 MARTYR

766 1588 1368 1713 NOTITIA
1444 1582 3164 1712 HISTORICOrLlTTERARIA

1270 1819 1542 1885 (Gscunn,
1565 1819 1675 1869 γει.
1700 1818 1844 1867 Patr.
1872 1800 2120 1873 Biblioth.,
2142 1813 2232 1874 Ill,
2256 1815 2481 1879 Proleg.,
2503 1829 2552 1878 p.
2580 1815 2668 1879 LI.)

412 2125 459 2181 Ι.
490 2116 808 2200 Methodius,
832 2121 1006 2200 dictus
1030 2132 1078 2176 et
1106 2120 1412 2200 Eubulius;
1445 2119 1850 2200 Olympi-simul
1884 2129 1937 2200 et
1965 2118 2370 2200 Patarorumjn
2406 2117 2590 2200 Lycia,
2619 2129 2801 2200 postea
2831 2121 2960 2200 Tyri
2996 2122 3050 2176 in
3073 2120 3348 2200 Phoenicia
3378 2125 3585 2194 episco-

342 2210 462 2260 nus,
489 2198 631 2250 circa
651 2192 851 2249 Christi
884 2210 1080 2247 annum
1120 2193 1225 2247 5η
1263 2189 1532 2263 martyrio
1557 2190 1824 2247 sublatus.
1872 2189 2045 2244 Locus
2073 2190 2337 2260 passionis
2382 2189 2495 2259 ejus
2529 2190 2839 2261 inquiritur.

343 2268 516 2336 ipsum
542 2265 637 2321 sub
668 2265 828 2320 Decio
852 2274 902 2318 et
935 2263 1219 2318 Valeriano
1236 2280 1455 2332 passum
1491 2263 1679 2316 tradit.

2915 2194 3145 2247 ententia
3177 2195 3435 2263 rejicitur,
3471 2213 3588 2267 quae

412 2360 476 2417 ll.
515 2362 758 2428 Quantus
792 2363 869 2414 uir
903 2358 1204 2415 Methodius
1225 2376 1290 2414 ex
1311 2369 1538 2414 veterum
1575 2357 1911 2413 testimoniis.
1951 2354 2098 2411 Unus
2137 2353 2393 2410 Eusebius
2427 2351 2582 2410 illum
2608 2356 2893 2425 pra'leriit;
2924 2353 3061 2428 quod
3089 2358 3338 2412 nimirum
3372 2370 3590 2415 sanctus“

350 2429 510 2487 Pater
534 2433 727 2503 stylum
756 2433 1005 2487 adversus
1031 2431 1309 2502 Origenem
1333 2431 1629 2484 strinxerit.

413 2524 502 2580 lll.
537 2526 822 2594 Complura
857 2528 1154 2581 litterarum
1179 2527 1529 2580 monumentis
1552 2526 1902 2596 consignavit.
1936 2524 2179 2596 Interea
2202 2522 2433 2596 primum
2467 2520 2644 2596 locum
2682 2521 2877 2596 obtinet
2906 2522 3231 2596 Convivium
3257 2522 3447 2596 decem
3476 2525 3589 2578 vir-

345 2596 554 2675 ginum.
602 2590 785 2664 operis
815 2598 1131 2667 praestantia
1165 2605 1321 2666 atque
1352 2596 1580 2651 utilitas.
1610 2590 1757 2651 Intér
1784 2596 1939 2675 hujus
1969 2590 2224 2648 editiones
2266 2593 2457 2647 eminet
2493 2590 2904 2662 Combeﬁsiana,
2928 2611 3043 2665 qua:
3069 2594 3185 2648 ideo
3212 2594 3296 2648 hic
3333 2597 3593 2650 recensita

342 2676 393 2721 et
418 2666 702 2721 adornata.

414 2757 502 2817 Ν.
533 2759 675 2814 Cura
697 2770 747 2814 et
772 2760 1006 2815 studium
1036 2763 1087 2815 in
1115 2760 1313 2816 edendo
1347 2761 1479 2816 libro
1506 2761 1581 2817 De
1608 2762 1778 2817 libero
1802 2761 2047 2817 arbitrio.
2080 2758 2228 2814 Unde
2263 2759 2560 2830 fragmenta
2582 2758 2695 2828 ejus
2724 2757 3018 2829 desumpta.
3067 2775 3075 2783 '

412 2847 478 2923 Υ.
517 2851 818 2922 Sequuntur
839 2864 1083 2923 excerpta
1112 2853 1185 2908 De
1207 2854 1608 2909 resurrectione
1641 2853 1888 2908 adversus
1923 2854 2217 2923 Origenem.
2238 2850 2400 2923 ppu;
2446 2850 2720 2923 laudatum
2757 2866 2866 2919 pra:
2896 2852 3120 2923 crpteris,
3148 2850 3441 2923 Eustathio
3469 2854 3582 2908 An-

349 2920 606 2995 tiocheno.
640 2922 723 2995 Ad
756 2920 1223 2995 formam'dialogi,
1253 2935 1311 2978 ut
1337 2935 1386 2979 et
1417 2924 1734 2995 praecedens,
1768 2920 2090 2979 contextum.
2118 2922 2200 2976 Ea:
2230 2920 2523 2995 Epiphanio
2553 2921 2605 2974 in
2616 2922 2895 2995 _primis_e_t
2916 2921 3106 2995 Photio
3129 2922 3424 2994 fragmenta
3453 2925 3588 2980 satis

346 2993 525 3065 ampla
553 2993 802 3060 deducta,
833 3004 882 3049 et
921 3012 1039 3048 cum
1088 2993 1217 3050 mss.
1243 2995 1461 3050 collata.
1493 2994 1656 3049 Aliud
1679 2995 1849 3050 nobile
1881 3007 2179 3065 excerptum
2213 2993 2558 3062 prapositum.

342 3061 528 3131 ﬂatur.

2644 2993 2913 3061 mprovida
2946 2991 3101 3047 Cavei
3130 2991 3365 3049 censura
3404 2996 3589 3065 exsuf-

371 3166 377 3174 '
412 3154 501 3212 Vl.
533 3149 751 3226 Reliqua
770 3146 1111 3211 Methodiana
1132 3158 1360 3212 strictim
1388 3158 1645 3226 exposita.
1669 3148 1941 3211 Nimirum
1974 3156 2239 3209 Photiana
2262 3161 2504 3223 excerpta
2530 3150 2851 3226 Decreatis;
2876 3154 3085 3211 laciniw
3110 3156 3365 3212 librorum
3397 3161 3590 3217 adver-a

345 3240 440 3299 sus
474 3224 869 3299 Porphyrium;
908 3230 1260 3299 fragmentum
1299 3246 1365 3284 ea:
1397 3224 1635 3282 sermone
1662 3229 1737 3282 De
1770 3228 2141 3299 martyribus:
2176 3226 2417 3299 homilicq
2446 3224 2681 3299 tres,_l)e
2720 3225 2986 3296 Symeone
3022 3237 3076 3299 et
3108 3229 3287 3293 Anna,
3313 3229 3369 3285 In
3403 3246 3590 3290 ramos

343 3294 674 3362 Palinurum,
714 3307 769 3353 et
799 3298 874 3352 De
905 3294 1069 3354 cruce
1103 3299 1315 3353 Domini
1345 3319 1358 3354 :
1405 3299 1593 3371 quibus
1626 3299 1748 3353 alite
1778 3294 2068 3368 complures
2114 3312 2328 3366 operum
2359 3294 2821 3350 Methodianoru‘m
2859 3298 3090 3368 reliquiis
3116 3300 3383 3369 subjecttc.

415 3442 748 3511 Methodius,
771 3445 864 3513 qui
887 3451 941 3499 et
973 3442 1241 3499 Eubulius
1267 3443 1448 3499 dictus
1477 3442 1781 3513 Epiphanio
1812 3440 1910 3514 (a),
1940 3449 1989 3505 Α
2016 3440 2067 3495 id
2093 3446 2179 3496 es‘t
2207 3440 2352 3495 circa
2392 3452 2595 3493 annum
2642 3437 2845 3495 Christi
2879 3438 3004 3505 312,
3049 3440 3227 3511 ipsum
3250 3442 3305 3496 in
3334 3440 3591 3503 Gbalcide

343 3534 582 3605 primum
611 3526 824 3606 Olympi
852 3535 1015 3589 simul
1062 3544 1116 3591 et
1160 3534 1480 3592 Patarorum
1530 3537 1586 3591 in
1614 3536 1778 3608 Lycia
1803 3536 1915 3605 epi-

345 3634 630 3697 scopatum
659 3628 862 3697 gessit;
887 3626 1085 3696 priscis
1115 3628 1259 3683 enim
1284 3629 1390 3684 illis
1413 3628 1749 3699 temporibus
1779 3627 1917 3683 civi-

340 3722 485 3771 tates
508 3716 645 3772 duas
667 3725 761 3772 aut
789 3718 950 3772 etiam
975 3719 1177 3787 plures,
1213 3734 1277 3773 ac
1309 3721 1527 3776 certein
1560 3713 1746 3791 Lycia,
1772 3736 1916 3776 unus

346 3807 576 3862 antistes
604 3808 1041 3871 administrabat,
1104 3820 1163 3865 ut
1190 3812 1538 3867 observatum
1582 3814 1796 3870 erudito
1820 3812 1920 3869 Le-

343 3900 566 3971 quienio
587 3900 682 3973 (b).
712 3898 779 3954 Et
806 3900 1126 3957 Patarorum
1152 3905 1371 3974 quidem
1406 3907 1723 3976 episcopum
1747 3907 1919 3964 fuisse

341 3991 695 4055 Methodium,
729 3991 936 4062 antiqui
968 3996 1172 4063 passim
1197 3995 1414 4050 codices
1445 4002 1498 4050 et
1529 3996 1623 4065 qui
1652 3997 1773 4065 ejus
1803 4012 1920 4052 me~

342 4084 552 4140 minere
579 4085 878 4155 scriptores
927 4083 1122 4151 Graeci,
1158 4094 1474 4142 testantur':
1509 4085 1723 4159 Olympi
1762 4103 1915 4156 vero,

343 4187 540 4248 praeter
568 4176 956 4249 Hieronymum
986 4179 1077 4251 (ς),
1108 4180 1272 4235 etiam
1314 4180 1583 4236 Maximus
1640 4181 1918 4238 memoriae

343 4269 584 4340 prodidit
625 4270 703 4341 (ά)
737 4290 752 4323 :
785 4269 944 4340 cujus
992 4270 1192 4336 locum,
1226 4287 1359 4328 sane
1396 4282 1735 4344 corruptum,
1775 4274 1920 4328 inter

342 4364 588 4414 veterum
621 4358 935 4415 testimonia
968 4360 1126 4416 nobis
1191 4359 1333 4415 infra
1364 4363 1618 4428 relatum,
1662 4364 1737 4417 ita
1762 4363 1918 4419 resti-

344 4452 606 4508 tuendum
653 4452 869 4507 censuit
922 4452 1116 4508 doctus
1163 4451 1412 4510 Valesius
1435 4454 1504 4525 (e)
1542 4474 1556 4510 :
1623 4455 1919 4526 Ἀνάγνωθι

345 4543 607 4598 Μεθοδὶω
633 4543 726 4597 τοῦ
755 4543 910 4612 ἁγίου
943 4543 1236 4615 μάρτυρος,
1266 4546 1360 4600 καὶ
1409 4546 1684 4618 Ὀλύμπου
1715 4547 1919 4619 Ἀδρια-

347 4634 651 4698 νουπόλεως
694 4634 993 4689 ἐπισκόπου
1050 4637 1147 4706 τῆς
1197 4637 1424 4703 Λυκίας,
1477 4637 1547 4692 τὰ
1594 4637 1713 4692 κατ’
1751 4637 1916 4693 αὐτοῦ

349 4724 707 4799 (Ὠριγένους)
752 4729 881 4799 περὶ
924 4730 1268 4795 ἀναστάσεως
1309 4731 1610 4801 γραφέντα.
1647 4714 1719 4784 Idi
1775 4734 1860 4788 est
1898 4750 1911 4786 :

2019 3532 2239 3587 Graeciae
2294 3531 2617 3603 martyrium
2674 3531 2917 3586 subiisse
2969 3531 3156 3586 tradit.
3220 3531 3347 3589 Haec
3403 3547 3586 3591 autem

2019 3624 2333 3678 summatim
2384 3638 2676 3678 recensens
2737 3621 3020 3677 Fabricius
3076 3624 3182 3694 (ι’),
3230 3626 3482 3680 rescribit
3530 3628 3590 3681 in

2019 3714 2268 3772 Chalcide
2301 3714 2473 3786 Syriis
2502 3730 2520 3768 :
2552 3715 2696 3769 unde
2724 3731 2856 3770 vero
2888 3716 2942 3770 id
2966 3717 3231 3781 hauserit,
3264 3732 3375 3772 non
3397 3717 3587 3777 refert.

2018 3808 2196 3880 Atque
2228 3809 2305 3863 ita
2330 3807 2564 3863 fortasse
2586 3805 2876 3876 legendum
2923 3807 2979 3861 in
3010 3817 3159 3863 textu
3203 3808 3590 3882 Hieronymia-

2020 3917 2112 3965 no,
2144 3900 2305 3970 cujus
2334 3900 2551 3969 vulgata
2587 3899 2754 3953 lectio
2786 3898 3132 3955 Tillemontio
3159 3918 3375 3973 quoque
3405 3905 3587 3963 minus

2020 3993 2284 4062 probatur
2319 3992 2393 4061 (g)
2429 4009 2442 4044 :
2478 3997 2537 4043 ut
2586 3989 2816 4061 proinde
2854 4005 2985 4046 vero
3041 3992 3268 4063 propius
3312 3995 3584 4062 videatur,

2021 4089 2273 4138 sanctum
2296 4081 2589 4153 Tyriorum
2622 4083 2678 4136 in
2706 4081 2988 4137 Phoenicia
3040 4084 3358 4157 episcopum
3380 4097 3587 4162 marty-

2020 4176 2104 4230 rio
2128 4173 2302 4231 i'uisse
2338 4176 2614 4231 sublatum
2649 4177 2705 4231 in
2762 4178 2980 4248 regione
3025 4182 3588 4256 contermina;atque

2021 4266 2289 4336 ejusmodi
2313 4274 2429 4322 erat
2454 4266 2780 4324 Chalcidene
2808 4269 2864 4322 in
2885 4268 3200 4342 leesyria,
3226 4273 3385 4343 cujus
3423 4285 3587 4347 caput

2020 4358 2258 4415 Chalcis.
2311 4356 2498 4430 Neque
2548 4358 2708 4437 aliter
2763 4374 2896 4415 sane
2945 4362 3220 4432 accepisse
3274 4362 3587 4438 Hieronymi

2018 4453 2182 4510 verba
2206 4451 2550 4523 Sophronias
2580 4452 2703 4522 ejus
2737 4452 3006 4524 interpres
3029 4454 3370 4526 dignoscitur
3413 4478 3427 4514 :
3460 4475 3586 4515 ver-

2018 4544 2086 4599 tit
2145 4545 2312 4608 enim,
2362 4545 2419 4598 ὲν
2449 4543 2674 4598 Χαλκίδι
2731 4545 2831 4616 τῆς
2871 4546 3182 4618 Ἀνατολῆς,
3237 4550 3294 4603 in
3337 4549 3589 4607 Chalcide

2019 4636 2145 4691 urbe
2176 4636 2422 4692 Orientis.
2462 4636 2664 4693 Eadem
2727 4637 2891 4692 habet
2950 4636 3148 4696 Suidas
3189 4641 3288 4712 (h),
3344 4641 3589 4714 Sophro-

2020 4731 2172 4784 nium
2202 4730 2548 4786 exscribens.
2582 4730 2851 4785 Caeterum
2881 4730 3131 4786 audiendi
3161 4747 3272 4787 non
3305 4744 3455 4799 sunt,
3491 4737 3585 4807 qui

353 4832 374 4865 ι
413 4813 555 4884 Lege
610 4831 731 4885 quae
780 4819 1041 4873 adversus
1088 4816 1371 4890 Origenem
1414 4820 1481 4875 de
1519 4820 1918 4876 resurrectione
1948 4809 1992 4863 Β
2022 4817 2354 4873 Methodium
2393 4818 2496 4873 sub
2544 4816 2703 4874 Decio
2745 4830 2799 4875 et
2844 4817 3131 4876 Valeriano
3153 4836 3374 4892 passum
3417 4823 3590 4883 fuisse

352 4905 574 4975 scripsit
615 4907 944 4972 Methodius,
974 4906 1357 4967 sanctissimus
1389 4919 1595 4984 martyr
1618 4920 1671 4966 et
1703 4912 1916 4982 episco—

350 5011 452 5066 pus
474 4995 707 5068 Olympi,
746 4999 899 5055 urbis
928 4999 1125 5072 Lyciaa,
1158 5017 1279 5072 quae
1323 5003 1485 5056 etiam
1530 5001 1916 5073 Adrianopolis

347 5087 492 5141 dicta
518 5097 622 5143 est.
659 5107 679 5141 ι
709 5084 848 5143 Tum
883 5083 1010 5162 Tyri
1050 5093 1104 5146 in
1152 5091 1433 5148 Phoenicia
1487 5091 1785 5149 Ecclesiam
1828 5109 1916 5148 re-

349 5179 579 5249 gendam
613 5181 856 5252 suscepit
888 5192 1112 5240 sanctus
1160 5182 1344 5251 Pater,
1370 5184 1560 5241 eodem
1581 5184 1913 5256 Hieronymo

349 5276 513 5337 teste;
545 5273 637 5342 qui
662 5281 716 5327 et
736 5274 804 5327 ad
834 5281 1133 5330 extremum
1160 5277 1470 5334 novissimae
1491 5277 1910 5348 persecutionis,

421 5447 496 5523 (ᾳ)
519 5446 714 5523 Epiph.
754 5446 904 5523 Hier.
935 5450 1135 5523 πέμπῃς
1173 5452 1261 5507 65.

443 5465 475 5502 a
519 5447 714 5518 Epiph.
754 5447 904 5502 Hier.
935 5450 1135 5523 Lx1v,§
1173 5452 1261 5507 65.

441 5447 496 5590 0;
521 5516 1072 5597 kequien.m0r._Ch_r-._
1100 5531 1230 5577 tom.
1256 5522 1296 5589 Ι,
1321 5539 1373 5593 p.
1407 5522 1510 5597 9Z6
1532 5540 1644 5597 seq.

441 5517 492 5590 b)
521 5517 779 5598 Lequien.
813 5517 1066 5602 0r._Chr.
1100 5517 1230 5577 (om.
1256 5522 1296 5589 I,
1321 5539 1373 5593 p.
1407 5522 1510 5578 976

418 5517 496 5728 ἕξις
776 5589 1393 5728 ξ.εεξξ.ιῐίξιιξιεες;εοε;ί;ε;
1421 5596 1510 5722 ii;

348 5659 496 5781 ﬁgi)
778 5662 830 5714 in
856 5661 1031 5716 schol.
1056 5663 1121 5717 ad
1168 5659 1393 5736 Diony‘s.
1422 5666 1623 5737 Areop.
1679 5669 1756 5722 De
1783 5667 1910 5723 eccl.

438 5745 510 5793 r.,
540 5745 661 5793 cap.
701 5745 740 5785 ι.

419 5799 491 5858 te)
524 5798 702 5857 Vales.
729 5800 796 5855 ad
826 5799 1023 5858 Euseb.
1059 5800 1199 5857 Hist.
1221 5805 1349 5860 eccl.
1378 5806 1471 5869 lib.
1507 5823 1580 5875 Vl,
1610 5809 1835 5880 capiti.

665 5899 930 5960 ΡΑΤιιοι..
981 5897 1100 5959 Gn.
1132 5897 1365 5961 XVIII.

2019 4910 2242 4964 tradunt
2281 4929 2294 4964 :
2326 4909 2527 4980 quippe
2551 4911 2645 4980 qui
2695 4911 2866 4965 multa
2893 4911 3198 4982 scripserit,
3240 4931 3349 4971 non
3373 4923 3587 4974 tantum

2016 5008 2207 5056 contra
2226 4998 2535 5071 Origenem,
2568 4999 2660 5055 diu
2684 5008 2805 5071 post
2830 5000 3143 5056 Adamantii
3180 5017 3408 5061 mortem
3437 5025 3452 5074 ;
3489 5009 3588 5064 sed

2013 5103 2067 5154 et
2099 5105 2291 5152 contra
2318 5094 2841 5167 Porphyrium,dum
2867 5095 3063 5168 Tyrius
3091 5100 3182 5156 ille
3203 5101 3586 5172 philosophus,

2015 5188 2317 5259 imperante
2363 5185 2725 5251 Diocletiano,
2759 5186 2818 5241 in
2864 5188 3005 5246 vivis
3062 5192 3278 5263 agebat.
3329 5189 3396 5247 Et
3447 5193 3588 5249 hanc

2019 5281 2240 5354 quidem
2272 5279 2620 5347 sententiam,
2654 5288 2778 5351 post
2798 5279 3056 5339 Ecclesiae
3076 5286 3355 5342 annalium
3390 5301 3588 5356 paren-

2091 5456 2517 5537 gQ-Fabg‘li‘ibl.
2547 5458 2639 5514 Gr.
2670 5467 2800 5514 tom.
2831 5459 2902 5525 ν,
2939 5478 3060 5533 pag.
3097 5464 3206 5520 255
3232 5464 3337 5537 (ed.
3366 5461 3584 5525 Harios.

2018 5538 2063 5586 t.
2088 5527 2201 5587 VII.
2235 5546 2288 5599 p.
2309 5528 2459 5603 260).
2941 5527 2954 5532 ’
3012 5527 3033 5533 ⁷
3237 5527 3264 5554 “’

2018 5599 2405 5727 Μὲὅξοξξιιθω.
2443 5599 2601 5654 Hem.
2638 5609 2771 5657 tom.
2794 5599 2862 5666 ν,
2895 5616 2949 5671 p.
2996 5600 3118 5667 767,
3164 5610 3288 5660 not.
3323 5604 3357 5659 3
3389 5622 3481 5659 sur
3525 5607 3584 5664 S.

2146 5688 2254 5725 ιοα.

1987 5742 2163 5817 '__(h)
2197 5740 2350 5797 Suid.
2411 5741 2468 5796 in
2508 5739 2641 5796 Lex.
2695 5759 2742 5796 ν.
2796 5739 3113 5804 Μεθόδιος,
3156 5749 3290 5801 tom,
3334 5745 3413 5812 ῃ,
3461 5763 3584 5817 pag.

2016 5813 2138 5868 59.0.

3216 5917 3249 5977 1

1570 6014 2109 6130 265ιέ49
