4056 6302
408 380 464 431 11
1317 382 1376 436 S.
1414 379 1818 436 METHODIUS
1857 379 2239 436 EPISCOPUS
2278 380 2366 436 ET
2415 382 2727 440 MARTYB.
3588 387 3654 439 12

403 507 507 550 tem
558 495 642 569 (i),
701 499 873 554 secuti
911 506 1037 553 sunt
1086 498 1192 554 viri
1245 499 1574 564 dOCllSSlmi,
1634 514 1774 569 quos
1827 501 1967 556 inter
1995 509 2040 564 Α
2069 498 2348 567 hominum
2377 503 2608 571 desidia,
2634 505 2844 574 reliqua
2873 503 3036 561 home
3053 512 3319 562 lecerunt.
3351 506 3458 563 Sed
3498 522 3652 578 qua:-

402 587 715 644 llolstenius
745 587 831 661 (ἱ),
863 590 1092 647 Allatius
1121 591 1461 664 (It),Vossius
1493 593 1578 665 (ΙΙ,
1619 602 1782 664 atque
1808 592 1975 650 Pear-
2075 607 2291 662 cunque
2313 593 2530 649 demum
2556 603 2836 666 superant,
2867 612 2897 650 a
2931 605 3082 653 tanto
3110 597 3370 655 Ecclesiae
3419 600 3649 655 doctore

399 681 592 737 sonius
609 679 730 754 (ιη).

466 772 532 830 ll.
559 774 691 841 Quae
712 789 834 829 cum
853 775 940 829 ita
969 776 1099 842 sint,
1130 777 1414 833 desinente
1444 777 1609 848 igitur
1639 779 1841 834 saeculo
1883 794 1967 842 ιιι,

396 867 656 923 lnclaruil
721 880 944 929 sanctus
1010 869 1350 938 Methodius,
1439 868 1578 943 ἀνὴρ
1651 869 1830 939 λόγιος
1878 873 1972 924 καὶ

397 961 601 1033 σφόδρα
621 961 748 1032 περὶ
776 960 877 1032 τῆς
898 959 1153 1032 ἀληθείας
1173 960 1602 1033 ἀγωνισάμενος,
1635 962 1812 1033 inquit
1843 963 1971 1035 Epi-

396 1053 626 1124 phanius
658 1052 758 1123 (η),
799 1054 876 1106 vir
906 1052 1134 1120 apprime
1157 1062 1342 1106 aoctus
1373 1055 1758 1126 acerrimusque
1782 1057 1973 1110 uerita-

395 1147 460 1199 tis
487 1154 770 1214 patronus;
801 1143 934 1215 quin
987 1151 1040 1200 et
1071 1144 1458 1200 disertissimus
1515 1157 1740 1218 martyr,
1785 1147 1968 1219 judice

391 1235 720 1308 Hieronymo
761 1238 860 1309 (0),
917 1238 1011 1308 qui
1063 1238 1320 1293 nimirum
1383 1239 1543 1292 nitidi
1597 1241 1968 1311 compositique

389 1328 642 1382 sermonis
692 1327 853 1382 libros
880 1328 1104 1398 confecit
1134 1327 1230 1398 (ρ).
1270 1347 1289 1380 ε
1324 1329 1499 1400 Atque
1527 1330 1618 1383 illa
1653 1331 1953 1398 enimvero,

386 1420 463 1474 ait
497 1419 586 1475 vir
610 1418 806 1474 doctus
837 1419 934 1492 (q),
966 1419 1189 1491 propria
1212 1417 1471 1475 Methodii
1502 1421 1830 1491 praedicatur
1851 1424 1967 1492 glo-

385 1513 488 1579 ria,
531 1512 675 1583 quod
725 1511 780 1566 in
832 1511 1106 1566 neminem
1154 1511 1274 1582 ejus
1330 1513 1619 1582 aequalium
1678 1513 1964 1570 liberalius

384 1610 786 1660 concurrerunt
815 1617 894 1658 eae
946 1603 1124 1670 dotes,
1153 1619 1274 1674 quae
1315 1605 1833 1675 praestantissimum
1867 1623 1958 1664 sa-

385 1712 490 1752 crae
517 1696 782 1752 doctrinae
809 1695 1132 1768 magistrum
1159 1698 1416 1753 omnibus
1467 1700 1678 1768 possint
1707 1702 1955 1757 numeris

392 1789 698 1846 absolvere.
729 1787 941 1861 Magnis
993 1789 1136 1844 enim
1169 1789 1289 1858 ejus
1322 1798 1493 1861 partae
1536 1791 1840 1863 infusasque
1872 1809 1961 1850 sa-

2072 699 2136 737 ac
2179 694 2415 756 martyre
2465 690 2740 742 memoria:
2788 689 3070 755 mandata,
3120 691 3349 745 collecta
3406 693 3648 762 primum

2072 789 2320 846 magnam
2359 785 2568 846 partem
2600 794 2632 832 a
2669 778 3016 845 Combelisio,
3042 798 3187 836 nunc
3209 798 3336 838 vero
3387 783 3454 838 ad
3475 798 3648 838 unum

2070 876 2230 922 aucta
2259 871 2441 924 omnia
2468 878 2522 925 et
2552 873 2820 929 recensita
2843 872 2932 928 hic
2961 872 3319 943 proferenles,
3351 876 3418 931 de
3456 877 3645 946 singu-

2069 957 2160 1025 lis,
2183 975 2284 1030 pro
2308 961 2540 1017 rationis
2569 963 2761 1018 ordine
2783 981 2892 1035 quo
2917 965 3007 1019 illa
3025 967 3372 1037 digessimus,
3409 968 3644 1024 breviter

2069 1051 2424 1109 disseremus.

2139 1142 2196 1198 In
2231 1144 2623 1216 limineitaque
2652 1155 2856 1202 nostrae
2907 1149 3245 1206 collectionis
3281 1149 3645 1206 Methodianae

2067 1247 2343 1308 comparet
2359 1237 2662 1292 Convivium
2678 1239 2854 1293 decem
2870 1241 3148 1310 virginum,
3178 1261 3196 1292 ι
3221 1243 3554 1312 primarium
3580 1257 3643 1295 ac

2067 1328 2226 1398 plane
2279 1329 2534 1400 princeps
2582 1331 2834 1386 Methodii
2867 1347 3112 1402 operum,
3176 1342 3237 1388 ut
3285 1337 3464 1391 verbis
3517 1343 3638 1388 utar

2063 1418 2300 1475 Possinii
2343 1421 2430 1493 (t),
2493 1423 2636 1492 quod
2668 1424 2969 1479 victoriaea
3021 1425 3335 1481 Christiana
3389 1427 3634 1497 philoso-

2062 1513 2191 1583 phia
2221 1512 2290 1568 de
2315 1511 2503 1568 Graeca
2534 1516 2833 1587 gentilique
2861 1524 3151 1587 reportatae
3185 1519 3399 1574 illustre
3442 1535 3637 1574 monu-

2064 1610 2312 1658 mentum
2347 1618 2412 1658 ac
2441 1605 2608 1658 veluti
2642 1615 2904 1678 tropaeum
2951 1616 3054 1662 est.
3082 1606 3182 1662 Cui
3232 1608 3379 1662 enim
3409 1609 3464 1662 in
3489 1609 3635 1664 litte-

2062 1695 2141 1750 ris
2173 1695 2592 1751 Atheniensium
2623 1706 2870 1753 veterum
2928 1710 3150 1755 versato
3179 1715 3291 1754 non
3325 1701 3510 1756 statim
3532 1716 3629 1758 oc-

2060 1789 2256 1853 currit,
2314 1793 2630 1846 aamulatum
2672 1790 2774 1844 hoc
2831 1806 2995 1861 opere
3055 1792 3386 1848 Methodium
3418 1796 3633 1852 celebre
3731 1792 3746 1807 ⁸

383 1881 602 1951 pientiae
629 1879 836 1936 divitiis
877 1880 1159 1951 respondit
1208 1879 1422 1957 dicendi
1459 1883 1617 1952 copia
1647 1884 1955 1939 scribendi-
1989 1867 2031 1922 Β
2062 1878 2198 1934 illud
2227 1878 2548 1937 Convivium
2583 1879 2826 1936 Platonis
2848 1881 2872 1934 ?
2896 1881 3212 1936 temulatum
3273 1891 3487 1952 autem;
3517 1901 3628 1940 non

381 1988 486 2043 que
520 1971 655 2027 uber
683 1972 972 2044 elegantia,
1014 1971 1173 2042 cujus
1198 1971 1464 2028 beneﬁcio
1493 1975 1549 2028 in
1581 1991 1755 2031 seram
1783 1991 1957 2046 usque

381 2064 746 2136 posteritatem
776 2079 937 2120 sensa
970 2065 1090 2135 ejus
1119 2054 1379 2135 praeclara
1401 2076 1804 2136 permanarent.
1834 2067 1954 2124 Uno

379 2157 549 2212 verbo
580 2177 592 2212 :
630 2163 691 2211 ut
723 2171 886 2213 nemo
927 2157 1020 2212 illo
1047 2156 1374 2228 profundius
1405 2159 1608 2229 sapuit,
1640 2160 1712 2214 ita
1736 2175 1847 2213 non
1875 2160 1956 2214 la-
1987 2180 1990 2184 '

375 2249 483 2307 cile
539 2250 845 2321 reperietur
897 2251 991 2320 qui
1039 2250 1296 2316 uberius,
1361 2250 1656 2312 disertius,
1710 2252 1956 2307 ornatius

375 2341 676 2412 scripserit.
717 2358 737 2392 ι
803 2338 1042 2393 Tantum
1101 2340 1287 2410 itaque
1324 2337 1539 2394 Patrem
1589 2339 1956 2411 eximiumque

375 2430 639 2486 Ecclesiae
691 2429 1038 2502 scriptorem,
1071 2431 1268 2486 merito
1300 2445 1434 2487 sane
1484 2430 1627 2486 inter
1654 2447 1784 2488 suos
1813 2433 1953 2487 viros

371 2524 608 2579 illustres
677 2523 958 2578 recensuit
1009 2521 1211 2579 Doctor
1263 2522 1558 2589 maximus,
1619 2523 1744 2579 licet
1799 2523 1951 2578 illum

373 2615 702 2687 praeterierit
729 2613 1019 2670 Eusebius.
1060 2615 1224 2686 Atqui
1263 2622 1408 2671 recte
1462 2615 1746 2672 censuisse
1801 2616 1952 2672 vide-

373 2717 463 2762 tur
500 2708 570 2763 cl.
600 2706 872 2772 Valesius,
901 2705 1035 2762 dum
1088 2708 1164 2761 ait
1192 2707 1260 2778 (r)
1309 2707 1608 2764 Eusebium
1663 2718 1950 2780 propterea

371 2800 427 2852 in
455 2813 553 2854 sua
590 2797 829 2853 Historia
857 2798 1060 2852 nullam
1082 2797 1337 2854 Methodii
1366 2801 1697 2856 mentionem
1725 2800 1944 2866 fecisse,

369 2906 495 2945 cum
543 2898 727 2946 tamen
778 2891 963 2962 plures
1024 2891 1161 2946 alios
1190 2893 1602 2948 ecclesiasticos
1649 2894 1948 2966 scriptores

369 2989 781 3046 commemoret,
813 2982 905 3052 qui
949 2980 1224 3038 Methodio
1272 2984 1445 3039 multo
1503 2984 1794 3042 inferiores
1828 2988 1946 3042 fuc-

369 3082 530 3138 runt;
561 3073 706 3144 quod
729 3074 989 3130 nimirum
1023 3083 1247 3132 sanctus
1275 3076 1364 3131 ille
1398 3075 1596 3147 Tyrius
1654 3081 1944 3152 episcopus

369 3165 500 3236 styli
529 3166 702 3220 aciem
755 3165 1070 3223 strinxissct
1123 3167 1384 3224 adversus
1424 3167 1738 3240 Origenem,
1784 3174 1943 3241 cujus

368 3257 810 3314 studiosissimus
866 3266 984 3313 erat
1017 3257 1160 3315 idem
1217 3260 1510 3332 episcopus
1559 3262 1938 3322 Caesariensis.

365 3347 509 3404 Hinc
540 3349 704 3405 etiam
728 3354 834 3415 est,
871 3349 1057 3406 subdit
1092 3348 1368 3417 Valesius,
1398 3353 1544 3422 quod
1579 3365 1769 3409 contra
1797 3355 1936 3410 Por-

365 3441 548 3514 phyrii
603 3441 776 3498 libros
834 3447 960 3512 post
1005 3442 1257 3499 eumdem
1304 3443 1639 3499 Methodium
1695 3447 1935 3517 scripsit,

361 3537 522 3608 quasi
557 3535 904 3591 aemulatione
936 3534 1171 3605 quadam
1194 3543 1248 3590 et
1281 3536 1407 3591 odio
1435 3537 1699 3593 adversus
1732 3537 1938 3594 Metho-

360 3634 511 3691 dium
559 3633 839 3690 incitatus.
880 3631 1154 3689 Eusebius
1191 3633 1470 3691 enimvero
1522 3635 1576 3689 in
1613 3635 1752 3691 libro
1781 3645 1936 3692 sexto

360 3726 625 3796 Apologia:
651 3741 765 3781 suae
793 3740 892 3796 pro
950 3723 1194 3795 Origene,
1248 3723 1508 3781 Methodii
1536 3725 1936 3795 objectionibus

359 3816 768 3892 respondebat:
829 3815 1125 3882 Quomodo,
1179 3817 1378 3886 inquit,
1427 3833 1589 3871 ausus
1621 3827 1697 3871 est
1729 3816 1928 3872 Metho-

359 3915 480 3968 dius
510 3925 648 3968 nunc
676 3917 864 3964 contra
899 3907 1175 3979 Origeuem
1202 3909 1447 3976 scribere,
1481 3912 1570 3980 qui
1614 3910 1724 3965 Ita'c
1757 3921 1805 3966 et
1825 3911 1936 3966 lucc

359 4004 424 4060 de
457 4000 698 4074 Origenis
763 3999 972 4053 locutus.
996 4007 1075 4053 est
1116 3999 1490 4070 dogmatibus?
1536 4001 1790 4056 Uitantur
1820 4002 1935 4057 haec

360 4095 522 4151 verba
582 4093 650 4148 ab
713 4088 1045 4160 Hieronymo
1098 4091 1370 4146 scribente
1447 4092 1709 4150 adversus
1772 4091 1934 4147 Ruti-

357 4201 490 4243 num
522 4185 613 4258 (ι).

431 4279 520 4335 lll.
551 4277 752 4334 Verum
811 4271 1070 4331 Mcthodii
1117 4273 1432 4328 auctoritati
1479 4279 1643 4344 atque
1673 4275 1935 4330 doctrina:

358 4373 498 4429 nihil
527 4369 765 4426 detrahit
799 4365 1018 4424 Eusebii
1044 4365 1344 4430 silentium,
1380 4365 1515 4419 nihil
1547 4367 1665 4434 ejus
1706 4366 1929 4420 invidia.

358 4464 493 4519 Nam
525 4478 646 4534 quae
694 4469 922 4518 sanctus
971 4459 1132 4516 Pater
1195 4459 1503 4514 litterarum
1561 4459 1932 4514 monumentis

2061 1979 2172 2022 tam
2203 1977 2261 2022 ut
2324 1970 2816 2042 ejus-elegantiam,
2859 1973 3004 2042 quod
3047 1973 3436 2029 venustissime
3478 1973 3626 2045 fecit,

2057 2061 2390 2130 exprimeret
2422 2062 2710 2127 imitando,
2746 2077 2911 2134 quc-1n
2964 2071 3045 2128 ut,
3099 2063 3245 2133 quod
3279 2065 3627 2134 potissimum

2059 2150 2292 2218 studuit,
2347 2152 2468 2221 ejus
2520 2152 2824 2222 nequitiam
2885 2154 3205 2223 castigando
3265 2156 3626 2226 abstergeret.

2056 2237 2400 2311 Praecipuum
2457 2250 2640 2298 autem
2693 2243 3066 2298 laudationum
3119 2257 3500 2317 argumentum
3571 2249 3628 2303 in

2056 2330 2161 2384 hoc
2204 2330 2550 2388 Methodiano
2593 2332 2879 2399 Convivio,
2924 2332 3109 2390 divina
3155 2338 3445 2408 virginitas
3497 2348 3622 2396 cst:

2054 2422 2143 2475 cui
2167 2437 2329 2476 omne
2353 2423 2674 2494 choragium
2706 2438 3017 2496 congruens
3046 2440 3077 2480 e
3132 2430 3378 2483 sacrario
3407 2431 3622 2486 caelesti

2055 2513 2438 2586 depromptum
2471 2524 2717 2588 apparet.
2760 2535 2781 2568 ι
2805 2517 2887 2572 Ad
2926 2517 3041 2572 haec
3067 2519 3172 2572 alia
3211 2522 3492 2591 complura
3525 2537 3621 2578 oc-

2053 2614 2307 2671 currunt,
2361 2622 2481 2676 quae
2517 2623 2751 2670 summa
2800 2608 3130 2665 Christiana:
3195 2611 3319 2666 ﬁdei
3366 2613 3541 2683 capita
3566 2614 3619 2668 in

2051 2699 2246 2770 primis
2281 2699 2555 2771 attingunt
2588 2721 2601 2756 :
2637 2703 2730 2756 ubi
2755 2709 2938 2757 tamen
2971 2703 3020 2757 si
3057 2717 3166 2773 qua
3212 2704 3485 2759 interdum
3529 2713 3623 2760 aut

2050 2794 2243 2849 durius
2270 2795 2573 2858 enuntiata,
2597 2800 2690 2848 aut
2723 2793 2954 2850 fortasse
2984 2795 3166 2850 minus
3185 2804 3373 2850 exacte
3404 2799 3616 2868 prolata

2049 2887 2118 2941 de
2148 2888 2315 2943 rebus
2337 2886 2702 2941 divinioribus
2735 2886 3042 2954 videantur,
3090 2904 3153 2944 ea
3186 2889 3404 2944 demum
3433 2892 3616 2945 omnia

2048 2979 2334 3048 diligenter
2365 2993 2597 3032 excussa
2628 2987 2682 3032 et
2710 2977 2948 3034 dilucide
2970 2981 3220 3050 exposita
3249 2990 3457 3053 repetat
3486 2999 3618 3054 pru-

2047 3068 2181 3124 dens
2211 3069 2381 3124 lector
2413 3084 2446 3122 a
2467 3069 2586 3125 viro
2621 3070 2962 3137 doctissimo,
2996 3073 3090 3143 qui
3121 3073 3265 3129 baud
3295 3075 3371 3128 ita
3403 3076 3610 3146 pridem

2046 3161 2100 3216 in
2127 3177 2290 3232 opere
2322 3161 2416 3216 illo
2453 3162 2673 3235 egregio
2700 3163 2788 3217 cui
2817 3164 3009 3219 titulus
3041 3183 3054 3221 :
3096 3165 3363 3222 Divinitas
3402 3167 3616 3224 Domini

2048 3253 2217 3307 nostri
2239 3251 2369 3307 Jesu
2391 3253 2590 3308 Christi
2616 3254 2901 3323 manifesta
2937 3257 2993 3309 in
3022 3255 3314 3326 Scripturis
3350 3269 3399 3313 et
3439 3259 3614 3314 tradi-

2043 3348 2202 3414 tione,
2235 3345 2458 3401 Patrum
2509 3348 2972 3402 antenicaenorum
3027 3349 3333 3406 doctrinam
3388 3367 3616 3408 accura-

2040 3441 2152 3496 tius
2173 3443 2454 3512 expendit,
2478 3451 2641 3510 atque
2658 3441 2974 3496 obscuriora
2993 3458 3220 3515 quaeque
3241 3444 3358 3500 loca
3383 3447 3614 3518 explica-

2039 3531 2117 3586 vit
2146 3531 2548 3602 illustravuque
2588 3532 2687 3604 (α).

2108 3624 2225 3680 Hoc
2264 3633 2444 3682 autem
2475 3628 2795 3698 praeclarum
2821 3625 3083 3685 Methodii
3117 3640 3424 3702 syntagma,
3458 3629 3604 3700 quod

2039 3733 2209 3772 unum
2237 3718 2510 3790 integrum
2546 3721 2706 3777 nobis
2739 3724 2973 3778 servavit
3022 3721 3348 3793 antiquitas,
3397 3721 3607 3792 primus

2039 3810 2303 3874 omnium,
2338 3827 2368 3865 e
2406 3826 2510 3866 ms.
2547 3813 2735 3868 codice
2766 3811 3027 3869 Vaticano
3069 3812 3280 3878 Romae,
3310 3814 3605 3884 evulgavit,

2037 3919 2183 3958 anno
2214 3903 2372 3973 1656,
2429 3903 2538 3959 Leo
2584 3905 2861 3974 Allatius;
2916 3907 3006 3976 qui
3033 3915 3087 3960 et
3116 3911 3262 3961 notis
3321 3908 3437 3960 suis
3472 3905 3608 3959 illud

2036 3995 2287 4050 evincere
2343 4012 2638 4068 aggressus
2695 4009 2807 4063 est,
2837 3999 2974 4052 nihil
3003 3997 3056 4052 in
3086 4013 3150 4053 co
3205 3999 3431 4068 reperiri
3458 3997 3606 4068 quod

2043 4086 2311 4143 catholice
2337 4090 2626 4145 catholicis
2656 4090 2881 4143 auribus
2911 4091 3108 4162 exponi
3145 4107 3252 4146 non
3305 4093 3476 4161 possit
3512 4112 3524 4146 :
3559 4095 3606 4148 si

2033 4195 2142 4250 qua
2174 4196 2304 4236 vero
2325 4181 2643 4238 duriuscula
2680 4192 2994 4250 occurrant,
3026 4185 3118 4238 illa
3163 4185 3411 4239 emollire
3456 4187 3605 4241 omni

2036 4272 2220 4327 studio
2275 4275 2577 4329 contendit.
2613 4275 2772 4330 Anno
2819 4275 3014 4331 deinde
3074 4277 3393 4347 insequente
3443 4278 3603 4344 1657,

2035 4359 2261 4417 Paris-iis
2281 4363 2484 4434 prodiit
2516 4364 2838 4420 Convivium
2881 4365 3288 4420 Methodianum
3335 4381 3402 4421 ex
3431 4367 3603 4422 inter-

2035 4455 2341 4523 pretatione
2368 4455 2516 4511 Petri
2563 4456 2801 4512 Possinii
2837 4476 2850 4512 :
2885 4459 2973 4512 cui
3035 4466 3387 4514 accesserunt
3437 4459 3604 4514 variae

359 4553 784 4619 commendavit,
817 4561 933 4607 tum
965 4552 1230 4608 adversus
1278 4551 1522 4607 veritatis
1578 4551 1788 4616 hostes,
1817 4559 1932 4606 tum
1967 4562 2008 4616 ι)
2038 4547 2303 4603 lectiones
2324 4549 2554 4604 ecodice
2606 4549 2994 4616 Mazariniano,
3043 4566 3167 4606 cum
3199 4552 3477 4609 nonnullis
3507 4555 3603 4608 ob-

359 4649 426 4702 ad
460 4661 617 4701 sacra
655 4646 908 4717 dogmata
955 4645 1295 4716 exponenda,
1329 4655 1441 4699 tum
1490 4644 1651 4698 etiam
1708 4645 1776 4699 ad
1807 4645 1934 4700 reli-

363 4741 574 4813 gionem
609 4731 969 4810 pietatemque
997 4737 1285 4794 fovendam
1301 4746 1638 4809 comparata,
1658 4739 1933 4794 veteribus

371 4831 454 4901 qui
513 4845 575 4885 ea
629 4831 1006 4901 perlegerunt,
1061 4832 1290 4887 summis
1346 4831 1601 4885 laudibus
1660 4832 1932 4887 celebrata

357 4917 530 4978 iuisse
559 4931 883 4975 noscuntur.
911 4921 1088 4991 Atque
1112 4921 1320 4974 utinam
1366 4920 1459 4974 illa
1499 4932 1777 4976 exstarent
1809 4938 1928 4977 om-

359 5012 484 5067 nia!
519 5012 713 5082 exigua
738 5012 882 5067 enim
917 5021 1045 5068 sunt
1078 5027 1141 5066 ac
1189 5012 1397 5077 tenuia,
1429 5013 1474 5068 si
1508 5028 1676 5066 unum
1725 5013 1808 5068 vel
1846 5015 1928 5068 al-

356 5109 537 5158 terum
562 5101 824 5171 excipias,
885 5117 1023 5172 quae,
1063 5103 1177 5158 sive
1206 5113 1510 5174 temporum
1557 5101 1778 5173 injuria,
1806 5101 1922 5156 sive

432 5281 495 5351 (i)
531 5280 733 5351 Baron.
758 5280 827 5351 ad
877 5295 1007 5334 ann.
1040 5279 1166 5346 502,
1203 5278 1230 5350 §
1263 5279 1333 5334 6‘2
1360 5289 1412 5335 et
1443 5281 1497 5336 in
1529 5289 1643 5336 not.
1675 5282 1741 5336 ad
1776 5279 1930 5336 Mar-

361 5350 516 5421 tyrol.
550 5350 702 5405 Rom.
735 5350 790 5406 d.
816 5351 881 5404 18
911 5360 1027 5420 sept

430 5425 491 5494 (j)
517 5422 765 5477 Holsten.
823 5420 1047 5475 Dissert.
1097 5419 1161 5473 de
1193 5420 1286 5475 vit.
1320 5429 1370 5474 et
1411 5422 1592 5492 script.
1631 5419 1922 5494 Porpltyr.,

358 5495 692 5632 ωῧέξλιιαι.
722 5561 901 5616 Diatr.
931 5560 995 5616 de
1021 5561 1276 5632 Met/rod,
1300 5579 1352 5631 p.
1378 5563 1499 5616 ⁸511.

433 5630 492 5703 (ι)
530 5633 682 5689 Voss.
711 5634 788 5687 De
820 5633 963 5687 Hist.
1002 5631 1092 5688 Gr.
1135 5633 1228 5687 lib.
1257 5630 1324 5695 ιι,
1355 5630 1608 5703 ηιμ-16,
1636 5646 1760 5701 pag.
1791 5631 1916 5687 245.

429 5701 804 5792 (ηρΡΡεειι-ἓᾈ
838 5719 963 5774 opp.
996 5704 1174 5774 posth.
1208 5701 1437 5768 chrum,
1462 5701 1681 5759 dissert.
1707 5716 1770 5767 ιι,
1799 5718 1916 5772 cap.

363 5773 451 5836 19,
488 5772 591 5843 §5,
621 5789 670 5841 p.
703 5773 826 5827 565.
878 5772 927 5774 Π
997 5772 1010 5774 ⁷

430 5857 506 5905 ιιι)
542 5843 732 5903 Epiplt.
777 5845 918 5898 llar.
947 5859 1093 5910 LXIV,
1133 5842 1160 5910 ᾗ
1193 5842 1282 5898 65.

2025 5560 2115 5614 '55.

2038 4640 2444 4695 servationibus
2472 4639 2532 4695 V.
2557 4640 2618 4698 C.
2650 4641 2873 4696 Henrici
2913 4640 3138 4698 Valesii.
3165 4643 3405 4713 Denique
3428 4643 3602 4698 Fran-

2035 4732 2216 4787 ciscus
2243 4733 2604 4790 Combelisius
2626 4751 2691 4790 ex
2723 4734 2926 4791 Graecis
2962 4734 3242 4791 Vaticanis
3271 4745 3324 4792 et
3373 4737 3600 4792 Mazari-

2032 4826 2234 4891 nianis,
2272 4843 2483 4881 necnon
2509 4827 2792 4884 Pbotianis
2839 4829 3132 4899 excerptis,
3169 4830 3380 4885 collatis
3433 4831 3600 4885 etiam

2031 4919 2213 4972 Allatii
2245 4927 2297 4973 et
2329 4919 2564 4975 Possinii
2602 4921 2969 4983 versionibus,
2998 4920 3142 4976 idem
3195 4937 3335 4992 Opus
3379 4937 3599 4976 rursum

2032 5009 2202 5064 edidit
2230 5009 2458 5065 Parisiis
2491 5026 2637 5065 anno
2664 5011 2825 5076 1672,
2887 5021 3051 5082 atque
3105 5019 3255 5068 tomo
3287 5014 3306 5068 l
3353 5014 3602 5067 Auctarii

2031 5103 2301 5156 novissimi
2318 5102 2640 5158 bibliothecas
2668 5102 2887 5158 Patrum
2905 5104 3157 5160 intexuit.

2100 5276 2173 5352 (ο)
2204 5275 2421 5352 liieron.
2446 5278 2735 5352 Comment.
2776 5280 2829 5333 in
2861 5278 3021 5348 Dan.,
3047 5296 3166 5352 cap.
3196 5296 3315 5336 xm.

2099 5345 2171 5417 (ρ)
2205 5345 2284 5420 ld.
2316 5349 2388 5401 De
2417 5351 2513 5404 vir.
2539 5351 2644 5414 ill.,
2668 5366 2790 5420 cap.
2819 5352 2908 5406 85.

2105 5422 2177 5488 (ιι)
2201 5417 2421 5490 Possint.
2461 5423 2668 5490 pra-fat.
2698 5417 2766 5475 ad
2798 5421 3032 5476 Melhod.
3058 5421 3274 5476 Convic.

2098 5493 2169 5559 (r)
2200 5488 2380 5544 Vales.
2412 5488 2477 5545 ad
2506 5491 2706 5546 Euseb.
2735 5491 2878 5547 Hist.
2909 5495 3036 5549 cccl.
3070 5493 3166 5548 lib.
3193 5509 3270 5557 vi,
3295 5507 3416 5563 cap.
3445 5491 3515 5544 2t
3543 5499 3596 5544 ct

2063 5561 2090 5577 ρ

2063 5579 2165 5706 θέει)
2194 5627 2551 5706 llieron._lib.
2571 5651 2587 5690 ι
2611 5632 2796 5691 Contr.
2825 5633 3082 5706 Ruﬁn.,§
3119 5636 3207 5692 11.

2094 5697 2156 5770 (ι)
2192 5697 2404 5770 Possin.
2437 5703 2474 5758 l.
2507 5717 2554 5759 c.

2095 5773 2171 5844 (ru),
2196 5769 2404 5844 Marsa.
2427 5773 2603 5832 Dicin.
2631 5777 2698 5832 ο.
2737 5776 2810 5832 Ν.
2840 5776 2992 5835 1.-(2.
3019 5775 3114 5833 lib.
3149 5792 3224 5844 tv,
3251 5788 3371 5844 cap.
3418 5772 3508 5840 21,
3537 5786 3590 5842 p.

2020 5841 2278 5899 525-554.
