4056 6302
539 426 605 482 15
2003 429 2297 487 ΝΟΤΙΤΙᾹ.
3063 460 3072 469 -
3685 435 3753 481 Ν

609 536 675 593 Et
724 538 870 595 hanc
919 538 1138 610 quidem
1198 534 1658 596 Combetisianam
1688 541 1901 597 ἔκδοσιν
1950 530 2096 615 typis
2126 548 2172 604 Α
2200 543 2308 615 logi
2359 521 2665 614 composuit
2721 556 2942 605 sanctus
2999 518 3180 613 Fater”,
3236 536 3644 620 inseripsitque,
3694 556 3755 602 ut

535 629 906 686 excudendam
931 631 1258 686 curavimus.
1287 629 1475 701 Neque
1525 632 1667 686 enim
1699 641 1884 688 actum
1915 636 2093 705 egisse

536 723 754 778 videtur
776 723 861 777 vir
882 722 1096 788 doctus,
1122 720 1214 792 qui
1257 724 1424 778 semel
1473 723 1778 795 iterumque
1817 725 2092 796 vulgatum

536 815 802 880 libellum,
834 816 979 871 novo
1006 817 1155 871 cultu
1178 816 1472 886 expolitum
1503 819 1933 888 repraesentavit.
1963 816 2094 887 Ejus

505 890 721 965 'autem
747 908 1148 973 adnotationes,
1180 924 1301 979 quae
1321 907 1388 962 ad
1421 911 1602 977 operis
1650 911 1851 966 calcem
1887 911 2094 966 incom-

537 1001 695 1056 mode
727 999 1061 1070 legebantur,
1097 1001 1264 1056 textui
1295 1001 1628 1069 subjecimus
1670 1018 1773 1057 una
1810 1019 1932 1058 cum
1956 1004 2094 1059 sele-

536 1094 800 1152 ctioribus
847 1093 1155 1151 Valesianis
1197 1114 1213 1151 :
1266 1097 1333 1151 ad
1386 1099 1545 1153 linem
1601 1112 1730 1151 vero
1762 1097 2093 1152 attexuimus

535 1203 673 1259 quas
694 1187 978 1242 adornavit
999 1189 1248 1253 Allatius,
1279 1204 1372 1244 eas
1401 1188 1457 1243 in
1491 1196 1769 1256 contextu,
1806 1191 2053 1261 apposito
2073 1192 2093 1211 ‘

535 1278 855 1334 tudicantes.
908 1278 1153 1350 Denique
1206 1295 1316 1351 quo
1365 1279 1577 1335 facilior
1606 1282 1788 1351 operis
1836 1282 1994 1337 lectio
2038 1288 2092 1336 et

536 1385 668 1427 usus
696 1369 969 1433 evaderet,
1004 1387 1446 1443 unamquamque
1467 1374 1766 1429 orationem
1801 1372 2094 1429 Methodia-

535 1478 656 1518 nam
692 1478 880 1518 sumus
904 1464 959 1517 in
990 1465 1169 1518 varias
1191 1466 1462 1521 sectiones
1490 1467 1696 1537 partiti,
1729 1481 1961 1537 quarum
2008 1467 2091 1520 in-

533 1561 739 1625 tegrum
802 1564 1157 1626 conspectum
1220 1573 1321 1629 pro
1363 1573 1515 1614 more
1576 1566 1766 1614 nostro
1831 1558 2082 1613 subdidi-

530 1661 670 1702 mus.
2058 1646 2061 1649 Ἴ

600 1737 687 1793 ιν.
712 1738 831 1795 Jam
857 1756 991 1797 vero
1023 1741 1235 1813 reliqua
1274 1741 1619 1798 Methodiana
1654 1758 1942 1799 recensere
1972 1757 2093 1813 pro-

526 1847 842 1902 sequamur,
866 1849 932 1888 ex
977 1834 1123 1890 edito
1176 1834 1575 1892 Combeiisiano
1622 1834 1852 1891 Parisiis
1888 1837 1942 1891 in
1971 1836 2089 1890 vul-

525 1939 626 1994 gus
671 1926 874 1982 emisso
915 1941 1058 1981 anno
1085 1927 1224 1983 1644
1274 1928 1522 1999 repetita.
1573 1927 1880 1982 Convivium
1908 1929 2090 1997 itaque
2119 1909 2161 1964 Β

523 2016 702 2072 decem
730 2019 990 2089 virginum
1018 2021 1219 2092 exeipit
1240 2021 1378 2077 liber
1403 2020 1479 2075 De
1539 2021 1700 2075 libero
1736 2019 1964 2073 arbitrio
1989 2020 2088 2074 ad-

524 2126 717 2166 versus
773 2108 1187 2170 ‘c’aieminianos
1244 2112 1302 2168 in
1363 2113 1552 2183 primis
1576 2119 1630 2167 et
1671 2110 1992 2181 Origenem;
2023 2109 2091 2164 ad

524 2214 686 2277 quem
710 2205 905 2262 doctus
935 2204 1112 2260 editor
1142 2204 1244 2259 ista
1276 2203 1533 2273 puniatur
1569 2200 1643 2274 (υ)
1675 2221 1688 2257 :
1715 2220 1737 2253 r
1760 2201 1984 2265 Damus,
2004 2201 2089 2255 in-

525 2300 661 2369 quit,
692 2298 798 2355 hoc
827 2313 965 2365 opus
994 2312 1131 2368 pene
1167 2300 1460 2367 integrum,
1496 2295 1676 2349 tribus
1707 2309 1803 2351 seu
1839 2291 2088 2362 partibus

523 2407 624 2450 seu
652 2394 926 2463 excerptis
944 2401 1286 2464 congestum.
1320 2389 1616 2445 Exordium
1662 2388 2090 2457 nonnullamque

525 2492 733 2555 partem
764 2487 1010 2555 corporis
1041 2485 1283 2542 ediderat
1307 2484 1545 2539 Joannes
1570 2482 1837 2538 Meursius
1859 2480 1960 2551 (ω),
1987 2493 2087 2535 ceu

525 2576 728 2632 librum
760 2579 1050 2648 integrum,
1083 2593 1152 2633 ne
1184 2578 1375 2632 leviter
1430 2576 1647 2646 quidem
1686 2566 1965 2629 insinuato
1993 2570 2088 2627 de-

436 2714 437 2719 η
526 2667 694 2735 fectu,
724 2684 888 2740 quem
912 2670 1104 2723 titulus
1133 2670 1267 2725 satis
1292 2669 1575 2738 arguebat.
1629 2664 1763 2720 Nam
1794 2665 1932 2719 nihil
1968 2671 2087 2720 erat

525 2768 638 2817 tota
677 2763 927 2818 oratione
963 2761 1032 2817 de
1060 2760 1235 2815 libero
1281 2759 1530 2822 arbitrio,
1562 2759 1721 2827 cujus
1755 2758 1844 2812 ille
1885 2766 2087 2814 tracta-

523 2852 729 2909 tionem
752 2854 1048 2909 indicabat.
1076 2842 1307 2921 Reliqua
1344 2849 1572 2905 mutuati
1609 2864 1798 2905 sumus
1837 2864 1904 2905 ex
1942 2848 2085 2903 Pho-

521 2943 685 2999 tianis
717 2942 814 3015 (ει),
845 2949 1075 3012 excepto
1103 2940 1452 3012 egregioillo,
1485 2939 1552 2993 ad
1581 2939 1761 3003 tinem,
1801 2947 2081 3010 excerpta,

526 3033 594 3088 de
613 3032 736 3104 ipso
771 3048 962 3088 revera
1013 3032 1184 3087 libero
1207 3031 1454 3095 arbitrio,
1484 3031 1627 3101 quod
1657 3029 1724 3084 Β.
1753 3028 1817 3084 Ρ.
1846 3028 2083 3086 Jacobus

520 3122 846 3182 Sirmondus
879 3127 937 3179 8.
969 3124 1017 3180 J.
1052 3125 1447 3181 humanissime
1494 3123 1754 3179 utendum
1784 3122 1955 3189 dedit,
1986 3138 2084 3179 cu—

517 3217 607 3288 jus
651 3218 815 3272 etiam
865 3214 1092 3272 Photius
1145 3216 1379 3286 paucula
1424 3214 1810 3285 exscripserat,
1869 3224 1925 3270 et
1972 3229 2083 3283 quo
2108 3249 2129 3288 ι

516 3305 730 3361 videtur
782 3303 1085 3361 Methodius
1137 3305 1403 3360 clausisse
1456 3304 1655 3359 librum
1709 3306 1913 3372 istum;
1971 3305 2080 3361 nisi

517 3395 655 3452 forte
708 3396 980 3467 aliquibus
1007 3397 1206 3454 additis
1256 3398 1323 3452 ad
1359 3408 1635 3460 ornatum,
1677 3412 1800 3468 quae
1828 3396 2078 3463 Photius,

515 3489 617 3543 soli
650 3488 914 3545 doctrina:
958 3490 1203 3555 studens,
1255 3506 1367 3545 non
1416 3490 1762 3547 delibaverit.
1808 3488 2081 3545 Nonnulla

514 3580 857 3638 oﬁ'enderunt
888 3584 944 3637 in
977 3584 1273 3653 interprete
1325 3581 1541 3651 Pbotii;
1586 3593 1648 3638 ut
1692 3585 1895 3638 fuerint
1916 3585 2080 3639 etiam

512 3675 636 3744 ejus
689 3674 757 3729 de
812 3675 1024 3745 integro
1075 3676 1346 3732 reddenda
1367 3694 1390 3743 ;.
1434 3684 1490 3732 et
1541 3692 1651 3747 quo
1702 3677 1866 3732 etiam
1888 3676 2079 3733 eodem

512 3767 656 3839 style
686 3767 999 3837 interpretis
1027 3767 1344 3823 decurreret
1364 3778 1475 3823 tota
1503 3770 1698 3825 oratio.
1741 3788 1762 3821 ι
1803 3767 2079 3824 Hactenus

514 3860 633 3916 ille.-
661 3859 759 3916 Est
783 3868 962 3916 autem
988 3860 1128 3915 liber
1156 3861 1469 3930 huiusmodi
1496 3862 1563 3917 ad
1620 3861 1850 3916 formam
1878 3862 2078 3931 dialogi

512 3953 863 4025 conscriptus
909 3953 1055 4008 inter
1101 3951 1544 4009 Valentinianum
1574 3961 1629 4010 et
1680 3953 2075 4019 Ortbodoxu-m,

511 4062 677 4119 super
705 4048 1054 4104 vexatissima
1084 4050 1386 4118 qumstione
1416 4052 1480 4102 de
1505 4048 1703 4117 origine
1725 4049 1882 4101 mali:
1914 4048 2079 4102 adeo-

513 4157 644 4214 que.
670 4157 782 4213 quo
820 4141 1027 4196 clarius
1069 4141 1336 4197 orationis
1395 4148 1685 4197 contextus
1718 4139 1991 4210 procedat,
2022 4140 2077 4194 in

507 4235 747 4292 editione
774 4242 963 4291 nostra
985 4248 1248 4305 personas
1277 4233 1651 4303 colloquentes
1671 4232 2024 4289 distinximus
2058 4250 2072 4287 :

507 4325 821 4383 Combeﬁsii
838 4328 1271 4391 observationes,
1289 4342 1409 4397 quas
1432 4326 1666 4397 primum
1695 4326 1899 4396 longea
1924 4332 2077 4380 textu

505 4412 807 4478 distabant,
840 4416 960 4470 suis
1014 4429 1264 4486 quasque
1308 4415 1446 4470 locis
1470 4415 1836 4480 restituimus,
1867 4414 2074 4470 notnlis

504 4506 787 4561 nonnullis
811 4506 1013 4562 alicubi
1042 4506 1330 4577 insparsis.
1367 4506 1522 4573 Quod
1568 4508 1784 4578 quidem
1817 4514 1872 4562 et
1901 4507 1957 4561 in
1986 4522 2064 4562 re-

2195 636 2428 702 videtur,
2459 635 2757 708 Theophilo
2790 640 3028 705 cuidam,
3059 657 3221 711 quem
3250 642 3537 713 κράτιστον
3565 640 3751 711 appel-

2194 727 2271 781 lat
2334 728 2410 798 (α)
2489 728 2546 782 In
2597 745 2660 784 eo
2709 743 2885 787 autem
2954 732 3289 788 inducuntur
3341 732 3647 789 Methodius
3698 742 3753 788 ct

2193 818 2496 873 Auxentius
2530 835 2652 874 cum
2691 821 3013 893 Origenistis
3055 823 3249 879 Proclo
3290 834 3344 880 et
3380 825 3753 897 Aglaophonte

2194 911 2562 980 colloquentes
2594 928 2688 967 seu
2719 914 3077 984 diSputantes.
3104 915 3222 970 Jam
3249 916 3338 971 diu
3360 932 3608 989 magnam
3626 932 3756 989 par-

2196 1010 2300 1056 tem
2333 1002 2649 1073 deperditus
2668 1003 2917 1075 dialogus
2940 1008 3061 1062 iste.
3090 1007 3220 1077 Ejus
3249 1017 3428 1065 tamen
3450 1008 3758 1080 fragmenta

2195 1095 2333 1149 satis
2366 1097 2542 1165 ampla
2566 1104 2783 1151 exstant
2810 1109 2921 1153 tum
2953 1100 3095 1170 apud
3114 1099 3472 1170 Epiphanium
3504 1101 3601 1173 (b),
3640 1110 3755 1156 tum

2193 1187 2333 1257 apud
2364 1185 2615 1242 Photium
2652 1188 2746 1261 (ε),
2784 1190 2875 1259 qui
2908 1199 2961 1244 et
3008 1206 3074 1246 ex
3109 1191 3298 1247 eodem
3330 1207 3495 1262 opere
3520 1201 3757 1263 compené

2193 1283 2399 1334 diosam
2428 1281 2804 1348 expositionem
2833 1284 3097 1339 dictorum
3127 1288 3473 1356 quorumdam
3497 1287 3753 1356 apostoli-

2193 1389 2395 1437 corum,
2459 1372 2731 1430 Methodio
2788 1390 2913 1430 vere
2979 1376 3221 1447 dignam,
3291 1380 3452 1435 nobis
3496 1381 3752 1437 servavit.

2191 1464 2461 1519 Nonnulla
2494 1465 2622 1520 item
2661 1466 2803 1537 apud
2832 1465 3096 1523 Joannem
3131 1467 3523 1525 Damascenum
3559 1470 3636 1545 (ά)
3659 1486 3758 1528 oc-‘

2190 1564 2438 1612 currunt.
2469 1555 2633 1610 Plura
2659 1557 2726 1614 de
2748 1558 2849 1613 hoc
2881 1575 3043 1631 opere
3080 1561 3290 1617 erudite
3322 1562 3576 1620 observat
3608 1565 3756 1619 Alla-

2192 1650 2301 1705 tius
2333 1646 2424 1721 (e).

2260 1741 2483 1808 Interim
2535 1757 2667 1798 vero
2719 1759 2877 1814 quem
2933 1745 3213 1817 sequimur
3266 1748 3529 1805 editorem
3566 1751 3754 1808 audia-

2192 1848 2315 1887 mus
2355 1833 2443 1903 (Π.
2483 1853 2501 1886 ι
2544 1834 2887 1906 Quanquam,
2930 1837 3128 1909 inquit,
3177 1839 3449 1896 insidebat
3512 1843 3750 1908 animus,

2193 1933 2252 1978 ut
2285 1924 2626 1981 Methodiana
2654 1929 2837 1984 omnia
2868 1929 3179 2002 Epiphanii,
3208 1949 3330 1988 cum
3372 1934 3495 1992 aliis
3522 1952 3645 2007 quae
3668 1952 3752 1993 oc-

2193 2018 2499 2074 currissent
2519 2020 2761 2088 ejusdem
2804 2021 3083 2089 Methodii,
3122 2025 3178 2079 in
3218 2042 3388 2082 unum
3446 2038 3753 2100 comporta-

2191 2124 2329 2175 rem,
2358 2110 2788 2181 nonnullamque
2817 2113 2871 2167 in
2899 2115 2981 2169 eis
3015 2117 3354 2185 corrigendis
3387 2136 3506 2190 quae
3559 2122 3753 2193 depra-

2190 2205 2316 2251 vata
2346 2198 2637 2254 admodum
2697 2199 2963 2267 viderem,
2994 2218 3214 2272 operam
3268 2218 3550 2276 ponerem,
3586 2209 3755 2264 inire;

2189 2290 2266 2361 git
2296 2297 2476 2346 tamen
2499 2303 2750 2347 conatum
2773 2293 2956 2363 inopia
2973 2294 3258 2350 meliorum
3285 2294 3557 2364 codicum,
3589 2316 3753 2371 quam

2188 2383 2393 2453 quibus
2432 2392 2579 2439 esset
2610 2400 2743 2441 usus
2771 2385 3131 2455 politissimus
3174 2388 3444 2459 interpres
3466 2389 3757 2463 Epiphanii‘

2188 2475 2444 2534 Petavius
2464 2476 2521 2533 8.
2546 2476 2621 2544 J.,
2656 2492 2830 2549 eoque
2852 2478 2988 2535 satis
3013 2496 3045 2535 e
3067 2495 3127 2536 re
3151 2479 3422 2538 facturum
3465 2484 3618 2550 duxi,
3641 2501 3757 2542 mos

2187 2567 2260 2624 do
2291 2584 2353 2624 ea
2389 2576 2599 2624 tantum
2628 2584 2696 2624 ex
2738 2567 2878 2622 libro
2905 2568 2996 2624 illo
3047 2567 3126 2625 De
3161 2572 3563 2639 resurrectione,
3588 2589 3757 2644 quem!

2186 2662 2409 2717 circiter
2431 2661 2666 2716 medium
2707 2660 3069 2732 exscripsisse
3088 2671 3148 2718 8e
3185 2663 3304 2734 ipse
3333 2663 3603 2736 signiﬁcat
3622 2665 3753 2739 Epi-

2186 2755 2423 2826 phanius
2477 2752 2545 2808 ad
2595 2753 2777 2818 tinem,
2815 2754 2882 2809 de
2916 2770 3056 2810 novo
3108 2755 3346 2821 ederem,
3378 2773 3501 2828 qua:
3556 2760 3755 2816 veleso'

2186 2855 2309 2901 sent
2339 2861 2480 2901 nova
2516 2854 2570 2900 et
2615 2844 2900 2909 ἀνέκδοτα,
2928 2845 3012 2900 vel
3071 2854 3132 2900 ut
3170 2862 3334 2912 nova,
3371 2848 3756 2907 emendatione

2185 2944 2369 2993 textus
2396 2951 2501 3006 ope
2530 2935 2784 2991 codicum
2834 2935 3143 3001 meliorum,
3195 2951 3445 3007 novaque
3484 2939 3757 3009 quodama

2184 3028 2369 3090 modo,
2421 3026 2870 3096 interpretatione
2891 3035 3102 3091 nostra,
3137 3024 3312 3081 videri
3353 3035 3597 3097 possent.
3637 3027 3751 3084 Du-

2184 3121 2311 3192 plici
2342 3119 2410 3176 ad
2439 3119 2543 3175 hoc
2566 3119 2758 3175 codice
2773 3119 2858 3174 usi
2888 3134 3100 3186 sumus,
3129 3120 3302 3176 altero
3332 3122 3751 3180 eminentissimi

2185 3212 2482 3268 cardinalis
2534 3211 2926 3282 Rupifucaldii,
2965 3228 3073 3283 quo
3131 3213 3323 3284 grandi
3357 3214 3632 3272 volumine
3682 3231 3750 3273 ae

2183 3305 2506 3376 perantiquo
2537 3305 2805 3360 habentur
2856 3302 3131 3360 Elementa
3183 3303 3543 3375 Damasceni;
3576 3309 3749 3364 altero

2183 3397 2250 3452 Β.
2283 3395 2346 3451 Ρ.
2383 3394 2663 3451 Sirmondi
2713 3396 2771 3452 S.
2797 3394 2847 3451 J.
2882 3405 2935 3452 et
2979 3397 3100 3467 ipso
3148 3398 3391 3469 antiquo,
3456 3400 3750 3457 collectore

2184 3503 2455 3561 anonymo
2508 3490 2770 3545 adversus
2821 3488 3212 3560 Eutycbianos,
3264 3506 3363 3547 sua
3409 3491 3532 3562 ipso
3581 3507 3749 3549 manu

2179 3581 2527 3638 exscribente
2553 3581 2956 3651 humaniusque
2987 3591 3328 3653 suggerente,
3358 3598 3458 3657 pro
3487 3598 3591 3638 sua
3631 3584 3746 3652 illa,

2180 3674 2330 3729 omni
2366 3673 2529 3729 modo
2556 3673 2893 3728 illustrandae
2923 3674 3266 3743 antiquitatis
3316 3689 3417 3729 suo
3459 3675 3747 3746 alienoque

2179 3767 2391 3823 calamo
2419 3805 2438 3834 ,
2482 3777 2674 3836 vegeta
2732 3766 2787 3820 in
2844 3765 3001 3821 senili
3033 3780 3261 3836 corpore
3297 3771 3681 3836 propensione.
3718 3788 3744 3824 ι

2176 3856 2349 3914 Porro
2395 3858 2537 3914 idem
2568 3857 2765 3920 editor,
2797 3856 2862 3912 ad
2894 3864 3151 3928 excerpta
3188 3856 3451 3913 Ph0tiana
3479 3860 3624 3930 quod
3663 3870 3748 3917 at-

2177 3951 2336 4020 tinet,
2402 3950 2517 4005 haec
2570 3950 2753 4005 subdit
2783 3948 2895 4020 (g):
2950 3968 2970 4001 ι
3024 3948 3319 4006 Videamur
3371 3950 3512 4009 forte
3561 3961 3744 4010 actum

2178 4054 2359 4111 agere,
2383 4040 2475 4110 qui
2500 4021 2847 4094 Méthodiana
2877 4039 2993 4093 haec
3023 4039 3135 4109 jam
3191 4040 3338 4106 data,
3366 4041 3498 4098 dare
3543 4045 3745 4099 iterum

2175 4146 2556 4203 procuramus.
2616 4131 2802 4189 Fuerit
2859 4136 3248 4202 nihilominus,
3301 4146 3362 4193 ut
3411 4141 3744 4198 accuratiori

2176 4239 2360 4295 Opera,
2415 4225 2595 4296 qualis
2627 4226 2741 4281 fere
2778 4235 2863 4283 est
2923 4229 3193 4298 angustis.
3227 4233 3473 4289 terminis
3492 4233 3739 4301 deﬁnita,

2175 4318 2299 4374 novi
2322 4319 2524 4389 aliquid
2557 4320 2881 4377 illustrando
2931 4320 3202 4379 Metliodio
3233 4333 3447 4391 nostro,
3509 4328 3631 4384 aliis
3656 4329 3741 4383 vel

2173 4411 2417 4481 neglecta
2468 4412 2552 4467 vel
2599 4415 2782 4469 minus
2830 4423 3137 4486 perspecta,
3191 4417 3298 4472 alio
3353 4416 3740 4476 festinantibus

2174 4501 2548 4572 grandiusque
2578 4503 2933 4561 molientibus
2958 4520 3117 4576 Opus.
3153 4507 3517 4563 inveniamus.
3550 4512 3742 4581 Itaque

505 4595 671 4667 liquis
687 4613 789 4653 nos
815 4598 1158 4669 praestitisse,
1195 4599 1287 4653 hic
1313 4600 1481 4654 semel
1505 4598 1782 4655 indicasse
1817 4597 2066 4653 suiliciat.
2102 4609 2145 4663 ι)
2175 4609 2368 4648 novam
2423 4595 2734 4651 versionem
2785 4595 2938 4668 (num
2963 4612 3085 4651 eam
3118 4598 3390 4664 illuuiem.
3439 4600 3531 4655 alii
3564 4616 3623 4657 re
3649 4600 3739 4656 in-

575 4687 641 4744 V.
666 4688 987 4760 Sequuntur
1015 4700 1270 4760 excerpta
1296 4707 1363 4746 ex
1402 4689 1544 4746 libro
1579 4690 1655 4745 De
1686 4692 2066 4745 resurrectione

501 4789 693 4836 contra
727 4781 1034 4854 Origenem,
1070 4799 1231 4854 quem
1273 4792 1500 4839 sanctus
1542 4782 1904 4855 Hieronymus
1938 4797 2064 4850 opus

501 4874 765 4942 earegium
796 4875 1051 4948 appellat.
1082 4874 1362 4930 Laudatur
1384 4884 1439 4931 et
1455 4876 1522 4930 ab
1547 4874 1835 4931 Eustathio
1881 4875 2065 4930 Antio-

2173 4693 2360 4754 specta
2414 4688 2735 4759 collatisque
2778 4689 3033 4746 omnibus
3064 4691 3402 4764 censuerint)
3429 4693 3496 4748 ad
3546 4692 3736 4749 Graeca

2171 4791 2583 4849 componemus,
2642 4779 2981 4853 subindeque
3032 4781 3363 4850 notabimus,
3390 4786 3435 4841 si
3493 4787 3623 4857 quid
3669 4803 3734 4845 ex

2170 4870 2315 4934 aliis,
2342 4872 2646 4942 prazsertim
2675 4873 3213 4942 Methodi~anis,lucis
3237 4878 3443 4949 aliquid
3468 4895 3537 4935 ex
3564 4881 3735 4937 colla~

500 4967 677 5021 ebeno
720 4968 807 5022 bis
856 4969 1033 5023 verbis
1056 4966 1131 5039 (ι)
1164 4986 1178 5023 :
1229 4967 1490 5031 Μεθόδιος
1520 4967 1549 5019 ὁ
1576 4970 1675 5039 τῆς
1720 4966 1878 5035 ἁγίας
1917 4965 2064 5031 ἄξιος

2184 4962 2319 5018 ;ione
2350 4962 2542 5019 aﬂ‘erre
2561 4964 2752 5034 possit.
2787 4965 3061 5024 Habemus
3086 4976 3282 5040 praeter
3300 4971 3564 5042 impressa
3593 4972 3735 5029 Pho-

503 5061 743 5131 μνήμης,
771 5058 1004 5131 ἔγραψεν
1026 5057 1391 5131 ἀποχρώντως
1416 5061 1496 5124 εἰς
1520 5059 1636 5113 τόδε
1675 5058 1735 5113 τὸ
1759 5058 2019 5131 θεώρημα
2043 5098 2058 5124 ,

498 5169 556 5208 κ.
580 5170 632 5207 τ.
660 5151 711 5206 λ.
742 5150 802 5206 ld
824 5161 927 5217 est,
967 5151 1162 5206 Allatio
1182 5153 1473 5223 interprete
1510 5170 1527 5203 ‹
1558 5171 1571 5206 ;
1601 5150 1905 5207 Methodius
1931 5166 2059 5206 san-

497 5248 600 5296 ctte
637 5241 912 5297 memoriae
947 5241 1003 5296 in
1034 5242 1165 5297 illud
1186 5243 1475 5313 quaesitum
1509 5242 1644 5298 satis
1674 5242 1888 5297 abunde
1917 5242 2057 5297 scri-

496 5334 627 5405 psit,
666 5353 686 5387 »
722 5342 829 5390 etc.
863 5332 929 5388 Et
958 5334 1104 5390 hunc
1119 5350 1337 5406 quooue
1373 5335 1571 5391 librum
1596 5333 1666 5391 ad
1693 5334 1922 5391 formam
1949 5333 2060 5388 dia-

565 5468 638 5615 ἓν)
660 5470 905 5527 Combel'.
926 5469 982 5525 in
1013 5478 1127 5525 not.
1153 5472 1218 5525 ad
1239 5471 1498 5549 Method.,
1524 5487 1580 5541 p.
1608 5470 1733 5527 462.

587 5543 644 5615 :r)
676 5541 885 5615 Meurs:
905 5543 979 5615 in'
999 5539 1207 5615 Verior.
1237 5544 1395 5597 divin.
1431 5544 1585 5598 libro.

587 5539 644 5609 ai)
679 5541 877 5597 Meurs.
905 5539 1207 5597 in'Varior.
1237 5544 1395 5597 divin.
1428 5539 1585 5598 libro.

562 5612 640 5684 (ν)
673 5612 827 5684 Phot.
849 5612 986 5684 Bibl.
1022 5613 1145 5667 cod.
1178 5627 1427 5668 ccxxxvt.

563 5684 618 5825 ἕξ

494 5823 617 5880 590.

563 5892 637 5956 ib)
666 5893 857 5961 Epipb.
886 5895 1033 5951 Hier.
1062 5912 1204 5953 ulv.

670 5683 917 5755 Eustath.
945 5683 1024 5737 De
1051 5695 1304 5755 arguam,
1335 5700 1388 5755 p.
1420 5684 1542 5740 594.

662 5752 897 5810 Method.
926 5756 1067 5825 apud
1088 5752 1450 5827 Epipb.,opp.
1477 5763 1607 5812 tom.
1633 5754 1674 5824 Ι,
1703 5752 1899 5830 p.540,
1924 5754 1991 5841 56
2004 5754 2050 5820 ἓ,

621 5612 640 5825 ἱ

2167 5055 2254 5119 tii,
2305 5056 2469 5110 etiam
2525 5059 2802 5130 exscripta
2837 5044 2978 5115 'olim
3005 5060 3125 5117 aR.
3157 5060 3219 5118 P.
3262 5061 3576 5132 Sirmondo,
3613 5082 3734 5139 quae

2165 5147 2380 5218 possint
2410 5148 2535 5203 usui
2564 5164 2707 5207 esse.
2743 5167 2765 5203 ι

2239 5238 2355 5295 lluc
2381 5257 2553 5312 usque
2577 5241 2942 5301 Combeﬁsius
2966 5265 2980 5302 :
3013 5246 3107 5317 qui
3139 5247 3399 5321 deinceps
3428 5251 3608 5306 nobile
3636 5266 3732 5306 ex—

2163 5341 2410 5403 cerptum
2440 5347 2508 5389 ex-
2530 5334 2723 5390 eodem
2753 5335 2894 5392 libro
2922 5337 3000 5393 De
3032 5343 3430 5405 resurrectione,
3473 5341 3730 5410 deprom-

2261 5471 2308 5533 ε)
2343 5469 2500 5527 Phot.
2546 5472 2682 5527 Bibl.
2724 5474 2846 5530 cod.
2881 5490 3131 5532 ccxxxnv.

2261 5476 2308 5533 ε)
2344 5476 2500 5527 Phot.
2546 5476 2682 5527 Bibl.
2724 5476 2846 5530 cod.
2881 5490 3131 5532 ccxxxnv.

2235 5476 2492 5667 {gigéloam
2526 5542 2774 5601 Damasc.
2823 5560 2963 5601 orat.
2993 5548 3027 5601 5
3060 5547 3136 5600 De
3160 5547 3400 5616 imagin.,
3429 5562 3555 5619 opp.
3589 5561 3630 5607 t.
3656 5549 3723 5615 V,

2159 5627 2213 5683 p.
2247 5613 2373 5681 3.89.

2230 5674 2301 5757 (ε)
2324 5684 2487 5740 Allat.
2534 5683 2709 5742 Diatr.
2752 5688 2818 5742 de
2873 5686 3106 5744 Met/rod.
3176 5686 3358 5754 script.
3398 5704 3522 5762 pag,
3578 5691 3724 5755 554,

2156 5768 2314 5825 seqq.

2228 5823 2294 5894 (ι)
2322 5823 2567 5881 Combel‘.
2606 5827 2658 5881 in
2688 5839 2801 5883 not.
2838 5830 2903 5887 ad
2929 5823 3163 5883 Method.
3194 5841 3246 5895 p.
3278 5825 3405 5881 M9.

2229 5899 2301 5967 (g)
2337 5895 2472 5949 una.
2508 5911 2627 5970 pag.
2657 5898 2781 5952 tce.
