  <div class='ocr_page' id='page_1' title='image "/cluster/home/n/w/nwhite01/storage/ocr_20150623/18/mdp.39015008168943/015.png"; bbox 0 0 4056 6302; ppageno 0'>
   <div class='ocr_carea' id='block_1_1' title="bbox 356 442 3566 517">
    <p class='ocr_par' dir='ltr' id='par_1_1' title="bbox 356 442 3566 517">
     <span class='ocr_line' id='line_1_1' title="bbox 356 442 3566 517; baseline -0.007 0"><span class='ocrx_word' id='word_1_1' title='bbox 356 463 420 517; x_wconf 78' lang='lat' dir='ltr'>l5</span> <span class='ocrx_word' id='word_1_2' title='bbox 1262 456 1322 512; x_wconf 87' lang='lat' dir='ltr'>S.</span> <span class='ocrx_word' id='word_1_3' title='bbox 1364 452 1761 510; x_wconf 80' lang='lat' dir='ltr'>METHODIUS</span> <span class='ocrx_word' id='word_1_4' title='bbox 1793 448 2170 505; x_wconf 85' lang='lat' dir='ltr'>EPISCOPUS</span> <span class='ocrx_word' id='word_1_5' title='bbox 2207 446 2293 501; x_wconf 88' lang='lat' dir='ltr'><strong>ET</strong></span> <span class='ocrx_word' id='word_1_6' title='bbox 2334 443 2646 500; x_wconf 75' lang='lat' dir='ltr'>MARTYR.</span> <span class='ocrx_word' id='word_1_7' title='bbox 3501 442 3566 496; x_wconf 85' lang='lat' dir='ltr'>l6</span> 
     </span>
    </p>
   </div>
   <div class='ocr_carea' id='block_1_2' title="bbox 352 556 3571 650">
    <p class='ocr_par' dir='ltr' id='par_1_2' title="bbox 352 556 3571 650">
     <span class='ocr_line' id='line_1_2' title="bbox 352 556 3571 650; baseline -0.008 -15"><span class='ocrx_word' id='word_1_8' title='bbox 352 591 506 650; x_wconf 84' lang='lat' dir='ltr'>ptum</span> <span class='ocrx_word' id='word_1_9' title='bbox 536 596 567 637; x_wconf 93' lang='lat' dir='ltr'>e</span> <span class='ocrx_word' id='word_1_10' title='bbox 595 578 799 635; x_wconf 88' lang='lat' dir='ltr'>Catena</span> <span class='ocrx_word' id='word_1_11' title='bbox 854 575 1271 633; x_wconf 74' lang='lat' dir='ltr'>eminentissimi</span> <span class='ocrx_word' id='word_1_12' title='bbox 1320 574 1615 631; x_wconf 87' lang='lat' dir='ltr'>eardinalis</span> <span class='ocrx_word' id='word_1_13' title='bbox 1645 570 1905 627; x_wconf 81' lang='lat' dir='ltr'>Mazarini</span> <span class='ocrx_word' id='word_1_14' title='bbox 1933 575 1981 632; x_wconf 83' lang='grc' dir='ltr'><strong>Α</strong></span> <span class='ocrx_word' id='word_1_15' title='bbox 2006 568 2213 639; x_wconf 77' lang='lat' dir='ltr'>effugit.</span> <span class='ocrx_word' id='word_1_16' title='bbox 2248 566 2322 620; x_wconf 87' lang='lat' dir='ltr'>Ex</span> <span class='ocrx_word' id='word_1_17' title='bbox 2356 562 2703 618; x_wconf 86' lang='lat' dir='ltr'>Methodiano</span> <span class='ocrx_word' id='word_1_18' title='bbox 2734 572 2983 650; x_wconf 88' lang='lat' dir='ltr'>sermone</span> <span class='ocrx_word' id='word_1_19' title='bbox 3020 557 3097 613; x_wconf 89' lang='lat' dir='ltr'>De</span> <span class='ocrx_word' id='word_1_20' title='bbox 3126 556 3447 629; x_wconf 73' lang='lat' dir='ltr'>martyribus</span> <span class='ocrx_word' id='word_1_21' title='bbox 3477 572 3571 612; x_wconf 80' lang='lat' dir='ltr'>ex-</span> 
     </span>
    </p>
   </div>
   <div class='ocr_carea' id='block_1_3' title="bbox 353 663 1906 740">
    <p class='ocr_par' dir='ltr' id='par_1_3' title="bbox 353 663 1906 740">
     <span class='ocr_line' id='line_1_3' title="bbox 353 663 1906 740; baseline -0.006 -12"><span class='ocrx_word' id='word_1_22' title='bbox 353 678 409 728; x_wconf 86' lang='lat' dir='ltr'>et</span> <span class='ocrx_word' id='word_1_23' title='bbox 432 672 785 734; x_wconf 86' lang='lat' dir='ltr'>Corderiana,</span> <span class='ocrx_word' id='word_1_24' title='bbox 826 668 1014 724; x_wconf 79' lang='lat' dir='ltr'>Latine</span> <span class='ocrx_word' id='word_1_25' title='bbox 1046 668 1286 740; x_wconf 79' lang='lat' dir='ltr'>vulgavit</span> <span class='ocrx_word' id='word_1_26' title='bbox 1308 667 1384 740; x_wconf 73' lang='lat' dir='ltr'>(It)</span> <span class='ocrx_word' id='word_1_27' title='bbox 1440 667 1496 720; x_wconf 93' lang='lat' dir='ltr'>in</span> <span class='ocrx_word' id='word_1_28' title='bbox 1542 681 1639 722; x_wconf 91' lang='lat' dir='ltr'>sua</span> <span class='ocrx_word' id='word_1_29' title='bbox 1700 663 1906 719; x_wconf 86' lang='lat' dir='ltr'>Biblio-</span> 
     </span>
    </p>
   </div>
   <div class='ocr_carea' id='block_1_4' title="bbox 356 754 1910 831">
    <p class='ocr_par' dir='ltr' id='par_1_4' title="bbox 356 754 1910 831">
     <span class='ocr_line' id='line_1_4' title="bbox 356 754 1910 831; baseline -0.005 -15"><span class='ocrx_word' id='word_1_30' title='bbox 356 763 501 819; x_wconf 79' lang='lat' dir='ltr'>tlteca</span> <span class='ocrx_word' id='word_1_31' title='bbox 524 761 930 825; x_wconf 81' lang='lat' dir='ltr'>concionatoria,</span> <span class='ocrx_word' id='word_1_32' title='bbox 950 760 1183 826; x_wconf 81' lang='lat' dir='ltr'>tom..ll,</span> <span class='ocrx_word' id='word_1_33' title='bbox 1214 775 1334 831; x_wconf 89' lang='lat' dir='ltr'>pag.</span> <span class='ocrx_word' id='word_1_34' title='bbox 1368 758 1495 823; x_wconf 75' lang='lat'>265,</span> <span class='ocrx_word' id='word_1_35' title='bbox 1522 772 1663 827; x_wconf 86' lang='lat' dir='ltr'>seq.,</span> <span class='ocrx_word' id='word_1_36' title='bbox 1701 771 1807 827; x_wconf 87' lang='lat' dir='ltr'>qua</span> <span class='ocrx_word' id='word_1_37' title='bbox 1843 754 1910 810; x_wconf 90' lang='lat' dir='ltr'>de</span> 
     </span>
    </p>
   </div>
   <div class='ocr_carea' id='block_1_5' title="bbox 353 854 1909 929">
    <p class='ocr_par' dir='ltr' id='par_1_5' title="bbox 353 854 1909 929">
     <span class='ocr_line' id='line_1_5' title="bbox 353 854 1909 929; baseline -0.004 -17"><span class='ocrx_word' id='word_1_38' title='bbox 353 873 414 913; x_wconf 91' lang='lat' dir='ltr'>re</span> <span class='ocrx_word' id='word_1_39' title='bbox 456 856 683 929; x_wconf 77' lang='lat' dir='ltr'>ipsemet</span> <span class='ocrx_word' id='word_1_40' title='bbox 710 855 1037 911; x_wconf 80' lang='lat' dir='ltr'>mentionem</span> <span class='ocrx_word' id='word_1_41' title='bbox 1084 855 1259 925; x_wconf 82' lang='lat' dir='ltr'>injicit</span> <span class='ocrx_word' id='word_1_42' title='bbox 1317 854 1372 908; x_wconf 87' lang='lat' dir='ltr'>in</span> <span class='ocrx_word' id='word_1_43' title='bbox 1401 854 1669 908; x_wconf 74' lang='lat' dir='ltr'>recensitis</span> <span class='ocrx_word' id='word_1_44' title='bbox 1723 861 1909 906; x_wconf 85' lang='lat' dir='ltr'>aucto-</span> 
     </span>
    </p>
   </div>
   <div class='ocr_carea' id='block_1_6' title="bbox 353 942 1910 1018">
    <p class='ocr_par' dir='ltr' id='par_1_6' title="bbox 353 942 1910 1018">
     <span class='ocr_line' id='line_1_6' title="bbox 353 942 1910 1018; baseline -0.003 -17"><span class='ocrx_word' id='word_1_45' title='bbox 353 949 498 1003; x_wconf 75' lang='lat' dir='ltr'>ribus</span> <span class='ocrx_word' id='word_1_46' title='bbox 531 947 770 1017; x_wconf 79' lang='lat' dir='ltr'>ejusdem</span> <span class='ocrx_word' id='word_1_47' title='bbox 788 946 1142 1012; x_wconf 72' lang='lat' dir='ltr'>Bibliothecw,</span> <span class='ocrx_word' id='word_1_48' title='bbox 1169 955 1300 1001; x_wconf 91' lang='lat' dir='ltr'>tom.</span> <span class='ocrx_word' id='word_1_49' title='bbox 1332 944 1373 1010; x_wconf 88' lang='grc' dir='ltr'>Ι,</span> <span class='ocrx_word' id='word_1_50' title='bbox 1406 962 1527 1018; x_wconf 97' lang='lat' dir='ltr'>pag.</span> <span class='ocrx_word' id='word_1_51' title='bbox 1562 944 1651 999; x_wconf 81' lang='lat'>50.</span> <span class='ocrx_word' id='word_1_52' title='bbox 1681 942 1738 998; x_wconf 87' lang='lat' dir='ltr'>1d</span> <span class='ocrx_word' id='word_1_53' title='bbox 1762 959 1910 998; x_wconf 92' lang='lat' dir='ltr'>emo-</span> 
     </span>
    </p>
   </div>
   <div class='ocr_carea' id='block_1_7' title="bbox 356 1034 1910 1109">
    <p class='ocr_par' dir='ltr' id='par_1_7' title="bbox 356 1034 1910 1109">
     <span class='ocr_line' id='line_1_7' title="bbox 356 1034 1910 1109; baseline -0.005 -14"><span class='ocrx_word' id='word_1_54' title='bbox 356 1041 580 1095; x_wconf 82' lang='lat' dir='ltr'>lumenti</span> <span class='ocrx_word' id='word_1_55' title='bbox 623 1053 733 1109; x_wconf 62' lang='lat' dir='ltr'>pra:</span> <span class='ocrx_word' id='word_1_56' title='bbox 782 1038 993 1093; x_wconf 75' lang='lat' dir='ltr'>caeteris</span> <span class='ocrx_word' id='word_1_57' title='bbox 1040 1053 1103 1092; x_wconf 85' lang='lat' dir='ltr'>ex</span> <span class='ocrx_word' id='word_1_58' title='bbox 1140 1037 1403 1107; x_wconf 67' lang='lat' dir='ltr'>praeclaro</span> <span class='ocrx_word' id='word_1_59' title='bbox 1434 1037 1542 1091; x_wconf 89' lang='lat' dir='ltr'>isto</span> <span class='ocrx_word' id='word_1_60' title='bbox 1606 1034 1910 1105; x_wconf 89' lang='lat' dir='ltr'>fragmento</span> 
     </span>
    </p>
   </div>
   <div class='ocr_carea' id='block_1_8' title="bbox 355 1125 1911 1201">
    <p class='ocr_par' dir='ltr' id='par_1_8' title="bbox 355 1125 1911 1201">
     <span class='ocr_line' id='line_1_8' title="bbox 355 1125 1911 1201; baseline -0.005 -16"><span class='ocrx_word' id='word_1_61' title='bbox 355 1145 631 1201; x_wconf 88' lang='lat' dir='ltr'>emergere</span> <span class='ocrx_word' id='word_1_62' title='bbox 658 1129 930 1193; x_wconf 82' lang='lat' dir='ltr'>novimus,</span> <span class='ocrx_word' id='word_1_63' title='bbox 963 1127 1104 1200; x_wconf 89' lang='lat' dir='ltr'>quod</span> <span class='ocrx_word' id='word_1_64' title='bbox 1136 1144 1201 1183; x_wconf 90' lang='lat' dir='ltr'>ex</span> <span class='ocrx_word' id='word_1_65' title='bbox 1252 1144 1317 1182; x_wconf 89' lang='lat' dir='ltr'>eo</span> <span class='ocrx_word' id='word_1_66' title='bbox 1341 1127 1566 1183; x_wconf 82' lang='lat' dir='ltr'>alterius</span> <span class='ocrx_word' id='word_1_67' title='bbox 1587 1127 1693 1181; x_wconf 92' lang='lat' dir='ltr'>loci</span> <span class='ocrx_word' id='word_1_68' title='bbox 1722 1125 1911 1179; x_wconf 78' lang='grc' dir='ltr'>αὐθεν-</span> 
     </span>
    </p>
   </div>
   <div class='ocr_carea' id='block_1_9' title="bbox 353 1214 1905 1285">
    <p class='ocr_par' dir='ltr' id='par_1_9' title="bbox 353 1214 1905 1285">
     <span class='ocr_line' id='line_1_9' title="bbox 353 1214 1905 1285; baseline -0.002 -11"><span class='ocrx_word' id='word_1_69' title='bbox 353 1220 443 1276; x_wconf 64' lang='lat' dir='ltr'>ria</span> <span class='ocrx_word' id='word_1_70' title='bbox 502 1219 870 1284; x_wconf 79' lang='lat' dir='ltr'>confirmatur,</span> <span class='ocrx_word' id='word_1_71' title='bbox 905 1233 935 1271; x_wconf 89' lang='lat' dir='ltr'>a</span> <span class='ocrx_word' id='word_1_72' title='bbox 987 1216 1195 1274; x_wconf 83' lang='lat' dir='ltr'>Joanne</span> <span class='ocrx_word' id='word_1_73' title='bbox 1258 1216 1592 1271; x_wconf 88' lang='lat' dir='ltr'>Damasceno</span> <span class='ocrx_word' id='word_1_74' title='bbox 1628 1216 1780 1270; x_wconf 90' lang='lat' dir='ltr'>relati</span> <span class='ocrx_word' id='word_1_75' title='bbox 1804 1214 1905 1285; x_wconf 88' lang='lat' dir='ltr'>(i):</span> 
     </span>
    </p>
   </div>
   <div class='ocr_carea' id='block_1_10' title="bbox 356 1309 1917 1383">
    <p class='ocr_par' dir='ltr' id='par_1_10' title="bbox 356 1309 1917 1383">
     <span class='ocr_line' id='line_1_10' title="bbox 356 1309 1917 1383; baseline -0.004 -16"><span class='ocrx_word' id='word_1_76' title='bbox 356 1313 640 1383; x_wconf 87' lang='lat' dir='ltr'>utrobique</span> <span class='ocrx_word' id='word_1_77' title='bbox 667 1312 813 1367; x_wconf 91' lang='lat' dir='ltr'>enim</span> <span class='ocrx_word' id='word_1_78' title='bbox 869 1322 1092 1367; x_wconf 89' lang='lat' dir='ltr'>sanctus</span> <span class='ocrx_word' id='word_1_79' title='bbox 1120 1312 1210 1366; x_wconf 91' lang='lat' dir='ltr'>ille</span> <span class='ocrx_word' id='word_1_80' title='bbox 1262 1320 1466 1381; x_wconf 80' lang='lat' dir='ltr'>martyr</span> <span class='ocrx_word' id='word_1_81' title='bbox 1496 1309 1796 1379; x_wconf 90' lang='lat' dir='ltr'>dogmatice</span> <span class='ocrx_word' id='word_1_82' title='bbox 1829 1322 1917 1362; x_wconf 88' lang='lat' dir='ltr'>ar-</span> 
     </span>
    </p>
   </div>
   <div class='ocr_carea' id='block_1_11' title="bbox 353 1401 1908 1476">
    <p class='ocr_par' dir='ltr' id='par_1_11' title="bbox 353 1401 1908 1476">
     <span class='ocr_line' id='line_1_11' title="bbox 353 1401 1908 1476; baseline -0.002 -17"><span class='ocrx_word' id='word_1_83' title='bbox 353 1406 466 1476; x_wconf 89' lang='lat' dir='ltr'>guit</span> <span class='ocrx_word' id='word_1_84' title='bbox 494 1419 522 1458; x_wconf 89' lang='lat' dir='ltr'>a</span> <span class='ocrx_word' id='word_1_85' title='bbox 544 1405 851 1475; x_wconf 84' lang='lat' dir='ltr'>principum</span> <span class='ocrx_word' id='word_1_86' title='bbox 884 1403 950 1457; x_wconf 89' lang='lat' dir='ltr'>ad</span> <span class='ocrx_word' id='word_1_87' title='bbox 974 1418 1159 1459; x_wconf 88' lang='lat' dir='ltr'>sacras</span> <span class='ocrx_word' id='word_1_88' title='bbox 1192 1402 1471 1472; x_wconf 85' lang='lat' dir='ltr'>imagines,</span> <span class='ocrx_word' id='word_1_89' title='bbox 1491 1408 1549 1455; x_wconf 93' lang='lat' dir='ltr'>ut</span> <span class='ocrx_word' id='word_1_90' title='bbox 1568 1401 1622 1455; x_wconf 93' lang='lat' dir='ltr'>in</span> <span class='ocrx_word' id='word_1_91' title='bbox 1643 1401 1908 1471; x_wconf 90' lang='lat' dir='ltr'>utrisque,</span> 
     </span>
    </p>
   </div>
   <div class='ocr_carea' id='block_1_12' title="bbox 352 1492 1913 1563">
    <p class='ocr_par' dir='ltr' id='par_1_12' title="bbox 352 1492 1913 1563">
     <span class='ocr_line' id='line_1_12' title="bbox 352 1492 1913 1563; baseline -0.001 -16"><span class='ocrx_word' id='word_1_92' title='bbox 352 1494 547 1549; x_wconf 88' lang='lat' dir='ltr'>honori</span> <span class='ocrx_word' id='word_1_93' title='bbox 575 1493 661 1547; x_wconf 86' lang='lat' dir='ltr'>vel</span> <span class='ocrx_word' id='word_1_94' title='bbox 686 1492 1025 1547; x_wconf 62' lang='lat' dir='ltr'>contumeliae</span> <span class='ocrx_word' id='word_1_95' title='bbox 1048 1493 1310 1547; x_wconf 90' lang='lat' dir='ltr'>habeatur</span> <span class='ocrx_word' id='word_1_96' title='bbox 1323 1499 1645 1563; x_wconf 89' lang='lat' dir='ltr'>prototypon</span> <span class='ocrx_word' id='word_1_97' title='bbox 1660 1500 1712 1547; x_wconf 89' lang='lat' dir='ltr'>et</span> <span class='ocrx_word' id='word_1_98' title='bbox 1731 1506 1913 1548; x_wconf 84' lang='lat' dir='ltr'>exem-</span> 
     </span>
    </p>
   </div>
   <div class='ocr_carea' id='block_1_13' title="bbox 351 1582 1912 1655">
    <p class='ocr_par' dir='ltr' id='par_1_13' title="bbox 351 1582 1912 1655">
     <span class='ocr_line' id='line_1_13' title="bbox 351 1582 1912 1655; baseline 0.001 -20"><span class='ocrx_word' id='word_1_99' title='bbox 351 1584 470 1654; x_wconf 90' lang='lat' dir='ltr'>plar</span> <span class='ocrx_word' id='word_1_100' title='bbox 505 1602 517 1638; x_wconf 90' lang='lat'><strong>:</strong></span> <span class='ocrx_word' id='word_1_101' title='bbox 556 1583 737 1638; x_wconf 85' lang='lat' dir='ltr'>verbis</span> <span class='ocrx_word' id='word_1_102' title='bbox 767 1591 893 1637; x_wconf 91' lang='lat' dir='ltr'>utor</span> <span class='ocrx_word' id='word_1_103' title='bbox 911 1582 1135 1638; x_wconf 86' lang='lat' dir='ltr'>editoris</span> <span class='ocrx_word' id='word_1_104' title='bbox 1152 1584 1327 1639; x_wconf 88' lang='lat' dir='ltr'>nostri</span> <span class='ocrx_word' id='word_1_105' title='bbox 1355 1583 1420 1637; x_wconf 89' lang='lat' dir='ltr'>ad</span> <span class='ocrx_word' id='word_1_106' title='bbox 1450 1584 1602 1654; x_wconf 87' lang='lat' dir='ltr'>prius</span> <span class='ocrx_word' id='word_1_107' title='bbox 1640 1584 1912 1655; x_wconf 80' lang='lat' dir='ltr'>fragmen-</span> 
     </span>
    </p>
   </div>
   <div class='ocr_carea' id='block_1_14' title="bbox 351 1674 1912 1747">
    <p class='ocr_par' dir='ltr' id='par_1_14' title="bbox 351 1674 1912 1747">
     <span class='ocr_line' id='line_1_14' title="bbox 351 1674 1912 1747; baseline 0.001 -19"><span class='ocrx_word' id='word_1_108' title='bbox 351 1682 467 1728; x_wconf 88' lang='lat' dir='ltr'>tum</span> <span class='ocrx_word' id='word_1_109' title='bbox 506 1674 895 1730; x_wconf 89' lang='lat' dir='ltr'>eDamasceno</span> <span class='ocrx_word' id='word_1_110' title='bbox 954 1675 1317 1746; x_wconf 90' lang='lat' dir='ltr'>desumptum.</span> <span class='ocrx_word' id='word_1_111' title='bbox 1363 1675 1514 1742; x_wconf 85' lang='lat' dir='ltr'>Quod</span> <span class='ocrx_word' id='word_1_112' title='bbox 1550 1676 1766 1747; x_wconf 89' lang='lat' dir='ltr'>quidem</span> <span class='ocrx_word' id='word_1_113' title='bbox 1818 1691 1912 1731; x_wconf 89' lang='lat' dir='ltr'>ea-</span> 
     </span>
    </p>
   </div>
   <div class='ocr_carea' id='block_1_15' title="bbox 352 1767 1909 1839">
    <p class='ocr_par' dir='ltr' id='par_1_15' title="bbox 352 1767 1909 1839">
     <span class='ocr_line' id='line_1_15' title="bbox 352 1767 1909 1839; baseline 0.001 -18"><span class='ocrx_word' id='word_1_114' title='bbox 352 1774 574 1837; x_wconf 88' lang='lat' dir='ltr'>pr0pter</span> <span class='ocrx_word' id='word_1_115' title='bbox 597 1767 918 1822; x_wconf 84' lang='lat' dir='ltr'>observasse</span> <span class='ocrx_word' id='word_1_116' title='bbox 941 1770 1196 1838; x_wconf 86' lang='lat' dir='ltr'>oportuit,</span> <span class='ocrx_word' id='word_1_117' title='bbox 1229 1776 1287 1824; x_wconf 92' lang='lat' dir='ltr'>ut</span> <span class='ocrx_word' id='word_1_118' title='bbox 1350 1768 1705 1839; x_wconf 88' lang='lat' dir='ltr'>improvidam</span> <span class='ocrx_word' id='word_1_119' title='bbox 1729 1768 1909 1823; x_wconf 86' lang='lat' dir='ltr'>homi-</span> 
     </span>
    </p>
   </div>
   <div class='ocr_carea' id='block_1_16' title="bbox 353 1857 1911 1932">
    <p class='ocr_par' dir='ltr' id='par_1_16' title="bbox 353 1857 1911 1932">
     <span class='ocr_line' id='line_1_16' title="bbox 353 1857 1911 1932; baseline 0.001 -18"><span class='ocrx_word' id='word_1_120' title='bbox 353 1861 439 1914; x_wconf 90' lang='lat' dir='ltr'>nis</span> <span class='ocrx_word' id='word_1_121' title='bbox 467 1860 783 1915; x_wconf 82' lang='lat' dir='ltr'>heterodoxi</span> <span class='ocrx_word' id='word_1_122' title='bbox 814 1858 877 1931; x_wconf 87' lang='lat' dir='ltr'>(j)</span> <span class='ocrx_word' id='word_1_123' title='bbox 910 1874 1197 1915; x_wconf 90' lang='lat' dir='ltr'>censuram</span> <span class='ocrx_word' id='word_1_124' title='bbox 1228 1862 1578 1927; x_wconf 89' lang='lat' dir='ltr'>dilueremus,</span> <span class='ocrx_word' id='word_1_125' title='bbox 1607 1857 1699 1932; x_wconf 89' lang='lat' dir='ltr'>qui</span> <span class='ocrx_word' id='word_1_126' title='bbox 1728 1876 1797 1916; x_wconf 90' lang='lat' dir='ltr'>ne</span> <span class='ocrx_word' id='word_1_127' title='bbox 1821 1876 1911 1917; x_wconf 91' lang='lat' dir='ltr'>sa-</span> 
     </span>
    </p>
   </div>
   <div class='ocr_carea' id='block_1_17' title="bbox 2015 649 2834 721">
    <p class='ocr_par' dir='ltr' id='par_1_17' title="bbox 2015 649 2834 721">
     <span class='ocr_line' id='line_1_17' title="bbox 2015 649 2834 721; baseline -0.013 -7"><span class='ocrx_word' id='word_1_128' title='bbox 2015 660 2162 714; x_wconf 78' lang='lat' dir='ltr'>ltibet</span> <span class='ocrx_word' id='word_1_129' title='bbox 2196 656 2328 711; x_wconf 91' lang='lat' dir='ltr'>illud</span> <span class='ocrx_word' id='word_1_130' title='bbox 2349 653 2720 709; x_wconf 88' lang='lat' dir='ltr'>Theodoretus</span> <span class='ocrx_word' id='word_1_131' title='bbox 2741 649 2834 721; x_wconf 73' lang='lat' dir='ltr'>(gi.</span> 
     </span>
    </p>
   </div>
   <div class='ocr_carea' id='block_1_18' title="bbox 2083 741 3572 815">
    <p class='ocr_par' dir='ltr' id='par_1_18' title="bbox 2083 741 3572 815">
     <span class='ocr_line' id='line_1_18' title="bbox 2083 741 3572 815; baseline -0.009 -10"><span class='ocrx_word' id='word_1_132' title='bbox 2083 750 2367 807; x_wconf 86' lang='lat' dir='ltr'>Accedunt</span> <span class='ocrx_word' id='word_1_133' title='bbox 2413 747 2655 815; x_wconf 83' lang='lat' dir='ltr'>ejusdem</span> <span class='ocrx_word' id='word_1_134' title='bbox 2708 741 2963 798; x_wconf 85' lang='lat' dir='ltr'>Methodii</span> <span class='ocrx_word' id='word_1_135' title='bbox 3008 741 3244 797; x_wconf 63' lang='lat' dir='ltr'>homilia</span> <span class='ocrx_word' id='word_1_136' title='bbox 3270 741 3409 802; x_wconf 62' lang='lat' dir='ltr'>duae,</span> <span class='ocrx_word' id='word_1_137' title='bbox 3436 754 3572 808; x_wconf 86' lang='lat' dir='ltr'>qua-</span> 
     </span>
    </p>
   </div>
   <div class='ocr_carea' id='block_1_19' title="bbox 2015 832 3570 909">
    <p class='ocr_par' dir='ltr' id='par_1_19' title="bbox 2015 832 3570 909">
     <span class='ocr_line' id='line_1_19' title="bbox 2015 832 3570 909; baseline -0.009 -11"><span class='ocrx_word' id='word_1_138' title='bbox 2015 861 2136 900; x_wconf 87' lang='lat' dir='ltr'>rum</span> <span class='ocrx_word' id='word_1_139' title='bbox 2168 845 2359 906; x_wconf 88' lang='lat' dir='ltr'>altera,</span> <span class='ocrx_word' id='word_1_140' title='bbox 2389 840 2465 895; x_wconf 89' lang='lat' dir='ltr'>De</span> <span class='ocrx_word' id='word_1_141' title='bbox 2487 839 2737 909; x_wconf 80' lang='lat' dir='ltr'>Symeene</span> <span class='ocrx_word' id='word_1_142' title='bbox 2767 845 2816 890; x_wconf 89' lang='lat' dir='ltr'>et</span> <span class='ocrx_word' id='word_1_143' title='bbox 2834 836 3009 902; x_wconf 87' lang='lat' dir='ltr'>Anna,</span> <span class='ocrx_word' id='word_1_144' title='bbox 3040 851 3138 905; x_wconf 91' lang='lat' dir='ltr'>quo</span> <span class='ocrx_word' id='word_1_145' title='bbox 3158 834 3242 888; x_wconf 82' lang='lat' dir='ltr'>die</span> <span class='ocrx_word' id='word_1_146' title='bbox 3262 832 3485 887; x_wconf 89' lang='lat' dir='ltr'>Domino</span> <span class='ocrx_word' id='word_1_147' title='bbox 3514 832 3570 885; x_wconf 87' lang='lat' dir='ltr'>in</span> 
     </span>
    </p>
   </div>
   <div class='ocr_carea' id='block_1_20' title="bbox 2017 924 3571 1005">
    <p class='ocr_par' dir='ltr' id='par_1_20' title="bbox 2017 924 3571 1005">
     <span class='ocr_line' id='line_1_20' title="bbox 2017 924 3571 1005; baseline -0.008 -15"><span class='ocrx_word' id='word_1_148' title='bbox 2017 936 2206 1005; x_wconf 84' lang='lat' dir='ltr'>templo</span> <span class='ocrx_word' id='word_1_149' title='bbox 2255 932 2626 996; x_wconf 83' lang='lat' dir='ltr'>occurrerunt,</span> <span class='ocrx_word' id='word_1_150' title='bbox 2674 929 3022 996; x_wconf 85' lang='lat' dir='ltr'>inscribitur;</span> <span class='ocrx_word' id='word_1_151' title='bbox 3061 927 3252 990; x_wconf 87' lang='lat' dir='ltr'>altera,</span> <span class='ocrx_word' id='word_1_152' title='bbox 3289 924 3357 979; x_wconf 85' lang='lat' dir='ltr'>In</span> <span class='ocrx_word' id='word_1_153' title='bbox 3395 941 3571 978; x_wconf 82' lang='lat' dir='ltr'>ramos</span> 
     </span>
    </p>
   </div>
   <div class='ocr_carea' id='block_1_21' title="bbox 2020 1014 3572 1093">
    <p class='ocr_par' dir='ltr' id='par_1_21' title="bbox 2020 1014 3572 1093">
     <span class='ocr_line' id='line_1_21' title="bbox 2020 1014 3572 1093; baseline -0.009 -12"><span class='ocrx_word' id='word_1_154' title='bbox 2020 1027 2347 1081; x_wconf 85' lang='lat' dir='ltr'>Palmarum.</span> <span class='ocrx_word' id='word_1_155' title='bbox 2385 1024 2453 1077; x_wconf 89' lang='lat' dir='ltr'>Et</span> <span class='ocrx_word' id='word_1_156' title='bbox 2486 1023 2552 1077; x_wconf 89' lang='lat' dir='ltr'>ad</span> <span class='ocrx_word' id='word_1_157' title='bbox 2579 1038 2673 1078; x_wconf 91' lang='lat' dir='ltr'>eas</span> <span class='ocrx_word' id='word_1_158' title='bbox 2732 1020 2949 1093; x_wconf 90' lang='lat' dir='ltr'>quidem</span> <span class='ocrx_word' id='word_1_159' title='bbox 2977 1019 3093 1074; x_wconf 65' lang='lat' dir='ltr'>haec</span> <span class='ocrx_word' id='word_1_160' title='bbox 3119 1019 3279 1073; x_wconf 89' lang='lat' dir='ltr'>habet</span> <span class='ocrx_word' id='word_1_161' title='bbox 3305 1014 3572 1072; x_wconf 84' lang='lat' dir='ltr'>Combefl-</span> 
     </span>
    </p>
   </div>
   <div class='ocr_carea' id='block_1_22' title="bbox 2017 1106 3570 1188">
    <p class='ocr_par' dir='ltr' id='par_1_22' title="bbox 2017 1106 3570 1188">
     <span class='ocr_line' id='line_1_22' title="bbox 2017 1106 3570 1188; baseline -0.009 -15"><span class='ocrx_word' id='word_1_162' title='bbox 2017 1119 2130 1174; x_wconf 89' lang='lat' dir='ltr'>sius</span> <span class='ocrx_word' id='word_1_163' title='bbox 2160 1116 2228 1188; x_wconf 93' lang='lat' dir='ltr'>(r)</span> <span class='ocrx_word' id='word_1_164' title='bbox 2269 1136 2282 1171; x_wconf 89' lang='lat'><strong>:</strong></span> <span class='ocrx_word' id='word_1_165' title='bbox 2317 1135 2335 1167; x_wconf 76' lang='grc' dir='ltr'>ι</span> <span class='ocrx_word' id='word_1_166' title='bbox 2372 1114 2683 1172; x_wconf 87' lang='lat' dir='ltr'>Orationem</span> <span class='ocrx_word' id='word_1_167' title='bbox 2717 1114 2772 1168; x_wconf 89' lang='lat' dir='ltr'>in</span> <span class='ocrx_word' id='word_1_168' title='bbox 2805 1111 3127 1184; x_wconf 86' lang='lat' dir='ltr'>Symeonem</span> <span class='ocrx_word' id='word_1_169' title='bbox 3168 1115 3224 1163; x_wconf 88' lang='lat' dir='ltr'>et</span> <span class='ocrx_word' id='word_1_170' title='bbox 3276 1108 3485 1162; x_wconf 82' lang='lat' dir='ltr'>Annam</span> <span class='ocrx_word' id='word_1_171' title='bbox 3514 1106 3570 1160; x_wconf 92' lang='lat' dir='ltr'>in</span> 
     </span>
    </p>
   </div>
   <div class='ocr_carea' id='block_1_23' title="bbox 2015 1198 3573 1279">
    <p class='ocr_par' dir='ltr' id='par_1_23' title="bbox 2015 1198 3573 1279">
     <span class='ocr_line' id='line_1_23' title="bbox 2015 1198 3573 1279; baseline -0.008 -16"><span class='ocrx_word' id='word_1_172' title='bbox 2015 1209 2103 1264; x_wconf 91' lang='lat' dir='ltr'>die</span> <span class='ocrx_word' id='word_1_173' title='bbox 2127 1207 2427 1271; x_wconf 89' lang='lat' dir='ltr'>Occursus,</span> <span class='ocrx_word' id='word_1_174' title='bbox 2457 1206 2730 1275; x_wconf 82' lang='lat' dir='ltr'>vulgatam</span> <span class='ocrx_word' id='word_1_175' title='bbox 2764 1205 2996 1273; x_wconf 82' lang='lat' dir='ltr'>primum</span> <span class='ocrx_word' id='word_1_176' title='bbox 3021 1202 3182 1256; x_wconf 92' lang='lat' dir='ltr'>Petro</span> <span class='ocrx_word' id='word_1_177' title='bbox 3209 1198 3573 1279; x_wconf 22' lang='lat' dir='ltr'>Pantino,.re-</span> 
     </span>
    </p>
   </div>
   <div class='ocr_carea' id='block_1_24' title="bbox 2016 1289 3568 1372">
    <p class='ocr_par' dir='ltr' id='par_1_24' title="bbox 2016 1289 3568 1372">
     <span class='ocr_line' id='line_1_24' title="bbox 2016 1289 3568 1372; baseline -0.01 -16"><span class='ocrx_word' id='word_1_178' title='bbox 2016 1309 2425 1372; x_wconf 60' lang='lat' dir='ltr'>praesentamus,</span> <span class='ocrx_word' id='word_1_179' title='bbox 2461 1297 2732 1366; x_wconf 83' lang='lat' dir='ltr'>simulque</span> <span class='ocrx_word' id='word_1_180' title='bbox 2757 1295 2939 1364; x_wconf 88' lang='lat' dir='ltr'>aliqua</span> <span class='ocrx_word' id='word_1_181' title='bbox 2974 1293 3030 1346; x_wconf 88' lang='lat' dir='ltr'>in</span> <span class='ocrx_word' id='word_1_182' title='bbox 3070 1292 3216 1345; x_wconf 87' lang='lat' dir='ltr'>notis</span> <span class='ocrx_word' id='word_1_183' title='bbox 3241 1289 3568 1353; x_wconf 90' lang='lat' dir='ltr'>indicamus,</span> 
     </span>
    </p>
   </div>
   <div class='ocr_carea' id='block_1_25' title="bbox 2015 1382 3570 1464">
    <p class='ocr_par' dir='ltr' id='par_1_25' title="bbox 2015 1382 3570 1464">
     <span class='ocr_line' id='line_1_25' title="bbox 2015 1382 3570 1464; baseline -0.008 -16"><span class='ocrx_word' id='word_1_184' title='bbox 2015 1395 2213 1464; x_wconf 89' lang='lat' dir='ltr'>quibus</span> <span class='ocrx_word' id='word_1_185' title='bbox 2247 1394 2311 1449; x_wconf 92' lang='lat' dir='ltr'>ad</span> <span class='ocrx_word' id='word_1_186' title='bbox 2336 1408 2528 1447; x_wconf 90' lang='lat' dir='ltr'>novam</span> <span class='ocrx_word' id='word_1_187' title='bbox 2561 1391 2861 1447; x_wconf 83' lang='lat' dir='ltr'>versionem</span> <span class='ocrx_word' id='word_1_188' title='bbox 2919 1396 3042 1458; x_wconf 88' lang='lat' dir='ltr'>post</span> <span class='ocrx_word' id='word_1_189' title='bbox 3086 1386 3232 1439; x_wconf 86' lang='lat' dir='ltr'>illam</span> <span class='ocrx_word' id='word_1_190' title='bbox 3291 1382 3570 1437; x_wconf 89' lang='lat' dir='ltr'>Pantinia-</span> 
     </span>
    </p>
   </div>
   <div class='ocr_carea' id='block_1_26' title="bbox 2016 1472 3572 1547">
    <p class='ocr_par' dir='ltr' id='par_1_26' title="bbox 2016 1472 3572 1547">
     <span class='ocr_line' id='line_1_26' title="bbox 2016 1472 3572 1547; baseline -0.01 -5"><span class='ocrx_word' id='word_1_191' title='bbox 2016 1502 2141 1542; x_wconf 90' lang='lat' dir='ltr'>nam</span> <span class='ocrx_word' id='word_1_192' title='bbox 2168 1485 2372 1541; x_wconf 89' lang='lat' dir='ltr'>inducti</span> <span class='ocrx_word' id='word_1_193' title='bbox 2401 1498 2611 1540; x_wconf 91' lang='lat' dir='ltr'>sumus.</span> <span class='ocrx_word' id='word_1_194' title='bbox 2669 1480 2804 1535; x_wconf 90' lang='lat' dir='ltr'>Esse</span> <span class='ocrx_word' id='word_1_195' title='bbox 2838 1486 3018 1533; x_wconf 87' lang='lat' dir='ltr'>autem</span> <span class='ocrx_word' id='word_1_196' title='bbox 3064 1476 3305 1547; x_wconf 87' lang='lat' dir='ltr'>ejusdem</span> <span class='ocrx_word' id='word_1_197' title='bbox 3368 1472 3572 1528; x_wconf 77' lang='lat' dir='ltr'>oratio-</span> 
     </span>
    </p>
   </div>
   <div class='ocr_carea' id='block_1_27' title="bbox 2014 1564 3570 1639">
    <p class='ocr_par' dir='ltr' id='par_1_27' title="bbox 2014 1564 3570 1639">
     <span class='ocr_line' id='line_1_27' title="bbox 2014 1564 3570 1639; baseline -0.012 -5"><span class='ocrx_word' id='word_1_198' title='bbox 2014 1594 2138 1634; x_wconf 89' lang='lat' dir='ltr'>nem</span> <span class='ocrx_word' id='word_1_199' title='bbox 2169 1578 2310 1631; x_wconf 89' lang='lat' dir='ltr'>hanc</span> <span class='ocrx_word' id='word_1_200' title='bbox 2338 1573 2841 1634; x_wconf 88' lang='lat' dir='ltr'>luculentissimam,</span> <span class='ocrx_word' id='word_1_201' title='bbox 2872 1569 3029 1639; x_wconf 86' lang='lat' dir='ltr'>cujus</span> <span class='ocrx_word' id='word_1_202' title='bbox 3064 1575 3189 1624; x_wconf 87' lang='lat' dir='ltr'>sunt</span> <span class='ocrx_word' id='word_1_203' title='bbox 3230 1564 3570 1636; x_wconf 77' lang='lat' dir='ltr'>Symposiaca</span> 
     </span>
    </p>
   </div>
   <div class='ocr_carea' id='block_1_28' title="bbox 2016 1654 3571 1730">
    <p class='ocr_par' dir='ltr' id='par_1_28' title="bbox 2016 1654 3571 1730">
     <span class='ocr_line' id='line_1_28' title="bbox 2016 1654 3571 1730; baseline -0.006 -11"><span class='ocrx_word' id='word_1_204' title='bbox 2016 1666 2078 1721; x_wconf 85' lang='lat' dir='ltr'>de</span> <span class='ocrx_word' id='word_1_205' title='bbox 2100 1668 2361 1730; x_wconf 87' lang='lat' dir='ltr'>castitate,</span> <span class='ocrx_word' id='word_1_206' title='bbox 2393 1672 2447 1720; x_wconf 89' lang='lat' dir='ltr'>et</span> <span class='ocrx_word' id='word_1_207' title='bbox 2470 1661 2723 1717; x_wconf 84' lang='lat' dir='ltr'>Methodii</span> <span class='ocrx_word' id='word_1_208' title='bbox 2756 1657 2901 1716; x_wconf 77' lang='lat' dir='ltr'>illitis</span> <span class='ocrx_word' id='word_1_209' title='bbox 2930 1656 3265 1729; x_wconf 89' lang='lat' dir='ltr'>Origenianis</span> <span class='ocrx_word' id='word_1_210' title='bbox 3293 1654 3571 1712; x_wconf 83' lang='lat' dir='ltr'>erroribus</span> 
     </span>
    </p>
   </div>
   <div class='ocr_carea' id='block_1_29' title="bbox 2016 1746 3567 1826">
    <p class='ocr_par' dir='ltr' id='par_1_29' title="bbox 2016 1746 3567 1826">
     <span class='ocr_line' id='line_1_29' title="bbox 2016 1746 3567 1826; baseline -0.008 -13"><span class='ocrx_word' id='word_1_211' title='bbox 2016 1757 2390 1819; x_wconf 88' lang='lat' dir='ltr'>infensissimi,</span> <span class='ocrx_word' id='word_1_212' title='bbox 2421 1757 2537 1826; x_wconf 89' lang='lat' dir='ltr'>ipse</span> <span class='ocrx_word' id='word_1_213' title='bbox 2566 1763 2752 1807; x_wconf 88' lang='lat' dir='ltr'>auctor</span> <span class='ocrx_word' id='word_1_214' title='bbox 2781 1752 2912 1807; x_wconf 89' lang='lat' dir='ltr'>sat-is</span> <span class='ocrx_word' id='word_1_215' title='bbox 2940 1749 3205 1820; x_wconf 80' lang='lat' dir='ltr'>expressit</span> <span class='ocrx_word' id='word_1_216' title='bbox 3232 1748 3323 1819; x_wconf 75' lang='grc' dir='ltr'>(ε),</span> <span class='ocrx_word' id='word_1_217' title='bbox 3357 1756 3417 1801; x_wconf 90' lang='lat' dir='ltr'>ut</span> <span class='ocrx_word' id='word_1_218' title='bbox 3449 1746 3567 1801; x_wconf 85' lang='lat' dir='ltr'>nul-</span> 
     </span>
    </p>
   </div>
   <div class='ocr_carea' id='block_1_30' title="bbox 2016 1837 3567 1910">
    <p class='ocr_par' dir='ltr' id='par_1_30' title="bbox 2016 1837 3567 1910">
     <span class='ocr_line' id='line_1_30' title="bbox 2016 1837 3567 1910; baseline -0.008 -5"><span class='ocrx_word' id='word_1_219' title='bbox 2016 1852 2102 1905; x_wconf 88' lang='lat' dir='ltr'>lus</span> <span class='ocrx_word' id='word_1_220' title='bbox 2132 1851 2203 1905; x_wconf 91' lang='lat' dir='ltr'>sit</span> <span class='ocrx_word' id='word_1_221' title='bbox 2233 1847 2515 1903; x_wconf 88' lang='lat' dir='ltr'>dubitandi</span> <span class='ocrx_word' id='word_1_222' title='bbox 2542 1846 2715 1900; x_wconf 90' lang='lat' dir='ltr'>locus.</span> <span class='ocrx_word' id='word_1_223' title='bbox 2751 1844 3070 1898; x_wconf 85' lang='lat' dir='ltr'>inscribitur</span> <span class='ocrx_word' id='word_1_224' title='bbox 3094 1840 3376 1910; x_wconf 82' lang='grc' dir='ltr'>ὲπισκόπῳ</span> <span class='ocrx_word' id='word_1_225' title='bbox 3400 1837 3567 1893; x_wconf 77' lang='grc' dir='ltr'>Πατά-</span> 
     </span>
    </p>
   </div>
   <div class='ocr_carea' id='block_1_31' title="bbox 353 1933 3566 2023">
    <p class='ocr_par' dir='ltr' id='par_1_31' title="bbox 353 1933 3566 2023">
     <span class='ocr_line' id='line_1_31' title="bbox 353 1933 3566 2023; baseline -0.003 -20"><span class='ocrx_word' id='word_1_226' title='bbox 353 1965 571 2005; x_wconf 90' lang='lat' dir='ltr'>crarum</span> <span class='ocrx_word' id='word_1_227' title='bbox 603 1951 898 2021; x_wconf 85' lang='lat' dir='ltr'>imaginum</span> <span class='ocrx_word' id='word_1_228' title='bbox 929 1950 1133 2006; x_wconf 91' lang='lat' dir='ltr'>cultum</span> <span class='ocrx_word' id='word_1_229' title='bbox 1159 1966 1452 2021; x_wconf 83' lang='lat' dir='ltr'>agnoscere</span> <span class='ocrx_word' id='word_1_230' title='bbox 1468 1956 1772 2023; x_wconf 86' lang='lat' dir='ltr'>cogeretur,</span> <span class='ocrx_word' id='word_1_231' title='bbox 1801 1950 1915 2019; x_wconf 87' lang='lat' dir='ltr'>jam</span> <span class='ocrx_word' id='word_1_232' title='bbox 1945 1939 1987 1994; x_wconf 88' lang='grc' dir='ltr'><strong>Β</strong></span> <span class='ocrx_word' id='word_1_233' title='bbox 2018 1960 2146 2014; x_wconf 86' lang='grc' dir='ltr'>ρων,</span> <span class='ocrx_word' id='word_1_234' title='bbox 2171 1942 2258 1996; x_wconf 87' lang='lat' dir='ltr'>cui</span> <span class='ocrx_word' id='word_1_235' title='bbox 2292 1940 2452 1995; x_wconf 74' lang='lat' dir='ltr'>etiam</span> <span class='ocrx_word' id='word_1_236' title='bbox 2490 1937 2855 1992; x_wconf 74' lang='lat' dir='ltr'>Damascenus</span> <span class='ocrx_word' id='word_1_237' title='bbox 2884 1936 2939 1989; x_wconf 77' lang='lat' dir='ltr'>in</span> <span class='ocrx_word' id='word_1_238' title='bbox 2995 1933 3280 1988; x_wconf 69' lang='grc' dir='ltr'>Ειεΐηεηείε</span> <span class='ocrx_word' id='word_1_239' title='bbox 3303 1947 3415 1987; x_wconf 79' lang='lat' dir='ltr'>non</span> <span class='ocrx_word' id='word_1_240' title='bbox 3445 1939 3566 1986; x_wconf 79' lang='lat' dir='ltr'>lan-</span> 
     </span>
    </p>
   </div>
   <div class='ocr_carea' id='block_1_32' title="bbox 355 2039 1913 2096">
    <p class='ocr_par' dir='ltr' id='par_1_32' title="bbox 355 2039 1913 2096">
     <span class='ocr_line' id='line_1_32' title="bbox 355 2039 1913 2096; baseline 0.001 -3"><span class='ocrx_word' id='word_1_241' title='bbox 355 2041 553 2094; x_wconf 87' lang='lat' dir='ltr'>saeeulo</span> <span class='ocrx_word' id='word_1_242' title='bbox 587 2055 647 2094; x_wconf 78' lang='grc' dir='ltr'>ιιι</span> <span class='ocrx_word' id='word_1_243' title='bbox 669 2039 947 2096; x_wconf 90' lang='lat' dir='ltr'>desinente</span> <span class='ocrx_word' id='word_1_244' title='bbox 976 2043 1150 2096; x_wconf 90' lang='lat' dir='ltr'>sancti</span> <span class='ocrx_word' id='word_1_245' title='bbox 1173 2039 1427 2096; x_wconf 88' lang='lat' dir='ltr'>Methodii</span> <span class='ocrx_word' id='word_1_246' title='bbox 1490 2041 1817 2096; x_wconf 86' lang='lat' dir='ltr'>auctoritate</span> <span class='ocrx_word' id='word_1_247' title='bbox 1848 2054 1913 2094; x_wconf 90' lang='lat' dir='ltr'>ac</span> 
     </span>
    </p>
   </div>
   <div class='ocr_carea' id='block_1_33' title="bbox 354 2130 1915 2199">
    <p class='ocr_par' dir='ltr' id='par_1_33' title="bbox 354 2130 1915 2199">
     <span class='ocr_line' id='line_1_33' title="bbox 354 2130 1915 2199; baseline 0.001 -15"><span class='ocrx_word' id='word_1_248' title='bbox 354 2130 924 2199; x_wconf 73' lang='lat' dir='ltr'>doctrinaﬁrmatum,</span> <span class='ocrx_word' id='word_1_249' title='bbox 960 2131 1187 2187; x_wconf 80' lang='lat' dir='ltr'>Joannis</span> <span class='ocrx_word' id='word_1_250' title='bbox 1240 2130 1561 2188; x_wconf 88' lang='lat' dir='ltr'>Damasceni</span> <span class='ocrx_word' id='word_1_251' title='bbox 1608 2131 1769 2187; x_wconf 83' lang='lat' dir='ltr'>fidem</span> <span class='ocrx_word' id='word_1_252' title='bbox 1803 2130 1915 2186; x_wconf 86' lang='lat' dir='ltr'>ele-</span> 
     </span>
    </p>
   </div>
   <div class='ocr_carea' id='block_1_34' title="bbox 352 2229 931 2292">
    <p class='ocr_par' dir='ltr' id='par_1_34' title="bbox 352 2229 931 2292">
     <span class='ocr_line' id='line_1_34' title="bbox 352 2229 931 2292; baseline 0.003 -18"><span class='ocrx_word' id='word_1_253' title='bbox 352 2235 477 2276; x_wconf 85' lang='lat' dir='ltr'>vare</span> <span class='ocrx_word' id='word_1_254' title='bbox 507 2236 791 2292; x_wconf 84' lang='lat' dir='ltr'>aggressus</span> <span class='ocrx_word' id='word_1_255' title='bbox 827 2229 931 2279; x_wconf 87' lang='lat' dir='ltr'>est.</span> 
     </span>
    </p>
   </div>
   <div class='ocr_carea' id='block_1_35' title="bbox 420 2310 1917 2385">
    <p class='ocr_par' dir='ltr' id='par_1_35' title="bbox 420 2310 1917 2385">
     <span class='ocr_line' id='line_1_35' title="bbox 420 2310 1917 2385; baseline 0 -20"><span class='ocrx_word' id='word_1_256' title='bbox 420 2310 509 2367; x_wconf 81' lang='lat' dir='ltr'>VI.</span> <span class='ocrx_word' id='word_1_257' title='bbox 541 2311 838 2383; x_wconf 89' lang='lat' dir='ltr'>Subjicitur</span> <span class='ocrx_word' id='word_1_258' title='bbox 865 2329 930 2369; x_wconf 85' lang='lat' dir='ltr'>ex</span> <span class='ocrx_word' id='word_1_259' title='bbox 962 2313 1158 2369; x_wconf 89' lang='lat' dir='ltr'>Photio</span> <span class='ocrx_word' id='word_1_260' title='bbox 1185 2311 1256 2385; x_wconf 82' lang='lat' dir='ltr'>(k)</span> <span class='ocrx_word' id='word_1_261' title='bbox 1288 2313 1491 2385; x_wconf 80' lang='grc' dir='ltr'>ἐκλογὴ</span> <span class='ocrx_word' id='word_1_262' title='bbox 1524 2313 1653 2385; x_wconf 71' lang='grc' dir='ltr'>περὶ</span> <span class='ocrx_word' id='word_1_263' title='bbox 1679 2313 1786 2366; x_wconf 81' lang='grc' dir='ltr'>τῶν</span> <span class='ocrx_word' id='word_1_264' title='bbox 1821 2329 1917 2381; x_wconf 89' lang='grc' dir='ltr'>γε-</span> 
     </span>
    </p>
   </div>
   <div class='ocr_carea' id='block_1_36' title="bbox 353 2404 1915 2475">
    <p class='ocr_par' dir='ltr' id='par_1_36' title="bbox 353 2404 1915 2475">
     <span class='ocr_line' id='line_1_36' title="bbox 353 2404 1915 2475; baseline 0.001 -18"><span class='ocrx_word' id='word_1_265' title='bbox 353 2404 548 2475; x_wconf 82' lang='grc' dir='ltr'>νητῶν,</span> <span class='ocrx_word' id='word_1_266' title='bbox 592 2406 704 2460; x_wconf 89' lang='lat' dir='ltr'>sive</span> <span class='ocrx_word' id='word_1_267' title='bbox 735 2414 1051 2475; x_wconf 82' lang='lat' dir='ltr'>excerptum</span> <span class='ocrx_word' id='word_1_268' title='bbox 1114 2421 1182 2460; x_wconf 84' lang='lat' dir='ltr'>ex</span> <span class='ocrx_word' id='word_1_269' title='bbox 1207 2406 1347 2460; x_wconf 91' lang='lat' dir='ltr'>libro</span> <span class='ocrx_word' id='word_1_270' title='bbox 1396 2404 1474 2459; x_wconf 91' lang='lat' dir='ltr'>De</span> <span class='ocrx_word' id='word_1_271' title='bbox 1493 2406 1705 2459; x_wconf 81' lang='lat' dir='ltr'>creatis.</span> <span class='ocrx_word' id='word_1_272' title='bbox 1766 2404 1915 2474; x_wconf 91' lang='lat' dir='ltr'>Opus</span> 
     </span>
    </p>
   </div>
   <div class='ocr_carea' id='block_1_37' title="bbox 352 2495 1910 2566">
    <p class='ocr_par' dir='ltr' id='par_1_37' title="bbox 352 2495 1910 2566">
     <span class='ocr_line' id='line_1_37' title="bbox 352 2495 1910 2566; baseline 0.002 -19"><span class='ocrx_word' id='word_1_273' title='bbox 352 2502 531 2548; x_wconf 90' lang='lat' dir='ltr'>autem</span> <span class='ocrx_word' id='word_1_274' title='bbox 554 2495 630 2548; x_wconf 91' lang='lat' dir='ltr'>ita</span> <span class='ocrx_word' id='word_1_275' title='bbox 660 2495 980 2566; x_wconf 87' lang='lat' dir='ltr'>inscriptum</span> <span class='ocrx_word' id='word_1_276' title='bbox 1016 2496 1213 2551; x_wconf 86' lang='lat' dir='ltr'>litteris</span> <span class='ocrx_word' id='word_1_277' title='bbox 1241 2497 1528 2552; x_wconf 87' lang='lat' dir='ltr'>mandasse</span> <span class='ocrx_word' id='word_1_278' title='bbox 1558 2496 1910 2561; x_wconf 81' lang='lat' dir='ltr'>Methodium,</span> 
     </span>
    </p>
   </div>
   <div class='ocr_carea' id='block_1_38' title="bbox 2015 2024 3569 2105">
    <p class='ocr_par' dir='ltr' id='par_1_38' title="bbox 2015 2024 3569 2105">
     <span class='ocr_line' id='line_1_38' title="bbox 2015 2024 3569 2105; baseline -0.009 -15"><span class='ocrx_word' id='word_1_279' title='bbox 2015 2044 2127 2090; x_wconf 90' lang='lat' dir='ltr'>tum</span> <span class='ocrx_word' id='word_1_280' title='bbox 2159 2032 2435 2105; x_wconf 79' lang='lat' dir='ltr'>Symposia</span> <span class='ocrx_word' id='word_1_281' title='bbox 2456 2031 2668 2093; x_wconf 89' lang='lat' dir='ltr'>tribuit,</span> <span class='ocrx_word' id='word_1_282' title='bbox 2704 2028 2799 2084; x_wconf 91' lang='lat' dir='ltr'>sed</span> <span class='ocrx_word' id='word_1_283' title='bbox 2824 2028 2986 2083; x_wconf 86' lang='lat' dir='ltr'>etiam</span> <span class='ocrx_word' id='word_1_284' title='bbox 3026 2026 3224 2080; x_wconf 92' lang='lat' dir='ltr'>librum</span> <span class='ocrx_word' id='word_1_285' title='bbox 3259 2025 3399 2091; x_wconf 75' lang='grc' dir='ltr'>Περὶ</span> <span class='ocrx_word' id='word_1_286' title='bbox 3427 2024 3569 2078; x_wconf 64' lang='grc' dir='ltr'>ἀναν</span> 
     </span>
    </p>
   </div>
   <div class='ocr_carea' id='block_1_39' title="bbox 2013 2118 3567 2191">
    <p class='ocr_par' dir='ltr' id='par_1_39' title="bbox 2013 2118 3567 2191">
     <span class='ocr_line' id='line_1_39' title="bbox 2013 2118 3567 2191; baseline -0.007 -9"><span class='ocrx_word' id='word_1_287' title='bbox 2013 2126 2304 2191; x_wconf 81' lang='grc' dir='ltr'>στάσεως.</span> <span class='ocrx_word' id='word_1_288' title='bbox 2331 2125 2470 2179; x_wconf 84' lang='lat' dir='ltr'>Hinc</span> <span class='ocrx_word' id='word_1_289' title='bbox 2510 2123 2616 2178; x_wconf 90' lang='lat' dir='ltr'>Leo</span> <span class='ocrx_word' id='word_1_290' title='bbox 2651 2122 2881 2176; x_wconf 86' lang='lat' dir='ltr'>Allatius</span> <span class='ocrx_word' id='word_1_291' title='bbox 2928 2118 3169 2173; x_wconf 86' lang='lat' dir='ltr'>Gretseri</span> <span class='ocrx_word' id='word_1_292' title='bbox 3207 2118 3567 2188; x_wconf 88' lang='lat' dir='ltr'>opinationem</span> 
     </span>
    </p>
   </div>
   <div class='ocr_carea' id='block_1_40' title="bbox 2013 2209 3567 2286">
    <p class='ocr_par' dir='ltr' id='par_1_40' title="bbox 2013 2209 3567 2286">
     <span class='ocr_line' id='line_1_40' title="bbox 2013 2209 3567 2286; baseline -0.008 -11"><span class='ocrx_word' id='word_1_293' title='bbox 2013 2221 2206 2275; x_wconf 90' lang='lat' dir='ltr'>merito</span> <span class='ocrx_word' id='word_1_294' title='bbox 2233 2216 2477 2273; x_wconf 76' lang='lat' dir='ltr'>exsutﬂat</span> <span class='ocrx_word' id='word_1_295' title='bbox 2506 2215 2591 2286; x_wconf 91' lang='lat' dir='ltr'>(t),</span> <span class='ocrx_word' id='word_1_296' title='bbox 2627 2215 2752 2268; x_wconf 93' lang='lat' dir='ltr'>dum</span> <span class='ocrx_word' id='word_1_297' title='bbox 2788 2213 2934 2267; x_wconf 89' lang='lat' dir='ltr'>nulla</span> <span class='ocrx_word' id='word_1_298' title='bbox 2966 2211 3176 2265; x_wconf 90' lang='lat' dir='ltr'>ratione</span> <span class='ocrx_word' id='word_1_299' title='bbox 3205 2209 3426 2265; x_wconf 85' lang='lat' dir='ltr'>molitur</span> <span class='ocrx_word' id='word_1_300' title='bbox 3452 2224 3567 2265; x_wconf 89' lang='lat' dir='ltr'>eam</span> 
     </span>
    </p>
   </div>
   <div class='ocr_carea' id='block_1_41' title="bbox 2015 2302 3566 2378">
    <p class='ocr_par' dir='ltr' id='par_1_41' title="bbox 2015 2302 3566 2378">
     <span class='ocr_line' id='line_1_41' title="bbox 2015 2302 3566 2378; baseline -0.008 -11"><span class='ocrx_word' id='word_1_301' title='bbox 2015 2311 2315 2367; x_wconf 89' lang='lat' dir='ltr'>orationem</span> <span class='ocrx_word' id='word_1_302' title='bbox 2375 2309 2636 2378; x_wconf 88' lang='lat' dir='ltr'>abrogare</span> <span class='ocrx_word' id='word_1_303' title='bbox 2678 2305 2951 2360; x_wconf 84' lang='lat' dir='ltr'>Methodio</span> <span class='ocrx_word' id='word_1_304' title='bbox 3002 2305 3224 2376; x_wconf 83' lang='lat' dir='ltr'>martyri</span> <span class='ocrx_word' id='word_1_305' title='bbox 3251 2318 3316 2358; x_wconf 91' lang='lat' dir='ltr'>ac</span> <span class='ocrx_word' id='word_1_306' title='bbox 3345 2302 3566 2366; x_wconf 85' lang='lat' dir='ltr'>seniori,</span> 
     </span>
    </p>
   </div>
   <div class='ocr_carea' id='block_1_42' title="bbox 2015 2396 3567 2466">
    <p class='ocr_par' dir='ltr' id='par_1_42' title="bbox 2015 2396 3567 2466">
     <span class='ocr_line' id='line_1_42' title="bbox 2015 2396 3567 2466; baseline -0.009 -9"><span class='ocrx_word' id='word_1_307' title='bbox 2015 2411 2070 2457; x_wconf 90' lang='lat' dir='ltr'>et</span> <span class='ocrx_word' id='word_1_308' title='bbox 2102 2401 2345 2455; x_wconf 90' lang='lat' dir='ltr'>tribuere</span> <span class='ocrx_word' id='word_1_309' title='bbox 2382 2396 3008 2466; x_wconf 89' lang='lat' dir='ltr'>Constantinopolitano,</span> <span class='ocrx_word' id='word_1_310' title='bbox 3071 2408 3192 2447; x_wconf 90' lang='lat' dir='ltr'>cum</span> <span class='ocrx_word' id='word_1_311' title='bbox 3241 2401 3437 2463; x_wconf 48' lang='lat' dir='ltr'>praeter</span> <span class='ocrx_word' id='word_1_312' title='bbox 3477 2404 3567 2444; x_wconf 75' lang='lat' dir='ltr'>eos</span> 
     </span>
    </p>
   </div>
   <div class='ocr_carea' id='block_1_43' title="bbox 2016 2483 3543 2561">
    <p class='ocr_par' dir='ltr' id='par_1_43' title="bbox 2016 2483 3543 2561">
     <span class='ocr_line' id='line_1_43' title="bbox 2016 2483 3543 2561; baseline -0.011 -11"><span class='ocrx_word' id='word_1_313' title='bbox 2016 2497 2360 2551; x_wconf 87' lang='lat' dir='ltr'>characteres</span> <span class='ocrx_word' id='word_1_314' title='bbox 2381 2506 2521 2561; x_wconf 89' lang='lat' dir='ltr'>quos</span> <span class='ocrx_word' id='word_1_315' title='bbox 2553 2489 2715 2545; x_wconf 91' lang='lat' dir='ltr'>modo</span> <span class='ocrx_word' id='word_1_316' title='bbox 2747 2487 3123 2551; x_wconf 88' lang='lat' dir='ltr'>indicavimus,</span> <span class='ocrx_word' id='word_1_317' title='bbox 3181 2492 3334 2539; x_wconf 85' lang='lat' dir='ltr'>tanta</span> <span class='ocrx_word' id='word_1_318' title='bbox 3361 2483 3430 2538; x_wconf 89' lang='lat' dir='ltr'>sit</span> <span class='ocrx_word' id='word_1_319' title='bbox 3457 2496 3543 2535; x_wconf 88' lang='lat' dir='ltr'>ma</span> 
     </span>
    </p>
   </div>
   <div class='ocr_carea' id='block_1_44' title="bbox 350 2575 3572 2659">
    <p class='ocr_par' dir='ltr' id='par_1_44' title="bbox 350 2575 3572 2659">
     <span class='ocr_line' id='line_1_44' title="bbox 350 2575 3572 2659; baseline -0.003 -20"><span class='ocrx_word' id='word_1_320' title='bbox 350 2584 499 2639; x_wconf 84' lang='lat' dir='ltr'>haud</span> <span class='ocrx_word' id='word_1_321' title='bbox 549 2584 785 2654; x_wconf 88' lang='lat' dir='ltr'>produnt</span> <span class='ocrx_word' id='word_1_322' title='bbox 826 2593 1057 2641; x_wconf 89' lang='lat' dir='ltr'>veteres.</span> <span class='ocrx_word' id='word_1_323' title='bbox 1118 2584 1360 2641; x_wconf 84' lang='lat' dir='ltr'>Meminit</span> <span class='ocrx_word' id='word_1_324' title='bbox 1397 2586 1614 2655; x_wconf 81' lang='lat' dir='ltr'>quidem</span> <span class='ocrx_word' id='word_1_325' title='bbox 1643 2585 1912 2657; x_wconf 90' lang='lat' dir='ltr'>Hierony-</span> <span class='ocrx_word' id='word_1_326' title='bbox 2010 2588 2182 2659; x_wconf 83' lang='lat' dir='ltr'>jestas</span> <span class='ocrx_word' id='word_1_327' title='bbox 2223 2582 2427 2656; x_wconf 89' lang='lat' dir='ltr'>operis,</span> <span class='ocrx_word' id='word_1_328' title='bbox 2452 2590 2514 2637; x_wconf 87' lang='lat' dir='ltr'>ut</span> <span class='ocrx_word' id='word_1_329' title='bbox 2569 2583 2654 2637; x_wconf 89' lang='lat' dir='ltr'>vel</span> <span class='ocrx_word' id='word_1_330' title='bbox 2680 2581 2913 2635; x_wconf 78' lang='lat' dir='ltr'>maxime</span> <span class='ocrx_word' id='word_1_331' title='bbox 2942 2594 3197 2650; x_wconf 86' lang='lat' dir='ltr'>magnum</span> <span class='ocrx_word' id='word_1_332' title='bbox 3241 2575 3572 2633; x_wconf 77' lang='lat' dir='ltr'>Methodium</span> 
     </span>
    </p>
   </div>
   <div class='ocr_carea' id='block_1_45' title="bbox 351 2674 1917 2746">
    <p class='ocr_par' dir='ltr' id='par_1_45' title="bbox 351 2674 1917 2746">
     <span class='ocr_line' id='line_1_45' title="bbox 351 2674 1917 2746; baseline -0.002 -15"><span class='ocrx_word' id='word_1_333' title='bbox 351 2691 476 2731; x_wconf 87' lang='lat' dir='ltr'>mus</span> <span class='ocrx_word' id='word_1_334' title='bbox 505 2676 624 2745; x_wconf 89' lang='lat' dir='ltr'>ejus</span> <span class='ocrx_word' id='word_1_335' title='bbox 649 2674 1153 2729; x_wconf 84' lang='lat' dir='ltr'>Commentariorum</span> <span class='ocrx_word' id='word_1_336' title='bbox 1179 2678 1232 2730; x_wconf 89' lang='lat' dir='ltr'>in</span> <span class='ocrx_word' id='word_1_337' title='bbox 1256 2674 1497 2742; x_wconf 81' lang='lat' dir='ltr'>Genesin,</span> <span class='ocrx_word' id='word_1_338' title='bbox 1521 2691 1750 2746; x_wconf 89' lang='lat' dir='ltr'>quorum</span> <span class='ocrx_word' id='word_1_339' title='bbox 1781 2674 1917 2746; x_wconf 87' lang='lat' dir='ltr'>frag-</span> 
     </span>
    </p>
   </div>
   <div class='ocr_carea' id='block_1_46' title="bbox 350 2768 1911 2840">
    <p class='ocr_par' dir='ltr' id='par_1_46' title="bbox 350 2768 1911 2840">
     <span class='ocr_line' id='line_1_46' title="bbox 350 2768 1911 2840; baseline -0.001 -18"><span class='ocrx_word' id='word_1_340' title='bbox 350 2778 536 2823; x_wconf 89' lang='lat' dir='ltr'>menta</span> <span class='ocrx_word' id='word_1_341' title='bbox 564 2769 823 2823; x_wconf 89' lang='lat' dir='ltr'>nonnulla</span> <span class='ocrx_word' id='word_1_342' title='bbox 855 2769 913 2823; x_wconf 92' lang='lat' dir='ltr'>in</span> <span class='ocrx_word' id='word_1_343' title='bbox 945 2768 1166 2826; x_wconf 88' lang='lat' dir='ltr'>Catenis</span> <span class='ocrx_word' id='word_1_344' title='bbox 1223 2786 1358 2827; x_wconf 89' lang='lat' dir='ltr'>mss.</span> <span class='ocrx_word' id='word_1_345' title='bbox 1391 2770 1571 2825; x_wconf 89' lang='lat' dir='ltr'>adhuc</span> <span class='ocrx_word' id='word_1_346' title='bbox 1603 2776 1864 2840; x_wconf 89' lang='lat' dir='ltr'>superant</span> <span class='ocrx_word' id='word_1_347' title='bbox 1896 2786 1911 2822; x_wconf 89' lang='lat'><strong>:</strong></span> 
     </span>
    </p>
   </div>
   <div class='ocr_carea' id='block_1_47' title="bbox 349 2858 1916 2916">
    <p class='ocr_par' dir='ltr' id='par_1_47' title="bbox 349 2858 1916 2916">
     <span class='ocr_line' id='line_1_47' title="bbox 349 2858 1916 2916; baseline -0.001 -4"><span class='ocrx_word' id='word_1_348' title='bbox 349 2858 497 2912; x_wconf 88' lang='lat' dir='ltr'>unde</span> <span class='ocrx_word' id='word_1_349' title='bbox 516 2859 795 2914; x_wconf 91' lang='lat' dir='ltr'>nonnullis</span> <span class='ocrx_word' id='word_1_350' title='bbox 827 2859 1005 2913; x_wconf 91' lang='lat' dir='ltr'>visum</span> <span class='ocrx_word' id='word_1_351' title='bbox 1051 2874 1117 2915; x_wconf 90' lang='lat' dir='ltr'>ex</span> <span class='ocrx_word' id='word_1_352' title='bbox 1138 2860 1333 2916; x_wconf 90' lang='lat' dir='ltr'>iisdem</span> <span class='ocrx_word' id='word_1_353' title='bbox 1383 2858 1790 2916; x_wconf 87' lang='lat' dir='ltr'>commentariis</span> <span class='ocrx_word' id='word_1_354' title='bbox 1819 2874 1916 2914; x_wconf 85' lang='lat' dir='ltr'>ex-</span> 
     </span>
    </p>
   </div>
   <div class='ocr_carea' id='block_1_48' title="bbox 352 2948 1910 3022">
    <p class='ocr_par' dir='ltr' id='par_1_48' title="bbox 352 2948 1910 3022">
     <span class='ocr_line' id='line_1_48' title="bbox 352 2948 1910 3022; baseline 0.001 -18"><span class='ocrx_word' id='word_1_355' title='bbox 352 2958 595 3020; x_wconf 90' lang='lat' dir='ltr'>cerptum</span> <span class='ocrx_word' id='word_1_356' title='bbox 629 2948 953 3004; x_wconf 83' lang='lat' dir='ltr'>Photianum</span> <span class='ocrx_word' id='word_1_357' title='bbox 1009 2950 1181 3007; x_wconf 85' lang='lat' dir='ltr'>fuisse</span> <span class='ocrx_word' id='word_1_358' title='bbox 1213 2951 1575 3022; x_wconf 84' lang='lat' dir='ltr'>descriptum.</span> <span class='ocrx_word' id='word_1_359' title='bbox 1612 2953 1762 3009; x_wconf 82' lang='lat' dir='ltr'>.Utut</span> <span class='ocrx_word' id='word_1_360' title='bbox 1805 2958 1910 3016; x_wconf 87' lang='lat' dir='ltr'>est,</span> 
     </span>
    </p>
   </div>
   <div class='ocr_carea' id='block_1_49' title="bbox 351 3039 1915 3115">
    <p class='ocr_par' dir='ltr' id='par_1_49' title="bbox 351 3039 1915 3115">
     <span class='ocr_line' id='line_1_49' title="bbox 351 3039 1915 3115; baseline 0.001 -20"><span class='ocrx_word' id='word_1_361' title='bbox 351 3039 411 3095; x_wconf 82' lang='lat' dir='ltr'>in</span> <span class='ocrx_word' id='word_1_362' title='bbox 435 3056 500 3096; x_wconf 92' lang='lat' dir='ltr'>eo</span> <span class='ocrx_word' id='word_1_363' title='bbox 529 3040 769 3111; x_wconf 91' lang='lat' dir='ltr'>disputat</span> <span class='ocrx_word' id='word_1_364' title='bbox 793 3041 987 3096; x_wconf 86' lang='lat' dir='ltr'>iterum</span> <span class='ocrx_word' id='word_1_365' title='bbox 1012 3052 1234 3099; x_wconf 87' lang='lat' dir='ltr'>sanctus</span> <span class='ocrx_word' id='word_1_366' title='bbox 1265 3050 1474 3115; x_wconf 85' lang='lat' dir='ltr'>martyr</span> <span class='ocrx_word' id='word_1_367' title='bbox 1498 3042 1761 3098; x_wconf 86' lang='lat' dir='ltr'>adversus</span> <span class='ocrx_word' id='word_1_368' title='bbox 1787 3041 1915 3097; x_wconf 90' lang='lat' dir='ltr'>Ori-</span> 
     </span>
    </p>
   </div>
   <div class='ocr_carea' id='block_1_50' title="bbox 352 3133 1913 3208">
    <p class='ocr_par' dir='ltr' id='par_1_50' title="bbox 352 3133 1913 3208">
     <span class='ocr_line' id='line_1_50' title="bbox 352 3133 1913 3208; baseline -0.001 -21"><span class='ocrx_word' id='word_1_369' title='bbox 352 3149 566 3204; x_wconf 89' lang='lat' dir='ltr'>genem,</span> <span class='ocrx_word' id='word_1_370' title='bbox 590 3148 751 3204; x_wconf 88' lang='lat' dir='ltr'>quem</span> <span class='ocrx_word' id='word_1_371' title='bbox 783 3144 1086 3189; x_wconf 79' lang='lat' dir='ltr'>centaurum</span> <span class='ocrx_word' id='word_1_372' title='bbox 1107 3135 1341 3208; x_wconf 89' lang='lat' dir='ltr'>appellat</span> <span class='ocrx_word' id='word_1_373' title='bbox 1364 3133 1427 3207; x_wconf 86' lang='grc' dir='ltr'>(ι)</span> <span class='ocrx_word' id='word_1_374' title='bbox 1453 3152 1467 3203; x_wconf 90' lang='grc'><strong>;</strong></span> <span class='ocrx_word' id='word_1_375' title='bbox 1499 3141 1662 3206; x_wconf 87' lang='lat' dir='ltr'>atque</span> <span class='ocrx_word' id='word_1_376' title='bbox 1693 3149 1913 3206; x_wconf 82' lang='grc' dir='ltr'>μαργα-</span> 
     </span>
    </p>
   </div>
   <div class='ocr_carea' id='block_1_51' title="bbox 353 3222 1913 3293">
    <p class='ocr_par' dir='ltr' id='par_1_51' title="bbox 353 3222 1913 3293">
     <span class='ocr_line' id='line_1_51' title="bbox 353 3222 1913 3293; baseline 0.003 -18"><span class='ocrx_word' id='word_1_377' title='bbox 353 3223 510 3293; x_wconf 81' lang='grc' dir='ltr'><strong>ριτας</strong></span> <span class='ocrx_word' id='word_1_378' title='bbox 528 3222 623 3276; x_wconf 79' lang='grc' dir='ltr'>τοῦ</span> <span class='ocrx_word' id='word_1_379' title='bbox 645 3222 893 3290; x_wconf 80' lang='grc' dir='ltr'>ξενῶνος,</span> <span class='ocrx_word' id='word_1_380' title='bbox 923 3225 1026 3280; x_wconf 92' lang='lat' dir='ltr'>hoc</span> <span class='ocrx_word' id='word_1_381' title='bbox 1056 3234 1159 3293; x_wconf 88' lang='lat' dir='ltr'>est,</span> <span class='ocrx_word' id='word_1_382' title='bbox 1200 3226 1474 3281; x_wconf 90' lang='lat' dir='ltr'>sanctiora</span> <span class='ocrx_word' id='word_1_383' title='bbox 1497 3224 1702 3281; x_wconf 89' lang='lat' dir='ltr'>Christi</span> <span class='ocrx_word' id='word_1_384' title='bbox 1734 3224 1913 3280; x_wconf 88' lang='lat' dir='ltr'>Eccle-</span> 
     </span>
    </p>
   </div>
   <div class='ocr_carea' id='block_1_52' title="bbox 352 3293 1983 3390">
    <p class='ocr_par' dir='ltr' id='par_1_52' title="bbox 352 3293 1983 3390">
     <span class='ocr_line' id='line_1_52' title="bbox 352 3293 1983 3390; baseline 0.001 -18"><span class='ocrx_word' id='word_1_385' title='bbox 352 3317 449 3373; x_wconf 62' lang='lat' dir='ltr'>sia</span> <span class='ocrx_word' id='word_1_386' title='bbox 468 3315 722 3388; x_wconf 82' lang='lat' dir='ltr'>dogmata</span> <span class='ocrx_word' id='word_1_387' title='bbox 751 3317 984 3374; x_wconf 88' lang='lat' dir='ltr'>ethnicis</span> <span class='ocrx_word' id='word_1_388' title='bbox 1005 3319 1222 3389; x_wconf 88' lang='lat' dir='ltr'>placitis</span> <span class='ocrx_word' id='word_1_389' title='bbox 1256 3320 1435 3390; x_wconf 90' lang='lat' dir='ltr'>ipsum</span> <span class='ocrx_word' id='word_1_390' title='bbox 1459 3319 1760 3374; x_wconf 85' lang='lat' dir='ltr'>intexuisse</span> <span class='ocrx_word' id='word_1_391' title='bbox 1784 3332 1917 3388; x_wconf 85' lang='lat' dir='ltr'>que-</span> <span class='ocrx_word' id='word_1_392' title='bbox 1941 3293 1983 3351; x_wconf 57' lang='grc' dir='ltr'>(ἶ</span> 
     </span>
    </p>
   </div>
   <div class='ocr_carea' id='block_1_53' title="bbox 351 3407 1915 3480">
    <p class='ocr_par' dir='ltr' id='par_1_53' title="bbox 351 3407 1915 3480">
     <span class='ocr_line' id='line_1_53' title="bbox 351 3407 1915 3480; baseline 0.001 -15"><span class='ocrx_word' id='word_1_393' title='bbox 351 3409 511 3465; x_wconf 89' lang='lat' dir='ltr'>ritur.</span> <span class='ocrx_word' id='word_1_394' title='bbox 538 3407 788 3465; x_wconf 89' lang='lat' dir='ltr'>Occurrit</span> <span class='ocrx_word' id='word_1_395' title='bbox 810 3425 917 3466; x_wconf 83' lang='lat' dir='ltr'>vox</span> <span class='ocrx_word' id='word_1_396' title='bbox 945 3411 1035 3465; x_wconf 94' lang='lat' dir='ltr'>illa</span> <span class='ocrx_word' id='word_1_397' title='bbox 1061 3409 1287 3475; x_wconf 83' lang='grc' dir='ltr'>ξενῶνος</span> <span class='ocrx_word' id='word_1_398' title='bbox 1314 3412 1416 3466; x_wconf 86' lang='lat' dir='ltr'>sub</span> <span class='ocrx_word' id='word_1_399' title='bbox 1458 3411 1702 3480; x_wconf 82' lang='lat' dir='ltr'>excerpti</span> <span class='ocrx_word' id='word_1_400' title='bbox 1751 3409 1915 3480; x_wconf 87' lang='lat' dir='ltr'>hujus</span> 
     </span>
    </p>
   </div>
   <div class='ocr_carea' id='block_1_54' title="bbox 350 3499 1916 3574">
    <p class='ocr_par' dir='ltr' id='par_1_54' title="bbox 350 3499 1916 3574">
     <span class='ocr_line' id='line_1_54' title="bbox 350 3499 1916 3574; baseline 0.001 -19"><span class='ocrx_word' id='word_1_401' title='bbox 350 3499 592 3566; x_wconf 88' lang='lat' dir='ltr'>initium,</span> <span class='ocrx_word' id='word_1_402' title='bbox 620 3502 715 3556; x_wconf 90' lang='lat' dir='ltr'>ubi</span> <span class='ocrx_word' id='word_1_403' title='bbox 747 3503 899 3557; x_wconf 87' lang='lat' dir='ltr'>varia</span> <span class='ocrx_word' id='word_1_404' title='bbox 928 3503 1154 3574; x_wconf 88' lang='lat' dir='ltr'>conjicit</span> <span class='ocrx_word' id='word_1_405' title='bbox 1182 3501 1561 3559; x_wconf 83' lang='lat' dir='ltr'>Combeﬁsius.</span> <span class='ocrx_word' id='word_1_406' title='bbox 1593 3501 1794 3558; x_wconf 83' lang='lat' dir='ltr'>Verum</span> <span class='ocrx_word' id='word_1_407' title='bbox 1829 3504 1916 3557; x_wconf 88' lang='lat' dir='ltr'>in-</span> 
     </span>
    </p>
   </div>
   <div class='ocr_carea' id='block_1_55' title="bbox 350 3591 1913 3665">
    <p class='ocr_par' dir='ltr' id='par_1_55' title="bbox 350 3591 1913 3665">
     <span class='ocr_line' id='line_1_55' title="bbox 350 3591 1913 3665; baseline 0.001 -17"><span class='ocrx_word' id='word_1_408' title='bbox 350 3598 562 3663; x_wconf 81' lang='lat' dir='ltr'>terpres</span> <span class='ocrx_word' id='word_1_409' title='bbox 594 3591 773 3649; x_wconf 87' lang='lat' dir='ltr'>Photii</span> <span class='ocrx_word' id='word_1_410' title='bbox 798 3609 917 3650; x_wconf 85' lang='lat' dir='ltr'>eam</span> <span class='ocrx_word' id='word_1_411' title='bbox 980 3610 1080 3665; x_wconf 89' lang='lat' dir='ltr'>pro</span> <span class='ocrx_word' id='word_1_412' title='bbox 1113 3597 1377 3649; x_wconf 87' lang='lat' dir='ltr'>communi</span> <span class='ocrx_word' id='word_1_413' title='bbox 1407 3595 1640 3650; x_wconf 83' lang='lat' dir='ltr'>omnium</span> <span class='ocrx_word' id='word_1_414' title='bbox 1669 3595 1913 3665; x_wconf 80' lang='lat' dir='ltr'>hospitio,</span> 
     </span>
    </p>
   </div>
   <div class='ocr_carea' id='block_1_56' title="bbox 349 3685 1915 3760">
    <p class='ocr_par' dir='ltr' id='par_1_56' title="bbox 349 3685 1915 3760">
     <span class='ocr_line' id='line_1_56' title="bbox 349 3685 1915 3760; baseline 0.001 -19"><span class='ocrx_word' id='word_1_415' title='bbox 349 3685 466 3741; x_wconf 86' lang='lat' dir='ltr'>sive</span> <span class='ocrx_word' id='word_1_416' title='bbox 485 3701 583 3756; x_wconf 91' lang='lat' dir='ltr'>pro</span> <span class='ocrx_word' id='word_1_417' title='bbox 604 3696 748 3741; x_wconf 77' lang='lat' dir='ltr'>ctetu</span> <span class='ocrx_word' id='word_1_418' title='bbox 778 3687 1038 3753; x_wconf 84' lang='lat' dir='ltr'>fidelium,</span> <span class='ocrx_word' id='word_1_419' title='bbox 1067 3704 1188 3744; x_wconf 89' lang='lat' dir='ltr'>esse</span> <span class='ocrx_word' id='word_1_420' title='bbox 1234 3689 1610 3760; x_wconf 89' lang='lat' dir='ltr'>accipiendam</span> <span class='ocrx_word' id='word_1_421' title='bbox 1651 3699 1818 3756; x_wconf 89' lang='lat' dir='ltr'>recte,</span> <span class='ocrx_word' id='word_1_422' title='bbox 1855 3696 1915 3744; x_wconf 92' lang='lat' dir='ltr'>ut</span> 
     </span>
    </p>
   </div>
   <div class='ocr_carea' id='block_1_57' title="bbox 349 3776 1916 3842">
    <p class='ocr_par' dir='ltr' id='par_1_57' title="bbox 349 3776 1916 3842">
     <span class='ocr_line' id='line_1_57' title="bbox 349 3776 1916 3842; baseline 0.003 -11"><span class='ocrx_word' id='word_1_423' title='bbox 349 3776 584 3842; x_wconf 83' lang='lat' dir='ltr'>videtur,</span> <span class='ocrx_word' id='word_1_424' title='bbox 617 3779 911 3837; x_wconf 82' lang='lat' dir='ltr'>existimat.</span> <span class='ocrx_word' id='word_1_425' title='bbox 949 3778 1040 3835; x_wconf 91' lang='lat' dir='ltr'>Sic</span> <span class='ocrx_word' id='word_1_426' title='bbox 1072 3783 1216 3837; x_wconf 91' lang='lat' dir='ltr'>enim</span> <span class='ocrx_word' id='word_1_427' title='bbox 1248 3788 1301 3838; x_wconf 91' lang='lat' dir='ltr'>et</span> <span class='ocrx_word' id='word_1_428' title='bbox 1335 3780 1533 3837; x_wconf 87' lang='lat' dir='ltr'>Suidas</span> <span class='ocrx_word' id='word_1_429' title='bbox 1578 3783 1724 3836; x_wconf 87' lang='lat' dir='ltr'>illam</span> <span class='ocrx_word' id='word_1_430' title='bbox 1755 3798 1916 3838; x_wconf 90' lang='lat' dir='ltr'>usur-</span> 
     </span>
    </p>
   </div>
   <div class='ocr_carea' id='block_1_58' title="bbox 350 3864 1913 3940">
    <p class='ocr_par' dir='ltr' id='par_1_58' title="bbox 350 3864 1913 3940">
     <span class='ocr_line' id='line_1_58' title="bbox 350 3864 1913 3940; baseline 0.004 -21"><span class='ocrx_word' id='word_1_431' title='bbox 350 3873 445 3937; x_wconf 89' lang='lat' dir='ltr'>pat</span> <span class='ocrx_word' id='word_1_432' title='bbox 478 3864 597 3940; x_wconf 92' lang='lat' dir='ltr'>(m).</span> <span class='ocrx_word' id='word_1_433' title='bbox 622 3868 942 3925; x_wconf 86' lang='lat' dir='ltr'>Consulesis</span> <span class='ocrx_word' id='word_1_434' title='bbox 973 3879 1027 3925; x_wconf 89' lang='lat' dir='ltr'>et</span> <span class='ocrx_word' id='word_1_435' title='bbox 1058 3872 1205 3928; x_wconf 91' lang='lat' dir='ltr'>viros</span> <span class='ocrx_word' id='word_1_436' title='bbox 1260 3872 1508 3929; x_wconf 88' lang='lat' dir='ltr'>eruditos</span> <span class='ocrx_word' id='word_1_437' title='bbox 1540 3871 1608 3925; x_wconf 89' lang='lat' dir='ltr'>ad</span> <span class='ocrx_word' id='word_1_438' title='bbox 1639 3871 1913 3927; x_wconf 92' lang='lat' dir='ltr'>Pollucem</span> 
     </span>
    </p>
   </div>
   <div class='ocr_carea' id='block_1_59' title="bbox 352 3955 1383 4032">
    <p class='ocr_par' dir='ltr' id='par_1_59' title="bbox 352 3955 1383 4032">
     <span class='ocr_line' id='line_1_59' title="bbox 352 3955 1383 4032; baseline 0.008 -23"><span class='ocrx_word' id='word_1_439' title='bbox 352 3955 429 4030; x_wconf 84' lang='grc' dir='ltr'>(η)</span> <span class='ocrx_word' id='word_1_440' title='bbox 463 3966 626 4028; x_wconf 89' lang='lat' dir='ltr'>atque</span> <span class='ocrx_word' id='word_1_441' title='bbox 656 3958 985 4031; x_wconf 85' lang='lat' dir='ltr'>Hesychium</span> <span class='ocrx_word' id='word_1_442' title='bbox 1018 3960 1116 4032; x_wconf 92' lang='grc' dir='ltr'>(ο).</span> <span class='ocrx_word' id='word_1_443' title='bbox 1374 3962 1383 3971; x_wconf 85' lang='grc'><strong>”</strong></span> 
     </span>
    </p>
   </div>
   <div class='ocr_carea' id='block_1_60' title="bbox 420 4047 1914 4122">
    <p class='ocr_par' dir='ltr' id='par_1_60' title="bbox 420 4047 1914 4122">
     <span class='ocr_line' id='line_1_60' title="bbox 420 4047 1914 4122; baseline 0.007 -20"><span class='ocrx_word' id='word_1_444' title='bbox 420 4047 688 4105; x_wconf 87' lang='lat' dir='ltr'>Praeterea</span> <span class='ocrx_word' id='word_1_445' title='bbox 724 4050 1032 4108; x_wconf 83' lang='lat' dir='ltr'>Methodius</span> <span class='ocrx_word' id='word_1_446' title='bbox 1065 4054 1272 4122; x_wconf 89' lang='lat' dir='ltr'>primus</span> <span class='ocrx_word' id='word_1_447' title='bbox 1303 4056 1544 4111; x_wconf 89' lang='lat' dir='ltr'>omnium</span> <span class='ocrx_word' id='word_1_448' title='bbox 1568 4056 1633 4111; x_wconf 88' lang='lat' dir='ltr'>ad</span> <span class='ocrx_word' id='word_1_449' title='bbox 1670 4056 1914 4113; x_wconf 87' lang='lat' dir='ltr'>veritatis</span> 
     </span>
    </p>
   </div>
   <div class='ocr_carea' id='block_1_61' title="bbox 352 4140 1912 4217">
    <p class='ocr_par' dir='ltr' id='par_1_61' title="bbox 352 4140 1912 4217">
     <span class='ocr_line' id='line_1_61' title="bbox 352 4140 1912 4217; baseline 0.005 -22"><span class='ocrx_word' id='word_1_450' title='bbox 352 4140 725 4197; x_wconf 83' lang='lat' dir='ltr'>defensionem</span> <span class='ocrx_word' id='word_1_451' title='bbox 748 4144 1036 4213; x_wconf 90' lang='lat' dir='ltr'>scripsisse</span> <span class='ocrx_word' id='word_1_452' title='bbox 1066 4144 1315 4200; x_wconf 80' lang='lat' dir='ltr'>adversus</span> <span class='ocrx_word' id='word_1_453' title='bbox 1372 4146 1723 4217; x_wconf 84' lang='lat' dir='ltr'>Porphyrium</span> <span class='ocrx_word' id='word_1_454' title='bbox 1757 4163 1912 4203; x_wconf 88' lang='lat' dir='ltr'>com-</span> 
     </span>
    </p>
   </div>
   <div class='ocr_carea' id='block_1_62' title="bbox 351 4235 1911 4311">
    <p class='ocr_par' dir='ltr' id='par_1_62' title="bbox 351 4235 1911 4311">
     <span class='ocr_line' id='line_1_62' title="bbox 351 4235 1911 4311; baseline 0.004 -23"><span class='ocrx_word' id='word_1_455' title='bbox 351 4235 581 4305; x_wconf 88' lang='lat' dir='ltr'>peritur,</span> <span class='ocrx_word' id='word_1_456' title='bbox 619 4250 779 4304; x_wconf 90' lang='lat' dir='ltr'>quem</span> <span class='ocrx_word' id='word_1_457' title='bbox 802 4243 990 4306; x_wconf 87' lang='lat' dir='ltr'>postea</span> <span class='ocrx_word' id='word_1_458' title='bbox 1020 4247 1149 4292; x_wconf 90' lang='lat' dir='ltr'>sunt</span> <span class='ocrx_word' id='word_1_459' title='bbox 1171 4238 1346 4292; x_wconf 90' lang='lat' dir='ltr'>secuti</span> <span class='ocrx_word' id='word_1_460' title='bbox 1375 4238 1641 4294; x_wconf 89' lang='lat' dir='ltr'>Eusebius</span> <span class='ocrx_word' id='word_1_461' title='bbox 1671 4247 1725 4294; x_wconf 91' lang='lat' dir='ltr'>et</span> <span class='ocrx_word' id='word_1_462' title='bbox 1745 4240 1911 4311; x_wconf 90' lang='lat' dir='ltr'>Apol-</span> 
     </span>
    </p>
   </div>
   <div class='ocr_carea' id='block_1_63' title="bbox 354 4324 1911 4397">
    <p class='ocr_par' dir='ltr' id='par_1_63' title="bbox 354 4324 1911 4397">
     <span class='ocr_line' id='line_1_63' title="bbox 354 4324 1911 4397; baseline 0.004 -20"><span class='ocrx_word' id='word_1_463' title='bbox 354 4324 567 4380; x_wconf 89' lang='lat' dir='ltr'>linaris.</span> <span class='ocrx_word' id='word_1_464' title='bbox 599 4324 731 4395; x_wconf 89' lang='lat' dir='ltr'>Ejus</span> <span class='ocrx_word' id='word_1_465' title='bbox 758 4338 918 4397; x_wconf 86' lang='lat' dir='ltr'>opus,</span> <span class='ocrx_word' id='word_1_466' title='bbox 950 4327 1226 4382; x_wconf 88' lang='lat' dir='ltr'>veteribus</span> <span class='ocrx_word' id='word_1_467' title='bbox 1275 4329 1509 4382; x_wconf 82' lang='lat' dir='ltr'>maxime</span> <span class='ocrx_word' id='word_1_468' title='bbox 1561 4328 1911 4396; x_wconf 82' lang='lat' dir='ltr'>celebratum,</span> 
     </span>
    </p>
   </div>
   <div class='ocr_carea' id='block_1_64' title="bbox 352 4418 1917 4488">
    <p class='ocr_par' dir='ltr' id='par_1_64' title="bbox 352 4418 1917 4488">
     <span class='ocr_line' id='line_1_64' title="bbox 352 4418 1917 4488; baseline 0 -14"><span class='ocrx_word' id='word_1_469' title='bbox 352 4433 529 4488; x_wconf 90' lang='lat' dir='ltr'>usque</span> <span class='ocrx_word' id='word_1_470' title='bbox 556 4418 622 4472; x_wconf 91' lang='lat' dir='ltr'>ad</span> <span class='ocrx_word' id='word_1_471' title='bbox 654 4418 840 4474; x_wconf 91' lang='lat' dir='ltr'>decem</span> <span class='ocrx_word' id='word_1_472' title='bbox 887 4419 1056 4473; x_wconf 90' lang='lat' dir='ltr'>millia</span> <span class='ocrx_word' id='word_1_473' title='bbox 1088 4433 1343 4474; x_wconf 91' lang='lat' dir='ltr'>versuum</span> <span class='ocrx_word' id='word_1_474' title='bbox 1378 4425 1743 4488; x_wconf 88' lang='lat' dir='ltr'>processerat,</span> <span class='ocrx_word' id='word_1_475' title='bbox 1775 4422 1917 4474; x_wconf 74' lang='lat' dir='ltr'>teste</span> 
     </span>
    </p>
   </div>
   <div class='ocr_carea' id='block_1_65' title="bbox 353 4509 1918 4583">
    <p class='ocr_par' dir='ltr' id='par_1_65' title="bbox 353 4509 1918 4583">
     <span class='ocr_line' id='line_1_65' title="bbox 353 4509 1918 4583; baseline -0.001 -19"><span class='ocrx_word' id='word_1_476' title='bbox 353 4509 683 4582; x_wconf 83' lang='lat' dir='ltr'>Hieronymo</span> <span class='ocrx_word' id='word_1_477' title='bbox 709 4510 782 4583; x_wconf 84' lang='lat' dir='ltr'>(p)</span> <span class='ocrx_word' id='word_1_478' title='bbox 812 4530 825 4564; x_wconf 90' lang='lat'><strong>:</strong></span> <span class='ocrx_word' id='word_1_479' title='bbox 857 4511 952 4567; x_wconf 88' lang='lat' dir='ltr'>sed</span> <span class='ocrx_word' id='word_1_480' title='bbox 988 4511 1213 4575; x_wconf 84' lang='lat' dir='ltr'>interiit,</span> <span class='ocrx_word' id='word_1_481' title='bbox 1250 4510 1439 4581; x_wconf 89' lang='lat' dir='ltr'>paucis</span> <span class='ocrx_word' id='word_1_482' title='bbox 1481 4511 1805 4581; x_wconf 89' lang='lat' dir='ltr'>quibusdam</span> <span class='ocrx_word' id='word_1_483' title='bbox 1836 4510 1918 4564; x_wconf 82' lang='lat' dir='ltr'>la-</span> 
     </span>
    </p>
   </div>
   <div class='ocr_carea' id='block_1_66' title="bbox 2015 2669 3573 2741">
    <p class='ocr_par' dir='ltr' id='par_1_66' title="bbox 2015 2669 3573 2741">
     <span class='ocr_line' id='line_1_66' title="bbox 2015 2669 3573 2741; baseline -0.008 -7"><span class='ocrx_word' id='word_1_484' title='bbox 2015 2681 2218 2735; x_wconf 88' lang='lat' dir='ltr'>deceat.</span> <span class='ocrx_word' id='word_1_485' title='bbox 2251 2700 2270 2730; x_wconf 71' lang='grc' dir='ltr'><strong><em>ι</em></strong></span> <span class='ocrx_word' id='word_1_486' title='bbox 2293 2678 2462 2734; x_wconf 76' lang='lat' dir='ltr'>Alteri</span> <span class='ocrx_word' id='word_1_487' title='bbox 2492 2691 2621 2731; x_wconf 83' lang='lat' dir='ltr'>vero</span> <span class='ocrx_word' id='word_1_488' title='bbox 2649 2676 2715 2731; x_wconf 87' lang='lat' dir='ltr'>de</span> <span class='ocrx_word' id='word_1_489' title='bbox 2747 2679 3011 2741; x_wconf 85' lang='lat' dir='ltr'>Occursu,</span> <span class='ocrx_word' id='word_1_490' title='bbox 3032 2671 3372 2741; x_wconf 69' lang='lat' dir='ltr'>subditidem</span> <span class='ocrx_word' id='word_1_491' title='bbox 3413 2669 3573 2724; x_wconf 62' lang='lat' dir='ltr'>Com-</span> 
     </span>
    </p>
   </div>
   <div class='ocr_carea' id='block_1_67' title="bbox 2014 2760 3574 2841">
    <p class='ocr_par' dir='ltr' id='par_1_67' title="bbox 2014 2760 3574 2841">
     <span class='ocr_line' id='line_1_67' title="bbox 2014 2760 3574 2841; baseline -0.009 -13"><span class='ocrx_word' id='word_1_492' title='bbox 2014 2772 2234 2828; x_wconf 87' lang='lat' dir='ltr'>belisius</span> <span class='ocrx_word' id='word_1_493' title='bbox 2248 2769 2352 2841; x_wconf 90' lang='lat' dir='ltr'>(u):</span> <span class='ocrx_word' id='word_1_494' title='bbox 2377 2787 2395 2819; x_wconf 70' lang='grc' dir='ltr'><strong><em>ι</em></strong></span> <span class='ocrx_word' id='word_1_495' title='bbox 2432 2768 2645 2823; x_wconf 85' lang='lat' dir='ltr'>[Iancce</span> <span class='ocrx_word' id='word_1_496' title='bbox 2666 2770 2744 2830; x_wconf 79' lang='grc' dir='ltr'>εἰς</span> <span class='ocrx_word' id='word_1_497' title='bbox 2757 2766 2825 2820; x_wconf 79' lang='grc' dir='ltr'>τὰ</span> <span class='ocrx_word' id='word_1_498' title='bbox 2844 2766 2982 2819; x_wconf 82' lang='grc' dir='ltr'>Βάῖα</span> <span class='ocrx_word' id='word_1_499' title='bbox 3007 2764 3315 2819; x_wconf 85' lang='lat' dir='ltr'>Orationem</span> <span class='ocrx_word' id='word_1_500' title='bbox 3338 2760 3574 2815; x_wconf 85' lang='lat' dir='ltr'>annecti-</span> 
     </span>
    </p>
   </div>
   <div class='ocr_carea' id='block_1_68' title="bbox 2013 2852 3573 2932">
    <p class='ocr_par' dir='ltr' id='par_1_68' title="bbox 2013 2852 3573 2932">
     <span class='ocr_line' id='line_1_68' title="bbox 2013 2852 3573 2932; baseline -0.004 -15"><span class='ocrx_word' id='word_1_501' title='bbox 2013 2879 2156 2926; x_wconf 90' lang='lat' dir='ltr'>mus,</span> <span class='ocrx_word' id='word_1_502' title='bbox 2189 2877 2299 2917; x_wconf 90' lang='lat' dir='ltr'>uno</span> <span class='ocrx_word' id='word_1_503' title='bbox 2327 2862 2477 2932; x_wconf 87' lang='lat' dir='ltr'>regio</span> <span class='ocrx_word' id='word_1_504' title='bbox 2515 2861 2702 2915; x_wconf 89' lang='lat' dir='ltr'>codice</span> <span class='ocrx_word' id='word_1_505' title='bbox 2731 2875 2884 2913; x_wconf 89' lang='lat' dir='ltr'>num.</span> <span class='ocrx_word' id='word_1_506' title='bbox 2922 2858 3027 2913; x_wconf 70' lang='lat'>922</span> <span class='ocrx_word' id='word_1_507' title='bbox 3073 2857 3338 2913; x_wconf 89' lang='lat' dir='ltr'>asserenti</span> <span class='ocrx_word' id='word_1_508' title='bbox 3366 2852 3573 2911; x_wconf 81' lang='lat' dir='ltr'>Metho—</span> 
     </span>
    </p>
   </div>
   <div class='ocr_carea' id='block_1_69' title="bbox 2015 2944 3579 3024">
    <p class='ocr_par' dir='ltr' id='par_1_69' title="bbox 2015 2944 3579 3024">
     <span class='ocr_line' id='line_1_69' title="bbox 2015 2944 3579 3024; baseline -0.007 -14"><span class='ocrx_word' id='word_1_509' title='bbox 2015 2956 2104 3010; x_wconf 93' lang='lat' dir='ltr'>dio</span> <span class='ocrx_word' id='word_1_510' title='bbox 2158 2952 2402 3024; x_wconf 76' lang='lat' dir='ltr'>martyri,</span> <span class='ocrx_word' id='word_1_511' title='bbox 2463 2953 2652 3021; x_wconf 91' lang='lat' dir='ltr'>utique</span> <span class='ocrx_word' id='word_1_512' title='bbox 2691 2949 2884 3020; x_wconf 83' lang='lat' dir='ltr'>Magno</span> <span class='ocrx_word' id='word_1_513' title='bbox 2934 2949 3008 3002; x_wconf 92' lang='lat' dir='ltr'>illi</span> <span class='ocrx_word' id='word_1_514' title='bbox 3041 2956 3094 3002; x_wconf 90' lang='lat' dir='ltr'>et</span> <span class='ocrx_word' id='word_1_515' title='bbox 3133 2948 3355 3007; x_wconf 89' lang='lat' dir='ltr'>seniori,</span> <span class='ocrx_word' id='word_1_516' title='bbox 3414 2944 3579 3014; x_wconf 81' lang='lat' dir='ltr'>cujus</span> 
     </span>
    </p>
   </div>
   <div class='ocr_carea' id='block_1_70' title="bbox 2015 3037 3574 3116">
    <p class='ocr_par' dir='ltr' id='par_1_70' title="bbox 2015 3037 3574 3116">
     <span class='ocr_line' id='line_1_70' title="bbox 2015 3037 3574 3116; baseline -0.006 -15"><span class='ocrx_word' id='word_1_517' title='bbox 2015 3054 2141 3101; x_wconf 89' lang='lat' dir='ltr'>sunt</span> <span class='ocrx_word' id='word_1_518' title='bbox 2167 3054 2221 3100; x_wconf 85' lang='lat' dir='ltr'>et</span> <span class='ocrx_word' id='word_1_519' title='bbox 2243 3046 2520 3116; x_wconf 79' lang='lat' dir='ltr'>Symposio</span> <span class='ocrx_word' id='word_1_520' title='bbox 2552 3052 2605 3098; x_wconf 90' lang='lat' dir='ltr'>et</span> <span class='ocrx_word' id='word_1_521' title='bbox 2630 3043 2734 3096; x_wconf 90' lang='lat' dir='ltr'>alia</span> <span class='ocrx_word' id='word_1_522' title='bbox 2781 3043 3060 3112; x_wconf 67' lang='lat' dir='ltr'>prmelara,</span> <span class='ocrx_word' id='word_1_523' title='bbox 3096 3041 3177 3096; x_wconf 90' lang='lat' dir='ltr'>vel</span> <span class='ocrx_word' id='word_1_524' title='bbox 3223 3040 3276 3093; x_wconf 92' lang='lat' dir='ltr'>in</span> <span class='ocrx_word' id='word_1_525' title='bbox 3309 3037 3574 3109; x_wconf 84' lang='lat' dir='ltr'>supersti-</span> 
     </span>
    </p>
   </div>
   <div class='ocr_carea' id='block_1_71' title="bbox 2015 3132 3569 3208">
    <p class='ocr_par' dir='ltr' id='par_1_71' title="bbox 2015 3132 3569 3208">
     <span class='ocr_line' id='line_1_71' title="bbox 2015 3132 3569 3208; baseline -0.005 -16"><span class='ocrx_word' id='word_1_526' title='bbox 2015 3139 2162 3193; x_wconf 88' lang='lat' dir='ltr'>tibus</span> <span class='ocrx_word' id='word_1_527' title='bbox 2221 3137 2485 3208; x_wconf 91' lang='lat' dir='ltr'>reliquiis,</span> <span class='ocrx_word' id='word_1_528' title='bbox 2516 3135 2713 3207; x_wconf 84' lang='lat' dir='ltr'>ingenii</span> <span class='ocrx_word' id='word_1_529' title='bbox 2749 3143 2803 3191; x_wconf 90' lang='lat' dir='ltr'>et</span> <span class='ocrx_word' id='word_1_530' title='bbox 2846 3136 2946 3205; x_wconf 64' lang='lat' dir='ltr'>pia</span> <span class='ocrx_word' id='word_1_531' title='bbox 2978 3132 3173 3188; x_wconf 89' lang='lat' dir='ltr'>mentis</span> <span class='ocrx_word' id='word_1_532' title='bbox 3204 3140 3569 3186; x_wconf 87' lang='lat' dir='ltr'>monumenta.</span> 
     </span>
    </p>
   </div>
   <div class='ocr_carea' id='block_1_72' title="bbox 2014 3226 3572 3300">
    <p class='ocr_par' dir='ltr' id='par_1_72' title="bbox 2014 3226 3572 3300">
     <span class='ocr_line' id='line_1_72' title="bbox 2014 3226 3572 3300; baseline -0.004 -15"><span class='ocrx_word' id='word_1_533' title='bbox 2014 3229 2180 3285; x_wconf 84' lang='lat' dir='ltr'>Favet</span> <span class='ocrx_word' id='word_1_534' title='bbox 2207 3231 2370 3284; x_wconf 90' lang='lat' dir='ltr'>etiam</span> <span class='ocrx_word' id='word_1_535' title='bbox 2401 3230 2575 3300; x_wconf 89' lang='lat' dir='ltr'>stylus</span> <span class='ocrx_word' id='word_1_536' title='bbox 2601 3236 2654 3283; x_wconf 92' lang='lat' dir='ltr'>et</span> <span class='ocrx_word' id='word_1_537' title='bbox 2707 3231 2987 3284; x_wconf 60' lang='lat' dir='ltr'>sententias</span> <span class='ocrx_word' id='word_1_538' title='bbox 3016 3226 3252 3282; x_wconf 83' lang='lat' dir='ltr'>affinitas</span> <span class='ocrx_word' id='word_1_539' title='bbox 3277 3241 3398 3279; x_wconf 91' lang='lat' dir='ltr'>cum</span> <span class='ocrx_word' id='word_1_540' title='bbox 3433 3239 3572 3295; x_wconf 79' lang='lat' dir='ltr'>prte-</span> 
     </span>
    </p>
   </div>
   <div class='ocr_carea' id='block_1_73' title="bbox 2016 3317 3572 3392">
    <p class='ocr_par' dir='ltr' id='par_1_73' title="bbox 2016 3317 3572 3392">
     <span class='ocr_line' id='line_1_73' title="bbox 2016 3317 3572 3392; baseline -0.005 -14"><span class='ocrx_word' id='word_1_541' title='bbox 2016 3323 2227 3378; x_wconf 88' lang='lat' dir='ltr'>cedenti</span> <span class='ocrx_word' id='word_1_542' title='bbox 2281 3341 2297 3376; x_wconf 86' lang='lat'><strong><em>:</em></strong></span> <span class='ocrx_word' id='word_1_543' title='bbox 2335 3336 2644 3392; x_wconf 90' lang='lat' dir='ltr'>quanquam</span> <span class='ocrx_word' id='word_1_544' title='bbox 2701 3322 2839 3376; x_wconf 82' lang='lat' dir='ltr'>alter</span> <span class='ocrx_word' id='word_1_545' title='bbox 2884 3321 3074 3385; x_wconf 85' lang='lat' dir='ltr'>codex,</span> <span class='ocrx_word' id='word_1_546' title='bbox 3135 3321 3248 3390; x_wconf 90' lang='lat' dir='ltr'>ipse</span> <span class='ocrx_word' id='word_1_547' title='bbox 3295 3318 3480 3374; x_wconf 82' lang='lat' dir='ltr'>forsan</span> <span class='ocrx_word' id='word_1_548' title='bbox 3515 3317 3572 3370; x_wconf 90' lang='lat' dir='ltr'>in</span> 
     </span>
    </p>
   </div>
   <div class='ocr_carea' id='block_1_74' title="bbox 2017 3407 3574 3486">
    <p class='ocr_par' dir='ltr' id='par_1_74' title="bbox 2017 3407 3574 3486">
     <span class='ocr_line' id='line_1_74' title="bbox 2017 3407 3574 3486; baseline -0.004 -17"><span class='ocrx_word' id='word_1_549' title='bbox 2017 3415 2466 3486; x_wconf 89' lang='lat' dir='ltr'>Chrysostomum</span> <span class='ocrx_word' id='word_1_550' title='bbox 2516 3413 2760 3478; x_wconf 75' lang='lat' dir='ltr'>effusior,</span> <span class='ocrx_word' id='word_1_551' title='bbox 2806 3414 2855 3468; x_wconf 91' lang='lat' dir='ltr'>ei</span> <span class='ocrx_word' id='word_1_552' title='bbox 2903 3413 3130 3477; x_wconf 90' lang='lat' dir='ltr'>tribuat,</span> <span class='ocrx_word' id='word_1_553' title='bbox 3163 3411 3320 3466; x_wconf 90' lang='lat' dir='ltr'>titulo</span> <span class='ocrx_word' id='word_1_554' title='bbox 3373 3411 3451 3472; x_wconf 78' lang='lat' dir='ltr'>et;</span> <span class='ocrx_word' id='word_1_555' title='bbox 3480 3407 3574 3462; x_wconf 82' lang='grc' dir='ltr'>τὸν</span> 
     </span>
    </p>
   </div>
   <div class='ocr_carea' id='block_1_75' title="bbox 2017 3498 3575 3577">
    <p class='ocr_par' dir='ltr' id='par_1_75' title="bbox 2017 3498 3575 3577">
     <span class='ocr_line' id='line_1_75' title="bbox 2017 3498 3575 3577; baseline -0.004 -17"><span class='ocrx_word' id='word_1_556' title='bbox 2017 3504 2402 3577; x_wconf 78' lang='grc' dir='ltr'>εὐλογημένον,</span> <span class='ocrx_word' id='word_1_557' title='bbox 2458 3520 2566 3575; x_wconf 92' lang='lat' dir='ltr'>quo</span> <span class='ocrx_word' id='word_1_558' title='bbox 2620 3503 2855 3559; x_wconf 91' lang='lat' dir='ltr'>Savilius</span> <span class='ocrx_word' id='word_1_559' title='bbox 2893 3502 3132 3558; x_wconf 85' lang='lat' dir='ltr'>Graecam</span> <span class='ocrx_word' id='word_1_560' title='bbox 3178 3502 3364 3558; x_wconf 84' lang='lat' dir='ltr'>edidit.</span> <span class='ocrx_word' id='word_1_561' title='bbox 3394 3498 3575 3554; x_wconf 87' lang='lat' dir='ltr'>Facile</span> 
     </span>
    </p>
   </div>
   <div class='ocr_carea' id='block_1_76' title="bbox 2017 3590 3572 3668">
    <p class='ocr_par' dir='ltr' id='par_1_76' title="bbox 2017 3590 3572 3668">
     <span class='ocr_line' id='line_1_76' title="bbox 2017 3590 3572 3668; baseline -0.005 -15"><span class='ocrx_word' id='word_1_562' title='bbox 2017 3599 2217 3654; x_wconf 89' lang='lat' dir='ltr'>habent</span> <span class='ocrx_word' id='word_1_563' title='bbox 2247 3596 2442 3662; x_wconf 84' lang='lat' dir='ltr'>Graeci,</span> <span class='ocrx_word' id='word_1_564' title='bbox 2468 3605 2529 3651; x_wconf 92' lang='lat' dir='ltr'>ut</span> <span class='ocrx_word' id='word_1_565' title='bbox 2553 3598 2755 3668; x_wconf 68' lang='lat' dir='ltr'>quaevis</span> <span class='ocrx_word' id='word_1_566' title='bbox 2788 3593 3060 3649; x_wconf 79' lang='grc' dir='ltr'>ἀδέσποτα</span> <span class='ocrx_word' id='word_1_567' title='bbox 3114 3595 3230 3649; x_wconf 89' lang='lat' dir='ltr'>viro</span> <span class='ocrx_word' id='word_1_568' title='bbox 3276 3601 3427 3648; x_wconf 89' lang='lat' dir='ltr'>tanto</span> <span class='ocrx_word' id='word_1_569' title='bbox 3468 3590 3572 3646; x_wconf 87' lang='lat' dir='ltr'>tri-</span> 
     </span>
    </p>
   </div>
   <div class='ocr_carea' id='block_1_77' title="bbox 2015 3688 2969 3748">
    <p class='ocr_par' dir='ltr' id='par_1_77' title="bbox 2015 3688 2969 3748">
     <span class='ocr_line' id='line_1_77' title="bbox 2015 3688 2969 3748; baseline -0.004 0"><span class='ocrx_word' id='word_1_570' title='bbox 2015 3693 2204 3748; x_wconf 89' lang='lat' dir='ltr'>buant.</span> <span class='ocrx_word' id='word_1_571' title='bbox 2238 3710 2256 3744; x_wconf 73' lang='grc' dir='ltr'><strong><em>ι</em></strong></span> <span class='ocrx_word' id='word_1_572' title='bbox 2292 3690 2568 3745; x_wconf 84' lang='lat' dir='ltr'>Hactenus</span> <span class='ocrx_word' id='word_1_573' title='bbox 2594 3688 2969 3746; x_wconf 84' lang='lat' dir='ltr'>Combeﬁsius.</span> 
     </span>
    </p>
   </div>
   <div class='ocr_carea' id='block_1_78' title="bbox 2087 3777 3573 3839">
    <p class='ocr_par' dir='ltr' id='par_1_78' title="bbox 2087 3777 3573 3839">
     <span class='ocr_line' id='line_1_78' title="bbox 2087 3777 3573 3839; baseline -0.005 0"><span class='ocrx_word' id='word_1_574' title='bbox 2087 3782 2439 3839; x_wconf 86' lang='lat' dir='ltr'>Orationibus</span> <span class='ocrx_word' id='word_1_575' title='bbox 2463 3783 2613 3839; x_wconf 89' lang='lat' dir='ltr'>hisce</span> <span class='ocrx_word' id='word_1_576' title='bbox 2644 3782 3004 3838; x_wconf 86' lang='lat' dir='ltr'>Methodianis</span> <span class='ocrx_word' id='word_1_577' title='bbox 3036 3783 3075 3834; x_wconf 74' lang='lat' dir='ltr'>‘a</span> <span class='ocrx_word' id='word_1_578' title='bbox 3106 3779 3427 3836; x_wconf 84' lang='lat' dir='ltr'>Combeﬁsio</span> <span class='ocrx_word' id='word_1_579' title='bbox 3458 3777 3573 3833; x_wconf 87' lang='lat' dir='ltr'>edi-</span> 
     </span>
    </p>
   </div>
   <div class='ocr_carea' id='block_1_79' title="bbox 2014 3873 3573 3949">
    <p class='ocr_par' dir='ltr' id='par_1_79' title="bbox 2014 3873 3573 3949">
     <span class='ocr_line' id='line_1_79' title="bbox 2014 3873 3573 3949; baseline -0.003 -19"><span class='ocrx_word' id='word_1_580' title='bbox 2014 3878 2109 3941; x_wconf 83' lang='lat' dir='ltr'>tis,</span> <span class='ocrx_word' id='word_1_581' title='bbox 2145 3876 2445 3947; x_wconf 90' lang='lat' dir='ltr'>adjecimus</span> <span class='ocrx_word' id='word_1_582' title='bbox 2475 3882 2575 3931; x_wconf 88' lang='lat' dir='ltr'>tria</span> <span class='ocrx_word' id='word_1_583' title='bbox 2614 3875 2915 3949; x_wconf 89' lang='lat' dir='ltr'>fragmenta</span> <span class='ocrx_word' id='word_1_584' title='bbox 2947 3891 3015 3930; x_wconf 83' lang='lat' dir='ltr'>ex</span> <span class='ocrx_word' id='word_1_585' title='bbox 3042 3874 3265 3930; x_wconf 89' lang='lat' dir='ltr'>homilia</span> <span class='ocrx_word' id='word_1_586' title='bbox 3320 3873 3396 3926; x_wconf 89' lang='lat' dir='ltr'>De</span> <span class='ocrx_word' id='word_1_587' title='bbox 3424 3887 3573 3926; x_wconf 86' lang='lat' dir='ltr'>cruce</span> 
     </span>
    </p>
   </div>
   <div class='ocr_carea' id='block_1_80' title="bbox 2014 3967 3570 4034">
    <p class='ocr_par' dir='ltr' id='par_1_80' title="bbox 2014 3967 3570 4034">
     <span class='ocr_line' id='line_1_80' title="bbox 2014 3967 3570 4034; baseline -0.005 -11"><span class='ocrx_word' id='word_1_588' title='bbox 2014 3968 2228 4023; x_wconf 85' lang='lat' dir='ltr'>Domini</span> <span class='ocrx_word' id='word_1_589' title='bbox 2255 3969 2425 4024; x_wconf 84' lang='lat' dir='ltr'>nostri</span> <span class='ocrx_word' id='word_1_590' title='bbox 2459 3968 2589 4023; x_wconf 80' lang='lat' dir='ltr'>Iesu</span> <span class='ocrx_word' id='word_1_591' title='bbox 2636 3967 2854 4034; x_wconf 81' lang='lat' dir='ltr'>Christi,</span> <span class='ocrx_word' id='word_1_592' title='bbox 2915 3976 2973 4021; x_wconf 91' lang='lat' dir='ltr'>ut</span> <span class='ocrx_word' id='word_1_593' title='bbox 3025 3967 3258 4032; x_wconf 91' lang='lat' dir='ltr'>videtur,</span> <span class='ocrx_word' id='word_1_594' title='bbox 3293 3972 3570 4033; x_wconf 78' lang='lat' dir='ltr'>excerpta.</span> 
     </span>
    </p>
   </div>
   <div class='ocr_carea' id='block_1_81' title="bbox 2014 4057 3575 4132">
    <p class='ocr_par' dir='ltr' id='par_1_81' title="bbox 2014 4057 3575 4132">
     <span class='ocr_line' id='line_1_81' title="bbox 2014 4057 3575 4132; baseline -0.003 -18"><span class='ocrx_word' id='word_1_595' title='bbox 2014 4060 2132 4116; x_wconf 89' lang='lat' dir='ltr'>Duo</span> <span class='ocrx_word' id='word_1_596' title='bbox 2155 4062 2338 4132; x_wconf 87' lang='lat' dir='ltr'>priora</span> <span class='ocrx_word' id='word_1_597' title='bbox 2369 4078 2435 4117; x_wconf 90' lang='lat' dir='ltr'>ex</span> <span class='ocrx_word' id='word_1_598' title='bbox 2486 4078 2592 4117; x_wconf 92' lang='lat' dir='ltr'>ms.</span> <span class='ocrx_word' id='word_1_599' title='bbox 2628 4062 2814 4116; x_wconf 83' lang='lat' dir='ltr'>codice</span> <span class='ocrx_word' id='word_1_600' title='bbox 2857 4059 3201 4114; x_wconf 63' lang='lat' dir='ltr'>bibliothecae</span> <span class='ocrx_word' id='word_1_601' title='bbox 3246 4057 3575 4126; x_wconf 72' lang='lat' dir='ltr'>Augustante</span> 
     </span>
    </p>
   </div>
   <div class='ocr_carea' id='block_1_82' title="bbox 2015 4148 3570 4219">
    <p class='ocr_par' dir='ltr' id='par_1_82' title="bbox 2015 4148 3570 4219">
     <span class='ocr_line' id='line_1_82' title="bbox 2015 4148 3570 4219; baseline -0.002 -13"><span class='ocrx_word' id='word_1_602' title='bbox 2015 4152 2071 4206; x_wconf 88' lang='lat' dir='ltr'>in</span> <span class='ocrx_word' id='word_1_603' title='bbox 2100 4153 2275 4207; x_wconf 92' lang='lat' dir='ltr'>lucem</span> <span class='ocrx_word' id='word_1_604' title='bbox 2308 4152 2500 4207; x_wconf 82' lang='lat' dir='ltr'>extulit</span> <span class='ocrx_word' id='word_1_605' title='bbox 2526 4150 2760 4205; x_wconf 88' lang='lat' dir='ltr'>Jacobus</span> <span class='ocrx_word' id='word_1_606' title='bbox 2787 4148 3072 4204; x_wconf 88' lang='lat' dir='ltr'>Gretserus</span> <span class='ocrx_word' id='word_1_607' title='bbox 3097 4152 3201 4219; x_wconf 83' lang='lat' dir='ltr'>(v);</span> <span class='ocrx_word' id='word_1_608' title='bbox 3236 4149 3476 4212; x_wconf 79' lang='lat' dir='ltr'>tertium,</span> <span class='ocrx_word' id='word_1_609' title='bbox 3505 4162 3570 4203; x_wconf 73' lang='lat' dir='ltr'>ex</span> 
     </span>
    </p>
   </div>
   <div class='ocr_carea' id='block_1_83' title="bbox 2015 4240 3573 4313">
    <p class='ocr_par' dir='ltr' id='par_1_83' title="bbox 2015 4240 3573 4313">
     <span class='ocr_line' id='line_1_83' title="bbox 2015 4240 3573 4313; baseline -0.003 -16"><span class='ocrx_word' id='word_1_610' title='bbox 2015 4245 2200 4298; x_wconf 90' lang='lat' dir='ltr'>eadem</span> <span class='ocrx_word' id='word_1_611' title='bbox 2256 4243 2585 4299; x_wconf 90' lang='lat' dir='ltr'>bibliotheca</span> <span class='ocrx_word' id='word_1_612' title='bbox 2617 4240 2727 4297; x_wconf 88' lang='lat' dir='ltr'>Leo</span> <span class='ocrx_word' id='word_1_613' title='bbox 2755 4240 2982 4295; x_wconf 85' lang='lat' dir='ltr'>Allatius</span> <span class='ocrx_word' id='word_1_614' title='bbox 3011 4240 3119 4313; x_wconf 77' lang='lat' dir='ltr'>(x);</span> <span class='ocrx_word' id='word_1_615' title='bbox 3163 4241 3254 4310; x_wconf 90' lang='lat' dir='ltr'>qui</span> <span class='ocrx_word' id='word_1_616' title='bbox 3285 4247 3338 4295; x_wconf 92' lang='lat' dir='ltr'>et</span> <span class='ocrx_word' id='word_1_617' title='bbox 3385 4240 3573 4294; x_wconf 69' lang='lat' dir='ltr'>isthmc</span> 
     </span>
    </p>
   </div>
   <div class='ocr_carea' id='block_1_84' title="bbox 2019 4332 3575 4406">
    <p class='ocr_par' dir='ltr' id='par_1_84' title="bbox 2019 4332 3575 4406">
     <span class='ocr_line' id='line_1_84' title="bbox 2019 4332 3575 4406; baseline -0.003 -18"><span class='ocrx_word' id='word_1_618' title='bbox 2019 4334 2318 4406; x_wconf 87' lang='lat' dir='ltr'>fragmenta</span> <span class='ocrx_word' id='word_1_619' title='bbox 2346 4337 2527 4391; x_wconf 90' lang='lat' dir='ltr'>omnia</span> <span class='ocrx_word' id='word_1_620' title='bbox 2576 4342 2765 4391; x_wconf 87' lang='lat' dir='ltr'>nostro</span> <span class='ocrx_word' id='word_1_621' title='bbox 2824 4332 3094 4388; x_wconf 87' lang='lat' dir='ltr'>Methodio</span> <span class='ocrx_word' id='word_1_622' title='bbox 3137 4332 3387 4389; x_wconf 89' lang='lat' dir='ltr'>asseruit.</span> <span class='ocrx_word' id='word_1_623' title='bbox 3417 4332 3575 4387; x_wconf 80' lang='lat' dir='ltr'>Cret-</span> 
     </span>
    </p>
   </div>
   <div class='ocr_carea' id='block_1_85' title="bbox 2015 4421 3574 4482">
    <p class='ocr_par' dir='ltr' id='par_1_85' title="bbox 2015 4421 3574 4482">
     <span class='ocr_line' id='line_1_85' title="bbox 2015 4421 3574 4482; baseline -0.003 -2"><span class='ocrx_word' id='word_1_624' title='bbox 2015 4441 2139 4482; x_wconf 90' lang='lat' dir='ltr'>sero</span> <span class='ocrx_word' id='word_1_625' title='bbox 2199 4426 2342 4480; x_wconf 91' lang='lat' dir='ltr'>enim</span> <span class='ocrx_word' id='word_1_626' title='bbox 2374 4426 2642 4481; x_wconf 87' lang='lat' dir='ltr'>dubitanti</span> <span class='ocrx_word' id='word_1_627' title='bbox 2664 4425 2904 4480; x_wconf 85' lang='lat' dir='ltr'>occurrit</span> <span class='ocrx_word' id='word_1_628' title='bbox 2937 4424 3022 4480; x_wconf 91' lang='lat' dir='ltr'>his</span> <span class='ocrx_word' id='word_1_629' title='bbox 3052 4425 3229 4480; x_wconf 85' lang='lat' dir='ltr'>verbis</span> <span class='ocrx_word' id='word_1_630' title='bbox 3263 4442 3277 4479; x_wconf 87' lang='lat'><strong>:</strong></span> <span class='ocrx_word' id='word_1_631' title='bbox 3316 4444 3334 4475; x_wconf 73' lang='grc' dir='ltr'><strong>ε</strong></span> <span class='ocrx_word' id='word_1_632' title='bbox 3373 4421 3449 4478; x_wconf 89' lang='lat' dir='ltr'>De</span> <span class='ocrx_word' id='word_1_633' title='bbox 3477 4423 3574 4476; x_wconf 78' lang='lat' dir='ltr'>ho-</span> 
     </span>
    </p>
   </div>
   <div class='ocr_carea' id='block_1_86' title="bbox 2018 4516 3576 4590">
    <p class='ocr_par' dir='ltr' id='par_1_86' title="bbox 2018 4516 3576 4590">
     <span class='ocr_line' id='line_1_86' title="bbox 2018 4516 3576 4590; baseline -0.003 -18"><span class='ocrx_word' id='word_1_634' title='bbox 2018 4535 2137 4573; x_wconf 91' lang='lat' dir='ltr'>rum</span> <span class='ocrx_word' id='word_1_635' title='bbox 2188 4517 2610 4590; x_wconf 86' lang='lat' dir='ltr'>fragmentorum</span> <span class='ocrx_word' id='word_1_636' title='bbox 2660 4528 2876 4575; x_wconf 87' lang='lat' dir='ltr'>auctore</span> <span class='ocrx_word' id='word_1_637' title='bbox 2935 4519 3146 4574; x_wconf 89' lang='lat' dir='ltr'>dubitat</span> <span class='ocrx_word' id='word_1_638' title='bbox 3191 4516 3576 4575; x_wconf 77' lang='lat' dir='ltr'>Gretserus.et</span> 
     </span>
    </p>
   </div>
   <div class='ocr_carea' id='block_1_87' title="bbox 353 4602 3573 4711">
    <p class='ocr_par' dir='ltr' id='par_1_87' title="bbox 353 4602 3573 4711">
     <span class='ocr_line' id='line_1_87' title="bbox 353 4602 3573 4711; baseline -0.003 -39"><span class='ocrx_word' id='word_1_639' title='bbox 353 4602 513 4711; x_wconf 52' lang='grc' dir='ltr'>είηξξε</span> <span class='ocrx_word' id='word_1_640' title='bbox 542 4604 806 4674; x_wconf 71' lang='grc' dir='ltr'>εκοερῑίε,</span> <span class='ocrx_word' id='word_1_641' title='bbox 835 4619 956 4674; x_wconf 59' lang='lat' dir='ltr'>qua?</span> <span class='ocrx_word' id='word_1_642' title='bbox 980 4610 1101 4674; x_wconf 75' lang='grc' dir='ltr'>Ροει</span> <span class='ocrx_word' id='word_1_643' title='bbox 1134 4602 1516 4660; x_wconf 74' lang='lat' dir='ltr'>CombeﬁSillm</span> <span class='ocrx_word' id='word_1_644' title='bbox 1571 4619 1635 4659; x_wconf 69' lang='grc' dir='ltr'>εἰ</span> <span class='ocrx_word' id='word_1_645' title='bbox 1674 4602 1914 4711; x_wconf 64' lang='grc' dir='ltr'>Ρξιτᾶιιθ·</span> <span class='ocrx_word' id='word_1_646' title='bbox 1947 4636 1992 4691; x_wconf 80' lang='lat' dir='ltr'><strong>D</strong></span> <span class='ocrx_word' id='word_1_647' title='bbox 2022 4628 2142 4668; x_wconf 85' lang='lat' dir='ltr'>cum</span> <span class='ocrx_word' id='word_1_648' title='bbox 2176 4627 2241 4667; x_wconf 90' lang='lat' dir='ltr'>eo</span> <span class='ocrx_word' id='word_1_649' title='bbox 2269 4611 2519 4667; x_wconf 76' lang='lat' dir='ltr'>dubitare</span> <span class='ocrx_word' id='word_1_650' title='bbox 2556 4613 2768 4668; x_wconf 86' lang='lat' dir='ltr'>videtur</span> <span class='ocrx_word' id='word_1_651' title='bbox 2795 4613 3066 4668; x_wconf 87' lang='lat' dir='ltr'>Aubertns</span> <span class='ocrx_word' id='word_1_652' title='bbox 3091 4611 3289 4666; x_wconf 82' lang='lat' dir='ltr'>Mireus</span> <span class='ocrx_word' id='word_1_653' title='bbox 3322 4628 3335 4664; x_wconf 93' lang='lat'>:</span> <span class='ocrx_word' id='word_1_654' title='bbox 3374 4628 3392 4661; x_wconf 74' lang='grc' dir='ltr'>ι</span> <span class='ocrx_word' id='word_1_655' title='bbox 3419 4608 3573 4675; x_wconf 81' lang='lat' dir='ltr'>Quis,</span> 
     </span>
    </p>
   </div>
   <div class='ocr_carea' id='block_1_88' title="bbox 352 4694 1569 4767">
    <p class='ocr_par' dir='ltr' id='par_1_88' title="bbox 352 4694 1569 4767">
     <span class='ocr_line' id='line_1_88' title="bbox 352 4694 1569 4767; baseline 0.002 -17"><span class='ocrx_word' id='word_1_656' title='bbox 352 4698 420 4751; x_wconf 91' lang='lat' dir='ltr'>lis</span> <span class='ocrx_word' id='word_1_657' title='bbox 448 4694 848 4752; x_wconf 90' lang='lat' dir='ltr'>Damascenicis</span> <span class='ocrx_word' id='word_1_658' title='bbox 880 4698 934 4752; x_wconf 90' lang='lat' dir='ltr'>in</span> <span class='ocrx_word' id='word_1_659' title='bbox 964 4697 1200 4752; x_wconf 89' lang='lat' dir='ltr'>medium</span> <span class='ocrx_word' id='word_1_660' title='bbox 1226 4697 1569 4767; x_wconf 88' lang='lat' dir='ltr'>protulimus.</span> 
     </span>
    </p>
   </div>
   <div class='ocr_carea' id='block_1_89' title="bbox 423 4788 1915 4863">
    <p class='ocr_par' dir='ltr' id='par_1_89' title="bbox 423 4788 1915 4863">
     <span class='ocr_line' id='line_1_89' title="bbox 423 4788 1915 4863; baseline 0.002 -21"><span class='ocrx_word' id='word_1_661' title='bbox 423 4788 519 4844; x_wconf 87' lang='lat' dir='ltr'>His</span> <span class='ocrx_word' id='word_1_662' title='bbox 541 4804 704 4859; x_wconf 89' lang='lat' dir='ltr'>porro</span> <span class='ocrx_word' id='word_1_663' title='bbox 726 4791 1070 4848; x_wconf 90' lang='lat' dir='ltr'>subdidimus</span> <span class='ocrx_word' id='word_1_664' title='bbox 1098 4792 1311 4863; x_wconf 90' lang='lat' dir='ltr'>insigne</span> <span class='ocrx_word' id='word_1_665' title='bbox 1347 4793 1506 4863; x_wconf 87' lang='lat' dir='ltr'>plane</span> <span class='ocrx_word' id='word_1_666' title='bbox 1549 4789 1915 4861; x_wconf 83' lang='lat' dir='ltr'>fragmentum</span> 
     </span>
    </p>
   </div>
   <div class='ocr_carea' id='block_1_90' title="bbox 352 4882 1915 4958">
    <p class='ocr_par' dir='ltr' id='par_1_90' title="bbox 352 4882 1915 4958">
     <span class='ocr_line' id='line_1_90' title="bbox 352 4882 1915 4958; baseline 0.001 -20"><span class='ocrx_word' id='word_1_667' title='bbox 352 4883 421 4940; x_wconf 88' lang='lat' dir='ltr'>de</span> <span class='ocrx_word' id='word_1_668' title='bbox 449 4882 651 4939; x_wconf 83' lang='lat' dir='ltr'>Christi</span> <span class='ocrx_word' id='word_1_669' title='bbox 682 4886 985 4952; x_wconf 88' lang='lat' dir='ltr'>divinitate,</span> <span class='ocrx_word' id='word_1_670' title='bbox 1021 4887 1166 4958; x_wconf 87' lang='lat' dir='ltr'>quod</span> <span class='ocrx_word' id='word_1_671' title='bbox 1214 4885 1527 4942; x_wconf 82' lang='lat' dir='ltr'>Combefisii</span> <span class='ocrx_word' id='word_1_672' title='bbox 1582 4884 1915 4957; x_wconf 87' lang='lat' dir='ltr'>diligentiam</span> 
     </span>
    </p>
   </div>
   <div class='ocr_carea' id='block_1_91' title="bbox 426 5128 1910 5203">
    <p class='ocr_par' dir='ltr' id='par_1_91' title="bbox 426 5128 1910 5203">
     <span class='ocr_line' id='line_1_91' title="bbox 426 5128 1910 5203; baseline 0.001 -20"><span class='ocrx_word' id='word_1_673' title='bbox 426 5129 501 5201; x_wconf 72' lang='grc' dir='ltr'>(ἡ)</span> <span class='ocrx_word' id='word_1_674' title='bbox 555 5128 742 5186; x_wconf 62' lang='lat' dir='ltr'>Grece</span> <span class='ocrx_word' id='word_1_675' title='bbox 803 5139 856 5186; x_wconf 91' lang='lat' dir='ltr'>et</span> <span class='ocrx_word' id='word_1_676' title='bbox 909 5132 1101 5187; x_wconf 87' lang='lat' dir='ltr'>Latine</span> <span class='ocrx_word' id='word_1_677' title='bbox 1160 5133 1347 5187; x_wconf 91' lang='lat' dir='ltr'>Simon</span> <span class='ocrx_word' id='word_1_678' title='bbox 1400 5132 1467 5188; x_wconf 92' lang='lat' dir='ltr'>de</span> <span class='ocrx_word' id='word_1_679' title='bbox 1516 5130 1792 5203; x_wconf 85' lang='lat' dir='ltr'>Magistris</span> <span class='ocrx_word' id='word_1_680' title='bbox 1855 5131 1910 5184; x_wconf 91' lang='lat' dir='ltr'>in</span> 
     </span>
    </p>
   </div>
   <div class='ocr_carea' id='block_1_92' title="bbox 355 5202 1807 5272">
    <p class='ocr_par' dir='ltr' id='par_1_92' title="bbox 355 5202 1807 5272">
     <span class='ocr_line' id='line_1_92' title="bbox 355 5202 1807 5272; baseline -0.001 -17"><span class='ocrx_word' id='word_1_681' title='bbox 355 5202 501 5257; x_wconf 81' lang='lat' dir='ltr'>Actis</span> <span class='ocrx_word' id='word_1_682' title='bbox 531 5212 821 5272; x_wconf 80' lang='lat' dir='ltr'>martyrum</span> <span class='ocrx_word' id='word_1_683' title='bbox 875 5204 944 5256; x_wconf 87' lang='lat' dir='ltr'>ad</span> <span class='ocrx_word' id='word_1_684' title='bbox 975 5203 1125 5259; x_wconf 83' lang='lat' dir='ltr'>Ostia</span> <span class='ocrx_word' id='word_1_685' title='bbox 1167 5204 1431 5258; x_wconf 84' lang='lat' dir='ltr'>Tiberina.</span> <span class='ocrx_word' id='word_1_686' title='bbox 1457 5202 1807 5260; x_wconf 74' lang='lat' dir='ltr'>Enl&#39;r.PArn.</span> 
     </span>
    </p>
   </div>
   <div class='ocr_carea' id='block_1_93' title="bbox 426 5271 1911 5346">
    <p class='ocr_par' dir='ltr' id='par_1_93' title="bbox 426 5271 1911 5346">
     <span class='ocr_line' id='line_1_93' title="bbox 426 5271 1911 5346; baseline -0.003 -18"><span class='ocrx_word' id='word_1_687' title='bbox 426 5275 486 5346; x_wconf 88' lang='lat' dir='ltr'>(i)</span> <span class='ocrx_word' id='word_1_688' title='bbox 509 5271 595 5328; x_wconf 84' lang='lat' dir='ltr'>Jo.</span> <span class='ocrx_word' id='word_1_689' title='bbox 626 5271 781 5325; x_wconf 87' lang='lat' dir='ltr'>Dam.</span> <span class='ocrx_word' id='word_1_690' title='bbox 812 5280 953 5331; x_wconf 87' lang='lat' dir='ltr'>orat.</span> <span class='ocrx_word' id='word_1_691' title='bbox 998 5275 1031 5330; x_wconf 80' lang='grc'>5</span> <span class='ocrx_word' id='word_1_692' title='bbox 1066 5275 1139 5330; x_wconf 86' lang='lat' dir='ltr'>De</span> <span class='ocrx_word' id='word_1_693' title='bbox 1182 5276 1365 5346; x_wconf 86' lang='lat' dir='ltr'>imag.,</span> <span class='ocrx_word' id='word_1_694' title='bbox 1403 5290 1530 5345; x_wconf 89' lang='lat' dir='ltr'>opp.</span> <span class='ocrx_word' id='word_1_695' title='bbox 1551 5281 1687 5329; x_wconf 91' lang='lat' dir='ltr'>tom.</span> <span class='ocrx_word' id='word_1_696' title='bbox 1719 5273 1757 5335; x_wconf 88' lang='grc' dir='ltr'>Ι,</span> <span class='ocrx_word' id='word_1_697' title='bbox 1788 5287 1911 5342; x_wconf 87' lang='lat' dir='ltr'>pag.</span> 
     </span>
    </p>
   </div>
   <div class='ocr_carea' id='block_1_94' title="bbox 355 5343 1908 5497">
    <p class='ocr_par' dir='ltr' id='par_1_94' title="bbox 355 5343 1908 5497">
     <span class='ocr_line' id='line_1_94' title="bbox 355 5343 1908 5497; baseline -0.005 -25"><span class='ocrx_word' id='word_1_698' title='bbox 525 5415 668 5497; x_wconf 30' lang='grc' dir='ltr'>,ρπβ</span> <span class='ocrx_word' id='word_1_699' title='bbox 704 5412 846 5497; x_wconf 47' lang='grc' dir='ltr'>ἕξεις</span> <span class='ocrx_word' id='word_1_700' title='bbox 876 5414 989 5497; x_wconf 81' lang='lat' dir='ltr'>Iitt._</span> <span class='ocrx_word' id='word_1_701' title='bbox 1013 5414 1378 5483; x_wconf 53' lang='lat' dir='ltr'>ad&quot;ann.290,</span> <span class='ocrx_word' id='word_1_702' title='bbox 1414 5422 1547 5471; x_wconf 85' lang='lat' dir='ltr'>tom.</span> <span class='ocrx_word' id='word_1_703' title='bbox 1581 5413 1623 5481; x_wconf 91' lang='lat' dir='ltr'>l,</span> <span class='ocrx_word' id='word_1_704' title='bbox 1650 5428 1769 5486; x_wconf 87' lang='lat' dir='ltr'>pag.</span> <span class='ocrx_word' id='word_1_705' title='bbox 1792 5412 1908 5468; x_wconf 62' lang='grc' dir='ltr'>Ιὸἓ.</span> 
     </span>
    </p>
   </div>
   <div class='ocr_carea' id='block_1_95' title="bbox 424 5485 1265 5629">
    <p class='ocr_par' dir='ltr' id='par_1_95' title="bbox 424 5485 1265 5629">
     <span class='ocr_line' id='line_1_95' title="bbox 424 5485 1265 5626; baseline 0.006 -88"><span class='ocrx_word' id='word_1_706' title='bbox 424 5486 496 5626; x_wconf 45' lang='grc' dir='ltr'>ἑκ)</span> <span class='ocrx_word' id='word_1_707' title='bbox 525 5485 681 5541; x_wconf 82' lang='lat' dir='ltr'>Phot.</span> <span class='ocrx_word' id='word_1_708' title='bbox 718 5486 860 5540; x_wconf 87' lang='lat' dir='ltr'>Bibl.</span> <span class='ocrx_word' id='word_1_709' title='bbox 891 5486 1013 5541; x_wconf 86' lang='lat' dir='ltr'>cod.</span> <span class='ocrx_word' id='word_1_710' title='bbox 1037 5502 1265 5543; x_wconf 83' lang='lat' dir='ltr'>ccxxxv.</span> 
     </span>
     <span class='ocr_line' id='line_1_96' title="bbox 448 5555 1265 5629; baseline 0.006 -22"><span class='ocrx_word' id='word_1_711' title='bbox 448 5555 851 5629; x_wconf 71' lang='lat' dir='ltr'>l)_hletbod._De</span> <span class='ocrx_word' id='word_1_712' title='bbox 890 5557 1111 5629; x_wconf 11' lang='lat' dir='ltr'>creat.g§</span> <span class='ocrx_word' id='word_1_713' title='bbox 1135 5558 1188 5612; x_wconf 74' lang='grc'>2.</span> <span class='ocrx_word' id='word_1_714' title='bbox 1255 5628 1265 5629; x_wconf 19' lang='lat'><em>7</em></span> 
     </span>
    </p>
   </div>
   <div class='ocr_carea' id='block_1_96' title="bbox 425 5625 1770 5698">
    <p class='ocr_par' dir='ltr' id='par_1_96' title="bbox 425 5625 1770 5698">
     <span class='ocr_line' id='line_1_97' title="bbox 425 5625 1770 5698; baseline 0.005 -23"><span class='ocrx_word' id='word_1_715' title='bbox 425 5625 699 5698; x_wconf 79' lang='lat' dir='ltr'>(m)_Snid.</span> <span class='ocrx_word' id='word_1_716' title='bbox 735 5627 863 5683; x_wconf 88' lang='lat' dir='ltr'>Lex.</span> <span class='ocrx_word' id='word_1_717' title='bbox 892 5636 1025 5683; x_wconf 92' lang='lat' dir='ltr'>tom.</span> <span class='ocrx_word' id='word_1_718' title='bbox 1058 5625 1119 5693; x_wconf 82' lang='lat' dir='ltr'>ll,</span> <span class='ocrx_word' id='word_1_719' title='bbox 1153 5644 1206 5698; x_wconf 93' lang='lat' dir='ltr'>p.</span> <span class='ocrx_word' id='word_1_720' title='bbox 1243 5628 1368 5688; x_wconf 71' lang='grc'>646,</span> <span class='ocrx_word' id='word_1_721' title='bbox 1399 5644 1451 5680; x_wconf 90' lang='lat' dir='ltr'>v.</span> <span class='ocrx_word' id='word_1_722' title='bbox 1479 5625 1770 5692; x_wconf 80' lang='grc' dir='ltr'>Ξενῶνος.</span> 
     </span>
    </p>
   </div>
   <div class='ocr_carea' id='block_1_97' title="bbox 425 5696 1835 5837">
    <p class='ocr_par' dir='ltr' id='par_1_97' title="bbox 425 5696 1835 5837">
     <span class='ocr_line' id='line_1_98' title="bbox 449 5696 1714 5769; baseline 0.004 -22"><span class='ocrx_word' id='word_1_723' title='bbox 449 5696 508 5763; x_wconf 67' lang='grc' dir='ltr'>η)</span> <span class='ocrx_word' id='word_1_724' title='bbox 530 5696 733 5753; x_wconf 89' lang='lat' dir='ltr'>Polluc.</span> <span class='ocrx_word' id='word_1_725' title='bbox 763 5700 950 5754; x_wconf 85' lang='lat' dir='ltr'>Onam.</span> <span class='ocrx_word' id='word_1_726' title='bbox 982 5700 1074 5754; x_wconf 89' lang='lat' dir='ltr'>lib.</span> <span class='ocrx_word' id='word_1_727' title='bbox 1103 5696 1185 5763; x_wconf 73' lang='lat' dir='ltr'>nt,</span> <span class='ocrx_word' id='word_1_728' title='bbox 1212 5714 1331 5769; x_wconf 89' lang='lat' dir='ltr'>cap.</span> <span class='ocrx_word' id='word_1_729' title='bbox 1364 5699 1417 5754; x_wconf 77' lang='grc'>4.</span> <span class='ocrx_word' id='word_1_730' title='bbox 1447 5714 1595 5751; x_wconf 89' lang='lat' dir='ltr'>num.</span> <span class='ocrx_word' id='word_1_731' title='bbox 1628 5698 1714 5752; x_wconf 82' lang='lat'>59.</span> 
     </span>
     <span class='ocr_line' id='line_1_99' title="bbox 425 5701 1835 5837; baseline -0.002 -14"><span class='ocrx_word' id='word_1_732' title='bbox 425 5701 502 5837; x_wconf 42' lang='lat' dir='ltr'>te)</span> <span class='ocrx_word' id='word_1_733' title='bbox 534 5765 765 5837; x_wconf 72' lang='lat' dir='ltr'>Hesych.</span> <span class='ocrx_word' id='word_1_734' title='bbox 801 5770 928 5823; x_wconf 88' lang='lat' dir='ltr'>Lex.</span> <span class='ocrx_word' id='word_1_735' title='bbox 990 5779 1121 5826; x_wconf 91' lang='lat' dir='ltr'>tom.</span> <span class='ocrx_word' id='word_1_736' title='bbox 1188 5769 1252 5830; x_wconf 88' lang='lat' dir='ltr'>ll,</span> <span class='ocrx_word' id='word_1_737' title='bbox 1288 5785 1407 5837; x_wconf 86' lang='lat' dir='ltr'>pag.</span> <span class='ocrx_word' id='word_1_738' title='bbox 1449 5769 1568 5823; x_wconf 74' lang='grc'>702.</span> <span class='ocrx_word' id='word_1_739' title='bbox 1604 5785 1654 5823; x_wconf 90' lang='lat' dir='ltr'>v.</span> <span class='ocrx_word' id='word_1_740' title='bbox 1691 5769 1835 5823; x_wconf 72' lang='grc' dir='ltr'>Ξενιέ</span> 
     </span>
    </p>
   </div>
   <div class='ocr_carea' id='block_1_98' title="bbox 451 5765 1907 5840">
    <p class='ocr_par' dir='ltr' id='par_1_98' title="bbox 451 5765 1907 5840">
     <span class='ocr_line' id='line_1_100' title="bbox 451 5765 1907 5840; baseline 0.004 -22"><span class='ocrx_word' id='word_1_741' title='bbox 451 5767 502 5835; x_wconf 84' lang='grc' dir='ltr'>θ)</span> <span class='ocrx_word' id='word_1_742' title='bbox 533 5765 765 5840; x_wconf 79' lang='lat' dir='ltr'>_l_l_esych.</span> <span class='ocrx_word' id='word_1_743' title='bbox 801 5770 928 5823; x_wconf 88' lang='lat' dir='ltr'>Lex.</span> <span class='ocrx_word' id='word_1_744' title='bbox 990 5779 1121 5826; x_wconf 91' lang='lat' dir='ltr'>tom.</span> <span class='ocrx_word' id='word_1_745' title='bbox 1188 5769 1252 5830; x_wconf 88' lang='lat' dir='ltr'>ll,</span> <span class='ocrx_word' id='word_1_746' title='bbox 1281 5765 1407 5840; x_wconf 81' lang='lat' dir='ltr'>pag.</span> <span class='ocrx_word' id='word_1_747' title='bbox 1449 5769 1568 5823; x_wconf 74' lang='grc'>702.</span> <span class='ocrx_word' id='word_1_748' title='bbox 1604 5785 1654 5823; x_wconf 90' lang='lat' dir='ltr'>v.</span> <span class='ocrx_word' id='word_1_749' title='bbox 1691 5769 1907 5824; x_wconf 71' lang='grc' dir='ltr'>Ξενών.</span> 
     </span>
    </p>
   </div>
   <div class='ocr_carea' id='block_1_99' title="bbox 425 5835 1802 5912">
    <p class='ocr_par' dir='ltr' id='par_1_99' title="bbox 425 5835 1802 5912">
     <span class='ocr_line' id='line_1_101' title="bbox 425 5835 1802 5912; baseline 0.002 -21"><span class='ocrx_word' id='word_1_750' title='bbox 425 5835 498 5906; x_wconf 83' lang='lat' dir='ltr'>(p)</span> <span class='ocrx_word' id='word_1_751' title='bbox 532 5835 744 5893; x_wconf 82' lang='lat' dir='ltr'>Hieron.</span> <span class='ocrx_word' id='word_1_752' title='bbox 784 5842 940 5910; x_wconf 81' lang='lat' dir='ltr'>epist.</span> <span class='ocrx_word' id='word_1_753' title='bbox 967 5841 1052 5909; x_wconf 89' lang='lat'>70,</span> <span class='ocrx_word' id='word_1_754' title='bbox 1086 5841 1154 5896; x_wconf 83' lang='lat' dir='ltr'>ad</span> <span class='ocrx_word' id='word_1_755' title='bbox 1194 5835 1380 5912; x_wconf 58' lang='lat' dir='ltr'>Magn:</span> <span class='ocrx_word' id='word_1_756' title='bbox 1403 5850 1538 5895; x_wconf 84' lang='lat' dir='ltr'>orat.</span> <span class='ocrx_word' id='word_1_757' title='bbox 1574 5855 1723 5895; x_wconf 89' lang='lat' dir='ltr'>num.</span> <span class='ocrx_word' id='word_1_758' title='bbox 1751 5840 1802 5896; x_wconf 84' lang='grc'>’5.</span> 
     </span>
    </p>
   </div>
   <div class='ocr_carea' id='block_1_100' title="bbox 2027 4700 3577 4776">
    <p class='ocr_par' dir='ltr' id='par_1_100' title="bbox 2027 4700 3577 4776">
     <span class='ocr_line' id='line_1_102' title="bbox 2027 4700 3577 4776; baseline -0.001 -22"><span class='ocrx_word' id='word_1_759' title='bbox 2027 4723 2047 4754; x_wconf 71' lang='grc' dir='ltr'>ε</span> <span class='ocrx_word' id='word_1_760' title='bbox 2070 4703 2264 4773; x_wconf 91' lang='lat' dir='ltr'>inquit,</span> <span class='ocrx_word' id='word_1_761' title='bbox 2301 4704 2402 4759; x_wconf 88' lang='lat' dir='ltr'>iste</span> <span class='ocrx_word' id='word_1_762' title='bbox 2429 4703 2731 4761; x_wconf 84' lang='lat' dir='ltr'>Methodius</span> <span class='ocrx_word' id='word_1_763' title='bbox 2768 4705 2946 4771; x_wconf 87' lang='lat' dir='ltr'>fuerit,</span> <span class='ocrx_word' id='word_1_764' title='bbox 2990 4720 3084 4776; x_wconf 87' lang='lat' dir='ltr'>pro</span> <span class='ocrx_word' id='word_1_765' title='bbox 3105 4710 3254 4758; x_wconf 81' lang='lat' dir='ltr'>certo</span> <span class='ocrx_word' id='word_1_766' title='bbox 3310 4700 3577 4755; x_wconf 76' lang='lat' dir='ltr'>afﬁrmare</span> 
     </span>
    </p>
   </div>
   <div class='ocr_carea' id='block_1_101' title="bbox 2029 4796 3575 4869">
    <p class='ocr_par' dir='ltr' id='par_1_101' title="bbox 2029 4796 3575 4869">
     <span class='ocr_line' id='line_1_103' title="bbox 2029 4796 3575 4869; baseline -0.003 -22"><span class='ocrx_word' id='word_1_767' title='bbox 2029 4815 2047 4847; x_wconf 87' lang='grc'><strong><em>‹</em></strong></span> <span class='ocrx_word' id='word_1_768' title='bbox 2072 4812 2300 4866; x_wconf 89' lang='lat' dir='ltr'>nequeo.</span> <span class='ocrx_word' id='word_1_769' title='bbox 2330 4797 2463 4851; x_wconf 89' lang='lat' dir='ltr'>Illud</span> <span class='ocrx_word' id='word_1_770' title='bbox 2495 4799 2828 4869; x_wconf 79' lang='lat' dir='ltr'>exploratum</span> <span class='ocrx_word' id='word_1_771' title='bbox 2851 4806 2953 4863; x_wconf 91' lang='lat' dir='ltr'>est,</span> <span class='ocrx_word' id='word_1_772' title='bbox 2987 4813 3096 4852; x_wconf 80' lang='lat' dir='ltr'>non</span> <span class='ocrx_word' id='word_1_773' title='bbox 3140 4796 3309 4850; x_wconf 87' lang='lat' dir='ltr'>fuisse</span> <span class='ocrx_word' id='word_1_774' title='bbox 3339 4801 3575 4848; x_wconf 88' lang='lat' dir='ltr'>veterem</span> 
     </span>
    </p>
   </div>
   <div class='ocr_carea' id='block_1_102' title="bbox 2028 4884 3568 4959">
    <p class='ocr_par' dir='ltr' id='par_1_102' title="bbox 2028 4884 3568 4959">
     <span class='ocr_line' id='line_1_104' title="bbox 2028 4884 3568 4959; baseline -0.002 -20"><span class='ocrx_word' id='word_1_775' title='bbox 2028 4903 2047 4935; x_wconf 82' lang='grc'>‹</span> <span class='ocrx_word' id='word_1_776' title='bbox 2077 4887 2225 4941; x_wconf 87' lang='lat' dir='ltr'>illum</span> <span class='ocrx_word' id='word_1_777' title='bbox 2251 4886 2579 4943; x_wconf 84' lang='lat' dir='ltr'>Mcthodium</span> <span class='ocrx_word' id='word_1_778' title='bbox 2601 4891 2890 4944; x_wconf 86' lang='lat' dir='ltr'>sanctitate</span> <span class='ocrx_word' id='word_1_779' title='bbox 2913 4897 2965 4945; x_wconf 90' lang='lat' dir='ltr'>et</span> <span class='ocrx_word' id='word_1_780' title='bbox 2989 4887 3232 4959; x_wconf 89' lang='lat' dir='ltr'>martyrii</span> <span class='ocrx_word' id='word_1_781' title='bbox 3261 4884 3430 4956; x_wconf 83' lang='lat' dir='ltr'>gloria</span> <span class='ocrx_word' id='word_1_782' title='bbox 3460 4884 3568 4938; x_wconf 86' lang='lat' dir='ltr'>cla-</span> 
     </span>
    </p>
   </div>
   <div class='ocr_carea' id='block_1_103' title="bbox 2021 5132 3576 5257">
    <p class='ocr_par' dir='ltr' id='par_1_103' title="bbox 2021 5132 3576 5257">
     <span class='ocr_line' id='line_1_105' title="bbox 2021 5132 3576 5257; baseline -0.001 -69"><span class='ocrx_word' id='word_1_783' title='bbox 2021 5134 2454 5257; x_wconf 69' lang='lat' dir='ltr'>_7(q)Theodor.</span> <span class='ocrx_word' id='word_1_784' title='bbox 2492 5135 2637 5189; x_wconf 84' lang='lat' dir='ltr'>Dial.</span> <span class='ocrx_word' id='word_1_785' title='bbox 2663 5152 2680 5190; x_wconf 90' lang='grc' dir='ltr'>ι</span> <span class='ocrx_word' id='word_1_786' title='bbox 2703 5136 2991 5205; x_wconf 83' lang='grc' dir='ltr'>Ἀτρεπτ.,</span> <span class='ocrx_word' id='word_1_787' title='bbox 3032 5150 3157 5205; x_wconf 87' lang='lat' dir='ltr'>Opp.</span> <span class='ocrx_word' id='word_1_788' title='bbox 3179 5144 3310 5190; x_wconf 91' lang='lat' dir='ltr'>tom.</span> <span class='ocrx_word' id='word_1_789' title='bbox 3330 5132 3419 5199; x_wconf 82' lang='lat' dir='ltr'>IV,</span> <span class='ocrx_word' id='word_1_790' title='bbox 3449 5147 3576 5204; x_wconf 88' lang='lat' dir='ltr'>pag.</span> 
     </span>
     <span class='ocr_line' id='line_1_106' title="bbox 2021 5224 2857 5257; baseline -0.013 0"><span class='ocrx_word' id='word_1_791' title='bbox 2021 5224 2053 5257; x_wconf 77' lang='grc' dir='ltr'>Ο</span> <span class='ocrx_word' id='word_1_792' title='bbox 2097 5245 2106 5255; x_wconf 86' lang='grc'><strong>.</strong></span> <span class='ocrx_word' id='word_1_793' title='bbox 2853 5242 2857 5246; x_wconf 92' lang='grc'><em>.</em></span> 
     </span>
    </p>
   </div>
   <div class='ocr_carea' id='block_1_104' title="bbox 2021 5224 2857 5259">
    <p class='ocr_par' dir='ltr' id='par_1_104' title="bbox 2021 5224 2857 5259">
     <span class='ocr_line' id='line_1_107' title="bbox 2021 5224 2857 5259; baseline -0.014 -1"><span class='ocrx_word' id='word_1_794' title='bbox 2021 5224 2106 5259; x_wconf 78' lang='lat' dir='ltr'>Ol.</span> <span class='ocrx_word' id='word_1_795' title='bbox 2853 5242 2857 5246; x_wconf 91' lang='lat'>.</span> 
     </span>
    </p>
   </div>
   <div class='ocr_carea' id='block_1_105' title="bbox 2092 5273 3576 5346">
    <p class='ocr_par' dir='ltr' id='par_1_105' title="bbox 2092 5273 3576 5346">
     <span class='ocr_line' id='line_1_108' title="bbox 2092 5273 3576 5346; baseline 0.001 -20"><span class='ocrx_word' id='word_1_796' title='bbox 2092 5275 2160 5345; x_wconf 86' lang='lat' dir='ltr'>(r)</span> <span class='ocrx_word' id='word_1_797' title='bbox 2193 5274 2436 5331; x_wconf 88' lang='lat' dir='ltr'>Combef.</span> <span class='ocrx_word' id='word_1_798' title='bbox 2464 5277 2518 5332; x_wconf 86' lang='lat' dir='ltr'>in</span> <span class='ocrx_word' id='word_1_799' title='bbox 2545 5288 2655 5332; x_wconf 88' lang='lat' dir='ltr'>not.</span> <span class='ocrx_word' id='word_1_800' title='bbox 2696 5278 2759 5331; x_wconf 84' lang='lat' dir='ltr'>ad</span> <span class='ocrx_word' id='word_1_801' title='bbox 2810 5274 3067 5341; x_wconf 81' lang='lat' dir='ltr'>Metltod.,</span> <span class='ocrx_word' id='word_1_802' title='bbox 3121 5292 3242 5346; x_wconf 91' lang='lat' dir='ltr'>pag.</span> <span class='ocrx_word' id='word_1_803' title='bbox 3281 5274 3403 5335; x_wconf 75' lang='grc'><strong>469,</strong></span> <span class='ocrx_word' id='word_1_804' title='bbox 3440 5281 3493 5328; x_wconf 86' lang='lat' dir='ltr'>et</span> <span class='ocrx_word' id='word_1_805' title='bbox 3522 5273 3576 5327; x_wconf 86' lang='lat' dir='ltr'>in</span> 
     </span>
    </p>
   </div>
   <div class='ocr_carea' id='block_1_106' title="bbox 2020 5347 3432 5415">
    <p class='ocr_par' dir='ltr' id='par_1_106' title="bbox 2020 5347 3432 5415">
     <span class='ocr_line' id='line_1_109' title="bbox 2020 5347 3432 5415; baseline 0.001 -17"><span class='ocrx_word' id='word_1_806' title='bbox 2020 5362 2227 5401; x_wconf 69' lang='lat' dir='ltr'>rex-ens.</span> <span class='ocrx_word' id='word_1_807' title='bbox 2253 5358 2459 5401; x_wconf 91' lang='lat' dir='ltr'>auctor.</span> <span class='ocrx_word' id='word_1_808' title='bbox 2489 5349 2553 5402; x_wconf 90' lang='lat' dir='ltr'>ad</span> <span class='ocrx_word' id='word_1_809' title='bbox 2585 5357 2713 5404; x_wconf 89' lang='lat' dir='ltr'>tom.</span> <span class='ocrx_word' id='word_1_810' title='bbox 2746 5347 2765 5399; x_wconf 88' lang='grc' dir='ltr'><strong>Ι</strong></span> <span class='ocrx_word' id='word_1_811' title='bbox 2800 5348 2934 5400; x_wconf 78' lang='lat' dir='ltr'>Bibl.</span> <span class='ocrx_word' id='word_1_812' title='bbox 2967 5350 3224 5410; x_wconf 66' lang='lat' dir='ltr'>conciam,</span> <span class='ocrx_word' id='word_1_813' title='bbox 3264 5361 3313 5415; x_wconf 89' lang='lat' dir='ltr'>p.</span> <span class='ocrx_word' id='word_1_814' title='bbox 3347 5347 3432 5400; x_wconf 81' lang='grc'>50.</span> 
     </span>
    </p>
   </div>
   <div class='ocr_carea' id='block_1_107' title="bbox 2093 5415 3503 5489">
    <p class='ocr_par' dir='ltr' id='par_1_107' title="bbox 2093 5415 3503 5489">
     <span class='ocr_line' id='line_1_110' title="bbox 2093 5415 3503 5489; baseline 0.001 -21"><span class='ocrx_word' id='word_1_815' title='bbox 2093 5419 2160 5489; x_wconf 73' lang='grc' dir='ltr'>(δ)</span> <span class='ocrx_word' id='word_1_816' title='bbox 2190 5416 2430 5489; x_wconf 80' lang='lat' dir='ltr'>Metltod.</span> <span class='ocrx_word' id='word_1_817' title='bbox 2460 5419 2610 5474; x_wconf 85' lang='lat' dir='ltr'>Orat.</span> <span class='ocrx_word' id='word_1_818' title='bbox 2635 5420 2697 5472; x_wconf 85' lang='lat' dir='ltr'>de</span> <span class='ocrx_word' id='word_1_819' title='bbox 2726 5418 2872 5488; x_wconf 80' lang='lat' dir='ltr'>Sym.</span> <span class='ocrx_word' id='word_1_820' title='bbox 2908 5430 2951 5471; x_wconf 87' lang='lat' dir='ltr'>et</span> <span class='ocrx_word' id='word_1_821' title='bbox 2981 5419 3144 5482; x_wconf 76' lang='lat' dir='ltr'>Ann.,</span> <span class='ocrx_word' id='word_1_822' title='bbox 3286 5420 3389 5489; x_wconf 73' lang='lat' dir='ltr'>let</span> <span class='ocrx_word' id='word_1_823' title='bbox 3416 5415 3503 5469; x_wconf 77' lang='grc'>15.</span> 
     </span>
    </p>
   </div>
   <div class='ocr_carea' id='block_1_108' title="bbox 2089 5487 3364 5558">
    <p class='ocr_par' dir='ltr' id='par_1_108' title="bbox 2089 5487 3364 5558">
     <span class='ocr_line' id='line_1_111' title="bbox 2089 5487 3364 5558; baseline 0.001 -19"><span class='ocrx_word' id='word_1_824' title='bbox 2089 5487 2330 5555; x_wconf 84' lang='lat' dir='ltr'>(t)Allat.</span> <span class='ocrx_word' id='word_1_825' title='bbox 2365 5488 2534 5543; x_wconf 80' lang='lat' dir='ltr'>Diatr.</span> <span class='ocrx_word' id='word_1_826' title='bbox 2569 5496 2630 5543; x_wconf 85' lang='lat' dir='ltr'>de</span> <span class='ocrx_word' id='word_1_827' title='bbox 2659 5489 2885 5542; x_wconf 77' lang='lat' dir='ltr'>Met/ted.</span> <span class='ocrx_word' id='word_1_828' title='bbox 2917 5491 3119 5558; x_wconf 80' lang='lat' dir='ltr'>script.,</span> <span class='ocrx_word' id='word_1_829' title='bbox 3156 5487 3364 5557; x_wconf 62' lang='lat' dir='ltr'>p.341.</span> 
     </span>
    </p>
   </div>
   <div class='ocr_carea' id='block_1_109' title="bbox 2093 5558 3266 5628">
    <p class='ocr_par' dir='ltr' id='par_1_109' title="bbox 2093 5558 3266 5628">
     <span class='ocr_line' id='line_1_112' title="bbox 2093 5558 3266 5628; baseline -0.001 -18"><span class='ocrx_word' id='word_1_830' title='bbox 2093 5560 2171 5628; x_wconf 74' lang='grc' dir='ltr'>(τι)</span> <span class='ocrx_word' id='word_1_831' title='bbox 2201 5558 2446 5614; x_wconf 87' lang='lat' dir='ltr'>Combef.</span> <span class='ocrx_word' id='word_1_832' title='bbox 2476 5561 2531 5613; x_wconf 93' lang='lat' dir='ltr'>in</span> <span class='ocrx_word' id='word_1_833' title='bbox 2561 5570 2672 5614; x_wconf 86' lang='lat' dir='ltr'>not.</span> <span class='ocrx_word' id='word_1_834' title='bbox 2694 5561 2759 5613; x_wconf 91' lang='lat' dir='ltr'>ad</span> <span class='ocrx_word' id='word_1_835' title='bbox 2780 5560 3034 5621; x_wconf 82' lang='lat' dir='ltr'>Method.,</span> <span class='ocrx_word' id='word_1_836' title='bbox 3062 5576 3113 5628; x_wconf 91' lang='lat' dir='ltr'>p.</span> <span class='ocrx_word' id='word_1_837' title='bbox 3145 5558 3266 5611; x_wconf 76' lang='grc'>475.</span> 
     </span>
    </p>
   </div>
   <div class='ocr_carea' id='block_1_110' title="bbox 2093 5626 3574 5699">
    <p class='ocr_par' dir='ltr' id='par_1_110' title="bbox 2093 5626 3574 5699">
     <span class='ocr_line' id='line_1_113' title="bbox 2093 5626 3574 5699; baseline -0.001 -17"><span class='ocrx_word' id='word_1_838' title='bbox 2093 5626 2375 5699; x_wconf 76' lang='lat' dir='ltr'>(r)Crets.</span> <span class='ocrx_word' id='word_1_839' title='bbox 2412 5640 2541 5685; x_wconf 90' lang='lat' dir='ltr'>tom.</span> <span class='ocrx_word' id='word_1_840' title='bbox 2580 5631 2621 5683; x_wconf 94' lang='lat' dir='ltr'>ll</span> <span class='ocrx_word' id='word_1_841' title='bbox 2654 5631 2726 5684; x_wconf 87' lang='lat' dir='ltr'>De</span> <span class='ocrx_word' id='word_1_842' title='bbox 2768 5650 2812 5687; x_wconf 81' lang='grc' dir='ltr'>ε.</span> <span class='ocrx_word' id='word_1_843' title='bbox 2858 5646 3026 5693; x_wconf 80' lang='lat' dir='ltr'>crure,</span> <span class='ocrx_word' id='word_1_844' title='bbox 3063 5626 3120 5697; x_wconf 85' lang='lat' dir='ltr'>p.</span> <span class='ocrx_word' id='word_1_845' title='bbox 3154 5627 3391 5682; x_wconf 69' lang='lat'>401—404</span> <span class='ocrx_word' id='word_1_846' title='bbox 3442 5626 3574 5682; x_wconf 87' lang='lat' dir='ltr'>edit.</span> 
     </span>
    </p>
   </div>
   <div class='ocr_carea' id='block_1_111' title="bbox 2019 5698 2576 5756">
    <p class='ocr_par' dir='ltr' id='par_1_111' title="bbox 2019 5698 2576 5756">
     <span class='ocr_line' id='line_1_114' title="bbox 2019 5698 2576 5756; baseline 0.005 -4"><span class='ocrx_word' id='word_1_847' title='bbox 2019 5698 2151 5754; x_wconf 75' lang='lat' dir='ltr'>nov.</span> <span class='ocrx_word' id='word_1_848' title='bbox 2174 5698 2384 5756; x_wconf 83' lang='lat' dir='ltr'>Ratisb.</span> <span class='ocrx_word' id='word_1_849' title='bbox 2422 5702 2576 5756; x_wconf 71' lang='lat' dir='ltr'>i754.</span> 
     </span>
    </p>
   </div>
   <div class='ocr_carea' id='block_1_112' title="bbox 2093 5768 3577 5841">
    <p class='ocr_par' dir='ltr' id='par_1_112' title="bbox 2093 5768 3577 5841">
     <span class='ocr_line' id='line_1_115' title="bbox 2093 5768 3577 5841; baseline -0.005 -13"><span class='ocrx_word' id='word_1_850' title='bbox 2093 5770 2168 5841; x_wconf 73' lang='grc' dir='ltr'>(ιτ)</span> <span class='ocrx_word' id='word_1_851' title='bbox 2216 5771 2381 5827; x_wconf 87' lang='lat' dir='ltr'>Allat.</span> <span class='ocrx_word' id='word_1_852' title='bbox 2439 5771 2616 5828; x_wconf 86' lang='lat' dir='ltr'>Diatr.</span> <span class='ocrx_word' id='word_1_853' title='bbox 2661 5772 2725 5828; x_wconf 86' lang='lat' dir='ltr'>dc</span> <span class='ocrx_word' id='word_1_854' title='bbox 2772 5771 3004 5827; x_wconf 69' lang='lat' dir='ltr'>Met/rod.</span> <span class='ocrx_word' id='word_1_855' title='bbox 3055 5772 3259 5839; x_wconf 81' lang='lat' dir='ltr'>script.,</span> <span class='ocrx_word' id='word_1_856' title='bbox 3308 5784 3426 5840; x_wconf 87' lang='lat' dir='ltr'>pag.</span> <span class='ocrx_word' id='word_1_857' title='bbox 3473 5768 3577 5823; x_wconf 66' lang='grc'>549</span> 
     </span>
    </p>
   </div>
   <div class='ocr_carea' id='block_1_113' title="bbox 2021 5860 2134 5908">
    <p class='ocr_par' dir='ltr' id='par_1_113' title="bbox 2021 5860 2134 5908">
     <span class='ocr_line' id='line_1_116' title="bbox 2021 5860 2134 5908; baseline -0.009 -9"><span class='ocrx_word' id='word_1_858' title='bbox 2021 5860 2112 5908; x_wconf 87' lang='lat' dir='ltr'>seq</span> <span class='ocrx_word' id='word_1_859' title='bbox 2122 5885 2134 5898; x_wconf 88' lang='lat'>.</span> 
     </span>
    </p>
   </div>
  </div>
