4056 6302
506 324 572 380 Π
1693 322 2027 379 VETERUM
2065 308 2500 381 TESTIMONIA.
2812 334 2819 341 -
3649 330 3717 385 is

508 465 530 500 ς
566 447 864 513 rissimum,
891 445 986 517 qui
1032 446 1134 503 sub
1175 445 1510 502 Diocletiano
1542 448 1790 518 martyrii
1822 449 2053 518 palmam

2162 448 2258 519 ρᾶς
2278 446 2439 513 ἕξεως
2463 450 2552 502 ἐπὶ
2575 450 2879 521 σκεδασμῷ,
2904 449 2965 504 τὸ
2990 450 3327 521 σταυροειδὲς
3353 451 3718 523 παραλαμϐα-

507 557 528 591 ι
563 539 789 610 adeptus
816 546 921 603 est,
941 555 1061 595 cum
1085 540 1183 594 iste
1198 546 1384 596 noster
1408 539 1715 594 meminerit
1739 540 2057 595 vexillorum

509 651 530 685 ς
566 646 597 686 a
625 631 951 688 Christianis
972 632 1385 702 imperatoribus
1399 633 1455 702 in
1473 632 1887 688 formamcrucis
1911 647 2060 688 com-

510 740 528 773 ι
570 730 899 777 mutatorum
928 741 941 776 :
969 722 1035 776 de
1061 737 1167 792 qua
1198 722 1494 777 mutatione
1513 723 1615 778 sub
1635 722 1961 779 Diocletiano
1992 740 2060 778 ne

509 830 529 881 ς
568 814 790 883 cogitari
815 813 1028 883 quidem
1050 821 1283 884 cteptum
1312 820 1450 879 erat,
1484 815 1735 871 omnibus
1763 816 1940 872 adhuc
1967 828 2075 888 pu-'

510 922 531 955 ¢
572 904 725 960 blicis
759 906 891 961 locis
913 906 980 960 ab
1005 906 1306 962 idoiolatria
1335 907 1632 976 occupatis.
1673 927 1691 960 ι

576 995 783 1062 Quibus
805 995 1032 1052 Allatius
1067 998 1278 1066 reponit
1312 1016 1325 1052 :
1367 1015 1386 1049 ‹
1421 997 1487 1050 Ει
1524 997 1880 1054 nihilominus
1918 998 2057 1053 idem

504 1085 787 1144 Gretserus
819 1090 1157 1158 apertissime
1188 1089 1319 1143 dicit
1342 1089 1438 1161 (y),
1466 1100 1592 1147 ante
1617 1090 2058 1154 Constantinum,

505 1190 749 1250 tempore
771 1180 989 1246 Justini,
1018 1180 1339 1238 Tertulliani
1360 1190 1414 1239 et
1463 1182 1686 1238 Minucii
1726 1182 1944 1248 Felicis,
1978 1199 2064 1239 ve-

507 1273 637 1327 xilla
659 1272 913 1326 militaria
937 1273 1049 1341 jam
1077 1274 1259 1330 crucis
1313 1278 1548 1344 spectem
1599 1274 1892 1330 retulisse:
1926 1274 2061 1330 adeo

510 1371 570 1420 ut
598 1364 688 1420 isti
716 1372 827 1419 tres
851 1366 1144 1434 scriptores
1188 1366 1446 1421 audacter
1474 1365 1708 1420 ethnicis
1738 1365 2058 1441 objecerint,

510 1459 657 1528 ipsos
711 1458 900 1519 eodem
957 1458 1184 1514 crimine
1242 1459 1418 1514 teneri
1448 1474 1572 1513 cum
1633 1457 1982 1521 Christianis,
2016 1459 2063 1512 si

506 1564 724 1605 crucem
782 1550 960 1606 colere
993 1550 1202 1605 crimen
1254 1558 1419 1618 esset,
1450 1559 1655 1605 cumet
1709 1550 1813 1621 ipsi
1841 1565 2061 1604 crucem

505 1642 685 1696 colant
706 1648 761 1697 et
793 1642 1040 1707 adorent,
1068 1642 1295 1698 colendo
1338 1649 1392 1697 et
1418 1642 1693 1698 adorando
1748 1641 1902 1712 signa
1929 1640 2067 1694 mili-

504 1733 662 1786 taria.
718 1731 784 1786 Et
830 1733 988 1804 longe
1034 1744 1158 1789 ante
1209 1733 1555 1789 Constantini
1609 1740 1820 1789 aetatem
1847 1742 2062 1788 exstare

505 1837 760 1878 nummos
816 1838 1068 1889 excusos,
1099 1823 1192 1893 qui
1234 1824 1428 1879 vexilla
1460 1823 1712 1877 militaria
1778 1823 1833 1875 in
1880 1822 2061 1877 crucis
2091 1802 2133 1857 Β

504 1912 742 1984 speciem
763 1913 1038 1969 eﬁormata
1068 1922 1428 1970 continerent.
1466 1913 1603 1968 Hinc
1629 1923 1858 1968 conatur
1909 1924 2062 1982 post-

502 2001 724 2057 modum
749 2003 1098 2073 respondere,
1129 2002 1401 2073 quomodo
1430 2002 1823 2057 Constantinus
1852 2001 2065 2074 dicatur

502 2092 774 2153 Labarum
798 2096 851 2151 in
884 2111 1104 2151 crucem
1140 2103 1525 2158 commutasse,
1556 2095 1601 2148 si
1625 2094 1778 2165 signa
1808 2093 2064 2147 militaria

503 2183 656 2254 prius
682 2182 907 2239 formam
927 2185 1107 2239 crucis
1137 2200 1246 2254 pra:
1272 2199 1330 2239 se
1353 2183 1615 2238 ferebant.

571 2274 729 2342 Quod
759 2276 804 2330 si
836 2276 1008 2331 multo
1037 2284 1163 2332 ante
1195 2275 1539 2332 Constantini
1559 2282 1773 2330 :etatem
1808 2273 2065 2328 militaria

504 2369 700 2424 vexilla
726 2370 1066 2424 ethnicorum
1090 2367 1314 2439 ﬁguram
1345 2370 1524 2423 crucis
1562 2383 1670 2438 prae
1700 2383 1759 2424 se
1796 2366 2062 2430 ferebant,

506 2456 679 2526 potuit
706 2457 990 2511 commode
1022 2455 1336 2514 Patarensis
1382 2456 1685 2514 Mcthodius
1737 2472 1922 2512 eorum
1942 2473 2066 2513 .me-

507 2548 759 2612 minisse;
816 2563 991 2618 neque
1038 2550 1108 2604 ob
1152 2549 1296 2605 banc
1352 2565 1574 2606 causam
1622 2550 1712 2605 illa
1766 2549 2064 2621 fragmenta

511 2635 784 2693 Methodio
832 2639 1148 2710 deneganda
1205 2648 1355 2707 sunt,
1394 2657 1518 2696 cum
1559 2657 1625 2696 ex
1681 2641 1853 2711 ipsius
1884 2643 2062 2697 verbis

510 2728 658 2783 nullo
688 2729 848 2784 modo
874 2731 1121 2784 eliciatur
1148 2746 1273 2786 eum
1299 2732 1365 2787 de
1417 2731 1747 2787 Christianis
1771 2733 2066 2803 imperato-

506 2822 659 2878 ribus
700 2824 861 2879 verba
922 2823 1115 2880 facere.
1164 2824 1338 2880 Locus
1380 2822 2060 2897 Mcthodianusejusmodi

505 2922 589 2971 est
620 2914 694 2989 (ι)
725 2934 739 2971 :
800 2915 1077 2972 Ἐντεῦθεν
1118 2918 1165 2970 οἱ
1208 2918 1334 2989 τῇδε
1375 2916 1644 2988 βασιλεῖς,
1678 2918 1859 2990 πάσης
1896 2934 2062 2988 πονη-

2157 538 2661 611 νεσθαιάῑσθόμενοι
2685 541 2888 614 σχῆμα,
2910 539 2979 594 τὰ
3013 541 3316 613 καλούμενα
3333 546 3398 614 τῇ
3442 543 3719 614 Ῥωμαῖκῆ

2159 631 2418 702 διαλέκτῳ
2470 631 2690 703 βήξιλλα
2736 634 3167 705 ἐμηχανήσαντο,
3213 650 3269 687 κ.
3291 652 3341 687 τ.
3364 633 3415 687 λ.
3446 631 3561 688 Hoc
3586 640 3672 689 est
3688 624 3714 688 ’ς

2166 721 2304 774 Hinc
2324 724 2658 792 imperatores
2706 726 2797 795 qui
2848 725 2986 779 hisce
3014 725 3071 778 in
3104 724 3232 779 locis
3266 726 3542 793 imperant,
3603 725 3719 782 sive

2161 814 2325 868 etiam
2354 815 2401 870 si
2426 815 2528 882 vis,
2554 817 2721 871 nostri
2765 817 2981 888 (nempe
3011 817 3103 887 qui
3152 817 3309 873 nobis
3330 817 3715 883 dominantur;

2162 902 2306 971 quod
2334 911 2511 972 potest
2532 905 2757 976 intelligi
2781 907 2943 960 etiam
2989 906 3056 961 de
3085 906 3321 961 ethnicis
3357 925 3371 960 :
3416 905 3717 960 Christiani

2160 995 2304 1048 enim
2360 1004 2483 1051 ante
2538 996 2956 1052 Constantinum
3006 997 3424 1069 imperatoribus
3486 996 3717 1052 ethnicis

2162 1084 2525 1141 subdebantur
2548 1089 2762 1158 illisque
2786 1090 3152 1163 obediebant),
3181 1107 3296 1145 cum
3327 1090 3554 1144 viderent
3583 1091 3718 1160 ﬁgu-

2162 1201 2280 1239 ram
2329 1184 2499 1235 crucis
2555 1183 2766 1236 assumi
2805 1182 2874 1236 ad
2920 1183 3162 1238 universa
3213 1182 3358 1236 mala
3383 1180 3746 1251 dissipandap

2163 1293 2277 1349 qua:
2315 1274 2550 1329 Romano
2587 1290 2824 1327 sermone
2851 1274 3047 1328 vexilla
3096 1283 3482 1343 nuncupantur,
3512 1274 3718 1342 excogi-

2165 1374 2364 1433 tarunt,
2393 1377 2496 1421 etc.
2527 1363 2681 1420 Licet
2704 1380 2835 1434 ergo
2859 1365 3041 1420 omnia
3096 1365 3218 1420 loca
3250 1366 3353 1423 sub
3384 1365 3714 1421 Diocletiano

2164 1458 2468 1515 idololatria
2496 1465 2807 1527 occuparet,
2839 1455 3044 1510 ethnici
3072 1470 3139 1510 ex
3160 1471 3309 1512 more
3330 1472 3451 1524 suo,
3471 1457 3718 1512 nescien-

2165 1561 2246 1607 tes
2274 1550 2403 1620 quid
2432 1547 2688 1613 facerent,
2721 1547 2915 1603 vexilla
2945 1546 3221 1601 eﬁ‘ormata
3256 1548 3314 1602 in
3336 1548 3561 1601 formam
3592 1562 3717 1602 cru-

2165 1642 2245 1698 cis
2275 1641 2666 1707 conﬁciebant;
2698 1656 2927 1710 quorum
2980 1656 3102 1710 0pc,
3140 1639 3292 1710 signo
3349 1654 3538 1708 nempe
3571 1653 3633 1692 ac
3656 1638 3718 1693 ﬁ-

2166 1750 2297 1804 gura
2317 1735 2517 1797 crucis,
2554 1742 2613 1787 ut
2634 1732 2935 1787 Christiani
2966 1732 3157 1787 Patres
3202 1730 3714 1800 interpretabantur,

2162 1824 2323 1879 noxia
2359 1825 2735 1891 amolirentur,
2796 1834 2849 1880 et
2870 1832 3069 1880 cuncta
3116 1839 3375 1895 prospera
3420 1839 3720 1893 conseque-

2161 1924 2368 1971 rentur.
2400 1915 2490 1970 Sic
2516 1917 2708 1970 horum
2726 1916 3147 1988 fragmentorum
3179 1932 3287 1971 non
3314 1924 3398 1973 est
3429 1932 3526 1971 cur
3552 1916 3717 1970 alium

2166 2004 2494 2059 Methodium
2552 2020 2582 2058 a
2641 2004 2923 2060 Patarensi
2981 2019 3288 2075 quaeramus
3335 2014 3631 2059 auctorem.
3692 2023 3712 2056 ι

2165 2089 2441 2144 Hactenus
2487 2089 2737 2147 Allatius.
2781 2092 2980 2145 Allatio
3013 2093 3278 2146 accedunt
3335 2092 3716 2149 Tillemontius

2167 2179 2267 2254 (a),
2307 2189 2359 2236 et
2387 2180 2596 2237 Caveus
2627 2181 2721 2253 (b).
2756 2182 2825 2235 At
2855 2181 3138 2237 Fabricius
3166 2183 3307 2237 hanc
3332 2185 3605 2239 homiliam
3643 2185 3744 2240 De.

2164 2290 2316 2328 cruce
2340 2273 2610 2329 Methodio
2632 2273 2735 2328 CP.
2754 2273 3131 2346 attribuit.(c);
3165 2275 3370 2328 nullum
3393 2284 3572 2331 tamen
3597 2276 3719 2332 alle-

2164 2382 2292 2421 rens
2320 2374 2717 2438 argumentum,
2745 2382 2853 2438 quo
2877 2383 3030 2423 suam
3060 2368 3395 2423 sententiam,
3414 2368 3713 2425 conﬁrmet.

2234 2458 2406 2529 Atque
2428 2459 2542 2514 haec
2568 2459 2636 2515 de
2670 2475 2866 2531 magno
2888 2458 3164 2515 Methodio
3197 2461 3450 2532 episcopo
3480 2469 3533 2516 et
3580 2477 3718 2516 mar-

2164 2558 2282 2623 tyre
2340 2552 2494 2607 satis.
2548 2552 2631 2607 Ad
2677 2551 2884 2627 reliqua
2932 2533 3074 2606 enim
3121 2552 3364 2621 subjecta
3419 2551 3717 2623 fragmenta

2164 2643 2309 2714 quod
2355 2643 2567 2707 attinet,
2620 2643 2754 2697 nihil
2800 2648 2885 2698 est
2905 2658 2961 2696 1n
2995 2652 3246 2713 promptu
3297 2643 3439 2714 quod
3468 2642 3716 2714 profera-

2164 2752 2306 2800 mus,
2345 2745 2538 2809 praeter
2565 2743 2847 2790 auctorum
2883 2736 3376 2792 ecclesiasticornm
3418 2737 3536 2791 loca
3574 2736 3718 2793 unde

2165 2830 2256 2885 illa
2277 2830 2686 2901 descripsimus,
2719 2845 2839 2900 quae
2873 2830 3165 2901 unicuique
3208 2828 3528 2900 praeﬁgenda
3561 2845 3718 2884 cura-

2166 2940 2361 2980 Vtmus.

599 3090 652 3160 y)
683 3090 861 3149 Grets.
890 3100 1020 3147 tom.
1055 3092 1076 3146 Ι
1137 3093 1209 3147 De
1242 3110 1410 3160 cruce,
1443 3095 1537 3151 lib.
1564 3110 1624 3160 ll,
1656 3109 1772 3164 cap.
1801 3096 1890 3150 59.
2237 3100 2290 3163 ib
2350 3102 2494 3184 Cav._
2517 3101 2656 3183 Hist.
2692 3102 2794 3155 litt.
2829 3101 2894 3155 ad
2921 3115 3048 3154 ann.
3075 3099 3201 3164 290,
3237 3114 3289 3169 p.
3320 3099 3438 3154 155.

599 3160 646 3245 ιὶ
681 3162 914 3245 Εεείιοά·
939 3163 1079 3245 9,0!"-
1106 3163 1169 3217 άα
1195 3180 1367 3245 οτηερ.
1483 3234 1572 3245 ___
2235 3103 2312 3245 (ei
2337 3171 2551 3227 Fabric.
2590 3173 2732 3227 Bibl.
2764 3169 2857 3226 Gr.
2883 3181 3013 3226 tom.
3042 3168 3111 3237 γ,
3144 3186 3199 3241 ρ.
3232 3170 3360 3224 260.

598 3160 646 3244 ι)
681 3162 1367 3244 ᾕξμιοάοέιρρι-άασνηςρο
1483 3234 1572 3244 ___
1725 3160 1737 3164 ’
2235 3160 2306 3244 (c5
2337 3171 2551 3227 Fabric.
2590 3173 2732 3227 Bibi.
2764 3169 2857 3226 Gr.
2883 3181 3013 3226 tom.
3042 3168 3111 3237 γ,
3144 3160 3199 3241 p;
3232 3160 3360 3224 960.

595 3231 648 3301 a)
683 3230 889 3288 Tillem.
928 3231 1089 3288 Hem.
1126 3244 1256 3290 tom.
1286 3233 1353 3302 ν,
1383 3250 1438 3306 p.
1469 3234 1574 3289 472
1607 3250 1721 3307 seq.

1416 3485 1992 3578 VETEBUM
2064 3485 2812 3577 TESTIMONIA

1333 3686 1422 3741 DE
1482 3684 1539 3743 S.
1607 3683 1960 3741 METHODIO
2021 3683 2353 3740 EPISCOPO
2408 3684 2495 3740 ET
2561 3684 2913 3741 MARTYRE.

1095 4028 1154 4084 S.
1182 4027 1531 4085 Hisnouruus
1565 4026 1641 4083 De
1667 4030 1769 4086 vir.
1792 4029 1989 4085 illustr.
2010 4043 2124 4082 can.
2149 4027 2239 4093 85,
2267 4040 2384 4080 cum
2423 4034 2586 4079 vetere
2614 4024 2888 4095 interprete
2914 4022 3118 4081 Crwco.

574 4142 829 4206 Μεθόδιος
878 4141 951 4215 (a)
992 4142 1261 4215 Ὀλύμπου
1311 4144 1533 4209 Λυκίας,
1582 4146 1675 4199 καὶ
1725 4144 1860 4216 μετὰ
1890 4143 2059 4199 ταῦτα

2232 4140 2558 4203 Methodius,
2588 4138 2800 4210 Olympi
2829 4138 3007 4211 Lycia:
3028 4146 3083 4194 et
3123 4146 3307 4210 postea
3334 4139 3464 4213 Tyri
3502 4145 3714 4216 episoo-

504 4236 679 4307 Τύρου
728 4233 1039 4300 ἐπίσκοπος,
1070 4233 1320 4307 λαμπροῦ
1362 4236 1457 4290 καὶ
1506 4236 1859 4308 συγκειμένου
1904 4236 2068 4305 λόγου.

2163 4251 2286 4307 pus,
2310 4233 2465 4287 nitidi
2504 4232 2899 4301 compositique
2929 4232 3199 4288 sermonis
3220 4271 3234 4299 ,
3273 4234 3549 4288 adversum
3580 4229 3722 4283 Por-

503 4326 652 4380 κατὰ
688 4326 1023 4395 Πορφυρίου
1063 4326 1316 4392 συνέταξε
1354 4327 1516 4399 τεύχη
1538 4344 1551 4357 ·
1588 4328 1680 4381 καὶ
1717 4328 2064 4397 Συμπόσιον

502 4415 646 4471 δέκα
683 4415 991 4484 παρθένων
1005 4432 1022 4446 ο
1067 4417 1206 4485 Περὶ
1248 4417 1632 4484 ἀναστάσεως
1656 4418 1809 4488 λόγον
1843 4418 2062 4491 ἄριστον

503 4507 643 4561 κατὰ
680 4508 984 4579 Ὦριγένους
1006 4525 1021 4539 ο
1071 4508 1212 4562 κατὰ
1248 4508 1340 4563 τοῦ
1386 4508 1547 4563 αὐτοῦ
1584 4511 1725 4579 Περὶ
1752 4513 2059 4566 Πυθωνίσ-

503 4609 638 4661 σης,
664 4596 756 4648 καὶ
780 4596 918 4665 Περὶ
949 4596 1340 4662 αὐτεξουσίου
1359 4616 1372 4629 ·
1403 4602 1489 4666 εἰς
1533 4599 1647 4669 τὴν
1687 4603 1942 4655 Γένεσίν
1977 4620 2055 4669 τε,

504 4685 596 4737 καὶ
620 4687 705 4752 εὶς
748 4686 820 4740 τὰ
847 4688 1106 4757 ᾊσματα
1148 4687 1265 4742 τῶν
1310 4688 1591 4758 ᾀσμάτων
1627 4690 2054 4761 Ὑπομνήματα,

576 4817 649 4888 (a)
694 4817 1031 4889 Eademfere
1084 4836 1147 4875 ac
1169 4821 1360 4877 iisdem
1385 4823 1559 4878 verbis
1608 4823 1823 4889 Suidas,
1853 4827 2058 4881 exscri-

505 4888 638 4944 bens
662 4896 713 4966 et
733 4892 848 4966 ipse
863 4888 1280 4966 Hieronymum;
1307 4900 1514 4966 tantum
1536 4894 1732 4966 adjecit
1755 4888 1820 4948 ad
1848 4897 2058 4966 Ὀλύμ-

506 4971 624 5034 {Iov
651 4960 873 5025 Λυκίας
911 4962 1002 5026 τὸ,
1042 4960 1174 5034 ἤτοι
1225 4961 1526 5031 Πατάρων.
1560 4960 1884 5034 Signilicans
1905 4960 2056 5021 eain-

508 5030 626 5108 detn
689 5037 918 5098 utroque
973 5033 1188 5108 nonnine
1236 5030 1410 5108 notari
1465 5030 1756 5108 civitatem,
1806 5038 1964 5105 cujus
1988 5037 2054 5100 is,

507 5101 820 5177 priusquam
845 5101 1466 5177 transferre_t_ur_'l‘yrum,
1488 5105 1854 5177 episcopatum
1873 5101 2058 5176 gesse-

507 5171 579 5246 rit
603 5187 617 5222 :
644 5183 759 5246 nec‘
762 5184 883 5246 esse
915 5171 1078 5246 alium
1129 5171 1459 5246 Methodium
1494 5171 1654 5246 quem
1673 5171 2056 5246 Hieronymus

503 5235 702 5318 digerit
721 5236 952 5318 Olympi,
971 5249 1214 5318 e_t_quetn
1238 5242 1408 5318 Graeci
1438 5235 1722 5318 celebrant
1738 5235 2057 5318 Patararum

503 5309 841 5385 episcopum.
873 5308 1246 5385 Equidemne
1260 5314 1549 5385 vestigium
1578 5317 1726 5383 potui
1754 5316 2057 5385 deprehen-

505 5379 633 5458 dere
658 5379 796 5458 novi
827 5378 988 5458 hujus
1040 5382 1293 5458 Methodii
1321 5378 1627 5458 Halat-ensis
1671 5378 1870 5458 diversi
1900 5402 1929 5458 a
1952 5386 2059 5458 Ty-

506 5448 618 5514 rio;
654 5448 1016 5521 tribuentibus
1041 5452 1238 5521 ubique
1267 5455 1547 5509 codicibus
1579 5454 1849 5511 Methodio
1899 5448 2058 5510 Pata-

506 5532 672 5591 renisu,
702 5534 835 5591 quae
864 5518 1224 5591 Hieronymus
1276 5525 1465 5577 tribuit
1503 5539 1601 5579 suo
1655 5526 1729 5578 illi
1785 5525 2055 5581 Methodio

503 5585 746 5667 Olympi,
787 5603 851 5643 ac
894 5585 1085 5667 postea
1130 5589 1415 5667 Tyr_io.lta
1461 5604 1656 5667 praeter
1681 5598 1817 5651 alios
1854 5597 2055 5667 passim

502 5654 868 5714 Da'ma'scenus
894 5654 954 5714 in
984 5654 1267 5715 Elementis
1306 5654 1719 5720 eminentissimi
1763 5654 2057 5721 cardinalis

506 5723 900 5784 Runiiucaldii:
933 5732 1238 5795 mirumque
1270 5733 1534 5797 videatur,
1570 5744 1623 5789 ut
1662 5736 1855 5799 Graeci.
1889 5737 2059 5793 solius

2161 4327 2407 4398 pligrium
2438 4321 2670 4378 confecit
2701 4322 2871 4378 libros
2897 4331 2985 4391 ;et
3017 4322 3351 4394 Symposium
3398 4323 3572 4377 decem
3609 4326 3716 4379 vir-

2159 4421 2336 4490 ginum
2352 4432 2373 4482 ;
2400 4416 2478 4471 De
2520 4416 2899 4471 resurrectione
2918 4431 3054 4485 opus
3076 4416 3351 4486 egregium
3382 4424 3572 4471 contra
3600 4414 3718 4474 Ori-

2161 4524 2382 4579 genem:
2408 4514 2463 4561 et
2484 4506 2745 4562 adversus
2772 4505 3021 4560 eumdem
3045 4504 3108 4558 de
3143 4505 3478 4574 Pgthonissa,
3503 4516 3558 4561 et
3577 4507 3727 4575 Περὶ

2162 4595 2581 4661 αὐτεξουσίου.
2629 4594 2696 4647 1η
2738 4593 2977 4649 Genesim
3034 4609 3252 4664 quoque
3297 4603 3350 4650 et
3389 4596 3444 4649 in
3493 4595 3718 4651 Cantica

2164 4689 2488 4743 mutilorum
2528 4688 2962 4752 commentarios;
2987 4695 3042 4742 et
3073 4689 3243 4742 multa
3268 4688 3373 4742 alia
3410 4704 3531 4759 quae
3555 4689 3717 4762 vulgo

2162 4825 2474 4880 Patarensis
2516 4823 2851 4879 obscurioris
2902 4825 3219 4879 memoriam
3270 4826 3568 4881 solemnem
3618 4827 3719 4881 ha-

2163 4896 2344 4970 beant,
2376 4894 2963 4970 nus_quatn_vero__apud
2985 4902 3275 4970 eosﬁexstet
3303 4900 3560 4970 memoria
3613 4897 3721 4970 Ty-

2164 4966 2250 5029 rii,
2284 4968 2329 5020 si
2358 4966 2695 5035 quidemille
2757 4965 2895 5019 alius
2924 4972 3027 5019 est.
3064 4964 3498 5035 Quareeastimo
3546 4964 3718 5025 levius

2164 5033 2546 5110 pronuntiasse
2572 5034 2864 5110 Daronium
2914 5036 2980 5089 ad
3011 5033 3605 5110 notasullartyrolaad
3639 5041 3719 5093 al-

2164 5104 2335 5160 terum
2384 5106 2711 5159 Methodium
2742 5104 3422 5175 Constantinopolitanum,
3468 5109 3535 5161 M
3566 5109 3716 5175 Jun.,

2162 5177 2291 5230 dum
2328 5193 2392 5235 ex
2443 5177 2590 5231 brevi
2628 5176 2715 5228 illa
2751 5176 3005 5230 citatione
3031 5175 3370 5243 Damasceni,
3402 5189 3538 5232 orat.
3578 5180 3612 5232 5
3643 5178 3722 5232 De

2163 5247 2322 5315 imag.
2353 5246 2603 5320 Methodii
2633 5244 2944 5320 Batarensis
2974 5252 3040 5320 et
3065 5250 3341 5320 martyris,
3380 5263 3578 5320 novum
3613 5249 3721 5320 sibi

2162 5317 2419 5385 contingit
2442 5315 2790 5371 Methodium.
2815 5315 3369 5387 Hesychius-Pataras
3398 5318 3583 5387 urbem
3608 5317 3719 5373 Pa«

2164 5388 2303 5440 tarin
2327 5395 2503 5450 vocat,
2535 5400 2643 5456 quo
2670 5386 2832 5440 etiam
2874 5387 3091 5457 nomine
3134 5399 3378 5442 montem
3445 5386 3717 5457 nominat;

2161 5474 2261 5528 ego
2281 5459 2533 5528 eumdem
2552 5455 2871 5528 putoatquc
2895 5455 3201 5527 Olympum,
3254 5459 3423 5528 Lyciae
3455 5455 3716 5528 montem.

2162 5526 2321 5596 cujus
2346 5529 2459 5596 ipse
2492 5526 2793 5582 Methodius
2847 5536 2904 5580 ut
2956 5526 3241 5582 familiaris
3273 5526 3326 5596 iit
3358 5529 3496 5580 libro
3525 5526 3602 5581 De
3636 5546 3692 5584 re

2163 5593 2382 5651 surrect:
2440 5598 2705 5660 meminit,
2748 5614 2777 5650 a
2820 5614 2928 5667 quo
2978 5596 3247 5667 etcivitas
3294 5593 3552 5666 Olympus
3575 5600 3720 5652 dicta

2163 5669 2268 5732 sit;
2296 5683 2395 5723 nec
2420 5667 2564 5721 aliud
2587 5684 2647 5722 ea
2672 5668 2739 5721 de
2764 5684 2820 5723 re
2838 5666 3160 5722 certioribus
3196 5668 3560 5722 monumentis
3592 5668 3721 5721 hac-

2164 5745 2321 5794 tenus
2344 5738 2600 5795 occurrit.
2628 5740 2902 5795 COIBEHS.
