4056 6302
457 295 524 354 21
1634 299 1964 361 VETERUM
2004 305 2440 368 TESTlMONlA.
3629 337 3701 392 22

2033 445 2124 502 ιγ.

1258 555 1509 614 Axenus
1537 555 1903 617 Casamsasm
1931 562 1984 618 in
2008 564 2231 635 Apocal.
2259 564 2528 632 sam/ll,
2563 586 2679 641 cap.
2715 573 2802 628 55.

528 669 586 724 '0
627 668 685 724 δέ
732 669 903 742 μέγας
945 670 1202 736 Μεθόδιος
1245 676 1323 739 εἰς
1364 675 1464 747 τὴν
1498 676 1658 744 ἁγίαν
1696 679 2021 750 Ἐκκλησίαν

2193 685 2254 738 At
2289 700 2516 755 magnus
2556 687 2861 748 Methodius
2907 693 2974 749 ad
3019 694 3318 754 Ecclesiam
3363 700 3589 768 retulit,
3637 702 3693 757 in

448 761 719 829 ἐξέλαϐεν,
763 765 1073 836 ἀνάρμοστα
1098 769 1163 837 τῇ
1196 767 1484 840 δεσποτικῇ
1518 771 1768 841 γεννήσει
1796 772 1861 826 τὰ
1892 775 2018 844 περὶ

2125 775 2418 833 Dominicae
2444 780 2741 838 nativitatis
2757 786 3074 856 mysterium
3095 804 3288 859 parum
3305 805 3367 846 ea
3397 794 3693 850 convenire

449 854 618 924 αὐτῆς
645 856 1005 927 ἡγησάμενος,
1035 857 1121 911 διά
1148 859 1208 912 τὸ
1249 859 1348 930 ἤδη
1388 861 1492 932 πρὸ
1532 861 1726 916 πολλοῦ
1769 864 2018 935 τετέχθαι

2124 872 2278 920 ratus
2303 882 2422 937 qua:
2444 867 2546 922 hoc
2585 870 2705 926 loco
2730 873 2796 928 de
2817 854 2918 930 illo
2951 854 3249 933 narrantur
3279 899 3294 934 :
3329 883 3563 939 maxime
3594 900 3688 940 ve-

448 945 539 999 τὸν
566 945 766 1018 Κύριον
792 947 965 1018 ἡμῶν.
995 948 1171 1002 Καλὸν
1203 949 1259 1003 δὲ
1293 953 1386 1004 καὶ
1411 953 1590 1005 αὐτῶν
1619 954 1727 1008 τῶν
1761 957 2018 1026 ῥημάτων

2123 973 2183 1012 ro
2206 959 2351 1027 quod
2380 957 2641 1018 Dominus
2667 975 2850 1021 noster
2884 967 3088 1022 dudum
3112 979 3237 1026 ante
3270 972 3595 1042 patefactam
3618 977 3689 1031 lia

446 1037 541 1092 τοῦ
577 1038 846 1108 μακαρίου
888 1039 1149 1093 Μεθοδίου
1194 1043 1516 1114 μεμνῆσθαι,
1544 1045 1602 1108 ὃς
1629 1063 1791 1114 φησιν
1835 1051 1892 1100 ἐν
1940 1048 2016 1120 τῷ

2120 1048 2201 1102 bri
2232 1049 2395 1119 hujus
2437 1053 2777 1124 prophetiam
2812 1067 2973 1114 natus
3010 1059 3192 1117 fuerit.
3224 1037 3295 1117 At
3319 1064 3548 1136 ipsamet
3574 1065 3686 1122 Me-

445 1129 719 1202 λεγομένῳ
764 1133 1086 1200 Συμποσίῳ
1130 1135 1194 1187 ἐκ
1233 1135 1522 1206 προσώπου
1563 1138 1810 1210 Πρόκλης
1863 1139 2016 1212 (lege

2115 1140 2288 1195 thodii
2312 1142 2474 1197 verba
2503 1145 2559 1198 in
2609 1147 2852 1204 medium
2897 1151 3088 1207 all‘erre
3141 1155 3307 1210 lubet.
3338 1129 3442 1212 llic
3467 1173 3596 1229 ergo
3626 1159 3683 1216 in

448 1221 760 1292 Προκίλλης)
791 1222 989 1287 οὕτως’
1039 1225 1099 1281 Ἠ
1122 1226 1296 1294 γυνὴ,
1326 1227 1419 1280 καὶ
1447 1228 1512 1281 τὰ
1538 1228 1682 1300 ἑξῆς.

2115 1239 2346 1286 tractatu
2371 1247 2534 1301 quem
2552 1233 2864 1308 Symposion
2888 1238 3187 1314 inscripsit,
3199 1257 3266 1300 ex
3283 1257 3519 1314 persona
3531 1221 3678 1306 ‘Pro-

2111 1321 2250 1376 cilia:
2279 1322 2503 1393 virginis
2537 1326 2611 1379 ita
2643 1327 2836 1384 scribit
2870 1349 2883 1384 :
2912 1330 3130 1396 Mulier,
3151 1336 3257 1390 etc.

2041 1433 2102 1490 V.

1397 1549 1653 1603 Ans'ruas
1688 1551 1744 1604 in
1778 1551 2000 1623 Apocal.
2033 1571 2146 1620 cap.
2180 1557 2270 1622 55,
2300 1575 2421 1630 pag.
2458 1561 2579 1617 752.

514 1664 726 1738 Ἔτεροι
754 1663 811 1718 δὲ
840 1668 934 1719 καὶ
958 1664 1118 1720 πάλιν
1146 1665 1347 1738 ταύτην
1373 1667 1472 1739 τὴν
1495 1667 1728 1737 γυναῖκα
1748 1671 1845 1741 τὴν
1884 1667 2005 1724 Ἐκ-

2180 1673 2418 1730 Rursum
2470 1691 2597 1732 vero
2647 1677 2739 1732 alii
2767 1678 2908 1736 hanc
2951 1679 3232 1736 mulierem
3273 1679 3527 1736 dixerunt
3554 1695 3677 1736 esse

441 1757 660 1828 κλησίαν
693 1756 898 1827 ἔφασαν
921 1754 1077 1824 εἶναι,
1107 1759 1230 1838 ἥτις
1255 1760 1346 1813 τὸν
1375 1759 1471 1830 τῆς
1495 1759 1838 1831 δικαιοσύνης
1856 1761 2005 1832 ἥλιον

2110 1764 2429 1833 Ecclesiam,
2478 1785 2600 1840 quae
2632 1772 2748 1827 sole
2773 1771 3002 1842 justitia:
3030 1772 3253 1829 Christo
3309 1773 3507 1843 stipata
3555 1782 3677 1838 est,

439 1850 666 1921 Χριστὸν
696 1850 1102 1923 περιϐέϐληται,
1138 1853 1230 1904 καὶ
1255 1853 1352 1922 τὴν
1378 1851 1604 1923 σελήνην
1632 1854 1731 1924 τὴν
1753 1854 2003 1921 Συναγω-

2107 1863 2160 1910 et
2185 1856 2390 1922 lunam,
2419 1857 2475 1912 id
2497 1869 2580 1914 est
2611 1859 2971 1933 Synagogam,
2994 1863 3096 1918 sub
3125 1862 3352 1933 pedibus
3380 1863 3522 1932 ejus,
3554 1870 3679 1918 tan-

444 1941 536 2014 τὴν
571 1944 826 1998 ὑποκάτω
853 1944 962 1998 τῶν
996 1943 1170 1998 ποδῶν
1210 1945 1285 2008 ὡς
1313 1945 1414 2016 ἤδη
1452 1945 1850 1999 παλαιωθεῖσαν
1882 1947 2006 2017 ἔθη-

2105 1958 2270 2016 quam
2294 1948 2409 2017 jam
2442 1951 2798 2006 vetustiorem
2828 1951 3076 2008 ellectam
3106 1956 3312 2025 posuit.
3343 1953 3410 2008 Et
3432 1970 3553 2024 quae
3583 1969 3675 2011 se-

436 2053 515 2092 ιιε.
548 2035 659 2089 Καὶ
691 2036 760 2091 τὰ
805 2036 932 2108 ἐξῆς
962 2037 1140 2091 πάντα
1170 2036 1459 2109 ἁρμοδίως,
1509 2039 1584 2101 ὡς
1627 2039 1879 2109 Ἀνδρέας
1910 2039 2004 2092 καὶ

2109 2045 2350 2109 quuntur
2381 2041 2565 2094 omnia
2606 2057 2848 2114 congruo
2877 2045 3038 2102 modo
3087 2047 3434 2116 adaptarunt,
3467 2054 3528 2102 ut
3555 2047 3673 2102 An-

435 2127 716 2194 Μεθόδιος.

2109 2129 2270 2187 dreas
2299 2139 2352 2186 et
2380 2131 2708 2192 Methodius.

2006 2239 2096 2296 Vl.

1305 2360 1577 2418 LEONTIUS
1606 2359 1932 2425 Brzmnus,
1961 2359 2052 2415 lib.
2097 2359 2170 2416 De
2191 2363 2378 2430 sectis,
2405 2370 2511 2416 act.
2543 2377 2627 2416 ιιι.

513 2474 787 2542 Ἐγένοντο
827 2475 885 2529 δὲ
931 2477 989 2528 ἐν
1019 2478 1130 2538 τοίς
1157 2475 1369 2548 χρόνοις
1413 2478 1523 2538 τοῖς
1551 2476 1657 2530 άπὸ
1687 2476 1785 2547 τῆς
1816 2474 2007 2545 γεννή-

2176 2479 2203 2530 lt
2220 2484 2417 2532 uerunt
2458 2486 2638 2532 autem
2672 2477 2728 2532 in
2756 2479 3092 2549 temporibus
3112 2493 3143 2532 a
3159 2476 3362 2534 Christi
3385 2479 3668 2539 nativitate

435 2583 570 2629 οεως
593 2565 687 2618 τοῦ
720 2565 953 2638 Χριστοῦ
986 2568 1144 2638 μέχρι
1176 2569 1273 2638 τῆς
1299 2567 1568 2638 βασιλείας
1594 2566 2002 2622 Κωνσταντίνου

2103 2568 2354 2639 usquead
2373 2569 2656 2640 imperium
2672 2571 3019 2626 Constantini
3035 2570 3287 2628 doctores
3302 2572 3357 2626 hi
3373 2579 3426 2627 et
3441 2571 3662 2631 Patres:

435 2656 738 2711 διδάσκαλοι
789 2659 881 2711 καὶ
931 2658 1174 2731 Πατὲρες
1220 2660 1623 2728 οϊδε,ἰγνάτιος
1657 2662 1686 2713 ό
1726 2659 1998 2730 θεοφόρος,

2101 2658 2726 2733 lgnatiusTheophorus,
2749 2661 3006 2727 lrenaeus,
3020 2661 3291 2728 Justinus,
3309 2664 3664 2736 philosophus

434 2748 736 2819 Εἰρηναῖος,
755 2749 1036 2814 Ἰουστῖνος
1067 2750 1352 2822 φιλόσοφος
1377 2752 1470 2806 καὶ
1491 2752 1723 2824 μάρτυρ,
1746 2750 1997 2823 Κλήμης,

2101 2761 2152 2808 et
2183 2760 2410 2824 martyr,
2461 2752 2736 2820 Clemens,
2774 2763 2827 2810 et
2857 2753 3180 2827 Hippolytus
3232 2755 3418 2812 Romae
3448 2745 3663 2829 episcol

431 2840 523 2893 καὶ
563 2840 870 2905 Ἱππόλυτος
894 2841 1184 2906 ἐπίσκοπος
1231 2843 1467 2916 Ῥώμης,
1501 2843 1773 2908 Διονύσιος
1817 2845 1998 2920 Ἀρεο-

2101 2859 2226 2915 pus,
2284 2845 2573 2917 Dionysius
2615 2846 2960 2918 AreOpagita,
3000 2847 3303 2904 Methodius
3346 2848 3667 2906 Patarensis.

431 2932 681 3003 παγίτης,
734 2933 992 2998 Μεθόδιος
1049 2935 1342 2999 ἐπίσκοπος
1380 2936 1664 3009 Πατάρων,
1699 2939 1997 3012 Γρηγόριος

2099 2937 2408 3009 episcopus,
2426 2939 2718 3010 Gregorius
2732 2937 3190 3012 Thaumaturgus,
3209 2939 3402 2997 Petrus
3426 2939 3660 2996 Alexan-

427 3025 456 3076 δ
479 3024 918 3096 Θαυματουργὸς,
951 3027 1153 3098 Πέτρος
1189 3030 1218 3081 ὁ
1263 3027 1662 3101 Ἀλεξανδρείας
1699 3033 1994 3098 ἐπίσκοπος

1267 3027 1662 3101 Ἀλεξανδρείας
1699 3033 1994 3098 ἐπίσκοπος
2098 3029 2229 3086 ἀπίω
2246 3030 2534 3102 cpiscopus
2565 3040 2618 3086 et
2645 3040 2869 3105 martyr.

428 3116 518 3169 καὶ
551 3116 777 3187 μάρτυς.

1957 3267 1962 3272 ·
1999 3242 2110 3298 VII.

1012 3356 1070 3413 S.
1101 3355 1354 3415 Mutuus
1385 3360 1439 3414 in
1468 3359 1634 3415 schol.
1666 3360 1735 3414 ad
1759 3361 2005 3433 Dionysii
2026 3361 2281 3432 Areopag.
2307 3378 2422 3431 cap.
2456 3362 2490 3416 5
2547 3361 2622 3416 De
2651 3359 2846 3416 eccles.
2877 3358 3149 3415 hierarch.

490 3468 566 3544 (a)
610 3471 902 3541 Ἀνάγνωθι
930 3474 1189 3528 Μεθοδίω
1228 3475 1322 3529 τοῦ
1371 3475 1524 3546 ἁγίου
1567 3477 1855 3550 μάρτυρος,
1891 3466 1986 3532 καὶ

2163 3477 2302 3550 Lege
2337 3479 2394 3535 S.
2429 3477 2687 3534 Methodii
2721 3477 2996 3549 martyris,
3033 3485 3086 3532 et
3117 3473 3354 3546 Olympii
3383 3471 3651 3526 Adriano-

429 3559 723 3635 Ὀλυμπίου
765 3565 1244 3636 Ἀδριανουπόλεως
1295 3569 1590 3622 ἐπισκόπου
1639 3571 1740 3642 τῆς
1787 3572 1990 3637 Λυκίας

2093 3571 2321 3642 pulitani
2349 3571 2588 3642 episcopi
2620 3571 2818 3643 Lyciae,
2860 3585 2961 3626 nec
2991 3583 3101 3623 non
3128 3565 3402 3636 Antipatri
3429 3563 3649 3618 Bostro-

421 3652 489 3706 τὰ
513 3654 632 3707 κατ’
656 3652 820 3707 αὐτοῦ
849 3655 1153 3726 Ὠριγένους
1183 3657 1271 3709 ὑπ’
1296 3657 1474 3712 αὐτῶν
1491 3660 1619 3728 περὶ
1643 3659 1990 3723 ἀναστάσεως

2093 3679 2215 3718 rum
2243 3664 2482 3733 episcopi
2515 3663 2683 3718 libros
2709 3677 2848 3733 quos
2882 3661 2939 3714 in
2965 3674 3091 3715 eum
3137 3655 3424 3727 Origenem
3467 3653 3534 3708 de
3566 3668 3650 3706 re-

423 3747 718 3818 γραφέντα,
755 3748 849 3801 καὶ
893 3749 1244 3821 Ἀντιπάτρου
1267 3748 1360 3802 τοῦ
1392 3751 1642 3822 Βόστρων
1664 3751 1986 3818 ἐπισκόπου,

2093 3753 2433 3810 surrectione
2489 3752 2968 3822 conscripserunt;
3019 3756 3073 3804 et
3103 3747 3284 3802 disces
3342 3743 3647 3799 fabulosum

421 3837 514 3891 καὶ
561 3837 776 3908 μαθήσῃ
809 3837 905 3910 τὴν
939 3837 1155 3908 μυθώδη
1183 3839 1344 3893 αὑτοῦ
1370 3840 1462 3895 καὶ
1491 3841 1774 3895 ἀλλόκοτον
1804 3842 1979 3915 ληρῳ-

1587 3841 1774 3895 ηόκοτον
1804 3842 1979 3915 ληρῳ-
2083 3847 2201 3917 ejus
2229 3861 2292 3901 ac
2315 3855 2724 3901 monstruosum
2754 3842 3189 3899 deliramentum.

421 3927 554 3984 δίαν.

1991 4044 2130 4101 Vlll.

417 4165 647 4222 Joannes
676 4166 1209 4233 Tunssanomcsrtsrs,
1241 4168 1382 4238 apud
1401 4167 1464 4224 L.
1496 4167 1757 4222 Attalium
1785 4169 1840 4222 in
1863 4167 2027 4226 diatr.
2055 4168 2132 4225 De
2159 4166 2553 4224 Methodiorum
2579 4166 2815 4237 scriptis,
2846 4179 2968 4234 pag.
2999 4164 3124 4229 555,
3147 4161 3272 4217 edit.
3295 4159 3447 4215 Rom.
3482 4157 3640 4215 1656.

484 4285 597 4341 Καὶ
628 4285 784 4341 τοῦτο
813 4286 1036 4351 πολλοὺς
1060 4286 1168 4342 τῶν
1194 4287 1363 4359 ἁγίων
1384 4288 1540 4360 ἡμῶν
1561 4289 1819 4362 Πατέρων
1849 4307 1974 4362 φρο-

2149 4289 2215 4344 Et
2257 4291 2360 4345 hoc
2391 4288 2590 4343 multos
2623 4295 2936 4343 sanctorum
2967 4283 3185 4339 Patrum
3222 4281 3461 4338 sensisse
3491 4280 3648 4335 inve-.

415 4381 677 4452 νήσαντας
727 4380 1076 4451 εὑρίσκομενο
1121 4374 1196 4435 ὧν
1245 4383 1360 4435 ἐστι
1400 4380 1674 4444 Βασίλειος
1705 4383 1732 4434 ὁ
1764 4381 1970 4451 Μέγας,

2079 4382 2291 4448 nimus;
2321 4394 2552 4451 quorum
2573 4386 2660 4435 est
2688 4377 2925 4435 Basilius
2958 4377 3050 4432 ille
3075 4375 3320 4447 Magnus,
3352 4380 3407 4430 et
3441 4379 3643 4429 sanctas

415 4474 510 4526 καὶ
550 4475 578 4526 ὁ
618 4475 677 4526 ἐν
719 4474 893 4541 ἁγίοις
928 4473 1269 4541 Ἀθανάσιος,
1311 4474 1404 4529 καὶ
1430 4474 1460 4529 ὁ
1487 4473 1660 4546 μέγας
1688 4473 1968 4540 Μεθόδιος,

2078 4472 2356 4528 memoriae
2380 4470 2732 4539 Athanasius,
2761 4481 2922 4542 atque
2965 4483 3195 4541 magnus
3224 4465 3550 4532 Methodius,
3585 4473 3640 4521 et

415 4563 509 4617 καὶ
537 4565 585 4618 ot
617 4565 750 4637 ἀμφ’
778 4565 994 4630 αὐτούς.
1997 4554 2004 4561 ⁷

1997 4554 2004 4561 ⁷
2076 4564 2168 4636 qui
2190 4579 2286 4621 eos
2315 4572 2634 4636 sequuntur.
2671 4550 2684 4567 ⁸

1979 4679 2069 4736 IX.

1369 4800 1605 4860 Ριιοτιυς
1626 4801 1764 4858 Bibl.
1797 4801 1915 4861 cod.
1939 4817 2214 4870 ccxxxm,
2243 4774 2404 4873 pagg.
2431 4801 2683 4859 950-963.

495 4917 824 4989 Ἀνεγνώσθη
873 4917 965 4972 τοῦ
1007 4919 1161 4989 ἁγίου
1207 4921 1477 4998 μάρτυρος
1505 4925 1614 4980 ’καὶ
1670 4925 1964 4980 ἐπισκόπου

2144 4924 2343 4980 Lectus
2373 4931 2458 4980 est
2487 4923 2665 4979 sancti
2694 4921 2950 4995 martyris
2989 4929 3044 4979 et
3088 4923 3331 4994 episcopi
3376 4922 3633 4983 Methodii

409 5011 668 5068 MaOoGlou
716 5013 778 5065 ἐκ
820 5011 912 5066 τοῦ
964 5015 1103 5084 Περὶ
1153 5015 1394 5086 ἁγνείας
1420 5017 1494 5081 ὡς
1539 5019 1596 5071 ἐν
1640 5018 1807 5089 ὁμοίῳ
1849 5034 1966 5070 συν-

2074 5016 2208 5072 liber
2242 5016 2314 5071 De
2347 5017 2589 5071 castitate
2629 5013 2696 5069 ad
2731 5013 2958 5069 formam
2993 5013 3229 5071 Convivii
3272 5019 3633 5090 compositus.

407 5100 580 5176 ὄψεώς
613 5102 687 5176 (b)
730 5103 942 5178 ἐξεδόθη
983 5104 1205 5178 τύπῳ...
1233 5109 1567 5180 Σημειωτέον
1594 5107 1686 5180 (c),
1709 5109 1783 5173 ὡς
1816 5126 1969 5172 ουτος

2073 5106 2578 5163 -—-0bservandum
2627 5113 2714 5162 est
2762 5105 2909 5162 hunc
2960 5104 3265 5178 Dialogum,
3297 5109 3387 5164 cui
3442 5111 3633 5165 titulus

479 5239 556 5313 (a)
585 5237 840 5313 Putarem
887 5238 1192 5313 legendum,
1248 5241 1542 5311 Ἀνάγνωθι
1579 5240 1836 5313 Μεθοδίου
1861 5241 1960 5313 τοῦ

2109 5241 2210 5313 _(c)
2241 5239 2322 5313 Ad
2353 5239 2558 5313 Pho_tii_
2579 5253 2868 5313 censuram
2912 5240 3059 5313 quod
3105 5241 3319 5313 attinet,
3346 5241 3630 5313 videbatur

407 5308 562 5382 ᾲγίου
624 5308 919 5382 μάρτυρος-
952 5309 1221 5382 ὐλύμπου
1275 5308 1570 5366 ἐπισκόπου
1604 5311 1702 5382 τῆς
1734 5311 1958 5375 Λυκίας.

2067 5308 2158 5367 illa
2185 5308 2318 5382 mihi
2346 5311 2506 5380 paulo
2528 5308 2748 5382 durior;
2779 5308 3230 5382 quod—praecipue
3263 5325 3372 5382 non
3406 5311 3629 5382 videan-

407 5377 538 5451 chc
559 5377 732 5452 sancti
789 5377 1042 5452 Methodii
1081 5377 1347 5452 martyris
1380 5383 1594 5452 Olympi
1649 5377 1824 5452 Lycia:
1848 5383 1963 5451 epi-
2064 5393 2154 5437 tur
2179 5377 2366 5452 Ariani
2394 5381 2682 5435 admodum
2707 5377 2923 5434 usi'hac
2947 5377 3628 5452 Methodiilucubratione,

407 5401 538 5451 Lege
559 5401 732 5434 sancu
789 5401 1042 5434 actuactu
1095 5401 1347 5452 πιαηψιδ
1380 5401 1446 5438 υι
1489 5401 1594 5451 mp:
1649 5401 1824 5452 hyeme
1848 5401 1963 5451 ept-
2064 5401 2154 5437 ιιιι·
2179 5401 2366 5437 ιιι-1³111
2394 5401 2682 5435 δαιιιοαιιιιι
2708 5401 2793 5434 “SI
2824 5401 2923 5434 nac
2947 5401 3202 5436 Μθιιιοαιι
3233 5401 3628 5443 ιυευυΐειιιυηθ,

406 5452 571 5529 scapi.
623 5447 758 5529 Quis
798 5450 944 5529 enim
980 5451 1078 5529 hic
1117 5450 1394 5529 Olympius
1427 5401 1958 5529 “Xdrianopolitanus
2065 5457 2158 5529 aut
2183 5466 2251 5506 ex
2273 5451 2365 5529 illa
2387 5457 2721 5529 argumenta
2751 5451 3051 5529 sumpsisse
3084 5471 3096 5505 :
3129 5451 3227 5529 ubi
3257 5450 3630 5529 tamenupanlo

407 5519 695 5593 eplSchus
729 5519 944 5593 Lyciae?
973 5519 1103 5593 Quae
1117 5519 1494 5592 Adria'nopolis
1524 5523 1576 5578 in
1620 5519 1822 5593 Lycia?
1853 5525 1961 5576 AL-
2068 5519 2475 5593 diligentiorem
2495 5521 2546 5575 ei
2576 5521 2800 5593 adhibui
2848 5519 3089 5593 operam,
3129 5519 3514 5593 ipsequemihi
3543 5535 3627 5575 re-

409 5587 536 5664 Liir.
567 5587 742 5664 Eiatr.
776 5587 840 5644 ac
870 5589 1334 5664 Method._script_.,
1355 5587 1419 5664 ⁷1).
1448 5593 1573 5648 528.
1666 5587 1691 5664 ⁷,
1804 5661 1843 5664 _
2070 5587 2282 5664 censui,
2311 5591 2530 5664 gravius
2584 5591 2832 5664 laborare
2879 5587 3628 5664 deprehenditﬁubindeque

473 5660 547 5731 (b)
579 5663 736 5729 Ὡς...
752 5663 1086 5730 συνόψεως.
1107 5658 1246 5734 Lege
1264 5658 1397 5731 6g...
1422 5663 1784 5733 συμποσίου.
1804 5661 1960 5718 Ευιτ.
2070 5679 2075 5717 1

2070 5662 2253 5734 notavi
2279 5658 2399 5731 quae
2437 5661 2520 5716 vel
2551 5662 2750 5715 molliri
2777 5658 3020 5734 possent,
3058 5659 3141 5714 vel
3167 5658 3626 5734 nullam_excusa-

411 5727 612 5791 Lupia.
648 5727 660 5729 ⁷
917 5727 930 5730 ⁷
1044 5727 1056 5730 ⁷
1185 5727 1210 5734 ⁷
1307 5727 1322 5731 ⁷
1501 5727 1518 5733 ⁷
2070 5727 2431 5801 ιίοιιειιι,⁷ιιιρο
2450 5747 2580 5788 sane
2612 5727 2796 5798 sensu;
2817 5731 3200 5786 admitterent:
3234 5742 3352 5795 quae
3378 5728 3495 5794 ipsa
3522 5745 3627 5784 non
