4056 6302
380 322 451 376 25
1299 325 1357 384 S.
1401 325 1800 383 METHODIUS
1837 327 2219 385 EPISCOPUS
2254 327 2343 384 ET
2385 327 2692 383 MARTYR.
3536 326 3612 381 21»

382 442 740 514 Symposium,
794 446 908 501 sive
966 445 1043 498 De
1101 447 1387 512 castitate,
1437 464 1685 519 magnam
1740 458 1940 520 partem

2047 452 2076 503 6
2130 450 2396 519 διάλογος,
2434 442 2478 518 ᾧ
2529 450 2563 520 ἡ
2612 448 2910 520 ἐπιγραφὴ,
2962 450 3326 518 Συμπόσιον,
3364 447 3421 519 ἢ,
3468 447 3612 514 Περὶ

382 535 751 612 adulteratum
803 552 966 592 esse:
997 535 1239 593 offendes
1285 540 1428 594 enim
1477 542 1530 594 in
1566 541 1656 594 illo
1703 542 1940 612 adjectas

2047 540 2326 609 ἁγνείας,
2377 538 2661 611 παραπολὺ
2707 536 3085 608 νενοθευμένος
3133 537 3309 590 ἐστίν·
3357 536 3614 608 εὑρήσεις

381 627 551 682 etiam
569 628 855 683 Arianicas
871 642 1146 709 vanasque
1172 630 1515 701 opinationes
1539 632 1781 703 aliasque
1806 634 1940 688 male

2046 631 2156 703 γὰρ
2190 632 2245 683 ὲν
2273 628 2420 700 αυτῷ
2446 628 2933 700 παραϐεϐλημένας
2973 629 3065 682 καὶ
3104 626 3441 699 Ἀρειανικὰς
3466 626 3612 695 δοξο-

382 718 736 775 sentientium
773 718 1002 785 fabulas.

2047 723 2262 786 κοπίας,
2298 722 2389 775 καὶ
2421 722 2621 793 ἑτέρων
2656 719 2817 774 τινῶν
2855 718 3284 786 κακοδοξούντων
3317 717 3612 791 μυθολογήρ

2050 830 2214 884 ματα.

1508 927 1656 982 Idem
1684 927 1836 994 ibid.,
1861 927 1974 992 cod.
2009 947 2143 995 ιλιι,
2168 948 2287 1002 pag.
2320 932 2443 986 547.

451 1037 757 1095 Conﬁrmat
815 1042 1011 1099 deinde
1074 1044 1364 1117 (Eusebius
1414 1045 1942 1119 Thessalonicensis)

381 1128 546 1191 hasce
571 1147 701 1187 suas
732 1137 1184 1205 reprehensiones
1217 1154 1248 1194 e
1268 1139 1425 1194 libris
1455 1154 1627 1195 sacrae
1651 1138 1944 1212 Scripturte

379 1222 579 1283 veteris
628 1223 784 1294 juxta
832 1242 895 1281 ac
939 1229 1067 1283 novi
1110 1228 1465 1285 Instrumenti
1494 1249 1506 1284 :
1533 1228 1757 1287 Patrum
1809 1233 1939 1288 item

2122 1050 2460 1124 Παρατίθησι
2488 1050 2545 1103 δὲ
2578 1050 2675 1116 τὰς
2704 1050 2843 1104 κατὰ
2873 1066 2998 1113 τους
3038 1048 3288 1118 ἐλέγχους
3311 1045 3611 1113 ἀποδείξεις

2049 1143 2111 1198 ἐκ
2139 1162 2196 1197 τε
2230 1145 2331 1215 τῆς
2354 1146 2596 1217 Γραφῆς,
2631 1142 2864 1207 παλαιᾶς
2892 1158 2952 1195 τε
2984 1140 3079 1196 καὶ
3106 1139 3256 1202 νέας,
3278 1139 3373 1193 καὶ
3415 1139 3479 1191 ὲκ
3500 1139 3609 1193 τῶν

2048 1235 2282 1304 λογάδων
2306 1237 2581 1308 Πατέρων,
2599 1234 2928 1298 Ἀθανασίου,
2958 1233 3053 1287 καὶ
3078 1230 3185 1284 τῶν
3210 1229 3372 1302 τριῶν
3404 1230 3609 1300 Γρηγο-

381 1311 799 1370 lectissimorum
832 1319 1140 1383 sententiis,
1167 1319 1471 1384 Athanasii,
1514 1329 1568 1376 et
1612 1322 1771 1377 trium
1805 1322 1939 1378 Gre-

379 1404 677 1473 goriorum,
713 1408 1156 1464 admirandorum
1189 1412 1410 1484 inquam
1451 1412 1596 1469 illius
1627 1415 1941 1484 patratoris,

379 1493 666 1568 Theologi,
689 1510 744 1553 et
772 1500 943 1556 divini
985 1500 1240 1573 Nysscni,
1270 1485 1459 1559 Basilii
1492 1505 1743 1562 similiter
1764 1507 1946 1569 (laesa-

380 1602 486 1642 reae
552 1590 833 1655 antistitis,
892 1601 946 1648 et
1005 1592 1231 1650 Joannis
1298 1594 1693 1667 Chrysostomi,
1756 1597 1944 1669 Cyrilli

382 1678 759 1746 Alexandrini,
801 1689 854 1738 et
881 1681 1099 1739 Proculi
1154 1686 1404 1755 praesulis
1451 1685 1947 1756 Constantinopoli-

380 1772 491 1827 tani
522 1787 535 1821 :
571 1774 748 1827 sancti
774 1774 959 1829 adhacc
994 1776 1250 1847 martyris
1270 1776 1548 1842 Methodii,
1571 1785 1626 1831 et
1660 1776 1940 1843 Quadrati.

380 1858 751 1926 Quorumdam
794 1866 940 1921 enim
991 1883 1056 1922 ex
1092 1869 1176 1923 bis
1216 1868 1362 1923 dicta
1413 1868 1658 1939 quaedam
1698 1868 1945 1925 Andreas

381 1951 675 2029 (Inclusus)
706 1958 998 2024 avulserat,
1023 1967 1076 2014 et
1110 1968 1442 2029 perverterat
1468 1979 1481 2014 :
1512 1960 1783 2030 simulque
1825 1974 1945 2014 ma-

382 2045 560 2102 litiose
587 2056 681 2101 aut
708 2048 954 2119 imperite
978 2050 1404 2121 interpretando,
1435 2067 1675 2107 errorem
1703 2067 1862 2108 suum
1876 2067 1942 2108 ex

379 2135 511 2203 illis,
548 2145 606 2193 ut
643 2138 747 2195 sibi
783 2140 1002 2212 quidem
1045 2145 1335 2213 persuasit,
1363 2142 1732 2199 conﬁrmarat.

1952 2262 2021 2319 X.

2051 1327 2197 1398 ρίων,
2224 1326 2317 1380 τοῦ
2343 1345 2402 1381 τε
2431 1324 2855 1398 Θαυματουργοῦ
2882 1324 3045 1393 λέγω,
3075 1324 3170 1376 καὶ
3200 1321 3293 1374 τοῦ
3326 1321 3606 1389 Θεολόγου,

2051 1419 2143 1472 καὶ
2179 1419 2271 1472 τοῦ
2305 1419 2591 1473 θεσπεσίου
2623 1420 2862 1489 Νύσσης,
2895 1415 3174 1470 Βασιλείου
3197 1432 3257 1468 τε
3282 1414 3374 1467 τοῦ
3403 1416 3609 1467 Καισα-

2054 1510 2221 1582 ρείας,
2251 1512 2344 1564 καὶ
2382 1512 2623 1565 Ἰωάννου
2659 1511 2751 1564 τοῦ
2780 1508 3182 1580 Χρυσοστόμου,
3212 1506 3476 1577 Κυρίλ).ου
3513 1503 3606 1558 τοῦ

2063 1602 2492 1674 Ἀλεξανδρείας,
2545 1604 2638 1656 καὶ
2683 1602 2777 1656 τοῦ
2824 1598 3427 1661 Κωνσταντινουπόλεως
3472 1597 3603 1669 Πρό-

2050 1693 2178 1747 κλου
2200 1709 2214 1723 '
2247 1694 2382 1747 ἀλλὰ
2427 1695 2489 1766 δὴ
2527 1696 2621 1748 καὶ
2655 1693 2915 1749 Μεθοδίου
2945 1692 3037 1746 τοῦ
3074 1692 3480 1763 ίερομὰρτυρος,
3514 1690 3610 1743 καὶ

2049 1780 2451 1856 Κοδράτου.Ὦν
2480 1787 2634 1840 ἐνίων
2662 1786 2756 1839 καὶ
2787 1788 2968 1858 ῥήσεις
2987 1786 3138 1850 τινὰς
3162 1787 3190 1837 6
3216 1783 3464 1853 Ἀνδρέας
3483 1782 3609 1834 ἀπο-

2053 1878 2334 1948 σπαράξας
2360 1880 2454 1933 καὶ
2481 1878 2993 1950 παραπλασάμενος,
3024 1877 3059 1931 ἃ
3085 1877 3140 1930 δὲ
3165 1876 3259 1929 καὶ
3290 1874 3611 1946 κακούργως

2051 1969 2086 2045 ἢ
2123 1972 2215 2025 καὶ
2244 1973 2484 2044 ἀνοήτως
2512 1971 2827 2043 ὲξειληφὼς,
2856 1970 3081 2037 ἐκεῖθεν,
3114 1971 3188 2033 ὡς
3213 1968 3367 2039 ῷετο,
3396 1969 3498 2041 τὴν
3531 1968 3611 2024 οἱ·-

2051 2063 2205 2117 κείαν
2228 2063 2433 2137 πλάνην
2461 2066 2770 2137 ἐκράτυνεν.

1006 2377 1189 2434 Caesar
1220 2378 1457 2436 Cauoms
1484 2380 1541 2434 in
1571 2378 1847 2452 Sympos.,
1871 2380 1940 2436 od

2045 2398 2079 2448 I,
2107 2382 2246 2453 apud
2274 2383 2529 2437 Attalium
2549 2385 2587 2437 ί.
2610 2400 2683 2450 c.,
2706 2399 2826 2455 pag.
2854 2383 2979 2439 5I5.

450 2492 787 2564 Virginitatis
806 2494 995 2559 decus,
1030 2504 1085 2550 et
1117 2497 1458 2552 castimonia:
1478 2498 1938 2568 pulchritudinem

373 2599 500 2640 cum
548 2585 922 2655 experimento
956 2586 1269 2653 didicisses,
1298 2603 1332 2644 ο
1387 2589 1644 2659 gloriose,
1694 2589 1944 2644 doctrina

375 2682 470 2731 tua
495 2682 550 2730 et
583 2691 894 2730 sermonum
938 2687 1221 2735 venustate
1248 2681 1562 2736 universam
1597 2695 1785 2736 eorum
1822 2682 1945 2753 pul-

374 2769 763 2834 chritudinem,
798 2770 980 2825 divina
1034 2762 1215 2828 mente
1267 2773 1509 2843 praedite,
1559 2781 1613 2829 et
1664 2787 1941 2844 nunquam

377 2860 652 2917 ﬁnientem
712 2862 1043 2920 hilaritatem
1099 2874 1623 2923 commonstras.....
1686 2863 1943 2920 Firmiori

374 2953 497 3007 cibo
524 2952 892 3022 spiritualium
938 2956 1313 3012 conviviorum
1345 2967 1564 3012 tuorum
1597 2957 1808 3029 repleti,
1856 2972 1945 3012 sa-
1972 2956 1981 2965 '

275 3085 289 3098 .
375 3042 737 3113 pientissime,
766 3048 909 3102 veris
959 3047 1083 3102 inde
1136 3049 1338 3105 laetitiis
1369 3051 1612 3117 aluntur,
1643 3066 1764 3122 quae
1805 3066 1940 3105 nun-

2049 3066 2237 3117 φονται
2278 3048 2377 3120 τὴν
2409 3047 2783 3119 διαμένουσαν,
2814 3048 2900 3101 ἀεὶ
2946 3049 3362 3121 συμφυουμένην
3410 3048 3611 3120 @636-

2120 2504 2232 2575 Τῆς
2263 2502 2560 2575 παρθενίας
2582 2502 2643 2555 τὸ
2678 2500 2870 2573 σεμνὸν
2892 2502 2987 2554 καὶ
3016 2498 3115 2570 τῆς
3141 2499 3359 2569 ἁγνείας
3390 2500 3449 2552 τὸ
3480 2498 3611 2552 κάλα

2048 2590 2138 2654 λος
2165 2590 2252 2643 διὰ
2298 2591 2513 2662 πείρας,
2548 2589 2742 2655 ἑνδοξε,
2775 2588 2981 2661 μαθὼν,
3013 2588 3173 2660 σοφίᾳ
3200 2591 3264 2659 τῇ
3295 2591 3359 2660 σῇ
3390 2589 3483 2643 καὶ
3522 2590 3610 2643 λό-

2048 2696 2158 2750 γων
2184 2680 2384 2752 χάριτι,
2404 2682 2583 2735 πᾶσαν
2596 2679 2693 2751 τὴν
2719 2678 2919 2733 τούτων
2939 2678 3196 2748 καλλονὴν
3219 2678 3605 2742 ὑποδεικνύεις,

2050 2770 2295 2844 θεόφρον,
2323 2772 2416 2824 καὶ
2438 2773 2538 2843 τὴν
2566 2770 2916 2834 αἰωνίζουσαν
2944 2769 3338 2841 φαιδρότητα...
3372 2770 3609 2840 Στερεω-

2045 2862 2209 2935 τέρας
2242 2862 2440 2932 ὲδωδῆς
2455 2862 2831 2932 πνευματικῶν
2850 2861 3159 2933 συμποσίων
3185 2860 3606 2932 ἐμπλησθέντες,

2049 2956 2307 3025 πάνσοφε,
2339 2955 2447 3008 τῶν
2488 2955 2615 3015 σῶν,
2651 2955 2747 3026 τὴν
2788 2955 2954 3020 ὅντως
2994 2956 3201 3028 τρυφὴν
3248 2955 3454 3009 ἐκεῖθεν
3480 2954 3609 3025 τρέ-

375 3149 538 3205 quam
583 3135 862 3202 deﬁciunt,
915 3138 1010 3193 sed
1056 3154 1268 3212 semper
1297 3143 1453 3198 novis
1499 3142 1739 3199 ﬂuxibus
1784 3141 1940 3198 simul

2050 3160 2189 3207 στως
2214 3143 2307 3196 καὶ
2334 3141 2764 3213 συναυξουμένην
2788 3143 2898 3205 τοῖς
2925 3142 3258 3212 μετέχουσιν.

377 3239 500 3289 cum
528 3226 979 3299 participantibus
1007 3238 1342 3296 enascuntur
1368 3240 1422 3288 et
1445 3243 1731 3304 augentur.

1945 3345 2038 3402 XI.

1292 3462 1761 3528 MABTYROLOGIUII
1790 3463 2057 3521 Ιῖοιωςυιί
2083 3480 2173 3519 xw
2222 3460 2351 3518 Kal.
2381 3460 2645 3518 Octobris.

443 3566 654 3623 Natalis
685 3572 860 3636 sancti
892 3570 1173 3638 Methodii,
1204 3571 1417 3645 Olympi
1446 3574 1623 3646 Lycia:
1647 3592 1710 3631 ac
1736 3586 1923 3648 postea
1956 3576 2086 3650 Tyri
2107 3575 2373 3646 episcopi,
2406 3573 2678 3629 sermonis
2701 3571 2881 3628 nitore
2924 3587 2989 3628 ac
3023 3573 3275 3629 doctrina
3311 3575 3606 3643 clarisimi;

375 3665 468 3735 qui
497 3665 562 3720 ad
587 3675 886 3725 extremum
916 3670 1227 3726 novissimae
1275 3673 1690 3742 persecutionis,
1716 3682 1775 3729 ut
1807 3674 1995 3731 scribit
2040 3680 2262 3729 sanctus
2302 3670 2682 3741 Hieronymus,
2714 3669 2770 3723 in
2798 3668 3057 3724 Cha'Cide
3093 3667 3318 3724 “meite
3343 3670 3610 3742 martyrio

375 3768 668 3817 coronatus
692 3769 796 3818 est.

1947 3860 2063 3916 XII.

375 3969 734 4029 bisuoeocwu
767 3971 1096 4044 Gneconun,
1111 3977 1267 4048 jussu
1290 3979 1486 4033 Basilii
1515 3980 1848 4050 imperatoris
1882 3979 2060 4034 Greece
2086 3978 2302 4050 editam,
2337 3974 2406 4031 ad
2434 3973 2567 4031 diem
2595 3972 2666 4028 20
2688 3972 2859 4040 Junii,
2886 3982 3026 4045 part.
3059 3990 3143 4039 nr,
3174 3989 3295 4045 pag.
3324 3973 3447 4039 158,
3473 3973 3609 4028 edit.

1867 4050 2052 4109 Urbin.
2086 4049 2243 4103 1727.

448 4161 756 4219 Methodius
804 4163 1009 4221 Christi
1048 4177 1437 4240 sacromartyr,
1469 4169 1538 4225 ab
1561 4168 1789 4225 infantia
1828 4168 1939 4225 Deo

375 4255 695 4317 honorabile
718 4271 814 4312 vas
857 4260 1094 4328 seipsum
1128 4262 1486 4325 consecravit,
1506 4262 1676 4316 divini
1703 4259 1937 4332 Spiritus

374 4347 778 4417 receptaculum
807 4348 1003 4406 factus.
1028 4351 1207 4423 Quare
1225 4350 1318 4406 Dei
1347 4352 1600 4424 sutiragio
1624 4356 1938 4424 pontiﬁcatu

374 4438 572 4519 dignus
599 4439 821 4504 effectus
846 4450 963 4504 est:
994 4451 1318 4515 creatusque
1344 4444 1655 4501 Patarensis
1685 4444 1940 4501 Ecclesiae

374 4532 685 4603 episcopus,
720 4549 936 4606 gregem
972 4552 1130 4592 suum
1167 4520 1372 4609 optime
1404 4538 1576 4609 pavit.
1607 4536 1939 4595 Gliscentem

373 4630 554 4677 autem
593 4624 846 4696 Origenis
874 4627 1123 4683 htercsim
1156 4614 1505 4694 cernens,.ut
1549 4631 1788 4701 optimus
1836 4644 1934 4699 pa-

375 4718 493 4766 stor
509 4713 695 4772 divino
718 4717 1060 4787 eloquiorum
1110 4736 1333 4776 suorum
1380 4722 1504 4791 igne
1536 4721 1793 4777 incendit.
1832 4720 1937 4778 Sed

375 4818 502 4857 cum
536 4804 790 4863 inimicus
814 4809 1065 4867 diabolus
1096 4811 1215 4882 ejus
1248 4813 1551 4869 libertatem
1580 4822 1633 4868 et
1677 4821 1938 4874 constan-

375 4894 508 4957 tiam
526 4893 669 4951 ferre
698 4914 807 4953 non
835 4909 1039 4972 posset,
1070 4905 1332 4959 satellites
1355 4919 1487 4960 suos
1517 4905 1573 4959 in
1599 4904 1720 4974 ejus
1748 4917 1936 4962 necem

374 4986 626 5044 armavit.
660 4987 755 5044 Ille
787 5003 916 5044 vero
978 5001 1270 5064 antequam
1313 4997 1573 5067 martyrio
1600 4996 1935 5068 fungeretur,

372 5092 498 5145 cum
523 5080 994 5162 mortiiicatiopem
1015 5084 1283 5147 viviﬁcam
1306 5085 1592 5156 induisset,
1619 5096 1673 5144 et
1695 5090 1937 5160 quotidie

372 5182 648 5241 mortuum
679 5190 738 5230 se
782 5184 1060 5255 reputaret
1104 5179 1403 5234 secundum
1437 5181 1681 5239 divinum
1716 5190 1937 5252 aposto-

372 5329 890 5404 aliunde_aspersa,
921 5331 1015 5386 sed
1041 5330 1112 5404 ab
1162 5331 1282 5401 ipso
1327 5332 1529 5404 Dialogi
1582 5342 1807 5390 auctore
1852 5335 1938 5391 in-

371 5410 515 5454 serta
541 5400 851 5467 videantur,
877 5416 974 5470 pro
1003 5401 1124 5469 ejus
1152 5400 1251 5457 aivi
1298 5400 1667 5470 simplicitate,
1702 5417 1754 5460 et
1777 5414 1935 5462 ante-

370 5484 533 5545 quam
563 5473 647 5525 vel
687 5470 935 5545 θεολογία
965 5473 1350 5545 νει-οἰκονομία
1377 5470 1684 5544 (Trinitatis
1726 5477 1938 5531 scilicet

372 5539 847 5615 etlncarnationis
895 5542 1166 5606 doctrina)
1197 5539 1553 5599 conciliorum
1600 5547 1932 5615 generalium

370 5607 513 5671 Iuce,
543 5612 755 5667 erudita
792 5611 1015 5667 Patrum
1037 5622 1215 5678 atate,
1251 5615 1542 5670 occasione
1561 5607 1934 5670 enascentium

370 5693 711 5756 errorumac
740 5683 1036 5752 haereseon,
1073 5685 1493 5742 satisillustrata
1520 5694 1686 5741 esset.
1716 5684 1774 5740 Si
1794 5685 1926 5756 quid

2118 4166 2379 4231 Μεθόδιος
2425 4165 2455 4219 6
2500 4163 2594 4218 τοῦ
2640 4164 2874 4236 Χριστοῦ
2928 4164 3252 4237 ἱερομάρτυς
3280 4167 3344 4218 ὲκ
3378 4164 3610 4236 βρέφους

2046 4258 2234 4313 ἑαυτὸν
2258 4256 2334 4327 τῷ
2355 4255 2473 4327 Θεῷ
2494 4255 2731 4323 ἀναθεὶς,
2765 4255 2954 4320 σκεῦος
2976 4257 3152 4327 τίμιον
3173 4257 3266 4309 καὶ
3288 4255 3488 4326 δοχεῖον
3514 4256 3606 4309 τοῦ

2045 4352 2188 4406 θείου
2215 4351 2530 4421 Πνεύματος
2561 4348 2970 4418 γέγονεν.’¹0οεν
3012 4348 3105 4402 καὶ
3149 4347 3313 4420 ψήφῳ
3345 4346 3479 4401 Θεοῦ
3512 4347 3608 4418 τῆς

2043 4443 2449 4516 ἀρχιερωσύνης
2481 4439 2750 4515 ἀξιωθεὶς,
2770 4440 2862 4493 καὶ
2890 4440 2986 4510 τῆς
3009 4441 3065 4492 ὲν
3097 4439 3369 4512 Πατάροις
3383 4438 3609 4511 Ἐκκλη-

2044 4536 2163 4600 σίας
2190 4534 2482 4597 ἐπίσκοπος
2504 4533 2758 4603 γεγονὼς,
2791 4532 2967 4595 καλῶς
3000 4532 3260 4601 ὲποίμανε
3280 4532 3340 4585 τὸ
3364 4530 3609 4601 ποίμνιον

2044 4627 2257 4684 ἑαυτοῦ.
2292 4627 2383 4681 Διὸ
2424 4627 2518 4681 καὶ
2550 4628 2648 4696 τὴν
2694 4626 2999 4698 Ὠριγὲνους
3045 4625 3251 4697 αἵρεσιν
3290 4625 3609 4689 πλεονάζου-

2046 4738 2145 4775 σαν
2175 4720 2314 4787 ίδῶν,
2345 4721 2419 4784 ὡς
2450 4719 2666 4792 ἄριστος
2693 4718 2890 4791 ποιμὴν
2923 4717 3001 4788 τῷ
3030 4717 3158 4789 θείῳ
3198 4717 3330 4789 πυρὶ
3359 4717 3466 4771 τῶν
3508 4718 3607 4770 αὐ-

2039 4813 2133 4867 τοῦ
2163 4813 2337 4883 λόγων
2365 4810 2680 4881 κατέφλεξε.
2717 4812 2827 4864 Καὶ
2855 4811 2928 4882 μὴ
2962 4810 3140 4881 φέρων
3165 4810 3194 4861 6
3223 4809 3413 4882 ἐχθρὸς
3439 4808 3625 4879 διάϐοι

2041 4904 2131 4969 λος
2155 4905 2250 4976 τὴν
2273 4904 2434 4958 αὑτοῦ
2463 4904 2770 4977 παρρησίαν
2799 4905 2892 4957 καὶ
2912 4901 3179 4968 ἔνστασιν,
3206 4902 3467 4972 ἐξώπλισε
3485 4904 3608 4965 τοὺς

2041 4996 2205 5050 αὑτοῦ
2228 4997 2527 5066 ὑπουργοὺς
2554 4996 2686 5068 πρὸς
2709 4996 2806 5067 τὴν
2827 4994 3016 5048 τούτου
3042 4995 3338 5068 ἀναίρεσιν.
3356 4996 3412 5048 Ὁ
3439 4995 3494 5049 δὲ
3516 4993 3610 5048 καὶ

2042 5089 2147 5160 πρὸ
2175 5088 2265 5142 τοῦ
2291 5089 2518 5143 θανάτου
2550 5087 2651 5158 τῆς
2680 5086 2842 5140 αὑτοῦ
2867 5087 3167 5157 μαρτυρίας
3188 5086 3452 5159 νέκρωσιν
3476 5087 3608 5158 (tor;-

2042 5179 2204 5250 φόρον
2235 5179 2611 5249 ἐνδυσάμενος,
2647 5177 2739 5231 καὶ
2770 5176 2886 5230 καθ’
2915 5176 3151 5248 ἑκάστην
3184 5179 3392 5249 ἡμέραν
3415 5176 3607 5249 νεκρὸν

2039 5338 2170 5391 mihi
2225 5338 2422 5400 solum,
2473 5337 2570 5392 sed
2597 5347 2649 5408 et
2700 5337 2810 5391 illis
2834 5337 3066 5408 gratiam
3106 5337 3301 5408 habeat
3346 5337 3437 5408 qui
3470 5334 3607 5408 mihi

2038 5407 2191 5477 operi
2224 5409 2571 5478 praeiverunt,
2627 5404 2907 5469 bonasque
2953 5408 3115 5462 horas
3146 5404 3605 5478 adornandorlle—

2039 5477 2236 5532 thodii’
2266 5480 2368 5533 hoc
2420 5477 2667 5532 Convivia
2715 5480 3052 5533 collocarunt
3080 5492 3143 5531 ac
3188 5478 3396 5530 utiliter
3419 5477 3607 5531 edide-

2036 5555 2167 5601 runt
2201 5567 2213 5601 :
2241 5547 2687 5619 needesitl‘orte,
2721 5549 2813 5603 ubi
2840 5565 2927 5604 me
2973 5563 3189 5619 quoque
3218 5546 3483 5619 nonsatis
3513 5561 3605 5599 asr

2038 5624 2283 5671 secutum
2314 5617 2574 5673 Methodii
2605 5626 2838 5673 mentem
2886 5617 3006 5688 ipse
3052 5617 3456 5688 deprehendas;
3482 5629 3602 5684 quae

2036 5702 2158 5741 mea
2203 5700 2387 5744 errata
2439 5690 2676 5750 candore
2729 5697 2822 5745 tuo
2877 5686 3040 5745 velim
3083 5688 3355 5741 emendes.
3389 5686 3600 5747 Conne-

371 5762 500 5811 Vero
553 5751 715 5815 altius
768 5757 941 5834 pressi
999 5757 1219 5825 stylum,
1278 5756 1554 5827 indulgeat
1599 5751 1927 5821 lectorfnec
2033 5772 2134 5812 ns.
