4056 6302
357 308 424 358 25
1588 321 1912 379 versuum
1955 326 2390 387 TESTIMONIA.
2548 322 2551 325 ’
3518 337 3585 392 26

357 425 548 527 έαυτδν
588 426 932 498 λογιζόμενος
961 432 1101 485 κατὰ
1146 433 1236 487 τὸν
1277 434 1418 490 θεῖον
1462 438 1758 495 ἀπόστολον
1790 444 1912 498 Παῦη

2029 450 2139 504 lum
2191 450 2440 518 Paulum,
2480 452 2626 510 ferro
2655 461 2904 509 sanctum
2935 468 2997 509 ac
3023 455 3239 509 beatum
3268 464 3430 526 caput
3455 472 3595 527 pm»;

357 517 463 582 λον,
498 518 639 589 ξίφει
683 521 781 593 τὴν
842 521 992 594 ἱερὰν
1031 525 1122 577 καὶ
1173 529 1448 601 μακαρίαν
1490 532 1653 585 αὑτοῦ
1682 535 1919 608 κεφαλὴν

355 609 711 679 ἀποτμηθεὶς,
761 608 897 682 πρὸς
949 612 1149 685 Κύριον
1207 616 1506 693 ὲξεδήμησε
1573 623 1775 696 χαίρων
1826 628 1921 681 καὶ

355 698 741 774 ἀγαλλόμενος.

2026 540 2315 598 cidendum
2339 544 2554 614 obtulit,
2585 554 2640 602 et
2665 547 2822 605 laetus
2849 546 3197 618 gaudensque
3215 546 3284 602 ad
3300 547 3597 604 Dominum‘

2027 633 2297 705 migravit.

1906 829 2049 886 Xlll.

1366 947 1576 1009 Aucta:
1596 949 1972 1013 Svummmn
2000 952 2221 1023 Maneo,
2242 954 2327 1010 die
2351 956 2418 1011 l0
2440 955 2597 1012 Julii.

432 1062 542 1117 Τοῦ
573 1064 743 1133 ἁγίου
764 1067 1499 1213 ἱερομάρῆιὲρρὶὲωῆίεθοὸίου
1519 1079 1852 1135 ἐπισκόπου

426 1221 595 1295 Οὗτος
624 1232 654 1285 δ
685 1232 970 1304 μακάριος,
1004 1237 1069 1289 ὲκ
1096 1235 1300 1294 παίδων
1336 1238 1525 1295 ἑαυτὸν
1547 1240 1624 1311 τῷ
1652 1240 1770 1312 Θεῷ
1798 1244 1922 1299 ἀνα-

356 1324 491 1391 θεὶς,
543 1324 733 1389 σκεῦος
766 1325 904 1379 θεῖον
943 1329 1036 1381 καὶ
1061 1327 1264 1399 δοχεῖον
1299 1329 1443 1384 θείου
1490 1331 1805 1402 Πνεύματος
1835 1334 1920 1404 γέ-

354 1415 698 1484 γονεν.”Οθεν
740 1417 832 1469 καὶ
874 1418 978 1471 ὑπὸ
1015 1419 1113 1490 τῆς
1138 1419 1288 1484 θείας
1314 1421 1531 1492 χάριτος
1558 1422 1656 1494 τὴν
1692 1424 1915 1496 ἱερωσύ-

354 1526 453 1580 νην
480 1510 641 1582 ψήφῳ
673 1510 806 1564 Θεοῦ
827 1511 1025 1578 λαϐὼν,
1053 1513 1233 1578 καλῶς
1258 1516 1351 1569 καὶ
1376 1516 1633 1584 θεοφιλῶς
1658 1518 1918 1589 ὲποίμανε

354 1602 415 1655 τὸ
439 1603 793 1674 ὲμπιστευθὲν
832 1603 979 1675 αὑτῷ
1003 1603 1267 1676 ποίμνιον,
1299 1606 1476 1675 λόγοις
1503 1609 1795 1679 προσηνέσι
1828 1628 1920 1663 κα-

354 1696 656 1764 ταφωτίσας
681 1696 743 1750 τὸ
772 1696 872 1767 τῆς
915 1698 1236 1768 Ἑκκλησίας
1262 1699 1550 1772 πλήρωμα.
1588 1702 1677 1754 Διὸ
1705 1703 1798 1755 καὶ
1819 1702 1917 1771 τὴν

2133 1082 2321 1136 Sancti
2347 1081 2598 1151 martyris
2622 1078 2875 1134 Methodii
2894 1077 3120 1149 episcopi
3146 1074 3478 1132 Patarensis.

2088 1243 2191 1300 Hie
2217 1244 2409 1299 beatus
2431 1242 2535 1307 vir,
2566 1256 2691 1297 cum
2716 1255 2747 1294 a
2769 1256 2937 1311 puero
2961 1256 3020 1295 se
3048 1238 3160 1295 Deo
3182 1246 3579 1305 consecrasset,

2021 1337 2116 1392 Dei
2137 1335 2416 1391 vasculum
2448 1348 2510 1387 ac
2543 1331 2780 1404 Spiritus
2817 1330 2992 1386 sancti
3022 1329 3471 1400 conceptaculum
3500 1328 3581 1391 fa-

2019 1435 2141 1482 ctus
2161 1432 2263 1482 est.
2316 1423 2471 1479 Unde
2505 1434 2557 1479 et
2604 1423 2786 1478 divina
2841 1419 3017 1491 gratia
3068 1418 3271 1488 Deique
3300 1417 3579 1488 suffragio,

2018 1519 2327 1576 sacerdotio
2359 1526 2633 1587 suscepto,
2665 1514 2931 1570 creditum
2970 1513 3071 1568 sibi
3103 1527 3317 1583 gregem
3350 1512 3488 1566 bene
3515 1527 3581 1566 ac

2019 1624 2256 1682 congrua
2301 1609 2517 1679 pietate,
2568 1605 2825 1660 Ecclesia:
2876 1610 3079 1658 coetum
3135 1601 3398 1658 suavibus
3456 1600 3582 1655 illu-

2022 1709 2207 1755 strans
2230 1698 2481 1767 eloquiis,
2512 1697 2678 1767 pavit.
2711 1694 2888 1761 Quare
2911 1693 3096 1758 etiam,
3135 1707 3259 1747 cum
3298 1690 3583 1761 Origenia-

365 1787 665 1859 Ὠριγένους
708 1788 912 1860 πλάνην
955 1790 1380 1855 ἐπιπολάζουσαν
1423 1792 1565 1861 ἰδὼν,
1602 1793 1678 1856 ὡς
1702 1793 1912 1864 ἄριστος

2020 1806 2148 1845 num
2166 1803 2406 1844 errorem
2431 1802 2630 1841 novum
2668 1793 3033 1856 emergentem
3062 1783 3289 1848 videret,
3320 1789 3580 1852 tanquam

352 1877 551 1949 ποιμὴν
594 1879 727 1950 πυρὶ
776 1878 905 1951 θείῳ
957 1880 1158 1951 ταύτην
1208 1883 1530 1953 κατέφλεξε,
1584 1887 1762 1937 πᾶσαν
1820 1882 1912 1953 τὴν

2018 1883 2193 1936 bonus
2214 1888 2418 1951 pastor,
2435 1878 2620 1934 divino
2641 1875 3088 1947 combussitigni,
3114 1874 3325 1945 deiecta
3350 1889 3580 1944 prorsus

350 1965 514 2037 ἀχλὺν
555 1969 651 2021 καὶ
685 1969 1044 2039 σκοτόμαιναν
1078 1969 1386 2039 ὲκμειὼσας
1433 1973 1593 2043 σοφίᾳ
1622 1972 1792 2040 λόγων
1825 1974 1917 2025 καὶ

352 2056 468 2129 θείᾳ
509 2059 711 2130 χάριτι.
730 2060 792 2111 Ἦ
836 2059 892 2113 δὲ
924 2058 1030 2113 τῶν
1060 2060 1232 2130 λόγων
1257 2063 1419 2116 αὐτοῦ
1451 2063 1726 2135 ἀστραπὴ,
1758 2064 1851 2116 καὶ
1879 2065 1912 2134 ἡ

350 2149 445 2220 τῆς
472 2149 723 2218 γνώσεως
754 2151 1004 2220 σάλπιγξ,
1024 2155 1109 2219 εἰς
1132 2150 1336 2208 πᾶσαν
1356 2154 1470 2223 τὴν
1492 2154 1608 2226 τῆν
1634 2153 1918 2221 ἐξελήλυ-

348 2247 473 2300 θεν.
492 2245 653 2299 Ὅθεν
682 2246 757 2318 μὴ
781 2246 960 2318 φέρων
989 2248 1018 2300 ὁ
1051 2247 1241 2320 ἐχθρὸς
1260 2246 1357 2319 τὴν
1380 2248 1690 2320 παρρησίαν
1721 2249 1813 2303 καὶ
1841 2248 1916 2301 ἔνο

350 2349 536 2387 στασιν
562 2335 654 2388 τοῦ
706 2337 961 2406 μεγάλου,
999 2338 1207 2403 ὁπλίζει
1239 2339 1364 2401 τοὺς
1390 2337 1579 2392 ἑαυτοῦ
1611 2340 1914 2410 ὑπουργοὺς

350 2424 487 2494 πρὸς
519 2424 617 2496 τὴν
663 2425 852 2480 τούτου
888 2428 1185 2499 ἀναίρεσιν.
1215 2429 1273 2480 Ὀ
1314 2428 1372 2482 δὲ
1409 2429 1513 2501 πρὸ
1557 2430 1656 2500 τῆς
1706 2447 1913 2500 μαρτυ-

354 2514 475 2584 ρίας
499 2515 764 2586 νέκρωσιν
793 2516 1070 2588 ζωηφόρον
1101 2519 1477 2590 ἐνδυσάμενος,
1511 2519 1652 2588 ξίφει
1678 2520 1776 2591 τὴν
1820 2538 1913 2574 κε⁴

353 2605 527 2677 φαλὴν
555 2606 803 2677 τμηθεὶς,
833 2609 967 2679 πρὸς
1002 2608 1098 2679 τὴν
1130 2610 1412 2680 κρείττονα
1441 2610 1581 2681 ζωὴν
1613 2611 1869 2682 μετετέθη
1897 2629 1911 2642 ·

354 2696 563 2769 πρῶτον
613 2698 711 2767 μὲν
762 2698 1057 2769 ίερουργῶν
1085 2700 1176 2753 τὸν
1214 2700 1409 2771 Ἀμνὸν
1450 2700 1543 2754 τοῦ
1576 2700 1731 2765 Θεοῦ,
1759 2700 1915 2755 ὕστε-

352 2807 446 2863 ρον
471 2791 527 2845 δὲ
561 2790 840 2862 θυόμενος,
872 2795 1149 2867 προσήχθη
1172 2794 1251 2866 τῷ
1284 2795 1502 2868 Χριστῷ
1542 2796 1696 2849 θυσία
1742 2796 1910 2861 ζῶσα.

352 2881 514 2935 Ὅθεν
540 2882 634 2937 καὶ
659 2884 866 2947 διπλοῖς
892 2884 1173 2954 στεφάνοις
1211 2886 1611 2958 κατεκοσμήθη.
1632 2889 1688 2939 Ὁ
1708 2886 1764 2940 δὲ
1791 2904 1916 2956 τεν-

349 2976 495 3036 ναῖος
525 2973 805 3044 πρόμαχος
830 2975 928 3045 τῆς
949 2974 1223 3047 ἀληθείας,
1254 2976 1449 3047 αἵμασι
1480 2979 1833 3048 μαμυρικοῖς
1851 2978 1912 3032 τὸ

348 3065 498 3129 τέλος
544 3064 1003 3137 ἀπενεγκάμενος,
1036 3067 1375 3121 ἀνεπαύσατο
1400 3068 1647 3133 αίωνίως.
1684 3070 1853 3135 Αὐτὸς
1882 3072 1912 3125 ό

353 3156 494 3220 θεῖος
518 3155 601 3225 τῷ
627 3157 738 3210 όντι
763 3158 856 3210 τοῦ
898 3158 1031 3211 Θεοῦ
1062 3157 1235 3230 ἱερεύς
1271 3177 1331 3213 τε
1362 3159 1455 3213 καὶ
1491 3160 1697 3231 μάρτυς
1717 3201 1732 3225 ,
1780 3178 1911 3214 κατ-

348 3248 536 3302 έλιπεν
559 3251 691 3320 ἡμῖν
713 3250 1117 3322 συγγράμματα
1139 3251 1238 3323 τῆς
1256 3251 1418 3305 αὑτοῦ
1440 3251 1770 3322 φιλοπονίας,
1800 3252 1908 3306 πά-

351 3357 449 3411 σης
501 3339 751 3409 γνώσεως
795 3343 887 3396 καὶ
927 3342 1189 3412 ὠφελείας
1228 3343 1579 3414 τυγχάνοντα.
1614 3344 1772 3397 Ἀλλά
1817 3345 1911 3399 καὶ

354 3431 482 3502 περὶ
528 3430 637 3484 τῶν
679 3432 941 3503 μενόντων
992 3434 1301 3502 σαφέστατα
1366 3434 1725 3507 προεθέσπισε
1750 3477 1765 3502 ,
1817 3437 1912 3491 καὶ

349 3522 751 3594 προηγόρευσεν
792 3524 1211 3596 εὐκρινέστατα·
1243 3526 1369 3600 περί
1405 3545 1464 3579 τε
1505 3527 1603 3591 τὰς
1647 3528 1909 3598 βασιλέων

346 3614 646 3683 δναλλαγάς
701 3617 794 3668 καὶ
849 3616 1146 3687 μεταϐολὰς
1200 3618 1293 3671 καὶ
1346 3620 1759 3689 μεταποιήσεις,
1814 3621 1909 3673 καὶ

347 3703 518 3757 ὲθνῶν
548 3704 837 3776 ἐκδρομὰς,
872 3707 965 3759 καὶ
991 3707 1184 3778 χωρῶν
1239 3710 1332 3762 καὶ
1376 3710 1555 3763 τόπων
1603 3709 1910 3781 ἐρημώσεις

349 3796 445 3850 καὶ
488 3796 860 3867 ἀφανισμούς·
898 3798 1024 3869 περί
1051 3815 1111 3851 τε
1147 3798 1438 3871 ὀρθοδόξων
1480 3803 1576 3855 καὶ
1618 3802 1909 3873 αἱρετικῶν

349 3887 644 3960 βασιλέωνο
678 3888 773 3941 καὶ
802 3891 929 3961 περὶ
958 3891 1057 3961 τῆς
1090 3891 1390 3957 συντελείας
1420 3894 1513 3947 τοῦ
1543 3895 1746 3964 κόσμου
1773 3912 1786 3924 ·
1817 3895 1910 3947 καὶ

347 3980 478 4052 περὶ
509 3978 603 4032 τοῦ
646 3980 1013 4050 Ἀντιχρίστου
1056 3981 1274 4053 καὶτῆς
1298 3983 1461 4036 αὑτοῦ
1496 3984 1786 4055 βασιλείας,
1817 3985 1910 4037 καὶ

345 4069 441 4123 τοῦ
491 4072 795 4143 ἀφανισμοῦ
839 4073 932 4126 καὶ
976 4073 1331 4147 πανολεθρίας
1381 4077 1558 4147 πάσης
1590 4076 1787 4147 σαρκὸς
1814 4077 1910 4129 ἀν-

346 4162 638 4235 θρωπίνης.
667 4163 851 4218 Ταῦτα
895 4166 1071 4222 πάντα
1117 4167 1424 4236 σαφέστατα
1483 4170 1512 4221 ὁ
1560 4168 1700 4233 θεῖος
1756 4162 1910 4234 οὗτος

347 4251 726 4325 προεθέσπισε.

415 4407 492 4481 (a_)
522 4408 747 4481 Exstant
774 4410 1021 4481 quaedam
1052 4411 1313 4467 Methodii
1344 4414 1516 4468 nostri
1546 4414 1613 4470 de
1630 4414 1909 4471 Antichri-

2018 1971 2247 2040 caligine
2275 1978 2329 2024 et
2371 1968 2604 2025 obscura
2638 1974 2817 2032 nocte,
2859 1980 3170 2020 sermonum
3217 1963 3485 2033 sapientia
3515 1978 3581 2017 ac

2019 2061 2193 2132 gratia
2221 2060 2421 2115 divina.
2444 2057 2637 2123 Porro,
2676 2070 2988 2112 sermonum
3014 2055 3133 2125 ejus
3154 2056 3326 2109 instar
3349 2054 3580 2125 fulguris

2016 2153 2227 2208 micans
2251 2150 2527 2221 splendor,
2564 2166 2628 2206 ac
2679 2150 2921 2207 scientia:
2947 2150 3095 2215 tuba,
3150 2151 3207 2203 in
3240 2165 3440 2202 omnem
3472 2159 3578 2204 ter-

2016 2261 2131 2300 ram
2157 2244 2334 2301 exivit.
2385 2242 2572 2313 quue
2613 2258 2723 2298 non
2759 2241 2939 2297 ferens
2986 2240 3157 2296 hostis
3185 2240 3430 2310 praeclari
3475 2240 3581 2295 viri

2015 2335 2319 2391 libertatem
2349 2348 2760 2405 pugnacemque
2787 2331 3048 2387 adversus
3081 2331 3262 2401 ipsum
3286 2331 3581 2385 contentio-

2014 2443 2159 2495 nem,
2190 2442 2319 2483 suos
2336 2428 2388 2482 in
2412 2428 2531 2498 ejus
2551 2442 2737 2483 necem
2767 2432 2940 2479 armat
2961 2422 3264 2478 ministros.
3317 2421 3368 2478 ls
3396 2430 3579 2478 autem

2015 2520 2107 2590 qui
2135 2526 2261 2574 ante
2308 2518 2635 2590 martyrium
2667 2516 2936 2572 viviﬁcam
2983 2513 3458 2569 mortiﬁcationem
3500 2514 3582 2568 in-

2013 2610 2241 2677 duisset,
2274 2617 2557 2680 amputato
2586 2608 2785 2679 capite,
2819 2605 2887 2660 ad
2906 2606 3184 2661 meliorem
3212 2603 3376 2658 vitam
3408 2613 3580 2660 trans-

2013 2703 2155 2759 latus
2175 2708 2298 2769 est;
2321 2717 2554 2771 cumque
2586 2700 2821 2771 primum
2888 2696 2982 2753 Dei
3009 2698 3218 2769 Agnum
3246 2697 3575 2764 immolaret,

2013 2793 2129 2864 ipse
2156 2792 2499 2864 postmodum
2531 2791 2858 2853 immolatus,
2878 2790 3096 2845 oblatus
3119 2796 3203 2845 est
3231 2788 3450 2844 Christo
3482 2787 3578 2843 bo-

2013 2885 2118 2940 stia
2141 2884 2348 2939 vivens.
2386 2881 2541 2939 Unde
2571 2882 2736 2938 etiam
2788 2880 3057 2950 duplicem
3091 2895 3344 2935 coronam
3377 2894 3577 2935 conse-

2011 2983 2171 3033 cutus
2200 2984 2303 3032 est.
2331 2974 2796 3045 Strenuusilaque
2824 2973 3063 3030 veritatis
3092 2974 3260 3043 pugil,
3288 2989 3410 3027 cum
3437 2987 3577 3027 mar-

2010 3067 2136 3140 tyrii
2162 3068 2424 3137 sanguine
2462 3068 2751 3137 gloriosam
2783 3073 3114 3137 reportasset
3146 3066 3324 3131 ﬁnem,
3371 3064 3576 3133 sempi-

2013 3167 2225 3215 ternum
2256 3160 2541 3230 requievit.
2574 3158 2673 3213 Hic
2701 3160 2863 3226 plane
2896 3157 3232 3213 admirabilis
3263 3156 3358 3211 Dei
3392 3170 3576 3211 sacer-

2011 3252 2111 3307 dos
2140 3261 2193 3306 et
2221 3258 2425 3322 martyr
2440 3251 2608 3306 libros
2629 3250 2786 3306 nobis
2812 3250 2908 3306 abs
2931 3265 2989 3305 se
3008 3249 3314 3305 elaboratos
3332 3247 3572 3318 reliquit,

2011 3343 2237 3398 scientia
2262 3342 2409 3398 omni
2445 3342 2634 3412 plenos
2663 3355 2726 3394 ac
2754 3340 3096 3395 utilissimos.
3128 3338 3268 3404 Quin
3305 3347 3358 3392 et
3401 3335 3576 3392 defu-

2010 3438 2149 3494 turis
2171 3436 2473 3493 clarissime
2494 3432 2823 3488 vaticinatus
2851 3442 2954 3496 est,
2981 3446 3043 3485 ac
3072 3443 3334 3501 perquam
3364 3426 3576 3498 perspi-

2009 3546 2110 3588 cue
2139 3530 2417 3601 praedixit;
2451 3543 2673 3598 nempe,
2715 3526 2858 3597 quod
2907 3533 3117 3596 spectat
3161 3524 3229 3579 ad
3284 3535 3574 3595 regnorum

2010 3624 2263 3692 utrinque
2283 3621 2629 3679 mutationes,
2653 3619 2889 3688 gentium
2918 3617 3289 3681 excursiones,
3307 3617 3575 3670 locorum-

2008 3730 2115 3786 que
2143 3729 2207 3768 ac
2235 3712 2513 3782 regionum
2546 3710 2896 3764 vastationes.
2927 3708 3059 3762 Item
3100 3707 3243 3778 quod
3286 3707 3355 3761 ad
3383 3706 3572 3761 ortho-

2009 3806 2181 3863 doxos
2200 3822 2352 3877 reges
2381 3815 2435 3861 et
2461 3805 2774 3869 haereticos,
2810 3817 2911 3858 nec
2942 3816 3053 3857 non
3095 3802 3241 3874 quod
3280 3802 3348 3856 ad
3386 3800 3574 3857 mundi

2010 3899 2560 3963 consummationem,
2622 3903 2783 3966 atque
2832 3892 2908 3966 (α)
2956 3894 3023 3949 ad
3074 3893 3470 3949 Antichristum
3518 3899 3573 3948 et

2008 3993 2128 4064 ejus
2174 4007 2423 4063 regnum,
2454 3989 2755 4059 mundique
2805 3987 3230 4066 destructionem
3250 4027 3265 4052 ,
3297 4002 3360 4041 ac
3393 3986 3571 4042 omnis

2009 4085 2261 4140 humana:
2286 4083 2472 4139 carnis
2502 4083 2800 4138 interitum.
2827 4081 2975 4145 Haec,
3008 4082 3249 4152 inquam,
3279 4079 3461 4136 omnia
3488 4079 3572 4134 vir

2008 4174 2241 4231 eximius
2269 4173 2571 4230 clarissime
2600 4173 2922 4227 vaticinatus
2954 4181 3057 4227 est.

2002 4415 2239 4486 jicienda
2269 4414 2475 4486 putavi,
2518 4413 2801 4469 deﬁciente
2833 4410 3019 4486 Graeco
3063 4410 3269 4486 codice.
3297 4409 3362 4463 ad
3408 4383 3570 4479 quem

345 4477 435 4558 sto
460 4477 648 4558 Latine
675 4477 817 4558 edita
851 4482 907 4558 in
939 4481 1095 4558 Bibl._
1111 4482 1333 4537 Patrum
1364 4484 1549 4558 Colon.
1592 4499 1658 4540 ac
1705 4501 1906 4558 nuper-
1941 4553 1969 4558 _
2002 4477 3177 4558 conferremqetopus.totum‘expeuderem.
3205 4478 3348 4558 Sane
3378 4477 3568 4558 utnon

343 4548 489 4638 rima!
507 4548 713 4638 Paris?
732 4552 848 4638 ipsa
875 4553 1108 4638 l'ortenad
1126 4570 1248 4635 qua;
1267 4555 1486 4638 respicit
1520 4562 1709 4638 auctor
1738 4548 1906 4638 δξιηα-
1935 4553 1981 4613 ο
2007 4558 2186 4627 placet
2219 4555 2385 4608 nimia
2417 4548 3569 4638 in'lnujysmodi__proplietis'prophetiisque

342 4618 489 4698 aerii
533 4618 1327 4698 (‘),Aquanquamﬁella'rmino
1357 4618 1668 4698 'videantur
1721 4618 1903 4682 minus

344 4690 462 4741 viro
479 4691 877 4762 sanetodigna.
909 4690 1053 4746 Nihil
1080 4710 1181 4762 ego
1209 4696 1693 4762 pronuntiaverim,
1718 4711 1779 4749 re
1801 4698 1905 4749 mi-

341 4770 450 4839 nus
480 4759 613 4812 mibi
640 4759 923 4830 discussa;
960 4778 1025 4817 ac
1047 4759 1149 4819 nec
1178 4759 1537 4820 Methodianis
1573 4759 1776 4821 nostris
1806 4768 1903 4821 ad-

2006 4621 2160 4681 ἕχει-ξι
2188 4640 2449 4679 canonem
2490 4621 2803 4688 credulitas,
2822 4624 2894 4675 ita
2923 4637 3024 4675 nec
3057 4621 3228 4674 levius
3247 4621 3565 4687 spreverim,

2005 4696 2053 4750 si
2106 4711 2213 4765 qua
2246 4696 2573 4765 praesertim
2608 4695 2754 4751 velut
2795 4700 3109 4749 sanctorum
3150 4690 3374 4759 antiqua
3427 4688 3569 4743 obti-

2006 4764 2192 4821 neant.
2230 4764 2515 4822 censeris.

405 4908 466 4985 (ἦ)
489 4911 605 4985 Haec
628 4914 755 4963 haud
772 4916 1178 4985 dubie_Methodii
1195 4920 1406 4985 junioris
1425 4927 1558 4985 sunt.
1584 4921 2110 4985 constantinopolitani
2132 4921 2438 4985 patriarchae,
2462 4933 2589 4972 anno
2612 4918 2705 4969 διδ
2725 4915 2976 4984 defuncti.
3001 4914 3121 4967 Vide
3141 4912 3345 4964 Fabricii
3363 4910 3569 4978 [Biblioo

340 4968 525 5025 Uticam
546 4975 783 5037 Grecam,
801 4978 880 5028 ed.
900 4979 1114 5043 Harles.,
1140 4968 1267 5030 toni.
1284 4968 1919 5044 vu,‘p‘;emissarium
