4056 6302
513 320 586 374 27
1499 319 1558 377 S.
1595 319 1924 376 ΜΕΤΗοοΠ
1963 320 2273 378 EPISCOPI
2311 321 2402 378 ET
2440 319 2792 377 MARTYRIS
3675 323 3754 381 9-8

1935 449 3749 484 m

531 450 2081 484 Μ

1237 610 1463 697 ΤΟΥ
1532 611 1676 696 ΕΝ
1746 611 2108 697 ΑΓΙΟΙΣ
2182 611 2612 697 ΠΑΤΡΟΣ
2686 609 3012 700 ΗΜΩΝ

1674 803 2572 938 ΜΕΘΟΔΙΟΥ

1595 1036 1970 1089 ΕΠΙΣΚΟΠΟ
1983 1037 2029 1088 Υ
2081 1038 2207 1090 ΚΑΙ
2272 1036 2654 1090 ΜΑΡΤΥΡΟΣ

802 1200 1712 1322 ΣΥΜΠΟΣΙΟΝ
1783 1204 2081 1318 ΤΩΝ
2106 1204 2562 1435 ΗΔΕΚΑ
2622 1204 3440 1326 ΠΑΡΘΕΝΩΝ

1730 1507 1987 1593 ΠΕΡΙ
2041 1506 2536 1594 ΑΓΝΕΙΑΣ.

1258 1793 1928 1955 SANCTI
2038 1679 2992 1957 METHODII

1690 2066 2004 2126 EPISCOPI
2042 2068 2132 2125 ET
2173 2069 2533 2127 MARTYRIS

910 2248 1812 2381 CONVIVIUM
1909 2250 2455 2378 DECEM’
2528 2247 3326 2382 VIRGINUM

2070 2499 2191 2541 SIVE

1635 2657 1782 2747 DE
1858 2655 2636 2748 CASTIMONIA.

1424 2907 1912 2972 ΡΕΗΞΟΝΛΞ
1985 2901 2817 2980 COLLOQUENTE'S.

854 3029 1246 3086 ΕΥΒΟΥΛΙΟΝ
1281 3030 1380 3107 (ι).

857 3121 1262 3179 ΓΡΗΓΟΡΙΟΝ.

856 3214 1104 3269 APETH.

855 3307 1240 3363 ΜΑΡΚΕΛΛΑ

853 3398 1164 3455 ΘΕΟΦΙΛΑ.

856 3491 1084 3546 ΘΑΛΙΑ.

857 3585 986 3639 ΘΕΟ
995 3587 1036 3638 Π
1041 3588 1241 3640 ΑΤΡΛ.

853 3677 1079 3733 ΘΑΛΛο
1089 3681 1236 3736 ΥΣΑ.

854 3771 1093 3825 ΑΓΑΘΑ.

853 3861 1224 3917 ΠΡΟΚΙΛΛΑ.

853 3951 1102 4008 ΘΕΚΛΑ.

854 4039 1212 4098 ΤΟΥΣΙΑΝΑ.

856 4131 1188 4188 ΔΟΜΝΙΝΑ.

2534 3025 2910 3082 EUBULIUM.

2498 3117 2951 3176 'GREGORIUM.

2529 3211 2779 3266 ARETE.

2529 3303 2896 3359 MARCELLA
2907 3345 2919 3357 .

2530 3397 2936 3453 THEOPHlLA.

2534 3488 2808 3544 THALIA.

2526 3579 2968 3637 THEOPATRA.

2525 3677 2918 3733 THALLUSA.

2522 3765 2824 3820 AGATHA.

2533 3854 2892 3912 PROCILLA.

2528 3944 2617 3998 ΤΗ
2625 3943 2822 4000 ECLA.

2523 4037 2843 4093 TUSIANA.

2491 4196 2493 4198 I
2523 4128 2855 4186 DOMNINA.

511 4331 896 4392 Itt'rnonucrto.
931 4364 1000 4374 -—
1035 4335 1217 4404 Operis
1259 4338 1555 4393 consilium.
1596 4337 1702 4391 lter
1737 4337 1804 4390 ad
1831 4337 2162 4405 paradisum.
2220 4335 2442 4389 Virtutis
2494 4331 2772 4405 descriptio
2793 4338 2857 4405 _et
2902 4329 3282 4405 prosopopoeia.
3315 4328 3531 4396 'Actws,
3573 4331 3731 4397 vitex,

1082 4401 1374 4475 symbolum
1417 4410 1700 4462 castitatis.
1733 4401 2007 4472 Marcella,
2047 4410 2182 4462 inter
2210 4405 2406 4459 Christi
2441 4404 2662 4473 virgines
2693 4402 2867 4454 senior
2889 4409 2938 4453 et
2966 4401 3160 4468 prima.

577 4516 825 4575 EUBUL.
846 4518 1314 4589 Opportunissime
1339 4522 1488 4587 ades,
1507 4538 1538 4575 ο
1561 4522 1879 4593 Gregorium
1902 4543 1915 4578 :
1937 4539 2061 4578 nam

505 4619 564 4668 et
594 4611 754 4666 modo
798 4622 848 4666 te
893 4612 1222 4681 quaerebam,
1279 4615 1418 4669 scire
1446 4616 1631 4669 volens
1674 4615 1742 4668 de
1769 4631 2065 4685 congressu

509 4703 774 4759 Marcella:
804 4711 858 4757 et
889 4702 1237 4773 TheOpatrae,
1270 4723 1370 4762 nec
1399 4723 1505 4761 non
1542 4706 1871 4777 reliquarum
1903 4707 2069 4776 virgi-

505 4811 636 4853 num
665 4813 784 4866 qua:
822 4805 952 4852 tunc
992 4797 1058 4851 ad
1098 4799 1406 4854 convivium
1445 4807 1846 4867 convenerunt;
1881 4801 2068 4870 quales

577 4948 652 5024 (l)
688 4951 1032 5007 Εὐϐούλιον.
1071 4950 1302 5024 Uterque
1337 4954 1504 5008 codex
1547 4954 1731 5024 primae
1761 4953 1920 5020 hujus
1945 4952 2069 5007 Dia-

505 5022 612 5092 logi
638 5035 881 5090 persona:
906 5037 1100 5092 nomen
1159 5023 1261 5077 hoc
1308 5024 1467 5077 modo
1499 5022 1562 5078 in'
1601 5033 1751 5078 recto
1789 5023 2064 5078 eﬂ‘erebat.

504 5089 601 5146 Est
623 5089 684 5143 ea
707 5091 1230 5166 terminatioGraacis
1253 5095 1662 5166 ὑποκοριστική,
1682 5095 1900 5150 nonnisi
1917 5094 2069 5166 serui

504 5170 598 5214 aut
625 5160 769 5234 aetati
788 5161 1018 5234 molliori
1043 5165 1391 5220 conveniens.
1409 5160 1585 5230 Quare
1597 5160 1718 5219 cum
1738 5180 1962 5234 puerum
1981 5165 2070 5218 hic

504 5249 613 5303 non
653 5231 833 5303 induci
879 5233 1180 5300 loquentem
1215 5235 1349 5288 satis
1389 5244 1676 5303 appareat,
1710 5231 1945 5290 restabat
2006 5242 2064 5288 ut

501 5302 792 5367 Εὑδούλιον
817 5318 922 5375 non
943 5304 1121 5357 minus
1144 5320 1301 5375 quam
1323 5302 1614 5375 Γρηγρριον
1633 5307 1825 5360 mulier
1840 5306 1924 5359 hic
1944 5320 2065 5360 esse

502 5380 805 5445 putaretur.
822 5370 1027 5445 AVerum
1047 5370 1168 5427 cum
1189 5373 1323 5430 Maz.
1343 5370 1518 5429 c'ode'x'
1550 5377 1844 5430 masculina
1865 5375 2064 5445 passim

509 5443 741 5506 Eubulio
771 5443 1024 5515 adjuncta
1057 5446 1364 5515 copularet,
1399 5461 1625 5501 necesse
1648 5446 1744 5500 fuit
1765 5443 2066 5515 intelligere

504 5515 781 5584 mulierem
809 5511 908 5568 hoc
939 5514 1055 5568 loco
1115 5511 1416 5584 Gregorium
1467 5525 1732 5581 vocatam,
1775 5533 1898 5570 cum
1940 5511 2055 5570 viro

507 5581 720 5646 Eubulii
752 5599 949 5639 nomen
994 5581 1230 5639 habente
1265 5584 1515 5642 fabulari.
1553 5584 1662 5641 Nec
1715 5588 1769 5640 in
1805 5602 1869 5640 eo
1891 5585 2051 5654 quid-

2235 4518 2504 4571 ΕΥΒΟΥΛ
2532 4519 2570 4571 ⁴”.
2600 4513 2971 4586 Εὑκαιρὸτατα
2996 4515 3257 4587 ἐπέστης,
3311 4509 3356 4569 ὦ
3402 4515 3731 4590 Γρηγὸριονο

2173 4612 2266 4664 καὶ
2295 4611 2402 4680 γὰρ
2436 4608 2655 4678 ἕναγχός
2690 4625 2749 4660 σε
2782 4607 3024 4680 ἐζήτουν,
3063 4607 3381 4677 βουλόμενος
3417 4608 3602 4679 μαθεῖν
3635 4611 3733 4680 τὴν

2173 4702 2494 4775 Μαρκέλλης
2529 4701 2807 4754 συνουσίαν
2839 4701 2933 4754 καὶ
2961 4699 3066 4752 τῶν
3088 4699 3285 4752 λοιπῶν
3315 4700 3597 4772 παρθένων
3626 4702 3732 4755 τῶν

2172 4793 2292 4846 τότε
2343 4792 2420 4864 τῷ
2464 4791 2762 4863 συνδείπνῳ
2819 4791 3273 4864 παραγενομένων
3317 4794 3446 4863 περὶ
3494 4794 3602 4848 τῶν
3636 4796 3732 4867 τῆς

2171 4969 2332 5024 quam
2374 4961 2564 5007 contra
2593 4953 2850 5024 decorum
2903 4959 3005 5024 est.
3057 4951 3255 5006 idonea
3303 4952 3544 5024 profecto
3569 4953 3730 5010 index

2173 5023 2349 5080 rerum
2386 5025 2438 5080 in
2464 5023 2710 5079 muliebri
2759 5023 3007 5078 convivio
3039 5031 3312 5092 gestarum
3342 5023 3591 5078 ministra
3612 5025 3732 5093 ejus

2173 5111 2373 5150 mensae
2396 5095 2592 5148 mulier
2630 5093 2758 5148 fuit:
2789 5109 2908 5162 quae
2934 5094 3079 5162 quod
3108 5093 3395 5148 ministerii
3434 5095 3730 5150 attentione

2175 5174 2419 5228 avocata,
2451 5164 2816 5218 verisimiliter
2861 5165 3192 5232 nequivisset
3241 5165 3516 5219 orationes
3542 5165 3729 5219 convi-

2169 5237 2410 5289 vantium
2444 5235 2712 5303 virginum
2741 5273 2755 5296 ,
2805 5235 3103 5303 praesertim
3135 5234 3363 5290 sublatis
3397 5234 3636 5298 ferculis,
3673 5243 3730 5290 et

2170 5312 2292 5373 post
2343 5305 2725 5376 ministrarum”
2767 5319 3056 5376 recessum
3092 5304 3304 5360 habitas
3355 5320 3721 5376 cognoscere;

2172 5383 2295 5444 apte
2325 5375 2540 5443 ﬁngitur
2588 5373 2926 5443 TheOpatrae,
2969 5373 3130 5430 unius
3157 5392 3187 5430 e
3213 5373 3518 5439 sodalibus,
3552 5376 3723 5429 relatu

2171 5445 2425 5499 didicisse
2455 5463 2466 5497 :
2502 5445 2642 5499 sicut
2687 5444 3046 5513 Apollodorus
3076 5455 3326 5500 narrator
3362 5444 3596 5500 Convivii
3625 5448 3724 5499 So-

2173 5517 2362 5568 cratici
2386 5554 2400 5578 ,
2425 5529 2544 5583 qua:
2567 5514 2770 5579 retulit,
2803 5529 2870 5568 ex
2899 5515 3241 5572 Aristodemo
3264 5516 3355 5584 qui
3379 5517 3721 5581 interfuerat,

2159 5599 2219 5638 se
2252 5585 2532 5654 accepisse
2559 5584 2863 5655 proﬁtetur,
2893 5586 2950 5641 in
2999 5602 3063 5642 eo
3107 5584 3346 5640 Platonis
3378 5585 3516 5641 libro
3564 5601 3723 5657 quem

567 5739 581 5764 '
617 5739 717 5792 Hoc
736 5742 878 5801 signo
902 5739 1179 5792 indicantur
1203 5746 1330 5792 notae
1357 5741 1634 5799 Allatianas.
1663 5754 1772 5803 quae
1796 5741 1910 5790 huic
1933 5738 2073 5798 operi
2093 5736 2436 5800 subjiciuntur.
