4056 6302
236 327 314 383 29

1331 325 1712 383 CONVIVIUM
1754 327 1981 383 DECEM
2017 327 2378 385 VIRGINUM.
3393 339 3463 395 50

235 447 468 516 ἁγνείας
517 446 722 515 λόγων,
757 447 901 510 τίνες
941 441 1099 517 ἦσαν.
1139 445 1274 501 Φασὶ
1316 445 1424 520 γὰρ
1465 446 1669 518 σφόδρα
1712 465 1794 518 με·

1909 446 1977 502 de
2008 447 2328 504 castimonia
2378 463 2659 506 sermones
2714 450 3082 507 contulerunt.
3126 451 3294 508 Aiunt
3319 456 3466 509 enim

236 535 603 609 γαλοπρεπῶς
642 535 816 599 οὕτως
856 536 1023 598 αύτάς
1067 536 1157 588 καὶ
1203 534 1435 606 ἰσχυρῶς
1473 533 1805 605 ἠγωνίσθαι,

235 629 323 693 ὡς
349 628 572 700 μηδενὸς
603 625 740 681 εἶναι
767 627 876 680 τῶν
906 630 984 692 εἰς
1005 629 1064 681 τὸ
1095 627 1471 699 περικείμενον
1503 628 1808 696 ἀναγκαίων

231 720 494 785 ἐπιδεεῖς.
533 721 596 773 Εἰ
631 714 722 774 οὖν
769 721 952 791 ἑτέρου
1001 720 1142 780 τινὸς
1197 721 1357 773 ἕνεκα
1408 715 1599 791 ἦλθες,
1650 720 1810 772 τοῦτο

237 811 490 876 εἰσαῦθις
522 812 956 884 ἀναϐαλλομένη,
1002 811 1075 884 μὴ
1125 813 1360 884 ὀκνήσῃς
1403 812 1528 877 νῦν,
1569 812 1694 885 περὶ
1732 807 1808 867 ὧν

247 904 635 978 πυνθανόμεθά
691 923 818 970 σου,
863 905 1166 970 ἀκολούθως
1222 907 1352 978 ἡμῖν
1407 906 1618 960 ἅπαντα
1671 906 1810 960 διελ-

247 995 388 1052 θεῖν.

314 1202 603 1256 ΓΡΗΙὊΡ.
647 1201 975 1273 Ἦμϐροτον,
1015 1203 1090 1267 ὡς
1117 1203 1280 1266 ἔοικε,
1307 1205 1406 1276 τῆς
1430 1204 1660 1272 ἐλπίδος,
1688 1206 1806 1259 ἐτέ-

247 1310 343 1365 ρου
391 1293 909 1364 προαναγγείλαντος
953 1295 1053 1366 ἥδη
1109 1296 1236 1367 περὶ
1273 1290 1346 1351 ὧν
1399 1299 1626 1369 ἐρωτᾷς.
1667 1298 1806 1367 Ἐγὼ

245 1386 354 1455 γὰρ
381 1385 603 1459 μηδέπω
628 1387 788 1458 μηδὲν
808 1387 1096 1457 ἀκηκοέναι
1125 1387 1391 1459 νομίσασά
1424 1405 1483 1442 σε
1515 1389 1623 1442 τῶν
1648 1406 1806 1459 γεγο-

240 1476 431 1537 νότων,
461 1477 660 1546 σφόδρα
687 1476 829 1547 μέγα
860 1477 1116 1548 ἐφρόνουν
1145 1479 1236 1532 ἐπὶ
1275 1478 1448 1550 τούτῳ
1467 1519 1480 1543 ,
1515 1479 1608 1533 καὶ
1641 1479 1804 1534 ἐκαλ-

238 1565 557 1637 λωπιζόμην
596 1567 671 1632 ὡς
701 1567 889 1640 πρώτη
924 1585 1005 1622 σοι
1039 1569 1304 1640 μέλλουσα
1334 1571 1691 1640 ἐξαγγέλλειν.
1715 1572 1806 1626 Διὸ

236 1656 305 1729 δὴ
352 1658 444 1712 καὶ
484 1659 810 1724 ἐσπούδαζον
853 1660 1038 1732 τάχιον
1071 1661 1228 1736 δεῦρο
1259 1663 1431 1717 ἐλθεῖν
1466 1665 1602 1736 πρὸς
1637 1665 1801 1736 ὑμᾶς,

237 1751 375 1850 αὐτὸ
401 1752 492 1850 ,δὴ
544 1751 702 1805 τοῦτο
755 1752 1144 1825 εὐλαϐηθεῖσα,
1191 1755 1252 1808 τὸ
1305 1755 1378 1828 μὴ
1429 1756 1802 1831 προληφθῆναι
1831 1790 1876 1850 Β

242 1844 334 1896 ὑπ’
366 1843 542 1900 ἄλλου.

310 1960 601 2014 ΕΥΒΟΥΛ.
643 1961 872 2034 Θάρσει·
901 1963 992 2016 καὶ
1025 1961 1130 2034 γὰρ
1155 1963 1305 2017 οὐδὲν
1328 1962 1588 2036 ἀκριϐῶς,
1620 1958 1665 2018 ὦ
1694 1981 1802 2036 μα-

240 2053 438 2126 καρία,
491 2055 819 2124 πεπύσμεθα
864 2055 971 2108 τῶν
1008 2057 1328 2124 γεγονότων.
1373 2058 1444 2110 Οὐ
1500 2058 1607 2130 γὰρ
1647 2056 1806 2129 ἔσχεν

237 2147 266 2199 ό
304 2146 563 2216 ἀγγείλας
609 2146 996 2220 ἀφηγήσασθαι
1035 2147 1198 2201 πλέον
1249 2148 1282 2220 ἢ
1337 2148 1418 2202 ὅτι
1447 2148 1680 2218 διάλογοι
1712 2166 1804 2220 γε-

237 2237 495 2310 γένηντο·
556 2239 700 2304 τίνες
754 2239 844 2306 δὲ,
903 2239 996 2292 κεπιῖ⁷
1060 2239 1246 2305 ὅπως,
1312 2239 1802 2312 ὲπανερωτὼμενος

235 2327 441 2396 ¹ὴγνόει.

307 2439 594 2495 ΓΡΗΓΟΡ.
635 2441 844 2495 Οὐκοῦν
886 2442 1172 2514 βούλεσθε,
1212 2443 1399 2514 ἐπειδὴ
1445 2444 1514 2498 δι’
1548 2444 1678 2499 αὐτὸ
1717 2447 1803 2498 ἐν-

238 2529 414 2584 ταῢθα
456 2533 868 2604 παρεγενόμην,
905 2535 1156 2588 ἁπάντων
1197 2533 1256 2599 ἐξ
1287 2536 1461 2607 ἀρχῆς
1499 2534 1799 2590 ἐπακοῦσαι

239 2622 349 2674 τῶν
377 2623 712 2695 εἰρημένων;
744 2624 776 2696 ἢ
820 2626 886 2678 τὰ
928 2627 1025 2697 μὲν
1059 2628 1404 2698 παραλείψω,
1436 2627 1544 2682 τῶν
1584 2629 1639 2681 δὲ
1678 2631 1799 2682 ἐπι-

245 2712 489 2784 μνησθῶ,
522 2713 556 2767 ἃ
594 2713 1061 2786 ἀξιομνημόνευτα
1103 2717 1336 2789 ἡγοῦμαι
1364 2718 1728 2789 τυγχάνοντας

311 2828 601 2881 ΕΥΒΟΥΛ.
645 2826 809 2882 Οὔπω
839 2830 1056 2894 πάντως
1079 2830 1152 2901 (2)
1174 2847 1187 2860 ·
1220 2831 1331 2884 ἀλλ’
1358 2831 1417 2898 ἐξ
1445 2833 1618 2904 ἀρχῆς
1647 2835 1796 2905 ἡμῖν,

235 2913 282 2974 ὧ
314 2920 631 2992 Γρηγόριον,
657 2921 870 2993 πρῶτον
901 2923 1209 2994 είσήγησαι,
1238 2924 1337 2995 τήν
1369 2941 1427 2976 τε
1468 2923 1797 2989 συνέλευσιν,

235 3011 364 3066 ἔνθα
387 3013 638 3084 ἐγενήθη,
676 3013 769 3066 καὶ
810 3013 916 3066 τῶν
960 3014 1268 3086 ἐδεσμάτων
1294 3014 1392 3079 τὰς
1411 3015 1760 3088 παρασκευάς
1779 3034 1794 3048 ο

237 3106 467 3178 σεαυτήν
497 3123 556 3159 τε
583 3105 700 3170 πῶς
727 3105 1058 3177 ᾠνοχόησας.

343 3255 358 3269 .
379 3254 394 3268 .
417 3253 430 3266 .
454 3253 467 3267 .
487 3251 502 3268 .
536 3215 608 3268 Αἱ
638 3212 706 3268 δὲ
736 3213 1019 3282 χρυσέοις
1047 3213 1378 3270 δεπάεσσιν

284 3283 596 3353 ’Δειδέχαιθ
619 3283 912 3350 ἀλλήλας,
927 3285 1116 3355 μέγαν
1143 3286 1402 3354 οὐρανὸν
1424 3290 1791 3358 εἰσορόωσαι.

306 3397 590 3451 ΓΡΗΓΟΡ.
642 3397 751 3449 Ἀεὶ
776 3398 946 3461 δεινὸς
987 3399 1045 3452 ἐν
1081 3402 1200 3463 ταῖς
1239 3400 1476 3472 ὁμιλίαις
1521 3406 1614 3458 καὶ
1648 3405 1797 3474 φιλο-

236 3535 326 3589 hic
355 3532 638 3589 manifeste
667 3532 968 3589 Methodius
1003 3534 1285 3589 aemulatus
1326 3541 1427 3588 est.
1464 3533 1633 3590 Porro
1663 3535 1798 3592 Gre-

238 3605 473 3678 gorium,
497 3605 622 3658 licet
652 3604 866 3666 mulier,
893 3604 1028 3678 citra
1060 3605 1222 3678 ullam
1253 3605 1557 3677 ἀπρέπειαν
1579 3608 1797 3678 tingitur

235 3674 290 3730 in
311 3674 629 3729 familiarem
657 3689 873 3728 reversa
903 3674 1142 3745 domum,
1173 3675 1286 3728 hazc
1319 3674 1438 3745 quae
1469 3674 1679 3744 partim'
1717 3679 1796 3732 vi-

203 3746 410 3807 .derat,
454 3745 663 3813 partim
701 3745 978 3806 rescierat,
1014 3743 1080 3797 ad
1111 3743 1351 3799 virorum
1407 3743 1609 3802 coitum
1655 3748 1797 3806 reci-.-

235 3823 404 3870 lasse.
435 3812 588 3868 Alios
619 3813 762 3867 enim
804 3829 926 3867 cum
974 3813 1202 3868 Eubulio
1234 3814 1421 3876 fuisse,
1468 3833 1576 3870 non
1625 3819 1796 3873 semel

237 3886 564 3957 indicatur_:
601 3890 662 3957 ut
714 3883 1030 3957 illisuverbis
1053 3883 1286 3957 _Eubulii
1337 3885 1579 3957 ejusdem
1635 3889 1796 3957 paulo

306 3963 376 4020 sl,
405 3956 496 4024 Μὴ
522 3953 756 4024 ὀκνήσῃς
784 3952 877 4008 νῦν
901 3955 1027 4024 περ).
1047 3947 1119 4006 ὧν
1139 3947 1515 4024 πυνθανόμεθά
1536 3947 1652 4012 σουῖ
1671 3957 1798 4011 ἀκο-

267 4025 438 4089 ούθως
461 4023 592 4096 ἡμῖν
639 4023 854 4096 ἅπαντα
879 4023 1101 4096 διελθεῖν
1127 4043 1139 4077 :
1174 4033 1228 4096 et
1261 4023 1366 4096 illis
1391 4025 1560 4096 ipsius
1589 4024 1793 4095 Grego-

233 4096 302 4151 rii
328 4112 448 4148 mox
477 4093 850 4165 respondentis
879 4114 890 4148 :
933 4093 1022 4165 Διδ
1044 4093 1228 4165 eam
1257 4094 1581 4165 ἐσπούδαζον
1613 4093 1797 4165 τάχιον

229 4166 390 4236 δεῦρο
419 4162 591 4218 ἐλθεῖν
616 4163 752 4236 πρὸς
775 4165 938 4235 ὑμᾶς.
971 4163 1047 4218 Ex
1079 4162 1161 4236 his
1194 4162 1793 4236 conjectamurinomen

234 4234 416 4291 verum
440 4236 624 4306 primae
647 4234 1073 4306 hujus’personte
1096 4235 1150 4288 in
1171 4242 1320 4306 recto
1338 4250 1459 4290 esse
1487 4235 1792 4304 Εύὸούλιος,

236 4303 458 4376 εἱοᾳυε”
483 4306 682 4374 ubique
724 4303 1138 4376 rescripsimus.
1192 4303 1403 4376 Neque
1429 4307 1570 4360 enim
1613 4321 1796 4376 exem-

272 4375 564 4430 lninnllum
596 4383 811 4430 exstare
844 4375 1095 4443 putamus
1130 4376 1232 4428 viri
1263 4377 1354 4445 qui
1376 4375 1560 4430 Graece
1594 4375 1795 4428 Εὐϐού-

274 4393 379 4429 nun
399 4393 564 4430 unum
596 4393 811 4430 exStare
844 4393 1095 4443 putamus
1130 4393 1232 4428 vm
1263 4393 1354 4445 qtn
1376 4393 1560 4430 Graece
1594 4393 1783 4428 moon-

232 4393 344 4500 λιον
395 4453 640 4516 vocetur.
691 4446 875 4516 Itaque
926 4463 1033 4501 non
1078 4446 1388 4502 dubitamus
1438 4445 1721 4509 Εὐϐούλιος
1752 4463 1783 4501 a

1908 550 2002 592 eas
2035 537 2317 607 magniﬁce
2355 539 2490 594 adeo
2516 554 2578 594 ac
2608 540 2854 610 gnaviter
2876 557 2976 612 pro
3007 557 3066 598 se
3095 558 3368 613 quamque
3407 544 3468 598 in

1907 643 1970 684 ea
1999 629 2347 685 contentione
2395 645 2516 686 esse
2571 642 2841 696 versatas,
2882 639 2942 686 ut
2982 633 3120 688 nihil
3171 633 3463 691 admodum

1907 720 2210 783 omiserint,
2239 723 2382 792 quod
2413 722 2478 777 ad
2510 724 2669 779 istius
2693 725 2996 794 argumenti
3030 725 3242 795 plenam
3266 735 3464 781 tracta-

1905 811 2109 868 tionem
2135 811 2306 868 videri
2347 816 2716 871 necessarium
2762 816 2953 885 possit.
2996 814 3055 870 Si
3101 833 3228 886 ergo
3269 819 3465 874 venisti

1906 905 1984 961 rei
1999 904 2221 964 alterius
2237 915 2562 972 causa,eam
2574 921 2760 975 quaeso
2783 907 2835 960 in
2864 914 3076 978 tempus
3105 908 3252 964 aliud
3273 909 3462 975 dilata,

1906 1012 1976 1052 ne
2007 996 2264 1053 continue
2307 998 2549 1067 graveris
2579 999 2896 1069 rogantibus
2935 999 3092 1054 nobis
3137 1007 3336 1056 cuncta
3373 1015 3465 1058 ora

1905 1087 2032 1144 dine
2067 1087 2289 1143 referre.

1975 1201 2178 1258 GREG.
2216 1200 2342 1272 Spe,
2369 1215 2512 1267 reor,
2559 1200 2820 1256 frustrata
2859 1217 2978 1256 sum
3023 1221 3037 1258 :
3079 1203 3464 1275 praeripuitque

1904 1295 2036 1350 mihi
2075 1294 2272 1364 aliquis
2323 1293 2550 1364 gratiam
2609 1293 2769 1363 primi
2805 1293 3016 1360 nuntii,
3057 1310 3244 1348 earum
3279 1310 3462 1350 rerum

1905 1387 1972 1444 de
2009 1386 2210 1456 quibus
2251 1385 2572 1441 sciscitaris.
2615 1383 2729 1456 Ego
2767 1400 2898 1439 vero
2946 1385 3082 1439 nihil
3117 1385 3311 1440 horum
3341 1393 3395 1441 te
3431 1402 3463 1440 a

1902 1493 2173 1550 quoquam
2211 1476 2485 1532 audivisse
2519 1476 2835 1531 existimans
2859 1515 2873 1541 ,
2905 1476 3197 1546 gestiebam
3233 1477 3462 1542 scilicet,

1903 1573 2293 1644 placebamque
2332 1585 2441 1623 non
2478 1583 2670 1639 parum
2701 1567 2855 1630 mihi,
2884 1583 2948 1623 eo
2978 1567 3122 1639 quod
3155 1567 3251 1622 tibi
3287 1568 3462 1639 prima

1903 1665 2150 1720 nuntium
2175 1663 2402 1718 allatura
2419 1677 2588 1717 eram.
2607 1660 2787 1728 Quare
2806 1659 3130 1716 festinabant
3151 1660 3334 1716 venire
3357 1661 3463 1717 huc

1903 1758 1971 1812 ad
1995 1774 2115 1823 vos,
2154 1759 2210 1814 id
2239 1759 2415 1830 ipsum
2449 1757 2621 1812 verita
2655 1754 2800 1826 quod
2837 1754 3068 1820 accidit,
3107 1769 3176 1809 ne
3213 1755 3338 1825 quis
3375 1755 3462 1810 ad-

1902 1857 2118 1905 ventum
2143 1865 2322 1906 meum
2353 1855 2663 1919 occuparet.

1972 1961 2222 2018 EUBUL.
2254 1963 2402 2018 Bono
2435 1962 2620 2016 animo
2661 1971 2774 2018 esto
2806 1976 2822 2015 :
2858 1961 2994 2016 nihil
3031 1961 3254 2027 enim,o
3285 1962 3462 2030 bona,

1901 2062 2090 2110 exacte
2139 2055 2522 2123 comperimus.
2593 2051 2704 2106 Nec
2756 2052 2847 2121 qui
2903 2052 3166 2105 nuntiavit
3219 2051 3461 2109 indicare

1901 2145 2047 2200 aliud
2085 2145 2293 2215 potuit,
2355 2158 2517 2215 quam
2558 2157 2874 2197 communes
2911 2155 3188 2198 sermones
3247 2141 3464 2200 habitos

1903 2253 2064 2293 esse:
2107 2237 2333 2307 quinam
2369 2249 2499 2290 vero
2537 2241 2631 2290 aut
2659 2233 2848 2290 quales
2889 2231 3120 2297 fuerint,
3161 2233 3464 2305 interroga-

1900 2337 1987 2386 tus
2023 2330 2274 2386 nescivit.

1971 2441 2175 2497 GREG.
2200 2439 2376 2497 Vultis
2397 2441 2580 2513 igitur,
2611 2438 2868 2511 quoniam
2901 2440 3006 2494 huc
3037 2452 3100 2494 ea
3128 2452 3291 2493 causa
3311 2437 3461 2502 veni,

1900 2549 1930 2587 a
1960 2532 2227 2604 principio
2267 2531 2456 2587 audire
2489 2539 2686 2588 cuncta
2724 2546 2845 2600 quae
2881 2531 3028 2586 dicta
3056 2540 3214 2599 sunt;
3255 2545 3324 2585 an
3361 2544 3462 2600 po-

1900 2625 2007 2681 tius
2028 2624 2148 2680 aliis
2186 2624 2426 2687 omissis,
2467 2639 2653 2679 eorum
2693 2622 2958 2678 duntaxat
2995 2623 3309 2681 meminisse
3342 2636 3463 2695 qua!

1898 2723 2202 2772 memoratu
2237 2717 2399 2787 digna
2438 2715 2732 2786 putavero?

1970 2829 2218 2886 EUBUL.
2261 2829 2412 2885 Haud
2451 2845 2583 2886 sane
2625 2849 2637 2885 :
2679 2830 2775 2886 sed
2813 2830 2970 2888 nobis
3010 2844 3040 2884 a
3077 2830 3387 2901 principio,
3425 2847 3462 2887 ο

1897 2921 2252 2994 Gregorium,
2293 2922 2526 2992 primum
2566 2923 2820 2986 insinua,
2875 2929 2930 2976 et
2983 2937 3312 2992 congressus
3366 2923 3460 2978 ubi

1897 3014 2097 3080 fuerit,
2137 3021 2190 3069 et
2211 3014 2277 3069 de
2308 3020 2572 3086 apparatu
2599 3014 2878 3082 ciborum;
2917 3013 2984 3070 de
3017 3022 3070 3070 te
3107 3031 3366 3086 quoque,
3402 3015 3461 3070 ut

1839 3135 1865 3160 -ι
1896 3108 2022 3164 vina
2046 3107 2152 3164 illis
2185 3106 2419 3166 fuderis.

2039 3217 2160 3291 [the
2183 3228 2356 3276 autem
2381 3221 2575 3290 pateris
2601 3221 2878 3291 genialiter
2900 3221 3076 3276 aureis
3094 3259 3112 3285 ,

2043 3290 2110 3345 Ut
2143 3307 2197 3346 se
2217 3291 2490 3346 invitarint
2513 3290 2680 3347 oculis
2704 3291 2770 3346 ad
2789 3290 2966 3347 sidera
2995 3293 3178 3348 versis.

1966 3405 2170 3468 GREG.
2202 3404 2505 3478 Utsemper
2521 3406 2576 3462 in
2607 3407 2895 3479 colloquiis
2917 3407 3070 3463 valde
3095 3407 3239 3462 acris
3263 3423 3455 3479 aggre-

1896 3545 2202 3617 loquentem
2258 3545 2494 3611 inducit,
2543 3561 2663 3615 qua:
2716 3544 3012 3617 φιλομαθῐᾳ
3060 3543 3233 3614 magis
3277 3543 3454 3617 virum

1896 3613 2174 3685 praeferret
2228 3630 2288 3668 ac
2328 3613 2603 3669 alumnum
2658 3613 3111 3685 sapien‘tiaez’qug
3133 3613 3296 3685 sensu
3318 3615 3455 3666 ὑπο-

1896 3681 2202 3756 κοριστικόν
2229 3685 2430 3756 aliquid
2469 3701 2533 3740 ea
2564 3700 2705 3756 voce
2725 3681 3046 3756 denotetur'.
3079 3681 3184 3756 Sed
3235 3684 3455 3756 ᾕρεε-Ιο-

1896 3752 2069 3815 viora,
2100 3769 2261 3824 quam
2297 3752 2353 3809 ut
2385 3755 2438 3808 in
2467 3755 2547 3824 eis
2572 3753 2777 3810 diutius
2803 3753 3196 3824 immorandum
3221 3754 3314 3824 sit.
3336 3752 3449 3807 Hoc

1896 3832 2074 3879 tamen
2102 3821 2404 3880 existimem
2431 3823 2778 3885 Methodium,
2799 3823 2974 3876 virum
3002 3821 3450 3886 ecclesiasticum,

1896 3895 2069 3964 magis
2099 3911 2349 3951 versasse
2379 3896 2558 3949 animo
2587 3895 2923 3964 evangelicas
2960 3907 3120 3964 voces
3148 3899 3202 3964 et
3233 3901 3453 3964 aposto-

1895 3962 2049 4028 licas,
2079 3980 2144 4018 ex
2172 3966 2368 4034 quibus
2394 3973 2447 4020 et
2475 3962 2753 4019 denarium
2785 3964 3053 4034 virginum
3097 3963 3363 4034 habuerit,
3392 3971 3448 4018 et

1896 4049 2002 4088 non
2027 4049 2147 4089 esse
2177 4031 2230 4087 in
2259 4036 2337 4089 eis
2386 4035 2686 4090 masculum
2728 4041 2781 4089 et
2811 4032 3084 4094 feminam,
3126 4031 3218 4086 sed
3253 4049 3449 4088 novam

1895 4104 1949 4157 in
1971 4103 2190 4174 Christo
2210 4113 2540 4171 creaturam,
2567 4120 2725 4174 quam
2771 4103 3078 4159 convivium
3107 4099 3447 4174 Socraticum

1896 4175 2036 4242 apud
2063 4172 2339 4228 Platonem
2367 4192 2381 4240 ;
2413 4172 2645 4243 hincque
2677 4173 2934 4229 feminino
2971 4173 3204 4243 proclive
3235 4174 3451 4229 mascu-

1895 4243 2063 4298 linum
2088 4243 2335 4312 junxisse
2356 4247 2407 4298 in
2441 4245 2745 4306 Εὐϐούλιον,
2776 4253 2829 4298 et
2857 4260 2960 4313 qua
2993 4244 3156 4309 hujus
3185 4243 3448 4300 dramatis

1895 4316 2066 4385 prima
2100 4315 2494 4384 interloqnente
2511 4329 2761 4385 persona.
2787 4313 2999 4368 Eubulii
3021 4329 3216 4385 nomen
3240 4313 3448 4385 Metho-

1895 4384 1985 4439 dio
2034 4384 2258 4440 haesisse
2284 4385 2474 4507 lpotius
2501 4384 2766 4446 videatur,
2821 4400 2980 4454 quam
3014 4384 3308 4437 binomium
3333 4384 3446 4450 jam

1895 4453 2046 4507 initio
2076 4454 2258 4507 fuisse.
2330 4471 2508 4507 unam
2534 4456 2718 4507 titulus
2749 4455 2863 4507 inse
2891 4453 3220 4507 diminutus:
3246 4454 3446 4507 nlacuit

1891 4453 2046 4509 initio
2076 4454 2258 4511 fuisse.
2284 4453 2508 4525 Luparm
2534 4456 2718 4510 titulus
2749 4453 2863 4524 ipse
2891 4453 3220 4525 diminutus:
3245 4454 3471 4525 placuit.

234 4515 830 4595 Methodio_scriptum,
865 4526 1121 4595 caeterum
1173 4531 1241 4571 ex
1287 4517 1636 4595 similitudine
1683 4532 1783 4595 ηρ·
1815 4516 1857 4570 1)
1884 4525 2205 4590 Allatianus,
2235 4515 2546 4595 apud'quem
2574 4527 2707 4580 alios
2735 4515 2873 4580 vide.
2911 4524 3143 4579 Coussr.

235 4587 442 4668 minis,
503 4587 818 4668 ῐξρηγόριον,
866 4586 1086 4668 errandi
1145 4588 1486 4668 occasionem
1546 4588 1782 4668 librariis

231 4657 487 4714 oblatam.
517 4656 693 4724 Cujus
733 4657 1004 4726 opinionis
1037 4658 1091 4709 in
1125 4657 1585 4726 conﬁrmationem
1609 4659 1782 4711 trahi-

232 4745 353 4783 mus
379 4727 519 4796 quod
565 4727 632 4779 ab
665 4725 960 4796 Epiphanio
999 4726 1142 4782 Hazr.
1171 4743 1316 4791 Lxlv,
1359 4725 1614 4781 Eubulius
1651 4729 1784 4782 alte-

232 4815 352 4852 rum
386 4811 580 4850 nomen
616 4796 885 4852 Methodio
913 4799 1167 4852 tribuitur
1192 4817 1204 4852 :
1242 4799 1353 4854 sive
1381 4798 1433 4850 id
1456 4799 1695 4852 evenerit
1714 4814 1781 4852 ex

233 4869 356 4923 libri
391 4867 553 4938 hn'jns
585 4868 754 4937 ipsius
784 4868 1117 4932 celebritate,
1152 4883 1182 4922 a
1215 4868 1408 4938 primo,
1441 4875 1500 4921 ut
1531 4884 1671 4937 saepe
1703 4868 1778 4932 tit,

231 4938 494 4994 vocabulo
523 4936 1010 4993 denominationem
1055 4936 1230 5002 nacti,
1269 4945 1322 4994 et
1354 4953 1548 4993 nomen
1578 4936 1780 4993 adven-

229 5010 428 5064 titium.
455 5008 672 5076 proprio
697 5009 896 5070 notius,
933 5009 1135 5064 auctori
1169 5007 1542 5071 conciliantis,
1576 5017 1634 5062 ut
1661 5008 1782 5063 Cle-

231 5078 822 5150 ιιιειιεΣτρωματεύς,
867 5087 922 5134 et
951 5079 1243 5150 Gregorius
1288 5078 1540 5150 Dialogus
1587 5094 1785 5148 cogno-

231 5149 417 5202 minati
452 5158 580 5202 sunt
612 5165 624 5201 :
656 5151 770 5202 sive
806 5149 916 5216 jam
947 5149 1101 5203 antea
1147 5150 1444 5204 binominis
1478 5149 1781 5204 Mcthodius

231 5235 354 5290 sese
395 5219 484 5273 hic
538 5217 716 5272 minus
759 5219 985 5290 usitatok
1006 5221 1237 5290 signavit
1290 5221 1524 5275 nomine.
1574 5219 1782 5273 Epiron

231 5288 432 5343 Lemn.
457 5318 527 5328 —
559 5291 908 5343 Εὐϐοὐλιον.
955 5287 1287 5344 εἰς’ὴοὺρηι
1316 5304 1503 5346 omnes
1535 5291 1780 5357 codices;

231 5359 456 5429 proinde
483 5375 590 5414 non
625 5359 781 5413 facile
808 5360 1058 5427 nudaque
1097 5360 1409 5428 conjectura
1435 5377 1558 5414 cum
1600 5359 1784 5416 Possi-

233 5431 346 5490 nio,
375 5430 489 5485 sive
521 5430 726 5500 eoiqui
772 5430 890 5498 ejus
923 5430 1142 5484 editioni
1193 5431 1426 5500 praefuit,
1465 5433 1779 5485 mutandum

235 5500 538 5563 Εὐϐούλιος.
579 5499 733 5565 Quod
782 5508 959 5553 tamen
1007 5499 1556 5571 passiingmasculino
1585 5501 1780 5571 jungit,

232 5573 405 5624 virum
429 5571 552 5640 quis
582 5571 843 5639 suspicari
869 5571 1057 5639 possit,
1092 5573 1178 5624 cui
1213 5568 1526 5641 Gregorium
1550 5571 1665 5640 ipsa
1690 5568 1781 5625 'l'e-

234 5643 400 5704 mina,
438 5641 635 5696 referat
679 5641 823 5694 dicta
851 5641 1300 5710 virginum;cum
1340 5642 1428 5694 illa
1471 5641 1780 5710 terminatio

237 5711 485 5780 feminam
550 5711 756 5777 innuat,
805 5719 865 5764 ut
904 5709 955 5765 in
987 5709 1263 5780 Gregorio.
1321 5712 1401 5766 sic
1443 5712 1497 5766 in
1528 5709 1776 5768 Eub'ulio.

235 5778 368 5834 Nam
421 5781 670 5837 servandi
724 5782 934 5836 decoris
985 5778 1171 5849 cauSa,
1230 5782 1506 5837 mulierem
1566 5783 1776 5838 mulieri

1953 4595 2028 4666 (‘2)
2063 4593 2506 4666 Oﬁtwrrdrtiuc.
2545 4597 2635 4650 Sic
2688 4611 2752 4666 ex
2785 4595 3093 4666 conjectura
3136 4593 3442 4666 restitutum

1882 4663 1985 4726 est,
2009 4663 2146 4720 loco
2186 4665 2337 4719 οὔπω
2396 4666 2610 4730 πάντως
2642 4665 2846 4718 codicis
2895 4664 3036 4723 Vat.,
3060 4664 3202 4733 quod
3230 4663 3442 4718 dillicile

1884 4735 2115 4804 quadrat
2138 4735 2191 4789 in
2222 4737 2366 4790 hunc
2413 4737 2611 4790 locum.
2646 4734 3057 4804 Hemistichium
3089 4733 3352 4789 deﬂexum
3375 4749 3443 4788 ex

1881 4804 2222 4930 ilomei'o
2236 4808 2295 4870 Δ,
2322 4823 2465 4864 vers.
2495 4806 2548 4873 5,
2569 4805 2623 4871 4,
2659 4806 2737 4860 sic
2757 4803 3010 4859 mendose
3039 4804 3447 4874 concipiebatur

1881 4893 1937 4930 in
1967 4892 2032 4930 co
2076 4918 2088 4930 .
2169 4892 2197 4930 a
2229 4916 2243 4930 .
2270 4897 2286 4930 :

1881 4876 1937 4931 in
1967 4875 2088 4931 cod.
2121 4875 2243 4930 Vat.
2270 4897 2286 4932 :

2090 5009 2105 5021 .
2148 5009 2165 5025 .
2209 5009 2224 5023 .
2267 5011 2280 5022 .
2325 5005 2340 5020 .
2379 4972 2447 5022 Αἱ
2474 4967 2542 5023 δὲ
2558 4965 2840 5037 χρυσέοις
2876 4967 3236 5022 δεπάεσσιν.

1953 5039 2241 5110 Δειδέχατ”
2261 5039 2555 5105 ἀλλήλας,
2571 5038 2762 5107 μέγαν
2788 5041 2874 5104 εὶς
2890 5038 3147 5107 οὐρανὸν
3167 5041 3440 5105 ὁρόωσαι·

1881 5168 2000 5222 qua:
2022 5167 2178 5206 nemo
2206 5167 2312 5205 non
2331 5151 2509 5222 ivid_et,
2540 5165 2700 5219 quam
2731 5152 3039 5222 necessario
3078 5149 3143 5203 ad
3183 5164 3442 5222 numeros

1880 5217 2275 5278 reduxerimus.
2307 5221 2400 5274 En.
2423 5217 2624 5274 Ιλυρλίι.
2655 5251 2725 5261 -
2754 5220 2926 5274 Οὔπω
2947 5221 3198 5286 πάντως.
3227 5217 3444 5276 Primus

1879 5293 2101 5363 Lupara:
2123 5293 2295 5363 editor
2317 5291 2584 5363 et‘nendat,
2614 5299 2773 5363 atque
2803 5289 3186 5363 obstorcponit
3206 5331 3222 5356 ,
3255 5298 3444 5363 contra

1880 5357 2165 5433 sui'ipsius
2200 5360 2592 5433 codicisﬁdern
2623 5357 2969 5433 et'MethodAii
3004 5357 3254 5415 nientem.
3279 5357 3444 5414 Plane

1881 5429 2031 5489 enini
2055 5439 2312 5502 neganter
2346 5431 2706 5502 inferendum,
2734 5445 2840 5484 non
2856 5429 3140 5502 aﬂirmate,
3170 5443 3276 5482 non
3316 5443 3444 5502 esse

1880 5499 2149 5574 praecipua
2197 5503 2369 5557 solum
2411 5501 2720 5577 delibanda,
2778 5501 2871 5577 sed
2925 5500 3137 5569 singula
3180 5507 3248 5577 unt
3298 5499 3441 5577 dicta

1881 5567 2138 5643 gestaque
2169 5579 2295 5629 sunt
2316 5573 2704 5643 prosequenda
2736 5589 2749 5624 :
2780 5571 2986 5643 sicque_
3019 5567 3120 5623 nec
3166 5567 3324 5643 aliter
3357 5567 3442 5619 di-

1881 5633 2004 5698 cere
2029 5633 2182 5711 j'nbet
2206 5633 2364 5712 paulo
2401 5633 2849 5712 posiEubulitrni,
2875 5633 2942 5693 ne
2973 5639 3092 5691 loco
3125 5633 3344 5704 quidem
3374 5648 3439 5693 ac

1881 5710 2109 5768 convivii
2133 5710 2359 5782 dapibus
2390 5710 2715 5782 suppressis.
2749 5710 2988 5765 ϐοηθεῖς
