4056 6302
258 357 328 413 57
630 387 648 402 ι
1358 357 1740 416 CONVIVIUM
1779 361 2004 418 DECEM
2041 361 2400 420 VIRGINUM.
2618 423 2626 435 ,
3411 374 3482 430 53

258 475 322 531 τδ
339 478 558 550 ἄριστον
587 477 683 531 καὶ
705 475 991 530 κάλλιστον
1010 476 1344 548 ἐπιτήδευμα
1371 478 1529 548 μόνον
1546 479 1812 550 τυγχάνει.

1928 481 2420 554 bonestissimaque
2465 481 2755 554 professio.
2802 482 2959 541 Unde
3002 493 3058 543 et
3089 484 3352 546 Dominus
3386 505 3483 546 eos

257 569 370 622 Kal.
414 567 503 623 διὰ
538 566 714 623 ταῦτα
737 567 834 621 καὶ
864 568 893 621 ὁ
924 566 1125 638 Κύριος
1181 568 1263 631 εἰς
1291 567 1389 639 τὴν
1411 568 1686 639 βασιλείαν
1713 570 1822 626 τῶν

255 652 504 735 οὐρανῶν
526 661 652 726 τοὺς
669 661 1245 733 ἀποπαρθενεύσαντας
1266 664 1405 729 σφᾶς
1438 664 1636 728 αὐτοὺς
1662 665 1823 735 ἐπαγ-

256 754 529 824 γέλλεται,
556 753 684 807 ἔνθα
705 755 831 825 περὶ
859 753 1121 825 διαφορᾶς
1157 753 1524 827 εὐνουχισμῶν
1552 757 1608 811 ἐν
1642 756 1820 827 Εὐαγ-

257 843 461 913 γελίοις
473 844 780 916 παρεγγυᾷ.
801 844 1033 897 Σπάνιον
1052 844 1160 917 γὰρ
1182 846 1386 918 σφόδρα
1400 846 1820 903 καὶδυσεπίτευ-

256 954 385 991 κτον
401 934 705 1009 ἀνθρώποις
718 935 926 1006 ἁγνεία·
945 936 1040 990 καὶ
1049 937 1158 1009 ὅσῳ
1171 938 1595 1008 κορυφαιότατον
1619 940 1713 994 καὶ
1731 957 1823 1011 με-

255 1028 622 1100 γαλοπρεπὲς,
633 1028 868 1100 τοσούτῳ
881 1030 973 1082 καὶ
986 1030 1112 1094 τοὺς
1124 1030 1397 1095 κινδύνους
1412 1029 1661 1102 μείζονας
1676 1031 1817 1103 ἔχον.

324 1117 505 1175 Δεῖται
540 1117 631 1175 οὖν
658 1122 985 1195 ἐρρωμένων
1012 1121 1105 1175 καὶ
1125 1122 1384 1190 γενναίων
1415 1122 1648 1192 φύσεων,
1677 1124 1816 1177 αἴτι-

252 1229 364 1278 νες,
394 1212 607 1285 ἀθρόως
629 1210 760 1284 (12⁸)
779 1214 875 1283 τῆς
892 1212 1219 1285 ἡδυπαθείας
1237 1214 1298 1266 τὸ
1323 1212 1497 1285 ῥεῦμα
1519 1215 1820 1284 ύπεριπτά-

259 1321 418 1376 μεναι
447 1305 581 1375 (15),
614 1304 725 1359 ἀνω
745 1305 1013 1377 μετέωρον
1045 1305 1404 1359 ἀπευθύνουσι
1428 1305 1488 1359 τὸ
1507 1304 1690 1379 ὃχημα
1719 1308 1818 1379 τῆς

252 1389 454 1470 ψυχῆς,
494 1396 567 1470 μὴ
604 1398 973 1470 ἀπολήγουσαι
1004 1397 1099 1452 τοῦ
1144 1398 1368 1465 σκοποῦ,
1403 1400 1506 1463 ἕως
1537 1400 1622 1466 ἂν,
1652 1403 1817 1472 ὑπερ-

252 1491 560 1563 πηδήσασιιι
587 1490 802 1560 κούφως
844 1491 935 1545 τὸν
958 1495 1157 1563 κόσμον
1183 1490 1422 1563 όξυτάτῳ
1468 1492 1700 1557 διανοίας
1724 1494 1817 1548 τά-

257 1601 364 1655 χει,
389 1584 482 1637 καὶ
504 1583 597 1636 ἐπὶ
635 1582 733 1654 τὴν
780 1582 1029 1654 οὐράνιον
1062 1582 1277 1654 ἀληθῶς
1311 1583 1474 1653 ἀψίδα
1516 1583 1811 1650 σταθεῖσαι,

254 1675 422 1747 αὐτὴν
444 1673 747 1746 εἰλικρινῶς
775 1672 1197 1747 θεάσωνταιτὴν
1219 1675 1545 1747 ἀφθαρσίαν,
1574 1676 1679 1730 ἀπὸ
1708 1676 1815 1730 τῶν

252 1769 526 1839 ἀμιάντων
552 1766 649 1821 τοῦ
693 1767 1140 1841 Παντοκράτορος
1171 1768 1538 1841 ἀποπηδῶσαν
1574 1769 1806 1823 κόλπων.

1923 573 2265 644 potissimum
2318 575 2374 629 in
2403 591 2628 645 regnum
2677 577 2939 631 caelorum
3001 577 3344 650 ingressuros
3371 584 3479 652 pol-

1922 666 2137 730 licetur.
2166 666 2260 737 qui
2312 667 2417 737 ipsi
2445 667 2655 737 seipsos
2678 675 3074 734 castraverunt,
3101 672 3193 727 ubi
3218 673 3275 728 in
3303 673 3452 730 Eva-

1920 757 2074 830 geliis
2108 758 2124 789 ‘
2149 758 2521 814 cunuchorum
2551 758 2879 817 differentias
2904 763 3089 818 tradit.
3113 761 3255 818 Rara
3281 767 3476 838 quippe

1920 850 2209 906 admodum
2236 851 2512 922 arduaque
2532 851 2840 909 hominibus
2873 856 3135 920 castitas;
3171 870 3235 911 ac
3275 871 3475 929 quanto

1919 942 2270 1013 principalior
2299 944 2863 1017 magnilicentiorque,
2915 954 3067 1002 tanto
3093 948 3259 1005 etiam
3307 952 3475 1023 majo-

1918 1035 2072 1091 ribus
2109 1036 2332 1105 obsepta
2362 1037 2618 1106 periculis
2641 1046 2745 1094 est.

1986 1124 2129 1197 Ergo
2153 1127 2363 1182 indoles
2388 1127 2616 1197 requirit
2665 1128 2836 1184 fortes
2882 1138 2938 1185 et
2978 1145 3292 1200 generosas,
3322 1149 3465 1205 quae.

1918 1218 2028 1272 acri
2051 1218 2252 1288 impetu
2279 1226 2441 1287 atque
2468 1219 2648 1273 volatu
2695 1220 2989 1290 voluptatis
3014 1220 3164 1276 ﬂuxu
3195 1236 3471 1294 superato,

1918 1308 2150 1364 sublime
2177 1324 2395 1365 sursum
2437 1311 2635 1365 mentis
2660 1312 2968 1366 vehiculum
2999 1314 3254 1385 dirigant,
3286 1333 3315 1371 a
3348 1334 3472 1388 pro-

1914 1399 2097 1469 posito
2130 1414 2232 1453 suo
2253 1414 2528 1469 nunquam
2557 1399 2944 1464 abscedentes,
2990 1403 3168 1472 quoad
3198 1405 3364 1460 alacri
3396 1407 3471 1462 leo

1916 1491 2051 1545 viter
2079 1490 2221 1544 saltu
2286 1490 2549 1545 mundum
2575 1507 2958 1562 supergressa,
2991 1495 3302 1549 acutissima
3320 1512 3471 1552 men-

1915 1581 1983 1637 tis
2007 1582 2344 1650 pernicitate,
2377 1583 2540 1653 inque
2582 1585 2789 1643 caelesti
2844 1600 2965 1640 vere
3022 1587 3327 1644 constitutae
3354 1589 3470 1641 cul-

1914 1670 2078 1730 mine.
2110 1669 2283 1740 ipsam
2329 1686 2464 1741 pure
2512 1675 2946 1744 contemplemur
2986 1675 3468 1747 incorruptionem,

1915 1758 1984 1811 ab
2014 1756 2411 1830 Omnipotentis
2439 1760 2719 1832 impollulo
2750 1764 2873 1819 sinu
2895 1766 3255 1820 exsilientem.

320 1856 490 1912 Τοῦτο
535 1858 599 1913 τὸ
646 1859 798 1931 πόμα
832 1861 1024 1931 γεννᾷν
1083 1861 1183 1914 οὐκ
1224 1858 1469 1932 ἐχώρησε
1502 1861 1603 1932 γῆ’
1658 1862 1812 1930 μόνος

1986 1848 2100 1905 Huc
2147 1859 2332 1906 nectar
2367 1853 2588 1923 gignere
2638 1870 2746 1909 non
2783 1855 2925 1910 valet
2976 1864 3157 1911 terra:
3194 1857 3287 1912 uni
3328 1864 3469 1913 cmlo

249 1948 379 2005 αὐτὸ
403 1948 672 2019 πηγάζειν
714 1945 853 2002 οἶδεν
892 1951 920 2003 ὁ
960 1950 1206 2021 οὐρανός.
1241 1948 1544 2021 Παρθενίαν
1557 1949 1665 2022 γὰρ
1694 1950 1815 2020 βαί-

250 2061 362 2099 νειν
391 2043 489 2115 μὲν
515 2043 610 2096 ἐπὶ
627 2042 751 2113 γῆς,
781 2041 1065 2110 ἐπιψαύειν
1087 2043 1145 2096 δὲ
1165 2041 1272 2095 τῶν
1293 2041 1534 2113 οὐρανῶν
1564 2042 1811 2113 ἡγητέονο

245 2130 316 2208 ἧς
355 2135 420 2206 δὴ
482 2134 793 2205 ἐφιέμενοι,
839 2133 947 2202 καὶ,
988 2131 1123 2205 πρὸς
1158 2133 1317 2204 μόνον
1352 2132 1414 2185 τὸ
1453 2132 1604 2197 τέλος
1648 2133 1815 2204 αὐτῆς

246 2225 555 2299 ἀφορῶντές
588 2238 753 2289 τινες,
789 2224 1031 2288 ἀνίπτοις
1056 2226 1211 2278 ποσὶν
1243 2223 1451 2288 ἀτελεῖς
1483 2224 1589 2278 ὑπὸ
1622 2223 1816 2295 βαναυ-

249 2316 370 2381 σίας
421 2315 915 2389 προσυπελθόντες,
962 2316 1026 2368 ἐκ
1086 2314 1256 2387 μέσης
1307 2313 1628 2385 ἀνέκαμψαν
1668 2314 1811 2380 ὀδοῦ,

248 2407 399 2462 οὐδὲν
446 2406 592 2472 ἀξιον
650 2405 899 2477 φρόνημα
941 2404 1031 2458 τοῦ
1079 2403 1501 2476 ἐπιτηδεύματος
1545 2406 1815 2478 ἐπανῃρη-

256 2499 422 2569 μένοι.
482 2499 555 2551 Οὐ
594 2497 703 2566 γὰρ
750 2497 907 2567 μόνον
945 2494 1156 2566 ἀφθορα
1186 2496 1255 2549 τὰ
1282 2494 1507 2566 σώματα
1533 2494 1810 2567 τηρεῖσθαι

253 2589 351 2653 δεῖ,
383 2587 571 2659 ὥσπερ
592 2587 709 2640 οὐδὲ
727 2586 854 2649 τοὺς
891 2587 1050 2648 ναοὺς
1078 2587 1389 2658 κρείττονας
1420 2586 1809 2656 ἀποφαίνεσθαι

246 2680 360 2734 τῶν
418 2679 748 2750 ἀγαλμάτων
774 2694 787 2709 ·
847 2675 980 2730 ἀλλὰ
1030 2678 1129 2741 τὰς
1163 2676 1337 2748 ψυχὰς
1381 2677 1668 2748 ἀγάλματα
1705 2676 1810 2731 τῶν

254 2771 518 2841 σωμάτων
556 2768 721 2833 οὔσας
763 2767 1161 2841 θεραπεύεσθαι
1194 2767 1298 2840 χρὴ
1338 2767 1708 2839 κοσμουμένας
1728 2768 1807 2822 δι-

244 2864 526 2937 καιοσύνῃ.
579 2862 979 2935 Θεραπεύονται
1027 2862 1086 2917 δὲ
1126 2861 1219 2914 καὶ
1256 2861 1661 2933 ἀποσμήχονται
1687 2861 1809 2914 τότε

254 2956 447 3029 μᾶλλον
471 2997 485 3022 ,
549 2956 750 3011 ὁπόταν
769 2995 784 3020 ,
841 2954 1048 3019 ἀόκνως
1117 2952 1440 3008 κατακούειν
1519 2952 1630 3023 (14)
1700 2952 1808 3007 τῶν

240 3046 408 3100 ’θείων
432 3042 797 3118 ἁμιλλώμεναι
838 3044 1029 3113 λόγων,
1083 3043 1156 3114 μὴ
1206 3043 1518 3113 ἀπολήγωσι
1558 3042 1687 3115 πρὶν
1719 3043 1811 3096 αύ-

249 3137 339 3192 τοῦ
400 3137 707 3208 ἐφάψασθαι
751 3137 780 3191 ὃ
815 3138 960 3190 ἐστιν
1030 3133 1282 3206 Ἀληθές,
1323 3133 1416 3187 ἐπὶ
1464 3131 1643 3187 σοφῶν
1698 3132 1805 3200 ἀφο

254 3230 555 3301 ικνούμεναι
589 3228 776 3300 θύρας.

1916 1938 2100 1994 datum
2136 1949 2220 1995 est
2250 1941 2383 1996 illud
2405 1958 2469 1997 ex
2497 1958 2557 1997 se
2580 1945 2927 2013 profundere.
2957 1945 3170 2021 pltaque
3193 1949 3468 2020 virginita-

1916 2036 2023 2083 tem
2079 2030 2357 2117 ambulare
2401 2031 2617 2102 quidem
2678 2050 2840 2104 super
2885 2046 3104 2096 terram.
3152 2041 3467 2111 contingere

1914 2134 2044 2175 vero
2072 2121 2274 2178 vertice
2327 2124 2498 2178 caelos
2530 2123 2951 2181 existimandum
2984 2134 3088 2183 est.
3130 2128 3299 2198 Cujus
3323 2131 3468 2188 desi-

1879 2213 2064 2298 ⁸ἀει·ἰο
2088 2214 2305 2284 quidam
2358 2216 2511 2278 tacti,
2544 2225 2599 2271 et
2637 2216 2703 2270 ad
2735 2218 2881 2273 illius
2930 2220 3268 2278 solummodo
3304 2224 3463 2280 tinet:

1913 2305 2151 2360 animum
2177 2305 2542 2370 attendentes,
2567 2308 2733 2363 illotis
2769 2308 2997 2379 pedibus
3022 2327 3084 2367 ex
3119 2316 3316 2370 mentis
3347 2329 3467 2370 sor-

1911 2394 2138 2451 diditate
2166 2395 2467 2467 imperfecti
2520 2398 2703 2454 animo
2738 2402 3077 2469 accedentes,
3107 2405 3197 2459 vix
3233 2406 3465 2463 mediam

1912 2491 2154 2561 aggessi
2185 2492 2324 2546 viam
2353 2491 2543 2562 pedem
2573 2494 2897 2560 retulerunt,
2948 2497 3098 2553 nullo
3130 2498 3339 2555 scilicet
3366 2516 3466 2572 pro

1912 2583 2075 2638 studii
2112 2583 2454 2655 institutique
2499 2587 2809 2656 praestantia
2849 2588 3012 2659 digno
3063 2591 3198 2646 satis
3247 2602 3465 2664 arrepto

1910 2676 2107 2731 mentis
2129 2677 2426 2747 proposito.
2449 2676 2567 2734 Non
2592 2679 2737 2734 enim
2769 2680 2944 2734 solum
2998 2681 3313 2754 incorrupta
3350 2701 3466 2740 scr-

1909 2767 2084 2822 vanda
2133 2777 2261 2823 sunt
2316 2783 2567 2839 corpora,
2604 2769 2681 2824 uti
2734 2785 2908 2841 neque
2939 2773 3261 2844 templorum
3301 2790 3462 2845 quam

1909 2868 2212 2915 statuarum
2243 2860 2419 2931 major
2444 2862 2688 2917 habenda
2728 2870 2811 2919 est
2839 2864 3013 2932 ratio;
3054 2866 3148 2922 sed
3180 2866 3465 2922 animabus

1907 2967 2028 3023 quae
2084 2953 2193 3008 sint
2248 2966 2540 3024 corporum
2586 2961 2778 3009 statuae
2827 2953 3036 3024 iustitia
3085 2957 3462 3027 perornandls,

1910 3043 2089 3098 omnis
2114 3058 2245 3099 vero
2273 3042 2575 3099 adhibenda
2597 3043 2898 3116 diligentia.
2928 3046 3228 3102 Adhibetur
3259 3054 3462 3113 autem,

1912 3148 1976 3188 ac
2000 3141 2113 3189 tum
2136 3133 2369 3190 maxime
2401 3135 2819 3201 concinnantur,
2850 3153 2975 3192 cum
3017 3138 3175 3194 tirmo
3204 3148 3462 3196 constan-

1837 3202 1879 3260 C
1917 3224 2065 3295 tique
2091 3227 2373 3298 proposito
2403 3226 2617 3284 divinos
2666 3244 2946 3285 sermones
2997 3231 3185 3288 audire
3235 3233 3465 3305 impigro

250 3322 589 3387 certaverint,
619 3314 792 3375 donec
827 3315 1066 3372 terendis
1100 3313 1404 3384 sapientum
1441 3311 1650 3369 foribus
1681 3314 1723 3377 ²,
1764 3312 1940 3384 ipsum
1972 3316 2117 3386 quod
2146 3326 2230 3373 est
2264 3315 2464 3373 Verum
2501 3329 2763 3376 assecuta:
2799 3320 3017 3376 fuerint.

319 3414 524 3483 Ὠσπερ
541 3409 649 3483 γὰρ
680 3409 835 3463 ἀλατι
867 3406 975 3461 τῶν
998 3405 1174 3478 κρεῶν
1200 3406 1248 3458 οἱ
1278 3403 1470 3475 ίχῶρες
1490 3404 1806 3475 ἐκτήκονται

249 3507 342 3562 καὶ
366 3507 421 3560 αἱ
454 3502 761 3576 σηπεδόνες,
795 3502 888 3555 καὶ
916 3500 1092 3554 πάντα
1132 3496 1202 3552 τὰ
1233 3497 1528 3571 φθοροποιά
1552 3513 1565 3525 ·
1596 3496 1688 3549 τὸν
1717 3496 1809 3548 αὐ-

247 3599 337 3654 τὸν
377 3597 443 3671 δὴ
492 3596 690 3668 τρόπον
748 3594 842 3648 καὶ
875 3593 971 3664 τῆς
1003 3591 1269 3663 παρθένου
1314 3591 1372 3645 al
1415 3591 1597 3661 ἄλογοι
1632 3591 1804 3645 πᾶσαι

251 3693 358 3756 τοῖς
385 3690 662 3764 μαθήμασι
684 3685 1080 3755 ἀποστύφονται
1098 3684 1195 3737 τοῦ
1226 3683 1473 3755 σώματος
1501 3682 1802 3754 ἐπιθυμίαι.

263 3781 494 3854 Ἀνάγκη
522 3780 632 3852 γὰρ
663 3779 759 3851 τὴν
797 3778 870 3850 μὴ
898 3776 1264 3848 πασσομένην,
1293 3776 1446 3845 δίκην
1476 3775 1687 3840 ἆλατος,
1710 3775 1803 3829 τοῦ

251 3873 480 3947 Χριστοῦ
541 3875 660 3936 ταῖς
713 3872 912 3940 φωναῖς
965 3868 1161 3940 ψυχὴν,
1199 3868 1433 3932 ἐπόζειν,
1476 3869 1570 3921 καὶ
1604 3867 1807 3942 σκώλη-

252 3984 351 4031 κας
370 3965 476 4037 (15)
497 3965 710 4036 γεννᾷν,
737 3961 923 4035 ὥσπερ
944 3962 1132 4034 ἀμέλει
1151 3962 1447 4024 ὲπώζεσαν
1467 3963 1561 4017 καὶ
1583 3963 1808 4035 ἐσάπη-

253 4076 370 4115 σαν
403 4062 454 4113 οί
486 4057 774 4128 μώλωπές
821 4073 963 4125 μου,
1011 4054 1148 4125 μετὰ
1184 4054 1432 4125 δακρύων
1460 4054 1807 4125 ἐξομολογού-

257 4169 409 4224 μενος
434 4154 461 4206 ὁ
483 4148 646 4204 Δαυτδ
675 4151 733 4202 ἐν
754 4151 866 4211 τοῖς
884 4146 1064 4218 ὄρεσιν
1092 4146 1201 4218 (16)
1219 4143 1448 4217 ἔκραζεν
1475 4147 1503 4197 ὁ
1532 4145 1803 4226 βασιλεὺς,

253 4244 332 4299 ὅτι
359 4244 429 4317 μὴ
466 4240 772 4311 ἀπέστυψεν
805 4240 998 4305 ἁλίσας
1031 4241 1142 4304 τοῖς
1174 4241 1568 4311 σωφρονισμοῖς
1593 4237 1802 4306 ἐαυτὸν,

252 4334 382 4390 ἀλλά
404 4334 717 4408 ῥᾳθυμήσας
748 4334 827 4397 είς
860 4327 1075 4404 οἶστρον
1123 4329 1237 4402 (17)
1280 4328 1548 4400 ὑπεσύρη,
1590 4328 1683 4382 καὶ
1725 4327 1804 4394 ἐξ·

1984 3404 2051 3461 Ut
2084 3407 2229 3462 enim
2254 3408 2501 3463 carnium
2536 3410 2688 3466 tabes
2717 3426 2780 3466 ac
2809 3411 3126 3481 putredines
3164 3413 3278 3469 sale
3300 3415 3465 3470 absu-

1909 3507 2154 3564 muntur,
2176 3509 2483 3572 cunctaque
2506 3517 2574 3557 cx
2613 3503 2693 3557 eis
2730 3503 3094 3574 corruptionis
3128 3505 3335 3560 semina
3356 3515 3465 3561 ter—

1909 3599 2141 3663 guntur;
2173 3591 2253 3646 sic
2293 3593 2350 3646 in
2395 3592 2627 3663 virgine,
2660 3608 2689 3647 a
2712 3595 2921 3649 ratione
2953 3596 3142 3665 procul
3166 3596 3465 3652 abhorren-

1905 3691 1992 3741 tes
2013 3698 2290 3754 corporeze
2311 3697 2501 3739 omnes
2541 3684 2814 3750 libidines,
2842 3686 3212 3741 doctrinarum
3247 3699 3465 3744 austero

1907 3775 2302 3843 astringuntnr.
2326 3772 2511 3845 Neque
2554 3776 2696 3831 enim
2738 3774 2851 3841 ﬂat,
2898 3777 3098 3847 utqui,
3148 3779 3255 3832 ritu
3311 3779 3462 3845 salis,

1907 3866 2111 3923 Christi
2127 3866 2354 3923 vocibus
2388 3866 2605 3922 animus
2662 3882 2767 3922 non
2799 3868 3198 3939 conspergitur,
3230 3885 3339 3926 non
3391 3871 3465 3927 fe-

1907 3967 2195 4028 teatatque
2222 3958 2507 4022 verminet,
2562 3958 2636 4012 uti
2683 3973 2814 4014 sane
2848 3957 3012 4014 David
3038 3974 3131 4015 rex
3154 3976 3221 4015 ex
3265 3964 3463 4017 monti.

1910 4051 2012 4107 bus
2043 4052 2402 4122 Iacrymarum
2456 4051 2628 4106 imbre
2653 4050 2919 4107 confitens
2970 4051 3317 4107 clamabat':
3351 4052 3462 4107 Pu-

1911 4152 2149 4198 truerunt
2181 4152 2229 4197 et
2253 4151 2510 4210 corruptae
2557 4151 2675 4196 sunt
2705 4142 2975 4197 cicatrices
3003 4159 3170 4207 mea;
3202 4144 3345 4214 quod
3375 4147 3462 4200 ni-

1909 4235 2106 4289 mirum
2140 4233 2305 4289 veluti
2357 4233 2471 4289 sale
2521 4234 2717 4289 sobriis
2749 4233 3192 4291 meditationibus
3220 4236 3459 4309 seipsum

1908 4343 2016 4383 non
2042 4324 2370 4383 defricuerat
2413 4335 2507 4382 aut
2539 4328 2884 4394 astrinxerat,
2911 4328 3007 4384 sed
3044 4331 3267 4402 segnius
3295 4346 3461 4403 agens

323 4493 341 4525 ¹
370 4489 553 4548 Matth.
586 4488 811 4557 xlx,12.
886 4488 908 4521 ³
938 4484 1103 4543 Eccli.
1133 4502 1210 4550 vl,
1250 4483 1338 4539 56.
1413 4483 1435 4515 ³
1467 4480 1601 4536 Psal
1652 4495 1862 4546 xxxvii,
1886 4478 1939 4535 6.

326 4624 453 4710 (μὲ’)
497 4626 649 4710 ’ςιθρ-
678 4613 1790 4710 Crevier‘§°rér§:i<_,iiiri°i‘:<

1907 4611 2076 4710 Quare
2107 4614 2286 4698 potius
2318 4612 2462 4710 foret
2498 4615 2559 4710 ἐν
2584 4615 2805 4710 ,βάρεσιν
2858 4616 3155 4710 in‘palatio
3184 4635 3248 4676 ac
3283 4622 3452 4693 regiis

260 4697 318 4752 τὸ
335 4685 497 4767 ῥεῦμα
516 4685 945 4767 ὐειτξερσζετάμεναιΖ
961 4685 1376 4767 Μαιη-ξΑθρόως
1399 4685 1460 4767 τὸ
1481 4685 1655 4767 ῥεῦμα
1665 4701 1807 4767 ,μετ-

260 4755 589 4839 οχέτεύσασαι
621 4755 723 4835 τῆς
742 4755 1087 4835 ἡδυπαθείας.
1115 4755 1249 4814 Μαί
1261 4772 1358 4830 pro
1376 4755 1644 4829 οὐράνιον,
1664 4755 1800 4815 Maz.

267 4837 383 4893 cod.
407 4835 525 4893 legit
553 4835 824 4893 οὐρανίαν.
859 4831 1016 4885 Eurr.
1039 4828 1239 4884 Luna.

368 4874 383 4889 ο
409 4851 525 4890 Ιεαιι
553 4851 824 4890 ουοανιαν.
859 4851 1016 4885 ιειυιτ.
1039 4851 1239 4884 ιλυΡΑιι.

267 4851 383 4893 Coa.
409 4851 525 4906 legit
553 4851 824 4906 ουρανιαν.
859 4851 1016 4885 ιειυιτ.
1039 4851 1239 4884 humili.

336 4906 441 4974 (15)
490 4902 990 4974 ¹Υπεριπτάμεναι⁸
1041 4901 1206 4974 Allat.
1256 4904 1324 4974 et_
1369 4895 1637 4974 Mazar.,_
1680 4915 1807 4968 μετ-

268 4966 770 5047 οχετεύσασαι.Ἀίὶο
795 4966 1241 5047 'deriuatoﬂuxu,
1276 4968 1345 5023 ab
1367 4983 1432 5024 eo
1479 4983 1538 5047 se
1589 4966 1803 5023 abstra-

267 5041 486 5112 liéntes,
538 5059 855 5113 omnemque
907 5041 1184 5113 libidinem
1252 5044 1618 5113 coercentes:
1665 5055 1803 5113 _quze

269 5107 483 5188 utraque
501 5130 596 5171 vox
626 5107 783 5171 nullo'
802 5111 1147 5169 incommodo
1192 5107 1395 5165 servari
1434 5107 1627 5178 possit.
1655 5107 1801 5165 COI-

272 5201 452 5329 Ιῗεῧῖ)
475 5253 831 5329 Karax_._Ubi
888 5251 1057 5329 codex
1105 5247 1230 5329 Va_t_.
1288 5247 1421 5318 legit
1473 5246 1797 5329 κατακούειν

275 5317 632 5398 ῥιμξιλλώμεναιΔ
652 5325 842 5398 λόγονς
874 5319 1313 5398 _Maz.,_me_lius,
1339 5317 1659 5373 κατακούειν
1689 5317 1797 5372 τῶν

272 5388 421 5468 θὲίων
454 5388 806 5468 ἁμιλλώμεναι
826 5393 1016 5468 λόγων.
1051 5389 1149 5444 Eu.
1178 5388 1378 5468 Luem.

340 5466 441 5539 (15)
688 5457 1120 5539 ναιερκῶλῃκ-ας
1156 5462 1347 5539 ποιεῖν.
1381 5457 1545 5528 Maz.,
1577 5458 1790 5530 γεννᾷν.

278 5533 331 5590 1η
348 5527 595 5592 alterutro
612 5527 774 5592 nimia
793 5527 1015 5588 librarii
1030 5531 1263 5585 licentia.
1294 5527 1369 5584 In.

342 5606 444 5676 (16)
467 5609 562 5678 Ἐν
588 5607 697 5673 τοῖς
726 5606 986 5678 Λόρεσινζ
1000 5600 1262 5678 suspecta
1303 5598 1434 5678 mihi
1484 5612 1630 5678 vox:
1655 5595 1789 5678 Nam

280 5667 498 5745 loquitur
519 5667 808 5732 Methodiu's
838 5677 906 5729 de
952 5667 1174 5745 Davidis
1210 5669 1455 5745 luc_tu_ab
1475 5667 1787 5745 adulterio;

1904 4686 2133 4760 aedibus,
2169 4687 2222 4739 in
2241 4686 2439 4760 quibus
2467 4686 2697 4740 stratum
2735 4702 2892 4760 suum
2921 4686 3070 4760 largo
3099 4686 3456 4760 lacrymarum

1904 4756 2076 4829 imbre
2100 4756 2516 4829 verepmniteus
2571 4771 2665 4810 rex
2721 4758 2845 4829 pius
2893 4756 3271 4829 perﬁindebat.
3319 4767 3461 4821 Ante

1904 4826 2119 4902 quidem
2148 4834 2200 4879 et
2231 4826 2394 4902 Sadle
2422 4836 2779 4902 persequente
2804 4826 2971 4885 sic'in
2999 4833 3273 4888 montibus
3289 4847 3458 4902 vagus

1904 4896 2096 4965 agebat
2118 4910 2181 4948 ac
2210 4896 2490 4965 profugus.
2532 4896 2586 4950 in
2622 4911 2778 4966 quem
2808 4914 2923 5022 (per
2960 4916 3079 4955 eam
3114 4903 3318 4972 fugam,
3348 4896 3458 4960 non

1904 4980 2075 5022 pauca
2112 4964 2258 5018 illius
2300 4966 2531 5022 psalmi.
2586 4974 2646 5019 ut
2697 4982 2806 5022 auo
2902 4970 2999 5022 ait.
3063 4971 3233 5022 Amici
3268 4974 3369 5022 mei
3408 4987 3458 5022 ρι

1901 4964 2075 5035 pauca
2112 4964 2258 5018 illius
2300 4964 2531 5035 psalmi,
2586 4964 2655 5019 ιιι*
2697 4964 2845 5036 quod
2902 4970 2999 5034 ait,
3063 4964 3233 5026 Amici
3268 4964 3369 5027 uici
3408 4987 3460 5030 et

1937 5036 2127 5089 roximi
2152 5036 2253 5088 mei
2277 5036 2550 5113 adversum
2578 5052 2681 5113 me,
2701 5045 2829 5113 etc.,
2862 5042 3167 5113 partimque
3195 5044 3249 5097 in
3281 5043 3451 5101 Absa-

1925 5121 1994 5159 on
2032 5106 2407 5178 persecutione
2430 5105 2551 5170 fuit,
2578 5107 2681 5178 etsi
2704 5123 2768 5162 eo
2799 5105 2946 5164 brevi
2983 5105 3221 5178 turbine,
3253 5117 3460 5169 exstin-

1903 5183 1994 5249 cto
2022 5175 2315 5249 parricida,
2349 5175 2486 5249 liber
2512 5177 2713 5249 evasit,
2742 5181 3088 5249 potioresque
3111 5175 3269 5237 amici
3300 5184 3455 5238 fidem

1901 5245 1980 5323 illi
2006 5245 2358 5323 servaverint.
2393 5245 2513 5299 Mox
2549 5261 2644 5317 pro
2668 5243 2756 5323 εἰς
2781 5243 3013 5323 οἶστρον,
3043 5252 3293 5323 frigidius
3333 5254 3453 5308 Vat.

1900 5312 2156 5386 Possinji,
2178 5315 2257 5375 εἰς
2274 5312 2520 5383 ὕστερον,
2542 5312 2685 5386 quod
2715 5312 3277 5377 malinn‘exScrilIentis
3308 5340 3458 5376 nion-

1901 5384 2061 5457 dum.
2079 5382 2170 5439 Sic
2199 5392 2353 5457 certe;
2393 5382 2703 5457 soletfpost
2751 5390 3001 5445 stimulos
3045 5393 3110 5446 ad
3158 5393 3455 5456 libidinem,

1898 5469 1989 5511 res
2050 5454 2396 5534 ipsasequi,
2448 5464 2506 5509 ut
2532 5454 2852 5534 impavide;
2896 5475 3020 5514 nam
3063 5463 3214 5532 prius
3271 5454 3456 5534 amore

1898 5524 2105 5600 exarsit
2131 5524 2198 5577 ab
2219 5524 2440 5600 incauto
2485 5527 2730 5600 mulieris
2777 5524 3021 5599 aspectu,
3059 5524 3283 5600 tumque
3311 5533 3456 5600 regis

1899 5595 2149 5666 potentia
2168 5592 2456 5666 adductam
2478 5594 2696 5651 domum
2731 5592 3124 5665 constupravit.
3165 5592 3454 5661 Commius.

1961 5663 2072 5736 (17)
2087 5665 2189 5736 Είς
2203 5659 2536 5736 οἶστρον.τ
2570 5666 2695 5721 Haec
2730 5659 3011 5736 est_lectio
3043 5669 3249 5722 codicis
3292 5659 3456 5736 Mam,

281 5732 424 5813 quem
457 5764 556 5804 non
584 5750 633 5801 in
682 5745 954 5802 montibus
984 5741 1191 5813 habuit,
1214 5737 1308 5794 sed
1344 5739 1488 5792 domi
1520 5745 1574 5792 et
1602 5732 1790 5813 Hiero;

1907 5732 2106 5813 ibivat.
2134 5735 2431 5813 φιλοῦσι-είς
2487 5734 2730 5813 ἦστε-ρον.
2777 5734 3003 5813 Οἷστρος
3059 5746 3162 5813 est
3189 5732 3460 5813 _stimnlus

285 5804 501 5877 solvatis.
556 5817 640 5874 ubi
683 5833 714 5872 a
740 5814 954 5870 Natltan
1024 5810 1286 5884 propheta
1325 5814 1611 5879 correptus
1664 5804 1785 5861 iuit.

1889 5803 2073 5861 carnis
2092 5812 2146 5860 et
2171 5804 2438 5874 cupiditas
2459 5804 2526 5860 ad
2552 5802 2813 5878 ﬂagitium
2839 5802 3084 5859 trahens.
3121 5805 3295 5863 Etiam
3326 5811 3458 5867 illud
