4056 6302
515 393 588 449 '59
1464 376 1520 434 S.
1563 372 1892 431 METHOD“
1930 366 2235 424 EPISCOPI
2276 364 2364 421 ET
2406 359 2761 418 MARTYRIS
3687 348 3757 406 ιο

509 517 570 571 in
621 520 851 571 (nstrum
907 509 1186 578 abreptus,
1246 502 1500 559 adulterii
1557 512 1773 571 quoque
1825 493 2082 551 sordibus

2207 487 2350 554 ὸζεσε
2381 484 2642 558 μοιχείαν.
2674 478 2860 552 Ταύτῃ
2893 478 2999 531 πᾶν
3030 474 3203 547 δῶρον
3242 475 3301 527 ὲν
3346 470 3425 545 τῷ
3460 469 3751 541 Λευῖτικῷ,

511 609 940 677 computruerat.
995 599 1135 654 Hinc
1163 596 1345 652 omnis
1391 593 1594 650 oblatio
1642 593 1698 645 in
1752 588 1994 643 Levitico
2039 586 2082 650 ⁵,

512 701 624 756 nisi
658 699 809 769 prius
832 695 945 751 sale
974 691 1195 747 condita
1225 688 1413 752 fuerit,
1468 689 1522 740 in
1564 684 1943 738 holocaustum
1995 692 2085 732 ee--

516 793 649 848 dere
679 788 996 862 prohibetur
1025 784 1252 840 Domino
1295 780 1424 836 Deo.
1473 778 1564 832 Sal
1588 791 1716 831 vero
1743 773 1904 828 nobis
1940 769 2087 862 quod

516 861 765 939 mordeat
796 889 849 935 et
885 878 953 933 ad
984 877 1272 931 utilitatem
1309 872 1596 940 astringat,
1621 865 1886 937 spiritalis
1910 861 2088 917 omnis

521 976 928 1046 Scripturarum
962 973 1088 1028 data
1112 965 1392 1023 meditatio
1416 971 1501 1018 est
1524 980 1538 1015 :
1576 960 1694 1015 sine
1717 971 1823 1027 qua
1875 954 2089 1008 animus

520 1085 617 1140 per
646 1045 924 1122 irationem
984 1062 1230 1119 omnium
1278 1054 1491 1112 auctori
1538 1052 1649 1106 Deo
1703 1056 1853 1120 grata
1912 1045 2088 1101 hostia

520 1135 700 1216 otl’erri
743 1174 853 1213 non
902 1160 1080 1229 potest
1128 1169 1143 1207 :
1192 1150 1297 1205 Vos
1344 1147 1489 1204 enim
1530 1144 1658 1198 estis
1684 1140 1766 1196 sal
1798 1148 1969 1203 teme,
2016 1135 2093 1189 ait

520 1253 784 1310 Dominus
813 1252 833 1283 ⁶
856 1247 1139 1320 apostolis.

592 1345 816 1414 Oportet
858 1343 1023 1412 igitur
1068 1336 1336 1407 virginem
1368 1332 1722 1385 honestarum
1769 1339 1982 1395 semper
2011 1335 2095 1376 re-

523 1454 647 1493 rum
679 1436 862 1492 studio
893 1434 1148 1503 ﬂagrare,
1190 1434 1243 1482 et
1286 1428 1429 1479 inter
1476 1423 1776 1478 eminentes
1816 1415 2096 1487 sapientiae

523 1530 686 1587 laude
734 1529 1058 1582 honoratum
1092 1523 1272 1576 locum
1307 1528 1490 1573 tenere
1530 1535 1543 1570 :
1593 1513 1729 1568 nihil
1762 1511 1970 1582 pigrum
2004 1515 2096 1562 aut

526 1622 692 1680 molle
722 1619 925 1672 habere
946 1655 960 1679 ,
992 1613 1087 1669 sed
1116 1611 1381 1668 excellere
1400 1648 1414 1673 ,
1437 1614 1489 1661 et
1518 1605 1740 1660 heroico
1771 1601 2096 1672 virginitatis

527 1711 807 1785 proposito
827 1708 1019 1779 dignos
1044 1720 1239 1762 sensus
1256 1704 1420 1765 alere,
1440 1714 1561 1770 quae
1583 1710 1786 1765 semper
1816 1693 2099 1749 deﬂuentis

527 1802 822 1874 voluptatis
862 1792 1067 1857 saniem
1111 1795 1374 1852 doctrinas
1420 1789 1773 1845 meditatione
1820 1785 2095 1855 deterget;

2192 582 2287 634 ὲάν
2311 579 2384 651 μὴ
2410 578 2565 631 ἀλατι
2599 572 2812 643 ἁλισθῇ,
2848 567 3251 640 ἀπαγορεύεται
3285 566 3366 629 είς
3387 563 3763 635 ὁλοκάρπωμα

2193 667 2593 743 προσφέρεσθαι
2626 662 2820 735 Κυρίῳ
2856 660 2935 731 τῷ
2965 658 3103 730 Θεῷ.
3144 658 3312 721 Ἂλας
3330 655 3387 709 δὲ
3414 657 3542 726 ἡμῖν
3577 653 3642 707 τὸ
3666 654 3765 725 δη-

2194 763 2378 818 κτικὸν
2412 759 2548 833 πρὸς
2572 756 2838 833 ὠφέλειαν
2867 751 3178 820 ἀποστύφον
3205 752 3239 821 ἡ
3283 746 3630 819 πνευματικὴ
3665 747 3767 799 πᾶ-

2196 874 2264 909 σα
2292 853 2398 907 τῶν
2438 848 2669 922 Γραφῶν
2714 846 2868 918 ὲδόθη
2903 844 3099 917 μελέτη
3126 860 3140 873 ⁸
3163 837 3232 914 ἧς
3266 839 3333 908 δὴ
3367 839 3537 910 χωρὶς
3565 837 3765 891 ἀδύνα-

2193 965 2284 1002 τον
2309 944 2386 1016 τῷ
2408 940 2814 1013 Παντοκρὰτορι
2861 937 2949 992 διὰ
2993 934 3088 989 τοῦ
3123 933 3282 1002 λόγου
3330 929 3764 1002 προσενεχθῆναι

2193 1039 2399 1111 ψυχήνο
2448 1034 2629 1105 Ὑμεῖς
2652 1033 2759 1104 γάρ
2785 1032 2926 1086 ἐστε
2954 1027 3020 1082 τὸ
3050 1027 3202 1092 ἅλας
3225 1022 3334 1093 τῆς
3351 1023 3485 1094 γῆς,
3512 1025 3541 1077 ὁ
3560 1022 3766 1095 Κύριος

2196 1131 2299 1202 ἔφη
2326 1132 2435 1193 τοῖς
2464 1125 2796 1188 ἀποστόλοις.

2265 1312 2386 1385 Χρὴ
2414 1307 2508 1365 οὖν
2552 1308 2650 1378 τὴν
2692 1303 2956 1377 παρθένον
2998 1300 3086 1354 ἀεὶ
3130 1298 3237 1354 τῶν
3270 1296 3451 1352 καλῶν
3482 1299 3633 1369 ὲρᾷν,
3664 1298 3764 1351 καὶ.

2199 1408 2308 1470 τοῖς
2335 1403 2705 1477 πρωτεύουσιν
2762 1403 2841 1464 είς
2872 1401 3061 1471 σοφίαν
3108 1398 3432 1470 ὲμπρέπειν,
3469 1396 3565 1448 καὶ
3598 1394 3766 1465 μηδὲν

2203 1498 2441 1572 ῥᾴθυμον
2475 1496 2608 1569 μηδὲ
2645 1493 2917 1566 μαλθακὴν
2954 1492 3095 1563 ἔχειν
3115 1508 3128 1521 ·
3161 1490 3274 1544 ἀλλ’
3309 1485 3637 1560 ἀριστεύειν,
3660 1484 3764 1540 καὶ

2200 1592 2324 1658 ἀξια
2342 1591 2438 1662 τῆς
2465 1588 2758 1661 παρθενίας
2804 1588 3040 1659 φρονεῖν,
3068 1584 3494 1654 ἀποσμήχουσαν
3515 1579 3593 1650 τῷ
3621 1578 3763 1650 λόγῳ

2201 1685 2326 1747 τοὺς
2372 1682 2572 1755 ἰχῶρας
2628 1681 2715 1735 ἀεὶ
2759 1680 2858 1751 τῆς
2890 1675 3242 1750 ἡδυπαθείας,
3291 1674 3485 1745 μήπως
3526 1670 3763 1724 λαθοῦσα

2206 1775 2428 1847 βραχεῖα
2488 1770 2732 1844 σηπεδὼν
2775 1772 3008 1843 γεννήσῃ
3042 1768 3132 1821 τὸν
3173 1764 3429 1834 σκώληκα
3453 1762 3552 1833 τῆς
3570 1760 3768 1816 ἀκολα-

540 1850 820 1874 Mur-w—
1979 1850 1997 1855 ,
2082 1850 2087 1851 ,

531 1894 728 1954 necubi
788 1894 929 1950 forte
975 1894 1152 1948 latens
1197 1888 1282 1943 vel
1310 1884 1536 1941 minima
1572 1879 1834 1953 putredo,
1870 1875 2103 1932 inconti-

2207 1866 2346 1929 σίας·
2392 1867 2463 1921 Ἠ
2487 1866 2596 1933 γὰρ
2620 1864 2842 1933 ἄγαμος
2866 1858 3118 1932 μεριμνᾷ
3152 1857 3225 1911 τὰ
3241 1854 3348 1910 τοῦ
3368 1854 3607 1923 Κυρίου,
3640 1850 3767 1918 πῶς

529 1988 733 2046 nentiae
779 2000 1019 2042 vermem
1069 1981 1400 2054 progignat:
1452 1974 1683 2042 Innupta
1725 1970 1861 2026 enim
1909 1969 2104 2038 cogitat

528 2097 647 2154 qua:
675 2080 888 2134 Domini
919 2086 1071 2142 sunt,
1115 2070 1373 2145 quomodo
1416 2068 1625 2139 placeat
1662 2062 1908 2127 Domino,
1939 2070 1997 2115 ut
2033 2061 2105 2115 sit

532 2150 718 2227 sancta
776 2183 991 2238 corpore
1046 2175 1092 2219 et
1133 2163 1357 2231 spiritu,
1403 2158 1582 2228 inquit
1604 2156 1800 2210 beatus
1837 2150 2098 2205 Paulus’.

529 2264 710 2318 Multa:
731 2277 860 2316 vero
886 2258 1218 2313 auditionem
1253 2270 1314 2308 ac
1341 2249 1586 2306 discendi
1621 2261 1831 2308 curam,
1867 2260 1965 2299 ceu
1986 2258 2101 2299 rem

529 2356 588 2411 in
609 2353 863 2411 secundis
885 2349 1189 2405 habendam
1213 2344 1610 2404 existimantes,
1630 2339 1859 2392 multum
1884 2335 1990 2390 sibi
2012 2335 2105 2389 de-

531 2450 650 2505 beri
681 2451 906 2519 putant,
957 2443 1006 2499 si
1033 2441 1116 2496 vel
1149 2437 1423 2493 modicum
1452 2442 1669 2502 tempus
1701 2428 1962 2484 doctrinas
2009 2440 2096 2479 au-

534 2553 623 2593 res
651 2516 977 2591 adhibeant:
1017 2544 1152 2600 quas
1175 2544 1205 2581 a
1227 2526 1401 2582 sacris
1434 2520 1898 2592 disputationibus
1920 2516 2106 2571 exclu-

533 2632 663 2687 dere
695 2627 902 2683 deceat.
950 2624 1206 2693 Angusta:
1232 2618 1375 2673 enim
1411 2624 1576 2686 atque
1609 2626 1840 2667 morosa:
1886 2609 2108 2664 humili-

534 2737 644 2794 que
670 2720 899 2781 animae,
954 2730 1055 2770 nec
1091 2729 1205 2768 non
1252 2707 1533 2781 sapientiae
1561 2706 1776 2759 inanem
1816 2701 2107 2772 quamdam

538 2812 769 2889 gaetanti
801 2809 1060 2881 speciem,
1085 2804 1229 2861 haud
1254 2799 1625 2873 impartiendae
1656 2804 1784 2852 sunt
1808 2796 2003 2850 divina:
2027 2794 2111 2847 di-

541 2884 806 2976 sciplinis.
841 2900 947 2967 Qui
973 2898 1117 2954 enim
1164 2911 1276 2951 non
1308 2891 1597 2947 ridiculum
1633 2887 1777 2958 apud
1815 2900 1908 2943 eas
1942 2884 2112 2955 pluri-

540 2972 647 3051 bus
669 2988 1043 3052 commentari,
1071 3003 1193 3058 qua;
1222 2986 1276 3039 in
1304 3000 1362 3038 re
1392 2981 1610 3052 quidem
1641 2977 1823 3049 exigui
1855 2972 2113 3029 momenti

2219 1959 2391 2029 ξρέσῃ
2422 1958 2504 2019 τῷ
2520 1957 2733 2025 Κυρίῳ,
2759 1956 2858 2008 ἵνα
2875 1949 2914 2026 ᾖ
2942 1953 3080 2022 ἁγία
3107 1951 3203 2004 καὶ
3221 1947 3444 2017 σώματι
3455 1945 3565 2022 ,καί
3587 1944 3769 1998 πνεύ-

2197 2071 2358 2124 ματι,
2407 2038 2569 2122 φησιν
2615 2052 2643 2101 ὁ
2678 2048 2942 2121 μακάριος
2990 2044 3219 2106 Παῦλος.
3251 2040 3450 2095 Πολλαὶ
3478 2039 3534 2092 δὲ
3562 2038 3769 2110 πάρερ-

2203 2164 2297 2217 γον
2330 2144 2629 2215 ἡγούμεναι
2672 2142 2769 2214 τὴν
2797 2140 3091 2212 ἀκρόασιν,
3133 2136 3410 2206 νομίζουσι
3446 2127 3767 2204 χαρίζεσθαι

2207 2233 2437 2307 μεγάλα,
2498 2232 2593 2287 ἐὰν
2648 2231 2751 2285 κᾶν
2778 2230 2840 2283 τὸ
2870 2227 3040 2300 βραχὺ
3085 2226 3406 2299 παράσχωσι
3436 2223 3532 2287 τάς
3561 2220 3729 2284 ἀκοάς
3747 2235 3763 2251 ⁶

2208 2331 2274 2394 ἃς
2299 2328 2576 2401 ὲκκριτέον
2599 2340 2613 2356 ⁸
2650 2323 2952 2396 μικρολόγῳ
2982 2321 3089 2390 γὰρ
3112 2319 3269 2389 φύσει
3300 2317 3395 2371 καὶ
3415 2317 3642 2386 ταπεινῇ
3672 2313 3768 2369 καὶ

2208 2419 2691 2493 ὲπιμορφαζομένῃ
2740 2415 2900 2486 σοφίᾳ
2961 2415 3018 2467 ού
3066 2413 3170 2485 χρὴ
3231 2411 3563 2482 μαθημάτων
3611 2408 3770 2462 θείων

2207 2513 2499 2566 κοινωνεῖν.
2553 2504 2628 2561 *Η
2660 2507 2766 2578 γὰρ
2815 2506 2875 2559 ού
2916 2503 3121 2573 γελοῖον
3162 2501 3398 2564 ἐκείναις
3435 2499 3765 2570 ἀδολεσχεῖν.

2207 2604 2408 2667 αἵτινες
2439 2602 2533 2655 ἐπὶ
2560 2601 2657 2672 μὲν
2689 2600 2802 2661 τοῖς
2833 2594 3027 2668 μικροῦ
3056 2593 3223 2660 ἀξίοις
3247 2592 3422 2646 πάντα
3446 2592 3617 2644 ποιεῖν
3652 2603 3772 2642 συν-

2207 2699 2487 2762 τείνονται,
2509 2697 2656 2758 ὅπως
2687 2692 3051 2765 ἀκριϐέστατα
3071 2689 3249 2756 ἕξουσι
3284 2687 3351 2741 τὰ
3376 2682 3775 2758 τελεσιουργού-

2214 2805 2380 2860 μενα·
2408 2787 2500 2839 ἐπὶ
2545 2786 2602 2838 δὲ
2653 2782 2757 2838 τῶν
2790 2781 3124 2851 ἀναγκαίων,
3153 2779 3218 2832 δι’
3257 2771 3331 2832 ὧν
3360 2774 3558 2849 μᾶλλον
3585 2771 3776 2837 αὑταῖς

2215 2880 2245 2931 ὁ
2274 2877 2372 2947 τῆς
2408 2873 2759 2945 σωφροσύνης
2795 2872 2934 2945 ἔρως
2962 2871 3203 2938 αὒξεται,
3238 2868 3312 2941 μὴ
3349 2868 3608 2940 μεγίστας
3629 2865 3773 2937 ἠγεῖ-

2220 2969 2341 3023 σθαι
2373 2967 2481 3039 (18)
2512 2966 2608 3030 τὰς
2642 2964 2958 3037 ἀκριϐείαςς

538 3086 746 3158 ingenii
790 3085 936 3137 vires
979 3054 1187 3135 omnes
1216 3072 1585 3135 contendant,
1631 3079 1692 3123 ut
1736 3067 2138 3139 perfectissime
2174 3069 2359 3133 optata
2402 3065 2808 3129 assequantur:
2859 3057 2915 3111 in
2964 3054 3290 3112 necessariis
3326 3068 3457 3108 vero
3516 3068 3613 3124 per
3657 3066 3779 3123 qua:

538 3150 884 3241 potiSSimum
918 3168 1183 3225 castitatis
1215 3178 1369 3221 amor
1398 3161 1452 3215 in
1482 3159 1560 3215 eis
1584 3165 1866 3228 augeatur,
1894 3156 2036 3210 haud
2069 3170 2199 3209 sane
2231 3155 2561 3224 diligentiam
2593 3152 2815 3205 maximi
2843 3150 3062 3205 facere?

538 3290 665 3346 CAP.
694 3286 760 3342 ll.
800 3287 1086 3359 Virginitas
1118 3304 1146 3342 e
1173 3285 1316 3342 cmlis
1334 3285 1543 3355 planta,
1572 3301 1689 3340 sero
1749 3282 1958 3338 tandem
2015 3283 2217 3365 agnita.
2248 3282 2493 3336 Hominis
2549 3279 2617 3335 ad
2658 3279 3025 3350 perfectionem
3066 3289 3347 3348 provectio,
3395 3280 3650 3350 quomodo
3694 3280 3797 3339 in-_

2072 3363 2279 3408 stituta.

606 3505 803 3575 Magno
839 3502 984 3558 enim
1026 3515 1218 3557 revera
1273 3515 1505 3555 excessu
1535 3499 1821 3553 aSummis
1845 3497 2103 3552 caelorum

2278 3493 2505 3566 Μεγάλῃ
2544 3492 2654 3565 γὰρ
2698 3490 2912 3564 ἀληθῶς
2963 3490 3233 3562 ὑπερϐολῇ
3265 3488 3444 3559 τὸτῆς
3477 3488 3774 3561 παρθενίας

533 3594 776 3654 demissa
799 3594 945 3649 venit
966 3590 1296 3662 virginitatis
1330 3591 1544 3661 planta:
1571 3588 1924 3658 quamobrem
1949 3587 2107 3642 etiam

534 3686 731 3761 primis
784 3684 1068 3740 hominum
1097 3682 1348 3738 aetatibus
1390 3681 1535 3736 haud
1571 3680 1674 3735 fuit
1703 3680 1932 3736 detecta.
1963 3678 2112 3733 Non-

536 3781 666 3836 dum
691 3779 890 3849 quippe
919 3791 1273 3831 numerosum
1301 3782 1418 3830 erat
1450 3789 1621 3843 genus
1643 3773 1941 3827 humanum
1969 3810 1984 3835 ,
2018 3770 2113 3825 de-

537 3871 804 3940 cehatque
825 3870 1005 3938 ipsum
1032 3868 1182 3938 prius
1207 3865 1565 3920 multitudine
1592 3865 1778 3936 augeri
1802 3870 1962 3932 atque
1987 3877 2112 3931 per-

540 3962 646 4015 iici.
677 3961 858 4026 Quare
888 3975 955 4013 ne
987 3960 1239 4028 proprias
1267 3958 1487 4028 quidem
1514 3971 1735 4012 sorores
1758 3970 1878 4009 cum
1903 3953 2110 4024 antiqui

539 4066 742 4105 uxores
776 4050 1107 4119 acciperent,
1142 4057 1299 4118 turpe
1337 4048 1544 4119 aliquid
1576 4063 1641 4103 ac
1670 4048 1928 4103 indecens
1955 4054 2107 4115 erat;

540 4147 717 4200 donec
744 4144 831 4199 lex
849 4144 1075 4198 veniens
1099 4142 1464 4206 denuntiavit,
1494 4143 1658 4213 idque
1682 4142 1936 4206 vetando,
1963 4139 2110 4211 quod

540 4238 718 4308 primo
774 4236 1065 4290 honestum
1115 4250 1238 4290 esse
1277 4235 1581 4297 videbatur,
1633 4243 1911 4304 peccatum
1988 4249 2112 4289 esse

538 4328 762 4393 sanxit,
819 4326 1153 4381 maledictum
1203 4342 1321 4379 eum
1354 4327 1584 4380 vocans‘4
1602 4327 1690 4396 qui
1739 4326 2111 4395 turpitudinem

540 4423 740 4477 sororis
769 4438 880 4476 sua:
916 4420 1235 4484 revelaverit,
1278 4420 1386 4475 Deo
1429 4418 1686 4473 nimirum
1732 4421 1897 4474 certis
1925 4420 2114 4489 paula-

538 4515 637 4569 tim
664 4522 967 4585 temporum
993 4512 1315 4592 momentis,_
1341 4510 1486 4581 quod
1507 4510 1745 4564 humano
1774 4513 1956 4580 generi
1982 4526 2112 4565 con-

542 4621 738 4679 gruum
770 4613 951 4671 esset,
985 4619 1255 4675 propense
1291 4603 1612 4657 admovente
1641 4603 1931 4669 auxilium;
1967 4609 2027 4655 ut
2059 4610 2113 4655 et

544 4706 795 4768 parentes
821 4713 949 4769 erga
974 4697 1176 4752 liberos
1198 4711 1336 4766 pene
1375 4694 1600 4759 faciunt.
1628 4692 1746 4747 Non
1763 4694 1906 4748 enim
1936 4693 2005 4747 ab
2032 4693 2113 4764 ip-

542 4792 622 4848 sis
649 4793 830 4846 statim
858 4790 1146 4846 cunabulis
1175 4788 1494 4859 psedagogos
1518 4786 1625 4841 illis
1653 4785 1989 4856 prmﬁciunt;
2014 4784 2112 4840 sed

2212 3584 2516 3657 ἀνθρώποις
2541 3584 2635 3636 ἀπ’
2668 3581 2910 3654 οὐρανῶν
2940 3578 3297 3651 κατεπέμφθη
3334 3578 3528 3648 φυτόν’
3560 3579 3655 3631 καὶ
3690 3578 3778 3631 διὰ

2210 3678 2366 3731 τοῦτο
2404 3679 2523 3740 ταῖς
2573 3674 2815 3750 πρώταις
2847 3674 2946 3726 ούκ
2991 3671 3345 3742 ἀπεκαλύφθη
3380 3672 3612 3740 γενεαῖς.
3657 3670 3778 3724 Ἔτι

2210 3771 2317 3843 γάρ
2372 3769 2656 3841 ἄνθρωπος
2702 3766 2975 3836 ὀλιγοστὸς
3016 3760 3106 3835 ἦν,
3154 3763 3247 3817 καὶ
3299 3764 3462 3835 ἐχρῆν
3507 3762 3665 3816 αὐτὸν
3700 3762 3778 3825 εἰς

2212 3863 2415 3934 πλῆθος
2455 3862 2763 3934 αὐξήσαντα
2798 3857 3164 3927 τελειωθῆναι.
3191 3855 3282 3908 Διὸ
3318 3855 3374 3908 δὲ
3398 3855 3491 3909 καὶ
3521 3854 3619 3918 τὰς
3650 3871 3778 3922 σφε-

2211 3957 2373 4027 τέρας
2405 3953 2637 4023 ἀδελφάς
2666 3954 2715 4006 οἱ
2741 3951 2959 4005 παλαιοὶ
2979 3948 3345 4019 λαμϐάνοντες
3378 3949 3663 4014 γυναῖκας,
3689 3945 3778 3998 ού-

2210 4048 2299 4102 δὲν
2324 4043 2392 4119 ἦν
2426 4045 2669 4117 ἀπρεπὲς
2696 4043 2830 4116 (19),
2853 4042 3024 4113 μέχρι
3047 4040 3208 4111 νόμος
3236 4036 3406 4091 ὲλθὼν
3431 4031 3778 4104 διεστείλατο,

2212 4141 2385 4195 καὶτὸ
2408 4139 2618 4211 πρῶτον
2634 4136 2819 4190 δοκοῦν
2850 4131 2985 4188 εἶναι
3001 4133 3162 4187 καλὸν
3178 4130 3578 4202 ἀπαγορεύσας,
3604 4133 3779 4202 ἀμαρα-

2210 4233 2330 4287 τίαν
2374 4232 2685 4301 ἀπεφήνατο
2713 4269 2727 4293 ,
2777 4225 3206 4295 ἐπικατάρατον
3251 4222 3429 4277 καλῶν
3484 4221 3592 4275 τὸν
3635 4223 3779 4276 ἀπο-

2211 4324 2597 4377 καλύπτοντα
2628 4318 2742 4389 τὴν
2777 4316 3215 4387 ἀσχημοσύνην
3242 4312 3352 4382 τῆς
3385 4310 3652 4381 ἀδελφῆς
3682 4314 3779 4366 αὐ-

2213 4416 2317 4470 τοῦ
2344 4455 2360 4479 ,
2405 4412 2499 4467 τοῦ
2546 4413 2680 4466 Θεοῦ
2724 4411 2863 4465 κατὰ
2892 4409 3080 4480 καιρὸν
3108 4408 3206 4480 τὴν
3254 4405 3595 4479 ἁρμόζουσαν
3623 4404 3779 4476 ὴομῶν

2211 4504 2289 4575 τῷ
2311 4505 2459 4573 γένει
2503 4503 2803 4566 σπουδαίως
2857 4500 3253 4572 προσφέροντος
3285 4499 3554 4570 βοήθειαν,
3593 4496 3778 4566 ὥσπερ

2212 4598 2275 4670 δὴ
2314 4599 2407 4653 καὶ
2435 4598 2481 4650 oi
2510 4596 2741 4667 πατέρες
2770 4597 2880 4657 τοῖς
2917 4594 3070 4654 υἱοῖς.
3107 4593 3180 4645 υύ
3212 4592 3320 4663 γὰρ
3354 4590 3552 4653 εὐθέως
3578 4588 3778 4644 ἀνωθεν

2214 4690 2559 4746 ὲπιστατοῦσι
2605 4690 2730 4752 τοὺς
2770 4686 3149 4756 παιδαγωγούς
3171 4701 3184 4714 ·
3225 4685 3361 4738 ἀλλὰ
3400 4683 3495 4756 τὴν
3527 4680 3779 4752 παιδικὴν

2213 4782 2426 4853 ἠλικίαν
2466 4781 2722 4843 ἐάσαντες
2762 4776 3058 4851 ἀθύρεσθαι
3094 4774 3400 4847 μοσχαρίων
3431 4775 3605 4845 δίκην,
3633 4771 3778 4843 πρῶ-

543 4899 807 4940 concesso
831 4884 978 4938 aetati
1005 4882 1255 4954 primulte
1304 4880 1482 4951 spatio
1503 4879 1735 4949 quodam
1768 4878 1997 4948 puerilia
2026 4878 2103 4932 lu-

2210 4892 2300 4929 τον
2332 4874 2411 4937 εἰς
2448 4870 2780 4927 διδασκάλων
2833 4855 3299 4941 συμψελλιζόντων
3342 4865 3777 4930 ἀποστέλλουσιν,

544 4975 729 5041 dendi,
789 4992 854 5031 ac
899 4976 1053 5047 quasi
1087 4976 1382 5030 vitulorum
1421 4987 1573 5027 more
1623 4972 1887 5041 tantisper
1937 4970 2099 5026 lasci-

2205 4966 2313 5020 Ecrr’
2341 4965 2406 5020 ἀν
2433 4964 2798 5027 ἀποϐαλόντες
2820 4962 2918 5035 τὴν
2954 4958 3288 5033 μειρακιώδη
3324 4959 3485 5030 τρίχα
3508 4955 3600 5012 τοῦ
3629 4955 3767 5019 νοὸς,

614 5137 638 5169 ⁸
667 5135 830 5191 Leuit.
868 5152 929 5201 ιι,
964 5137 1050 5191 15.
1125 5137 1146 5168 ⁸
1176 5133 1454 5197 Matth.'v,
1486 5133 1575 5189 15.
1649 5133 1670 5165 ⁷
1705 5133 1725 5187 l
1758 5131 1884 5188 Cor.
1932 5147 2028 5197 vn,
2062 5132 2103 5186 δε

2229 5128 2438 5184 ⁸1.ευὶ1.
2470 5130 2606 5183 xvni
2645 5124 2714 5191 9;
2758 5139 2850 5187 xx,
2892 5123 2979 5177 17.

546 5301 720 5372 magis
746 5300 914 5372 probo
939 5305 1135 5372 quarto
1157 5303 1278 5372 post
1300 5313 1460 5372 versu
1482 5293 1919 5372 προσφέρεσθαι,
1960 5292 2106 5372 quod

549 5365 686 5429 Mai.
717 5365 839 5423 and.
868 5365 1027 5423 habet
1066 5365 1169 5438 pro
1204 5365 1692 5438 φέρεσθαικΚύρίῳ,
1713 5365 1876 5435 quod
1906 5373 2024 5438 erat
2047 5366 2107 5438 in

547 5444 672 5498 Vat.
709 5440 829 5496 Mox
882 5450 1026 5495 recte
1070 5434 1341 5492 omittitur
1364 5440 1417 5492 in
1452 5434 1584 5492 cod.‘
1618 5434 1761 5491 Maz.’
1785 5452 1889 5491 vox
1942 5434 2110 5505 αὐτῆς

548 5522 671 5585 post
692 5509 1339 5585 pnepositioncm‘xwpig.
1375 5508 1492 5585 bim-
1506 5507 1706 5585 Luna.

620 5574 730 5652 (18)
776 5574 1083 5651 Ἡγεῖσθαι.
1126 5574 1413 5647 Componit
1447 5577 1747 5652 Methodius
1793 5576 1875 5652 τῷ
1923 5574 2110 5652 ἀδολε-

554 5647 722 5723 σχεῖν,
748 5647 980 5723 operam,
1007 5652 1170 5704 otium
1190 5652 1400 5723 perdere
1422 5649 1654 5723 seriaque
1681 5647 1895 5723 nugari,
1921 5648 1976 5701 in
1999 5647 2106 5723 illis

550 5716 670 5794 qua?
699 5716 912 5794 augusti
961 5723 1126 5776 animi
1159 5716 1314 5794 sunt,
1344 5719 1423 5794 τὸ,
1466 5718 1539 5790 μὴ
1568 5716 1825 5794 μεγίστας
1859 5716 2105 5794 ἡγεῖσθαι

549 5787 647 5855 τὰς
678 5787 984 5859 ἀκρῖϐείας,
1013 5808 1116 5846 non
1136 5791 1355 5846 maximi
1392 5787 1913 5857 facere'ditiqentiam
1940 5788 1993 5841 in
2020 5804 2111 5842 ne-

2212 5280 2491 5354 cessariis;
2531 5299 2592 5344 ut
2622 5298 2912 5356 utrumque
2940 5285 3089 5340 dicat
3133 5283 3444 5339 ridiculum.
3505 5280 3777 5356 Sic__ni_hil

2210 5363 2328 5418 vitii
2351 5363 2403 5415 in
2424 5353 2513 5415 illa
2537 5375 2689 5425 voce,
2714 5353 2872 5425 cujus
2893 5356 3231 5410 emendation
3252 5424 3257 5425 γ
3293 5353 3781 5425 exspectandi-sint

2215 5434 2305 5487 alii
2335 5432 2582 5498 codices;
2615 5423 2683 5483 ut
2706 5423 2881 5483 visum
2910 5436 2994 5482 est
3021 5426 3217 5480 editori
3245 5423 3444 5498 Lupar.
3480 5423 3627 5498 satis
3655 5431 3776 5498 est,

2215 5512 2274 5557 ut
2305 5504 2396 5572 qui
2441 5494 2659 5572 exstant
2680 5512 2891 5552 summo
2916 5511 3189 5572 consensu
3230 5496 3366 5572 nihil
3391 5494 3665 5572 Μεριοάἰο
3696 5496 3776 5546 vi-

2218 5565 2388 5642 roque
2405 5569 2669 5642 prudenti
2667 5583 2884 5642 sensum
2916 5567 3202 5642 adversum
3216 5565 3775 5642 reddant._qoussrls.

2287 5629 2396 5713 (19)
2407 5629 2613 5713 ’ρύδὲν
2631 5636 2708 5709 ἦν
2729 5636 3008 5713 ἀπρεπές.
3050 5636 3235 5713 Codex
3260 5629 3585 5713 Ya_t.,_oi:6}v
3605 5637 3780 5713 ἠσχη-

2216 5702 2427 5786 μόνουν.
2454 5710 2618 5786 Mam,
2650 5702 2840 5765 audaci
2864 5702 3204 5773 diversitate,
3235 5706 3388 5786 ούδὲν
3410 5702 3482 5786 ᾖν
3511 5702 3775 5777 ἀπρεπές,

2211 5775 2535 5849 glossemate
2566 5775 2617 5837 in
2648 5787 2961 5838 coritextum
3004 5786 3241 5841 recepto.
3279 5776 3372 5830 Eo.
3410 5775 3612 5833 Lapsa;
