4056 6302
298 328 367 386 41
1385 323 1769 382 CONV'VIUM
1809 321 2039 381 DECEM
2079 322 2437 380 VIRGINUM.
3208 331 3213 337 '
3460 322 3532 380 ιε

302 448 385 510 είς
401 445 499 519 τὴν
530 446 637 502 τῶν
686 445 946 518 μειζόνων
985 419 1215 517 ἄσκησιν
1261 445 1732 518 παραπεμφθῶου
1766 446 1863 500 κά-

1971 441 2173 509 viendi,
2204 442 2271 498 ad
2300 443 2594 515 magistros
2617 455 2725 497 una
2749 454 2873 497 cum
2899 440 2980 496 eis
3006 437 3389 500 balbutientes.
3419 440 3539 509 pri-

302 539 480 594 κεῖθεν
520 536 676 603 αὖθις
718 540 798 603 εἰς
837 540 937 610 τὴν
979 538 1086 594 τῶν
1111 539 1188 593 ἔτι
1232 537 1508 610 μειζόνων.
1545 537 1727 611 Ταύτῃ
1760 537 1867 610 γὰρ

302 632 396 688 καὶ
421 631 513 685 τὸν
543 630 675 684 Θεὸν
706 631 800 684 καὶ
832 630 1049 702 Πατέρα
1095 630 1202 683 τῶν
1239 630 1374 684 ὅλων
1404 629 1634 701 ἡγητέον
1660 648 1868 703 προση-

301 719 485 791 νέχθαι
509 723 621 785 τοῖς
652 720 759 793 πρὸ
783 719 960 792 ήμῶν.
986 722 1106 774 Ἔτι
1126 721 1275 793 γὰρὸ
1307 720 1534 792 κόσμος,
1567 720 1868 794 ἀνθρώπων

300 811 622 882 ἀπλήρωτος
661 809 757 873 ὢν,
803 809 880 874 ὡς
931 811 1122 883 νήπιος
1163 806 1230 882 ἦν
1263 811 1357 864 καὶ
1403 812 1569 883 ἐχρῆν
1601 810 1761 866 αὑτὸν
1788 812 1869 876 είς

301 899 502 973 πλῆθος
517 901 793 974 πρότερον,
810 903 873 955 ὲκ
888 901 1089 957 τούτων
1103 902 1461 974 ἀνδρωθέντα,
1476 903 1864 976 πληθυνθῆναι.

311 991 446 1047 Ἀλλ’
475 993 564 1046 ὅτε
598 992 779 1047 λοιπὸν
813 993 920 1048 ἀπὸ
953 994 1203 1067 περάτων
1252 997 1344 1049 ἐπὶ
1376 995 1587 1067 πέρατα
1637 995 1869 1067 κατῳκί-

298 1084 425 1156 σθη,
460 1085 560 1155 τῆς
589 1082 1005 1159 ἀνθρωπότητος
1045 1089 1125 1151 εἰς
1151 1087 1377 1160 ἄπειρον
1419 1089 1744 1161 κεχυμένης,
1768 1091 1868 1144 οὐκ

299 1175 380 1229 ἔτι
412 1178 528 1238 τοῖς
557 1177 739 1241 αὐτοῖς
777 1176 1056 1248 ἐπιμένειν
1085 1177 1174 1232 τὸν
1197 1177 1480 1245 ἄνθρωπον
1511 1179 1811 1252 ἐπέτρεπεν
1839 1182 1868 1234 ὀ

299 1265 454 1331 θεὸς,
496 1266 710 1320 σκοπῶν
749 1268 914 1333 ὅπως,
964 1268 1131 1323 τῶνδε
1160 1271 1239 1334 είς
1270 1270 1397 1324 τάδε
1432 1270 1864 1341 μεταϐαίνοντες,

300 1356 682 1429 πλησιαίτερον
731 1360 1106 1432 προκόπτωσιν
1143 1360 1396 1433 ἔρχεσθαι
1433 1362 1541 1416 τῶν
1579 1364 1824 1436 οὐρανῶν
1847 1404 1862 1429 ,

303 1449 497 1520 μέχρις
527 1449 610 1516 ἂν,
654 1452 734 1514 είς
767 1451 899 1507 αὐτὸ
929 1452 989 1506 τὸ
1023 1452 1277 1532 μέγιστον
1313 1453 1538 1525 μάθημα
1571 1456 1663 1509 καὶ
1706 1473 1867 1528 κορυ-

261 1554 269 1569 ο
302 1537 589 1605 φαιότατον
627 1538 723 1612 τὴν
762 1540 1059 1611 παρθενίαν
1111 1542 1436 1610 φθάσαντες,
1472 1543 1860 1599 τελειωθῶσιν

301 1629 410 1683 ἀπὸ
446 1631 542 1701 τῆς
592 1631 977 1704 άδελφομιξίας
1017 1633 1335 1699 ὁδεύσαντες
1391 1636 1605 1708 πρῶτον
1661 1639 1742 1701 εἰς
1804 1637 1867 1691 τὺ

300 1720 507 1785 ὸθνείας
528 1723 1094 1797 ἐπάγεσθαιιγαμετάς
1111 1743 1124 1757 ’
1150 1727 1405 1783 κάκεῖθεν
1452 1729 1532 1793 είς
1557 1728 1617 1783 τὸ
1670 1729 1866 1800 μηκέτι

1968 552 2166 607 maque
2200 536 2509 591 rudimenta
2560 550 2623 591 ac
2660 535 2923 589 elementa
2958 532 3247 596 docentes,
3277 547 3373 587 eos
3402 531 3532 586 mit-

1967 632 2111 693 tunt,
2144 626 2320 681 donec
2351 624 2583 681 infantili
2612 625 2759 679 velut
2783 624 3018 693 quadam
3053 622 3248 678 mentis
3277 621 3536 693 lanugine

1968 717 2146 788 posita
2170 757 2186 780 ,
2235 717 2303 771 ad
2357 717 2624 786 majorum
2655 714 3071 786 disciplinarum
3109 715 3536 771 exercitamenta

1967 811 2366 873 transmittant,
2414 817 2577 880 atque
2624 808 2752 862 hinc
2794 806 2862 862 ad
2896 808 3000 862 alia
3057 806 3144 863 bis
3191 804 3533 864 sublimiora.

1971 898 2146 956 Simili
2198 915 2420 970 quoque
2463 900 2678 956 ratione
2713 899 3138 957 existimandum
3188 914 3248 954 se
3299 899 3538 969 gessisse

1967 1007 2095 1064 erga
2123 992 2357 1059 majores
2377 1000 2599 1048 nostros
2620 991 2789 1047 Deum
2817 993 3197 1049 universorum
3216 1007 3279 1046 ac
3296 991 3534 1051 Patrem.

1968 1087 2105 1142 Tum
2130 1087 2396 1157 siquidem
2420 1086 2681 1153 mundus,
2701 1086 2933 1142 necdum
2956 1086 3237 1142 hominum
3258 1085 3540 1143 confertus

1967 1179 2294 1254 frequentia,
2346 1179 2493 1235 velut
2546 1178 2730 1234 infans
2767 1187 2919 1242 erat,
2967 1179 3302 1247 docebatque
3352 1180 3540 1251 augeri

1967 1272 2120 1342 prius
2147 1272 2201 1325 in
2231 1270 2657 1336 multitudinem,
2690 1286 2759 1326 ex
2786 1285 2894 1341 qua
2926 1271 2980 1323 in
3004 1269 3181 1324 virum
3211 1270 3369 1340 quasi
3402 1271 3540 1326 ado-

1967 1365 2217 1421 lesceret.
2263 1364 2332 1419 At
2365 1363 2457 1419 ubi
2492 1363 2605 1433 jam
2637 1363 2706 1418 ab
2733 1362 2993 1418 extremis
3021 1362 3087 1417 ad
3111 1371 3357 1418 extrema
3389 1363 3542 1418 colo-

1966 1458 2074 1513 niis
2136 1458 2508 1527 frequentatus
2559 1463 2675 1520 est,
2720 1455 2960 1509 humana
2992 1454 3179 1510 sobole
3226 1454 3279 1508 in
3308 1455 3543 1524 immen-

1966 1563 2088 1605 sum
2106 1562 2498 1618 usquequaque
2517 1545 2660 1611 fusa,
2679 1561 2787 1601 non
2809 1544 3048 1616 amplius
3077 1544 3271 1600 iisdem
3295 1560 3360 1601 ac
3386 1547 3545 1615 prius

1965 1637 2109 1695 Deus
2124 1637 2398 1693 hominem
2421 1636 2671 1703 permisit
2690 1634 2944 1692 insistere
2957 1634 3235 1695 moribus;
3265 1634 3319 1689 id
3346 1648 3545 1704 nempe

1966 1726 2287 1801 providens,
2332 1732 2395 1782 ut
2445 1726 2653 1782 sensim
2696 1728 2764 1780 e’x
2817 1723 2940 1780 aliis
2970 1723 3037 1778 ad
3071 1724 3177 1778 alia
3204 1722 3433 1795 gradum
3467 1724 3545 1777 fa-

300 1813 519 1879 πολλαῖς
575 1816 878 1871 ἐπιϐαίνειν
926 1819 1272 1890 τετραπόδων
1298 1821 1469 1892 νόμῳ,
1498 1820 1748 1892 καθάπερ
1783 1823 1863 1885 είς

1968 1819 2171 1875 cientes
2192 1857 2209 1882 ,
2258 1818 2467 1888 majore
2501 1817 2745 1889 profectu
2777 1817 3138 1889 propinquius
3165 1816 3321 1873 caelis
3350 1831 3542 1873 assur-

293 1905 476 1975 ὀχείαν
505 1908 830 1976 γεγονότας·
866 1909 1157 1964 κάντεῦθεν
1195 1914 1276 1975 είς
1317 1913 1378 1964 τὸ
1424 1912 1497 1983 μὴ
1527 1913 1749 1982 μοιχοὺς
1775 1928 1863 1981 γε-

1968 1915 2151 1982 gerent
2179 1928 2192 1963 :
2221 1910 2400 1980 quoad
2431 1910 2486 1964 in
2517 1911 2815 1964 maximum
2850 1909 3030 1979 ipsum
3078 1924 3142 1965 ac
3172 1911 3542 1967 celsissimum

289 1996 507 2068 γονέναι
528 2016 541 2028 ’
571 2000 662 2053 καὶ
687 1995 753 2055 αὖ
785 2001 944 2055 πάλιν
981 2002 1061 2065 εἰς
1095 2002 1469 2075 σωφροσύνην,
1500 2003 1594 2055 καὶ⁷
1624 1999 1733 2055 ἀπὸ
1765 2018 1863 2054 σω-

1968 1999 2261 2054 evadentes
2286 1998 2616 2068 virginitatis
2639 1998 3048 2062 documentum,
3068 1999 3214 2070 quod
3243 2002 3543 2070 perfectum

290 2089 569 2160 φροσύνης
624 2092 704 2157 εἰς
755 2092 1084 2165 παρθενίαν·
1131 2093 1259 2149 ἔνθα
1318 2092 1713 2164 μελετήσαντες
1768 2092 1863 2163 τῆς

1971 2098 2057 2146 εει
2090 2090 2546 2160 adipiscerentur,
2598 2104 2629 2143 a
2678 2089 2910 2145 fratrum
2957 2105 3318 2161 sororumque
3367 2092 3548 2148 mistis

290 2181 497 2251 σαρκὸς
543 2183 926 2255 ὑπερφρονεῖν,
971 2186 1052 2250 είς
1090 2185 1182 2239 τὸν
1213 2184 1313 2256 τῆς
1350 2183 1662 2256 ἀφθαρσίας
1692 2180 1863 2238 εύδιον

1968 2181 2243 2252 conjugiis
2268 2182 2506 2253 primum
2549 2180 2957 2252 progredientes
2996 2189 3056 2236 ut
3089 2191 3344 2238 externas
3379 2183 3549 2238 duce-

288 2269 511 2338 ἀφόϐως
529 2271 900 2344 ἐνορμίζονται
929 2273 1124 2346 χῶρον.

1969 2282 2090 2329 rent
2107 2289 2307 2331 uxores
2331 2293 2343 2330 :
2377 2272 2593 2341 deinde,
2617 2283 2675 2328 ut
2693 2290 2760 2341 ne
2776 2274 2964 2329 multis
2979 2275 3392 2346 quadrupedum
3415 2276 3546 2341 ritu,

288 2361 440 2416 velut
474 2361 529 2415 in
553 2378 719 2416 unam
751 2363 890 2418 hanc
922 2379 1035 2420 rem
1067 2365 1204 2429 nati,
1267 2365 1736 2431 congrederentur
1768 2385 1781 2421 :
1809 2364 1935 2420 inde
1982 2366 2307 2423 ut'adulteri
2338 2382 2451 2423 non
2471 2373 2679 2432 essent,
2739 2376 2904 2438 atque
2938 2368 3067 2422 hinc
3122 2383 3317 2423 rursus
3357 2376 3416 2423 ut
3452 2383 3547 2423 ca-

290 2455 567 2519 stitatem,
622 2470 794 2526 eaque
839 2458 1142 2527 perfuncti,
1177 2458 1547 2529 virginitatem
1583 2460 1864 2515 colerent:
1904 2461 1995 2516 ubi
2029 2476 2089 2517 se
2118 2460 2170 2514 in
2207 2461 2391 2517 carnis
2425 2468 2742 2531 contemptu
2786 2471 3127 2529 exercentes,
3174 2462 3230 2517 in
3276 2464 3550 2534 tranquil-

292 2549 408 2603 lum
460 2549 896 2620 incorruptionis
950 2552 1165 2617 locum,
1198 2554 1349 2610 velut
1382 2554 1657 2610 tutissimo
1683 2565 1879 2626 portu,
1912 2563 2060 2612 metu
2091 2556 2257 2611 soluti
2277 2556 2634 2626 appellerent.

294 2670 425 2727 CAP.
463 2670 548 2725 Ill.
575 2671 868 2728 Abraltami
888 2674 1284 2732 circumcisione
1321 2678 1533 2752 sublata
1569 2696 1826 2752 sororum
1839 2680 2104 2752 conjugia.
2135 2678 2532 2752 A‘propheticis
2558 2677 2879 2748 temporibus
2904 2678 3184 2747 repudiata
3215 2678 3545 2749 polygamia.

1320 2750 1556 2804 Castitas
1583 2750 1899 2821 conjugalis,
1931 2749 2055 2821 ipia
2081 2749 2253 2806 modis
2273 2751 2519 2823 coercita.

364 2859 428 2914 ΕΞ
453 2859 510 2913 δέ
535 2877 622 2925 τις
669 2861 747 2925 ὡς
785 2861 1101 2935 ἀμάρτυρον
1129 2863 1236 2918 τῶν
1263 2864 1495 2937 Γραφῶν
1515 2866 1862 2921 αἰτιάσασθαι

1970 2853 1982 2866 ’
2039 2866 2118 2924 Ne
2144 2868 2269 2940 quis
2322 2882 2451 2923 vero
2509 2866 2812 2923 orationem
2861 2875 2921 2921 ut
2942 2865 3348 2937 Scripturarum
3395 2868 3548 2923 testi-

289 2951 550 3024 τολμήσαι
582 2951 671 3005 τὸν
701 2952 877 3020 λόγον,
897 2952 1029 3025 φέρε
1052 2954 1136 3025 δὴ,
1170 2954 1507 3026 παραθέντες
1539 2957 1632 3010 καὶ
1660 2956 1728 3011 τά
1754 2956 1863 3010 τῶν

1970 2961 2173 3018 moniis
2193 2960 2509 3017 destitutam
2523 2958 2722 3015 audeat
2740 2959 3006 3024 cavillari,
3035 2974 3154 3030 age,
3175 2958 3545 3030 producamus

289 3043 583 3115 προφητῶν
604 3083 620 3106 ,
665 3043 1007 3117 ἀληθέστερα
1076 3045 1274 3116 μᾶλλον
1351 3047 1721 3119 ἀποδείξωμεν
1795 3046 1863 3100 τά

1972 3052 2361 3125 prophetarum
2402 3051 2575 3117 locos,
2612 3049 2789 3122 iisque
2813 3058 2965 3107 certo
2982 3051 3186 3107 certius
3219 3051 3452 3115 veriora,
3479 3067 3545 3107 ea

289 3136 681 3209 προειρημένα.
727 3136 784 3190 '0
811 3136 944 3206 γοῦν
992 3137 1262 3210 Ἀϐραὰμ,
1296 3139 1511 3212 πρῶτος
1541 3142 1599 3194 ἐν
1631 3140 1863 3212 διαθήκῃ

1973 3162 2095 3218 quae
2122 3146 2271 3202 dicta
2299 3161 2331 3201 a
2361 3145 2521 3200 nobis
2550 3153 2699 3209 sunt,
2728 3143 3099 3201 ostendemus.
3127 3142 3342 3199 Primus
3362 3144 3547 3214 itaque

286 3230 385 3301 τὴν
410 3232 710 3303 περιτομὴν
742 3229 942 3294 λαϐὼν,
987 3231 1139 3285 οὐδὲν
1181 3233 1366 3304 ἕτερον
1406 3234 1740 3288 αἰνίσσεσθαι
1781 3233 1863 3287 δο-

1971 3238 2271 3304 Abraham,
2294 3245 2518 3310 accepto
2530 3238 2969 3294 circumcisionis
2990 3236 3215 3303 fmdere,
3236 3236 3373 3293 nihil
3399 3235 3548 3292 aliud

287 3325 393 3387 κεῖ,
418 3323 480 3376 τὸ
513 3326 711 3379 οἰκεῖον
754 3323 863 3395 (20)
916 3327 1372 3398 περιτεμνόμενος
1393 3326 1493 3397 τῆς
1539 3328 1737 3401 σαρκὸς
1765 3329 1863 3381 αύ-

1968 3331 2182 3388 videtur
2203 3331 2450 3397 innuere,
2473 3331 2755 3402 proprium
2776 3330 2963 3386 carnis
2981 3345 3095 3387 suae
3121 3329 3425 3386 membrum
3445 3343 3551 3400 pu-

288 3414 382 3469 τοῦ
414 3415 592 3486 μέλος,
626 3417 659 3488 ἢ
691 3419 867 3485 τοῦτο,
888 3421 950 3474 τὸ
978 3421 1175 3493 μηκέτι
1194 3421 1260 3474 τὰ
1287 3422 1353 3476 ὲκ
1377 3419 1473 3474 τοῦ
1506 3420 1671 3474 αὐτοῦ
1697 3422 1864 3493 σπέρ-

291 3524 460 3578 ματος
498 3510 965 3585 δημιουργηθὲνπα
1004 3513 1417 3586 παιδοσπορεῖν’
1457 3515 1567 3569 ἀπὸ
1598 3515 1697 3585 τῆς
1729 3513 1866 3578 ἰδίοις

285 3607 516 3661 ἕκαστον
566 3604 829 3661 διδάσκων
886 3607 1142 3678 ἀδελφῆς,
1170 3602 1259 3662 οἶα
1284 3606 1507 3678 σαρκὸς,
1539 3607 1864 3678 ἀποτέμνειν

282 3697 388 3770 τὴν
418 3697 558 3752 κατὰ
593 3698 877 3752 συνουσίαν
893 3699 1105 3770 ἡδονήν.
1132 3700 1292 3752 Ὥστε
1320 3699 1381 3753 τὸ
1402 3699 1744 3770 πλησιάζειν,
1770 3699 1866 3754 καὶ

285 3785 539 3859 ὁμεύνοις
589 3788 823 3859 χρῆσθαι
860 3792 978 3853 ταῖς
1008 3788 1156 3859 σφῶν
1187 3790 1464 3860 ἀδελφαῖς,
1494 3791 1604 3846 ἀπὸ
1634 3790 1744 3844 τῶν
1769 3788 1864 3844 τοῦ

299 3880 552 3953 Ἀϐραάμ
578 3880 853 3935 πέπαυται
883 3881 1089 3954 καιρῶν
1107 3898 1122 3913 ο
1147 3882 1209 3935 τὸ
1234 3882 1293 3935 δὲ
1318 3882 1575 3938 πλειόνων
1607 3882 1869 3936 συναλλα-

286 3975 410 4042 γαῖς
470 3972 806 4045 ἁρμόζεσθαι
855 3974 1156 4044 γυναικῶν,
1207 3974 1317 4029 ἀπὸ
1358 3974 1465 4029 τῶν
1512 3974 1866 4047 προφητικῶν

286 4065 556 4139 ἀνῄρηται
588 4069 814 4139 χρόνων.
859 4069 1074 4123 Ὀπίσω
1104 4069 1212 4143 γάρ
1240 4082 1358 4123 σου
1386 4066 1505 4123 τῶν
1540 4066 1866 4138 ἐπιθυμιῶν

279 4160 369 4231 μὴ
400 4162 715 4232 περανθῇς,
742 4162 842 4218 καί
874 4163 993 4219 ἀπὸ
1023 4161 1141 4217 τῶν
1174 4161 1429 4231 ὀρέξεών
1446 4175 1563 4217 σου
1592 4163 1828 4217 κωλύου
1846 4178 1860 4193 ·

290 4251 467 4322 Οἷνος
497 4255 605 4328 γάρ
638 4257 740 4310 καὶ
765 4255 1047 4325 γυναῖκες
1080 4255 1509 4324 ἀποστήσουσι
1543 4256 1860 4322 συνετούς.

283 4344 397 4400 Καὶ
413 4349 473 4400 ὲν
507 4348 697 4420 ἑτέρῳ·
729 4346 807 4402 Ἦ
833 4347 994 4417 πηγή
1027 4364 1144 4402 σου
1179 4347 1287 4403 τοῦ
1327 4347 1546 4415 ὕδατος
1568 4347 1725 4402 ἔστω
1759 4358 1860 4402 σοι

353 4486 378 4518 ⁹
409 4483 573 4539 Eccli.
617 4501 776 4551 mu,
808 4485 897 4541 30.
974 4487 1017 4519 ¹⁰
1056 4485 1221 4542 Eccli.
1257 4503 1372 4551 nx,
1403 4486 1459 4543 2.

1971 3422 2161 3491 tando,
2204 3437 2392 3494 quam,
2429 3423 2573 3479 haud
2604 3423 2838 3494 amplius
2864 3422 3028 3479 licere
3053 3438 3178 3478 cum
3201 3437 3266 3478 ea
3295 3437 3418 3494 qum
3454 3420 3550 3479 iis-

1971 3514 2094 3570 dem
2123 3525 2243 3570 orta
2272 3513 2593 3585 parentibus
2619 3515 2725 3580 sit,
2750 3529 2868 3569 rem
2897 3512 3201 3570 maritalem
3233 3513 3463 3581 habere;
3512 3530 3547 3570 a

1973 3606 2195 3678 propria
2222 3621 2497 3676 quemque
2530 3620 2742 3669 sorore,
2770 3605 2920 3661 velut
2939 3620 2969 3659 a
2987 3620 3153 3661 carne
3178 3605 3420 3675 propria,
3447 3607 3548 3661 do-

1972 3714 2105 3754 cens
2151 3713 2505 3769 congressum
2552 3707 2856 3768 amputare.
2911 3686 3099 3766 Itaque
3147 3698 3216 3752 ab
3249 3696 3547 3772 Abrahami

1973 3800 2154 3858 aetate,
2176 3807 2384 3848 morem
2408 3791 2558 3846 illum
2579 3806 2689 3863 quo
2708 3806 2928 3846 sorores
2946 3789 3209 3847 fratribus
3226 3791 3544 3861 nuptiarum

1971 3886 2178 3944 foedere
2207 3887 2601 3959 iungebantur,
2634 3884 2909 3942 sublatum
2941 3882 3210 3939 videmus.
3238 3882 3437 3939 Multas
3454 3898 3547 3938 au-

1978 3985 2090 4034 tem
2108 3977 2272 4035 simul
2285 3979 2355 4033 ab
2373 3993 2482 4033 uno
2501 3976 2687 4034 haberi
2706 3991 2905 4033 uxores
2923 3990 2954 4030 a
2974 3975 3309 4046 propheticis
3328 3982 3543 4046 tempo-

1971 4069 2125 4126 ribus
2170 4069 2399 4142 perinde
2430 4070 2695 4125 abolitum
2731 4076 2836 4126 est.
2915 4066 3051 4124 Post
3087 4069 3541 4138 concupiscentias

1968 4164 2114 4220 enim
2138 4174 2293 4228 tuas,
2328 4163 2541 4234 inquit,
2574 4178 2778 4225 necas,
2811 4169 2861 4215 et
2890 4178 2924 4215 a
2952 4160 3225 4216 desideriis
3258 4162 3363 4216 tuis
3391 4179 3546 4216 aver-

1971 4267 2077 4312 tere
2119 4259 2140 4291 ⁹
2178 4272 2199 4312 :
2244 4256 2435 4311 Vinum
2465 4256 2611 4313 enim
2656 4264 2708 4310 et
2738 4254 2984 4310 mulieres
3014 4265 3319 4322 apostatare
3344 4255 3545 4325 facient

1969 4346 2230 4417 sapientes
2262 4345 2330 4404 ¹⁰.
2350 4345 2414 4400 Ει
2431 4346 2539 4401 alio
2557 4346 2679 4402 loco
2703 4365 2716 4401 :
2742 4345 2887 4401 Fons
2908 4354 3030 4400 tuus
3048 4361 3199 4416 aqua
3211 4346 3279 4399 sit
3306 4345 3402 4399 tibi
3415 4361 3543 4416 pro-

359 4605 471 4677 (20)
494 4605 752 4678 σίκεῖον.
777 4602 1096 4678 νειμ-φύει
1113 4645 1129 4669 ,
1157 4608 1355 4678 οἰκεῖον
1380 4606 1855 4678 περιτεμνόμενος.

1968 4605 2220 4677 deinceps
2246 4606 2491 4660 illicitam
2519 4603 2747 4659 fratrum
2768 4619 2892 4659 cum
2930 4602 3216 4659 sororibus
3241 4601 3365 4678 _(qui
3395 4603 3543 4661 velut

285 4674 425 4748 Μαι,
453 4674 651 4748 οἰκεῖον
691 4674 1188 4748 περιστελλόμενος.
1234 4674 1477 4731 Vaticani
1508 4674 1860 4748 τδπεριτεμ-

285 4747 511 4818 νόμενος
543 4747 698 4816 longe
727 4747 908 4818 aptius
927 4747 1031 4802 est.
1060 4749 1331 4802 Caeterum
1362 4756 1592 4818 uterque
1625 4747 1773 4802 errat
1803 4747 1859 4802 in

286 4832 420 4872 voce
447 4817 875 4887 olxeiovﬁagitur
901 4820 1045 4871 enim
1073 4820 1141 4874 de
1168 4817 1609 4880 circumcisione,
1625 4829 1681 4872 et
1708 4818 1859 4873 desi-

286 4897 488 4956 gnatur
531 4886 830 4941 membrum
873 4887 931 4941 in
973 4903 1083 4957 quo
1114 4903 1178 4944 ea
1207 4888 1322 4943 fieri
1353 4898 1712 4944 consueverat
1744 4908 1757 4942 :
1790 4889 1857 4943 ad

285 4959 431 5027 quod
483 4957 646 5012 nimis
686 4958 939 5029 generica
975 4967 1059 5013 est
1099 4974 1203 5013 vox
1242 4960 1462 5024 οἰκεῖον,
1490 4974 1611 5029 quae
1640 4961 1856 5023 manui,

356 5029 410 5083 di
446 5037 500 5083 et
542 5028 806 5101 omnibus
856 5029 1250 5101 aliisipartibus
1287 5028 1536 5101 corporis
1579 5030 1857 5101 convenit,

364 5099 582 5171 ripserit
607 5113 738 5171 ergo
761 5097 1065 5154 Methodiits
1085 5100 1262 5171 ὀχείον
1287 5118 1300 5155 :
1335 5097 1523 5155 notum
1552 5100 1697 5155 enim
1723 5099 1856 5171 quid

283 5173 358 5230 sit
375 5168 580 5243 Graecis
609 5168 839 5243 ὀχεύειν,
866 5177 920 5223 ει
946 5170 1071 5224 inde
1097 5168 1446 5243 ductaoxsta
1477 5179 1532 5227 et
1553 5168 1756 5243 ὀχεῖοςξ
1771 5170 1860 5224 Di—

283 5241 492 5298 narcho
530 5240 696 5312 ζππος
735 5240 907 5312 ὀχείος
934 5255 1109 5310 equus
1138 5240 1498 5298 admissarius
1519 5281 1534 5307 ,
1566 5240 1620 5297 et
1649 5241 1864 5297 Aristo-

281 5316 378 5368 teli
423 5327 485 5383 Ανι
522 5309 732 5383 Histor.
762 5309 940 5383 Anim.
971 5309 1212 5381 generali
1243 5313 1507 5383 vocabulo
1535 5313 1688 5383 ὀχεῖα
1708 5353 1723 5375 ,
1749 5329 1864 5366 ma-

280 5399 387 5455 res.
415 5380 508 5455 Sic
537 5381 694 5455 e_nim_
718 5382 830 5455 illic
857 5380 1017 5455 habet
1054 5397 1174 5452 cap.
1219 5382 1289 5455 18
1318 5402 1338 5455 γε
1372 5384 1455 5437 Τὰ
1487 5380 1640 5455 ὀχεῖα
1665 5385 1729 5437 ὲκ
1753 5383 1862 5436 τῶν

282 5453 510 5525 θηλειῶν
526 5453 625 5506 οὐκ
636 5451 932 5525 ἐξαίρουσι.
954 5450 1138 5525 Μανεὲ
1153 5470 1184 5506 a
1202 5453 1412 5523 feminis
1435 5450 1860 5525 nou'segregant.

282 5522 381 5595 Et).
430 5524 633 5580 Luna.
666 5553 736 5595 -έ
760 5522 848 5595 Τὸ
877 5522 1096 5576 οἰκεῖον
1125 5522 1636 5595 περιτεμνόμενοςζ
1673 5522 1861 5595 Editur

281 5593 484 5664 Lupar.
512 5609 650 5665 pene
670 5593 870 5664 plagio,
896 5601 1086 5647 contra
1112 5595 1356 5648 omnium
1381 5593 1631 5651 codicum
1674 5594 1855 5658 ﬁdem,

281 5667 456 5736 ὀχείον
479 5664 682 5736 mutat,
720 5664 901 5736 aitque
919 5679 1105 5736 errare
1126 5665 1366 5727 codices,
1401 5667 1519 5736 ipse
1545 5666 1719 5734 magis
1767 5679 1858 5720 er-

285 5733 432 5806 rans.
471 5735 617 5790 Satis
649 5737 749 5789 fuit
790 5733 1084 5797 Methodio,
1114 5743 1175 5789 ut
1207 5733 1438 5806 propriai
1466 5733 1657 5790 carnis
1683 5751 1857 5789 mem-

279 5804 365 5860 bri
393 5808 761 5876 amputatione
789 5806 994 5860 diceret
1013 5846 1029 5868 ,
1060 5804 1423 5877 significatum
1459 5806 1512 5860 in
1544 5806 1856 5861 Abrahamo

600 5903 867 5963 Ριτειοι..
912 5900 1031 5965 Gn.
1070 5898 1310 5962 χνηι.

1963 4693 2133 4731 unum
2156 4675 2377 4745 corpus
2433 4687 2784 4738 censeantur,
2840 4691 2948 4728 uno
2997 4689 3064 4730 ex
3120 4675 3328 4730 semine
3377 4683 3542 4745 atque

1964 4747 2141 4810 utero)
2169 4744 2416 4817 copulam
2450 4765 2463 4800 :
2500 4748 2739 4817 necffuit
2768 4760 3015 4817 necesse,
3052 4760 3110 4799 re
3142 4744 3359 4817 cunctis
3387 4744 3540 4815 nota,

1962 4815 2266 4873 membrum
2299 4821 2477 4887 ipsum
2525 4816 2682 4872 virile
2704 4816 3030 4887 exprimere,
3064 4815 3298 4885 quadarn
3330 4818 3542 4886 piarum

1961 4889 2176 4943 aurium
2228 4886 2560 4955 offensione;
2590 4887 2681 4941 illa
2713 4886 3012 4957 praesertim
3038 4901 3194 4957 ivoce
3215 4927 3229 4951 ,
3264 4903 3371 4957 qua
3402 4903 3541 4943 nus-

2004 4975 2124 5013 uam
2157 4973 2257 5015 usa
2288 4958 2571 5023 Scriptura
2602 4966 2697 5010 aut
2720 4956 2723 4957 ⁷
2749 4956 2964 5020 Patres,
2997 4956 3088 5012 ubi
3122 4958 3228 5012 illis
3252 4956 3432 5013 sermo
3455 4966 3542 5014 est

2004 4976 2124 5013 uam
2157 4976 2257 5015 usa
2288 4976 2571 5023 Scriptura
2602 4976 2697 5010 aut
2750 4976 2964 5020 ratres,
2997 4976 3088 5012 UDI
3123 4976 3228 5012 nus
3252 4976 3432 5013 sermo
3455 4976 3542 5014 ess

1962 4976 2031 5112 ge
2056 5029 2509 5112 circumcisione;
2542 5043 2796 5112 quaehaec
2826 5027 2967 5112 apud
2996 5026 3255 5097 profanos
3285 5030 3545 5112 pudenda

1967 5102 2087 5170 ipsa
2114 5106 2493 5169 veretrumque
2514 5099 2802 5170 significet,
2829 5110 2924 5153 seu
2949 5100 3120 5167 ipsam
3151 5099 3309 5170 quasi
3337 5100 3547 5156 admis-

1966 5169 2185 5241 sionem?
2233 5170 2510 5241 marisque
2564 5169 2855 5241 insilientis
2897 5169 3386 5241 congressionem;
3442 5184 3542 5226 seu

1965 5255 2144 5295 mares
2177 5240 2325 5311 ipsos
2356 5238 2437 5294 sic
2465 5240 2800 5311 congressui
2826 5238 3152 5311 destinatos.
3184 5238 3293 5295 Sua
3313 5256 3415 5296 suo
3443 5254 3544 5311 no-

1964 5311 2110 5365 mine
2128 5309 2313 5374 edant,
2341 5311 2488 5374 licet,
2522 5312 2702 5381 magni
2730 5309 2804 5363 illi
2826 5310 3137 5381 aristarchi,
3171 5313 3217 5366 si
3248 5311 3303 5365 in
3334 5310 3543 5381 mundo

1963 5383 2344 5436 auctoritatem
2381 5379 2701 5448 inveniunt;
2742 5396 2855 5435 non
2889 5396 2953 5436 ea
2983 5380 3201 5438 levitate
3223 5397 3287 5436 ex
3321 5393 3426 5437 suo
3457 5379 3544 5433 in-

1963 5453 2124 5521 genio
2153 5460 2390 5507 veterum
2439 5459 2795 5521 monumenta
2832 5458 3198 5521 componant,
3229 5453 3419 5521 eisque
3442 5451 3546 5521 ob.-

1964 5518 2208 5578 trudant.
2260 5523 2445 5593 Longe
2485 5522 2699 5577 diversa
2758 5520 2878 5593 γει.
2932 5518 3093 5576 lectio
3124 5535 3154 5593 a
3185 5518 3443 5593 reliquis.
3480 5518 3546 5574 τὸ

1968 5593 2164 5665 μηκέτι
2195 5595 2275 5658 εἰς
2296 5589 2480 5665 τῆν’ὲκ
2501 5593 2594 5647 τοῦ
2620 5591 2785 5665 αὐτού
2819 5593 3049 5665 αἵματος
3076 5589 3258 5658 σάρκα
3278 5590 3543 5665 δη-μιουρέ

1964 5658 2226 5736 έίηθεῖσαν
2254 5658 2663 5736 παιδοσπορεῖνσ
2695 5663 2790 5736 sed
2813 5658 3198 5736 idémﬁsensus,
3232 5658 3303 5711 τά
3340 5660 3405 5709 ὲκ
3448 5658 3551 5718 τοῦ

1964 5728 2129 5789 αὗτοῦ
2157 5738 2382 5806 αἵματος
2414 5728 2899 5807 δημιουργηθέντα.
2939 5728 3236 5783 Couusris.

3138 5906 3143 5910 ‘
3181 5888 3230 5951 2
