4056 6302
528 358 602 412 ιδ
1489 356 1544 412 S.
1589 355 1917 413 METHODII
1957 354 2266 415 EPISCOPI
2305 358 2394 413 ET
2434 358 2789 417 MARTYRIS
3700 368 3777 421 44

526 475 710 545 prius,
763 482 812 528 et
854 472 1148 544 jucundare
1176 489 1295 527 cum
1326 489 1519 537 uxore,
1550 490 1665 544 quae
1696 473 1789 527 tibi
1816 472 2038 528 adlucsit
2068 490 2085 527 ι

2206 477 2322 528 ἰδία
2346 475 2478 547 (21),
2533 477 2633 531 καὶ
2673 478 3118 546 συνευφραίνου
3159 479 3309 548 μετὰ
3348 481 3629 551 γυναικὸς
3660 480 3775 551 τῆς

525 565 796 629 iuventute
821 574 913 617 tua
944 565 1017 630 “;
1054 564 1335 634 repudiata
1365 563 1572 618 scilicet
1598 562 1834 633 plurium
1866 577 2098 617 uxorum

528 657 770 712 licentia.
802 653 1063 711 Jeremias
1080 670 1210 710 vero
1225 696 1241 721 ,
1273 654 1450 725 Equos
1473 663 1736 707 amatores
1752 663 1800 707 et
1823 654 2098 708 emissores

526 768 623 810 eos
657 751 941 807 manifeste
972 752 1213 813 vocat“,
1240 752 1332 821 qui
1364 766 1423 806 se
1451 751 1506 804 in
1540 750 1880 805 diversarum
1908 750 2101 806 mulie-

526 859 649 900 rum
684 858 894 900 amores
941 842 1227 899 effundunt
1257 863 1268 896 :
1312 842 1609 912 Multigena
1641 842 1786 897 enim
1817 842 2098 910 impiorum

527 935 811 991 multitudo
856 952 961 989 non
989 934 1088 988 erit
1118 934 1285 997 utilis,
1319 943 1368 988 et
1396 934 1715 988 adulterium
1743 932 2096 1003 plantationes

524 1046 627 1083 non
654 1026 853 1080 dabunt
880 1025 1080 1081 radices
1109 1027 1248 1081 altas
1269 1026 1339 1058 “-

595 1118 701 1175 Sed
726 1136 792 1174 ne
815 1119 1008 1189 prolixi
1038 1119 1212 1175 simus
1242 1116 1568 1188 colligendis
1592 1115 1923 1187 prOpbeticis
1950 1115 2096 1170 voci-

521 1212 626 1269 bus
650 1252 666 1278 ,
721 1228 819 1284 age
845 1254 860 1278 ,
899 1222 1214 1269 astruamus
1246 1227 1464 1266 rursum
1495 1209 1767 1281 quomodo
1789 1208 2097 1263 voluntaria

521 1307 749 1362 castitas
771 1306 1016 1377 legitimo
1036 1306 1204 1360 etiam
1229 1305 1352 1359 usui
1375 1301 1668 1374 singularis
1683 1316 1806 1356 cum
1827 1314 1938 1354 una
1961 1314 2094 1353 con-

513 1400 653 1473 iugii
675 1400 1035 1457 successerit:
1061 1400 1330 1469 tantisper
1350 1399 1561 1455 scilicet
1619 1395 1952 1451 subtrahens
1974 1410 2098 1450 car-

521 1496 609 1550 nis
637 1492 895 1548 libidines
915 1534 930 1557 ,
966 1491 1094 1546 dum
1119 1490 1361 1561 perfecte
1384 1490 1679 1561 proclivem
1704 1503 1768 1543 ex
1796 1492 2094 1541 consuetu.

521 1586 650 1641 dine
680 1586 736 1640 in
770 1585 1019 1654 copulam
1053 1584 1314 1654 impetum
1345 1597 1411 1637 ac
1437 1597 1575 1652 pene
1608 1580 1863 1636 effrenam
1886 1594 2098 1650 repres-

522 1674 675 1728 serit.
732 1672 925 1728 Statim
980 1687 1115 1728 sane
1146 1673 1432 1729 manifeste
1470 1670 1779 1735 inducitur,
1810 1670 1903 1740 qui
1951 1671 2096 1724 hanc

520 1763 779 1833 deinceps
825 1761 1244 1832 occupationem
1293 1777 1325 1818 a
1367 1778 1427 1818 se
1459 1762 1769 1827 amoliatur,
1802 1762 1931 1817 dum
1970 1762 2089 1818 ait:

2198 568 2267 622 ἐκ
2298 569 2575 637 νεότητός
2604 584 2719 623 σου
2741 586 2755 600 ·
2784 569 3026 641 δηλονότι
3050 572 3482 643 παραιτούμενος
3516 572 3614 637 τὰς
3641 573 3775 628 πολ-

2197 656 2313 722 λάς.
2356 659 2414 712 '0
2437 658 2493 711 δὲ
2530 658 2817 731 Ἱερεμίας,
2854 660 3097 726 Ἵππους
3138 660 3489 729 θηλυμανεὶς
3531 663 3775 732 ἀναφαν-

2196 746 2285 801 δὸν
2310 748 2435 811 τοὺς
2490 749 2570 811 είς
2620 747 2909 821 διαφόρους
2954 748 3277 821 μαργῶντας
3306 754 3565 818 γυναῖκας
3591 752 3766 807 καλεῖ.

2198 840 2545 909 Πολύγονον
2610 840 2718 913 (22)
2758 841 2896 914 γὰρ,
2921 843 3106 913 φησὶν,
3150 841 3385 897 ἀσεϐῶν
3426 843 3657 913 πλῆθος
3693 849 3769 901 οὐ

2197 934 2604 1002 χρησιμεύσει,
2622 934 2719 989 καὶ
2739 934 2808 989 ἐκ
2836 936 3027 989 νόθων
3050 935 3483 1006 μοσχευμάτων
3498 938 3571 991 οὐ
3590 936 3768 992 δώσει

2188 1021 2360 1090 ῥίζαν
2385 1026 2473 1091 εἰς
2490 1024 2701 1092 βάθος.

2278 1114 2438 1167 Ἀλλὰ
2501 1113 2611 1187 γὰρ
2658 1115 2744 1170 ἵνα
2793 1114 2867 1187 μὴ
2915 1116 3346 1189 μακρηγορῶμεν
3382 1118 3475 1171 ἐπὶ
3506 1116 3638 1171 πολὺ
3667 1116 3766 1182 τὰς

2197 1206 2537 1277 πῳφητικὰς
2585 1206 2969 1279 ἀναλεγόμενοι
3010 1209 3211 1278 φωνὰς,
3247 1210 3377 1281 φέρε
3404 1209 3467 1282 δὴ
3490 1211 3765 1282 συστήσω-

2199 1313 2296 1367 μεν
2343 1296 2526 1361 πάλιν,
2576 1299 2724 1363 ὅπως
2770 1298 3071 1370 διαδέχεται
3124 1299 3223 1372 τὴν
3278 1300 3371 1354 ὲπ)⁸
3409 1303 3504 1373 μιᾷ
3548 1300 3764 1371 γυναικὶ

2198 1388 2531 1461 συναλλαγὴν
2560 1391 2594 1460 ἡ
2627 1393 2969 1464 σωφροσύνη,
3005 1392 3191 1464 μέχρις
3227 1392 3292 1447 ἂν
3322 1391 3521 1464 ὲκλύσῃ
3547 1391 3765 1456 τελείως

2196 1480 2293 1552 τὴν
2321 1483 2386 1535 ἐκ
2407 1481 2502 1535 τοῦ
2526 1481 2679 1546 ἔθους
2700 1486 2792 1537 ὲπὶ
2818 1483 2916 1556 τὴν
2955 1486 3238 1538 συνουσίαν
3262 1484 3600 1555 καταφορὰν,
3629 1485 3764 1555 πρὶς

2195 1573 2373 1642 ὀλίγον
2440 1576 2814 1649 ἀφαιρουμένη
2865 1576 2965 1640 τὰς
3008 1577 3105 1648 τῆς
3158 1576 3357 1647 σαρκὸς
3412 1575 3765 1647 ἡδυπαθείας..

2194 1665 2403 1718 Αὐτίκα
2424 1664 2553 1734 γοῦν
2579 1665 2853 1734 εἰσάγεται
2876 1684 2961 1731 τις
2973 1666 3229 1738 ἐμφανῶς
3262 1665 3360 1737 ήδη
3391 1665 3577 1721 λοιπον
3612 1683 3765 1737 παρ-

2194 1757 2509 1828 αιτούμενος
2552 1759 2759 1811 τουτονὶ
2791 1759 2881 1812 τὸν
2923 1758 3322 1830 περισπασμὸν,
3352 1759 3544 1826 Κύριε,
3567 1757 3763 1826 λέγων,

520 1853 764 1917 Domine,
781 1853 944 1908 Pater
962 1864 1011 1907 et
1032 1854 1335 1907 dominator
1351 1855 1472 1908 vita:
1495 1870 1641 1918 mew,
1670 1871 1733 1908 ne
1759 1854 2085 1925 derelinquas

2193 1849 2385 1919 Πάτερ
2432 1851 2531 1905 καὶ
2569 1850 2840 1905 δέσποτα
2869 1848 2982 1919 τῆς
3016 1848 3161 1918 ζωῆς
3179 1868 3317 1920 μου,
3339 1849 3425 1918 μὴ
3454 1851 3767 1920 ἐγκαταλί-

519 1960 601 1998 me
634 1945 685 1997 in
716 1945 935 1999 consilio
973 1961 1175 1999 eorum.
1210 1944 1590 1999 Extollcntiam
1614 1946 1885 2000 oculorum
1912 1962 2092 2001 amove

519 2052 551 2088 a
584 2052 665 2089 me
714 2034 901 2091 Cordis
929 2037 1348 2105 concupiscentia
1376 2047 1423 2091 et
1446 2037 1749 2092 concubitus
1778 2054 1881 2092 non
1912 2054 2091 2107 appre-

515 2124 744 2182 hendant
769 2145 851 2183 me
875 2128 943 2184 ιδ.
975 2128 1034 2182 In
1064 2129 1205 2184 libro
1230 2138 1410 2183 autem
1437 2128 1747 2201 Sapientiae.
1781 2146 1887 2200 quo
1910 2131 2089 2186 omnis

513 2215 731 2272 virtutis
780 2219 1072 2274 traduntur
1120 2220 1481 2281 documenta,
1531 2222 1710 2290 palam
1738 2221 1849 2291 jam
1879 2232 1933 2276 et
1971 2222 2089 2277 sine

514 2307 1052 2379 ambageauditores
1080 2303 1160 2365 ad'
1174 2311 1573 2367 continentiam
1598 2318 1651 2365 ct
1672 2312 1979 2366 castitatem
2009 2319 2092 2365 at-

511 2401 737 2455 trahens
766 2401 1004 2471 Spiritus
1036 2411 1283 2466 sanctus,
1314 2404 1448 2458 talia
1487 2403 1803 2458 modulatur
1843 2423 1856 2458 :
1900 2402 2093 2458 Melior

512 2501 590 2547 est
629 2492 915 2548 liberorum
964 2494 1164 2550 orbitas
1196 2496 1578 2561 cum'virtute,
1627 2496 1962 2562 inclamans;
1994 2497 2094 2550 im-

513 2585 816 2639 mortalitas
865 2586 1003 2641 enim
1035 2597 1113 2641 est
1158 2588 1213 2640 in
1252 2590 1505 2641 memoria
1554 2588 1730 2653 illius,
1764 2589 2010 2658 quoniam
2044 2597 2096 2643 et

513 2678 653 2745 apud
685 2675 851 2731 Deum
881 2690 1009 2733 nota
1040 2688 1137 2743 est,
1170 2689 1220 2733 et
1250 2678 1390 2749 apud
1410 2679 1667 2735 homines.
1690 2682 1825 2735 Cum
1856 2696 2087 2751 presens

510 2778 610 2834 est,
642 2769 818 2824 colunt
848 2770 1021 2835 illaut,
1053 2780 1103 2826 et
1134 2770 1438 2826 desiderant
1471 2789 1585 2827 eam
1612 2790 1732 2827 cum
1770 2787 1827 2828 se
1849 2772 2085 2828 abduxe-

509 2858 624 2915 rit:
664 2869 714 2914 et
760 2860 817 2914 in
858 2870 1455 2931 perpetuumcoronata
1502 2862 1822 2934 triumphat,
1888 2863 2087 2918 incoiné

513 2953 846 3022 quinatorum
874 2954 1218 3007 certaminum
1242 2970 1405 3025 agone
1437 2965 1683 3024 superato
1718 2956 1782 3010 ".

2193 1954 2312 2012 πῃς
2339 1960 2415 2013 με
2438 1943 2509 1997 ὲν
2531 1942 2735 2012 βουλῇ
2764 1941 2979 1997 αὐτῶν.
3009 1942 3419 2013 Μετεωρισμὸν
3443 1944 3769 2014 ὀφθαλμῶν

2191 2033 2376 2104 ἄφελε
2404 2036 2506 2089 ἀπ’
2536 2034 2713 2105 ἐμοῦ·
2756 2034 3002 2103 καρδίας
3025 2034 3135 2105 (25)
3166 2035 3354 2102 ὄρεξις
3388 2034 3487 2087 καὶ
3533 2050 3766 2090 συνου-

2192 2127 2451 2196 σιασμὸς
2476 2130 2562 2195 μὴ
2593 2127 3089 2180 καταλαϐέτωσάν
3130 2143 3223 2196 με.
3253 2128 3364 2180 Καὶ
3386 2128 3442 2181 ἐν
3474 2130 3539 2198 τῇ
3590 2143 3767 2181 πανα-

2196 2218 2335 2290 ρέτῳ
2353 2218 2409 2271 δὲ
2428 2219 2619 2289 Σοφίᾳ,
2639 2218 2862 2290 γυμνῶς
2889 2220 2989 2290 ἠδη
3002 2220 3127 2283 τοὺς
3155 2219 3428 2291 ἀκροατὰς
3451 2221 3528 2284 είς
3552 2221 3764 2294 ἐγκράο

2186 2328 2335 2365 τειαν
2389 2310 2746 2382 ἐφελκόμενον
2786 2312 2881 2365 καὶ
2931 2312 3279 2385 σωφροσύνην
3341 2312 3401 2365 τὸ
3438 2313 3659 2385 Πνεῦμα
3697 2314 3765 2369 τὸ

2189 2405 2363 2473 ἆγιον,
2425 2403 2649 2458 τοιαῦτα
2704 2403 2963 2475 μελῳδεῖ·
3020 2405 3317 2473 Κρεῖσσον
3360 2404 3472 2477 (24)
3517 2406 3765 2460 ἀτεχνία

2188 2497 2310 2568 μετ’
2358 2494 2591 2566 ἀρετῆς,
2630 2496 2930 2567 κεκραγός’
2974 2497 3275 2551 ἀθανασία
3321 2495 3431 2568 γάρ
3476 2499 3645 2551 ἐστιν
3689 2498 3762 2552 ἐν

2187 2585 2393 2655 μνήμῃ
2419 2584 2630 2653 αὐτῆς,
2666 2585 2756 2639 ὅτι
2798 2587 2896 2639 καὶ
2940 2585 3098 2653 παρὰ
3129 2585 3251 2652 Θεῷ
3275 2585 3627 2655 γινώσκεται
3655 2588 3754 2641 καὶ

2192 2675 2351 2744 παρὰ
2365 2676 2715 2744 ἀνθρώποις.
2734 2676 3408 2748 Παροῦσάνοτετιμῶσιν
3418 2678 3633 2748 αὐτὴν,
3657 2681 3757 2733 καὶ

2176 2764 2483 2818 ποθοῦσιν
2511 2764 2929 2820 ἀπελθοῦσαν·
2972 2767 3071 2820 καὶ
3110 2767 3181 2821 ὲν
3212 2767 3290 2834 τῷ
3334 2769 3501 2824 αἰῶνι
3539 2786 3762 2839 στεφα-

2187 2856 2539 2926 νηφοροῦσα
2593 2859 2902 2924 πομπεύει,
2959 2859 3068 2913 τὸν
3098 2859 3216 2914 τῶν
3241 2860 3539 2930 ἀμιάντων
3561 2862 3761 2918 ἄθλων

2187 2949 2388 3021 ἀγῶνα
2411 2948 2735 3016 νικήσασα.

512 3068 638 3127 Cn.
678 3069 766 3125 IV.
791 3068 941 3125 Unus
968 3069 1210 3127 Christus
1234 3073 1591 3144 uirginitatem
1619 3071 1851 3156 edocuit,
1892 3081 2072 3196 apertle
2097 3069 2404 3213 pradilgans
2431 3084 2653 3193 (aegrum
2682 3070 2954 3126 caelorum.
2986 3069 3084 3128 Dei
3113 3072 3429 3140 similitudo,
3462 3074 3761 3132 divinarum

1752 3153 2005 3199 virtutum
2058 3159 2151 3198 uce
2180 3158 2271 3213 per
2314 3158 2426 3196 cien
2472 3159 2523 3195 a.
2794 3164 2814 3181 ο

1752 3153 2005 3199 virtutum
2036 3153 2151 3198 tuce
2180 3153 2523 3213 perﬁcienda.
2794 3164 2814 3181 ο

580 3258 656 3315 De
686 3260 924 3317 humano
953 3263 1135 3335 itaque
1167 3280 1365 3336 genere
1395 3265 1619 3322 dictum
1670 3274 1775 3335 est,
1803 3265 2079 3338 quomodo

2248 3262 2382 3335 Περὶ
2432 3262 2531 3333 μὲν
2584 3257 2677 3316 οῦν
2729 3262 2935 3334 καιρῶν
2980 3263 3082 3334 τῆς
3130 3263 3568 3337 ἁνθρωπότητος,
3610 3266 3759 3332 ὅπως

511 3367 539 3406 a
566 3368 816 3409 sororum
838 3356 1106 3428 coniugiis
1132 3358 1625 3413 adcontineutiam
1657 3374 1851 3430 usque,
1882 3358 2084 3414 sensim

512 3463 605 3517 per
633 3456 849 3503 aetatum
871 3452 1072 3521 gradus
1093 3450 1422 3522 profecerit;
1449 3461 1699 3523 superest
1721 3462 1779 3507 ut
1804 3462 1858 3507 et
1879 3452 1946 3509 de
1973 3452 2085 3507 vir-

510 3541 735 3611 ginitate
766 3541 1035 3600 dicamus.
1064 3543 1177 3599 Hoc
1207 3544 1374 3616 igitur
1399 3555 1603 3617 quanta
1632 3545 1796 3602 fuerit
1825 3545 2081 3610 facultas,

510 3634 667 3690 nobis
697 3636 1108 3692 connitendum.
1147 3636 1324 3708 Atque
1364 3638 1419 3694 id
1467 3638 1522 3693 in
1575 3638 1773 3706 primis
1804 3639 2084 3710 disquira-

508 3741 628 3782 mus
656 3742 881 3785 necesse
911 3737 1015 3792 est,
1046 3728 1174 3799 quid
1198 3728 1416 3785 tandem
1447 3746 1628 3786 causai
1648 3730 1741 3794 sit,
1771 3745 1894 3785 cum
1925 3728 2082 3785 multi

507 3818 782 3888 prophetae
808 3827 861 3873 et
885 3819 1019 3888 justi
1046 3820 1214 3873 multa
1242 3835 1308 3875 ac
1342 3821 1605 3890 praeclara
1637 3828 1753 3875 tum
1771 3820 2078 3888 docuerint,

507 3916 619 3959 tum
657 3906 761 3974 ipsi
817 3908 1202 3976 praestiterint,
1260 3909 1446 3966 nullus
1497 3919 1679 3965 tamen
1714 3909 2079 3980 virginitatem

506 4006 602 4051 aut
624 3997 880 4052 laudibus
903 3998 1215 4065 celebrarit,
1245 4008 1340 4055 aut
1359 4003 1696 4073 propositum
1723 4003 1845 4074 ejus
1867 4018 2080 4060 assum-

505 4086 852 4161 pserit?So!i
891 4091 1148 4145 nimirum
1184 4092 1415 4147 Domino
1442 4095 1735 4166 disciplina
1788 4095 1905 4152 haec
1951 4111 2080 4153 san~

503 4180 700 4235 cienda
730 4180 1073 4242 servabatur.
1108 4182 1201 4251 qui
1244 4192 1299 4237 et
1336 4182 1488 4239 solus
1518 4184 1571 4238 in
1616 4183 1879 4239 mundum
1908 4182 2076 4239 adve-

507 4271 685 4334 niens,
718 4271 967 4326 homines
1001 4272 1188 4327 docuit
1229 4273 1285 4328 in
1347 4272 1513 4329 Deum
1546 4276 1800 4332 transire.
1844 4275 2078 4332 Deccbat

504 4362 649 4417 enim
679 4363 771 4433 qui
819 4364 1072 4435 princeps
1125 4365 1470 4420 sacerdotum
1520 4374 1667 4422 esset
1713 4368 2077 4437 princepsque

504 4459 892 4529 prophetarum
923 4464 977 4511 et
993 4458 1248 4529 princeps
1270 4458 1613 4530 angelorum,
1638 4458 1889 4513 eumdem
1912 4459 2077 4514 etiam

503 4549 776 4621 virginum
812 4552 1112 4621 principem
1137 4549 1349 4607 audire.
1373 4548 1691 4619 Antiquitus
1723 4557 1903 4605 autem
1946 4564 2077 4605 nec-

2188 3355 2466 3428 ἀρξαμένη
2499 3354 2607 3409 ἀπὸ
2637 3356 2737 3426 τῆς
2781 3355 3185 3427 ἀδελφομιξίας,
3231 3354 3466 3411 ὥδευσεν
3516 3358 3609 3411 ἐπὶ
3659 3360 3763 3429 τὴν

2186 3448 2532 3533 ἐγκράτειαν,
2564 3449 2810 3519 εἴρηταιο
2848 3448 2975 3517 περ)¹
3028 3446 3084 3500 δὲ
3127 3448 3425 3519 παρθενίας
3471 3448 3760 3503 λείπεται⁸

2185 3539 2309 3592 ὅσον
2340 3533 2431 3591 οὖν
2461 3538 2705 3601 δυνατὸν,
2754 3535 3040 3606 πειρατέον
3072 3536 3274 3609 φράσαι
3303 3536 3434 3606 (25).
3465 3537 3576 3590 Καὶ
3603 3536 3762 3608 πρῶ-

2184 3646 2275 3683 τον
2305 3628 2638 3694 ἐξεταστέον,
2670 3628 2734 3682 δι’
2759 3629 2829 3700 ἥν
2872 3627 3048 3682 αἰτίαν
3095 3628 3303 3682 πολλῶν
3347 3628 3638 3701 προφητῶν
3666 3629 3764 3684 καὶ

2182 3720 2409 3776 δικαίων
2426 3719 2597 3775 πολλὰ
2620 3721 2715 3775 καὶ
2731 3720 2869 3775 καλὰ
2884 3718 3211 3784 διδαξάντων
3234 3720 3329 3774 καὶ
3347 3720 3758 3794 ἐργασαμένων,

2184 3812 2484 3883 παρθενίαν
2531 3814 2704 3877 οὐδεὶς
2747 3812 2871 3866 οὔτε
2918 3812 3346 3882 ἐνεγκωμίασεν,
3392 3812 3515 3866 οῦτε
3564 3812 3756 3870 εἵλετο.

2182 3908 2346 3978 Μόνῳ
2372 3906 2477 3978 γὰρ
2498 3907 2606 3978 ἄρα
2629 3906 2962 3976 ἐφυλάσσετο
2996 3905 3153 3959 τοῦτο
3194 3904 3528 3978 πρεσϐεῦσαι
3565 3907 3626 3961 τὸ
3659 3908 3762 3979 μά-

2183 3998 2333 4071 θημα
2374 3998 2453 4071 τῷ
2485 4000 2695 4071 Κυρίῳ,
2730 3999 2853 4052 ἐπεὶ
2897 4000 2992 4053 καὶ⁹
3028 3998 3188 4069 μόνος
3229 3998 3512 4069 παρελθὼν
3550 3999 3759 4071 ἄνθρω-

2180 4106 2280 4143 πον
2309 4088 2510 4155 ἐδίδαξε
2548 4092 2743 4161 χωρεῖν
2774 4092 2853 4153 είς
2886 4088 3293 4160 Θεόν.Ἔπρεπε
3317 4088 3425 4162 γὰρ
3456 4089 3534 4161 τῷ
3573 4092 3760 4163 ἀρχιε-

2182 4184 2267 4254 ρεῖ
2292 4183 2385 4236 καὶ
2411 4182 2797 4254 ἀρχιπροφήτῃ
2829 4181 2923 4235 καὶ
2966 4181 3312 4253 ἀρχαγγὲλῳ,
3339 4180 3513 4253 τούτῳ
3544 4184 3637 4237 καὶ
3669 4185 3759 4255 ἀρ-

2178 4274 2493 4347 χιπαρθένῳ
2538 4273 3065 4345 προσαγορευθῆναι.
3090 4275 3163 4328 Τὸ
3210 4275 3267 4328 δὲ
3297 4274 3522 4330 παλαιὸν
3547 4276 3758 4331 οὐδέπω

2178 4366 2380 4429 τέλειος
2413 4365 2699 4437 ἄνθρωπος
2728 4361 2795 4437 ἦν
2818 4381 2835 4396 ο
2869 4366 2963 4419 καὶ
2990 4365 3080 4419 διὰ
3105 4364 3261 4419 τοῦτο
3288 4366 3348 4418 τὸ
3377 4365 3583 4419 τέλειον
3616 4364 3759 4419 οὐδέ-

2180 4474 2267 4511 πω
2312 4458 2556 4529 χωρῆσαι
2577 4457 2675 4530 τὴν
2709 4457 3006 4529 παρθενίαν
3037 4458 3369 4530 ίσχυεν.Ἕτι
3394 4458 3502 4529 γὰρ
3533 4455 3752 4531 ἔχρῃζε,

2179 4550 2296 4603 κατ’
2329 4550 2511 4604 εἰκόνα
2535 4550 2669 4604 Θεοῦ
2691 4549 2953 4622 γεγονὼς,
2982 4552 3077 4606 καὶ
3108 4552 3168 4606 τὸ
3191 4551 3311 4606 καθ’
3335 4550 3593 4623 ὁμοίωσιν
3626 4552 3756 4603 ἀπο-

503 4638 631 4694 dum
681 4640 845 4697 homo
897 4640 1174 4712 perfectus
1217 4649 1335 4696 erat
1381 4660 1395 4695 :
1436 4655 1503 4695 ac
1543 4640 1665 4696 ideo
1704 4640 2073 4711 virginitatem

2187 4641 2365 4697 λαϐεῖν
2390 4660 2404 4670 ·
2440 4643 2576 4715 ὅπερ
2599 4643 3043 4717 τελεσιουργῆσαι
3083 4644 3497 4715 καταπεμφθεὶς
3528 4644 3557 4695 ὁ
3585 4641 3757 4716 Λόγοος

505 4734 640 4799 (rem
686 4732 874 4806 utique
921 4730 1259 4804 perfectam)
1302 4747 1496 4801 capere
1542 4731 1777 4787 necdum
1837 4739 2070 4801 poterat.

502 4824 696 4879 Adhuc
726 4827 870 4879 enim
900 4825 993 4895 qui
1040 4824 1107 4879 ad
1146 4823 1242 4879 Dei
1289 4822 1579 4893 imaginem
1620 4822 1889 4877 formatus
1934 4830 2072 4888 erat,

505 4914 559 4969 id
585 4931 802 4987 quoque
840 4917 988 4987 quod
1041 4924 1125 4973 cst
1153 4917 1219 4971 ad
1255 4915 1667 4973 similitudinem
1697 4916 1942 4986 recipere
1980 4916 2076 4971 de-
2110 4902 2115 4909 ’

502 5008 684 5065 bebat.
735 5011 888 5078 Quod
946 5018 1003 5064 ut
1054 5011 1356 5081 perliceret,
1407 5008 1646 5065 Verbum
1698 5011 1752 5063 in
1810 5007 2072 5091 mundum

502 5100 753 5166 missum,
786 5112 1029 5158 nostram
1061 5104 1213 5173 prius
1245 5100 1474 5156 formam
1500 5099 1688 5155 multis
1718 5108 2069 5170 peccatorum

2181 4736 2260 4798 εὶς
2288 4734 2379 4787 τὸν
2411 4734 2634 4807 κόσμον,
2664 4736 2763 4809 τὴν
2794 4736 3069 4808 ἡμετέραν
3106 4736 3316 4807 μορφὴν
3342 4735 3603 4808 πρότερον
3635 4734 3757 4788 ἀνέ-

2179 4826 2331 4892 λαϐε,
2357 4827 2570 4891 πολλοῖς
2600 4829 2958 4900 ἁμαρτήμασι
2988 4828 3439 4899 κατεστιγμένην,
3466 4827 3554 4881 ἵνα
3578 4826 3639 4897 δὴ
3657 4825 3755 4896 τὴν

2183 4919 2335 4973 θείαν
2367 4922 2547 4991 ἡμεῖς,
2582 4921 2650 4974 δι’
2682 4920 2776 4985 οὒς
2822 4920 2983 4985 αὐτὸς
3027 4920 3275 4990 ὲφόρεσε,
3302 4919 3462 4974 πάλιν
3508 4919 3757 4991 χωρῆσαι

2180 5012 2513 5085 δυνηθῶμεν.
2578 5014 2714 5067 Καθ’
2744 5014 3003 5085 ὁμοίωσιν
3056 5011 3164 5083 γὰρ
3220 5011 3586 5084 ἁκριϐωθῆναι
3632 5011 3755 5063 τότε

2183 5102 2411 5174 πάρεστι
2444 5104 2602 5167 Θεοῦ,
2635 5103 2797 5156 ὁπότε
2825 5103 2889 5174 δὴ
2919 5104 3042 5166 τοὺς
3075 5101 3238 5156 αὐτοῦ
3274 5103 3625 5175 χαρακτῆρας
3656 5102 3755 5172 τῆς

574 5240 616 5273 ⁸⁸
659 5238 818 5294 Prov.
849 5256 904 5305 v,
941 5239 1027 5302 15,
1067 5239 1152 5296 l8.
1225 5240 1267 5271 "
1301 5237 1433 5308 Cap.
1470 5255 1524 5305 ν,
1560 5255 1672 5292 vers
1702 5237 1755 5291 8.
1840 5237 1883 5269 ¹⁸
1906 5235 2035 5292 Sau.
2062 5253 2085 5291 l‘

2187 5237 2218 5290 ἱ.
2298 5239 2341 5271 ¹⁴
2369 5239 2535 5294 Eccli.
2573 5255 2727 5303 χχιιι,
2763 5239 2813 5303 1,
2845 5240 2899 5306 5,
2923 5239 2976 5295 6.
3058 5240 3102 5272 ¹⁵
3126 5240 3255 5310 Sap.
3288 5257 3363 5306 Iv,
3399 5242 3450 5308 Ι,
3483 5240 3537 5297 2.

574 5380 687 5449 (21)
730 5377 892 5433 Ἰδιά.
924 5376 1043 5432 Non
1070 5378 1205 5433 bene
1232 5376 1537 5449 Possinius.
1564 5377 1678 5432 sive
1706 5376 1798 5447 qui
1820 5376 1869 5431 ci
1907 5376 2082 5449 impo-

504 5447 644 5514 suit,
666 5447 964 5519 imperitus
999 5450 1178 5505 scriba
1199 5489 1214 5511 ,
1246 5449 1415 5520 ἡδεῖα,
1437 5448 1775 5520 dulcissqua
1801 5463 1933 5502 voce
1960 5447 2076 5520 haec

504 5522 801 5578 auctoritas
833 5520 967 5573 nihil
997 5520 1062 5573 ad
1088 5519 1352 5575 intentum
1408 5519 1662 5573 Methodii
1715 5520 1947 5581 faceret,
2007 5519 2076 5572 de

506 5592 885 5662 singularitate
911 5590 1187 5660 cunjugii,
1243 5605 1350 5662 non
1382 5590 1450 5644 de
1478 5591 1753 5662 illiusseu
1800 5588 1876 5641 rei
1908 5588 2075 5641 mari-

508 5658 628 5717 talis
677 5664 983 5717 dulcedine.
1017 5658 1192 5714 ‘Adde
1221 5661 1355 5714 nihil
1397 5658 1665 5727 ejusmodi
1705 5673 1921 5713 sacrum
1959 5666 2077 5713 tex-

510 5743 620 5787 tum
652 5734 727 5786 sic
758 5734 1001 5802 pervium
1036 5733 1255 5802 habere.
1294 5732 1583 5787 COIIBEFIS.

495 5846 533 5858 _
576 5802 689 5859 t22l
743 5797 1114 5865 Πολύγονον.
1159 5801 1293 5859 Vide
1352 5804 1717 5864 Augustinum
1768 5797 1843 5853 De
1899 5797 2069 5853 doctr.

2186 5375 2410 5441 Christ,
2444 5379 2538 5433 lib.
2574 5393 2633 5441 ιι,
2661 5392 2782 5446 cap.
2816 5376 2903 5439 12,
2937 5393 2991 5431 ιι.
3020 5377 3104 5432 is.
3140 5378 3216 5434 in.

2247 5449 2358 5522 (25)
2402 5449 2683 5518 Καρδίας.
2723 5445 2886 5516 Sixt.,
2912 5448 3140 5515 κοιλίας,
3161 5451 3373 5504 centris.
3397 5447 3488 5503 Sic
3506 5458 3559 5503 et
3589 5445 3750 5519 Vu‘g.

2173 5518 2359 5660 ιι’.(24)
2415 5590 2732 5658 Κρεῖσσον.
2765 5589 2934 5647 Paulo
2971 5594 3130 5648 aliter
3163 5590 3348 5662 Vulg,
3380 5591 3482 5647 etsi
3526 5590 3753 5645 totidem

2176 5664 2358 5717 verbis
2388 5663 2565 5715 reddit
2596 5662 2899 5717 Possinius.
2936 5665 3011 5717 lu.

2248 5734 2358 5806 (25)
2394 5733 2641 5798 Φράσαι.
2680 5734 2815 5790 Cod.
2852 5733 3001 5802 Vat,
3034 5734 3215 5803 φάναι.
3251 5731 3325 5787 ιι).
