4056 6302
266 384 338 440 £5
1357 387 1741 447 CONVIVIUM
1781 390 2011 449 DECEM
2052 390 2415 449 VIRGINUM.
3436 395 3504 448 46

262 506 405 560 κατὰ
449 507 733 581 ἄνθρωπον
779 508 1069 574 πολιτείας.
1107 509 1407 581 ζωγράφων
1433 511 1586 582 δίκην
1611 512 1836 582 ἐπιστη-

1936 512 2167 567 maculis
2199 519 2578 583 compunctam
2604 514 2860 587 suscepit,
2892 521 2952 568 ut
2988 530 3088 569 nos
3136 515 3344 570 scilicet
3373 528 3504 586 pro-

222 589 225 592 ,
266 599 461 672 μόνων,
480 601 537 653 ὲν
564 601 777 668 ἑαυτοῖς
801 601 992 673 ὥσπερ
1010 603 1215 656 σανίσιν
1245 602 1684 673 ὲντυπωσάμενοι
1713 619 1836 656 κατ-

262 689 498 763 έχωμεν,
535 693 600 764 ἥν
635 693 795 757 αὐτὸς
853 695 1161 766 ἑφανέρωσε
1199 694 1592 766 μαθητεύοντες
1623 694 1828 765 τρίϐον.

263 782 449 855 Ταύτῃ
498 784 607 855 γὰρ
657 785 944 857 ᾑρετίσατο
985 785 1084 856 τὴν
1131 785 1475 858 ἀνθρωπίνην
1510 785 1830 840 ἐνδύσασθαι

264 874 444 953 σάρκα
476 876 608 939 Θεὸς
641 876 735 939 ὢν,
763 877 931 940 ὅπως,
978 877 1165 949 ὥσπερ
1190 879 1248 933 ἐν
1284 880 1469 931 πίνακι
1503 877 1644 931 θεῖον
1673 877 1830 932 ἐκτύ-

261 983 435 1038 πωμα
469 966 585 1038 βίου
608 968 911 1038 βλέποντες,
934 969 1147 1040 ἔχωμεν
1172 970 1266 1023 καὶ
1296 971 1454 1040 ἡμεῖς
1478 968 1570 1022 τὸν
1599 967 1835 1041 γράψαν-

258 1074 327 1110 τα
363 1058 661 1128 μιμεῖσθαι.
695 1062 769 1114 Οὐ
795 1061 923 1133 γὰρ,
956 1061 1117 1132 ἕτερα
1164 1057 1395 1131 φρονῶν,
1429 1058 1594 1130 ἔτερα
1620 1058 1791 1111 ἐποίει
1814 1074 1830 1088 ο

258 1149 381 1202 οὐδὲ
438 1149 564 1222 μὴν,
599 1151 759 1224 ἔτερα
812 1151 1046 1222 νομίζων
1079 1147 1217 1205 εἶναι
1262 1150 1329 1204 τὰ
1365 1149 1526 1215 καλὰ,
1559 1149 1834 1203 ἐδίδασκεν

258 1239 453 1313 ἓτεραο
505 1242 620 1297 ἀλλ’
664 1246 807 1316 ειπερ
850 1240 917 1317 ἦν
973 1243 1187 1313 ἀληθῶς
1241 1243 1489 1314 ὠφέλιμα
1533 1244 1625 1297 καὶ
1670 1242 1831 1309 καλὰ,

259 1333 434 1388 ταῦτα
458 1336 550 1390 καί¹
581 1337 825 1391 ἐδίδασκε
857 1338 949 1392 καὶ
981 1338 1173 1392 ἐποίει.

1940 614 2060 675 pter
2086 620 2226 675 quos
2251 607 2512 675 gestavit,
2539 605 2781 661 divinam
2829 623 3020 664 rursus
3051 623 3247 677 capere
3296 609 3505 665 valere-

1938 713 2080 753 mus.
2117 697 2196 752 Ad
2244 696 2337 752 Dei
2371 698 2516 754 enim
2572 699 2983 755 similitudinem
3029 708 3282 756 accurate
3327 700 3505 772 ellingi

1938 789 1990 844 id
2029 790 2245 845 demum
2276 799 2394 854 est,
2423 790 2543 859 ejus
2586 791 2931 848 characteres
2971 800 3027 849 et
3075 793 3400 848 lineamenta
3448 794 3503 848 in

1935 882 2062 937 vitae
2104 881 2353 936 humana:
2385 884 2836 940 consuetudinem
2869 884 3131 939 imitando
3160 883 3459 939 transferre
3485 902 3500 940 :

1937 972 2056 1043 pari
2093 980 2210 1027 arte
2237 987 2344 1041 qua
2383 973 2545 1043 periti
2594 976 2855 1045 pictores,
2888 975 3085 1044 objecti
3117 975 3293 1030 oculis
3315 992 3502 1031 exem-

1938 1065 2105 1135 plaris
2148 1064 2350 1121 ductus
2393 1075 2447 1119 et
2499 1067 2712 1124 colores
2746 1067 2799 1122 in
2833 1069 3039 1138 paratis
3082 1069 3283 1125 tabulis
3314 1068 3379 1123 ad
3421 1069 3503 1122 vi-

1935 1170 2060 1210 vum
2085 1156 2427 1226 exprimunt;
2464 1159 2608 1226 quod
2647 1174 3025 1230 assequemur,
3053 1159 3179 1214 dum
3225 1173 3502 1215 ostensam

1936 1250 2006 1304 ab
2032 1267 2099 1307 eo
2129 1251 2274 1304 viam
2306 1265 2370 1304 ac
2416 1251 2763 1322 disciplinam
2801 1251 3185 1308 condiscamus
3223 1262 3384 1323 atque
3413 1268 3501 1307 se-

1935 1355 2188 1409 quamur.
2224 1338 2302 1395 Eo
2322 1340 2521 1411 quippe
2554 1341 2785 1395 consilio
2815 1341 3022 1411 placuit
3053 1342 3345 1396 humanam
3378 1356 3503 1397 car-

259 1442 409 1489 nem,
451 1428 591 1485 Dens
629 1447 753 1485 cum
791 1442 971 1497 esset,
1008 1432 1254 1497 induere,
1285 1438 1345 1486 ut
1379 1433 1524 1487 velut
1569 1434 1624 1488 in
1663 1433 1848 1489 tabula
1899 1434 2143 1490 divinum
2168 1437 2293 1492 vita:
2334 1437 2611 1507 exemplar
2647 1437 2987 1507 propositum
3041 1446 3350 1500 cernentes,
3398 1451 3501 1492 nos

204 1546 207 1551 λ
260 1538 479 1594 quoque
537 1535 813 1583 auctorem
880 1528 1079 1584 imitari
1134 1544 1440 1600 possemus.
1482 1527 1603 1583 Non
1664 1530 1808 1585 enim
1837 1530 1942 1585 alia
1982 1532 2247 1595 sentiens,
2280 1531 2385 1586 alia
2438 1530 2708 1597 faciebat;
2740 1538 2796 1587 at
2839 1546 3017 1602 neque
3072 1532 3177 1586 alia
3209 1532 3349 1587 bona
3378 1546 3504 1589 esse

259 1615 595 1681 existimans,
622 1617 727 1671 alia
758 1617 988 1673 docebat
1024 1637 1039 1673 :
1083 1618 1177 1675 sed
1207 1633 1328 1691 qua:
1359 1635 1486 1675 vere
1517 1619 1673 1674 utilia
1717 1620 2058 1693 honestaque
2087 1628 2264 1686 erant,
2288 1620 2405 1676 haec
2433 1632 2487 1677 et
2518 1621 2749 1679 docebat
2769 1631 2931 1695 atque
2966 1624 3277 1699 praestabat.

284 1757 414 1818 CAP.
440 1758 505 1814 V.
531 1758 772 1816 Christus
804 1760 1161 1831 incorruptam
1194 1771 1405 1809 carnem
1431 1755 1484 1806 in
1520 1754 1822 1821 virginitate
1855 1768 2099 1831 servans,
2136 1752 2205 1831 ad
2249 1753 2602 1823 virginitatem
2631 1753 2971 1809 excolendam
2997 1757 3187 1812 allicit.
3230 1754 3506 1831 Virginum

1075 1829 1291 1898 exiguus
1321 1840 1588 1889 numerus,
1619 1839 1728 1891 pra:
1758 1823 2094 1876 multitudine
2129 1823 2355 1875 aliorum
2382 1835 2706 1879 sanctorum.

338 1963 402 2016 Τί
427 1959 522 2018 οῦν
547 1966 575 2017 ὁ
598 1964 821 2037 Κύριος,
847 1969 880 2038 ἠ
923 1965 1148 2037 ἀλήθεια
1187 1965 1281 2019 καὶ
1310 1965 1425 2035 φῶς
1454 1964 1839 2037 ἐπραγματεύ-

2012 1964 2153 2031 Quid
2187 1964 2352 2034 igitur
2373 1963 2656 2028 Dominus,
2686 1966 2805 2034 ipse
2827 1965 3027 2021 veritas
3055 1974 3110 2019 et
3145 1966 3349 2033 lumen,
3393 1984 3511 2022 mo-

268 2070 399 2110 ca'oo
430 2054 703 2110 κατελθών
725 2073 740 2122 ;
764 2057 1035 2128 Ἀφθορον
1068 2055 1329 2126 ἐφύλαξεν
1361 2058 1419 2110 ὲν
1447 2055 1715 2128 παρθενίᾳ
1741 2056 1840 2128 τὴν

268 2148 449 2219 σάρκα
481 2150 764 2220 κοσμήσας
793 2147 926 2222 (26)·
957 2150 1052 2203 καὶ
1103 2151 1264 2220 ἡμεῖς
1309 2149 1437 2220 ἄρα,
1474 2151 1523 2202 εί
1555 2148 1841 2220 μέλλοιμεν

266 2240 390 2294 καθ’
420 2242 679 2312 ὁμοίωσιν
722 2242 940 2296 ἔσεσθαι
970 2241 1105 2296 Θεοῦ
1138 2243 1232 2296 καὶ
1257 2242 1513 2314 Χριστοῦ,
1547 2242 1840 2314 φιλοτιμῶ-

268 2330 410 2400 μεθα
446 2333 547 2403 τὴν
572 2332 868 2404 παρθενίαν
894 2335 1080 2404 τιμᾷν.
1099 2332 1387 2404 Ὀμοίωσις
1413 2332 1522 2404 γὰρ
1557 2332 1690 2387 Θεοῦ
1722 2332 1843 2402 φθο-

265 2422 367 2493 ρᾶς
401 2422 806 2493 ἀποφυγή.”οτι
849 2423 907 2477 δὲ
951 2424 1046 2477 καὶ
1090 2422 1507 2495 ἀρχιπαρθένος,
1544 2422 1603 2477 ὃν
1644 2422 1841 2494 τρόπον

259 2512 357 2566 καὶ
411 2513 743 2585 ἀρχιποιμὴν
786 2515 879 2567 καὶ
928 2516 1341 2586 ἀρχιπροφήτης
1368 2516 1589 2584 γέγονεν
1616 2517 1645 2568 ὁ
1673 2515 1843 2582 Λόγος

264 2602 704 2675 ὲνανθρωπήσας
734 2605 832 2674 τῆς
878 2606 1226 2677 Ἑκκλησίας,
1257 2608 1350 2660 καὶ
1374 2608 1403 2661 ὁ
1432 2607 1841 2678 Χριστόληπτος

268 2693 404 2764 ἡμῖν
431 2695 771 2767 παρέστησεν
797 2699 855 2751 ἐν
878 2696 1067 2768 βιϐλίῳ
1096 2698 1196 2769 τῆς
1224 2698 1639 2770 ’Λποκαλύψεως
1672 2699 1842 2753 Ἰωάν-

268 2801 389 2857 νης,
424 2785 598 2854 λέγων
621 2804 634 2817 ο
668 2788 776 2842 Kal
813 2785 1002 2843 εἶδον·
1038 2788 1138 2842 καὶ
1160 2788 1286 2842 ἰδοὺ
1312 2789 1379 2842 τὸ
1411 2790 1633 2859 Ἀρνίον
1650 2788 1840 2857 ἑστὼς

262 2876 367 2930 ἐπὶ
390 2876 456 2930 τὸ
477 2877 615 2945 ὅρος
642 2879 811 2945 Σιὼν,
837 2880 936 2934 καὶ
964 2880 1289 2950 μετ-ἀὺτοῦ
1311 2881 1529 2935 ἑκατὸν
1547 2881 1840 2950 τεσσαρά-

262 2986 450 3023 κοντα
482 2969 774 3040 τέσσαρες
800 2972 1066 3041 χιλιάδες
1082 2973 1334 3042 ἔχουσαι
1357 2976 1421 3027 τὸ
1446 2973 1632 3043 ὄνομα
1651 2975 1838 3029 αὑτοῦ

260 3062 361 3115 καὶ
387 3061 456 3115 τὸ
486 3062 674 3132 ὄνομα
696 3063 801 3118 τοῦ
825 3065 1055 3134 Πατρὸς
1093 3065 1278 3120 αὐτοῦ
1307 3065 1712 3136 γεγραμμένον
1736 3066 1836 3120 ἐπὶ

260 3151 382 3207 τῶν
409 3150 696 3222 μετώπων
721 3152 937 3208 αὐτῶν.
975 3152 1081 3207 Καὶ
1109 3152 1347 3222 ἤκουσα
1374 3151 1585 3222 φωνὴν
1620 3153 1690 3207 ἐκ
1729 3151 1836 3206 τοῦ

257 3243 546 3314 οίφανοῦ,
576 3245 657 3310 ὡς
689 3243 898 3314 φωνὴν
922 3243 1156 3300 ὑδάτων
1182 3243 1448 3307 πολλῶν,
1481 3243 1580 3297 καὶ
1603 3244 1684 3309 ὠς
1716 3261 1835 3312 φω-

1943 2058 2074 2112 litus
2106 2064 2212 2118 est,
2237 2056 2291 2111 in
2313 2054 2574 2110 mundum
2604 2055 3085 2127 veniens?Nempe
3118 2058 3279 2111 homo
3310 2058 3508 2124 factus,

1942 2150 2319 2218 incorruptam
2344 2163 2563 2203 carnem
2596 2147 2652 2202 in
2680 2148 2990 2219 virginitate
3016 2154 3273 2205 servavit.
3315 2149 3377 2204 Et
3408 2166 3512 2206 nos

1943 2234 2149 2305 itaque,
2182 2235 2230 2289 si
2267 2235 2335 2289 ad
2373 2234 2583 2291 Christi
2622 2235 2718 2291 Dei
2749 2237 2923 2292 nostri
2954 2237 3369 2294 similitudinem
3394 2240 3513 2295 eni«

1940 2330 2133 2391 timur,
2167 2327 2536 2398 virginitatem
2590 2328 2772 2384 colere
2832 2328 3118 2399 magniﬁce
3166 2330 3507 2389 studeamus.

1943 2415 2038 2473 Dei
2059 2418 2205 2472 enim
2235 2417 2615 2482 simulacrum,
2648 2418 3021 2489 corruptionis
3053 2419 3202 2491 luga.
3236 2419 3389 2487 Quod
3413 2438 3511 2479 au-

1942 2515 2050 2563 tem
2104 2510 2269 2564 etiam
2325 2509 2624 2580 principem
2665 2510 2978 2581 virginum,
3029 2512 3173 2567 haud
3229 2529 3391 2568 secus
3447 2529 3512 2570 ac

1939 2601 2238 2672 principem
2265 2613 2544 2672 pastorum
2572 2619 2635 2657 ac
2660 2604 3047 2674 prophetarum
3077 2604 3352 2669 Ecclesiae,
3373 2604 3511 2661 Vero

1942 2693 2070 2747 bum
2118 2695 2282 2747 homo
2313 2693 2512 2748 factum
2564 2695 2883 2765 praztulerit,
2933 2697 3049 2767 ipse
3095 2698 3254 2753 nobis
3305 2699 3512 2754 Christi

1939 2782 2164 2837 numine
2189 2782 2401 2838 amatus
2429 2780 2668 2840 Joannes
2710 2786 2766 2840 in
2810 2786 2951 2841 libro
2973 2787 3292 2858 Apocalysis
3323 2795 3513 2843 osten-

1940 2875 2038 2941 dit,
2073 2875 2272 2945 quibus
2323 2876 2399 2929 ait
2433 2894 2445 2928 :
2486 2873 2554 2928 Et
2599 2874 2741 2940 vidi;
2773 2886 2821 2931 et
2858 2894 2973 2932 erce
3000 2877 3178 2948 Agnus
3218 2889 3367 2934 stans
3413 2897 3510 2934 su-

1939 2984 2037 3037 pra
2085 2979 2313 3022 montem
2365 2966 2515 3031 Sion,
2545 2978 2595 3023 et
2636 2986 2754 3023 cum
2792 2986 2851 3024 eo
2902 2979 3107 3025 centum
3155 2971 3510 3043 quadraginta

1938 3069 2167 3129 quatuor
2189 3059 2382 3124 millia,
2412 3059 2658 3115 habentes
2680 3077 2865 3114 nomen
2885 3061 3000 3130 ejus
3030 3071 3079 3116 et
3107 3079 3293 3116 nomen
3326 3062 3507 3118 Patris

1938 3151 2074 3221 ejus,
2099 3153 2349 3220 scriptum
2397 3154 2451 3206 in
2480 3153 2742 3222 frontibus
2765 3155 2896 3209 suis.
2948 3153 3013 3208 Et
3049 3155 3226 3209 audivi
3278 3172 3451 3211 vocem
3482 3174 3511 3210 e

1939 3243 2086 3309 calo,
2111 3252 2358 3310 tanquam
2382 3260 2553 3299 uocem
2579 3260 2835 3315 aquarum
2858 3245 3166 3311 multarum,
3183 3254 3231 3298 et
3258 3255 3510 3317 tanquam

256 3339 385 3409 νὴν
401 3336 673 3407 βροντῆς
702 3337 998 3410 μεγάλης’
1044 3338 1142 3391 καὶ
1179 3339 1216 3406 τί
1255 3336 1420 3405 φωνὴ
1462 3335 1541 3404 ἣν
1576 3335 1833 3405 ἤκουσα.

1939 3353 2112 3392 vocem
2160 3338 2382 3391 tonitrui
2424 3339 2622 3408 magni.
2654 3336 2726 3391 Et
2762 3353 2863 3392 vox
2918 3354 3077 3408 quam
3123 3338 3322 3403 audiui,
3373 3339 3510 3394 sicut

256 3432 340 3499 ὡς
384 3430 553 3501 φωνὴ
592 3430 931 3499 κιθαρρδῶν
977 3427 1387 3498 κιθαριζόντων
1429 3428 1501 3482 ἐν
1525 3427 1653 3495 ταῖς
1673 3426 1835 3483 κιθά-

249 3539 390 3593 ραις
421 3520 640 3577 αὐτῶν.
688 3522 798 3576 Καὶ
840 3520 1055 3589 ᾄδουσι
1104 3520 1324 3588 καινὴν
1365 3519 1530 3589 ᾠδὴν
1582 3519 1837 3573 ἐνώπιον

254 3616 364 3672 τοῦ
392 3616 607 3684 θρόνου
633 3614 731 3669 καὶ
769 3612 1024 3668 ἐνώπιον
1056 3611 1175 3667 τῶν
1207 3612 1520 3680 τεσσάρων
1547 3610 1701 3672 ζώων
1736 3608 1837 3664 καὶ

256 3710 381 3767 τῶν
407 3706 842 3777 πρεσϐυτέρων.
865 3706 973 3761 Kal
996 3704 1193 3771 οὐδεὶς
1213 3704 1474 3772 ἠδύνατο
1492 3704 1704 3773 μαθεῖν
1722 3703 1839 3773 τὴν

255 3801 425 3870 ᾠδὴν
450 3803 504 3854 εὶ
526 3797 612 3869 μὴ
638 3801 698 3852 al
729 3796 946 3852 ἑκατὸν
973 3794 1425 3863 τεσσαράκοντα
1444 3794 1735 3864 τέσσαρες
1758 3812 1838 3862 χι·-

253 3894 485 3959 λιάδες,
507 3894 562 3946 ol
594 3889 992 3960 ἠγορασμένοι
1025 3886 1143 3943 ἀπὸ
1173 3884 1282 3953 τῆς
1307 3884 1438 3955 γῆς.
1474 3880 1652 3943 Οὗτοί
1680 3890 1837 3941 εἰσιν

255 3987 312 4041 οἳ
323 3986 479 4057 μετὰ
500 3982 800 4055 γυναικῶν
817 3985 928 4037 οὐκ
948 3978 1370 4052 ἐμολύνθησαν
1392 3998 1405 4011 ·
1428 3980 1705 4049 παρθένοι
1729 3979 1837 4049 γάρ

252 4081 434 4132 εἰσιν.
466 4072 647 4131 Οὗτοί
674 4077 832 4128 εἰσιν
868 4075 922 4128 ol
957 4071 1483 4140 ἀκολουθήσαντες
1514 4068 1593 4136 τῷ
1639 4069 1838 4139 Ἁρνίῳ

255 4171 411 4225 ὅπου
433 4168 511 4222 ἂν
532 4166 754 4237 ὑπάγῃ.
782 4165 888 4220 Τοῦ
920 4165 1080 4237 χοροῦ
1103 4165 1210 4220 τῶν
1232 4163 1513 4237 παρθένων
1539 4161 1836 4234 ὲξάρχοντα

254 4262 519 4318 δεικνύων
550 4261 642 4315 τὸν
674 4260 898 4332 Κύριον.

340 4354 665 4425 Ἑπίστησον
708 4352 763 4406 δὲ
797 4352 933 4423 πρὸς
964 4351 1189 4417 τούτοις.
1229 4353 1377 4416 ὅπως
1401 4352 1462 4406 τὸ
1490 4348 1705 4423 ἀξίωμα
1738 4349 1835 4420 τῆς

255 4447 555 4520 παρθενίας
580 4445 835 4517 μέγιστον
862 4445 1013 4516 παρὰ
1039 4444 1117 4515 τῷ
1145 4443 1282 4516 Θεῷ.
1302 4440 1477 4502 Οὗτοι
1493 4441 1832 4513 ἠγοράσθη-

254 4554 380 4594 σαν
408 4538 526 4593 dm)
566 4537 688 4591 τῶν
713 4536 1036 4606 ἀνθρώπων
1068 4538 1178 4610 (27)
1201 4538 1441 4608 ἀπαρχὴ
1475 4536 1555 4603 τῷ
1578 4536 1699 4604 Θεῷ
1732 4537 1830 4591 καὶ

256 4632 338 4698 τῷ
372 4630 594 4699 Ἀρνὶῳ,
625 4630 724 4683 καὶ
763 4630 833 4683 ἐν
863 4627 943 4695 τῷ
978 4632 1226 4700 στόματι
1245 4628 1444 4685 αὐτῶν
1476 4633 1589 4700 οὐχ
1617 4630 1829 4699 εὑρέθη

1940 3445 2038 3483 uoa:
2085 3430 2497 3484 citharoedorum
2535 3430 2967 3484 citharizantium
3018 3430 3074 3484 in
3122 3429 3341 3484 citharis
3371 3433 3505 3486 suis.

1941 3521 2011 3576 Et
2042 3521 2327 3576 cantabant
2369 3523 2523 3592 quasi
2573 3525 2837 3577 canticum
2890 3538 3080 3577 novum
3127 3525 3181 3576 in
3230 3534 3509 3593 conspectu

1942 3612 2135 3676 throni,
2175 3621 2223 3666 et
2251 3620 2481 3683 quatuor
2509 3612 2822 3666 animalium
2843 3620 2893 3665 et
2918 3612 3205 3665 seniorum.
3237 3610 3306 3664 Et
3358 3626 3507 3664 nemo

1939 3713 2145 3776 poterat
2169 3704 2369 3759 discere
2390 3705 2675 3767 canticum,
2691 3704 2794 3757 nisi
2811 3702 2907 3757 illa
2930 3711 3134 3756 centum
3155 3703 3510 3773 quadraginta

1937 3807 2167 3869 quatuor
2196 3796 2388 3860 millia,
2411 3798 2500 3867 qui
2534 3796 2695 3864 empti
2718 3805 2841 3850 sunt
2881 3794 2944 3849 de
2973 3803 3137 3847 terra.
3163 3793 3237 3847 Hi
3263 3803 3385 3849 sunt
3420 3795 3511 3864 qui

1937 3904 2052 3942 cum
2086 3885 2393 3942 mulieribus
2438 3904 2542 3941 non
2569 3895 2691 3941 sunt
2729 3888 3052 3957 coinquinati
3083 3890 3345 3960 :oirgines
3369 3891 3510 3945 enim

1937 3987 2076 4033 sunt.
2114 3977 2186 4031 lli
2217 3986 2506 4048 sequuntur
2527 3978 2737 4050 Agnum
2765 3994 3067 4050 quocunque
3101 3980 3218 4053 ierit
3243 3979 3306 4033 “.
3331 3979 3411 4034 Eu
3444 3989 3508 4035 ut

1939 4069 2224 4125 Dominum
2295 4069 2595 4141 principem
2668 4069 2919 4125 ostendat
2991 4076 3154 4141 atque
3231 4069 3505 4141 auspicata

1938 4162 2093 4218 chori
2123 4161 2420 4234 virginum.

2009 4342 2396 4399 Animadverte
2423 4344 2646 4414 insuper
2669 4357 2832 4413 quam
2873 4355 2999 4397 vere
3025 4341 3263 4397 maxima
3292 4340 3365 4395 sit
3388 4340 3509 4409 viro,

1901 4513 1907 4520 _
1935 4437 2179 4508 ginitatis
2206 4436 2441 4507 dignitas
2469 4434 2610 4506 apud
2641 4434 2833 4491 Deum.
2871 4433 2947 4488 Ili
2978 4434 3138 4505 empti
3171 4445 3384 4491 suntex
3404 4435 3502 4490 lto-

1935 4528 2164 4583 minibus
2212 4529 2462 4598 primitiae
2495 4528 2605 4582 Deo
2636 4536 2688 4582 et
2733 4533 2908 4599 Agna,
2937 4536 2986 4581 et
3026 4526 3078 4581 in
3136 4543 3226 4581 ore
3270 4529 3508 4592 ipsorum

1939 4638 2042 4675 non
2095 4629 2174 4675 est
2221 4621 2484 4675 inventum
2537 4618 2867 4675 mendacium
2895 4636 2915 4676 :
2949 4621 3061 4674 sine
3110 4619 3320 4674 macula
3366 4621 3508 4677 enim

254 4725 483 4797 ψεῦδος
503 4740 516 4753 ⁸
552 4721 776 4793 ἄμωμοι
799 4722 906 4792 γάρ
939 4725 1078 4787 εἱσι,
1099 4724 1199 4778 καὶ
1218 4722 1642 4787 ἀκολουθοῦσι,
1676 4722 1830 4793 φησὶ,

1937 4722 2088 4777 sunt;
2121 4721 2179 4768 et
2209 4722 2498 4785 sequuntur
2524 4714 2752 4783 Agnum,
2797 4712 2995 4782 inquit,
3025 4728 3330 4783 quocunque
3362 4712 3503 4768 ierit.

254 4820 336 4884 τῷ
369 4817 572 4887 Ἆρνίφ
615 4815 769 4869 ὅπου
790 4815 867 4869 ἂν
887 4816 1109 4884 ὑπάτῃ.
1144 4813 1337 4884 Σαφῶς
1365 4815 1512 4885 ἡμᾶς
1542 4811 1838 4867 κάντεῦθεν

253 4911 530 4965 διδάσκειν
560 4906 827 4977 βούλεται,
843 4909 925 4961 ὅτι
956 4909 1012 4960 ἐν
1036 4905 1253 4979 ἀριθμῷ
1274 4905 1533 4976 τοσούτῳ,
1559 4904 1837 4959 τουτέστιν

255 5003 453 5058 ἑκατὸν
482 4998 887 5069 τεσσαράκοντα
919 4999 1013 5053 καὶ
1039 4997 1300 5069 τέσσαρσι
1327 4995 1581 5067 χιλιάσιν,
1610 4995 1835 5049 ἁπάνω-

258 5096 348 5151 θεν
377 5096 438 5149 τὸ
464 5091 672 5162 πλῆθος
710 5090 1037 5162 περιώριστο
1058 5089 1168 5147 τῶν
1197 5089 1501 5162 παρθένων,
1532 5088 1640 5143 τῶν
1661 5087 1836 5144 ἄλλων

255 5189 429 5258 ἁγίων
465 5190 546 5249 είς
573 5182 775 5255 πλῆθος
806 5183 1052 5253 ἀόριστον
1082 5182 1534 5254 ὀχλιζςμένων.Τί
1555 5180 1665 5251 γὰρ
1693 5197 1834 5252 παρ-

256 5282 430 5353 εγγυᾷ
479 5279 576 5334 καὶ
628 5275 758 5346 περὶ
810 5275 917 5329 τῶν
963 5274 1163 5329 λοιπῶν
1205 5274 1607 5345 διαλεγόμενος,
1663 5289 1831 5345 προσ-

257 5374 463 5429 εκτέον,
493 5369 603 5427 Kal
630 5365 795 5424 εἶδον
818 5366 936 5422 ἀπὸ
968 5365 1173 5435 πάσης
1205 5366 1471 5436 γλώττης
1506 5364 1606 5419 καὶ
1633 5363 1837 5434 φυλῆς

256 5466 353 5522 καὶ
407 5463 638 5531 παντὸς
678 5460 895 5526 ἔθνους
934 5456 1162 5527 πλῆθος
1200 5459 1393 5522 πολὺ,
1438 5457 1469 5511 ὃ
1513 5455 1837 5527 ἀριθμῆσαι

363 5622 409 5655 ⁸⁸
437 5623 603 5693 Apoc.
639 5634 752 5683 xlv,
790 5615 901 5672 1-4.
981 5617 1026 5647 ¹⁷
1049 5615 1210 5684 Apoc.
1253 5630 1349 5681 vn,
1377 5615 1431 5671 9.

349 5780 440 5845 26)
472 5779 673 5847 Σάρκα
696 5773 1033 5845 κοσμήσας.
1074 5773 1541 5879 Ἐνανθρωπήσας.
1576 5770 1649 5825 lo.

349 5852 436 5879 ,ιδ-τι
489 5849 840 5879 ἈυηιηῘιι-νινυ
880 5845 1159 5879 οηοαῖηἷηα
1232 5847 1252 5879 ἑ
1278 5842 1399 5879 ιυιτω
1469 5859 1532 5879 ον’
1574 5858 1649 5879 nos

349 5852 439 5919 '27)
489 5845 1183 5920 ‘A'rOpdxzwr-fossinius,
1231 5847 1256 5897 ὲ

1933 4805 2093 4860 Clare
2131 4821 2233 4861 nos
2259 4815 2312 4861 et
2335 4806 2465 4860 hinc
2497 4802 2699 4859 docere
2731 4804 2870 4866 vult,
2905 4805 3117 4861 tantulo
3139 4818 3371 4858 numero
3397 4803 3506 4874 (ni—

1933 4898 2131 4951 mirum
2167 4896 2528 4968 quadraginta
2579 4906 2812 4967 quatuor
2857 4895 3111 4966 millium)
3168 4893 3445 4950 delinitam
3472 4910 3508 4951 ι

1932 4989 2202 5060 principio
2235 4988 2406 5047 fuisse
2438 4988 2843 5047 multitudinem
2877 4987 3175 5057 virginum,
3216 5001 3343 5042 cum
3379 4984 3506 5041 inﬂ-

1932 5079 2046 5133 uita
2080 5079 2366 5134 multitudo
2392 5080 2465 5135 sit
2515 5077 2746 5134 aliorum
2798 5085 3135 5133 sanctorum.
3187 5076 3331 5144 Quid
3358 5077 3506 5132 enim

1932 5180 1986 5227 et
2029 5171 2098 5227 de
2136 5171 2567 5249 aliis/disserens
2616 5170 2879 5239 insinuet,
2922 5170 3402 5226 considerandum.
3436 5167 3508 5222 Et

1932 5264 2040 5319 ridi
2065 5281 2131 5320 ea:
2167 5265 2309 5318 omni
2339 5263 2476 5319 tribu
2503 5272 2553 5319 et
2579 5265 2760 5335 lingua
2781 5272 2916 5319 etes:
2938 5263 3082 5319 omni
3103 5264 3336 5327 natione,
3369 5259 3509 5314 mul-

1935 5360 2208 5414 titudinem
2271 5375 2519 5431 magnam
2565 5375 2725 5431 quam
2779 5357 3118 5412 dinumerare
3164 5371 3313 5409 nemo
3360 5361 3508 5421 pote-

1936 5463 2019 5507 rat
2040 5454 2102 5508 ".
2139 5452 2366 5510 Constat
2401 5452 2585 5525 igitur,
2618 5459 2679 5507 ut
2699 5451 2979 5517 dicebam,
3015 5448 3249 5504 aliorum
3281 5441 3502 5514 quidem

1268 5830 1436 5908 ῢνῶν,
1469 5830 1532 5897 εὶ
1573 5840 1829 5911 gentibus,
1870 5852 1979 5892 non
2009 5836 2164 5893 bene.
2195 5830 2274 5888 lo.
