4056 6302
536 398 604 454 Π
1479 394 1537 450 S.
1577 391 1906 449 METRODII
1943 387 2252 446 EPISCOPI
2289 386 2377 442 ET
2419 383 2774 441 MARTYRIS
3694 392 3774 447 4g

538 522 854 572 sanctorum
886 527 1110 568 numero
1142 510 1480 583 superiorem
1514 510 1913 566 multitudinem
1939 508 2093 564 indu-

2197 504 2341 560 αὐτὸ
2364 503 2558 570 οὐδεὶς
2589 504 2871 572 ἠδύνατο.
2899 504 3107 559 Οὐκοῦν
3140 504 3482 578 συνέστηκεν,
3503 507 3580 571 ὡς
3604 508 3768 580 ἔφην,

534 623 694 672 cere;
728 607 993 677 virginum
1037 621 1166 661 vero
1207 607 1459 676 exiguum
1510 604 1666 674 plane
1697 618 2010 664 numerum,
2048 602 2095 657 si

536 703 656 770 ejus
695 714 817 753 cum
859 697 1091 752 aliorum
1134 697 1418 751 innumera
1453 693 1798 750 multitudine
1826 694 1966 748 ratio
1999 693 2094 748 ha-

536 793 726 849 bentur

606 980 728 1035 Haec
747 995 888 1044 mea,
922 995 954 1033 ο
976 980 1157 1045 Arete,
1189 981 1255 1036 de
1283 982 1615 1052 virginitate,
1648 981 1743 1045 ait,
1767 983 1941 1035 oratio
1961 989 2042 1036 est
2075 1001 2089 1036 :

532 1072 586 1128 in
618 1088 722 1143 qua
765 1071 812 1126 si
862 1071 990 1142 quid
1033 1073 1212 1134 omisi,
1247 1075 1512 1143 suppleat,
1543 1073 1635 1127 cui
1678 1073 1976 1144 lampadem
2012 1073 2094 1127 dio

532 1174 697 1220 ctura:
728 1163 904 1229 trado,
936 1163 1255 1235 Tthphila.

969 1409 1424 1504 ORATIO
1520 1412 1654 1500 ΙΙ.

1111 1577 1517 1637 THEOPHILA.

2201 597 2293 649 ἐπὶ
2328 596 2425 666 μὲν
2455 595 2562 648 τῶν
2593 594 2764 648 ἀλλων
2795 595 2963 663 ἁγίων
2998 597 3154 649 αὐτὸν
3183 597 3389 666 πληθὺν
3415 599 3616 667 ἄφατον
3645 603 3770 653 εἰσ-

2201 687 2353 757 άγειν
2371 705 2382 717 ·
2415 687 2505 740 ἐπὶ
2534 687 2590 740 δὲ
2617 687 2722 741 τῶν
2748 689 2804 740 ὲν
2844 688 3110 760 παρθενίᾳ
3150 689 3481 760 βραχύτατον
3505 690 3771 762 ἀριθμὸν,

2199 781 2275 845 ὡς
2305 780 2440 851 πρὸς
2467 779 2751 853 σύγκρισιν
2770 780 2877 834 τῶν
2908 783 2987 844 εἰς
3018 780 3384 854 ἀναρίθμητον
3411 781 3608 854 πλῆθος
3641 799 3774 835 συν-

2199 870 2513 926 τελούντων.

2273 978 2460 1052 Οὗτος,
2489 981 2534 1042 ὧ
2584 989 2794 1061 Ἀρετὴ,
2824 991 2853 1043 6
2886 991 3014 1061 παρ’
3051 989 3183 1060 ἐμοῦ
3213 1008 3290 1043 σοι
3315 1006 3443 1060 περι
3470 987 3772 1060 παρθενίας

2199 1077 2372 1148 λόγος.
2403 1080 2466 1134 Εἰ
2511 1081 2567 1134 δέ
2593 1100 2644 1135 τι
2672 1082 2992 1153 παρέλιπον,
3025 1082 3422 1154 ἀποπληρούτω
3443 1081 3770 1152 διαδεξαμέ-

2198 1189 2262 1244 νη
2299 1190 2364 1243 με
2384 1173 2634 1244 Θεοφίλα.

2718 1426 3078 1514 ΛΟΓΟΣ
3139 1431 3244 1513 Β.
3343 1365 3345 1367 ’

2823 1591 3128 1644 ΘΕΟΦΙΛΑ.

1405 1771 1528 1826 CAP.
1556 1769 1594 1825 Ι.
1623 1770 1744 1828 Non
1767 1774 1990 1831 sublime
2014 1776 2228 1847 neptim,
2262 1777 2576 1850 uirginitatis
2609 1776 2888 1845 praeconio.

607 1901 667 1956 In
707 1901 792 1956 his
825 1903 1008 1973 itaque
1027 1919 1230 1960 exorsa
1279 1903 1577 1977 TheOphila
1605 1915 1708 1964 est.
1743 1909 2093 1983 Quandoqui-

2264 1916 2449 1968 Εἰπεῖν
2479 1910 2571 1968 οὖν
2599 1913 2702 1985 ἔφη
2734 1912 2832 1984 τὴν
2857 1910 3266 1979 Θεοφίλαν.”οτι
3292 1911 3440 1965 δοκεῖ
3468 1928 3556 1982 μοι
3585 1911 3763 1980 ἀναγ-

537 1992 659 2047 dem
699 2010 860 2063 quam
903 1993 1157 2051 Marcella
1189 1996 1325 2052 bene
1358 2007 1598 2068 coeperat
1623 2002 1947 2068 orationem,
1982 2021 2092 2059 non

535 2084 863 2141 sufﬁcienter
913 2088 1164 2153 absolvit,
1209 2103 1386 2160 operte
1423 2093 1655 2161 pretium
1713 2094 1988 2162 exiStimo,
2035 2106 2096 2151 ut

535 2178 692 2233 finem
717 2181 954 2234 sermoni
985 2180 1264 2250 imponere
1284 2189 1549 2253 satagam.
1584 2183 1796 2239 Etenim
1827 2186 1894 2240 ad
1927 2189 2095 2257 virgi-

531 2272 753 2326 nitatem
803 2287 900 2341 per
947 2271 1230 2327 intervalla
1289 2272 1590 2342 profecisse
1647 2275 1940 2342 hominem,
1985 2278 2095 2333 Deo

530 2364 682 2417 illum
736 2365 903 2418 certis
956 2364 1168 2420 vicibus
1209 2371 1371 2434 atque
1420 2367 1679 2436 gradibus
1717 2379 2092 2438 promovente,

531 2454 792 2524 praeclare
839 2454 973 2508 mihi
1030 2455 1367 2526 disputatum
1418 2468 1677 2527 apparet;
1723 2459 1866 2530 quod
1916 2470 2094 2517 autem

534 2546 737 2609 intulit,
769 2561 880 2601 non
907 2561 1031 2602 esse
1056 2546 1314 2617 deinceps
1348 2550 1702 2618 procreandis
1743 2551 1930 2607 liberis
1959 2553 2094 2607 dan-

533 2638 656 2691 dam
685 2652 929 2708 operam,
966 2638 1109 2693 haud
1149 2640 1382 2710 probare
1420 2643 1646 2711 possim.
1693 2641 1976 2700 Manifeste
2019 2644 2094 2700 si-

532 2729 750 2799 quidem
786 2745 852 2785 ex
901 2729 1201 2802 Scripturis
1253 2732 1384 2788 mihi
1431 2733 1728 2804 intelligere
1750 2734 1956 2802 videor,
1991 2751 2096 2791 no-

534 2821 704 2876 luisse
729 2819 822 2876 Dei
855 2821 1111 2887 Verbum,
1144 2833 1430 2896 postquam
1475 2826 1839 2897 virginitatem
1891 2829 2095 2884 mundo

535 2913 740 2979 intulit,
759 2914 981 2969 omnino
1007 2915 1271 2986 abrogare
1291 2917 1624 2987 conjugium.
1649 2917 1768 2973 Non
1793 2919 1938 2975 enim
1967 2936 2099 2990 quo-

531 3009 678 3062 niam
719 3005 994 3063 sideribus
1042 3007 1166 3062 luna
1213 3008 1388 3079 major
1419 3019 1524 3074 est,
1556 3012 1815 3066 continuo
1869 3020 2095 3068 caetera-

535 3114 658 3153 rum
693 3099 971 3154 stellarum
1003 3099 1184 3154 lumen
1213 3101 1597 3173 exstinguitur.

604 3211 935 3282 incipiamus
986 3222 1165 3269 autem
1216 3227 1245 3267 a
1304 3213 1522 3282 Genesi,
1581 3222 1640 3268 ut
1701 3215 2094 3284 antiquissima:

534 3303 834 3375 Scriptum
877 3319 1036 3358 suum
1097 3305 1306 3360 ordinis
1358 3309 1652 3376 primatum
1724 3308 2090 3377 assignemus.

528 3393 779 3451 Profecto
809 3394 903 3451 Dei
945 3397 1214 3452 sententia
1243 3405 1296 3452 et
1340 3405 1668 3468 praeceptum
1718 3399 1846 3454 illud
1871 3399 1913 3432 ¹⁸
1969 3416 2096 3470 pro-

531 3487 762 3558 pagandi
803 3489 1038 3558 generis,
1063 3490 1224 3544 etiam
1245 3489 1408 3545 hodie
1427 3490 1570 3561 viget
1596 3498 1649 3544 et
1675 3499 1921 3546 servatur
1946 3510 1959 3546 :
1985 3491 2095 3548 Deo

527 3578 824 3633 etiamnum
875 3579 1110 3635 hominis
1159 3579 1427 3634 formandi
1485 3579 1692 3650 opifice.
1750 3579 1862 3636 Hoc
1893 3583 2093 3638 etenim

527 3669 688 3740 plane
722 3668 1068 3725 manifestum
1091 3678 1194 3734 est,
1212 3685 1359 3725 nunc
1389 3685 1606 3741 quoque
1635 3671 1781 3727 velut
1810 3672 1986 3742 pictor
2011 3682 2095 3728 ta-

525 3759 744 3824 bellam,
776 3760 856 3814 sic
881 3760 1045 3816 Deum
1093 3762 1353 3817 mundum
1400 3761 1630 3827 efﬁcere,
1659 3764 1738 3817 uti
1771 3779 1902 3819 sane
1929 3767 2092 3820 etiam

527 3848 789 3904 Dominus
811 3851 1017 3916 docuit,
1045 3851 1174 3906 dum
1215 3854 1292 3907 ait
1333 3873 1346 3907 :
1386 3853 1550 3908 Pater
1578 3869 1722 3908 meus
1749 3871 1910 3926 usque
1941 3855 2092 3910 modo

528 3952 776 4010 operatur
794 3945 859 3996 ¹⁹.
889 3942 1087 3998 Verum
1112 3944 1205 3999 ubi
1231 3944 1454 4000 ﬂumina
1483 3961 1706 4002 cursum
1724 3961 1882 4001 suum
1914 3947 2094 4002 absol-

528 4035 726 4096 verint,
777 4049 943 4103 seque
980 4042 1136 4091 vasto
1180 4037 1349 4093 maris
1387 4039 1538 4094 alveo
1582 4038 1949 4106 reddiderint;
1997 4035 2090 4094 ubi

529 4125 710 4181 lumen
754 4142 782 4179 a
827 4127 1062 4183 tenebris
1095 4129 1334 4198 perfecte
1377 4141 1682 4201 separatum
1729 4133 1892 4187 fuerit
1924 4131 2091 4205 (nunc

525 4217 670 4273 enim
709 4217 888 4272 adhuc
943 4218 999 4272 in
1042 4219 1144 4273 ista
1192 4223 1533 4290 separatione
1584 4223 1952 4295 laboramus);
1995 4225 2089 4279 ubi

529 4309 742 4365 fructus
763 4325 893 4364 suos
917 4326 1041 4365 cum
1075 4311 1361 4381 reptilibus
1387 4321 1442 4366 et
1464 4313 1909 4384 quadrupedibus
1929 4315 2090 4371 edere

527 4401 782 4472 deinceps
822 4402 975 4457 arida
1002 4402 1248 4467 desierit,
1281 4410 1335 4458 et
1368 4404 1613 4474 expletus
1641 4406 1746 4460 erit
1787 4407 2089 4475 praefinitus

525 4490 807 4546 hominum
840 4508 1120 4558 numerus,
1153 4501 1287 4548 tunc
1315 4509 1448 4549 sane
1502 4508 1533 4548 a
1580 4497 1889 4564 generando
1919 4497 2088 4551 absti-

2200 2009 2354 2060 καῖον
2397 2001 2556 2069 εῖναι,
2611 2004 2796 2074 ἐπειδὴ
2831 2003 3009 2066 καλῶς
3059 2003 3091 2073 ἡ
3144 2003 3436 2074 Μαρκέλλα
3473 2005 3761 2076 ὁρμήσασα

2195 2097 2286 2150 ἐπὶ
2314 2099 2404 2152 τὸν
2436 2097 2613 2166 λόγον,
2644 2098 2742 2166 οὐχ
2770 2096 2966 2159 ἱκανῶς
2988 2095 3318 2165 ἐπλήρωσεν,
3343 2096 3441 2166 ἐμὲ
3467 2097 3762 2166 πειρᾶσθαι

2193 2191 2344 2252 τέλος
2371 2189 2636 2242 ἐπιθεῖναι
2666 2188 2742 2257 τῷ
2774 2188 2936 2258 λόγῳ.
2958 2187 3029 2240 Τὸ
3059 2188 3196 2257 μετὰ
3225 2188 3332 2258 γάρ
3361 2191 3439 2251 εἰς
3463 2189 3765 2261 παρθενίαν

2196 2284 2261 2333 ὲκ
2289 2279 2605 2351 προϐάσεως
2637 2277 2907 2349 προκόψαι
2934 2279 3025 2330 τὸν
3068 2278 3369 2349 ἄνθρωπον,
3394 2279 3527 2331 Θεοῦ
3552 2296 3765 2350 παρορ-

2199 2373 2466 2442 μήσαντος
2511 2369 2672 2422 αὐτὸν
2719 2368 2859 2422 κατά
2905 2367 3090 2439 καιρὸν
3118 2369 3212 2421 κα)⁵
3255 2369 3462 2439 καιρὸν,
3495 2369 3640 2422 δοκεῖ
3666 2388 3766 2441 μοι

2195 2463 2372 2528 καλῶς
2415 2460 2717 2515 διελέσθαι·
2762 2461 2822 2514 τὸ
2854 2459 2912 2514 δὲ
2947 2459 3137 2530 μηκέτι
3162 2461 3359 2532 χρῆναι
3391 2461 3566 2529 λέγειν
3607 2463 3768 2516 τούν-

2194 2555 2381 2610 τεῦθεν
2408 2556 2761 2623 τεκνογονεῖν,
2793 2553 2853 2606 οὐ
2890 2553 3082 2616 καλῶς.
3104 2553 3242 2622 Ἐγὼ
3275 2553 3381 2626 γὰρ
3412 2553 3768 2624 καθεωρακέ-

2195 2667 2281 2704 ναι
2311 2667 2400 2719 μοι
2427 2649 2568 2703 δοκῶ
2596 2647 2777 2718 σαφῶς
2807 2647 2914 2700 ἀπὸ
2944 2646 3052 2700 τῶν
3072 2646 3326 2716 Γραφῶν,
3355 2648 3434 2700 ὅτι
3463 2647 3764 2718 παρθενίας

2195 2740 2473 2810 ἐλθούσης,
2499 2741 2527 2791 6
2552 2739 2720 2806 Λόγος
2745 2738 2843 2791 οὐκ
2872 2737 3047 2791 ἀνεῖλε
3072 2737 3248 2806 πάντη
3276 2737 3376 2808 τὴν
3394 2737 3757 2805 τεκνογονίαν.

2195 2833 2271 2885 Οὐ
2304 2832 2410 2902 γὰρ
2448 2830 2632 2901 ἐπειδὴ
2662 2829 2770 2884 τῶν
2809 2830 3110 2900 ἀστέρωνὴ
3150 2829 3344 2900 σελήνη
3379 2829 3578 2900 μείζων
3617 2829 3762 2892 ἐστὶ,

2194 2924 2347 2995 παρά
2375 2922 2529 2978 τοῦτο
2559 2921 2666 2975 τῶν
2696 2922 2870 2977 ἄλλων
2917 2923 3161 2994 ἀστέρων
3196 2923 3256 2975 τὸ
3293 2922 3410 2992 φῶς
3435 2924 3754 2992 ἀναιρεῖται.

2280 3211 2591 3285 Ἀρξὼμεθα
2621 3212 2677 3265 δὲ
2706 3212 2811 3266 ἀπὸ
2832 3213 2930 3283 τῆς
2960 3212 3249 3276 Γενέσεως,
3281 3211 3366 3265 ἵνα
3403 3213 3464 3282 δὴ
3491 3230 3585 3267 και
3625 3229 3764 3284 πρε-

2195 3305 2472 3376 σϐεύωμεν
2519 3305 2715 3375 μᾶλλον
2752 3304 2848 3376 τὴν
2877 3306 3118 3376 Γραφήν.
3137 3305 3199 3357 Ἠ
3227 3310 3334 3376 γὰρ
3366 3301 3636 3374 ἀπόφασις
3662 3303 3760 3358 τοῦ

2193 3398 2347 3462 Θεοῦ,
2378 3399 2473 3452 καὶ⁹
2506 3397 2565 3451 τὺ
2593 3398 2864 3469 διάταγμα
2902 3398 2962 3451 τὸ
2999 3399 3090 3451 ἐπὶ
3113 3399 3208 3469 τῆς
3239 3399 3598 3461 τεκνοποιίας,
3628 3400 3764 3469 δμο-

2193 3484 2532 3556 λογουμένως
2562 3485 2720 3556 μέχρι
2753 3486 2846 3539 καὶ¹
2887 3485 2982 3540 νῦν
3025 3487 3465 3558 συμπληροῦται·
3502 3487 3764 3542 πλάσσονο

2187 3592 2283 3636 τος
2314 3575 2402 3628 τὸν
2427 3575 2709 3647 ἄνθρωπον
2733 3575 2813 3628 ἔτι
2833 3575 2924 3628 τοῦ
2955 3575 3303 3648 δημιουργοῦ.
3335 3576 3503 3630 Τοῦτο
3533 3577 3639 3650 γάρ
3663 3579 3762 3630 καὶ

2193 3666 2368 3735 πάντη
2402 3666 2726 3735 καταφανὲς,
2747 3666 2822 3729 ὡς
2851 3667 2958 3737 ἄρα
2981 3665 3070 3719 τὸν
3099 3662 3298 3738 κόσμον
3327 3668 3508 3738 ἀκμὴν
3527 3667 3758 3739 ἐργάζευ

2192 3776 2280 3811 ται
2316 3756 2617 3832 ζωγραφῶν
2649 3761 2676 3811 6
2705 3760 2855 3823 Θεὸς,
2887 3759 3075 3830 ὥσπερ
3102 3759 3165 3829 δὴ
3194 3761 3286 3814 καὶ
3308 3763 3335 3814 6
3359 3760 3562 3831 Κύριος
3585 3760 3759 3813 ἐδίδα-

2193 3848 2301 3915 ξεν,
2340 3851 2484 3917 Ἕως
2508 3849 2637 3918 ἄρτι
2668 3852 2701 3903 ὁ
2724 3850 2922 3918 Πατήρ
2939 3868 3057 3919 μου
3076 3850 3386 3922 ἐργάζεται,
3408 3851 3598 3920 λέγων.
3619 3850 3757 3904 Ἀλλ’

2190 3943 2388 3997 ὁπόταν
2420 3945 2468 3996 οἱ
2503 3943 2736 4014 ποταμοὶ
2768 3942 2867 4014 ἥδη
2893 3942 3235 4014 λωφήσωσιν,
3261 3945 3339 4005 εἰς
3356 3943 3417 3996 τὸ
3439 3943 3537 4013 τῆς
3565 3943 3760 3996 θαλάσ-

2193 4049 2292 4104 σης
2324 4033 2693 4098 εἰσϐάλλοντες
2723 4033 2960 4103 ἀγγεῖον,
2995 4033 3168 4087 καὶτὸ
3202 4033 3317 4103 φῶς
3345 4033 3561 4096 τελείως
3591 4051 3759 4104 χωρι-

2191 4124 2289 4196 σῦῇ
2338 4125 2430 4179 τοῦ
2483 4127 2723 4191 σκότους,
2760 4125 2895 4196 (νῦν
2943 4127 3051 4198 γὰρ
3089 4126 3166 4178 ἔτι
3197 4125 3628 4200 διαχωρίζεταιο)
3661 4123 3759 4178 καὶ

2188 4217 2315 4281 τοὺς
2358 4220 2602 4288 καρποὺς
2648 4217 2784 4288 μετά
2835 4217 2943 4270 τῶν
2991 4217 3232 4290 ἑρπετῶν
3279 4218 3372 4271 καὶ
3411 4216 3761 4289 τετραπόδων

2188 4310 2488 4364 ἀναδιδόναι
2538 4309 2811 4380 παύσηται
2860 4309 3040 4364 λοιπὸν
3068 4313 3100 4381 ὴ
3133 4309 3289 4383 ξηρά,
3318 4311 3411 4363 καὶ
3451 4311 3478 4363 6
3520 4326 3757 4381 προωρι-

2191 4401 2384 4472 σμένος
2413 4400 2521 4456 τῶν
2547 4400 2846 4474 ἀνθρώπων
2871 4401 3100 4472 ἀριθμὸς
3121 4401 3482 4473 ἀναπληρωθῇ
3505 4418 3519 4431 ·
3542 4401 3660 4454 τότε
3689 4402 3754 4473 δὴ

2189 4493 2374 4548 λοιπὸν
2391 4493 2600 4563 καὶτῆς
2614 4493 2953 4556 παιδοποιίας
2975 4495 3256 4562 ἀφεκτέον.
3275 4492 3389 4547 Νῦν
3418 4492 3527 4563 γὰρ
3555 4495 3634 4556 εἰς
3657 4495 3753 4563 τὴν

528 4585 767 4638 nendum
802 4585 928 4640 erit.
959 4583 1116 4640 Nunc
1138 4585 1283 4641 enim
1307 4585 1516 4642 edenda
1550 4585 1639 4641 Dei
1669 4587 1903 4658 imagine
1933 4602 2088 4642 suam

2194 4587 2376 4640 εἰκόνα
2400 4583 2492 4638 τοῦ
2519 4584 2652 4638 Θεοῦ
2683 4585 2772 4638 τὸν
2803 4584 3086 4656 ἄνθρωπον
3111 4586 3318 4655 ἀνάγκη
3350 4588 3648 4656 συνεργεῖν,
3674 4585 3756 4637 ἔτι

525 4676 798 4732 hominem
820 4677 1069 4733 conferre
1102 4693 1322 4749 operam
1365 4693 1593 4733 necesse
1620 4687 1724 4744 est,
1753 4679 1882 4733 dum
1913 4679 2090 4735 adhuc

2194 4674 2520 4738 συνεστῶτος
2561 4674 2655 4727 τοῦ
2709 4675 2913 4746 κόσμου
2957 4675 3052 4729 καὶ
3096 4676 3529 4746 τεκταινομένου.
3559 4675 3753 4739 Αὺξά-

525 4775 633 4821 stat
650 4767 909 4832 mundus,
930 4768 1196 4839 novisque
1217 4769 1458 4839 quotidie
1477 4770 1710 4825 molibus
1739 4770 1858 4840 ejus
1884 4769 2090 4826 fabrica

2194 4770 2366 4821 νεσθε
2400 4767 2528 4839 γὰρ,
2561 4767 2773 4838 ἐλέχθη,
2828 4767 2927 4822 καὶ
2979 4766 3376 4835 πληθύνεσθε.
3410 4767 3519 4819 Καὶ
3551 4767 3610 4819 οὐ
3648 4764 3755 4837 χρὴ

529 4858 876 4928 adimpletur.
933 4859 1186 4926 Crescite,
1229 4861 1396 4925 enim,
1435 4861 1633 4932 inquit,
1664 4871 1713 4916 et
1765 4863 2089 4932 multiplicas

2194 4857 2246 4910 τὸ
2278 4856 2552 4927 διάταγμα
2587 4857 2965 4929 βδελύσσεσθαι
2997 4856 3091 4910 τοῦ
3119 4853 3479 4927 Δημιουργοῦ,
3511 4854 3570 4920 ἐξ
3600 4851 3659 4908 οῦ
3689 4854 3758 4926 δὴ

525 4950 656 5004 mini
671 4951 736 5003 ³⁸.
756 4949 866 5005 Nec
896 4951 977 5007 fas
1005 4961 1089 5007 est
1111 4952 1385 5010 Creatoris
1415 4961 1738 5025 praeceptum
1763 4954 2086 5020 abominari,

2194 4951 2281 5005 καὶ
2308 4952 2464 5005 αὐταὶ
2488 4953 2808 5022 γεγόναμεν.
2827 4950 2991 5022 Ἀρχὴ
3017 4950 3124 5021 γάρ
3161 4949 3423 5018 γενέσεως
3455 4947 3752 5020 ἀνθρώπων

523 5060 589 5098 ex
613 5059 722 5112 quo
752 5045 910 5100 nobis
935 5053 1018 5100 est
1043 5044 1185 5115 quod
1217 5046 1555 5102 exsistimus.
1574 5045 1910 5118 Principium
1941 5047 2086 5101 enim

2194 5045 2217 5114 ἡ
2251 5041 2343 5095 τοῦ
2375 5042 2684 5114 σπέρματος
2709 5045 2787 5105 εἰς
2813 5043 2939 5104 τοὺς
2967 5039 3206 5102 αῠλακας
3230 5039 3328 5110 τῆς
3364 5041 3572 5111 μήτρας
3604 5039 3753 5108 γίνε-

522 5137 891 5206 generationis
939 5137 1220 5191 hominum
1271 5137 1496 5194 seminis
1546 5138 1600 5191 in
1633 5138 1865 5211 genitale
1895 5151 2088 5192 arvum

2194 5153 2272 5188 ται
2307 5134 2597 5205 καταϐολὴ,
2624 5136 2771 5196 ὅπως
2798 5133 2860 5186 τὺ
2885 5135 2947 5186 ὲκ
2976 5132 3082 5185 τῶν
3109 5131 3309 5185 ὀστέων
3346 5132 3554 5198 ὀστοῦν,
3589 5132 3682 5184 καὶ
3719 5133 3756 5202 ἡ

521 5227 783 5282 demissio
809 5235 913 5292 est,
940 5236 1000 5283 ut
1025 5244 1092 5283 ex
1122 5231 1340 5285 ossibus
1367 5245 1430 5285 os
1459 5237 1512 5284 et
1541 5246 1606 5286 ex
1635 5245 1802 5285 carne
1833 5245 1985 5294 caro,
2005 5244 2088 5284 ar-

2194 5229 2250 5280 ὲκ
2291 5228 2389 5298 τῆς
2433 5226 2635 5297 σαρκὸς
2677 5225 2813 5298 σὰρξ
2861 5225 3044 5295 ἕτερος
3093 5223 3378 5296 ἄνθρωπος
3407 5224 3623 5296 ἀοράτῳ
3653 5222 3754 5293 λη-

521 5332 656 5372 cana
675 5319 725 5370 vi
751 5317 1058 5389 desumpta.
1081 5319 1134 5373 in
1156 5321 1384 5376 alterum
1411 5335 1601 5376 rursus
1634 5321 1908 5376 hominem
1941 5322 2090 5391 ejus-

2194 5319 2387 5388 ερθέντα
2423 5319 2647 5390 δυνάμει
2696 5318 2858 5372 πάλιν
2908 5318 3015 5370 ἀπὸ
3058 5318 3153 5371 τοῦ
3204 5317 3368 5372 αὐτοῦ
3398 5320 3636 5388 τεχνίτου
3659 5318 3756 5389 δη-

522 5409 643 5462 dem
673 5406 896 5464 artificis
923 5423 1087 5480 opera
1116 5410 1443 5464 condantur.
1478 5409 1568 5465 Sic
1591 5411 1735 5466 enim
1760 5411 1970 5482 impleri
1992 5426 2086 5480 pu-

2194 5411 2582 5483 μιουργηθῶσι.
2610 5411 2792 5483 Ταύτῃ
2842 5409 2949 5482 γάρ
2997 5411 3208 5480 ἐκείνην
3239 5410 3466 5480 ἡγητέον
3514 5408 3754 5480 πληροῦο

519 5502 743 5558 tandum
770 5520 888 5558 eam
915 5507 1242 5560 sententiam
1279 5524 1292 5559 :
1329 5504 1443 5558 Hoc
1491 5520 1627 5559 nunc
1680 5522 1736 5559 os
1764 5519 1828 5558 ea:
1879 5505 2084 5558 ossibus

2194 5504 2310 5558 σθαι
2338 5506 2435 5576 τὴν
2466 5506 2666 5575 φωνήν·
2703 5504 2880 5560 Τοῦτο
2901 5502 3015 5557 νῦν
3045 5503 3268 5558 ὀστοῦν
3293 5503 3360 5557 ἐκ
3384 5503 3501 5557 τῶν
3527 5500 3759 5556 ὀστέων

521 5597 666 5661 meis,
696 5609 744 5652 et
774 5616 897 5654 caro
921 5599 986 5653 de
1006 5615 1164 5652 carne
1186 5615 1300 5652 mea
1322 5599 1388 5652 ²¹.

2194 5615 2321 5668 μου,
2352 5596 2450 5650 καὶ
2480 5595 2634 5664 σὰρξ
2655 5597 2723 5651 ἐκ
2744 5595 2853 5666 τῆς
2873 5597 3102 5666 σαρκός
3118 5613 3256 5667 μου.

595 5799 636 5830 ¹⁸
660 5797 786 5853 Gen.
825 5819 863 5867 ι,
892 5802 982 5858 Ξ8.
1064 5805 1105 5836 ¹⁹
1131 5801 1292 5859 Joan.
1326 5819 1380 5870 ν,
1412 5803 1500 5860 l7.
1576 5805 1622 5835 ¹⁰
1655 5802 1781 5860 Gen.
1817 5818 1855 5869 l,
1885 5802 1976 5860 28.
2053 5804 2093 5835 ²¹

2195 5820 2264 5858 ητ.
2301 5819 2360 5871 ιι,
2395 5802 2488 5860 25.
