4056 6302
239 395 313 451 49
1331 390 1716 451 CONVIVIUM
1756 393 1985 450 DECEM
2029 393 2392 454 VIRGINUM.
3410 395 3478 452 50

237 524 367 580 CAP.
386 523 452 578 ll.
481 524 785 592 Generatio,
816 526 1000 598 afﬁnis
1024 527 1212 597 prima
1239 522 1366 583 Eva;
1392 543 1462 583 ex
1484 538 1635 585 costa
1669 539 1717 583 et
1752 545 1863 584 osse
1889 530 2022 614 ᾼιίιε
2053 532 2385 603 formationi.
2425 531 2561 588 Deus
2583 534 2850 588 hominum
2877 533 3120 590 conditor
3152 537 3203 590 in
3226 550 3476 593 consueta

1684 612 2037 671 generatione.

191 700 197 706 ’
311 711 483 765 Τοῦτο
513 711 623 784 γὰρ
652 714 785 776 ἴσως
817 713 1063 784 ᾐνίσσετο
1112 715 1207 767 καὶ
1252 716 1285 786 ἡ
1335 716 1472 787 μετά
1519 716 1608 771 τὸν
1648 717 1808 773 ὖπνον

1987 718 2049 774 id
2098 719 2244 773 enim
2298 717 2528 774 forsitan
2576 718 2839 776 innuehat
2897 719 2991 774 illa
3040 734 3137 791 per
3203 719 3475 777 somnium

233 799 498 867 fixuram;
547 802 899 875 ὲπιόληθεῖσα
938 803 1015 876 τῷ
1059 804 1485 877 πρωτοπλάστῳ,
1523 807 1813 879 προδιατυ-

234 899 488 968 ’.τουμένη
529 896 627 969 τὴν
654 897 747 950 ἐπὶ
791 896 893 967 τῆς
928 896 1243 969 φιλοτησίας
1274 897 1447 965 θέλξιν
1478 899 1572 954 τοῦ
1600 899 1810 972 ἀνδρὸς,

236 990 404 1045 ὁπότε
456 989 687 1062 διψήσας
733 989 937 1044 τέκνων
984 989 1279 1055 ἐξίσταται,
1304 992 1424 1054 ταῖς
1475 991 1812 1061 παιδογόνοις

239 1083 601 1155 θηλυνόμενος
644 1084 765 1138 καθ’
798 1083 962 1137 ὕπνον
1005 1083 1239 1154 ἡδοναῖς,
1275 1083 1361 1137 ἵνα
1413 1083 1575 1137 πάλιν
1602 1100 1679 1148 τι,
1704 1083 1814 1137 ἀπὸ

234 1173 351 1228 τῶν
380 1173 554 1226 ὀστῶν
575 1173 737 1227 αὑτοῦ
763 1175 856 1227 καὶ
882 1173 982 1245 τῆς
1009 1173 1207 1245 σαρκὸς
1233 1173 1600 1238 ἀποσπασθὲν,
1631 1174 1813 1246 ἕτερος

237 1264 545 1339 ἄνθρωπος,
575 1266 651 1329 ὡς
702 1264 858 1336 ἔφην,
901 1265 1288 1338 ἀναπληρωθῇ.
1307 1266 1837 1338 Ἐκταρασσομένης,

237 1358 352 1430 γὰρ
385 1359 483 1430 τῆς
512 1358 776 1431 ἁρμονίας
799 1357 905 1411 τῶν
933 1357 1200 1428 σωμάτων
1237 1360 1295 1413 ἐν
1321 1361 1434 1423 τοῖς
1461 1358 1602 1414 κατά
1626 1378 1813 1414 συνου-

239 1449 363 1504 σίαν
407 1449 732 1523 ἐρεθισμοῖς,
768 1450 843 1513 ὡς
887 1452 938 1505 οἰ
986 1451 1360 1524 τετελεσμένοι
1405 1452 1504 1524 τὴν
1543 1453 1843 1524 γαμήλιον.

235 1542 389 1611 ἡμᾶς
417 1541 726 1596 διδάσκουσι
757 1543 998 1615 τελετὴν,
1030 1546 1138 1599 πᾶν
1163 1545 1224 1599 τὸ
1247 1545 1518 1617 μυελῶδες
1535 1544 1629 1599 τοῦ
1652 1546 1812 1618 αἵμα-

236 1650 329 1697 τος
383 1634 475 1687 καὶ
517 1634 904 1707 γονιμώτατον,
934 1638 1070 1709 ὅπερ
1104 1639 1249 1692 ἐστὶν
1295 1639 1459 1711 ὑγρὸν
1505 1639 1715 1706 ὀστοῦν,
1747 1642 1843 1696 ἐκ,

236 1725 454 1780 πάντων
485 1728 936 1802 ἐπαθροιξόμενον
962 1729 1070 1784 τῶν
1096 1730 1293 1801 μελῶν,
1317 1732 1690 1803 ἀφροποιῆσαν
1716 1732 1810 1786 καὶ
1833 1766 1837 1769 -

233 1819 573 1891 θρομ6ωθὲν,
602 1822 691 1877 διὰ
722 1822 830 1877 τῶν
858 1822 1192 1892 παιδογόνων
1221 1826 1300 1888 εἰς
1322 1819 1682 1897 τὴνέμψυχον
1710 1827 1809 1898 τῆς

1912 811 2088 882 primo
2120 810 2325 865 homini
2348 810 2547 881 injecta
2575 811 2831 875 exstasis,
2875 810 2981 866 viri
3012 811 3155 866 inter
3181 813 3476 868 muliebres

1914 902 2194 973 amplexus
2217 902 2574 958 mulcedinem
2598 903 2745 958 illam
2780 904 3156 976 praeﬁgurans,
3186 920 3311 960 cum
3337 906 3477 962 libe-

1912 1011 2097 1051 rorum
2129 995 2320 1052 sitiens
2351 1011 2381 1049 a
2439 1011 2498 1051 se
2529 997 2689 1066 quasi
2745 995 2980 1064 excedit,
3026 996 3351 1068 genitalibus
3379 1014 3479 1070 per

1910 1101 2161 1142 somnum
2188 1085 2529 1142 effeminatus
2556 1085 2786 1151 deliciis,
2815 1093 2875 1141 ut
2902 1103 3122 1143 rursum
3149 1088 3219 1145 ab
3239 1089 3359 1160 ejus
3382 1105 3482 1147 os-

1912 1178 2065 1234 sibus
2102 1186 2156 1233 et
2188 1193 2353 1233 carne
2382 1178 2671 1248 decerptus
2726 1178 3124 1251 delibatusque,
3182 1181 3343 1248 alius,
3395 1185 3476 1239 uti

1911 1275 2179 1339 dicebam,
2207 1274 2369 1329 homo
2394 1273 2700 1344 impleatur.
2734 1272 2971 1331 Turbata
3002 1275 3148 1331 enim
3186 1292 3476 1348 corporum

1909 1367 2195 1423 harmonia
2217 1367 2620 1424 titillationibus
2648 1368 2847 1431 coitus,
2879 1369 2960 1422 uti
3006 1383 3107 1424 nos
3136 1367 3356 1434 docent,
3381 1369 3477 1438 qui

1910 1462 2326 1532 opus°maritale
2354 1464 2561 1532 experti
2615 1471 2781 1527 sunt,
2814 1462 3117 1521 medullosa
3156 1476 3384 1533 quaeque
3410 1476 3476 1516 ac

1908 1552 2153 1624 proliﬁca
2210 1568 2338 1623 pars
2368 1554 2674 1624 sanguinis,
2711 1553 2856 1624 quod
2898 1568 2962 1608 os
3002 1551 3276 1625 quoddam
3307 1551 3473 1623 liqui-

1909 1644 2039 1700 dum
2067 1652 2183 1713 est,
2207 1661 2273 1701 ex
2300 1645 2518 1701 cunctis
2545 1654 2735 1700 coacta
2763 1646 3043 1712 membris,
3062 1659 3322 1717 spumoso
3348 1660 3478 1701 coa-

1909 1736 2035 1809 gulo
2060 1751 2443 1800 concrescens,
2506 1752 2603 1808 per
2635 1738 2913 1794 naturales
2946 1744 3157 1793 meatus
3190 1737 3246 1791 in
3297 1737 3476 1793 vivam

1910 1826 2123 1881 feminae
2154 1825 2375 1880 humum
2392 1826 2685 1896 expluitur.
2705 1824 2893 1881 Merito
2911 1834 3132 1896 propter
3154 1828 3256 1879 hoc
3270 1824 3478 1880 dictum

233 1910 455 1983 θηλείας
496 1913 706 1980 ὲξύεται
739 1915 861 1985 γῆν.
885 1916 1124 1981 Εἰκότως
1156 1917 1264 1988 ἄρα
1288 1917 1471 1970 ἕνεκεν
1496 1917 1685 1970 τούτου
1713 1936 1808 1971 κα-

1909 1928 2011 1983 est,
2047 1918 2432 1973 derelicturum
2456 1918 2727 1972 hominem
2754 1926 2958 1988 patrem
2985 1925 3039 1972 et
3061 1928 3308 1982 matrem,
3339 1932 3479 1973 cun-

230 2005 479 2060 ταλιπεῖν
517 2007 766 2061 λέλεκται
793 2009 885 2064 τὸν
913 2009 1122 2081 πατέρα
1151 2010 1246 2063 καὶ¹
1277 2009 1377 2082 τὴν
1425 2009 1657 2082 μητέρα,
1689 2010 1808 2063 τότε

1911 2012 2014 2066 ctis
2043 2019 2263 2079 repente
2290 2026 2385 2080 per
2411 2010 2527 2065 haec
2589 2010 2874 2064 intervalla
2901 2011 3160 2066 memoria
3213 2011 3476 2067 clabenti-

233 2098 451 2152 πάντων
482 2097 693 2172 ἀθρόως
717 2100 1128 2172 ἀμνημονήσας,
1156 2100 1243 2152 ὅτε
1270 2099 1640 2172 φιλοστόργοις
1663 2100 1808 2153 ἑνού-

1912 2100 2036 2165 bus,
2082 2102 2209 2155 dum
2263 2099 3272 2172 conjugalibnsniulieriagglutinatus
3323 2117 3478 2158 com-

234 2205 392 2261 μενος
413 2192 479 2262 τῇ
509 2192 727 2259 γυναικὶ
758 2191 1117 2263 συμπλοκαῖς,
1150 2192 1378 2263 κάτοχος
1405 2194 1696 2264 ἐπιθυμίας
1716 2193 1802 2262 γία

1908 2193 2178 2264 plexihus.
2203 2192 2454 2264 genitalis
2484 2190 2925 2263 imposlihidinis
2944 2192 3123 2247 evadit
3145 2212 3158 2247 :
3185 2195 3479 2251 tollendam

234 2298 379 2335 νεται
414 2283 755 2355 γεννητικῆς,
785 2284 1042 2356 παρέχων
1077 2284 1423 2355 ἀφαιρεῖσθαι
1451 2286 1528 2357 τῷ
1550 2286 1678 2357 θείῳ
1705 2285 1804 2360 τὴν

1905 2286 2113 2335 costam
2133 2280 2321 2335 divino
2363 2281 2611 2351 praibens
2641 2278 2855 2346 artiﬁci,
2886 2288 2945 2334 ut
2968 2297 3030 2336 ex
3054 2281 3167 2337 [ilio
3185 2283 3325 2339 idem
3349 2301 3481 2341 rur-

232 2372 471 2445 πλευρὰν
502 2374 838 2449 δημιουργῷ,
877 2379 1026 2443 ὅπως
1051 2378 1109 2447 ἐξ
1140 2379 1256 2434 υἱοῦ
1290 2380 1355 2453 δὴ
1387 2382 1483 2435 καὶ
1508 2381 1668 2445 αὐτὸς
1694 2398 1803 2435 πα-

1905 2388 2000 2429 sus
2029 2378 2180 2443 pater
2198 2371 2447 2428 exsistat.

234 2463 336 2536 τὴρ
366 2466 529 2519 πάλιν
552 2470 781 2540 ὲκφανῇ.

308 2556 516 2610 Οὐκοῦν
541 2559 705 2612 εἰσέτι
739 2559 1066 2626 πλάσσοντος
1108 2564 1204 2616 καὶ
1244 2562 1339 2618 νῦν
1389 2562 1453 2634 δὴ
1484 2562 1574 2616 τὸν
1599 2563 1803 2636 ἀνθρω-

1974 2555 2359 2624 Quamonrem,
2389 2556 2499 2613 Deo
2526 2557 2822 2613 etiamnum
2849 2558 3094 2630 quotidie
3125 2574 3221 2630 per
3260 2561 3480 2632 nuptia-

238 2663 337 2700 πον
360 2647 453 2701 τοῦ
479 2648 635 2715 Θεοῦ,
673 2650 790 2714 πῶς
811 2652 870 2704 οὐ
898 2652 1165 2725 τολμηρὸν
1205 2654 1266 2707 τὸ
1297 2653 1683 2725 βδελύσσεσθαι
1706 2657 1808 2728 τὴν

1905 2649 2011 2705 lem
2034 2650 2303 2720 ejusmodi
2324 2664 2679 2721 congressum
2704 2651 2978 2706 hominem
3012 2650 3299 2719 formante,
3337 2669 3479 2729 quo-

236 2739 606 2812 παιδουργίαν,
633 2743 699 2812 ἢν
729 2744 891 2808 αὐτὸς
918 2745 1016 2799 οὐκ
1042 2745 1424 2817 ἐπαισχύνεται
1467 2751 1584 2813 ταῖς
1613 2749 1817 2821 ἀμιάν--

232 2847 341 2896 τοις
382 2832 411 2885 ό
451 2834 851 2911 Παντοκράτωρ
900 2837 1267 2910 ἐργαζόμενος
1314 2840 1505 2912 χερσί;
1548 2841 1667 2910 Πρὸ
1698 2843 1806 2898 τοῦ

231 2923 337 2996 γάρ
372 2944 448 2994 με
484 2927 712 2982 πλάσαι
748 2945 824 2984 σε
850 2930 921 2985 ἐν
959 2931 1176 2998 κοιλίᾳ,
1225 2932 1548 3002 ἐπίσταμαί
1582 2951 1686 3001 σε,
1728 2934 1810 3007 τῷ,

243 3016 480 3091 Ἱερεμίᾳ
514 3023 661 3092 φησί.
697 3021 787 3094 Τῷ
806 3023 864 3077 δὲ
904 3024 1024 3080 Ἰώὸ
1048 3042 1061 3056 ⁸
1094 3024 1192 3095 Μὴ
1217 3026 1322 3094 σὺ,
1358 3026 1563 3082 λαϐὼν
1581 3028 1820 3097 πηλὸν,

227 3110 505 3177 ἔπλασας
529 3109 695 3176 ζῶον,
718 3113 818 3167 καὶ
848 3116 1118 3184 λαλητὸν
1149 3116 1296 3171 αὐτὸ
1335 3117 1653 3187 ἐποίησας,
1674 3117 1801 3188 ἔφη,

230 3201 323 3254 ἐπὶ
351 3201 648 3273 τῆςιγῆω
675 3206 786 3259 Καὶ
824 3207 852 3260 ὁ
889 3205 1007 3260 Ἰὼϐ
1046 3207 1182 3279 πρὸς
1211 3208 1370 3262 αὐτὸν
1398 3208 1663 3273 εὖκτικῶς
1693 3208 1803 3280 (28)

235 3292 472 3364 φέρεται,
501 3296 674 3365 λέγων
700 3299 789 3351 τό·
818 3302 886 3353 Αἰ
907 3300 1103 3369 χεῖρές
1123 3315 1238 3355 σου
1267 3300 1564 3370 ἐποίησάν
1586 3318 1684 3372 με,
1704 3302 1804 3356 καὶ

234 3382 506 3440 ἐπνίασάν
555 3406 652 3458 με.
689 3388 814 3453 Πῶς
865 3388 922 3442 δὲ
976 3391 1077 3444 οὐκ
1122 3391 1319 3446 ἄτοπον
1351 3392 1431 3458 τὸ,
1465 3392 1806 3464 ἀπαγορεύε-

1902 2741 2068 2796 modo
2100 2756 2210 2796 non
2233 2741 2584 2798 temerarium
2640 2742 2807 2798 fuerit
2833 2743 3135 2800 abominari
3182 2744 3475 2800 liberorum

1905 2835 2361 2907 procreationem,
2413 2835 2503 2890 cui
2556 2849 2686 2891 suas
2746 2835 3124 2894 immaculatas
3169 2836 3478 2905 immiscere

1906 2944 2101 2983 manus
2121 2928 2470 2998 omnipotens
2494 2927 2723 2983 Greater
2748 2926 2891 2982 haud
2924 2926 3244 2983 indecorum
3274 2927 3437 2983 ducat
3453 2927 3480 2980 ‘.'

1906 3018 2226 3092 Priusquam
2264 3022 2452 3085 enim,
2498 3020 2706 3090 inquit,
2756 3019 3042 3090 formarem
3096 3030 3144 3075 te
3194 3021 3250 3074 in
3305 3030 3474 3088 utero,

1905 3115 2023 3167 novi
2052 3122 2119 3178 te,
2153 3111 2443 3169 Jeremiam
2470 3113 2751 3183 alloquens
2773 3115 2839 3167 ”.
2856 3111 2923 3167 Et
2953 3112 3090 3169 Jobo
3116 3114 3288 3169 ait":
3321 3098 3477 3166 Nunc

1904 3205 2028 3276 quid
2060 3217 2117 3259 tu
2155 3205 2511 3275 acceptolimo
2544 3205 2790 3276 eﬁinxisti
2831 3205 3052 3268 animal.
3105 3218 3154 3260 et
3189 3206 3363 3261 vocale
3402 3205 3474 3261 il—

1905 3295 1996 3350 lud
2030 3296 2202 3366 fecisti
2228 3313 2383 3366 super
2413 3300 2649 3353 terram?
2701 3296 2872 3353 Johns
2916 3306 3097 3353 autem
3145 3305 3336 3353 contra
3364 3297 3478 3354 Deo

1905 3389 2130 3460 supplex
2166 3390 2397 3454 accedit,
2428 3388 2617 3445 dicens
2646 3375 2744 3443 ’ές
2775 3388 2968 3444 Manus
2994 3398 3100 3444 tua:
3119 3389 3350 3459 fecerunt
3372 3404 3474 3452 me,

239 3474 356 3530 σθαι
405 3480 596 3550 γάμων
641 3481 978 3550 συναλλαγὰς
1001 3523 1015 3547 ,
1072 3484 1539 3556 προσδοκωμένων
1584 3485 1665 3537 ἐτι
1709 3485 1803 3540 καὶ

1905 3494 1953 3538 et
1988 3485 2381 3552 plasmaverunt
2410 3500 2510 3539 me.
2544 3482 2829 3553 Quomodo
2874 3497 3003 3538 vero
3041 3497 3150 3538 non
3177 3481 3475 3538 absurdum

239 3566 351 3638 μεθ’
378 3571 525 3640 ἡμᾶς
553 3570 768 3625 ἔσεσθαι
809 3573 1119 3646 μαρτύρων,
1153 3576 1246 3629 καὶ
1267 3575 1376 3629 τῶν
1405 3575 1802 3646 ἀντιτασσομέ-

235 3674 337 3712 νων
363 3661 438 3732 τῷ
479 3663 720 3735 πονηρῷ,
746 3665 814 3718 δι’
845 3664 938 3731 οὓς
978 3666 1045 3737 δὴ
1073 3667 1168 3720 καὶ
1209 3665 1307 3731 τὰς
1340 3667 1555 3739 ἡμέρας
1581 3669 1611 3721 ό
1647 3665 1804 3735 λόγος

236 3751 590 3821 ἐπηγγείλατο
642 3755 1140 3828 κολοὸωθήσεσθαι;
1191 3760 1250 3812 Εἰ
1298 3758 1407 3832 γὰρ
1451 3759 1673 3830 φαῦλον,
1725 3761 1803 3824 ὡς

236 3840 386 3913 ἔφης,
419 3844 749 3899 ἀπντεῦθεν
795 3848 1104 3918 νενόμισται
1135 3849 1213 3920 τῷ
1240 3850 1358 3921 Θεῷ
1402 3850 1469 3904 τὸ
1510 3852 1803 3907 παιδοσπο-

239 3936 365 4004 ρείν,
397 3936 462 3989 δι’
490 3938 557 4009 ἣν
599 3939 777 3992 αἰτίαν
807 3940 857 3992 οἰ
898 3939 1049 4011 παρά
1085 3940 1262 4012 δόγμα
1296 3943 1550 4014 φυόμενοι
1578 3945 1673 3998 καὶ
1701 3943 1801 4017 τὴν

240 4024 421 4100 βουλὴν
452 4031 550 4102 τὴν
597 4028 765 4096 θείαν,
795 4033 1077 4103 εὐάρεστοι
1105 4034 1419 4105 δυνήσονται
1453 4036 1800 4108 παραστῆναι

237 4119 310 4191 τῷ
351 4122 496 4195 Θεῷ;
542 4124 610 4179 Ἢ
642 4126 758 4190 πῶς
787 4127 887 4180 οὐκ
918 4127 1130 4200 ἀνάγκη
1183 4123 1324 4182 εἶναι
1363 4128 1630 4201 κίϐδηλον,
1666 4127 1803 4184 ἀλλά

242 4211 313 4285 μὴ
338 4213 559 4286 θεοφυὲς
591 4217 703 4287 (29)
729 4218 791 4272 τὸ
814 4219 1025 4291 τεχθὲν,
1060 4222 1110 4273 εἰ
1133 4219 1295 4289 παρὰ
1320 4221 1420 4292 τὴν
1451 4218 1677 4292 γνώμην
1705 4221 1800 4275 καὶ

240 4305 297 4359 τὸ
331 4307 595 4384 διάταγμα
627 4311 784 4385 δίκην
820 4314 1327 4386 παρὰχαρὰγματος
1366 4314 1664 4370 πλάσσεται
1699 4299 1802 4386 τῆς

239 4393 536 4471 δυνάμεως;
569 4402 659 4457 ἵνα
711 4404 776 4478 δὴ
833 4405 929 4459 καὶ
970 4405 1279 4479 ἀνθρώποις
1326 4405 1587 4461 δύνασθαι
1615 4406 1797 4478 δῶμεν

241 4489 331 4545 ἀνθ
339 4498 759 4565 ρωποπλαστεῖν.
1126 4515 1139 4530 ·

1909 3573 2074 3629 fuerit
2096 3574 2385 3643 prohibere
2416 3588 2747 3644 congressus
2775 3571 3067 3643 nuptiales,
3121 3586 3247 3627 cum
3278 3585 3475 3641 exspe-

1908 3673 2127 3721 ctentur
2157 3667 2325 3722 etiam
2346 3674 2470 3736 post
2498 3680 2604 3723 nos
2649 3664 2819 3720 futuri
2841 3670 3131 3735 martyres,
3173 3670 3229 3717 et
3255 3661 3349 3732 qui
3382 3676 3479 3718 ne-

1908 3757 2175 3829 quissimo
2201 3756 2447 3813 restituri
2501 3764 2650 3822 sunt,
2707 3755 2783 3811 ob
2817 3769 2958 3824 quos
3006 3754 3171 3809 etiam
3233 3752 3481 3809 breviati-

1907 3851 2007 3907 dos
2036 3850 2152 3906 dies
2173 3850 2296 3906 illos
2320 3849 2592 3919 pollicitus
2608 3856 2694 3905 est
2717 3847 2937 3903 divinus
2957 3860 3138 3902 sermo
3156 3846 3227 3900 ”?
3251 3843 3406 3913 Quod
3429 3847 3477 3901 si

1906 3939 2130 4005 malum,
2155 3946 2215 3993 ut
2238 3938 2451 4004 aiebas,
2480 3953 2547 3993 ex
2591 3938 2696 3996 hoc
2721 3944 2966 4008 tempore
2997 3934 3108 3992 Deo
3151 3936 3326 3993 visum
3367 3946 3475 4001 est,

1905 4031 2092 4088 liberis
2110 4047 2331 4103 operam
2348 4031 2497 4094 dare.
2519 4045 2627 4101 quo
2650 4037 2810 4100 pacto
2838 4029 2916 4084 illi
2929 4044 3069 4100 quos
3086 4027 3299 4085 futuros
3313 4025 3478 4084 Chri-

1905 4128 2025 4177 stus
2054 4121 2323 4192 praedixit,
2378 4126 2647 4192 martyres
2668 4127 2724 4174 et
2745 4119 2943 4184 sancti,
2994 4126 3189 4175 contra
3218 4117 3315 4175 Dei
3339 4117 3478 4176 adeo

1907 4212 2165 4284 placitum
2193 4225 2249 4271 et
2284 4215 2616 4271 voluntatem
2640 4215 2778 4280 nati,
2839 4229 3013 4285 usque
3037 4215 3088 4270 ei
3118 4213 3272 4269 chari
3301 4221 3356 4269 et
3382 4228 3477 4270 ac-

1905 4307 2048 4377 cepti
2084 4321 2208 4363 esse
2269 4308 2563 4377 poterunt?
2589 4307 2699 4362 Aut
2752 4307 3027 4378 quomodo
3053 4323 3163 4364 non
3212 4307 3476 4378 plagiaria

1902 4398 2090 4455 nescio
2123 4413 2229 4469 qua
2258 4399 2606 4470 suppositum
2640 4407 2760 4456 arte
2808 4414 2874 4456 ac
2925 4414 3118 4463 manu,
3150 4414 3260 4454 non
3285 4398 3474 4454 divina

1900 4492 2113 4549 satione
2133 4498 2318 4547 natum
2346 4490 2481 4546 illud
2508 4489 2877 4562 quodcunque
2902 4489 3060 4547 fateri
3105 4504 3331 4555 necesse
3361 4499 3468 4553 est,

246 4585 377 4651 mod
441 4598 636 4657 praeter
686 4599 920 4647 mentem
973 4608 1037 4648 ac
1058 4602 1249 4650 contra
1310 4594 1687 4666 praescriptum
1730 4591 1970 4648 creantis
2016 4586 2270 4658 potentia
2333 4584 2680 4641 subdititium
2708 4585 3013 4643 exstiterit?
3059 4591 3197 4641 utet
3238 4583 3472 4640 faculta-

241 4676 345 4730 tern
366 4678 621 4734 condendi
650 4679 886 4738 hominis
922 4683 1240 4740 hominibus
1268 4685 1621 4741 tribuendam
1662 4683 1785 4754 quis
1817 4682 1968 4737 velit.

539 4814 667 4870 Cap.
707 4815 796 4876 lli.
832 4816 1004 4874 Locus
1031 4817 1318 4887 Scriptum
1343 4829 1582 4875 vexatus.
1606 4817 1811 4890 Spurii,
1844 4833 1950 4873 non
1972 4816 2142 4873 solum
2165 4815 2370 4887 ﬁdeles,
2401 4813 2493 4870 sed
2513 4822 2563 4868 et
2586 4786 2895 4886 quandoque
2915 4816 3145 4886 prwlati.

310 4933 413 4988 Kai.
459 4938 491 5008 ὴ
533 4940 827 5011 Μαρκέλλα
874 4940 1240 5007 ὑπολαϐοῦσα,
1271 4945 1318 4997 ὼ
1355 4942 1628 5014 Θεοφίλα,-
1656 4942 1800 5013 μέγα

1972 4938 2074 4995 Hic
2094 4937 2347 4995 Marcella
2373 4937 2748 5009 interpellans,
2785 4935 2979 4994 Gravis
3029 4953 3205 5004 error,
3225 4955 3259 4996 ο
3290 4938 3471 4997 Theo-

249 5025 470 5097 σφάλμα,
501 5029 624 5101 ἔφη,
655 5031 750 5085 καὶ
792 5032 1032 5089 ἐναντίον
1077 5029 1159 5099 οἷς
1205 5032 1366 5100 εἶπας
1399 5036 1755 5107 ἀναφαίνεται
1777 5053 1792 5067 ο

249 5118 334 5171 καὶ
367 5120 460 5173 οἴει
488 5121 762 5195 λεληθέναι
811 5129 1184 5201 παρωσαμένη
1229 5129 1546 5201 τηλικοῦτον
1599 5130 1794 5201 vim;

253 5207 399 5265 Ἤκει
428 5214 529 5287 γὰρ
563 5219 766 5281 ἐκεῖνος
793 5222 822 5272 ό
852 5218 1028 5289 λόγος,
1051 5221 1109 5276 ὃν
1143 5224 1291 5288 ἴσως,
1317 5222 1564 5277 ἀπαιτῶν
1611 5240 1673 5277 σε
1714 5239 1797 5287 τις

249 5297 317 5364 ὡς
340 5308 658 5379 σοφωτάτην,
691 5310 851 5377 λέξει.
884 5313 1020 5385 Περὶ
1054 5314 1164 5369 τῶν
1196 5316 1262 5369 ὲκ
1304 5315 1548 5387 μοιχείας
1577 5317 1796 5387 ἀνόμως

252 5395 508 5463 φυομένων
533 5400 582 5453 τί
605 5401 743 5473 φῄς,
779 5402 1024 5470 Ἔδωκας
1046 5407 1155 5479 γὰρ
1183 5407 1447 5462 εἰσελθεῖν
1480 5409 1560 5471 εἰς
1586 5406 1680 5462 τὸν
1705 5407 1797 5461 κό-

1897 5032 2068 5106 phila,
2102 5034 2156 5089 in
2187 5043 2300 5098 tua,
2328 5026 2529 5103 inquit,
2556 5031 2806 5087 oratione
2835 5043 3078 5103 apparet,
3120 5035 3214 5105 qui
3242 5050 3362 5091 eam
3384 5050 3474 5092 se-

1897 5128 2229 5198 cum‘ipsam
2274 5128 2587 5192 committit,
2647 5127 2927 5181 contraria
2978 5128 3184 5198 prius:
3232 5128 3475 5186 tedictis

1897 5228 2152 5278 astruens
2182 5240 2195 5276 :
2221 5228 2277 5276 et
2306 5227 2473 5291 putas
2498 5228 2554 5276 te
2584 5220 2753 5275 latere
2781 5227 2933 5275 tanta
2960 5220 3135 5279 oﬂ‘usa
3160 5220 3337 5276 nube?
3365 5218 3474 5278 Oc-

1896 5314 2071 5369 currit
2092 5321 2274 5369 tamen
2301 5314 2392 5370 ille
2424 5314 2525 5369 tibi
2554 5330 2621 5370 ex
2658 5312 2890 5372 adverso
2921 5329 3123 5378 sermo,
3155 5328 3264 5384 quo
3283 5319 3340 5368 te
3365 5312 3472 5367 ali-

1898 5408 2024 5479 quis
2046 5408 2590 5480 utsapientissimam
2620 5410 2814 5468 adiens
2843 5412 3182 5481 interrogare
3228 5409 3338 5464 isto
3376 5421 3477 5480 pa-

314 5553 354 5584 “
382 5555 486 5616 Jer.
516 5578 551 5627 ι,
579 5564 632 5620 5.
710 5566 755 5598 ’³
782 5565 884 5621 Job
914 5583 1142 5634 xxxuu,
1175 5568 1263 5627 M.
1301 5587 1405 5625 sec.
1446 5568 1619 5624 LXX.
1695 5569 1743 5602 "
1762 5567 1864 5623 Job
1903 5586 1959 5634 ι,
1998 5569 2057 5625 8.
2132 5569 2178 5601 "
2211 5566 2406 5627 Matth.
2438 5584 2590 5635 xxiv,
2621 5567 2726 5635 22;
2762 5567 2938 5627 Marc.
2968 5580 3089 5623 xm.
3122 5560 3214 5616 20.

221 5710 228 5719 '
268 5693 423 5774 “(98)
449 5702 758 5774 Eimnxcilc.
788 5705 1042 5773 Allatius,
1076 5706 1328 5774 εὐσεϐῶς.
1374 5707 1465 5765 Sic
1518 5716 1575 5765 et
1619 5709 1790 5766 codex

264 5756 437 5824 Mazar.
470 5756 745 5832 Generis.

1971 5709 2080 5775 (9.9)
2108 5708 2391 5779 Θεοφυές.
2425 5707 2502 5764 Ita
2540 5711 2663 5764 cod.
2718 5707 2842 5765 Vat.
2874 5706 2969 5779 _At
3001 5702 3230 5758 Allatius
3279 5711 3339 5762 et
3364 5720 3473 5764 ms.

1903 5779 2138 5843 Manta,
2159 5777 2424 5850 θεοφιλές,
2459 5779 2567 5835 Dea
2599 5780 2815 5834 charum
2871 5777 2948 5832 In.
