4056 6302
502 360 564 419 ει
1447 369 1503 425 S.
1547 370 1878 428 METHODII
1916 373 2224 431 EPISCOPl
2264 375 2350 430 ET
2390 373 2746 431 MARTYRIS

3666 359 3751 417 5‘2

501 486 591 533 ctu
617 481 811 548 possit.
845 480 919 537 De
948 483 1014 537 iis
1038 485 1128 552 qui
1180 499 1244 538 ex
1295 485 1561 540 adulterio
1586 485 1852 556 illigitime
1901 500 2065 557 gene-

2186 505 2303 561 rpov
2346 488 2626 560 ἀμήχανον
2676 487 2813 541 εἶναι
2846 487 2939 541 καί
2971 486 3249 552 ἀδύνατον,
3284 487 3357 559 μὴ
3400 504 3749 561 χειραγωγη-

505 578 721 634 rantur,
756 571 887 627 heus
922 582 975 627 tu
997 574 1127 642 quid
1160 576 1334 631 dicis?
1364 576 1691 631 (Ioncessisti
1739 578 1883 631 enim
1914 578 2066 632 nulla

504 676 668 732 posse
702 663 906 718 ratione
937 665 1051 720 fieri
1073 676 1131 720 ut.
1155 668 1278 738 quis
1307 669 1487 722 veniat
1508 671 1561 723 in
1599 668 1886 734 mundum,
1933 670 2066 739 quin

504 753 704 808 divinm
731 754 780 809 ei
813 754 1113 825 majestatis
1139 768 1303 815 nutus
1333 760 1528 814 ductor
1548 761 1841 826 exstiterit,
1878 772 2068 832 parato

502 848 553 903 ei
582 849 674 918 qui
703 848 772 901 sit
803 849 1139 914 nasciturus,
1168 866 1200 905 a
1239 850 1347 908 Deo
1367 854 1715 924 corpusculo.
1745 852 1811 906 Et
1839 868 1907 908 ne
1932 868 2067 908 con-

501 938 681 1010 fugias
705 940 853 994 velut
885 942 939 996 in
971 958 1150 998 arcem
1180 938 1473 1010 securam,
1513 946 1729 1015 prolato
1756 945 2070 1000 testimonio

502 1028 833 1102 Scriptum,
892 1032 1125 1090 dicentis
1179 1054 1192 1089 :
1264 1033 1396 1090 Filii
1472 1047 1649 1091 autem
1708 1037 2070 1092 adulterorum

500 1108 864 1177 maturitatem
894 1142 995 1179 non
1028 1138 1407 1198 consequentur
1432 1130 1513 1194 ’5;
1545 1129 1755 1184 refellet
1776 1137 1829 1184 te
1854 1131 2070 1196 leniter,

498 1213 689 1272 dicens
727 1235 740 1271 ε
772 1219 936 1288 Atqui
967 1220 1216 1275 videmus
1245 1222 1387 1277 haud
1416 1237 1542 1277 raro
1561 1221 1854 1293 illegitimis
1876 1239 2073 1280 conce-

499 1318 625 1379 ptos
656 1313 871 1381 copulis
895 1321 1267 1370 maturescere
1294 1316 1348 1370 in
1379 1323 1568 1386 partus
1600 1315 1786 1373 vitales
1803 1318 2074 1373 valentes-

498 1419 606 1474 que
639 1406 975 1462 adolescere.

572 1496 632 1551 Si
663 1503 847 1552 autem
914 1506 1106 1568 argute
1134 1497 1330 1553 iterum
1365 1498 1711 1571 distinguens
1738 1476 1936 1565 dicas;
1962 1499 2075 1571 Ego

498 1604 659 1652 vero,
688 1588 824 1644 heus
849 1595 930 1654 tu,
961 1592 1294 1647 maturitatis
1324 1593 1545 1647 nomine
1587 1608 1751 1663 quam
1809 1609 1918 1648 non
1952 1608 2079 1648 con-

503 1689 827 1751 sequantur,
854 1682 1122 1751 juStitiam
1163 1681 1531 1738 Christianam
1600 1684 1862 1755 intelligo,
1919 1685 2076 1755 cujus

2168 580 2329 633 θέντα
2349 579 2426 650 τῷ
2454 579 2715 650 θελήματι
2737 578 2837 650 τῆς
2867 577 3239 650 μεγαλοσύνης
3264 579 3394 648 (50),
3423 596 3739 633 κατασκευσ

2167 672 2422 736 ασθέντος
2454 671 2614 727 αὐτοῦ
2647 671 2741 725 τοῦ
2781 670 3135 741 σκηνώματος
3161 671 3296 741 πρὸς
3323 670 3424 723 τοῦι
3444 669 3597 725 Θεοῦ.
3621 670 3746 725 Καὶ

2168 764 2255 818 ἶνα
2286 764 2360 836 μὴ
2401 764 2717 838 καταφύγῃς
2743 763 2930 825 ῶσπερ
2952 765 3033 827 εἰς
3056 763 3254 834 τειχίον
3287 764 3565 834 ἐχέγγυον,
3592 782 3744 836 προ-

2170 858 2510 930 χειριζομένη
2540 858 2639 929 τὴν
2665 858 2925 926 λέγουσαν
2952 856 3193 929 Γραφὴν,
3223 857 3405 911 Τέκνα
3427 857 3492 911 δὲ
3505 857 3744 927 μοιχῶν

2168 950 2639 1018 ἁτελεσφόρητα,
2674 947 3069 1020 ἀποκρούσεταί
3098 966 3155 1001 σε
3194 948 3382 1019 πράως
3410 947 3603 1013 εἰπὼν,
3626 950 3734 1003 au-

2170 1042 2281 1095 Καὶ
2315 1041 2421 1113 μὴν
2458 1041 2801 1112 τελεσφόροις
2834 1040 3113 1111 πολλαχῶς
3145 1040 3325 1094 ὠδῖσιν
3365 1040 3569 1112 ὧριμον
3598 1056 3744 1111 καρ-

2172 1132 2272 1186 πὸν
2295 1134 2420 1196 τοὺς
2456 1134 2520 1186 ὲκ
2551 1132 2880 1203 παρανόμων
2924 1131 3320 1201 συλληφθέντας
3345 1126 3446 1189 ὧδε
3474 1131 3745 1187 συναλλα-

2172 1222 2280 1292 γῶν
2307 1223 2522 1294 ὁρῶμεν
2560 1224 2876 1295 φυομένους.

2245 1491 2307 1544 Εἰ
2335 1490 2376 1543 δ’
2413 1485 2478 1545 αὖ
2509 1488 2669 1543 πάλιν
2698 1486 3019 1558 σοφιζομένη
3058 1481 3316 1557 φαίηςῘΩ
3344 1502 3515 1549 ουτος,
3545 1483 3655 1551 ἐγὼ
3677 1482 3743 1541 τι

2173 1582 2601 1655 ἅτελεσφόρητον
2651 1581 2742 1633 ὲπί
2787 1579 2892 1632 τῶν
2930 1579 3316 1649 τελειουμένων
3350 1576 3588 1649 ἡγοῦμαι
3615 1577 3745 1631 τάσ·

2175 1673 2362 1727 σεσθαι
2390 1676 2455 1743 τῇ
2496 1668 2927 1741 Χριστοδιδάκτῳ
2954 1667 3286 1741 δικαιοσύνῃ,
3310 1668 3600 1735 λελέξεταιε
3629 1667 3744 1723 Καὶ

505 1774 586 1828 illi
613 1782 896 1846 compotes
939 1790 1047 1829 non
1089 1782 1237 1839 sunt,
1266 1784 1491 1847 reponet
1540 1776 1767 1831 statim:
1823 1776 2010 1846 Atqui,
2042 1791 2076 1830 ο

2186 1764 2305 1835 μὴν,
2332 1756 2377 1817 ὦ
2416 1761 2678 1833 μακαρία,
2716 1760 2953 1814 πλεῖστοι
2988 1759 3268 1833 τεχθέντες
3298 1759 3357 1826 ἐξ
3393 1759 3577 1813 ἀδίκου
3617 1774 3748 1812 σπο-

501 1866 684 1933 beata,
716 1868 868 1921 multi
896 1868 1173 1938 exiniquo
1221 1870 1323 1921 sati
1360 1870 1587 1935 semine,
1649 1868 1818 1923 nihilo
1870 1870 2072 1933 secius,

2186 1858 2280 1929 ρᾶς
2311 1854 2461 1908 οὐδὲν
2492 1850 2651 1926 ἦττον
2676 1854 2735 1906 ού
2770 1853 2926 1924 μόνον
2962 1856 3028 1924 τῇ
3055 1853 3255 1926 ποίμνῃ
3288 1851 3746 1920 συναγελάζεσθαι

504 1971 615 2012 non
652 1958 826 2012 solum
850 1958 1005 2029 gregi
1030 1958 1267 2012 fidelium
1301 1957 1546 2025 adunati,
1585 1974 1773 2015 verum
1804 1957 1968 2014 etiam
2016 1967 2077 2014 ut

2186 1947 2639 2021 καταριθμοῦνται
2669 1946 2776 2001 τῶν
2813 1945 3076 2016 ἀδελφῶν,
3111 1944 3245 1999 ἀλλὰ
3275 1945 3368 1998 καί
3391 1945 3748 2018 καθηγεῖσθαι

503 2047 614 2103 illis
642 2057 939 2118 praeessent
979 2049 1120 2104 haud
1164 2066 1289 2105 raro
1335 2052 1512 2105 sortiti
1543 2060 1692 2107 sunt.
1726 2050 1904 2117 Quare
1948 2065 2073 2105 cum

501 2140 781 2193 communi
803 2140 1043 2195 omnium
1080 2156 1244 2197 sensu
1283 2148 1336 2197 et
1367 2142 1702 2212 experientia
1726 2140 2076 2197 notissimum

502 2230 596 2295 sit,
625 2239 778 2288 ortos
807 2248 873 2288 ex
923 2231 1196 2289 adulterio
1261 2234 1471 2290 utrovis
1521 2234 1684 2288 modo
1722 2231 1867 2303 quod
1897 2230 2079 2303 perfe-

499 2332 650 2378 ctum
686 2333 772 2379 est
803 2326 1053 2395 adipisci,
1090 2342 1197 2382 non
1230 2334 1317 2382 est
1359 2326 1657 2396 putandum
1704 2325 1772 2379 de
1800 2324 2079 2395 concepti-

501 2417 606 2472 hus
636 2426 731 2472 aut
789 2420 1059 2489 partubus
1090 2419 1470 2490 propheticum
1504 2419 1636 2473 illud
1678 2416 1916 2488 Spiritus
1950 2431 2080 2471 san-

503 2511 579 2565 cti
609 2511 893 2566 oraculum
949 2527 1072 2567 esse
1106 2511 1561 2583 intelligendum;
1609 2509 1704 2566 sed
1730 2510 1869 2565 forte
1898 2509 2078 2580 potius

503 2603 574 2656 de
603 2602 711 2658 illis
733 2602 827 2673 qui
860 2603 1170 2658 adulterant
1199 2604 1479 2658 veritatem
1520 2623 1531 2657 :
1559 2603 1651 2674 qui
1704 2602 1958 2656 nimirum
1990 2615 2076 2657 so-

506 2693 760 2764 phisticis
795 2694 1032 2749 decretis
1053 2702 1471 2764 corrumpentes
1502 2691 1841 2763 Scripturas,
1892 2693 2082 2746 imma-

505 2795 686 2840 turam
741 2787 970 2858 gignunt
1002 2788 1359 2858 sapientiam,
1407 2787 1553 2858 quod
1598 2786 1785 2856 pietati
1834 2798 2078 2839 errorem

507 2880 926 2936 commisceam.
965 2878 1173 2951 Itaque,
1207 2880 1312 2934 hoc
1345 2895 1563 2951 quoque
1588 2878 1688 2933 tibi
1719 2876 1918 2947 effugio
1940 2890 2080 2946 prae-

508 2972 689 3035 cluso,
727 2972 952 3037 imodo,
988 2982 1040 3028 et
1090 2989 1155 3028 ex
1191 2974 1462 3028 adulterio
1518 2984 1737 3040 quoque
1783 2976 2079 3036 conceptos

511 3065 678 3130 fetus,
719 3067 1009 3137 responde,
1046 3065 1155 3121 Deo
1201 3066 1339 3122 bene
1372 3066 1588 3120 volente
1630 3062 1898 3133 generari.
1934 3058 2084 3113 Dixi-

2174 2043 2380 2096 τούτων
2408 2040 2740 2114 κληροῦνται
2763 2039 3060 2109 πολλαχῶς.
3078 2038 3284 2091 Οὐκοῦν
3311 2038 3460 2100 ὄντος
3484 2035 3746 2109 φανεροῦ,

2178 2134 2270 2187 καί
2300 2135 2517 2187 πάντων
2551 2130 2922 2202 ἱστορούντων,
2955 2130 3048 2183 καὶ
3067 2130 3133 2182 τὰ
3153 2132 3215 2182 ἐκ
3236 2128 3477 2200 μοιχείας
3503 2128 3750 2197 φυόμενα

2176 2224 2693 2296 τελεσιουργεῖσθαι,
2734 2223 2795 2275 οὐ
2833 2223 2937 2294 χρὴ
2983 2221 3221 2293 νομίζειν
3270 2221 3397 2292 περί
3435 2219 3751 2289 συλλήψεων

2180 2319 2272 2372 καὶ
2300 2318 2474 2371 τόκων
2517 2317 2576 2369 τὸ
2622 2314 2844 2386 Πνεῦμα
2889 2312 3423 2385 προπεφητευκέναι’
3472 2309 3586 2363 ἀλλ’
3618 2309 3752 2372 ἴσως

2180 2409 2311 2481 περί
2339 2410 2445 2461 τῶν
2479 2407 2576 2478 τὴν
2597 2407 2856 2478 ἀλήθειαν
2884 2405 3254 2477 μοιχωμένων,
3288 2404 3481 2465 οἵτινες
3508 2399 3753 2470 ﬂed/tat!»

2182 2519 2301 2572 φοις
2329 2499 2635 2562 νοθεύοντες
2663 2499 2897 2570 δόγμασι
2924 2498 3022 2562 τὰς
3048 2497 3288 2570 Γραφάνς,
3324 2494 3752 2564 ἀτελεσφόρητον

2180 2594 2407 2666 γεννῶσι
2442 2593 2648 2662 σοφίαν,
2675 2594 2738 2663 τῇ
2777 2591 3051 2662 θεοσεϐείᾳ
3079 2589 3454 2660 συγκρίνοντες
3481 2588 3578 2659 τὴν
3610 2584 3753 2639 πλὰο

2180 2700 2298 2755 νην.
2333 2681 2421 2735 Διὸ
2453 2683 2546 2735 καί
2571 2680 2771 2750 ταύτης
2797 2696 2888 2732 σου
2916 2678 3015 2750 τῆς
3039 2680 3359 2751 προφάσεως
3388 2675 3750 2750 ἐξῃρημένης,

2184 2774 2292 2828 ῐσθι
2319 2773 2404 2845 δὴ,
2438 2774 2487 2825 εἰ
2520 2771 2615 2825 καὶ
2652 2771 2722 2824 τὰ
2756 2773 2818 2823 ὲκ
2855 2768 3096 2840 μοιχείας
3139 2765 3499 2831 εὐδοκοῦντος,
3530 2765 3759 2837 ἀπόκρι-

2184 2885 2292 2932 ναι,
2328 2865 2623 2935 γεννῶνται
2649 2862 2743 2915 τοῦ
2779 2861 3120 2932 Θεοῦ.”Εφης
3148 2861 3275 2932 γὰρ,
3307 2855 3444 2914 εἶναι
3472 2857 3753 2921 ἀδύνατον,

2183 2957 2470 3030 ἀνθρώπου
2516 2952 2971 3025 τελεσφορηθῆναι
3021 2952 3205 3023 γονὴν,
3242 2952 3317 3023 μὴ
3369 2948 3754 3022 μορφώσαντος

2185 3049 2354 3121 αὐτὴν
2384 3048 2477 3101 καὶ
2508 3045 2858 3116 ψυχώσαντος
2893 3043 2985 3097 τοῦ
3023 3043 3247 3115 Κυρίου.

512 3163 582 3219 sti
608 3164 778 3226 enim,
807 3165 920 3219 fieri
944 3181 1051 3219 non
1074 3179 1235 3233 posse
1260 3171 1318 3217 ut
1366 3162 1435 3216 ad
1460 3132 1830 3216 maturitatem
1862 3164 1917 3213 et
1969 3151 2494 3213 consummationem
2553 3142 2835 3215 perveniat
2878 3141 3150 3196 humanus
3205 3137 3369 3205 fetus,
3413 3137 3522 3193 nisi
3570 3132 3759 3191 Domi-

514 3273 627 3314 nus
646 3256 874 3311 formam
905 3256 1257 3328 animumque
1276 3255 1558 3311 indiderit.

1247 3374 1372 3431 Car.
1409 3372 1500 3430 1V.
1533 3370 1785 3427 Humana
1815 3366 2102 3442 generatio,
2127 3361 2322 3430 Deique
2354 3355 2408 3409 in
2431 3369 2493 3407 ea
2527 3366 2655 3421 opus
2688 3347 3036 3402 declaratum.

585 3494 687 3551 llic
708 3494 1034 3566 Theophila,
1070 3494 1219 3551 velut
1260 3494 1474 3550 robusti
1536 3491 1757 3547 lacertis
1785 3486 2085 3545 adversarii

2258 3476 2370 3531 Καὶ
2396 3477 2430 3546 ή
2461 3470 2715 3541 Θεοφίλα,
2741 3468 2849 3523 ἀπὸ
2882 3464 3127 3535 γενναίου
3151 3462 3339 3536 ὥσπερ
3364 3462 3626 3536 ληφθεῖσα
3650 3463 3763 3520 τῶν

514 3584 694 3639 media
722 3592 997 3655 correpta,
1031 3584 1296 3655 vertigine
1317 3590 1522 3638 tentata
1552 3582 1787 3654 quadam
1818 3587 1935 3645 est;
1971 3586 2085 3633 tum

513 3692 658 3747 aegre
674 3676 890 3732 tandem
915 3677 1109 3748 spiritu
1146 3683 1452 3746 resumpto,
1485 3673 1641 3737 Rem,
1667 3672 1864 3744 inquit,
1895 3686 1930 3726 ο
1958 3671 2090 3753 bea-

512 3777 592 3832 ta,
622 3769 845 3840 quaaris,
877 3769 945 3823 ad
988 3771 1080 3825 sui-
1123 3769 1340 3840 plenam
1374 3766 1805 3823 declarationem
1834 3763 2093 3831 exemplo

514 3863 755 3933 quodam
784 3863 1135 3933 indigentem,
1174 3863 1337 3930 cuius
1362 3860 1627 3916 beneficio
1648 3858 1847 3913 melius
1885 3854 2092 3910 intelli-

516 3970 636 4027 gas,
668 3953 765 4009 Dei
793 3955 902 4008 vim
931 3953 1248 4009 creatricem
1279 3968 1376 4023 per
1395 3953 1580 4007 omnia
1611 3948 1833 4020 quidem
1879 3946 2093 4017 pertin~

517 4056 759 4118 gentem,
818 4047 1089 4117 praecipue
1143 4054 1327 4101 tamen
1372 4046 1546 4115 ipsam
1604 4057 1638 4096 a
1682 4057 1741 4097 se
1792 4040 2095 4095 humanam.

521 4146 783 4210 praestare
816 4138 1246 4208 generationem,
1272 4136 1521 4206 augendo
1551 4148 1672 4205 quae
1698 4136 1754 4189 in
1800 4130 2092 4203 genitalem

520 4236 661 4284 sunt
687 4230 954 4283 seminata
986 4238 1210 4285 terram.
1246 4225 1434 4297 Neque
1463 4227 1610 4281 enim
1643 4225 1697 4279 id
1749 4222 1896 4294 quod
1931 4219 2095 4277 semi-

521 4325 688 4372 natur
716 4317 1048 4387 culpandum
1079 4327 1165 4374 est
1191 4334 1204 4370 :
1226 4315 1326 4392 sed
1361 4316 1416 4368 in
1449 4328 1514 4369 eo
1559 4315 1740 4369 omnis
1772 4313 1934 4382 culpa
1960 4309 2096 4366 resi-

519 4412 634 4475 det,
657 4411 750 4482 qui
780 4411 836 4465 in
868 4411 1105 4466 alienum
1131 4422 1345 4480 agrum,
1393 4406 1610 4462 furtivis
1646 4405 1943 4467 cubilibus,
1977 4404 2096 4458 vel-

521 4504 605 4559 uti
668 4502 919 4559 mercede
949 4502 1131 4559 brevis
1151 4498 1469 4569 voluptatis,
1503 4496 1777 4569 propriam
1807 4493 2104 4566 impuden-w

522 4605 608 4651 ter
641 4602 940 4650 sementem
974 4592 1181 4648 vendit.
1215 4590 1455 4646 lnt'orma
1476 4584 2093 4656 enim,quaaso,animo,

524 4689 688 4743 talem
720 4686 1012 4757 quamdam
1045 4683 1339 4755 imaginem
1366 4680 1544 4737 nostri
1577 4680 1633 4734 in
1666 4680 1834 4733 vitam
1855 4683 2010 4732 ortus
2034 4691 2100 4731 ac

523 4779 911 4853 generationis.
952 4778 1144 4848 Cogita
1173 4777 1416 4842 domum,
1447 4773 1606 4844 cujus
1635 4770 1917 4829 altissimis
1943 4785 2098 4825 mon-

2192 3572 2371 3644 μέσων
2399 3561 2820 3634 ἀνταγωνιστοῦ,
2856 3558 3272 3623 ἐσκοτοδινίασε,
3302 3560 3396 3611 κα)⁸
3429 3557 3574 3628 μάλα
3607 3558 3765 3629 μόλις

2189 3662 2592 3724 ἀναπνεύσασα,
2619 3658 2752 3729 ἔφη·
2794 3655 3031 3726 Ἐρωτᾷς
3073 3652 3329 3723 ἐρώτημα
3370 3650 3456 3705 διὰ
3502 3651 3765 3723 παραδεί-

2188 3773 2419 3830 γματος,
2467 3747 2512 3806 ὦ
2563 3749 2823 3823 μακαρία,
2878 3744 3077 3818 χρῇζον
3124 3743 3531 3814 ἀποδειχθῆναι,
3586 3743 3651 3796 ἵν’
3682 3742 3764 3798 ἔτι

2194 3848 2393 3922 μᾶλλον
2417 3845 2584 3916 εἰδῇς,
2611 3842 2685 3906 ὡς
2709 3841 2796 3894 διὰ
2825 3839 3039 3893 πάντων
3064 3839 3097 3906 ή
3123 3836 3377 3907 ποιητικὴ
3403 3835 3627 3906 δύναμις
3654 3835 3766 3906 διήο

2192 3958 2363 3996 κουσα
2393 3937 2488 3993 τοῦ
2516 3934 2672 4000 Θεοῦ,
2705 3932 2863 3987 πλέον
2906 3933 2986 3994 εἰς
3022 3929 3122 3999 τὴν
3150 3927 3257 3981 τῶν
3287 3926 3586 3999 ἀνθρώπων
3614 3925 3767 3995 γένετ-

2195 4052 2278 4089 σιν
2320 4030 2629 4102 αὑτουργεῖ,
2661 4025 2898 4092 αὔξουσα
2942 4022 3010 4075 τά
3049 4023 3130 4084 εἰς
3170 4019 3391 4089 γόνιμον
3428 4018 3767 4090 φυτευόμενα

2192 4127 2318 4197 γῆν.
2347 4124 2420 4177 Οὐ
2447 4121 2555 4192 γὰρ
2586 4119 2646 4172 τὸ
2668 4115 3021 4187 σπειρόμενον
3058 4110 3349 4176 αἰτιατέον,
3390 4109 3525 4164 ἀλλὰ
3550 4109 3643 4164 τὸν
3684 4112 3765 4177 εἰς

2193 4215 2474 4286 ἀλλοτρίαν
2502 4212 2740 4283 ἄρουραν
2772 4205 3126 4276 κλεψιγάμοις
3162 4197 3474 4267 εύναῖς,.οἷα
3500 4203 3766 4274 μισθωτὸν

2195 4308 2380 4378 ὀλίγης
2422 4303 2634 4375 ἡδονῆς,
2660 4299 2757 4369 τὴν
2802 4298 2937 4351 ἰδίαν
2976 4294 3343 4378 ἀναισχύντως
3391 4295 3768 4366 πιπράσκοντα

2198 4376 2763 4469 σποράν.Ἀπείκασον
2802 4386 2912 4458 γὰρ
2954 4376 3177 4453 τοιούτῴ
3216 4383 3321 4436 τινὶ
3362 4382 3458 4453 τὴν
3495 4382 3768 4454 ἡμετέραν

2197 4490 2409 4560 γένεσιν
2448 4487 2528 4550 εἰς
2565 4484 2657 4537 τὸν
2698 4480 2830 4552 βίον,
2853 4474 2964 4532 οἷον
2995 4478 3128 4548 οἴκῳ
3155 4478 3562 4546 παρακειμένην
3595 4474 3768 4546 ἔχοντι

2197 4583 2295 4654 τὴν
2325 4578 2525 4634 εἴσοδον
2565 4575 2746 4646 ὄρεσιν
2772 4570 3024 4643 ὑψηλοῖς
3048 4569 3253 4640 διήκειν
3295 4568 3353 4621 δὲ
3392 4568 3483 4622 τὸν
3508 4564 3653 4620 οἷκον
3677 4567 3766 4621 ἐπὶ

2198 4674 2332 4728 πολὺ
2359 4671 2528 4735 κάτω,
2561 4667 2752 4740 μέχρις
2778 4666 2961 4735 ἄκρων
2982 4662 3080 4732 τῆς
3120 4659 3321 4713 εἰσόδου
3357 4659 3549 4730 ἔχοντα
3570 4658 3765 4721 πολλὰς

2199 4764 2337 4829 ὀπὰς
2364 4766 2427 4816 ὲκ
2452 4761 2559 4815 τῶν
2583 4759 2777 4820 ὀπίσω,
2803 4755 2899 4809 καὶ
2937 4752 3206 4824 περιφερῆ
3246 4750 3387 4804 κατὰ
3413 4749 3570 4803 τοῦτο
3597 4749 3656 4803 τὸ
3681 4749 3767 4819 μέ-

528 4841 680 4926 tibus
705 4874 988 4941 ingressus
1012 4841 1280 4939 adjaceat,
1319 4841 1548 4938 ipsaque
1584 4865 1745 4934 longe
1772 4864 1829 4917 in
1860 4861 2085 4916 multam

2199 4876 2289 4931 ρος
2311 4854 2585 4924 γεγονότα.
2608 4879 2678 4891 -
2692 4845 3019 4908 Ἀπεικάζω,
3041 4842 3144 4912 ἔφη
3167 4844 3200 4912 ἡ
3222 4841 3606 4913 Μαρκέλλαυ-
3624 4842 3761 4895 Οὐκ-

526 4969 581 5014 et
600 4957 813 5014 inferne
840 4973 1095 5028 capacem
1123 4957 1363 5013 demissa
1385 4957 1457 5011 sit
1483 4952 1942 5024 profunditatem;
1975 4964 2096 5021 qua:

525 5052 762 5122 denique
786 5065 817 5104 a
846 5065 1060 5106 summo
1113 5051 1291 5119 capite
1321 5049 1391 5104 ab
1445 5050 1694 5119 ingressu
1728 5045 1899 5111 multa
1949 5051 2105 5098 retro

526 5145 796 5204 foramina
833 5145 1048 5211 haheat,
1080 5159 1143 5198 ac
1177 5145 1338 5211 cujus
1393 5142 1563 5214 figura
1614 5156 1679 5196 ea
1704 5146 1855 5211 parte
1879 5137 2100 5194 orbicu-

526 5236 662 5291 laris
688 5236 936 5291 exsistat.
961 5264 1032 5275 —
1071 5233 1335 5298 Informo,
1368 5232 1545 5302 inquit
1596 5229 1874 5292 Marcella,
1931 5241 2097 5298 quam

523 5331 687 5402 jubes
719 5329 1035 5399 imaginem.
1062 5358 1132 5369 -—
1158 5326 1278 5384 Jam
1311 5327 1614 5396 imaginare
1643 5323 1919 5379 sedentem
1948 5322 2099 5384 intus

528 5423 744 5494 operari
773 5423 986 5494 plasten
1014 5428 1227 5476 statuas
1256 5420 1543 5490 plurimas,
1574 5432 1640 5471 ex
1692 5416 1824 5469 limo
1851 5429 2013 5485 quem
2048 5411 2104 5465 ei,

529 5529 627 5584 per
649 5530 713 5571 ea
736 5530 858 5586 qua:
899 5512 1012 5567 dixi
1069 5512 1361 5576 foramina,
1394 5508 1551 5563 multi
1599 5506 1820 5562 assidue
1848 5503 2101 5559 homines

604 5673 648 5704 "
678 5673 805 5743 Sap.
837 5688 918 5736 In,
952 5671 1041 5726 16.

2197 4949 2291 5004 οῦν
2339 4943 2577 5001 ἀπόλαϐε
2616 4940 2761 4994 ένδον
2792 4936 3151 5005 καθεζόμενον
3176 4933 3500 5003 ἐργάζεσθαι
3524 4933 3759 5003 πλάστην

2201 5039 2429 5100 πολλοὺς
2459 5035 2781 5108 ἀνδριάντας
2806 5049 2820 5062 ’
2841 5028 3013 5098 τούτῳ
3034 5027 3080 5079 δ’
3102 5022 3168 5080 αὖ
3195 5026 3293 5095 τὴν
3325 5024 3454 5095 ὓλην
3473 5025 3577 5080 τοῦ»
3596 5024 3762 5096 πηλοῦ

2199 5132 2296 5186 διὰ
2329 5131 2439 5184 τῶν
2472 5126 2620 5181 ὀπῶν
2655 5123 2851 5187 ἔξωθεν
2876 5120 3065 5189 νόησον
3103 5117 3208 5170 ὑπὸ
3250 5117 3448 5170 πολλῶν
3472 5116 3769 5188 ἀνθρώπιον

2205 5221 2466 5284 ἀνενδεῶς
2489 5214 2858 5289 χορηγεῖσθαι,
2882 5211 3092 5273 οὐδενὸς
3118 5208 3276 5261 αὑτὸν
3305 5207 3537 5279 ὁρῶντος
3569 5209 3658 5262 τὸν
3692 5226 3772 5261 τε-

2209 5316 2414 5388 χνίτην.
2440 5311 2537 5372 Δὸς
2555 5309 2614 5362 δὲ
2636 5304 2968 5374 κεκαλύφθαι
2989 5303 3078 5355 τὸν
3097 5299 3240 5355 οἷκον
3263 5300 3459 5373 ὁμίχλῃ
3497 5301 3592 5354 καί
3627 5302 3774 5369 νεφέ-

2209 5407 2349 5469 λαις,
2377 5403 2471 5457 καὶ
2496 5399 2660 5472 μηδὲν
2681 5399 2864 5459 αὐτοῖς
2889 5394 3083 5459 ἔξωθεν
3121 5388 3258 5445 εἶναι
3291 5404 3594 5459 καταφανεσς
3618 5388 3651 5458 ἢ
3678 5391 3770 5459 μό.

2211 5515 2309 5561 νας
2331 5498 2426 5559 τὰς
2445 5492 2603 5557 ὀπὰς.
2628 5487 2889 5553 Δεδόσθω,
2912 5486 3035 5558 ἔφη,
3060 5487 3152 5540 καὶ
3188 5483 3558 5554 τοῦτο.⁸Έχειν
3584 5482 3635 5535 δὲ
3659 5481 3774 5535 ἐκαρ-

609 5792 720 5861 (50)
750 5794 1204 5863 Μεγαλοσύνης.
1237 5789 1339 5847 Ms.
1375 5788 1511 5847 Μαι.
1544 5795 1601 5843 et
1620 5785 1802 5854 Allat.,
1834 5781 2085 5853 δυνάμεω

2186 5776 2460 5832 Conatus.
