4056 6302
503 375 579 431 55
1450 373 1505 428 S.
1550 370 1879 428 METIIODll
1919 366 2225 425 EPISCOPI
2264 369 2351 424 ET
2394 365 2757 424 MARTYRIS
3661 369 3737 427 56

504 488 759 545 cinnans.
790 487 890 556 Qui
914 489 1148 560 denique
1190 489 1365 544 lutum
1412 490 1766 561 argillamque
1814 502 2062 558 compor-

2166 504 2253 559 νη.
2283 486 2420 551 Τοὺς
2447 486 2505 540 δὲ
2530 485 2848 557 κομίζοντας
2879 483 2977 555 τήν
3020 481 3152 555 ὑλην
3177 483 3269 537 τοῦ
3297 482 3488 554 πηλοῦ,
3521 483 3599 557 τῷ
3632 486 3734 540 ἀν-

500 587 644 644 tant,
680 594 856 635 mares
874 595 936 636 ac
962 582 1109 637 viros
1131 580 1434 652 exprimere
1460 581 1732 652 cogitandi
1762 582 1908 646 Sunt,
1937 593 2062 635 cum

505 670 584 724 illi
619 671 910 726 liberorum
952 679 1145 742 agente
1172 671 1263 726 siti
1303 670 1358 725 in
1380 672 1655 728 naturales
1682 670 1894 728 feminae
1918 684 2066 726 mea-

503 769 592 815 tus
614 775 794 815 semen
818 760 1094 829 injiciunt,
1146 759 1291 815 haud
1335 774 1493 817 secus
1523 775 1587 816 ac
1618 762 1696 817 illi
1738 762 1981 833 argillam
2008 761 2065 816 in

502 848 767 904 foramina
792 849 1109 919 important.
1148 849 1354 907 Semini
1406 852 1575 919 enim,
1596 851 1833 923 quadam
1867 852 2066 908 divinae

497 941 781 997 creatricis
830 945 1107 1014 potentiae,
1157 952 1215 998 ut
1266 945 1350 1001 sic
1397 945 1602 1011 dicam,
1651 947 2067 1018 participatione

496 1048 743 1103 asperso,
774 1034 918 1091 haud
941 1035 1242 1106 imputandi
1292 1046 1660 1095 exaestuantes
1689 1039 1915 1110 impurae
1941 1039 2065 1095 libi-

494 1125 638 1181 dinis
667 1126 914 1182 ardores.
948 1128 1053 1183 Ars
1081 1143 1247 1198 porro
1271 1128 1328 1182 in
1377 1129 1627 1199 subjecta
1674 1129 1777 1186 sibi
1813 1132 2067 1199 materia,

492 1217 639 1287 quod
671 1233 833 1273 suum
855 1229 958 1284 est,
992 1219 1122 1289 agit.
1155 1217 1369 1273 Nullam
1400 1234 1532 1275 vero
1566 1235 1678 1275 rem
1704 1234 1769 1275 ex
1792 1236 1852 1279 se
1876 1236 1941 1277 ac
1970 1238 2067 1292 per

490 1324 550 1366 se
573 1310 744 1382 ipsam
776 1309 975 1364 malam
1004 1324 1149 1374 esse,
1182 1308 1606 1365 existimandum
1642 1319 1745 1375 est,
1778 1311 1875 1367 sed
1905 1312 2066 1368 talem

489 1402 608 1458 fieri
631 1417 728 1472 per
757 1401 1102 1457 abutentium
1132 1402 1522 1472 operationem.
1550 1400 1785 1459 Honeste
1815 1404 2069 1461 videlicet

494 1502 552 1550 et
579 1499 734 1549 caste
764 1492 1029 1555 exhibita,
1084 1492 1314 1548 honesta
1337 1490 1555 1559 evadit;
1589 1492 1819 1563 turpiter
1858 1510 1991 1551 vero
2013 1503 2070 1552 et

489 1584 812 1640 indecenter
868 1583 1270 1649 administrata,
1324 1583 1505 1655 turpis
1550 1585 1629 1640 fit.
1691 1587 1752 1642 In
1791 1602 1898 1658 quo
1923 1588 2068 1644 enim

488 1678 633 1733 male
666 1678 864 1733 meruit
894 1676 1101 1732 ferrum
1132 1687 1359 1750 propter
1398 1678 1791 1750 agriculturam
1837 1687 1892 1736 et
1924 1686 2070 1736 artes

490 1770 794 1833 inventum,
820 1769 887 1825 de
916 1769 985 1825 iis
1018 1770 1109 1840 qui
1133 1769 1199 1824 ad
1223 1778 1440 1828 mutuas
1465 1771 1596 1827 illud
1626 1771 1801 1828 caedes
1831 1774 2069 1829 acuunt?

2163 579 2325 652 δρείῳ
2371 579 2466 634 κειῖ⁵
2508 575 2782 651 ὰρῤενικῷ
2812 576 3189 649 παραόλητέον
3209 593 3223 608 ο
3257 576 3437 641 ὁπότε,
3465 576 3734 651 διψήσαν-

2162 690 2254 738 τες
2285 673 2506 736 τέκνων,
2540 674 2621 736 είς
2646 671 2774 735 τοὺς
2821 668 2963 724 κατὰ
3008 668 3168 739 φύσιν
3194 668 3296 739 τῆς
3324 667 3540 741 θηλείας
3569 687 3734 743 φερο-

2168 768 2361 839 μένους
2412 765 2611 838 πόρους
2656 761 3116 834 ὲγκαταὸάλλουσι
3160 759 3257 833 τὴν
3287 761 3510 834 σπορὰν,
3539 762 3729 837 ὥσπερ

2164 860 2325 912 κὰκεῖ
2353 850 2443 911 τδν
2475 855 2643 928 πηλὸν
2677 858 2755 920 είς
2798 853 2895 918 τὰς
2936 853 3095 917 ὀπάς.
3128 852 3289 918 Θείας
3335 853 3463 925 γὰρ,
3491 852 3567 917 ὡς
3599 852 3730 918 ἔπος

2164 951 2354 1014 εἰπεῖν,
2393 949 2584 1022 μοίρας
2632 948 2730 1016 τῆς
2777 945 3168 1018 δημιουργικῆς
3201 945 3262 1000 τὸ
3294 945 3510 1018 σπέρμα
3560 963 3730 1019 μετα-

2164 1036 2456 1109 λαμϐάνον,
2485 1037 2585 1091 οὑκ
2636 1035 2766 1091 αὐτὸ
2810 1035 2978 1089 αἴτιον
3025 1035 3304 1106 νομιστέον
3328 1032 3468 1090 εἶναι
3492 1035 3601 1089 τῶν
3628 1035 3736 1107 τῆς

2165 1130 2456 1194 ἀκολασίας
2484 1128 2940 1199 ὑπεκκαυμάτων.
2958 1128 3022 1180 Ἡ
3049 1125 3279 1199 μὲν-γὰρ
3299 1126 3462 1199 τέχνη
3486 1127 3584 1200 τὴν
3606 1128 3737 1181 ὑπο-

2165 1221 2419 1292 κειμένην
2448 1220 2579 1292 ὑλην
2597 1221 2685 1274 ἀεὶ
2713 1219 3249 1274 τεκταίνεται.οὑδὲν
3267 1220 3375 1292 γὰρ
3399 1220 3585 1274 αὑτόθι
3605 1219 3737 1274 καθ’

2167 1313 2328 1367 ἑαυτὸ
2354 1312 2465 1365 τῶν
2490 1311 2824 1383 πραγμάτων
2847 1310 3077 1382 ἡγητέον
3100 1307 3239 1366 εἶναι
3266 1309 3453 1375 κακὸν,
3470 1310 3604 1365 ἀλλὰ
3624 1327 3737 1365 πα-

2171 1403 2240 1474 ρὰ
2267 1405 2365 1476 τὴν
2389 1403 2587 1477 πρᾶξιν
2618 1402 2728 1457 τῶν
2755 1403 3055 1475 χρωμένων
3078 1402 3297 1457 πιῶσδε
3325 1401 3589 1472 γίνεσθαι.
3624 1404 3738 1456 Ko-

2170 1494 2342 1567 σμίως
2375 1495 2473 1566 μὲν
2498 1495 2607 1567 γὰρ
2640 1495 3007 1567 πραττόμενον
3043 1495 3138 1549 καὶ
3168 1495 3483 1567 σωφρόνως,
3509 1493 3738 1564 κόσμιον

2168 1587 2381 1660 ἀπέϐη·
2410 1588 2648 1661 αἰσχρῶς
2678 1589 2736 1642 δὲ
2766 1590 2858 1644 καὶ
2888 1589 3229 1661 ἀσχημόνως,
3257 1589 3506 1661 αἰσχρόν..
3528 1590 3592 1643 Τί
3623 1588 3741 1662 γὰρ

2168 1678 2394 1751 ἠδίκησε
2438 1679 2653 1752 σίδηρος
2695 1681 3004 1754 γεωργικῆς
3035 1681 3194 1753 χάριν
3226 1681 3321 1735 καὶ
3345 1680 3547 1753 τεχνῶν
3572 1683 3738 1754 εὑρε-

2170 1771 2301 1835 θεὶς,
2330 1773 2455 1837 τοὺς
2483 1773 2562 1835 είς
2585 1771 2970 1843 ἀλληλοφόνους
3011 1773 3172 1827 αὑτὸν
3205 1773 3469 1845 θήξαντας
3517 1774 3691 1843 μάχας
3715 1792 3734 1841 ;

490 1859 550 1914 lu
583 1876 692 1931 quo
716 1875 909 1914 aurum
961 1869 1056 1915 aut
1085 1869 1390 1932 argentum,
1424 1868 1518 1917 aut
1560 1877 1657 1928 aes,
1691 1872 1765 1926 et,
1809 1871 1869 1919 ut
1898 1864 2062 1920 verbo

2165 1862 2228 1915 Τί
2255 1862 2312 1916 δὲ
2344 1863 2543 1936 χρυσὸς
2585 1864 2618 1935 ἢ
2662 1841 2957 1936 ἄργυρος,ἢ
2994 1864 3212 1936 χαλκὸς,
3247 1841 3342 1918 καὶ
3367 1841 3663 1936 συλλήϐδην
3693 1868 3733 1936 ἡ

490 1954 763 2025 colligam,
826 1953 1005 2010 omnis
1061 1956 1284 2009 materia
1335 1962 1501 2026 atque
1550 1956 1788 2023 metalla,
1848 1944 1977 2013 dum
2002 1973 2063 2014 se

488 2046 674 2100 mollia
701 2046 945 2116 praebent
976 2060 1041 2101 ac
1100 2046 1428 2109 tractabilia,
1464 2046 1530 2102 de
1562 2047 1653 2103 his
1681 2050 1774 2120 qui
1829 2048 2066 2120 ingratis

486 2137 545 2191 in
576 2147 850 2194 auctorem
880 2153 1045 2194 suum
1093 2137 1319 2204 animis,
1364 2137 1422 2193 in
1448 2144 1661 2195 statuas
1692 2140 1844 2197 varie
1863 2140 2061 2196 distin-

484 2237 603 2284 ctas
632 2229 1069 2301 eﬂ‘ormatasque.
1100 2230 1213 2285 haec
1242 2229 1521 2285 adoranda
1550 2232 1907 2302 proponunt?
1931 2232 2062 2288 Cer-

485 2328 541 2375 te
571 2321 618 2376 si
645 2321 770 2392 quis
803 2321 949 2377 furto
969 2321 1200 2391 quaesita
1230 2320 1434 2378 vellera
1471 2321 1721 2378 textrina:
1745 2322 2057 2392 praebuerit,

481 2412 541 2466 in
578 2427 748 2466 unum
781 2411 927 2467 hunc
956 2425 1182 2481 scopum
1236 2410 1462 2469 intuens
1518 2428 1630 2479 ars,
1679 2412 1826 2484 quod
1878 2413 2062 2484 subje-

484 2511 635 2559 ctum
663 2514 747 2560 est
778 2504 1099 2570 fabricatur,
1130 2513 1191 2560 ut
1237 2513 1570 2561 structuram
1617 2505 1888 2573 admittat,
1926 2508 2061 2563 nihil

485 2610 753 2667 respuens
787 2612 977 2654 eorum
1005 2613 1127 2669 quae
1156 2598 1234 2653 illi
1266 2597 1334 2653 ad
1366 2614 1525 2654 usum
1561 2612 1721 2655 suum
1756 2608 1881 2671 apta
1904 2599 2058 2671 obje-

485 2698 578 2743 cta
630 2696 782 2745 sunt.
833 2687 971 2744 Nam
1004 2705 1181 2761 neque
1231 2690 1377 2761 quod
1425 2690 1571 2748 furto
1608 2692 1845 2748 ablatum
1875 2700 1978 2757 est,
2002 2693 2061 2749 in

482 2781 693 2836 crimen
726 2781 1029 2837 vocandum
1082 2783 1177 2849 sit,
1224 2783 1426 2854 quippe
1479 2783 1798 2839 inanimum.
1853 2782 2059 2839 Lanam

487 2880 668 2943 itaque
685 2872 968 2930 elaborare
1003 2889 1067 2930 ac
1088 2876 1440 2942 concinnare,
1490 2875 1626 2931 nihil
1658 2875 1940 2947 prohibet;
1964 2877 2058 2947 qui

487 2977 621 3017 vero
650 2962 853 3032 iniusta
882 2976 1003 3018 eam
1046 2977 1212 3017 manu
1252 2962 1504 3036 furtoque
1538 2964 1782 3027 abstulit,
1817 2963 1864 3019 is
1896 2978 2061 3035 poma

486 3054 819 3112 afﬁciendus.
852 3054 943 3111 Sic
963 3065 1311 3128 corruptores
1337 3057 1669 3127 nuptiarum,
1694 3072 1758 3112 ac
1802 3057 1897 3128 qui
1925 3072 2063 3113 con-

2160 1953 2487 2025 εὑέργαστος
2532 1952 2721 2009 ἅπασα
2767 1954 2861 2025 γῆ,
2897 1955 3021 2017 τοὺς
3067 1953 3518 2025 πλημμελοῦντας
3542 1954 3740 2026 ἀχαρί-

2161 2063 2299 2110 στως
2336 2046 2415 2110 είς
2453 2045 2544 2099 τὸν
2579 2047 2836 2115 σφέτερον
2871 2045 3221 2117 δημιουργὸν,
3256 2047 3312 2099 ὲν
3342 2044 3419 2116 τῷ
3454 2043 3736 2117 παρατρέ-

2158 2137 2354 2192 πεσθαι
2381 2138 2451 2192 τὰ
2485 2138 2579 2192 ἀπ’
2608 2138 2785 2192 αὑτῶν
2820 2137 3203 2208 ποικιλλόμενα
3237 2136 3401 2209 βρέτη
3430 2135 3579 2208 (55);
3613 2134 3734 2190 Κᾶν

2158 2229 2267 2302 γὰρ
2291 2229 2399 2284 ἀπὸ
2430 2230 2766 2300 κλεψιμαίων
2790 2232 2856 2301 τῇ
2895 2229 3161 2301 ὑφαντικῇ
3190 2228 3481 2301 παρέχοιτό
3504 2245 3587 2292 τις
3609 2227 3735 2299 ἔρια

2159 2322 2342 2396 τέχνῃ,
2378 2322 2516 2393 πρὸς
2567 2321 2625 2376 ἓν
2675 2322 2834 2393 μόνον
2864 2321 3242 2375 ἀποϐλέπουσα
3270 2320 3428 2375 τοῦτο
3469 2322 3502 2392 η
3546 2321 3735 2391 τέχνη,

2159 2414 2476 2487 δημιουργεῖ
2518 2415 2616 2486 τὴν
2667 2413 3057 2484 ὑποκειμένην,
3092 2413 3141 2466 εί
3187 2409 3397 2478 δέξεται
3442 2410 3540 2483 τὴν
3569 2429 3739 2466 κατα-

2162 2506 2381 2579 σκευὴν,
2413 2506 2563 2561 οὐδὲν
2590 2505 2999 2578 ἀποθαλλομένη
3046 2503 3153 2559 τῶν
3197 2506 3362 2576 ἑαυτῇ
3408 2503 3695 2575 χρησίμων
3717 2520 3733 2534 ·

2159 2600 2279 2654 ἐπεὶ
2330 2599 2495 2672 μηδὲν
2532 2598 2704 2655 αἴτιόν
2736 2601 2883 2653 ἐστιν
2917 2596 3150 2652 ἐνταῦθα
3191 2595 3253 2650 τὸ
3297 2595 3499 2651 κλαπὲν
3531 2594 3739 2665 ἄψυχον

2158 2691 2238 2745 δν.
2273 2691 2364 2746 Διὸ
2407 2692 2471 2764 δὴ
2521 2693 2653 2746 αὑτὸ
2699 2692 2796 2763 μὲν
2828 2690 3121 2763 ἐργαστέον
3150 2689 3243 2744 καὶ
3276 2687 3575 2759 κοσμητέον
3598 2685 3739 2739 ⁸’τὸν

2156 2781 2213 2835 δὲ
2244 2781 2570 2853 ὑφελόμενον
2598 2782 2766 2852 ἀδίκῳ
2796 2783 2953 2853 φωρᾴ
2980 2780 3345 2852 τιμωρητέον.
3366 2777 3529 2848 Ἀτὰρ
3550 2777 3613 2849 δὴ
3636 2776 3739 2832 καὶ

2157 2874 2284 2937 τοὺς
2314 2872 2620 2945 δηλήμονας
2651 2872 2758 2925 τῶν
2787 2872 3001 2943 γάμων,
3034 2872 3127 2925 καὶ
3158 2871 3488 2943 διαῤῥήκτας
3514 2869 3613 2940 τῆς
3644 2868 3737 2921 εὑ-

2157 2965 2458 3036 αρμοστίας
2490 2963 2583 3019 τοῦ
2617 2964 2731 3036 βίου
2774 2963 2880 3017 τῶν
2926 2962 3128 3036 χορδῶν
3190 2961 3618 3033 φλεγμαίνοντας
3652 2959 3738 3014 οἷ’

2160 3073 2327 3129 στρῳ,
2360 3058 2453 3111 καὶ
2499 3057 2598 3128 τὴν
2649 3056 2828 3129 ὄρεξιν
2874 3057 2956 3121 είς
3013 3055 3250 3128 μοιχείαν
3280 3052 3735 3124 έκκαλουμένους,

486 3148 669 3204 cinnae
691 3155 966 3219 castaeque
990 3149 1133 3213 vitae,
1164 3150 1311 3205 velut
1329 3150 1571 3215 citharae,
1597 3156 1799 3206 temere
1822 3148 2056 3205 chordas

2165 3150 2354 3215 αὐτοὺς
2389 3150 2486 3221 μὲν
2527 3148 2877 3222 βασανιστέον
2922 3150 3017 3202 καὶ
3046 3147 3382 3220 τιμωρητέον
3407 3164 3419 3177 ⁸
3452 3146 3546 3201 ἀπ’
3576 3143 3736 3199 ἀλλο-

486 3248 765 3312 rumpunt,
801 3240 1030 3298 efl‘renes
1078 3239 1422 3297 inflammatae
1452 3241 1768 3313 cupiditatis
1796 3251 1964 3298 {estus
1995 3242 2052 3297 in

2165 3242 2321 3315 τρίων
2349 3241 2457 3315 γὰρ
2489 3244 2678 3314 κήπων
2711 3241 2809 3306 τὰς
2843 3240 3189 3310 παιδογόνους
3221 3239 3566 3312 λυμαίνονται
3604 3236 3736 3291 κλέ-

484 3331 753 3389 adulteria
783 3334 1052 3401 laxantes,
1076 3334 1182 3406 ipsi
1206 3332 1423 3405 quidem
1438 3334 1729 3390 'cruciandi
1766 3324 2053 3404 pudendi-

2165 3352 2380 3400 πτοντες
2409 3336 2722 3407 συμπλοκάς
2746 3352 2759 3366 ·
2788 3335 2887 3407 τὴν
2915 3334 2972 3388 δὲ
3008 3333 3235 3405 σπορὰν,
3272 3332 3460 3405 ὥσπερ
3487 3330 3552 3403 δὴ
3578 3330 3739 3384 κάκεῖ

485 3439 592 3495 que
613 3432 781 3481 sunt:
817 3436 1016 3483 nocent
1063 3426 1211 3482 enim
1257 3425 1516 3497 graviter,
1545 3440 1610 3481 ex
1652 3425 1845 3481 alienis
1878 3425 2052 3483 hortis

2165 3426 2229 3481 τὰ
2260 3426 2402 3501 ἔρια,
2440 3428 2752 3501 μορφωτέον
2779 3428 2874 3482 καὶ
2905 3428 3202 3499 ψυχωτέον.

486 3532 839 3576 mconcessos
865 3519 1101 3574 furando
1126 3518 1673 3583 concubitus;semen
1700 3534 1829 3575 vero
1856 3520 2058 3590 ipsum,
2100 3522 2179 3575 uti
2245 3529 2299 3576 et
2330 3522 2441 3576 illic
2478 3523 2701 3588 vellera,
2744 3519 3094 3576 formandum
3140 3528 3225 3575 est
3287 3519 3579 3588 animaque
3635 3510 3736 3568 do-

485 3612 746 3669 nandum.

957 3757 1087 3812 Car.
1122 3755 1212 3811 Vl.
1249 3755 1429 3811 Etiam
1456 3756 1879 3811 adulterinorum
1910 3764 2159 3826 portuum
2195 3767 2327 3805 cura
2360 3750 2488 3814 Deo,
2530 3750 2596 3804 iis
2631 3749 2803 3819 angeli
2835 3755 3106 3802 curatores
3140 3747 3275 3801 dati.

558 3872 624 3927 Et
657 3874 790 3944 quid
821 3890 960 3946 opus
1001 3883 1155 3930 tanta
1185 3877 1560 3946 exemplorum
1597 3875 1652 3929 vi
1688 3874 1891 3930 frustra
1936 3888 2058 3929 ser-

487 3981 704 4021 monem
736 3966 1060 4035 producere,
1111 3981 1236 4021 cum
1271 3968 1406 4023 satis
1443 3968 1648 4038 liqueat
1684 3965 1780 4022 Dei
1813 3965 2059 4038 profecto

487 4070 629 4126 opus
679 4070 824 4120 esse,
880 4071 1173 4125 corporum
1215 4058 1588 4113 structuram?
1641 4056 1873 4125 Quando
1912 4056 2061 4111 enim

489 4153 687 4202 natura
716 4147 870 4204 brevi
914 4148 1052 4203 adeo
1084 4156 1348 4220 tempore,
1398 4149 1507 4205 nisi
1564 4148 1676 4205 Deo
1727 4150 2057 4219 adiutorium

490 4240 966 4307 subministrante,
994 4248 1208 4295 tantum
1240 4255 1379 4311 opus
1403 4241 1727 4311 perliceret?
1754 4240 1889 4308 Quis
1911 4240 2059 4297 enim

490 4332 894 4403 incompactam
928 4331 1203 4404 compegit
1224 4332 1432 4389 ossium
1465 4334 1872 4390 substantiam?
1922 4334 2060 4400 Quis

490 4438 622 4481 vero
652 4423 948 4495 colligavit,
974 4432 1034 4479 ut
1060 4424 1244 4482 nervis
1265 4423 1693 4481 extenderentur
1727 4440 1790 4480 ac
1815 4424 2062 4480 remitte-

2232 3869 2342 3924 Καὶ
2366 3870 2419 3923 τί
2442 3869 2523 3923 δεῖ
2543 3867 2945 3941 παραδείγμασι
2968 3865 3241 3929 τοσούτοις
3254 3866 3597 3939 κεχρημένην
3622 3863 3735 3939 (54)

2167 3960 2427 4033 μηκύνειν
2479 3960 2570 4014 τὸν
2620 3958 2818 4028 λόγον;
2855 3958 2988 4012 Οὐδὲ
3018 3957 3126 4028 γὰρ
3175 3956 3239 4010 ἂν
3291 3956 3464 4020 οὑτως
3488 3961 3544 4012 ἐν
3572 3959 3739 4031 ὀλίγῳ

2163 4056 2337 4127 χρόνῳ
2360 4053 2608 4107 τοσοῦτον
2633 4052 2737 4119 ἔξω
2767 4051 2918 4115 θείας
2944 4050 3173 4122 κομιδῆς
3204 4049 3361 4121 ἔργον
3391 4049 3613 4121 ἐξήνυσε
3638 4050 3740 4122 φύ-

2164 4165 2266 4213 σις.
2297 4146 2392 4212 Τίς
2416 4146 2522 4218 γὰρ
2560 4145 2760 4199 ὀστέων
2800 4146 3041 4215 ᾶπηκτον
3068 4143 3267 4215 ἔπηξεν
3296 4142 3479 4196 οὑσίαν
3505 4160 3519 4209 ;
3551 4144 3647 4208 Τίς
3675 4143 3735 4198 δὲ

2164 4240 2419 4311 ξυνέδησε
2445 4236 2809 4292 ἐπιτείνεσθαι
2841 4234 3050 4308 νεύροις
3087 4239 3180 4290 καὶ
3212 4235 3455 4291 ἀνίεσθαι
3481 4234 3609 4306 περὶ
3636 4235 3733 4300 τὰς

2164 4331 2412 4405 ἁρμογὰς
2434 4330 2797 4400 καμπτόμενα
2815 4329 2881 4381 τὰ
2902 4328 3037 4400 μέλη
3059 4344 3074 4392 ;
3102 4328 3194 4392 Τίς
3213 4329 3256 4382 δ’
3274 4330 3574 4399 ὑπονόμους
3602 4344 3736 4381 κατ-

2167 4422 2428 4476 εσκεύασε
2487 4419 2564 4492 τῷ
2612 4421 2803 4492 αἵματι
2839 4461 2853 4485 ,
2906 4422 2999 4475 καὶ
3052 4421 3296 4493 μαλακὴν
3349 4419 3612 4493 ἀρτηρίαν
3656 4417 3734 4490 τῷ

491 4525 687 4574 rentur
714 4518 783 4573 ad
799 4516 1091 4588 juncturas
1120 4528 1336 4573 artuum
1368 4518 1451 4574 sic
1483 4518 1727 4574 membra
1758 4515 2062 4572 flectentia?

2166 4515 2474 4587 πνεύματι;
2502 4517 2571 4570 Ἦ
2602 4515 2684 4579 τίς
2716 4515 2872 4579 ἄλλος
2901 4515 3013 4585 (55)
3043 4513 3292 4585 ὲζύμωσε
3334 4515 3502 4586 χυμὸν
3541 4512 3735 4578 δεύσας

491 4602 628 4670 Quis
655 4605 942 4662 cuniculos
974 4605 1250 4677 sanguini,
1281 4606 1612 4678 mollemque
1652 4605 1873 4677 spiritui
1919 4612 2065 4660 arte-

489 4694 632 4750 riam
658 4698 1022 4768 praaparavit?
1057 4699 1161 4753 Aut
1211 4698 1340 4771 quis
1391 4697 1536 4755 alius
1596 4697 1883 4753 humorem
1931 4712 2065 4753 san-

494 4789 660 4860 guinc
684 4789 976 4858 imbutum,
1007 4807 1185 4862 exque
1219 4791 1351 4847 limo
1394 4790 1610 4847 mollem
1670 4789 1909 4861 palpam,
1962 4789 2066 4847 fer-

494 4888 681 4934 mento
710 4895 877 4950 prope
906 4880 1186 4949 dilatavit;
1218 4880 1327 4938 nisi
1369 4879 1523 4937 solus
1554 4895 1807 4937 summus
1837 4878 2059 4944 artifex,

490 4969 586 5041 qui
623 4971 803 5024 vivum
838 4986 939 5027 nos
981 4972 1280 5041 hominem,
1322 4973 1644 5029 rationalem
1699 4973 1786 5029 sui
1834 4971 2062 5044 effigiem

562 5123 674 5198 (33)
697 5128 1130 5198 Ποικμλόμενα
1163 5126 1373 5198 βρέτη.
1428 5123 1647 5180 Variam
1683 5124 1981 5198 lectionem
2004 5122 2064 5178 in

488 5193 624 5252 vote
657 5193 1038 5268 ποικιλλόμενα
1063 5193 1180 5255 Vat.
1205 5193 1606 5268 'cod.‘agnoscit
1623 5195 1785 5268 etiam
1804 5193 2061 5268 Allatius,

490 5268 572 5341 Ad
597 5265 1025 5341 liteePossinius
1055 5285 1154 5341 pro
1185 5268 1372 5341 βρέτη,
1399 5265 1950 5341 fallentibuscculi‘s,
1975 5265 2061 5321 vel

491 5340 653 5393 etiam
682 5339 941 5411 illudente
961 5337 1162 5400 scriba,
1187 5337 1376 5411 ’βρέφη
1409 5339 1535 5411 legit
1553 5356 1571 5411 ξ
1603 5337 1749 5411 quod
1768 5346 1837 5411 et
1889 5337 2059 5411 cona-

492 5417 583 5464 tur
614 5410 858 5472 reddere,
894 5424 1020 5465 cum
1080 5412 1151 5467 sit
1178 5407 1382 5464 nullius
1432 5409 1518 5461 hic
1544 5407 1737 5478 frugis.
1768 5407 1890 5462 Non
1914 5408 2060 5461 enim

493 5481 710 5562 metalla
738 5487 1075 5562 enumerata
1100 5482 1235 5562 bene
1283 5480 1351 5534 ad
1391 5478 1609 5560 liberos.
1637 5484 2057 5562 componantur,

494 5552 588 5620 μιδά
617 5552 683 5604 ad
711 5560 924 5606 statuas
949 5558 1002 5605 et
1032 5551 1347 5613 simulacra,
1395 5564 1516 5620 quae
1565 5549 1645 5605 sic
1669 5547 1819 5605 varia
1850 5564 1919 5603 cx
1957 5547 2066 5602 illis

494 5619 664 5673 tim-ci
695 5622 923 5676 Colenda
952 5622 1330 5685 elformabant,
1381 5619 1551 5675 invita
1583 5626 1796 5682 natura,
1835 5620 1887 5672 in
1928 5632 2063 5671 con-

495 5701 754 5763 temptum
816 5692 927 5747 Dei.
968 5690 1083 5747 Vox
1137 5707 1353 5763 quoque
1390 5690 1757 5763 πηλικωμένοι
1800 5691 1918 5760 ipsa
1950 5702 2059 5741 non

495 5762 631 5833 satis
669 5762 952 5825 Graec-amt
978 5762 1216 5833 undique
1238 5762 1439 5833 pateat.
1466 5776 1628 5814 unam
1649 5762 1922 5833 duntaxat
1940 5774 2059 5828 pro-

493 5832 674 5888 batam
709 5834 1013 5900 lectionem,
1046 5830 1208 5891 uuam
1239 5830 1318 5891 ἐχ
1367 5834 1526 5889 Allat.
1554 5841 1605 5889 et
1645 5830 1780 5887 Μία.
1818 5831 1941 5887 cod.
1966 5847 2053 5885 se-

2166 4607 2375 4679 αἴματι,
2410 4608 2504 4661 καὶ
2552 4604 2831 4678 μαλθακὴν
2878 4607 2941 4657 ὲκ
2989 4605 3113 4675 χοὸς
3165 4604 3375 4676 σάρκα;
3407 4605 3475 4657 Ἦ
3523 4603 3682 4674 μόνος
3707 4604 3737 4657 ό

2165 4699 2551 4772 ἀριστοτέχνης
2577 4698 2674 4769 τὴν
2704 4695 3074 4767 λογικωτάτην
3103 4695 3287 4749 εῑκόνα
3328 4695 3421 4749 καὶ
3469 4693 3731 4765 ἔμψυχον,

2163 4792 2255 4846 τδν
2286 4792 2591 4865 ἄνθρωπον,
2624 4792 2791 4863 ἡμᾶς,
2824 4789 3016 4843 ἑαυτοῦ
3043 4789 3476 4858 τεκταινόμενος,
3508 4786 3601 4841 καὶ
3633 4804 3734 4857 κη-

2166 4884 2482 4957 ροπλαστῶν
2514 4883 2575 4951 ἐξ
2604 4882 2787 4955 ὑγρῶν
2821 4882 2914 4936 καὶ
2947 4881 3295 4953 βραχυτάτων
3321 4880 3648 4953 σπερμάτων
3676 4880 3734 4931 ἐν

2171 4981 2387 5056 μήτρῃ
2435 4979 2532 5043 Τίς
2584 4978 2693 5050 γάρ
2730 4960 2876 5031 ἐστιν
2907 4978 2935 5029 ὁ
2968 4972 3415 5046 προμηθούμενος
3464 4972 3545 5045 μή
3595 4986 3735 5042 συμ-

2162 5132 2636 5206 quor__Couserts.

2210 5203 2349 5330 ἑ(54)
2384 5200 2805 5328 ἕεχρημέθνην.
2847 5199 3012 5255 Allat.
3055 5207 3109 5255 et
3150 5196 3394 5277 Possim,
3447 5213 3736 5270 καταχρω-

2239 5293 2355 5330 νην.
2434 5289 2556 5329 Αιι..

2239 5293 2355 5330 νην.
2384 5289 2556 5329 ῡΑιι..
3739 5290 3746 5330 ἕ

2168 5294 2355 5348 μενην.
2384 5294 2556 5329 hau.

2201 5417 2204 5418 ν
2240 5345 2350 5418 (55)
2377 5339 2565 5418 ’[Ημτις
2606 5341 2814 5418 ἄλλος.
2849 5340 3091 5418 M_onst_ro
3126 5338 3362 5418 quodam
3399 5338 3570 5418 codex
3612 5337 3731 5418 Vat.

2166 5409 2353 5480 “Η’τίς
2375 5415 2507 5478 Θεός
2542 5409 2558 5444 ³
2590 5413 2733 5484 quod
2765 5420 2820 5466 et
2876 5409 3162 5484 Possiuius
3193 5409 3459 5479 sequitur.
3509 5409 3731 5478 Accepi,

2163 5502 2271 5541 non
2298 5495 2358 5540 ut
2392 5500 2585 5539 novam
2607 5481 2921 5551 iectionem,
2954 5481 3047 5536 sed
3079 5492 3138 5537 ut
3163 5490 3371 5551 partem
3391 5487 3590 5541 textus,
3610 5494 3736 5551 quo

2171 5558 2465 5628 exponitur
2484 5555 2620 5608 mira
2644 5553 2847 5609 fabrica
2876 5554 3098 5607 humani
3121 5550 3382 5628 corporis
3421 5568 3434 5602 :
3477 5550 3619 5628 quod
3666 5563 3736 5603 ex

2168 5620 2337 5699 parvo
2369 5627 2596 5699 humore
2643 5640 2730 5699 ac_
2756 5640 2947 5699 spuma
2980 5624 3138 5693 quasi
3188 5620 3453 5699 fermento
3475 5620 3736 5674 dilatetur

2169 5691 2349 5752 inassa
2380 5695 2651 5767 corporis,
2718 5691 2958 5751 in'dura
3000 5691 3133 5748 ossa
3167 5707 3230 5746 ar.
3263 5691 3477 5767 mollem
3510 5705 3746 5767 carnem.

2163 5760 2555 5837 cruentumque
2584 5767 2861 5822 humorem
2888 5771 3225 5835 exporrecta.
3257 5760 3546 5816 Councrts.
