4056 6302
288 402 363 465 57
1348 393 1737 456 CONVIVIUM
1775 389 2006 448 DECEM
2045 388 2407 447 VIRGINUM.
2535 388 2563 395 ’
3468 393 3538 450 53

286 525 581 597 πνίγεσθαι
608 522 686 595 τῷ
718 520 871 595 ὑγρῷ
894 521 986 577 καὶ
1008 524 1074 594 τῇ
1102 522 1295 593 συνοχῇ
1322 518 1432 574 τῶν
1458 518 1715 589 ἀγγείων,
1747 517 1860 569 ἐπι-

1969 511 2287 578 fabricatus,
2321 525 2388 565 ex
2422 505 2675 563 humanis
2722 506 3172 580 tenuissimisque
3205 507 3535 579 seminibus,

288 618 621 691 κλυζόμενον
653 616 761 670 ἔσω
783 614 843 669 τδ
875 614 1139 687 ἔμϐρυον;
1162 615 1232 668 Ἦ
1256 612 1337 677 τίς
1367 614 1395 666 ὁ
1430 611 1567 683 μετά
1593 610 1654 665 τὸ
1676 609 1865 680 λοχευ-

290 709 451 782 θῆναι
483 710 577 765 καὶ
606 710 686 772 είς
718 706 833 778 φῶς
865 705 1126 771 ἀνελθεῖν,
1158 708 1238 769 είς
1269 704 1499 777 μέγεθος
1541 702 1634 757 καὶ
1673 701 1867 765 κάλλος

291 804 389 859 καὶ
429 801 621 890 ῥώμην
652 800 711 890 εξ
741 797 997 862 ἀσθενοῦς
1045 797 1137 851 καὶ
1183 796 1411 890 βραχέος
1444 794 1802 890 ’μεταϐάλλων

296 894 373 968 μὴ
415 886 579 958 αὐτὸς
623 887 776 956 οὗτος
815 891 844 942 ὁ
876 890 1282 961 ἀριστοτέχνης,
1311 888 1386 952 ὼς
1428 887 1583 959 ἔφην,
1617 886 1768 952 Θεὸς,
1798 888 1863 958 τῇ

291 991 549 1061 ποιητικῇ
596 987 820 1057 δυνάμει
869 984 948 1056 τῷ
991 983 1211 1056 Χριστῷ
1254 979 1743 1055 μετασχηματίζων
1773 979 1866 1033 καὶ

292 1078 740 1155 μεταζωγραφῶν
764 1077 862 1141 τὰς
907 1076 1079 1141 ίδέας;
1115 1077 1137 1100 *⁵
1175 1073 1336 1129 Ὅθεν
1389 1072 1453 1144 δὴ
1482 1072 1575 1126 κει)⁹
1601 1070 1867 1143 τημελού-

288 1191 407 1247 χοις
434 1172 704 1242 ἀγγέλοις,
740 1169 842 1225 κᾶν
871 1170 936 1223 ὲκ
961 1167 1204 1240 μοιχείας
1226 1159 1327 1220 ὧσι
1351 1165 1419 1219 τὰ
1443 1164 1863 1236 ἀποτικτόμενα,

289 1261 678 1337 παραδίδοσθαι
726 1259 1139 1337 παρειλήφαμεν
1186 1259 1244 1312 ὲν
1280 1255 1657 1321 θεοπνεύστοις
1685 1254 1868 1326 γράμ-

294 1375 478 1432 μασιν.
512 1359 575 1411 Ei
605 1357 713 1430 γὰρ
745 1354 893 1428 παρά
925 1353 1023 1427 τὴν
1073 1351 1301 1424 γνώμην
1352 1349 1591 1419 ἐγίνοντο
1637 1348 1731 1402 καὶ
1774 1348 1865 1401 τὸν

291 1452 494 1525 θεσμὸν
546 1452 643 1522 τῆς
676 1449 949 1521 μακαρίας
980 1446 1194 1518 ἐκείνης
1215 1445 1427 1517 φύσεως
1455 1443 1549 1497 τοῦ
1569 1441 1725 1507 θεοῦ,
1750 1440 1866 1505 πῶς

288 1547 543 1617 ἀγγέλοις
587 1544 755 1599 ταῦτα
788 1539 1102 1613 παρεδίδοτο
1133 1536 1523 1610 τραφησόμενα
1557 1534 1695 1607 μετά
1734 1532 1865 1587 πολ-

290 1638 391 1710 λῆς
421 1635 777 1699 ἀναπαύσεως
810 1634 906 1688 καὶ
940 1629 1253 1705 ρᾳστὼνηςς
1283 1628 1408 1691 Πῶς
1428 1627 1484 1681 δὲ
1514 1628 1608 1681 καὶ
1630 1643 1867 1698 κατηγο-

295 1732 527 1802 ρήσοντα
549 1727 697 1799 σφῶν
724 1724 904 1782 αὐτῶν
927 1724 1053 1788 τοὺς
1076 1726 1252 1793 γονεῖς
1279 1720 1765 1793 εὐπαρῤησιάςτως
1786 1721 1865 1782 εἰς

287 1820 349 1874 τὸ
393 1820 742 1890 δικαστήριον
795 1815 1116 1888 ἐκίκλησκον
1176 1813 1271 1868 τοῦ
1318 1811 1596 1886 Χριστοῦ;
1649 1811 1720 1865 Σὺ
1765 1811 1865 1864 οὐκ

1967 603 2117 660 velut
2137 619 2200 658 ex
2232 617 2379 665 cera,
2411 600 2467 654 in
2495 600 2655 654 vulva
2679 598 2921 671 eﬂlngit?
2972 601 3054 656 Ad
3104 601 3266 673 cujus
3307 604 3452 657 enim
3484 603 3537 658 id

1968 710 2155 750 curam
2198 701 2430 765 spectat,
2473 708 2542 746 ne
2576 699 2688 745 tum
2722 691 2970 755 humido,
3020 700 3245 764 tumque
3286 695 3539 749 vasculo-

1966 802 2088 841 rum
2119 787 2388 858 angustiis
2422 785 2738 849 sullocetur,
2764 784 2914 838 intus
2947 785 3206 842 innatans
3234 794 3392 842 utero
3440 800 3539 858 ge-

1970 889 2147 937 status
2182 879 2539 949 imperfectus
2574 878 2750 934 fetus?
2776 877 2911 945 Quis
2940 893 2971 931 a
3002 885 3161 948 partu
3183 878 3295 948 jam
3328 880 3535 934 editum

1967 972 2132 1043 inque
2184 972 2361 1027 lucem
2397 981 2736 1041 susceptum,
2774 972 2856 1027 sic
2881 970 3209 1027 imbecillem
3244 970 3533 1042 exiguum—

1968 1080 2075 1136 que
2095 1066 2150 1120 in
2174 1064 2371 1119 molem
2406 1072 2460 1119 et
2486 1064 2718 1119 formam
2745 1079 2809 1119 ac
2840 1065 3010 1119 robur
3031 1064 3288 1119 idoneum
3337 1077 3535 1133 prove-

1948 1158 2084 1213 hit?
2116 1158 2221 1214 nisi
2256 1158 2346 1212 ille
2376 1158 2540 1221 idem,
2574 1167 2632 1211 ut
2656 1158 2793 1222 dixi,
2817 1172 3112 1229 supremus
3146 1155 3340 1211 artifex
3367 1153 3534 1223 Deus,

1966 1250 2229 1306 creatrice
2258 1250 2333 1314 vi,
2363 1248 2523 1319 quasi
2573 1249 2796 1304 Christo
2844 1240 3165 1317 exemplari
3199 1246 3401 1317 ﬁguras
3431 1245 3530 1299 due

1965 1353 2096 1393 cens
2126 1347 2290 1409 atque
2326 1337 2395 1392 ad
2447 1338 2632 1393 vivum
2680 1337 2895 1409 species
2938 1336 3270 1408 depingens?
3298 1336 3453 1392 Unde
3482 1343 3537 1391 et

1964 1427 2293 1483 tutelaribus
2323 1426 2555 1498 angelis,
2589 1426 2752 1482 etiam
2812 1442 2878 1482 ex
2933 1426 3204 1481 adulterio
3251 1433 3535 1498 susceptas

1963 1520 2146 1590 proles
2180 1518 2578 1585 commendari,
2610 1535 2677 1574 ex
2710 1517 2912 1574 divinis
2958 1518 3162 1573 litteris
3196 1517 3531 1588 accepimus.

1966 1608 2022 1665 Si
2048 1610 2194 1666 enim
2228 1610 2395 1665 invita
2441 1611 2613 1667 beatae
2665 1611 2814 1666 illius
2862 1617 3094 1673 naturae,
3150 1608 3247 1666 Dei
3299 1609 3532 1675 scilicet,

1962 1705 2264 1770 voluntate,
2292 1712 2601 1776 praeterque
2626 1703 2747 1774 ejus
2774 1704 3065 1760 consilium
3085 1719 3148 1758 ac
3170 1704 3343 1774 legem
3394 1702 3533 1761 exsi-

1965 1804 2193 1861 sterent,
2212 1798 2488 1867 quomodo
2515 1796 2721 1868 angelis
2754 1796 3100 1851 traderentur
3129 1795 3326 1851 blande
3353 1794 3533 1851 admo-

285 1912 588 1984 ἐφθόνησας
609 1885 771 1983 μίν,
802 1904 847 1964 ὦ
874 1885 1068 1979 Κύριε,
1096 1908 1159 1961 τὸ
1198 1885 1396 1970 κοινὸν,
1430 1905 1678 1973 λέγοντα,
1706 1902 1860 1956 τοῦτο

1964 1887 2092 1943 dum
2153 1902 2218 1943 ac
2258 1887 2602 1958 indulgenter
2654 1887 2991 1943 educandis?
3041 1885 3325 1953 Quomodo
3370 1887 3530 1940 etiam

288 2004 434 2076 φῶς·
470 1998 615 2058 οὗτοι
637 2002 695 2055 δὲ
728 2002 874 2073 ἡμᾶς
906 2001 985 2062 εἰς
1022 1998 1250 2053 θάνατον
1294 1995 1557 2062 ἐξέθεντο,
1592 2011 1868 2066 καταφρο-

286 2098 550 2170 νήσαντες
586 2093 687 2166 τῆς
724 2093 825 2162 σῆς
868 2090 1221 2161 ἐντολῆς.Ἐκ
1253 2087 1362 2161 γὰρ
1391 2088 1648 2162 ὰηόμων,
1681 2087 1869 2157 φησὶν,

286 2187 496 2241 ὕπνων
525 2184 636 2256 ('56)
665 2183 848 2250 τέκνα
886 2180 1228 2251 γεννώμενα
1267 2176 1565 2249 μάρτυρές
1609 2180 1726 2232 εισι
1761 2192 1868 2229 πο·-

283 2275 498 2343 raptae
544 2274 693 2329 κατὰ
733 2273 956 2345 γονέων
996 2273 1067 2326 ἐν
1104 2269 1415 2341 ἐξετασμῷ
1455 2267 1719 2325 πιθανῶν
1763 2269 1868 2323 λό-

286 2386 427 2438 των.

1960 1993 2091 2035 suos
2120 1978 2397 2049 genitores
2421 1985 2781 2046 accusatum,
2810 1978 2979 2033 libere
3013 1977 3081 2032 ad
3105 1976 3315 2032 Christi
3350 1977 3533 2032 tribu-

1959 2071 2051 2125 nal
2080 2070 2350 2126 citarent?
2385 2069 2469 2124 Tu
2518 2070 2760 2140 quidem,
2815 2068 3064 2134 Domine,
3108 2071 3386 2141 inquiunt,
3419 2083 3534 2125 non

1960 2163 2206 2220 invidisti
2234 2162 2393 2218 nobis
2414 2177 2704 2218 commune
2729 2162 2835 2218 hoc
2874 2162 3092 2231 lumen;
3117 2163 3176 2218 hi
3217 2172 3398 2219 autem
3427 2179 3531 2220 nos

1960 2258 2017 2314 in
2049 2265 2280 2312 mortem
2312 2263 2712 2327 exposuerunt,
2747 2263 3061 2326 contempto
3095 2265 3192 2309 tuo
3249 2255 3529 2312 mandato.

1963 2349 2049 2405 Ea:
2069 2350 2361 2422 illegitimis
2390 2351 2534 2405 enim
2562 2352 2784 2417 somnis,
2818 2350 3015 2421 inquit,
3043 2350 3149 2420 ﬁlii
3175 2350 3265 2421 qui
3294 2366 3532 2407 nascun-

1963 2456 2069 2513 tur,
2101 2455 2255 2501 testes
2279 2455 2402 2500 sunt
2445 2446 2689 2516 nequitiae
2719 2444 2968 2501 adversus
3012 2423 3253 2515 par'entes
3285 2461 3339 2500 in
3368 2445 3536 2501 inter-

1956 2540 2228 2611 rogatione
2253 2538 2684 2610 persuasibilium
2713 2554 3015 2595 sermonum
3036 2540 3101 2596 ³⁷.

560 2700 692 2758 Cap.
718 2700 834 2759 νη.
864 2701 1060 2757 Anima
1090 2702 1374 2758 rationalis
1402 2704 1466 2757 ab
1490 2703 1604 2773 ipso
1627 2702 1755 2759 Deo.
1790 2702 2029 2761 Castitas
2059 2723 2162 2761 non
2200 2722 2309 2760 una
2337 2706 2493 2771 bona,
2526 2705 2627 2759 etsi
2650 2703 2836 2760 melior
2857 2713 2908 2759 et
2931 2702 3263 2761 honoratior.

358 2820 471 2877 Καὶ
496 2821 637 2894 τάχα
668 2823 766 2894 μὲν
797 2819 891 2878 οὖν
921 2824 985 2897 δὴ
1028 2826 1212 2898 χώραν
1238 2825 1347 2891 ἕξει
1376 2825 1740 2897 πιθανολογῶν
1776 2845 1860 2892 τις

2036 2827 2103 2882 Ει
2136 2828 2316 2884 adhuc
2341 2827 2526 2883 locum
2556 2827 2780 2884 habebit
2812 2826 3012 2898 aliquis
3042 2827 3400 2898 probabiliter
3415 2826 3535 2886 dis-

277 2919 346 2973 ὲν
393 2918 455 2972 οὐ
500 2922 765 2991 κριτικοῖς
805 2920 900 2975 καὶ
929 2922 1211 2994 φρονίμοις
1242 2922 1486 2994 ἀνδράσι,
1520 2922 1610 2977 τὸν
1657 2922 1859 2994 χιτῶνα

1965 2920 2189 2991 putandi
2225 2918 2371 2991 apud
2404 2919 2689 2990 imperitos
2752 2926 2805 2974 et
2856 2918 3250 2989 imprudentes,
3284 2921 3530 2975 tunicam

276 3012 388 3083 τῆς
417 3011 593 3083 ψυχῆς
618 3012 711 3066 τὸν
740 3013 994 3084 σάρκινον
1029 3013 1221 3069 τοῦτον
1263 3014 1370 3067 ὑπὸ
1416 3013 1718 3087 ἀνθρώπων
1764 3032 1859 3086 φο-

1965 3011 2106 3065 hanc
2128 3010 2322 3065 animae
2364 3025 2642 3074 carneam,
2705 3009 2773 3063 ab
2814 3009 3131 3066 hominibus
3166 3020 3365 3076 satam,
3394 3026 3528 3067 casu

276 3108 574 3180 τευόμενον
599 3108 864 3180 αὐτοματὶ
900 3107 1236 3181 μορφοῦσθαι
1266 3108 1416 3181 παρά
1451 3108 1550 3181 τὴν
1582 3109 1854 3179 ἀπόφασιν

1964 3104 2188 3161 formari
2222 3111 2416 3175 praeter
2446 3102 2540 3159 Dei
2566 3102 2921 3170 sententiam;
2958 3102 3319 3160 immortalem
3344 3113 3529 3160 tamen

278 3200 379 3257 τοῦ
424 3200 558 3255 Θεοῦ
581 3218 595 3231 ·
632 3202 693 3255 οὐ
726 3200 832 3273 μὴν
863 3201 964 3272 ήδη
997 3201 1109 3273 (57)
1140 3201 1234 3255 καὶ⁹
1264 3202 1362 3274 τῆς
1390 3201 1565 3275 ψυχῆς
1592 3200 1689 3275 τὴν
1717 3201 1855 3257 ἀθά-

1960 3197 2126 3252 animi
2153 3195 2515 3252 substantiam
2561 3211 2686 3250 cum
2731 3196 2950 3251 mortali
2984 3211 3049 3251 ac
3085 3195 3264 3267 fragili
3300 3210 3530 3267 corpore

277 3312 443 3350 νατον
470 3294 656 3348 οὐσίαν
699 3294 836 3366 μετά
874 3293 970 3347 τοῦ
1015 3293 1211 3366 θνητοῦ
1242 3294 1557 3366 σπείρεσθαι
1584 3294 1852 3352 διδάσκων

1960 3291 2217 3349 seminari
2259 3290 2354 3361 qui
2388 3290 2601 3355 doceat,
2649 3289 2806 3346 ﬁdem
2832 3305 2944 3345 non
2990 3289 3309 3345 merebitur.
3370 3288 3528 3356 Quod

277 3339 1006 3460 πιστευθήσεταιΓσώματος.
1040 3339 1113 3441 Ti;
1141 3392 1157 3411 '
1182 3389 1290 3461 γάρ
1320 3339 1582 3444 ἀθΓάνατον
1610 3390 1702 3444 καὶ
1726 3389 1859 3462 ἀγή-

1960 3339 2217 3349 ----..-.---
2262 3339 2354 3361 ..η
2392 3339 2600 3355 “nm,
2649 3339 2944 3346 --η-ην---
2990 3339 3308 3345 ..-.-------
3378 3339 3528 3356 ν--

1960 3386 2100 3442 enim
2130 3384 2320 3439 mortis
2352 3383 2599 3453 seniique
2621 3397 2817 3453 expers
2851 3390 2956 3447 est,
2985 3383 3136 3438 solus
3158 3382 3344 3453 utique
3367 3381 3528 3438 nobis

280 3496 399 3554 ρων
439 3480 595 3552 μόνος
626 3482 655 3534 ὁ
687 3479 1087 3552 Παντοκράτωρ
1123 3481 1340 3551 ὲμφυσᾷ
1378 3480 1529 3551 ἡμῖν,
1564 3481 1659 3536 καὶ
1698 3480 1858 3552 μόνος

274 3570 393 3626 τῶν
417 3570 661 3644 ἀοράτων
682 3570 799 3624 ἐστὶ
826 3571 920 3624 καὶ⁸
942 3569 1129 3625 ἀνολέθ
1138 3587 1245 3642 ρων
1268 3572 1516 3643 ποιητής.
1536 3572 1859 3641 Ἐνεςαύονη-

276 3676 360 3714 σε
402 3659 510 3731 γὰρ
543 3662 630 3726 είς
667 3659 732 3715 τὸ
761 3660 1084 3729 πρόσωπον
1110 3659 1296 3721 αὐτοῦ
1325 3660 1524 3729 πνοὴν
1552 3658 1720 3730 ζωῆς,
1757 3661 1855 3716 καὶ

276 3751 542 3824 ἐγένετο,
590 3753 774 3825 φησιν,
826 3755 859 3807 ὁ
900 3752 1208 3827 ἅνθρωπος
1258 3756 1345 3820 εις
1389 3753 1600 3824 ψυχὴν
1640 3752 1855 3815 ζῶσαν.

292 3844 519 3917 Ἀμέλει
558 3845 686 3909 τοὺς
729 3844 1074 3917 χειροτέχνας
1105 3844 1326 3908 τούτους
1367 3844 1695 3917 ἀντιώμενος
1718 3848 1746 3899 ὁ
1770 3845 1858 3899 λό-

274 3956 399 4010 γος,
433 3937 526 3991 ἐπὶ
551 3937 695 4009 λύμῃ
718 3936 828 3991 τῶν
854 3937 1153 4010 ἀνθρώπων
1196 3936 1265 3990 τὰ
1305 3937 1648 4007 ἀνδροείκελα
1690 3955 1860 3992 κατα-

276 4028 646 4095 σκευάζοντας
672 4029 982 4101 ἀγάλματα,
1013 4030 1115 4083 οὐκ
1147 4029 1442 4099 αίσθόμενα
1467 4029 1558 4083 τὸν
1586 4028 1714 4083 ἴδιον
1741 4046 1860 4083 ποι-

274 4123 445 4195 ητὴν,
476 4123 534 4176 ὲν
565 4125 632 4194 τῇ
664 4122 958 4195 παναρέτῳ
979 4122 1149 4194 Σοφίᾳ
1183 4123 1352 4193 φησί·
1386 4122 1618 4190 Σποδὸς
1655 4126 1694 4193 ή
1722 4141 1861 4192 καρ-

275 4215 384 4271 δία
411 4213 628 4281 αὐτῶν,
656 4214 754 4269 καὶ
782 4213 895 4285 γῆς
918 4213 1310 4283 εὐτελεστέρα
1350 4216 1388 4283 ἠ
1432 4215 1610 4282 ἐλπὶς
1639 4214 1857 4283 αὐτῶν,

276 4307 484 4376 πηλοῦ
523 4324 589 4362 τε
621 4308 963 4377 ἀτιμότερος
1004 4310 1039 4362 ό
1069 4308 1211 4374 βίος
1242 4306 1467 4362 αὺτῶνο
1508 4307 1596 4361 ὅτι
1636 4308 1857 4379 ἠγνόη-

276 4418 407 4456 σαν
439 4399 545 4454 τὸν
571 4398 893 4454 πλάσαντα
917 4400 1158 4466 αὐτοὺς,
1180 4399 1280 4454 καὶ
1311 4399 1417 4455 τὸν
1439 4401 1860 4470 ἐμπνεύσαντα

278 4492 491 4559 αὐτοῖς
521 4491 733 4561 ψυχὴν
752 4492 1141 4563 ἐνεργοῦσαν,
1158 4492 1256 4547 καὶ
1283 4491 1724 4563 ὲμφυσήσαντα
1750 4495 1858 4548 αὑ-

276 4584 410 4651 τοῖς
428 4584 662 4653 πνεῦμα
687 4583 947 4646 ζωτικόν.
963 4576 1133 4643 Οὗτός
1163 4585 1280 4639 ἐστι
1311 4583 1529 4641 πάντων
1557 4583 1860 4658 ἀνθρώπων

1956 3477 2191 3548 inSpirat
2217 3476 2594 3547 Omnipotens,
2640 3477 2905 3545 solusque
2944 3475 3299 3531 invisibilium
3342 3474 3530 3531 incor-

1957 3570 2406 3641 ruptibiliumque
2440 3578 2655 3624 creator
2681 3575 2784 3625 est.
2825 3567 3111 3638 Inspiravit
3133 3569 3299 3634 enim,
3324 3568 3526 3639 inquit,

1956 3664 2011 3718 in
2039 3662 2228 3732 faciem
2248 3662 2363 3733 ejus
2389 3662 2718 3733 spiraculum
2749 3663 2866 3717 vita:
2904 3677 2923 3716 .'
2964 3669 3014 3717 et
3061 3662 3236 3731 factus
3268 3670 3344 3717 est
3374 3661 3527 3716 homo

1957 3756 2012 3809 in
2044 3753 2276 3807 animam
2301 3753 2551 3809 viventem
2579 3753 2643 3807 ’⁸.
2675 3752 2924 3822 Denique
2974 3751 3214 3806 artiﬁces
3270 3751 3395 3807 illos
3448 3751 3530 3806 in-

1957 3862 2191 3918 crepans
2222 3845 2528 3917 Scriptura,
2557 3845 2648 3916 qui
2676 3844 2744 3898 ad
2768 3843 3049 3898 hominum
3087 3842 3382 3914 perniciem
3424 3843 3529 3898 hu-

1956 3956 2116 3996 mana
2134 3941 2305 3995 forma
2341 3947 2552 3996 statuas
2580 3938 2997 4001 concinnarent,
3031 3936 3184 3991 nullo
3211 3937 3331 4007 ejus
3358 3952 3525 3993 sensu

1957 4032 2233 4102 praeditas,
2286 4047 2395 4102 quo
2448 4040 2673 4085 auctore
2726 4029 2877 4095 ﬁant,
2930 4028 2986 4083 in
3039 4029 3179 4082 libro
3207 4027 3520 4100 Sapientiae.

1958 4125 2139 4180 omnis
2166 4125 2379 4181 scilicet
2426 4123 2649 4179 virtutis
2687 4122 2921 4187 oliicina,
2960 4122 3036 4176 ait
3082 4142 3095 4177 :
3138 4120 3284 4178 Cinis
3326 4136 3406 4179 est
3434 4139 3527 4178 sor

1958 4234 2158 4283 eorum,
2188 4227 2239 4273 et
2272 4227 2414 4273 terra
2443 4231 2764 4287 supervacua
2795 4229 2906 4284 spes
2925 4230 3122 4280 eorum,
3157 4223 3207 4269 et
3229 4215 3339 4270 luto
3369 4216 3525 4271 vilior

1959 4312 2067 4364 vita
2095 4326 2276 4364 eorum
2295 4327 2314 4364 :
2345 4309 2596 4381 quoniam
2617 4309 2931 4380 ignorarunt
2959 4308 3050 4379 qui
3074 4324 3129 4363 se
3161 4308 3337 4378 ﬁnxit,
3365 4318 3415 4364 et
3434 4309 3527 4380 qui

1958 4403 2235 4472 inspiravit
2260 4404 2371 4458 illis
2397 4404 2631 4457 animam
2662 4416 2779 4473 qua:
2800 4410 3076 4469 operatur;
3117 4410 3165 4456 et
3188 4402 3279 4472 qui
3300 4402 3528 4474 insufﬂa-

1957 4496 2032 4551 vit
2064 4498 2137 4548 eis
2158 4494 2397 4563 spiritum
2433 4488 2642 4545 vitalem
2661 4491 2726 4545 ⁸⁸.
2750 4490 2848 4550 Hic
2867 4500 3189 4551 cunctorum
3241 4495 3525 4550 hominum

1959 4587 2212 4643 conditor
2236 4592 2343 4650 est,
2365 4585 2530 4643 Deus.
2559 4584 2983 4656 Proptereaque,
3021 4592 3082 4640 ut
3126 4586 3318 4642 scribit
3374 4585 3525 4656 Apo-

281 4675 536 4748 ποιητὴς,
576 4677 606 4729 ὁ
652 4676 801 4740 Θεός.
825 4676 920 4730 Διὸ
966 4677 1061 4731 καὶ
1078 4674 1308 4743 πάντας
1321 4672 1689 4745 ἀνθρώπους,
1717 4676 1859 4733 κατά

1961 4675 2163 4745 stolus,
2205 4675 2340 4731 Vult
2382 4693 2558 4733 omnes
2589 4676 2824 4733 homines
2851 4676 3025 4733 salvos
3060 4679 3201 4748 ﬁeri,
3225 4686 3276 4733 et
3291 4677 3360 4733 ad
3380 4680 3530 4749 agni-

278 4769 376 4823 τὸν
423 4767 760 4833 Ἀπόστολον,
801 4765 1088 4828 σώζεσθαι
1116 4766 1424 4831 βούλεται,
1461 4765 1561 4820 καὶ
1609 4768 1698 4833 εις
1722 4767 1853 4821 ἐπι-

281 4875 514 4932 τνωσιν
540 4859 824 4928 ἀληθείας
855 4858 1073 4916 ἐλθεῖν.
1106 4858 1218 4914 Καὶ
1265 4857 1452 4930 ἐπειδὴ
1498 4856 1656 4913 τοῦτο
1704 4858 1855 4930 μόλις

282 4952 440 5017 τέλος
476 4951 623 5024 ἔσχε,
654 4951 838 5007 λοιπὸν
864 4951 929 5023 δὴ
955 4951 1024 5006 τὰ
1058 4950 1197 5024 μετά
1214 4949 1385 5005 ταῦτα
1409 4950 1652 5007 λεκτέον.
1668 4950 1857 5006 Ὁπότ-

1961 4765 2150 4821 tionem
2170 4769 2406 4823 veritatis
2426 4769 2598 4824 venire
2610 4768 2677 4822 ³⁰.
2702 4767 2770 4823 Ει
2791 4768 3048 4839 quoniam
3067 4769 3170 4825 hoc
3195 4770 3283 4825 vix
3306 4769 3527 4826 tandem

1958 4868 2121 4929 caput
2152 4858 2551 4930 expedivimus,
2607 4877 2730 4932 quae
2780 4868 3080 4934 supersunt
3133 4861 3394 4933 deinceps
3439 4861 3529 4918 di-

1963 4949 2137 5006 cenda
2172 4957 2321 5005 sunt.
2353 4949 2457 5006 Ubi
2480 4950 2627 5007 enim
2656 4951 2782 5023 quis
2815 4968 3004 5008 eorum
3043 4968 3166 5025 quae
3193 4968 3262 5009 ex
3290 4952 3535 5010 humana

356 5129 404 5164 ³⁷
433 5127 566 5200 Sap.
595 5144 671 5197 Iv,
698 5128 753 5186 6.
826 5127 874 5162 ³⁸
900 5127 1028 5188 Gen.
1057 5129 1256 5197 it,7._”
1288 5127 1417 5198 Sap.
1467 5145 1561 5197 xv,
1616 5129 1706 5196 10,
1761 5129 1849 5187 Η.

1960 5130 1973 5161 '
2011 5127 2044 5185 1
2094 5127 2232 5184 Tim.
2270 5144 2333 5196 tt,
2390 5129 2445 5187 4.

344 5295 461 5372 (56)
477 5296 731 5372 "frti-ur.
756 5294 846 5349 Sic
864 5294 1085 5366 etVulg.
1107 5301 1425 5372 emendata,
1439 5316 1688 5372 cumupro
1709 5319 1849 5361 sam.

290 5366 371 5421 nis
396 5366 702 5436 irrepsissct
719 5381 916 5430 omnes,
938 5375 997 5420 ut
1016 5375 1242 5423 testatur
1256 5366 1522 5425 Nobilius.
1546 5366 1839 5433 Bonane.

357 5444 591 5523 (suos
612 5442 910 5523 ﬂ‘t‘j‘r‘ﬁ§7j.
946 5444 1174 5523 Planum
1217 5460 1597 5523 argumentum
1649 5452 1857 5508 Metho-

286 5513 382 5571 dii‘.
412 5513 567 5589 _Etsi_
614 5513 829 5589 admitti
869 5517 1045 5589 possit
1090 5513 1307 5589 corpus'
1323 5521 1404 5576 sic
1433 5537 1464 5576 a
1509 5530 1706 5577 natura
1743 5523 1854 5577 lor-

288 5586 451 5661 mari,
479 5584 638 5661 velut
659 5585 774 5642 fere
795 5586 850 5661 in
871 5584 1101 5659 reliquis
1129 5584 1522 5661 animantibus,
1564 5594 1615 5646 vi
1638 5593 1853 5650 scilicet

1957 5311 2079 5388 ejus
2106 5314 2198 5384 qui
2222 5317 2290 5370 de
2319 5328 2550 5388 corpore
2574 5314 2649 5369 ita
2675 5316 2875 5381 sentit,
2909 5316 3065 5387 quasi
3110 5324 3302 5388 arguat
3319 5315 3531 5372 Metho-

1957 5382 2098 5459 dius_
2114 5382 2281 5459 unum
2303 5402 2372 5459 _ex
2402 5382 2575 5459 altero
2600 5388 2753 5459 sequi
2774 5406 2789 5451 ;
2810 5382 2954 5459 quod
2976 5396 3123 5445 esset
3149 5382 3533 5458 argumentum

1955 5468 1989 5508 a
2026 5455 2224 5510 minori
2254 5455 2319 5528 ad
2358 5457 2536 5528 majus
2555 5455 2840 5523 aliIn—nate,
2859 5460 3088 5528 proinde
3107 5455 3311 5513 nullius
3333 5472 3531 5528 conse-

1954 5525 2496 5598 quentiae.AContra,
2551 5528 2680 5584 dato
2729 5525 2911 5598 priore
2960 5530 3227 5591 membro,
3295 5527 3527 5598 alterum

1953 5596 2103 5671 nulla
2134 5596 2535 5671 probabilitatis
2573 5595 2754 5671 specie
2784 5600 2904 5655 dari
2934 5615 3137 5671 posse
3156 5604 3251 5650 aut
3292 5595 3530 5666 admitti,

290 5654 526 5737 seminis
556 5656 676 5737 §_de
720 5658 903 5737 animo
926 5654 1104 5737 tamen
1138 5661 1339 5737 qui_sit
1357 5654 1725 5737 __ititri{ortalis,
1743 5665 1849 5737 qui
1949 5654 2170 5737 ολίρῶ
2202 5668 2281 5723 rei
2314 5668 2499 5724 indole
2522 5654 2811 5724 evincitet
2840 5654 2983 5725 locis
3022 5654 3351 5737 scripturae:
3380 5654 3531 5737 quod

289 5727 451 5806 dicat,
467 5726 685 5806 nullam
715 5727 875 5806 [idem
909 5730 1128 5806 mereri,
1156 5726 1259 5787 sed
1291 5746 1323 5785 a
1353 5731 1463 5806 Deo
1491 5726 1849 5806 dpécwciiéri

292 5805 343 5875 et
365 5796 503 5850 dari.
531 5796 819 5875 Possinius
840 5806 1045 5875 tamen,
1077 5801 1425 5875 interrogato
1450 5796 1654 5875 legens.
1689 5796 1741 5861 id
1764 5805 1848 5859 af-

1956 5735 2145 5807 utique
2175 5740 2358 5809 gravis
2404 5739 2644 5808 theologi
2698 5747 2803 5796 est.
2848 5738 3003 5809 Apud
3054 5735 3310 5809 Allatium
3361 5736 3531 5797 etiam

1952 5805 2219 5879 particula
2249 5826 2353 5865 non
2380 5805 2646 5879 obrepsit.
2694 5805 2909 5879 mendo’
2929 5816 2985 5862 ut
3035 5805 3246 5879 videtur
3271 5813 3532 5878 typogra-

294 5866 468 5931 ﬁrmat
498 5869 641 5940 quod
676 5881 836 5943 negat
877 5868 1183 5930 Mcthodius
1220 5890 1233 5927 :
1286 5866 1599 5946 quanquam
1645 5891 1711 5933 ex
1741 5875 1846 5935 iidc
1948 5866 2266 5951 phic0;qua
2292 5866 2562 5952 submota,
2589 5866 2773 5937 omnia
2791 5883 3064 5936 constant.
3093 5876 3173 5931 in.
