4056 6302
506 372 577 429 ιθ
1451 377 1507 433 S.
1551 375 1882 434 ΜΕΤΠΟΒΠ
1920 378 2043 433 EPI!

2146 378 2229 434 )Pl
2268 378 2354 434 ET
2393 379 2750 436 MARTYRIS

3668 388 3751 444 60

501 501 716 549 ratione
756 493 961 549 homini
1007 494 1283 562 accidunt,
1323 498 1816 554 considerationem
1866 507 2043 553 natur:

2162 518 2226 555 αν
2278 501 2387 575 γάρ
2434 521 2515 567 τις
2558 500 2656 574 τὴν
2707 499 2937 573 θεωρίαν
2981 501 3085 555 τῶν
3136 500 3279 558 κατὰ
3320 502 3413 558 τὸν
3453 505 3751 580 ἄνθρωπον

499 584 644 642 duce
677 585 963 657 diligenter
983 586 1258 654 didicerit,
1278 604 1410 644 sane
1445 590 1657 645 noverit
1685 591 1829 645 haud
1863 592 2067 646 abomi-

2168 594 2570 667 συμϐαινόντων
2613 594 2751 649 κατά
2796 595 2956 665 φύσιν
2994 595 3235 667 ἀκριϐῶς
3264 598 3499 673 ἐκμάθῃ,
3534 600 3746 658 εἵσεται

496 679 739 733 naudam
763 680 1052 734 liberorum
1087 666 1539 750 procreationem,
1578 699 1701 738 cum
1760 690 1944 738 tamen
1974 698 2043 737 ca-

2169 666 2247 759 pij
2279 686 2655 758 βδελύσσεσθαι
2697 686 3036 742 παιδοποιίαν
3055 666 3082 719 ’ί
3101 666 3345 743 ἐπαινεῖν
3376 666 3568 745 δὲ’-καὶ
3600 711 3745 765 προς.

498 770 761 827 εῑίιιιοιιίιι
790 770 982 840 majori
1016 771 1176 828 laude
1203 781 1366 843 atque
1388 774 1593 829 honore
1624 775 1935 829 coronanda
1970 777 2060 832 sit.

495 855 685 928 Neque
722 859 864 914 enim
916 875 981 914 eo
1009 861 1156 931 quod
1208 864 1314 918 mel
1359 866 1575 920 cteteris
1615 865 1833 921 dulcius
1865 872 1948 921 est
1997 880 2062 921 ac

496 950 739 1014 Suavius,
762 951 1025 1007 continuo
1054 953 1258 1023 reliqua
1289 970 1474 1010 amara
1494 965 1753 1027 reputare
1777 957 2057 1023 convenit,

493 1056 832 1113 quaecunque
860 1044 913 1097 in
940 1043 1207 1100 fructibus
1231 1045 1462 1115 jucundi
1495 1050 1709 1119 saporis
1723 1057 1932 1119 partem
1961 1050 2061 1103 ali-

490 1148 653 1203 quam
715 1149 744 1187 a
795 1142 991 1189 natura
1037 1137 1232 1191 sortita
1276 1145 1422 1191 sunt.
1477 1137 1545 1191 Et
1600 1139 1795 1194 horum
1840 1140 2058 1209 quidem

491 1224 744 1280 idoneum
787 1235 979 1283 testem
1032 1229 1401 1299 producemus
1455 1230 1709 1296 Paulum,
1770 1233 1930 1303 cujus
1966 1235 2057 1289 illa

490 1326 618 1374 sunt
647 1336 660 1373 :
694 1318 799 1386 Qui
831 1322 1168 1376 matrimonio
1198 1321 1376 1392 jungit
1411 1324 1660 1394 virginem
1708 1343 1884 1389 suam,
1932 1327 2057 1381 bene

487 1411 653 1480 facit;
683 1422 732 1465 et
751 1413 838 1482 qui
856 1429 959 1466 non
975 1414 1174 1483 jungit,
1202 1416 1388 1470 melius
1413 1416 1541 1485 facit
1562 1418 1626 1472 ³³.
1651 1418 1767 1472 Non
1789 1420 1934 1474 enim
1956 1421 2058 1476 sci-

487 1502 614 1557 licet
654 1502 708 1556 id
745 1504 1100 1574 proponendo
1143 1505 1289 1575 quod
1331 1508 1528 1564 melius
1578 1525 1642 1565 ac
1684 1511 1900 1567 dulcius
1949 1520 2053 1579 est,

487 1597 634 1651 aliud
667 1597 891 1652 omnino
927 1596 1211 1668 Scriptura
1243 1601 1517 1655 sublatum
1560 1604 1759 1671 voluit;
1805 1606 1901 1660 sed
1932 1607 2056 1661 uni-

489 1687 689 1755 cuique
718 1687 863 1755 quod
895 1690 1173 1758 proprium
1201 1698 1285 1746 est
1315 1707 1379 1747 ac
1405 1692 1557 1754 utile,
1584 1694 1931 1750 tribuendum
1959 1697 2056 1753 de-

487 1777 687 1832 cernit.
725 1777 862 1832 Sunt
883 1779 1082 1848 quibus
1116 1783 1356 1836 nondum
1389 1784 1665 1839 concessit
1698 1788 1859 1855 potiri
1891 1787 2056 1860 virgi-

2161 778 2326 848 τιμᾷν
2361 776 2599 846 ἁγνείαν.
2634 777 2765 831 Οὐδὲ
2812 777 2938 849 γάρ,
2978 778 3165 852 ἐπειδὴ
3203 779 3312 834 τῶν
3350 779 3522 836 ἄλλων
3549 782 3749 854 ήδύτε-

2165 868 2256 940 ρόν
2295 870 2409 922 ἐστι
2459 870 2550 923 καὶ
2601 870 3027 942 προσηνέστερον
3075 872 3135 925 τὸ
3185 873 3325 944 μέλι,
3353 873 3421 927 τὰ
3465 875 3628 930 λοιπά
3670 877 3740 950 δὴ

2160 956 2330 1030 ταύτῃ
2360 958 2672 1030 νομίζεσθαι
2706 961 2970 1031 προσήκει
3004 961 3196 1033 πικρὰ,
3238 963 3411 1016 ὁπόσα
3451 964 3512 1035 δὴ
3544 968 3609 1036 τῇ
3640 967 3741 1037 ἐμ-

2162 1049 2313 1120 φύτῳ
2340 1050 2611 1122 γλυκασίᾳ
2638 1050 2968 1122 κεκέρασται
3004 1051 3114 1106 τῶν
3132 1052 3589 1126 ἀκροδρύων.Καὶ
3613 1057 3742 1109 τού-

2158 1158 2265 1195 των
2316 1143 2415 1214 μὲν
2462 1143 2720 1213 ἐχέγγυον
2766 1145 3018 1216 μάρτυρα
3050 1144 3355 1217 παρέξομαι
3382 1146 3472 1199 τὸν
3503 1144 3735 1213 Παῦλον,

2162 1232 2336 1286 Ὥστε
2359 1232 2457 1286 καὶ
2487 1236 2519 1287 ὁ
2546 1232 2816 1302 γαμίζων,
2841 1233 3087 1302 λέγοντα,
3117 1233 3231 1303 τὴν
3267 1235 3485 1303 ἑαυτοῦ
3522 1236 3745 1305 «apos—

2157 1343 2286 1390 νον,
2308 1323 2505 1392 καλῶς
2521 1324 2702 1379 ποιεῖ·
2722 1326 2817 1379 καὶ
2842 1324 2968 1396 ὁμὴ
2990 1324 3240 1397 γαμίζων
3254 1325 3542 1394 κρεῖσσον
3556 1326 3733 1388 ποιεῖ,

2158 1418 2233 1470 υὺ
2265 1417 2373 1489 γὰρ
2408 1418 2472 1488 δὴ
2503 1419 2568 1489 τῇ
2594 1416 2689 1471 τοῦ
2718 1419 3026 1490 κρείττονος
3053 1419 3147 1472 καὶ
3182 1418 3516 1491 γλυκυτέρου
3557 1438 3733 1492 παρα-

2157 1505 2302 1561 Θέσει
2347 1508 2407 1560 τὸ
2455 1508 2639 1580 ἕτερον
2684 1508 2890 1563 ἀνεῖλεν
2918 1509 3291 1580 ἀπαγορεῦσαι
3332 1512 3360 1563 ὁ
3384 1510 3539 1577 λόγος
3566 1528 3591 1542 ”
3612 1511 3731 1565 ἀλλ’

2156 1597 2369 1669 ἑκάστῳ
2391 1598 2451 1651 τὸ
2479 1600 2672 1653 οἰκεῖον
2698 1599 2792 1652 καὶ
2821 1597 3093 1662 λυσιτελὲς
3123 1598 3415 1669 ἀπονέμειν
3440 1599 3731 1672 διαθεσμο-

2156 1688 2317 1744 θετεῖ.
2351 1691 2475 1753 Τοῖς
2524 1691 2620 1762 μὲν
2668 1691 2775 1763 γὰρ
2820 1691 3029 1744 οὐδέπω
3060 1689 3402 1762 συνεχώρησε
3436 1690 3742 1762 παρθενίας

2155 1784 2335 1852 τυχεῖν
2357 1798 2370 1812 °
2401 1785 2527 1846 τοὺς
2571 1782 2626 1836 δὲ
2673 1784 2854 1836 οὐκέτι
2886 1782 3132 1852 βούλεται
3162 1781 3478 1855 χραίνεσθαι
3525 1800 3732 1852 φοινισ-

485 1870 659 1926 nitate
695 1889 708 1924 :
743 1880 871 1926 sunt
911 1888 1051 1942 quos
1092 1889 1204 1929 non
1236 1877 1469 1946 amplius
1495 1878 1895 1936 titillationibus
1927 1897 2043 1937 eru-

2158 1872 2414 1944 σομένους
2438 1873 2764 1945 ἐρεθισμοῖς,
2809 1874 2942 1928 ἀλλά
2975 1873 3199 1945 μελετᾷν
3252 1872 3576 1926 άπεντεῦθεν
3622 1873 3725 1945 ἤδη

486 1961 773 2019 bescentes
796 1965 1066 2035 inquinari
1091 1968 1372 2036 permittit,
1401 1971 1492 2025 sed
1504 1969 1614 2038 jam
1636 1971 1759 2028 inde
1776 1975 2047 2042 meditari,

484 2058 850 2129 deincepsque
877 2061 1118 2131 cogit-are
1146 2063 1283 2129 vult,
1316 2066 1572 2135 angelicae
1606 2068 1860 2137 puritatis
1880 2086 2050 2126 temu-

480 2147 590 2205 lam
625 2165 913 2221 corporum
958 2152 1527 2225 transformationem;
1562 2157 1656 2212 ubi
1688 2158 1844 2228 juxta
1882 2177 2049 2217 verax

480 2236 691 2295 Domini
726 2243 1008 2297 oraculum
1038 2262 1050 2297 :
1087 2242 1209 2298 Non
1237 2244 1458 2310 nubunt,
1496 2263 1655 2317 neque
1677 2248 1944 2303 nubuntur
1978 2251 2045 2307 ³³.

477 2330 929 2405 Quandoquidem
974 2351 1086 2389 non
1129 2337 1387 2392 omnibus
1438 2338 1904 2397 incontaminatus
1932 2341 2045 2407 ille,

476 2431 531 2478 et
561 2440 669 2495 quo
692 2434 934 2497 regnum
951 2429 1213 2483 caelorum
1241 2430 1547 2498 prmbeatur
1569 2430 1635 2495 ³³,
1654 2433 2047 2491 eunuchismus

476 2518 721 2570 creditur
755 2535 767 2571 :
801 2517 897 2571 sed
929 2517 1038 2571 illis
1067 2516 1353 2582 duntaxat,
1397 2521 1490 2588 qui
1545 2528 1599 2575 et
1630 2536 1843 2592 semper
1872 2525 2048 2580 viren-

474 2616 584 2662 tem
637 2617 691 2665 et
736 2611 1223 2668 incontaminatum
1278 2614 1610 2685 virginitatis
1643 2616 1828 2672 ﬂorem
1866 2619 2047 2672 valent

475 2715 714 2755 scrvare.
742 2700 1159 2760 Florentissimo
1198 2707 1343 2760 enim
1387 2715 1442 2760 et
1490 2708 1725 2763 maxime
1768 2709 2045 2779 variegato

472 2799 629 2863 prato
656 2795 960 2864 comparari
984 2795 1282 2852 Ecclesiam
1329 2798 1492 2853 habet
1531 2799 1882 2869 pr0pheticus
1928 2816 2046 2857 ser-

470 2895 583 2943 mo,
617 2897 723 2937 non
748 2885 909 2939 modo
943 2886 1269 2958 virginitatis
1295 2889 1611 2944 distinctam
1639 2898 1692 2946 et
1724 2900 2042 2947 coronatam

472 2969 720 3039 ﬂoribus,
744 2978 840 3032 sed
867 2986 921 3034 et
947 2979 1190 3051 conjugii
1224 2988 1278 3035 et
1302 2983 1674 3037 continentiae.
1727 2981 1793 3037 In
1816 2983 2041 3054 ﬁm’briis

466 3068 618 3123 enim
648 3070 824 3124 aureis
865 3074 1134 3142 variegata
1189 3082 1331 3127 astat
1366 3075 1546 3145 regina
1579 3091 1612 3127 a
1643 3076 1844 3129 dextris
1875 3091 2042 3147 spon«

469 3161 517 3215 si
549 3160 614 3216 ”.

537 3251 663 3308 Haec
708 3255 806 3311 tibi
854 3272 954 3327 pro
993 3257 1201 3313 viribus
1229 3275 1328 3330 ego
1362 3259 1518 3325 meis,
1548 3275 1581 3314 ο
1605 3259 1785 3326 Arele,
1817 3260 2039 3319 confero

467 3342 537 3397 ad
588 3354 899 3417 susceptum
960 3364 1060 3419 pro
1111 3349 1340 3405 veritate
1384 3350 2044 3417 sermonem—Quibus

464 3450 497 3489 a
530 3434 830 3508 TheOphila
861 3439 1045 3510 dictis,
1078 3442 1196 3499 lene
1227 3460 1256 3497 a
1291 3444 1508 3499 cunctis
1544 3444 1852 3515 virginibus
1875 3446 2045 3501 exsti-

465 3527 601 3584 tisse
632 3545 880 3586 murmur
909 3535 1169 3590 narrabat
1209 3534 1538 3606 TheOpatra,
1582 3536 1690 3591 illis
1737 3552 2042 3593 sermonem

464 3619 833 3681 laudantibus.
868 3624 971 3681 Ubi
1000 3634 1184 3682 autem
1218 3644 1484 3684 susurrus
1517 3629 1740 3699 quievit,
1772 3637 1895 3700 post
1924 3630 2048 3684 lon-

460 3729 589 3784 gum
631 3718 929 3785 silentium,
984 3722 1361 3777 assurrexisse
1409 3721 1660 3776 Thaliam
1716 3722 1787 3793 (ei
1843 3723 2043 3793 quippe

459 3808 626 3863 tertio
673 3811 793 3866 loco
846 3814 1161 3868 mandatum
1204 3822 1324 3869 erat
1366 3822 1490 3885 post
1520 3813 1876 3886 TheOphilam
1911 3829 2043 3869 con-

461 3903 719 3976 certare).
771 3903 844 3959 Ea
903 3906 1070 3977 igitur
1100 3923 1336 3965 seouens
1388 3908 1518 3962 hinc
1558 3914 1613 3963 et
1676 3912 1797 3978 lpsa
1845 3922 2040 3964 exorsa

458 3999 565 4049 est.

893 4222 1346 4314 ORATIO
1426 4228 1611 4314 III.

1109 4375 1384 4430 THALIA.

2060 4142 2128 4157 ᾔ

2154 1967 2247 2018 καὶ
2273 1964 2633 2034 φαντάζεσθαι
2668 1966 2765 2037 τὴν
2806 1965 3085 2034 ίσάγγελον
3121 1964 3593 2035 μεταστοιχείωσιν
3617 1966 3729 2021 τῶν

2153 2059 2418 2129 σωμάτων
2442 2076 2454 2088 ·
2482 2058 2608 2112 ἔνθα
2632 2059 2772 2112 οὔτε
2802 2058 3118 2128 γαμοῦσιν,
3142 2057 3281 2111 οὔτε
3306 2058 3724 2127 γαμίσκονται,

2149 2151 2287 2205 κατὰ
2319 2152 2445 2216 τοὺς
2485 2151 2731 2221 ἀψευδεῖς
2759 2150 2853 2204 τοῦ
2893 2150 3094 2222 Κυρίου
3123 2150 3431 2221 χρησμούς·
3463 2151 3583 2204 ἐπεὶ
3623 2167 3728 2222 μη-

2148 2244 2204 2296 δὲ
2232 2245 2395 2296 πᾶσιν
2421 2245 2449 2295 ὁ
2478 2242 2777 2314 ἀμόλυντος
2809 2244 2901 2296 καὶ
2928 2243 3255 2313 παρεκτικὸς
3305 2244 3403 2313 τῆς
3451 2242 3735 2312 βασιλείας

2147 2333 2255 2387 τῶν
2287 2333 2527 2405 οὐρανῶν
2554 2334 2901 2405 εὐνουχισμὸς
2930 2332 3310 2404 ὲμπιστεύεται
3329 2351 3342 2364 ·
3373 2333 3507 2387 ἀλλά
3544 2334 3728 2405 μόνοις

2147 2424 2388 2494 δηλονότι
2420 2428 2532 2489 τοῖς
2575 2427 2669 2479 καὶ
2695 2426 3011 2497 δυναμένοις
3044 2426 3104 2478 τὸ
3141 2425 3386 2489 ἀειθαλὲς
3417 2426 3597 2491 ἄνθος,
3628 2428 3725 2481 καὶ

2146 2515 2411 2587 ἄχραντον
2456 2516 2555 2586 τῆς
2600 2515 2894 2588 παρθενίας
2923 2515 3568 2588 τηρῆσαι.Ἀνθηροτάτῳ
3613 2517 3725 2591 γὰρ

2147 2610 2240 2661 καὶ
2272 2607 2646 2679 ποικιλωτάτῳ
2690 2608 2914 2678 λειμῶνι
2964 2606 3353 2673 ἀπεικάζεσθαι
3396 2608 3551 2678 λόγος
3606 2609 3722 2680 ἔχει

2147 2699 2480 2770 προφητικὸς
2507 2699 2608 2769 τὴν
2635 2700 2976 2770 Ἐκκλησίαν,
2993 2701 3050 2753 οὐ
3076 2700 3233 2771 μόνον
3253 2702 3364 2761 τοῖς
3378 2700 3477 2771 τῆς
3500 2701 3723 2769 ἁγνείας

2146 2791 2571 2863 πεποικιλμένην
2605 2792 2697 2846 καὶ
2726 2792 3170 2862 κατεστεμμένην
3197 2791 3432 2854 ἄνθεσιν,
3465 2791 3600 2845 ἀλλά
3627 2794 3721 2846 καὶ

2143 2886 2253 2947 τοῖς
2282 2884 2380 2954 τῆς
2410 2884 2752 2952 τεκνογονίας
2781 2884 2874 2937 καὶ
2917 2887 3029 2947 τοῖς
3060 2882 3406 2954 ἐγκρατείας.
3426 2885 3521 2935 Ἐν
3540 2897 3720 2951 κροσ-

2141 2974 2356 3042 σωτοῖς
2380 2974 2488 3047 γάρ
2517 2977 2769 3044 χρυσοῖς
2803 2974 3232 3045 πεποικιλμένη
3272 2974 3389 3029 ἀπὸ
3433 2973 3644 3039 δεξιῶν
3678 2976 3717 3043 ἠ

2137 3066 2482 3132 βασίλισσα
2510 3068 2865 3137 παρίσταται
2896 3066 2987 3120 τοῦ
3017 3068 3272 3139 νυμφίου.

2219 3253 2404 3310 Ταῦτά
2445 3273 2529 3308 σοι
2571 3258 2709 3310 κατὰ
2752 3255 2979 3328 δύναμιν
3022 3257 3176 3324 κάγὼ
3206 3256 3296 3309 τὸν
3349 3256 3624 3327 ἐμαυτῆς,
3673 3249 3718 3310 ὦ

2161 3347 2375 3420 Ἀρετὴ,
2410 3350 2490 3412 είς
2522 3349 2611 3401 τὸν
2641 3349 2768 3420 περὶ
2801 3350 2896 3419 τῆς
2931 3348 3186 3420 ἀληθείας
3230 3348 3604 3420 συμϐάλλομαι
3633 3347 3719 3402 λό-

2147 3456 2262 3510 γον.
2298 3440 2660 3510 -Είπούσης
2710 3440 2766 3492 δὲ
2801 3439 2974 3494 ταῦτα
3019 3440 3117 3509 τῆς
3156 3439 3445 3507 Θεοφίλας,
3492 3436 3717 3510 θόρυϐον

2144 3534 2275 3605 ἡδὺν
2308 3534 2371 3587 ὲκ
2407 3532 2592 3587 πασῶν
2625 3534 2658 3602 ἡ
2692 3532 2976 3601 Θεοπάτρα
2996 3531 3098 3601 ἔφη
3132 3533 3410 3600 γεγονέναι
3441 3531 3547 3585 τῶν
3579 3548 3720 3601 παρ-

2146 3625 2333 3689 θένων,
2361 3622 2693 3678 ἐπαινουσῶν
2726 3624 2816 3676 τὸν
2845 3622 3018 3691 λόγον.
3057 3623 3145 3687 Ὠς
3172 3624 3228 3677 δὲ
3261 3624 3555 3696 ἡσύχασεν,
3592 3641 3717 3677 σιω-

2145 3718 2255 3788 πῆς
2276 3720 2377 3793 ᾱὲπὶ
2421 3718 2554 3771 πολὺ
2596 3716 2923 3788 γενομένης.
2963 3716 3258 3787 ἀναστῆναι
3301 3714 3402 3788 τὴν
3434 3716 3714 3770 θάλειανο

2147 3812 2320 3885 ταύτῃ
2351 3811 2459 3881 γὰρ
2499 3811 2562 3862 ὲκ
2586 3809 2766 3881 τρίτου
2801 3809 3173 3879 ἐπετέτραπτο
3205 3809 3341 3879 μετά
3383 3809 3490 3879 τὴν
3521 3808 3715 3876 Θεοφί-

2147 3902 2244 3955 λαν
2291 3898 2673 3971 ἀγωνίζεσθαι.
2733 3896 3108 3952 ’Υπολαϐοὖσα
3173 3893 3263 3950 οὖν
3323 3897 3602 3962 ἐντεῦθεν,
3638 3897 3715 3964 ὡς

2145 3993 2316 4068 οἶμαι,
2344 3994 2444 4067 ἤδη
2473 3994 2562 4047 καὶ
2596 3992 2753 4064 αὐτή.

2664 4218 3023 4305 ΛΟΓΟΣ
3098 4218 3207 4306 Γ.

2785 4369 3053 4423 ΘΑΛΕΙΑ.

840 4488 972 4547 Car.
1005 4488 1048 4548 ι.
1074 4489 1246 4545 Locus
1275 4488 1529 4545 Geneseos
1563 4506 1622 4555 ιι,
1648 4491 1738 4556 25,
1773 4491 1865 4557 24,
1897 4506 2015 4578 cum
2055 4496 2202 4543 textu
2236 4484 2470 4541 Paulino
2512 4483 2701 4554 Eplzes.
2734 4501 2789 4549 ν,
2823 4484 3020 4551 23-32,
3053 4483 3303 4539 collatus.

523 4604 652 4662 Mihi
702 4605 929 4673 videris,
982 4622 1031 4662 ο-
1053 4606 1376 4679 Theophila,
1428 4615 1482 4663 et
1515 4609 1730 4663 actione
1763 4618 1816 4664 et
1848 4607 2032 4664 erudi-

2205 4603 2276 4657 Σύ
2311 4622 2399 4675 μοι
2432 4603 2628 4667 δοκεῖς,
2656 4597 2701 4657 ὦ
2730 4602 2986 4673 Θεοφίλα,
3013 4603 3138 4674 ἔφη,
3170 4603 3263 4658 καὶ
3292 4606 3360 4676 τῇ
3397 4603 3592 4677 πράξει
3618 4606 3719 4660 καὶ

452 4699 605 4755 tione
651 4702 867 4756 cunctis
921 4702 1257 4770 praecellere,
1310 4718 1411 4757 nec
1458 4701 1714 4771 cuiquam
1751 4700 2032 4770 sapientiae

453 4790 615 4845 laude
636 4792 848 4846 cedere.
876 4791 995 4847 Non
1027 4793 1171 4847 enim
1201 4804 1283 4848 est
1315 4794 1405 4864 qui
1438 4792 1835 4863 reprehendere
1860 4793 2033 4863 possit

453 4882 755 4938 orationem
783 4890 953 4950 tuam,
986 4887 1071 4940 vel
1102 4887 1149 4942 si
1178 4886 1556 4940 eontentiosus
1578 4893 1631 4939 et
1652 4885 1905 4955 pervicax
1937 4886 2026 4940 sit.

459 4975 637 5032 Unum
661 4986 841 5034 tamen
865 4980 918 5033 in
939 4994 1001 5034 ea
1021 4995 1128 5042 me,
1155 4978 1276 5033 aliis
1303 4978 1562 5048 praeclare
1587 4977 1769 5041 dictis,
1793 4993 1826 5032 ο
1845 4978 2024 5041 beata,

453 5070 673 5125 videtur
707 5071 950 5135 turbare,
983 5086 1046 5125 ac
1074 5069 1233 5140 quasi
1267 5069 1469 5139 injecto
1507 5068 1766 5138 scrupulo
1800 5069 2027 5125 moleste

455 5161 677 5223 habere,
737 5161 863 5215 dum
911 5176 1126 5216 mecum
1181 5169 1396 5230 reputo,
1454 5160 1600 5215 haud
1658 5160 1861 5215 frustra
1915 5162 2027 5232 spi-

449 5255 582 5309 ritu'
616 5253 992 5325 plenissimum
1047 5268 1111 5308 ac
1167 5253 1465 5323 sapientem
1522 5253 1735 5317 virum,
1793 5251 2024 5308 Paulum

450 5346 595 5410 dico,
642 5345 698 5400 in
735 5344 1016 5401 Christum
1045 5352 1099 5400 et
1133 5344 1428 5399 Ecclesiam
1462 5344 1760 5400 relaturum
1793 5346 2027 5415 conjun-

2133 4697 2209 4769 τῷ
2237 4697 2379 4768 λόγῳ
2405 4696 2593 4752 πασῶν
2621 4696 3014 4766 κρατιστεύειν,
3045 4698 3139 4751 καὶ
3169 4698 3355 4768 σοφίας
3390 4697 3456 4751 τά
3483 4699 3710 4771 δεύτερα

2133 4790 2394 4862 φέρεσθαι
2423 4790 2654 4854 οὐδενός.
2682 4789 2756 4842 Οὐ
2787 4789 2896 4861 γάρ
2927 4791 3074 4843 ἐστιν
3103 4791 3251 4853 ὅστις
3278 4791 3584 4845 αἰτιάσεταί
3611 4809 3710 4845 σου-

2138 4885 2229 4938 τὺν
2268 4883 2442 4953 λόγον,
2472 4882 2577 4936 οὐδ’
2618 4885 2665 4935 εἰ
2696 4882 3008 4935 παντάπασι
3044 4881 3343 4950 φιλόνεικος
3377 4881 3460 4953 εἴη
3492 4884 3586 4936 καὶ
3615 4885 3707 4939 ἁν-

2130 4975 2420 5046 τιλογικός.
2453 4976 2599 5047 Πλὴν
2626 4976 2797 5029 ἐκεῖνό
2841 4992 2906 5046 με
2936 4975 3095 5046 μόνον
3118 5016 3135 5041 ,
3175 4974 3280 5029 τῶν
3317 4975 3488 5031 ἄλλων
3532 4976 3709 5047 ὀρθῶς

2132 5069 2459 5140 εἰρημένων,
2484 5063 2528 5121 ὧ
2562 5068 2827 5139 μακαρία,
2854 5066 2999 5120 δοκεῖ
3018 5066 3302 5137 ταράττειν
3329 5084 3389 5120 τε
3413 5069 3505 5122 καὶ
3525 5068 3702 5140 ἀνιᾷν,

2132 5162 2616 5233 ἀναλογιζομένην,
2648 5161 2724 5223 ὡς
2757 5160 2856 5212 οὐκ
2896 5158 2960 5213 ἂν
2986 5160 3014 5210 ό
3054 5158 3571 5229 πνευματικώτατος
3610 5177 3702 5216 σο-

2135 5255 2232 5323 φὸς
2261 5257 2419 5327 ἀνὴρ,
2464 5254 2555 5307 τὸν
2597 5252 2806 5305 Παῦλον
2844 5250 2987 5319 λέγω
3007 5292 3021 5314 ,
3048 5252 3288 5323 ματαίως
3326 5253 3590 5325 ἀνέφερεν
3622 5256 3705 5318 είς

2131 5348 2361 5419 Χριστὸν
2396 5345 2488 5400 καὶ
2522 5344 2618 5417 τὴν
2650 5344 2995 5415 Ἐκκλησίαν,
3049 5344 3144 5416 τὴν
3187 5344 3432 5417 σύνερξιν
3462 5346 3570 5417 (58)
3606 5346 3700 5401 τσῦ

514 5486 556 5518 ³⁸
596 5486 629 5541 Ι
667 5485 794 5544 Cor.
835 5503 932 5550 vu,
974 5487 1061 5542 38.
1104 5486 1150 5519 ³⁸
1191 5486 1384 5543 ΜαῖιΙι.
1428 5505 1558 5554 xxu,
1594 5490 1683 5546 50.
1759 5491 1804 5523 ³³
1837 5489 2030 5546 Matth.

2146 5508 2191 5555 τ,
2248 5492 2336 5547 12.
2415 5489 2461 5523 ³⁵
2505 5490 2651 5545 Psal.
2695 5505 2841 5552 xLIv,
2885 5489 2967 5544 10.

522 5622 631 5695 (58)
667 5623 787 5694 Τὴν
822 5626 1128 5695 σύνερξιν.
1169 5627 1329 5681 Malui
1372 5631 1609 5685 retinere
1650 5629 1774 5687 Vat.
1801 5648 2013 5695 vocem,

449 5693 593 5759 quod
615 5693 781 5772 etiam
813 5697 865 5751 in
892 5693 1114 5766 reliquis
1138 5701 1477 5772 postmodum
1512 5713 1803 5772 repetatur,
1839 5693 2016 5772 ut._ap4

452 5772 645 5839 pareat
660 5768 928 5834 glossema
958 5784 1079 5824 esse
1103 5769 1245 5839 quod
1277 5768 1437 5823 Allat.
1470 5780 1522 5826 et
1555 5771 1685 5826 Maz.
1721 5773 1807 5826 hic
1835 5768 2017 5836 σύζεύ-

448 5832 528 5899 ξιν
560 5832 758 5890 habent
786 5854 799 5892 :
829 5839 984 5910 quasi
1015 5832 1276 5896 rariorem
1320 5855 1525 5910 vocem,
1572 5849 1629 5897 ut
1664 5844 1820 5912 solet,
1863 5832 2015 5901 cor:-

2124 5634 2371 5688 muniore
2420 5640 2715 5702 exponant.
2761 5632 2830 5687 Ea
2879 5633 3049 5687 utitur
3088 5631 3242 5685 Plato
3283 5630 3336 5684 in
3375 5645 3494 5685 eam
3525 5630 3697 5700 ipsam

2124 5719 2261 5767 rem,
2307 5720 2407 5774 pro
2449 5703 2549 5756 viri
2592 5713 2645 5758 et
2683 5705 2869 5758 uxoris
2911 5705 3063 5773 quasi
3101 5703 3152 5754 in
3192 5709 3425 5763 secreto,
3473 5702 3702 5774 copula-

2125 5769 2466 5844 tionefqure
2513 5776 2844 5844 nuptiarum,
2874 5769 3190 5844 mysterium
3235 5779 3340 5844 est,
3375 5770 3519 5844 (ιιιοά
3544 5769 3697 5839 Ἀρο-

2125 5845 2302 5901 stolus
2330 5838 2384 5899 in
2414 5838 2688 5900 Christum
2724 5854 2777 5900 et
2811 5838 3104 5900 Ecclesiam
3136 5838 3416 5898 transfert.
3455 5841 3693 5898 Gener.
