4056 6302
306 356 367 415 6|
1361 357 1638 416 CONVIVI
1650 362 1744 417 ΠΜ
1784 363 2015 423 DECEM
2058 362 2392 421 VIRGINUM
2405 405 2419 420 .
3468 363 3544 420 62

305 478 726 550 πρωτοπλάστου
752 477 853 531 καὶ
881 478 984 549 τῆς
1012 480 1286 548 γυναικὸς,
1327 483 1379 536 ei
1412 484 1577 553 μηδὲν
1614 485 1864 557 ὑψηλότε-

1978 487 2210 542 ctionem
2236 487 2397 557 primi
2422 485 2656 542 hominis
2684 501 2750 542 ac
2771 484 3014 540 mulieris
3038 483 3104 548 ⁸⁸,
3131 485 3175 540 si
3208 484 3343 539 nihil
3369 485 3545 540 subli-

306 586 400 642 ρον
426 569 758 640 ἐφαντάζετο
789 569 902 623 τῶν
936 571 1113 641 ῥητῶν
1140 572 1234 627 καὶ
1262 572 1363 643 τῆς
1396 575 1634 647 ἱστορίας
1671 580 1703 648 ὴ
1737 579 1878 650 Γρα-

303 661 399 731 φή·
429 660 492 713 Εί
521 659 630 733 γὰρ
666 660 802 725 ὅλως
827 663 909 726 εἰς
939 663 1030 715 τὸν
1053 665 1180 735 περὶ
1213 664 1577 730 συνελεύσεως
1601 668 1790 740 ἀνδρός
1815 687 1875 724 τε
1907 692 1914 705 ι

305 751 400 804 καὶ
428 752 685 819 γυναικὸς
726 753 808 806 δεῖ
842 753 1364 826 παραλαμϐάνεσθαι
1392 756 1559 811 τύπον
1582 757 1752 828 ψιλῶς
1778 760 1876 833 τὴν

303 841 559 914 Γραφὴν,
596 843 740 907 τίνος
774 845 837 916 δὴ
881 847 1039 917 χάριν
1065 851 1094 900 ὁ
1133 847 1472 913 Ἀπόστολος,
1515 851 1717 906 τούτων
1754 855 1877 906 ἐπι-

309 933 591 1006 μνησθεὶς,
622 938 715 989 καὶ
757 939 836 1000 είς
856 939 955 1008 τὴν
989 937 1080 991 τοῦ
1122 939 1440 1011 Πνεύματος
1481 944 1657 1013 ἡμᾶς,
1698 940 1873 1014 οἶμαι,

304 1028 661 1100 χειραγωγῶν
704 1028 849 1095 ὁδὸν,
894 1031 975 1094 είς
1020 1029 1256 1102 Χριστὸν
1285 1034 1379 1086 καὶ
1421 1035 1502 1097 είς
1550 1034 1875 1107 Ἐκκλησίαν

303 1119 627 1191 ἀναφέρων,
677 1119 964 1194 ἀλληγορεῖ
1009 1125 1080 1176 τά
1118 1123 1261 1177 κατά
1321 1123 1419 1195 τὴν
1456 1124 1598 1180 Εὕαν
1645 1128 1741 1181 καὶ
1784 1128 1875 1182 τὸν

318 1213 493 1285 Ἀδάμ
514 1230 528 1279 ;

388 1309 453 1361 Ἠ
485 1309 581 1380 μὲν
613 1308 720 1381 γὰρ
751 1308 894 1376 λέξις
931 1308 1032 1379 τῆς
1076 1310 1348 1374 Γενέσεως
1382 1310 1522 1365 οὕτω
1552 1313 1683 1384 φησί
1702 1330 1716 1344 ο
1759 1313 1872 1367 Καὶ

302 1395 472 1455 εἶπεν
504 1405 538 1456 ό
572 1401 736 1472 ἰὃάμ
757 1420 771 1434 ·
816 1403 993 1458 Τοῦτο
1020 1404 1136 1458 νῦν
1160 1405 1385 1460 ὀστοῦν
1404 1406 1473 1460 ἐκ
1505 1405 1623 1460 τῶν
1649 1407 1874 1461 ὀστέων

296 1511 438 1562 μου,
472 1494 566 1548 καὶ
597 1495 753 1564 σὰρξ
784 1495 852 1548 ἐκ
889 1493 995 1563 τῆς
1024 1498 1252 1564 σαρκός
1273 1514 1423 1567 μου·
1470 1499 1620 1567 αὕτη
1651 1499 1873 1567 κληθή-

303 1599 473 1639 σεται
503 1586 686 1655 γυνὴ,
728 1586 816 1641 ὅτι
860 1589 929 1642 ἐκ
967 1589 1075 1644 τοῦ
1124 1590 1343 1659 ἀνδρὸς
1385 1590 1573 1660 αὐτῆς
1614 1591 1870 1662 ἐλήφθη.

308 1674 552 1729 Ἕνεκεν
576 1678 788 1731 τούτου
816 1680 1162 1749 καταλείψει
1196 1680 1503 1749 ἅνθρωπος
1523 1682 1628 1736 τὸν
1648 1682 1872 1751 πατέρα

302 1766 485 1820 αὐτοῦ
535 1768 631 1822 καὶ
677 1767 791 1836 τὴν
828 1769 1058 1838 μητέρα
1098 1771 1305 1837 αὑτοῦ,
1347 1775 1446 1827 καὶ
1486 1778 1872 1841 προσκολλη-

1975 580 2119 634 mius
2150 575 2430 648 Scriptura
2455 578 2726 643 innueret,
2750 593 2912 647 quam
2942 576 3086 647 quod
3116 593 3183 633 ex
3216 576 3378 632 nudis
3406 577 3542 646 ipsis

1974 670 2157 726 verbis
2185 685 2249 725 ac
2279 669 2530 732 historia,
2563 671 2748 739 pervio
2793 684 2956 724 sensu
3004 668 3188 723 haberi
3237 677 3432 737 potest.
3481 666 3542 723 Si

1975 762 2119 817 enim
2150 762 2374 816 omnino
2404 760 2472 815 de
2509 761 2612 814 viri
2653 775 2715 815 ac
2764 761 3007 816 mulieris
3052 775 3348 829 congressu
3393 759 3542 814 unde

1973 853 2128 907 locus
2180 850 2478 922 Scriptum
2527 851 2698 920 accipi
2741 851 2918 912 debet,
2950 850 3080 919 quid
3122 865 3298 906 causae
3330 858 3412 906 est
3439 865 3541 905 cur

1972 943 2270 1015 Apostolus
2319 959 2441 999 eum
2492 943 2688 1007 citans,
2735 951 2789 997 et
2832 941 2900 996 ad
2947 941 3205 1012 Spiritus,
3252 950 3403 1013 puto,
3438 958 3543 999 nos

1973 1052 2139 1092 manu
2173 1036 2381 1091 ducens
2412 1038 2575 1103 viam,
2614 1051 2735 1107 qua:
2766 1035 2833 1090 de
2863 1035 3070 1091 Adamo
3105 1044 3158 1093 et
3188 1036 3297 1090 Eva
3329 1052 3540 1092 memo-

1972 1137 2185 1192 rantur,
2226 1144 2324 1197 per
2358 1127 2673 1198 allegoriam
2710 1128 2764 1181 in
2807 1125 3082 1182 Christum
3116 1128 3376 1183 transfert
3404 1127 3542 1183 etin

1975 1219 2311 1276 Ecclesiam?

2038 1312 2217 1366 Locus
2240 1310 2512 1365 Geneseos
2546 1309 2627 1365 sic
2651 1309 2816 1364 habet
2854 1352 2866 1363 .
2913 1308 2983 1362 Et
3024 1309 3161 1362 dixit
3194 1309 3390 1373 Adam,
3425 1309 3543 1365 Hoc

1972 1421 2110 1457 nunc
2134 1421 2189 1457 os
2218 1418 2282 1458 ex
2312 1402 2518 1457 ossibus
2549 1403 2696 1465 meis,
2737 1411 2785 1455 et
2811 1418 2935 1456 caro
2966 1400 3029 1456 de
3058 1417 3214 1455 carne
3247 1419 3359 1456 mea
3383 1418 3401 1455 :
3431 1401 3542 1458 hac

1970 1495 2241 1549 vocabitur
2268 1495 2477 1558 mulier,
2505 1496 2749 1564 quoniam
2782 1493 2845 1547 de
2877 1495 2985 1547 viro
3027 1503 3234 1560 sumpta
3265 1503 3361 1548 est.
3407 1493 3541 1549 Pro-

1969 1597 2084 1655 pter
2132 1586 2227 1639 hoc
2267 1585 2521 1656 relinquet
2569 1587 2722 1638 homo
2768 1595 2970 1654 patrem
3022 1601 3172 1638 suum
3224 1594 3273 1638 et
3315 1598 3543 1641 matrem

1970 1695 2143 1744 suam,
2173 1685 2223 1730 et
2252 1676 2536 1730 adhaerebit
2563 1676 2716 1729 uxori
2754 1692 2902 1732 sum:
2929 1687 2977 1729 et
3009 1688 3161 1730 erunt
3193 1676 3298 1730 duo
3333 1678 3389 1729 in
3417 1693 3539 1732 car-

1970 1783 2085 1820 nem
2104 1783 2263 1819 unam
2279 1767 2342 1820 3‘.
2360 1767 2652 1835 Apostolus
2672 1773 2849 1821 autem
2872 1782 2992 1822 eam
3014 1768 3335 1822 sententiam
3352 1768 3539 1823 consi-

300 1856 541 1924 θήσεται
570 1858 648 1928 τῇ
674 1861 910 1931 γυναικὶ
941 1861 1147 1927 αὐτοῦ,
1179 1864 1274 1918 καὶ
1298 1865 1541 1918 ἔσονται
1572 1869 1627 1920 οἱ
1649 1865 1757 1918 δύο
1785 1868 1864 1932 εὶς

1972 1856 2191 1921 derans,
2219 1871 2558 1926 nequaquam
2590 1858 2734 1910 illam
2765 1866 2924 1927 prout
2947 1858 3111 1926 jacet,
3134 1859 3289 1927 juxta
3315 1874 3541 1915 sensum

297 1948 495 2019 σάρκα
514 1952 680 2020 μίαν.
720 1953 778 2006 '0
810 1952 869 2005 δὲ
904 1954 1243 2019 Ἀπόστολος,
1272 1956 1350 2018 είς
1369 1956 1538 2027 αὐτὴν
1570 1955 1638 2027 δὴ
1665 1954 1872 2027 ταύτην

294 2041 760 2113 ἐπισκεπτόμενος
790 2043 887 2115 τὴν
919 2045 1244 2116 περικοπὴν,
1282 2046 1463 2099 οὐκέτι
1502 2047 1643 2100 κατὰ
1675 2046 1737 2099 τὸ
1763 2047 1874 2100 κεί-

297 2149 458 2203 μενον
485 2134 677 2205 αὐτὴν,
704 2134 779 2197 ὡς
800 2134 955 2207 ἔφην,
992 2134 1267 2207 αἰσθητῶς
1298 2136 1390 2189 ἐπὶ
1423 2135 1723 2207 συνέρξεως
1752 2136 1874 2206 βού-

293 2222 445 2277 λεται
495 2223 1019 2296 παραλαμϐάνεσθαι
1088 2226 1346 2295 γυναικός
1396 2243 1455 2278 τε
1506 2228 1600 2280 καὶ
1644 2226 1869 2297 ἀνδρὸς,

293 2311 484 2386 ὥσπερ
511 2315 574 2387 δὴ
599 2316 694 2369 καὶ
735 2316 818 2369 σύ.
867 2316 938 2369 Σὺ
981 2316 1118 2388 γὰρ,
1156 2315 1524 2389 φυσικώτερον
1567 2318 1870 2388 ἐπεξεργα-

297 2403 496 2476 ζομένη
533 2406 622 2460 τὸν
648 2407 826 2475 λόγον,
864 2407 1175 2478 συλλήψεων
1197 2409 1325 2481 πέρι
1356 2409 1450 2462 καὶ
1483 2408 1718 2463 τοκετῶν
1741 2409 1870 2463 ἐδω-

296 2511 400 2559 κας
430 2498 588 2566 μόνον
636 2497 1032 2567 ἀποφαίνεσθαι
1073 2498 1171 2570 τὴν
1215 2499 1458 2570 Γραφήν.
1504 2500 1618 2553 Ἵνα.
1658 2499 1765 2571 γὰρ
1806 2500 1868 2552 τὸ

296 2583 408 2638 ἀπὸ
453 2584 560 2637 τῶν
602 2585 804 2639 ὀστέων
849 2586 1037 2640 ὀστοῦν
1097 2587 1381 2659 ἄνθρωπος
1426 2588 1613 2661 ἕτερος
1665 2588 1867 2660 ληφθὲν

295 2673 552 2745 γεννηθῇ,
594 2675 768 2749 ταύτῃ
802 2680 1038 2730 συνεῖναι
1080 2676 1149 2730 τὰ
1179 2675 1295 2741 ζῶα
1334 2677 1660 2749 σπαργῶντα
1691 2678 1866 2750 δρυῶν

293 2763 447 2835 δίκην
469 2764 579 2837 (59)
622 2768 682 2819 ὲν
707 2765 826 2837 ὥρᾳ
856 2767 949 2821 τοῦ
982 2768 1153 2822 κύειν.
1203 2770 1436 2832 Ἐκεῖνος
1463 2770 1540 2835 δὲ,
1571 2787 1867 2840 πνευματι-

294 2853 529 2924 κῶτερον
576 2858 657 2920 είς
704 2858 939 2929 Χριστὸν
1003 2859 1330 2930 ἀναπέμψας
1372 2860 1463 2913 τὸν
1505 2860 1682 2929 λόγον,
1722 2860 1865 2915 διδά-

293 2960 438 3000 σκων
466 2945 638 3012 οὕτως
667 2947 768 3020 ἔφη
791 2966 804 2979 ·
846 2950 908 3003 ’0
938 2949 1186 3021 ἀγαπῶν
1222 2950 1335 3019 τὴν
1373 2951 1591 3005 ἑαυτοῦ
1612 2952 1865 3022 γυναῖκα

289 3036 507 3090 ἑαυτὸν
522 3038 743 3108 ἀγαπᾷ.
764 3040 973 3108 Οὐδεὶς
995 3041 1107 3111 γάρ
1132 3055 1276 3095 ποτε
1295 3041 1410 3110 τὴν
1430 3042 1647 3097 ἑαυτοῦ
1668 3044 1865 3112 σάρκα

1972 1953 2031 1998 ιιι
2063 1945 2173 1998 dixi
2207 1959 2271 1997 ac
2308 1960 2501 1999 sonum
2532 1944 2741 2006 litterte,
2779 1945 2845 1999 de
2873 1946 2974 1998 viri
3010 1961 3074 1998 ac
3111 1946 3322 2000 feminae
3342 1945 3538 2016 copula

1972 2036 2086 2088 vult
2117 2034 2319 2104 accipi,
2353 2035 2809 2104 quemadmodum
2839 2042 2896 2088 tu
2930 2034 3087 2099 facis,
3114 2036 3345 2089 naturali
3376 2034 3537 2092 modo

1971 2124 2038 2179 de
2067 2125 2418 2193 conceptibus
2452 2124 2793 2180 solummodo
2819 2138 2882 2178 ac
2903 2125 3168 2194 partubus
3195 2124 3535 2195 Scripturam

1970 2216 2130 2271 istam
2174 2214 2599 2284 interpretando.
2648 2213 2740 2269 Sic
2781 2214 2925 2269 enim
2974 2215 3232 2285 posuisti:
3278 2212 3347 2268 Ut
3375 2229 3436 2269 os
3469 2231 3537 2270 ex

1967 2308 2186 2364 ossibus
2221 2308 2382 2362 homo
2417 2309 2555 2363 alter
2587 2318 2861 2377 sumptum
2888 2310 3218 2378 gigneretur,
3250 2308 3395 2362 coire
3414 2307 3537 2362 viva

1968 2414 2222 2469 corpora,
2274 2399 2617 2469 distendique
2670 2415 2734 2454 ac
2772 2409 3004 2463 tumere,
3041 2399 3298 2454 arborum
3339 2399 3533 2464 instar,

1967 2504 2089 2543 cum
2119 2500 2419 2560 praegnant.
2452 2489 2653 2547 Paulus
2686 2500 2885 2555 autem,
2920 2491 3237 2561 spiritaliter
3268 2491 3335 2545 ad
3369 2489 3535 2545 Chri-

1967 2591 2108 2637 stum
2146 2584 2261 2638 haac
2301 2584 2564 2648 referens,
2615 2585 2670 2638 in
2701 2584 2846 2639 hunc
2873 2599 2972 2640 nos
3001 2584 3220 2639 modum
3255 2583 3444 2639 edocet
3464 2582 3534 2625 "3

1968 2674 2071 2740 Qui
2118 2691 2270 2729 suam
2319 2691 2537 2729 uxorem
2576 2675 2771 2745 diligit,
2823 2692 2876 2729 se
2913 2677 3083 2745 ipsum
3124 2675 3317 2745 diligit.
3366 2672 3537 2730 Nemo

1963 2767 2098 2820 enim
2124 2783 2354 2838 unquam
2380 2784 2590 2822 carnem
2611 2784 2762 2820 suam
2797 2766 2915 2821 odio
2944 2766 3148 2830 habuit,
3179 2766 3268 2820 sed
3292 2767 3456 2819 nutrit
3482 2775 3537 2822 et

1964 2860 2098 2928 [ovet
2118 2876 2255 2923 eam,
2282 2860 2419 2914 sicut
2448 2870 2495 2913 et
2525 2857 2768 2914 Christus
2803 2856 3094 2911 Ecclesium
3119 2874 3135 2910 :
3157 2858 3281 2928 quia
3302 2855 3533 2911 membra

1961 2970 2144 3008 sumus
2168 2954 2402 3021 corporis
2433 2952 2568 3021 eius.
2607 2951 2827 3021 Propter
2848 2951 2945 3006 hoc
2972 2951 3224 3020 relinquet
3254 2952 3405 3003 homo
3432 2965 3532 3018 pa-

1964 3052 2092 3098 trem
2139 3060 2292 3098 suum
2330 3053 2380 3098 et
2420 3054 2664 3107 matrem,
2703 3052 2753 3096 et
2785 3041 3069 3097 adhaerebit
3104 3042 3256 3095 uxori
3304 3057 3445 3105 sua;
3482 3048 3535 3096 et

289 3129 747 3197 ἐμίσησεν-,ἀλλ’
779 3133 1048 3202 ἐκτρέφει
1073 3135 1171 3188 καὶ
1210 3132 1444 3199 θάλπει,
1481 3133 1674 3201 καθὼς
1702 3134 1801 3189 καὶ
1828 3137 1861 3189 ό

1964 3144 2113 3188 erunt
2144 3136 2248 3189 duo
2278 3136 2332 3189 in
2366 3151 2574 3189 carnem
2618 3151 2798 3187 unam.
2842 3133 3240 3188 Sacramentum
3279 3133 3373 3188 hoc
3416 3150 3534 3186 ma-

288 3219 540 3290 Χριστὸς
588 3224 705 3306 τὴν
757 3226 1149 3294 Ἐκκλησίανο
1206 3225 1295 3280 ὅτι
1332 3226 1485 3296 μέλη
1521 3226 1710 3297 ἐσμὲν
1750 3227 1856 3281 τοῦ

1964 3244 2114 3297 gnum
2131 3236 2207 3281 est
2223 3242 2239 3290 ,'
2258 3243 2346 3296 ego
2364 3237 2539 3280 autem
2555 3225 2695 3289 dico,
2724 3227 2778 3279 in
2795 3224 3061 3280 Christum
3077 3235 3125 3279 et
3143 3227 3195 3279 in
3214 3225 3529 3280 Ecclesium.
3555 3301 3559 3306 ι

287 3312 556 3385 σώματος
587 3304 790 3371 αὐτοῦ.
852 3320 1000 3373 Ἀντὶ
1058 3320 1273 3374 τούτου
1327 3322 1673 3389 καταλείψει
1730 3318 2036 3388 ἅνθρωπος
2059 3321 2167 3374 τὸν
2197 3320 2421 3387 πατέρα
2467 3317 2653 3371 αὐτοῦ
2685 3316 2782 3370 καί
2802 3316 2916 3386 τὴν
2937 3317 3181 3386 μητέρα,
3209 3317 3305 3370 καὶ
3345 3328 3535 3385 προσ-

288 3407 727 3476 κολληθήσεται
789 3408 863 3479 τῇ
903 3412 1137 3480 γυναικὶ
1175 3410 1386 3475 αὐτοῦ,
1425 3412 1521 3465 καὶ
1556 3413 1801 3467 ἔσονται
1869 3415 1922 3466 ol
1950 3412 2057 3466 δύο
2104 3415 2191 3479 εὶς
2229 3410 2425 3480 σάρκα
2456 3411 2625 3481 μίαν.
2673 3410 2740 3464 Τὸ
2784 3407 3122 3478 μυστήριον
3168 3409 3344 3463 τοῦτο
3380 3407 3536 3477 μέτα

285 3504 489 3559 ἐστίν’
541 3503 655 3573 ἐγὼ
705 3502 773 3557 δὲ
809 3506 965 3575 λέγω
998 3509 1086 3575 είς
1147 3507 1406 3576 Χριστὸν
1464 3507 1564 3562 καὶ
1611 3509 1698 3574 εὶς
1756 3507 1875 3576 τὴν
1924 3507 2303 3574 Ἐκκλησίαν.

287 3634 417 3691 CAP.
456 3634 521 3690 ll.
552 3636 791 3706 Apostoli
814 3636 975 3692 Pauli
1000 3639 1367 3711 digressioncs.
1400 3640 1531 3711 Ejus
1563 3641 1819 3697 doctrina:
1848 3642 2123 3712 character
2147 3679 2161 3704 ,
2195 3639 2338 3712 nihil
2371 3640 2512 3712 ineo
2541 3640 2953 3694 dissentaneum.
2987 3637 3228 3709 Sufﬁxus
3258 3638 3530 3712 Origenes,

1304 3713 1393 3783 qui
1416 3709 1646 3782 improbe
1679 3714 1858 3765 omnia
1880 3711 1947 3765 ad
1981 3711 2293 3781 allegoriam
2323 3709 2507 3764 trahit.

356 3822 449 3894 Μὴ
488 3821 704 3877 κινείτω
747 3821 804 3875 δέ
848 3840 930 3888 σε,
974 3826 1023 3877 εἰ
1074 3825 1200 3896 περὶ
1237 3826 1437 3896 ἐτέρων
1478 3825 1856 3895 διαλεγόμενος

284 3914 366 3977 είς
400 3913 562 3985 ἕτερα
602 3913 914 3984 μεταπηδᾷ·
940 3914 1077 3968 ὥστε
1109 3915 1348 3985 νομίζειν
1377 3917 1734 3986 ἀναμιγνύναι
1762 3916 1856 3969 καὶ

285 4003 691 4075 παρεμϐάλλειν
739 4004 901 4057 αὑτὸν
970 4005 1199 4076 ἀνόμοια
1258 4008 1368 4068 τοῖς
1440 4008 1854 4078 προκειμένοις,

286 4094 726 4167 παρεκϐαίνοντα
756 4095 850 4149 τοῦ
889 4096 1224 4167 σκέμματος,
1252 4096 1440 4169 ὥσπερ
1489 4098 1554 4169 δὴ
1597 4100 1691 4151 καὶ
1739 4099 1852 4153 νῦν.

286 4187 424 4260 Περὶ
460 4186 559 4257 τῆς
601 4187 819 4256 ἁγνείας
846 4188 956 4259 γὰρ
993 4188 1273 4261 ἐθελήσας,
1304 4189 1379 4254 ὡς
1411 4190 1584 4257 εἰκὸς,
1617 4192 1859 4265 μεμελη-

287 4279 465 4352 μένως
494 4278 641 4350 αὑτῷ
669 4279 1036 4351 κρατυνθῆναι
1070 4281 1246 4350 λόγον,
1280 4282 1689 4356 προδιορθοίὴαι
1722 4285 1858 4356 πρό-

281 4389 441 4445 τερον
482 4373 578 4446 τὴν
627 4374 1005 4448 ἐπιχείρησιν,
1044 4376 1121 4447 τῷ
1166 4376 1420 4449 λειοτέρῳ
1464 4379 1565 4450 τῆς
1608 4381 1859 4452 φράσεως

282 4461 581 4535 ἀρχόμενος
624 4464 798 4536 τύπῳ.
837 4465 893 4518 Ὀ
935 4466 1043 4538 γάρ
1093 4483 1177 4519 τοι
1225 4468 1509 4539 χαρακτὴρ
1555 4469 1702 4541 αὐτῷ
1749 4470 1856 4523 τῶν

2029 3822 2140 3879 Nec
2166 3839 2299 3879 vero
2331 3832 2383 3879 te
2406 3829 2639 3883 moveat,
2665 3821 2809 3891 quod
2839 3821 2959 3876 aliis
2988 3820 3056 3876 de
3083 3822 3249 3878 rebus
3277 3825 3531 3882 instituto

1960 3928 2231 3979 sermone,
2266 3913 2333 3968 ad
2360 3914 2463 3967 alia
2496 3912 2752 3978 transilit,
2780 3921 2838 3966 ut
2868 3913 3197 3982 permiscere
3227 3914 3531 3972 doctrinam

1957 4006 2204 4061 videatur
2219 4021 2388 4076 eaque
2410 4005 2730 4059 intercalare
2745 4020 2864 4074 quae
2880 4013 3198 4074 argumento
3209 4005 3531 4077 dissideant,

1960 4097 2028 4151 ab
2061 4096 2304 4151 instituta
2330 4096 2640 4167 digrediens
2671 4095 3128 4159 consideratione,
3167 4098 3243 4151 uti
3265 4113 3324 4153 se
3356 4115 3444 4155 res
3476 4101 3533 4155 in

1964 4188 2145 4244 verbis
2178 4188 2418 4243 inductis
2450 4187 2627 4243 habet.
2661 4186 2794 4240 Nam
2820 4203 2941 4242 cum
2964 4189 3030 4244 de
3049 4190 3321 4255 castitate,
3347 4201 3407 4245 ut
3435 4207 3532 4263 ap.

1959 4287 2129 4346 paret,
2169 4278 2358 4334 sedulo
2386 4278 2688 4333 doctrinam
2730 4278 2944 4334 tradere
2974 4295 3037 4334 ac
3065 4280 3387 4338 conﬁrmare
3418 4285 3532 4339 vel-

1958 4369 2054 4432 let,
2080 4369 2321 4424 insinuat
2349 4384 2408 4423 se
2438 4368 2611 4438 prius,
2643 4378 2696 4424 et
2722 4370 2913 4425 molles
2940 4371 3092 4438 quasi
3119 4372 3299 4426 aditus
3318 4373 3384 4427 ad
3405 4389 3530 4429 eum

1959 4475 2185 4531 scopum
2207 4467 2409 4530 captat,
2440 4459 2636 4514 leniori
2661 4475 2725 4514 ac
2750 4461 3109 4530 plausibiliori
3136 4471 3295 4520 utens
3323 4479 3533 4520 sermo-

280 4553 476 4623 λόγων,
500 4554 889 4617 ποικιλώτατος
918 4553 1011 4620 ὣν,
1029 4556 1125 4608 καὶ
1155 4556 1296 4609 κατὰ
1320 4557 1659 4629 παραύξησιν
1680 4558 1854 4629 ἐξειρ-

1964 4552 2047 4609 nis
2076 4555 2347 4625 ingressu.
2391 4552 2486 4609 Est
2518 4553 2660 4607 enim
2692 4555 2811 4621 ejus
2844 4554 3099 4609 dictionis
3128 4556 3408 4613 character
3436 4560 3531 4615 ad-

279 4643 572 4713 γασμένος,
610 4643 838 4715 ἄρχεται
872 4644 969 4715 μὲν
998 4643 1455 4716 ἐπιπολαιότερον,
1492 4648 1772 4717 προχεῖται
1797 4647 1861 4700 δὲ’

279 4736 364 4798 είς
395 4734 459 4786 τὺ
495 4734 817 4806 ὑψηλότερον
842 4735 937 4788 καὶ
979 4735 1418 4807 μεγαλοπρεπές
1458 4733 1556 4790 εἴτ’
1589 4734 1743 4801 αὖθις
1774 4740 1858 4805 είς

282 4822 561 4895 βαθύτητα
592 4822 960 4894 μεταϐάλλων,
992 4823 1099 4876 ὁτὲ·
1132 4825 1228 4895 μὲν
1258 4827 1337 4888 εἰς
1375 4825 1437 4878 τὺ
1484 4825 1849 4899 ἁπλούστερον

280 4917 377 4969 καὶ
408 4914 622 4985 ἀφελὲς,
652 4916 740 4968 ὁτὲ
780 4915 837 4969 δὲ
864 4917 943 4979 είς
987 4915 1048 4969 τὸ
1079 4916 1376 4989 δεινότερον
1422 4918 1717 4990 καταλήγει
1756 4919 1851 4973 καὶ

279 5006 497 5071 λεπτὸν,
523 5006 672 5060 οὐδὲν
716 5005 993 5077 ἀλλότριον
1039 5009 1345 5077 ἐπεισάγων
1391 5009 1498 5063 τῶν
1545 5010 1850 5080 κεφαλαίων

277 5099 400 5161 ταῖς
432 5096 783 5165 ἐξαλλαγαῖς·
822 5097 956 5153 ἀλλὰ
989 5100 1166 5155 πάντα
1198 5101 1340 5156 κατά
1377 5119 1499 5156 τινα
1532 5102 1850 5176 θαυμαστὴν

278 5188 587 5260 οἰκειότητα
621 5190 1086 5264 συμπεριγράφων
1146 5195 1226 5258 εἰς
1270 5192 1329 5247 ἐν
1377 5194 1437 5248 τὸ
1492 5196 1849 5268 προκείμενον

1962 4647 2187 4702 modum
2222 4647 2431 4709 varius,
2478 4653 2532 4701 et
2565 4648 2631 4699 ad
2664 4660 2777 4699 rem
2814 4646 3015 4702 sensim
3054 4648 3354 4718 augendam
3383 4667 3533 4708 com-

1959 4746 2204 4810 paratus.
2244 4738 2323 4792 Ac
2365 4738 2482 4808 ipso
2513 4737 2731 4807 quidem
2763 4737 2986 4792 exordio
3020 4754 3133 4794 rem
3167 4741 3337 4797 levius
3369 4747 3532 4800 attin-

1956 4847 2112 4901 gens,
2140 4846 2373 4900 moxque
2395 4845 2453 4885 se
2478 4830 2531 4882 in
2561 4828 2755 4882 altiora
2782 4844 2846 4882 ac
2875 4830 3161 4899 magniﬁca
3185 4831 3526 4893 diffundens:

1954 4933 2071 4979 tum
2107 4939 2300 4980 rursus
2327 4923 2382 4976 in
2411 4921 2839 4992 profunditatem
2868 4937 2989 4977 sese
3014 4923 3326 4991 demittens,
3360 4928 3531 4983 inter-

1959 5016 2088 5070 dum
2125 5015 2180 5069 in
2210 5015 2437 5084 simplex
2468 5013 2670 5082 aliquid
2705 5019 2758 5066 et
2793 5010 2970 5074 facile,
3006 5012 3275 5068 interdum
3310 5017 3363 5070 in
3390 5016 3531 5072 ditii-

1955 5107 2115 5162 eilius
2158 5105 2363 5177 aliquid
2405 5114 2459 5160 et
2509 5105 2762 5160 subtilius
2811 5104 3043 5171 desinit;
3091 5122 3194 5162 nec
3234 5110 3528 5180 quidquam

1955 5205 2141 5254 tamen
2180 5213 2277 5269 per
2312 5197 2446 5254 istas
2479 5195 2870 5253 alternationes
2903 5196 3140 5253 alienum
3180 5215 3213 5253 a
3243 5216 3414 5272 scopo
3439 5203 3528 5257 in-

281 5339 327 5374 ”
368 5340 561 5412 Ephes.
607 5360 664 5409 ν,
701 5344 790 5399 52.
870 5346 914 5377 ³⁸
948 5346 1077 5401 Gen.
1120 5363 1180 5412 ιι,
1220 5349 1314 5415 23,
1354 5349 1446 5406 ει.
1523 5350 1566 5382 ⁸⁷
1608 5350 1799 5420 Ephes.
1841 5370 1864 5407 ι

1964 5353 2118 5409 ὶ8-52.

353 5505 467 5582 (ὅθ)
501 5504 702 5582 Δρυέὶν
731 5505 929 5582 δίκην.
959 5507 1146 5582 Lectio
1167 5526 1229 5565 ex
1250 5510 1565 5582 conjectura
1586 5514 1852 5582 interpre—

282 5574 374 5652 tis.
420 5574 555 5629 Nam
606 5574 727 5652 vat.
768 5574 944 5652 cudex
997 5578 1228 5652 habebat
1272 5574 1633 5652 Gp&v_8ix'qv.
1686 5574 1849 5646 Maia,

283 5645 606 5720 glossemate
635 5647 783 5701 docti
828 5648 1045 5703 lectoris
1074 5664 1120 5720 _e
1140 5645 1383 5720 margine
1426 5650 1482 5706 in
1511 5645 1848 5719 contextum,

285 5722 343 5798 ut
362 5717 662 5798 ferisiiriite
689 5724 794 5782 est,
826 5727 1045 5798 recepto
1067 5717 1295 5790 δένδρων
1321 5736 1417 5790 pro
1444 5720 1618 5798 δρυῶν
1647 5717 1848 5793 posuit.

284 5785 440 5856 Δρῦς,
476 5797 533 5842 ιιι
562 5786 748 5845 Grece
777 5785 1076 5846 scientibus
1106 5785 1456 5856 notumfnon
1476 5785 1664 5850 'solam'
1688 5808 1850 5853 auer-

1955 5529 2101 5579 cum,
2132 5514 2225 5569 sed
2255 5514 2478 5570 omnino
2502 5531 2672 5581 genus
2701 5529 2862 5569 omne
2889 5515 3142 5581 arborum
3178 5524 3319 5581 sape
3353 5510 3526 5580 signi-

1956 5586 2102 5660 licet,
2146 5584 2264 5660 imo
2297 5591 2351 5660 et
2395 5579 2727 5660 plantarum.
2776 5584 2915 5660 _Nam
2965 5579 3234 5660 ἀκρόδρυα
3276 5579 3343 5660 de
3375 5579 3526 5660 omni

1954 5646 2135 5708 fructu
2160 5654 2289 5719 dici,
2313 5646 2478 5710 Caius
2498 5657 2656 5709 etiam
2678 5646 3106 5725 jurisconsultus
3136 5646 3447 5725 adnotavit-.7
3465 5653 3523 5707 Si

1953 5725 2039 5777 cui
2073 5733 2268 5797 tamen
2283 5727 2457 5795 magis
2489 5724 2744 5797 probetur
2772 5724 3018 5793 δένδρων,
3056 5730 3163 5769 ιιυιι
3195 5724 3529 5788 repugnabi-

1954 5810 2093 5849 mus.
2129 5793 2222 5848 Eo.
2253 5793 2448 5849 Lurin.
