4056 6302
490 381 561 437 63
608 450 611 453 ἢ
1465 379 1523 434 S.
1567 376 1903 434 METEODII
1937 375 2252 434 EPISCOPI
2285 375 2374 431 ET
2414 374 2773 431 MARTYRIS

3677 374 3775 430 64

487 504 642 558 ducit
676 520 689 555 :
725 500 823 557 sed
860 507 1055 557 cuncta
1103 499 1338 554 mirabili
1380 499 1615 570 quadam
1658 496 2065 554 necessitudine

2178 498 2314 569 κύτῷ
2354 495 2576 567 σκέμμα
2606 496 2706 567 τῆς
2738 493 3052 560 ἀποθέσεως
3083 494 3472 567 ἀπεργάζεται.
3496 492 3621 567 Χρὴ
3653 489 3777 548 οὖν

487 611 556 652 ac
582 611 725 651 nexu
754 595 1067 665 complexus
1088 633 1104 658 ,
1159 594 1422 648 instituta:
1455 608 1485 646 a
1518 609 1578 648 se
1603 590 2065 648 considerationis

486 705 660 746 unum
691 696 1068 758 argumentum
1099 688 1350 743 absolvit.
1397 686 1587 758 Operae
1624 688 1859 757 pretium
1898 685 2065 756 igitur

487 784 703 842 factura
731 783 938 847 videar,
985 784 1031 839 si
1062 784 1484 855 apostolicarum
1513 782 1906 837 sententiarum
1937 795 2064 836 sen-

2175 609 2241 663 με
2263 588 2652 660 ἀκριϐέστερον
2684 586 3026 652 ἀνακαλύψω
3056 585 3148 641 τὸν
3174 585 3300 641 νοῦν
3337 586 3446 640 τῶν
3477 585 3623 639 κατά
3657 585 3774 639 τὸν

2184 680 2504 737 Ἀπόστολον
2548 681 2796 750 ὲπιχειρη
2807 679 3011 749 μάτων,
3069 678 3223 733 οὐδὲν
3277 679 3386 733 τῶν
3436 676 3773 752 ἔμπροσθεν

2169 777 2291 846 είρη
2301 773 2475 845 μένων
2506 770 2969 843 ἀνακρουομένην.

489 894 612 937 sum
657 879 818 950 paulo
863 878 1176 933 accuratius
1219 877 1599 947 explicavero;
1649 875 1723 930 ita
1770 880 1976 938 tamen,
2036 880 2097 927 ut
2150 882 2341 925 earum
2379 880 2501 937 quae
2532 864 2646 935 jam
2687 863 2742 917 in
2790 862 3167 934 superioribus
3214 862 3361 918 dicta
3402 868 3550 929 sunt,
3607 858 3769 915 nihil

487 973 751 1043 rejiciam.

559 1090 788 1146 Abunde
813 1090 959 1168 enim
991 1100 1153 1160 atque
1186 1090 1448 1161 praeclare
1477 1089 1571 1143 illa
1607 1103 1826 1159 quoque
1861 1085 2066 1141 videris

489 1185 863 1250 edisseruisse,
890 1186 1127 1245 cautius,
1159 1199 1190 1235 ι)
1212 1182 1536 1252 TheOpbila,
1561 1182 1678 1253 ipsa
1701 1193 1863 1253 prout
1882 1181 2069 1251 jaceat

491 1276 783 1348 Scriptura:
812 1277 974 1332 verba
1008 1292 1307 1346 exponens.
1341 1274 1477 1329 Nam
1503 1290 1677 1344 neque
1709 1275 1949 1345 periculo
1972 1290 2068 1330 va-

488 1380 597 1432 cat,
629 1368 863 1437 subjecti
896 1375 1080 1421 textus
1119 1368 1306 1430 verba,
1358 1369 1437 1421 uti
1468 1367 1677 1421 dictum
1708 1375 1813 1426 est,
1841 1368 2068 1423 omnino

488 1477 767 1533 spernere,
793 1462 1093 1529 praesertim
1127 1457 1424 1525 Geneseos,
1457 1458 1549 1512 ubi
1581 1459 1863 1513 condenda
1884 1475 2069 1514 rerum

487 1552 655 1621 hujus
696 1551 1072 1605 universitatis
1122 1550 1265 1604 mole
1307 1564 1370 1603 ac
1414 1549 1721 1614 statuenda,
1770 1551 2070 1605 immobilia

485 1643 584 1700 Dei
619 1643 870 1698 feruntur
917 1643 1137 1695 oracula
1170 1656 1233 1695 ac
1279 1640 1497 1695 decreta
1532 1660 1545 1696 :
1576 1641 1776 1711 quibus
1821 1642 1876 1696 in
1924 1643 2071 1697 hunc

489 1753 665 1807 usque
694 1735 838 1790 diem
869 1742 1086 1804 aptatus
1130 1734 1389 1796 mundus,
1430 1735 1548 1788 suis
1580 1734 1786 1789 sensim
1820 1737 2069 1804 partibus

2254 1075 2477 1140 Ίκανῶς
2504 1075 2613 1147 γὰρ
2654 1075 2879 1129 κάκεῖνά
2906 1091 2995 1145 μοι
3023 1074 3447 1146 διεξεληλυθέναι
3480 1076 3573 1129 καὶ
3603 1076 3765 1149 λαμσ⁸

2172 1170 2328 1242 πρῶς
2355 1167 2550 1234 δοκεῖς,
2586 1167 3029 1240 ἀκινδυνότερον,
3064 1162 3109 1220 ὦ
3146 1167 3399 1238 Θεοφίλα,
3423 1168 3491 1222 τὰ
3529 1170 3764 1240 ῥήματα

2170 1261 2273 1331 τῆς
2315 1259 2560 1333 Γραφῆς,
2599 1259 2675 1323 ὡς
2718 1256 2884 1331 εἶχεν,
2924 1260 3425 1332 ἐπεξεργασαμένη.
3474 1261 3760 1335 Σφαλερὺν

2173 1354 2281 1426 γάρ
2316 1355 2491 1426 πάντη
2524 1358 2883 1426 καταφρονεῖν
2926 1355 3033 1409 τῶν
3073 1355 3361 1426 κειμένων,
3394 1356 3470 1419 ὡς
3506 1356 3753 1428 εἴρηται,

2177 1446 2415 1519 μάλιστα
2432 1447 2528 1518 τῆς
2551 1447 2839 1513 Γενέσεως,
2862 1447 2991 1501 ἔνθα
3018 1449 3317 1520 ἀποφάσεις
3339 1448 3755 1519 ἀπαράλλακτοι

2172 1538 2424 1611 φέρονται
2455 1537 2548 1590 τοῦ
2578 1536 2713 1592 Θεοῦ
2740 1539 2821 1602 εἰς
2857 1539 2956 1611 τὴν
2996 1537 3252 1592 σύστασιν
3281 1537 3375 1590 τοῦ
3408 1538 3624 1601 παντὸς,
3656 1531 3754 1601 αἶς

2169 1631 2532 1703 ἡρμοσμένως
2569 1631 2737 1685 εἰσέτι
2781 1633 2877 1685 κει)⁸
2921 1631 3016 1686 νῦν
3064 1631 3321 1687 κάλλιστα
3354 1631 3497 1685 κατά
3548 1631 3754 1703 μέτρον

2170 1723 2353 1776 τέλεον
2380 1722 2738 1777 ἀπευθύνεται
2775 1723 2996 1787 τελείως
3027 1723 3056 1775 ὁ
3087 1723 3311 1794 κόσμος,
3338 1723 3445 1776 ἔστ’
3478 1721 3543 1776 ἂν
3574 1723 3754 1776 ἀὑτὸν

492 1829 732 1900 perfecte
755 1829 1010 1899 dirigitur
1032 1868 1045 1893 ,
1084 1828 1258 1884 donec
1290 1844 1485 1884 rursus
1514 1829 1629 1897 ipse
1656 1830 1750 1899 qui
1779 1831 2075 1886 concinna-

2178 1812 2336 1867 πάλιν
2356 1812 2519 1878 αὐτὸς
2538 1816 2566 1868 ὁ
2581 1815 2952 1887 διακοσμήσας
2969 1815 3283 1887 νομοθέτης,
3297 1814 3755 1886 ἀναστοιχειῶσαι

491 1921 571 1974 vi:
613 1920 909 1989 legislator,
958 1935 1096 1989 opus
1120 1935 1278 1974 suum
1300 1920 1597 1976 reformare
1621 1920 1829 1986 volens,
1862 1923 2071 1992 primas

490 2025 701 2066 natura:
744 2012 888 2082 leges
937 2013 1042 2065 alia
1090 2012 1480 2068 constitutione
1524 2014 1910 2085 antiquaverit.
1960 2012 2069 2069 Sed

488 2103 747 2174 quoniam
793 2118 901 2157 non
931 2103 1087 2157 decet
1122 2103 1516 2174 inexploratam
1545 2121 1609 2161 ac
1651 2105 1799 2162 velut
1840 2105 2069 2163 dimidia

488 2210 585 2251 sua
613 2203 765 2265 parte
794 2194 1191 2251 claudicantem
1231 2196 1651 2267 explicationem
1688 2198 1952 2254 doctrinae
1982 2215 2072 2255 re-

487 2287 765 2356 linquere;
798 2301 918 2357 age,
944 2287 1298 2356 anagogicum
1323 2302 1541 2357 quoque
1570 2288 1793 2343 litterali
1824 2304 2068 2355 sensum,

484 2379 635 2434 velut
659 2379 889 2433 alterum
926 2378 1064 2448 bigae
1114 2377 1315 2431 animal
1376 2378 1691 2444 reddamus,
1748 2378 2074 2450 profundius

488 2471 632 2527 hanc
682 2471 1023 2540 Scripturam
1072 2469 1426 2540 speculando.
1467 2469 1587 2524 Non
1616 2472 1761 2525 enim
1795 2473 1842 2528 is
1870 2481 1955 2528 est
1980 2472 2074 2544 qui

488 2561 765 2617 contemni
795 2559 969 2630 possit
989 2559 1214 2628 Paulus,
1253 2576 1414 2631 quem
1441 2561 1602 2617 modo
1628 2562 1883 2629 vidimus,
1924 2570 2074 2617 tran-

488 2668 685 2709 scenso
718 2653 850 2708 dicti
889 2651 1054 2722 hujus
1101 2652 1315 2722 vulgari
1361 2668 1551 2717 sensu,
1606 2654 1675 2709 ad
1708 2654 1912 2711 Christi
1943 2655 2076 2710 illud

488 2745 812 2816 mysterium
842 2742 1211 2815 Ecclesizeque
1245 2743 1577 2800 traduxisse.

2174 1905 2474 1977 βουληθεὶς,
2512 1906 2681 1978 ἑτέρῳ
2709 1905 3038 1977 διατάγματι
3065 1908 3192 1971 τοὺς
3226 1905 3475 1978 πρώτους
3505 1907 3606 1977 τῆς
3640 1904 3755 1975 φύ-

2175 2015 2312 2062 σεως
2364 1999 2606 2073 ἀναλύσῃ
2650 1999 2905 2071 θεσμούς.
2947 2000 3085 2053 Ἀλλ’
3137 2001 3259 2053 ἐπεὶ
3302 2000 3362 2053 ού
3409 1999 3514 2072 χρὴ
3563 1997 3757 2066 ἀνεξέ-

2172 2088 2421 2158 λεγκτον,
2453 2092 2546 2145 καὶ
2573 2090 2761 2164 ὥσπερ
2784 2091 2843 2160 ἐξ
2871 2093 3129 2164 ἡμισείας
3156 2091 3332 2163 χωλὴν
3355 2093 3452 2164 τὴν
3477 2090 3756 2155 ἀπόδειξιν

2173 2182 2268 2236 τοῦ
2319 2182 2478 2253 λόγου
2526 2184 2879 2255 καταλεῖψαιο
2932 2185 3063 2256 φέρε
3095 2185 3160 2256 δὴ
3193 2186 3286 2239 καὶ
3315 2185 3414 2257 τὴν
3455 2185 3574 2237 κατ’
3620 2184 3759 2236 ἀνα-

2175 2273 2362 2343 γωγὴν
2393 2273 2528 2344 αὐτῇ
2560 2272 2818 2342 συζυγίαν
2872 2274 3158 2345 ἀποδῶμεν
3203 2276 3396 2347 ἡμεῖς,
3455 2273 3759 2344 βαθύτερον

2176 2363 2613 2435 ὲπισκεψάμεναι
2664 2366 2763 2435 τὴν
2808 2366 3048 2438 Γραφήν.
3101 2366 3175 2420 Ut)
3232 2365 3339 2439 γάρ
3393 2365 3485 2419 τοῦ
3538 2365 3757 2419 Παύλου

2176 2456 2633 2527 καταφρονητέον,
2662 2455 2756 2511 τοῦ
2790 2457 3318 2529 ύπεραναὸαίνοντος
3345 2457 3407 2512 τδ
3438 2459 3621 2529 ῥητὸν,
3658 2456 3757 2511 καὶ

2173 2550 2255 2611 είς
2280 2548 2370 2603 τὸν
2402 2549 2635 2620 Χριστὸν
2668 2550 2799 2604 αύτὸ
2828 2550 3119 2605 συντείνειν
3159 2551 3254 2605 καὶ
3282 2551 3382 2622 τὴν
3423 2550 3755 2622 Ἐκκλησίαν

2183 2641 2626 2714 ἀποφηναμένου.

1272 2863 1405 2919 CAP.
1439 2862 1527 2917 lll.
1569 2863 1741 2919 Primi
1768 2864 1938 2921 Adam
1963 2877 2014 2922 et
2033 2869 2253 2925 secundi
2282 2873 2612 2941 comparatio
2643 2874 2916 2929 instituta.

559 2980 735 3052 Atque
763 2982 851 3038 hic
884 2982 1121 3053 primum
1153 2981 1567 3053 disquirendum
1600 2999 1670 3038 an
1712 2983 1886 3039 Adam
1912 3001 2071 3041 com-

2255 2992 2364 3050 Καὶ
2406 2992 2624 3065 πρῶτον
2669 2991 3019 3059 ἐξεταστέον,
3063 2995 3111 3047 εί
3162 2994 3335 3066 Ἀδὰμ
3373 2994 3484 3068 (40)
3525 2992 3758 3050 ἀπεικά-

490 3076 671 3146 parari
701 3075 875 3146 possit
906 3074 1045 3129 Filio
1077 3075 1205 3129 Dei:
1239 3076 1349 3139 ille,
1379 3074 1626 3145 inquam,
1654 3075 1829 3131 Adam
1885 3077 1942 3132 in
1988 3079 2071 3132 la-

2179 3081 2366 3146 ζεσθαι
2397 3083 2618 3136 δύναται
2663 3084 2741 3155 τῷ
2782 3084 2895 3156 Υίῷ
2925 3084 3018 3139 τοῦ
3044 3084 3202 3152 Θεοῦ,
3235 3087 3293 3138 ὲν
3332 3084 3410 3156 τῷ
3453 3084 3753 3157 παραπτώ-

487 3182 593 3239 psu
642 3167 1102 3239 praevaricationis
1127 3167 1502 3236 deprehensus
1527 3207 1541 3230 ,
1574 3169 1777 3239 quique
1822 3169 2029 3225 audivit
2059 3189 2072 3225 :

495 3263 660 3317 Terra
688 3279 763 3327 es,
790 3270 839 3315 et
874 3262 930 3315 in
965 3271 1161 3314 terram
1201 3264 1476 3316 reverteris
1511 3262 1576 3316 ³⁸.
1631 3261 1916 3328 Quomodo
1947 3279 2078 3320 vero

489 3356 656 3412 etiam
712 3353 1102 3425 Primogenitus
1139 3357 1311 3409 omnis
1356 3365 1616 3411 creatura:
1654 3356 1699 3388 ⁸⁸
1743 3356 2024 3428 putabitur
2053 3397 2070 3423 ,

490 3447 583 3518 qui
618 3453 741 3517 post
771 3457 971 3500 terram
1015 3454 1068 3501 et
1102 3445 1502 3502 ﬁrmamentum
1554 3463 1587 3503 e
1636 3448 1752 3501 luto
1810 3448 2076 3505 formatus

489 3539 614 3596 est?
642 3538 855 3594 Rursus
881 3553 989 3609 qua
1018 3540 1229 3595 ratione
1280 3540 1485 3610 lignum
1514 3541 1640 3595 vita:
1680 3540 1726 3572 ‘°
1774 3555 1898 3596 eum
1955 3557 2078 3598 esse

489 3633 838 3698 concedetur,
856 3636 949 3705 qui
990 3632 1038 3703 ej
1047 3633 1207 3688 icitur
1230 3641 1451 3706 propter
1478 3634 1977 3705 praevaricationem
1996 3637 2073 3702 δι,

488 3742 560 3784 ne
597 3743 790 3782 rursus
822 3727 1081 3783 extendat
1110 3742 1333 3781 manum
1376 3737 1431 3782 et
1473 3727 1726 3783 comedat
1753 3744 1820 3783 ex
1850 3729 1989 3798 ipso,
2023 3735 2077 3783 et

487 3817 634 3874 vivat
662 3819 716 3873 in
744 3818 1047 3874 aeternum?
1074 3815 1228 3883 Quod
1282 3817 1431 3873 enim
1477 3824 1831 3888 comparatur
1880 3817 2074 3884 alteri,

492 3909 571 3965 illi
599 3911 846 3981 pluribus
872 3911 1050 3965 simile
1092 3911 1321 3966 exsistat
1354 3925 1582 3966 necesse
1625 3911 1700 3966 sit
1757 3924 1823 3964 ac
1878 3909 2073 3976 aliine,

493 4014 604 4054 non
635 3998 909 4053 contrario
962 3998 1122 4069 plane
1164 3998 1327 4053 modo
1384 4013 1448 4053 ac
1491 3998 1841 4055 dissentanee
1871 4014 1931 4055 se
1976 3998 2078 4053 ha-

493 4091 642 4151 beat.
677 4098 730 4145 et
752 4091 905 4161 quasi
934 4107 1001 4147 ex
1027 4091 1290 4161 Oppositis
1312 4093 1596 4148 consistat.
1629 4092 1799 4148 Nemo
1819 4093 1964 4149 enim
1981 4093 2076 4165 qui

492 4184 669 4254 impar
698 4183 845 4252 pari,
892 4190 945 4238 et
973 4184 1349 4239 harmonicum
1375 4195 1703 4241 concentum
1727 4202 1833 4242 non
1860 4187 2077 4241 harmo-

494 4278 620 4334 nico
675 4276 1138 4346 dissentaneoque
1184 4291 1504 4348 comparare
1554 4278 1772 4346 audeat,
1809 4280 2075 4351 sapientis

495 4368 711 4425 laudern
744 4370 1117 4440 consequitur.
1164 4370 1271 4425 Sed
1301 4385 1400 4441 par
1426 4380 1622 4425 natura
1650 4372 1768 4441 pari
1796 4372 1942 4427 haud
1968 4373 2072 4426 im-

2182 3193 2311 3247 ματι
2338 3177 2438 3248 τῆς
2471 3177 2835 3250 παραϐάσεως
2866 3178 3128 3252 εὑρεθεὶς,
3159 3178 3252 3231 καὶ
3285 3178 3524 3241 ἀκούσας
3551 3180 3634 3241 τὸ,
3661 3174 3751 3247 Γῆ

2175 3263 2249 3331 εἴ,
2281 3267 2379 3321 καὶ
2405 3271 2493 3334 εὶς
2515 3267 2635 3338 γῆν
2658 3268 2995 3339 ἀπελεύσῃ.
3022 3268 3147 3333 Πῶς
3172 3268 3226 3321 δὲ
3256 3269 3349 3321 καὶ
3377 3269 3753 3336 Πρωτότοκος

2176 3359 2380 3429 πάσης
2413 3360 2523 3430 τῆς
2555 3363 2809 3428 κτίσεως
2834 3361 3244 3434 νομισθήσεται,
3275 3361 3303 3413 ὁ
3335 3360 3471 3431 μετά
3514 3360 3613 3431 τὴν
3650 3359 3752 3430 γῆν

2176 3453 2272 3505 καὶ
2302 3453 2362 3506 τὸ
2399 3454 2685 3526 στερέωμα
2712 3453 3291 3524 πηλοπλαστούμενοςς
3319 3452 3442 3516 Πῶς
3469 3452 3527 3505 δὲ.
3570 3453 3664 3506 καὶ
3694 3451 3754 3506 τ’)

2180 3541 2335 3607 ξύλον
2364 3544 2465 3613 τῆς
2507 3544 2653 3615 ζωῆς
2683 3543 2846 3606 αὐτὸς
2883 3539 3022 3596 εἶναι
3062 3540 3565 3614 συγχωρηθήσεται,
3607 3541 3635 3593 ὁ
3665 3540 3754 3593 ὲκ-

2179 3633 2505 3705 6αλλόμενος
2541 3634 2629 3688 διὰ
2663 3636 2762 3706 τὴν
2799 3634 3142 3705 παράϐασιν,
3186 3634 3272 3686 ἵνα
3315 3631 3419 3704 μὴ,
3461 3632 3620 3685 πάλιν
3658 3632 3752 3683 ὲκ-

2178 3725 2358 3790 τείνας
2387 3726 2487 3790 τὴν
2525 3728 2682 3797 χεῖρα
2715 3727 2811 3780 καὶ
2842 3724 3033 3796 φαγὼν
3066 3727 3159 3778 ἀπ’
3192 3724 3376 3789 αὑτοῦ,
3422 3724 3644 3794 ζήσεται
3676 3725 3753 3787 εἰς

2179 3815 2272 3870 τὸν
2313 3815 2519 3882 αίῶνα;
2554 3822 2569 3839 “
2600 3816 2673 3869 Τὸ
2711 3817 2820 3889 γὰρ
2850 3814 3282 3888 ἀπεικαζόμενον
3314 3815 3505 3886 ἐκείνῳ
3526 3808 3586 3868 οὗ
3613 3818 3753 3870 ἐστιν

2177 3908 2536 3979 ἀπείκασμα,
2598 3909 2915 3979 ὁμοιοῦσθαι
2973 3910 3069 3964 καὶ
3122 3907 3562 3981 παραϐάλλεσθαι
3616 3906 3755 3962 κατά

2178 4001 2348 4056 πολλά
2367 4001 2495 4073 χρὴ,
2526 4001 2661 4055 ἀλλά
2694 4003 2770 4074 μὴ
2814 4005 2879 4056 ἐκ
2910 4003 3018 4057 τῶν
3057 4003 3317 4057 ἐναντίων
3351 4003 3445 4055 καὶ
3478 4002 3752 4055 ἀνοικείων

2178 4095 2276 4168 τὴν
2307 4095 2564 4149 σύστασιν
2596 4093 2759 4165 ἔχειν.
2794 4093 2868 4147 Οὐ
2908 4092 3017 4164 γὰρ
3049 4093 3114 4147 ἂν
3144 4093 3203 4146 τὸ
3230 4093 3413 4147 ἄνισον
3444 4091 3523 4162 τῷ
3563 4091 3749 4162 ἀρτίῳ,

2177 4188 2333 4260 ἢτὴν
2361 4186 2628 4259 ἁρμονίαν
2653 4188 2719 4257 τῇ
2752 4186 3097 4257 ἀναρμοστία
3127 4203 3208 4249 τις
3243 4182 3487 4249 ὲξισάσαι
3522 4181 3750 4253 τολμῶν,

2177 4279 2252 4343 ὡς
2283 4278 2507 4351 ἔμφρων
2545 4276 2999 4349 ἀποδεχθήσεταιο
3048 4275 3185 4330 ἀλλά
3220 4276 3281 4329 τὸ
3321 4276 3433 4328 ἴσον
3477 4274 3556 4347 τῷ
3597 4274 3752 4343 φύσει

2181 4368 2301 4441 ἴσῳ,
2332 4371 2434 4424 κᾶν
2466 4368 2527 4435 ἐξ
2570 4369 2750 4438 ὀλίγου
2796 4369 2908 4422 ἴσον
2939 4367 2994 4440 ᾖ,
3018 4369 3111 4422 καὶ
3154 4368 3214 4421 τὸ
3256 4367 3447 4421 λευκὸν
3479 4366 3557 4436 τῷ
3600 4367 3751 4436 φύσει

493 4460 692 4515 merito
723 4470 1071 4531 comparetur
1094 4501 1109 4525 ,
1169 4461 1273 4517 etsi
1315 4460 1492 4516 solum
1528 4461 1743 4515 modico
1796 4477 1894 4531 par
1922 4462 2072 4515 exsi-

2178 4461 2373 4532 λευκῷ,
2406 4461 2507 4515 κᾶν
2539 4462 2670 4517 αὐτὸ
2711 4460 3046 4534 βραχύτατον
3157 4461 3251 4514 καὶ
3288 4460 3523 4532 μετρίως
3558 4459 3750 4530 φαντά-

386 4587 396 4599 .
494 4558 635 4618 stat;
673 4552 966 4622 albumque
992 4552 1118 4607 albo
1146 4560 1365 4617 natura,
1386 4552 1490 4608 etsi
1514 4552 1944 4607 minutissimum
1979 4552 2072 4616 sit,

493 4642 750 4713 illiusque
775 4643 1045 4699 albedinis
1082 4660 1304 4700 sensum
1362 4644 1577 4699 modice
1610 4641 1844 4707 referat,
1878 4650 2073 4713 quate-

493 4748 601 4789 nus
627 4735 803 4802 ipsum
843 4750 1058 4805 quoque
1087 4735 1271 4791 album
1316 4733 1523 4789 audiat.
1579 4732 1699 4789 Jam
1732 4750 1831 4805 par
1859 4742 1913 4789 et
1941 4735 2072 4810 har-

495 4826 771 4884 monicum
800 4835 854 4883 et
886 4828 1126 4885 candore
1160 4829 1507 4901 splendidum
1558 4830 1772 4885 cunctis
1798 4829 1959 4900 plane
1986 4829 2072 4885 ci-

2181 4551 2328 4619 ζοιτο
2360 4552 2459 4624 τὴν
2508 4552 2809 4623 λευκότητα
2864 4553 3110 4614 ἐκείνου,
3146 4552 3212 4605 δι’
3270 4552 3336 4623 ἢν
3377 4552 3441 4624 δὴ
3488 4550 3579 4606 καὶ
3628 4549 3753 4606 αὐτὸ

2180 4647 2399 4715 λέγεται
2429 4645 2640 4701 λευκόν.
2679 4647 2822 4700 Ἴσον
2847 4645 2902 4699 δὲ
2938 4647 3032 4698 καὶ
3068 4645 3327 4717 ἁρμόνιον
3364 4646 3457 4699 καὶ
3488 4644 3746 4719 λαμπρδν,

2179 4737 2242 4790 τὸ
2268 4737 2654 4809 ἀναμάρτητον
2702 4732 2841 4791 εἶναι
2879 4735 2974 4789 καὶ
3014 4735 3339 4807 ἀδιάφθορον
3373 4736 3750 4800 ἀνενδοιάστως

2180 4829 2343 4883 παντί
2375 4845 2476 4881 που
2518 4829 2710 4898 σαφὲς,
2738 4827 2835 4899 τὴν
2877 4827 3065 4896 σοφίαν
3089 4826 3234 4900 (41)’
3279 4827 3533 4899 ἀνάρτιον
3572 4827 3629 4881 δὲ
3664 4826 3747 4880 καὶ

566 4978 611 5012 ⁸⁸
651 4977 778 5034 Gen.
810 4997 890 5048 ιιι,
915 4982 1003 5038 1‘3.
1076 4983 1119 5016 ³³
1144 4982 1350 5040 Coloss.
1385 4999 1425 5048 ι,
1468 4982 1557 5040 l5.
1623 4983 1670 5016 ⁸ο
1702 4982 1866 5054 Apoc.
1910 4998 1972 5050 ιι,
2014 4983 2065 5038 7.

2178 5007 2181 5016 ’
2223 4982 2352 5041 Gen.
2397 4998 2479 5051 ιιι,
2520 4981 2611 5037 22.

567 5150 680 5226 (40)
711 5154 782 5226 El
834 5153 1025 5226 Ἀδάμ.
1075 5152 1307 5211 Allatius
1352 5155 1722 5226 parenthesim
1746 5155 2073 5226 interponit.

493 5224 790 5296 Eixbgyap
832 5224 1276 5296 ἀντιπαραθεῖναί
1315 5224 1467 5290 τινας
1503 5226 1689 5281 ἄλλοτε
1722 5224 1925 5290 ἄλλως-⁷·
1959 5226 2077 5291 πῶς

489 5296 520 5349 ὁ
561 5295 768 5365 Ἀδάμ,
799 5311 919 5366 quae
951 5295 1073 5350 aliis
1109 5297 1568 5364 desiderantibus,
1623 5313 1731 5351 non
1778 5298 2077 5352 admodum

490 5368 803 5438 necessaria
827 5366 959 5419 mihi
982 5368 1099 5421 visa
1122 5376 1207 5421 est
1231 5386 1243 5421 :
1273 5376 1327 5422 et
1356 5366 1495 5423 forte
1523 5367 1771 5423 scholion
1803 5369 1895 5430 sit,
1929 5367 2079 5438 quod

491 5435 548 5511 in
583 5438 1100 5511 textumirrepserit
1131 5456 1144 5492 :
1181 5439 1272 5511 ubi
1304 5438 1536 5511 Allatius
1565 5435 1972 5511 ἀντιπροθεῒναί
2002 5438 2078 5511 le-

489 5508 587 5575 git.
629 5506 992 5578 reddiditquc,
1027 5506 1151 5563 Non
1177 5509 1319 5563 enim
1345 5508 1554 5564 dedecet
1588 5506 1744 5564 alias
1771 5509 1879 5564 alio
1922 5507 2079 5563 modo

488 5585 541 5648 e_t
569 5586 795 5647 tempore
816 5579 1266 5635 consideratione:
1295 5578 1640 5648 interponere.
1667 5579 1847 5634 Malim
1870 5588 2076 5643 tamen,

491 5644 606 5701 Par
636 5644 776 5703 enim
803 5664 880 5706 est
912 5651 1172 5723 quosdam
1216 5650 1353 5723 atias
1398 5644 1555 5704 aliter
1602 5651 1741 5723 inter
1772 5667 1828 5706 se
1866 5664 2081 5723 compo-

491 5732 632 5791 nere.
682 5738 775 5775 seu
827 5720 1181 5791 comparare;
1220 5720 1274 5775 id
1317 5729 1419 5787 est,
1474 5721 1778 5776 secundum
1827 5722 1990 5791 aliam
2027 5727 2081 5775 et

496 5787 657 5842 aliam
690 5787 971 5863 rationem'
986 5809 1084 5863 pro
1114 5787 1234 5848 loco
1263 5802 1317 5846 ct.
1344 5802 1602 5862 tempore,
1635 5791 1907 5863 quomodo
1937 5790 2078 5863 idem

500 5872 644 5929 saepe
687 5861 1388 5935 contrariis'comparatur,
1440 5861 1500 5919 ut
1541 5861 1688 5935 quod
1729 5871 1783 5919 et
1823 5861 2079 5918 Christus

2182 5155 2270 5210 leo
2310 5154 2531 5219 dicitur,
2579 5160 2635 5209 et
2673 5152 2967 5209 diabolus:
3000 5151 3191 5221 sicque
3233 5150 3394 5205 fuerit
3440 5147 3583 5221 istud
3626 5163 3745 5221 προ-

2182 5224 2468 5297 διόρθωσις
2510 5218 2579 5297 ad
2629 5233 2949 5297 sequentem
2960 5218 3451 5297 pom—parationem
3499 5218 3748 5297 primiet

2186 5291 2411 5352 secundi
2447 5296 2637 5357 Adam,
2684 5291 2737 5348 in
2782 5309 2888 5363 qua
2930 5292 3236 5348 Methodius
3276 5308 3386 5347 non
3419 5291 3640 5345 omnino
3670 5302 3747 5341 re-

2185 5377 2333 5422 ctum
2362 5365 2617 5422 servavit.
2647 5364 2936 5420 Consi-sris.

2259 5438 2370 5508 (41)
2406 5436 2523 5505 Τὴν·
2568 5436 2810 5508 σοφίαν.
2864 5434 3106 5508 Hiulcam
3155 5433 3257 5489 sibi
3320 5434 3565 5508 litteram
3612 5429 3747 5498 tingit

2187 5503 2478 5564 Possinius
2502 5503 2805 5576 redditque,
2833 5508 2887 5560 in
2911 5505 3151 5574 confesso
3172 5514 3250 5576 est
3283 5508 3422 5573 apud
3449 5503 3698 5576 sapientes
3726 5514 3744 5553 :

2186 5594 2310 5633 cum
2338 5579 2465 5633 velit
2498 5570 2828 5641 Methodius,
2862 5570 3035 5646 ipsam
3067 5570 3391 5645 sapientiam
3421 5574 3484 5627 τὸ
3511 5570 3744 5646 ἀναμάρ-

2183 5666 2346 5720 τητον
2371 5664 2513 5713 essc,
2539 5649 2684 5720 quod
2718 5648 2782 5720 ab
2814 5642 3210 5720 omniimmnne
3236 5654 3446 5720 peccato
3470 5642 3745 5720 est,_cujus_

2187 5711 2316 5776 sunt
2346 5728 2401 5775 et
2432 5711 2734 5774 aliae—dotes
2766 5719 2836 5773 ibi
2864 5718 3172 5787 assignatae,
3203 5711 3491 5787 contrariae
3516 5711 3743 5787 illiquod

2187 5790 2416 5846 mortale
2454 5798 2508 5845 et
2551 5797 2773 5859 peccato
2814 5785 3108 5859 obnoxium
3155 5796 3256 5849 est,
3298 5785 3604 5859 cujusmodi
3634 5790 3747 5859 sunt

2187 5862 2398 5934 primus
2429 5868 2481 5918 et
2506 5856 2782 5917 secundus
2811 5858 3003 5928 Adam,
3036 5859 3177 5916 inter
3197 5872 3337 5928 quos
3364 5856 3591 5927 proinda
3616 5856 3745 5910 nulle
