4056 6302
552 395 625 453 67
1518 393 1577 450 S.
1618 389 1944 452 METHODII
1986 387 2292 447 EPISCOPI
2332 390 2418 444 ET
2460 387 2819 445 MARTYBIS

3726 386 3824 445 68

552 511 701 568 enim
732 507 1155 580 Primogenitum
1204 504 1321 571 Dei,
1352 520 1416 559 ac
1469 507 1805 575 unigenitum
1849 519 2067 575 germen
2095 544 2111 568 ,

2217 519 2398 575 στημα
2421 522 2515 559 και
2547 504 2848 576 μονογενὲς,
2884 503 2981 575 τὴν
3011 501 3224 572 σοφίαν,
3262 504 3340 575 τῷ
3386 504 3821 581 πρωτοπλάστῳ

554 602 612 658 id
672 607 757 657 est
820 598 1148 670 Sapientiam
1180 637 1195 660 ,
1260 598 1491 667 primum
1547 598 1780 651 formato
1837 597 2121 665 primoque

556 707 623 748 ac
678 690 1038 763 primogenito
1081 690 1358 743 hominum
1414 689 1630 758 generis
1682 688 1889 742 homini
1946 687 2122 741 admi-

554 793 739 850 stum,
795 783 1066 837 hominem
1126 781 1261 835 ﬁeri.
1329 780 1383 834 ld
1432 780 1574 834 enim
1624 780 1904 835 Christum
1957 795 2118 846 esse,

553 875 822 930 hominem
848 887 983 943 pura
1013 871 1361 942 perfectaque
1391 870 1592 926 deitate
1615 872 1855 941 plenum,
1879 879 1931 926 et
1950 869 2118 925 Deum

553 968 645 1036 qui
678 966 732 1019 in
764 965 981 1018 homine
1010 964 1274 1034 capiatur.
1310 963 1874 1034 Congruentissimum
1922 963 2120 1033 quippe

550 1066 668 1115 erat
698 1056 1137 1127 antiquissimum
1191 1071 1403 1110 monum
1455 1064 1509 1109 et
1558 1057 1796 1126 primum
1830 1055 2121 1125 archange-

548 1148 725 1204 lorum
755 1162 879 1202 cum
910 1148 1219 1203 hominibus
1257 1155 1624 1212 versaturum,
1654 1147 1707 1201 in
1741 1147 2119 1217 antiquissimo

548 1239 831 1310 primoque
869 1238 1150 1293 hominum
1178 1239 1514 1303 inhabitare,
1553 1237 1607 1292 id
1640 1246 1725 1293 est
1751 1238 1977 1294 Adamo.
2028 1237 2120 1292 Sic

547 1332 694 1386 enim
733 1346 855 1386 eum
880 1331 973 1400 qui
999 1346 1028 1383 a
1059 1331 1330 1401 principio
1380 1338 1533 1396 erat,
1587 1345 1891 1397 renovans,
1945 1346 2121 1399 exque

546 1419 768 1494 Virgine
796 1437 860 1477 ac
891 1420 1097 1491 Spiritu
1125 1422 1304 1491 ipsum
1356 1437 1549 1477 rursus
1583 1420 1887 1477 reformans
1908 1463 1923 1489 ,
1967 1436 2119 1475 eum-

546 1516 669 1571 dem
705 1515 1003 1569 fabricatur
1032 1533 1044 1567 :
1088 1513 1528 1583 quandoquidem
1564 1513 1815 1569 similiter
1846 1526 1876 1565 a
1916 1511 2123 1582 princi-

544 1608 637 1678 pio
657 1645 671 1670 ,
710 1614 851 1659 terra
880 1604 1087 1673 virgine
1112 1603 1344 1657 necdum
1380 1610 1623 1657 aratrum
1670 1616 1829 1671 passa
1849 1641 1863 1665 ,
1899 1609 2121 1669 accepto

546 1698 676 1753 inde
708 1697 841 1763 luto,
871 1711 937 1750 ex
979 1696 1071 1748 illo
1123 1693 1265 1749 Deus
1319 1694 1529 1749 ratione
1578 1694 1863 1765 pra-ditum
1918 1694 2120 1748 animal

547 1791 668 1846 sine
691 1798 929 1846 semente
964 1786 1313 1843 formaverat.

2217 596 2311 648 καὶ
2340 594 2539 667 πρώτῳ
2568 597 2664 649 καὶ
2692 595 3021 665 πρωτογόνῳ
3051 594 3160 648 τῶν
3189 594 3488 669 ἀνθρώπων
3517 597 3817 672 ἀνθρώπῳ

2218 686 2574 756 κερασθείσαν
2638 686 3130 757 ὲνηνθρωπηκέναι.
3171 687 3341 741 Τοῦτο
3380 687 3489 760 γὰρ
3517 685 3656 744 εἶναι
3703 691 3816 746 τὸν

2217 777 2473 849 Χριστὸν,
2494 777 2778 848 ἄνθρωπον
2825 778 3052 849 ἀκράτῳ
3089 777 3300 848 θεότητι
3337 781 3432 833 καὶ
3467 779 3649 851 τελείᾳ
3699 798 3816 834 πε-

2217 869 2323 941 πλη
2335 870 2594 940 ρωμένον,
2618 870 2712 923 καὶ
2738 868 2870 921 Θεὸν
2894 871 2951 921 ὲν
2979 867 3250 940 ἀνθρώπῳ
3275 887 3491 942 κεχωρη
3500 870 3659 941 μένον
3681 889 3692 902 ·
3724 868 3806 945 ἦν

2216 960 2326 1033 γὰρ
2386 960 2862 1033 πρεπωδέστατον,
2912 959 3002 1012 τὸν
3050 960 3422 1029 πρεσϐύτατον
3481 961 3589 1015 τῶν
3655 961 3804 1016 uidi-

2212 1070 2317 1108 νων
2341 1052 2448 1125 (44)
2463 1052 2556 1105 καὶ
2574 1053 2789 1123 πρῶτον
2803 1051 2910 1104 τῶν
2934 1053 3309 1122 ἀρχαγγέλων,
3332 1052 3637 1124 ἀνθρώποις
3662 1055 3805 1125 μέλ-

2214 1147 2370 1200 λοντα
2398 1144 2725 1216 συνομιλεῖν,
2767 1145 2847 1208 εἰς
2882 1145 2974 1198 τὸν
3016 1145 3385 1218 πρεσϐύτατον
3432 1147 3525 1199 καὶ
3575 1148 3804 1219 πρῶτον

2215 1239 2321 1292 τῶν
2354 1235 2656 1307 ἀνθρώπων
2684 1236 3072 1308 εἰσοικισθῆναι
3112 1237 3202 1290 τὸν
3235 1237 3425 1309 Ἀδάμ.
3458 1238 3649 1313 Ταύτῃ
3678 1240 3800 1312 γὰρ

2216 1329 2627 1400 ἀναζωγραφῶν
2654 1328 2723 1382 τὰ
2748 1328 2806 1395 ἐξ
2833 1330 3107 1400 ὑπαρχῆς,
3132 1332 3225 1384 καὶ
3246 1332 3609 1386 ἀναπλάσσων
3632 1329 3795 1397 αὖθις

2218 1426 2282 1477 ὲκ
2320 1423 2597 1496 Παρθένου
2623 1425 2717 1477 καὶ
2744 1423 2884 1476 Πνεύ
2894 1441 3084 1494 ματος,
3111 1424 3449 1479 τεκταίνεται
3475 1426 3566 1479 τὸν
3594 1427 3760 1479 αὐτόν
3777 1444 3791 1457 ο

2216 1517 2404 1587 ἐπειδὴ
2440 1516 2535 1569 καὶ
2559 1516 2679 1568 κατ’
2706 1516 2901 1587 ἀρχὰς,
2935 1515 3100 1585 οὔσης
3129 1516 3398 1587 παρθένου
3433 1517 3537 1588 γῆς
3578 1517 3654 1570 ἔτι
3694 1519 3799 1572 καὶ

2215 1609 2476 1679 ὰνηρότου
2503 1646 2517 1671 ,
2566 1607 2745 1660 λαϐὼν
2791 1607 2918 1678 χοῦν
2944 1648 2958 1673 ,
3010 1608 3071 1660 τὸ
3112 1606 3474 1677 λογικώτατον
3515 1609 3799 1665 ἐπλάσατο

2217 1698 2355 1764 ζῶον
2391 1701 2483 1753 ἀπ’
2508 1699 2679 1770 αὐτῆς
2705 1701 2733 1754 ὁ
2761 1700 2895 1764 Θεὸς
2923 1700 3051 1755 ἄνευ
3078 1702 3308 1773 σπορᾶς.

1675 1904 1806 1961 CAP.
1838 1905 1901 1961 V.
1937 1903 2184 1960 Ieremia:
2219 1903 2368 1958 locus
2394 1919 2671 1973 expensus.

619 2024 775 2080 Adsit
806 2025 935 2080 mihi
963 2024 1128 2093 hujus
1178 2023 1255 2078 rei
1302 2023 1457 2077 testis
1491 2022 1721 2078 idoneus
1751 2029 1804 2077 et
1834 2021 2072 2077 disertus
2094 2060 2107 2084 ,

2282 2020 2390 2074 Kui
2422 2038 2512 2091 μοι
2541 2019 2800 2091 ἐχέγγυος
2837 2018 3047 2091 μάρτυς
3093 2022 3187 2075 καὶ
3231 2021 3407 2093 σαφὴς
3434 2023 3463 2075 ὁ
3505 2025 3798 2098 προφήτης

547 2118 807 2190 propheta
828 2114 1090 2172 Jeremias
1117 2136 1129 2171 :
1169 2115 1233 2170 Et
1255 2116 1521 2180 descendi,
1548 2116 1721 2188 inquit
1739 2116 1805 2181 δ’,
1819 2114 1871 2167 in
1897 2113 2110 2169 domum

544 2210 734 2281 ﬁguli;
785 2217 833 2262 et
866 2225 979 2262 ecce
1007 2209 1114 2276 ipse
1152 2206 1380 2276 faciebat
1416 2222 1543 2275 opus
1575 2221 1731 2274 super
1762 2202 1982 2272 lapides.
2043 2202 2112 2256 Et

543 2299 727 2355 cecidit
759 2315 871 2361 ras,
898 2299 1033 2369 quod
1075 2298 1186 2364 ipse
1221 2296 1448 2365 faciebat
1493 2297 1548 2349 in
1581 2302 1689 2349 suis
1718 2294 1981 2348 manibus.
2045 2292 2114 2346 Et

545 2411 729 2449 rursus
758 2392 878 2461 fecit
922 2407 1010 2444 vas
1044 2388 1176 2442 illud
1226 2390 1453 2443 alterum
1482 2428 1497 2451 ,
1553 2388 1689 2441 sicut
1738 2385 2010 2455 placuerat
2060 2386 2112 2438 in

543 2491 821 2552 conspectu
850 2496 945 2534 suo
987 2478 1175 2547 facere.
1232 2478 1420 2531 Adhuc
1455 2476 1600 2531 enim
1631 2475 1760 2528 dum
1795 2490 1859 2529 ex
1891 2476 2026 2538 luto,
2058 2483 2116 2528 ut

546 2575 629 2631 sic
673 2575 956 2633 dicamus,
1017 2572 1259 2625 Adamus
1317 2569 1641 2623 formarctur
1676 2584 1797 2623 cum
1831 2569 2009 2623 mollis
2054 2575 2114 2624 et

544 2663 690 2719 udus
719 2670 881 2726 esset,
906 2675 969 2715 ac
1000 2662 1228 2715 necdum
1250 2659 1404 2729 quasi
1429 2676 1528 2728 pro
1551 2666 1702 2714 testa:
1730 2661 1860 2726 ritu,
1892 2659 2116 2714 immor-

542 2757 757 2811 talitate
804 2763 1060 2809 excoctus
1099 2760 1153 2807 et
1183 2751 1412 2805 duratus
1440 2750 1650 2817 fuisset,
1684 2760 1908 2821 peccato
1952 2759 2116 2821 gutta:

544 2844 722 2900 instar
745 2843 1040 2898 distillante
1065 2856 1128 2895 ac
1151 2840 1419 2895 defluente
1438 2880 1453 2904 ,
1480 2841 1782 2897 dissolutus
1805 2849 1910 2897 est.
1935 2840 2116 2908 Quare

544 2953 671 2993 eum
703 2952 893 2992 rursus
928 2936 994 2990 ab
1020 2937 1229 3005 integro
1256 2933 1643 3000 madefaricns,
1676 2950 1850 3005 exque
1877 2935 1989 2988 luto
2018 2950 2115 2991 vas

544 3032 601 3087 in
632 3031 894 3086 honorem
925 3030 990 3093 ”,
1022 3028 1273 3084 eumdem
1305 3025 1446 3083 Deus
1483 3029 1744 3094 formans,
1786 3028 1840 3081 in
1862 3025 2115 3097 virginali

542 3124 780 3194 primum
833 3122 1036 3176 durans
1078 3130 1132 3174 et
1181 3120 1533 3189 compingens
1591 3129 1781 3183 utero,
1846 3118 2117 3189 simulque

544 3215 740 3271 iniens
768 3230 831 3269 ac
862 3213 1096 3269 miscens
1127 3210 1327 3278 Verbo,
1359 3210 1591 3266 solidum
1629 3210 2033 3280 infractumque
2059 3211 2115 3265 in

541 3310 710 3363 vitam
742 3308 949 3372 eduxit,
981 3322 1047 3361 ne
1077 3321 1269 3360 rursus
1312 3303 1706 3359 inundantibus
1737 3302 1986 3373 corporis
2014 3301 2115 3354 llu-

2225 2112 2491 2182 ’ῐερεμίας
2516 2113 2772 2183 παρήτω,
2808 2111 2914 2165 Kal
2954 2111 3211 2179 κατέϐην
3244 2114 3331 2177 εἰς
3354 2112 3460 2165 τὸν
3484 2109 3648 2168 οἶκον
3682 2114 3797 2168 τοῦ

2214 2206 2507 2273 κεραμέως
2530 2242 2545 2267 ,
2594 2204 2797 2272 λέγων,
2834 2204 2931 2257 καὶ
2989 2203 3117 2256 ἰδοὺ
3165 2204 3347 2269 αὐτὸς
3382 2205 3567 2260 ἐποίει
3611 2206 3799 2275 ἔργον

2214 2295 2313 2348 ἐπὶ
2350 2293 2469 2347 τῶν
2506 2294 2709 2348 λίθων.
2733 2293 2843 2348 Kal
2885 2292 3127 2346 διέπεσε
3167 2293 3232 2346 τὸ
3262 2294 3520 2363 ἀγγεῖον,
3548 2295 3579 2348 ὃ
3608 2298 3796 2363 αὐτὸς

2214 2385 2400 2439 ἐποίει
2432 2384 2501 2437 ἑν
2534 2382 2664 2450 ταῖς
2688 2383 2901 2451 χερσὶν
2921 2381 3127 2435 αὐτοῦ.
3157 2384 3263 2436 Καὶ
3288 2382 3474 2437 πάλιν
3501 2384 3797 2452 ἐποίησεν

2215 2474 2361 2530 αὐτὸ
2418 2473 2657 2543 ἀγγεῖον
2714 2473 2921 2541 ἕτερον
2948 2512 2964 2537 ,
3034 2472 3224 2539 καθὼς
3275 2474 3497 2543 ἤρεσεν
3534 2475 3795 2530 ἐνώπιον

2215 2568 2400 2623 αὐτοῦ
2435 2567 2542 2621 τοῦ
2579 2565 2849 2635 ποιῆσαι.
2877 2568 3000 2620 Ἔτι
3039 2567 3146 2639 γὰρ
3188 2568 3655 2640 πηλουργούμενον
3697 2568 3793 2622 τὸν

2227 2658 2418 2728 Ἀδὰμ,
2445 2659 2520 2722 ὡς
2566 2657 2713 2711 ἔστιν
2743 2658 2937 2719 εἰπεῖν,
2968 2659 3062 2711 καὶ
3085 2658 3283 2730 τηκτὸν
3309 2659 3437 2713 ὄντα
3473 2660 3566 2713 καὶ
3593 2660 3786 2731 ὑδαρῆ,

2215 2752 2311 2806 καὶ
2344 2752 2566 2822 μηδέπω
2594 2749 2896 2820 φθάσαντα,
2924 2751 3078 2822 δίκην
3104 2751 3391 2823 ὀστράκου,
3417 2755 3482 2823 τῇ
3516 2753 3792 2826 ἀφθαρσίᾳ

2216 2843 2642 2916 κραταιωθῆναι,
2671 2841 2815 2913 ὓδωρ
2839 2841 3029 2913 ὥσπερ
3050 2842 3475 2915 καταλειϐομένη
3499 2846 3590 2898 καὶ
3615 2863 3787 2900 κατα-

2218 2934 2505 2999 στάζουσα,
2544 2934 2784 2988 διέλυσεν
2820 2934 2980 2988 αὑτὸν
3026 2936 3059 3003 ή
3093 2935 3353 3006 ἁμαρτία.
3395 2935 3486 2988 Διὸ
3528 2936 3592 3006 δὴ
3626 2934 3788 2990 πάλιν

2218 3026 2419 3082 ἄνωθεν
2453 3026 2727 3081 ἀναδεύων
2771 3027 2883 3098 (45)
2928 3026 3023 3080 καὶ
3066 3027 3456 3099 πηλοπλαστῶν
3498 3030 3588 3083 τὸν
3628 3030 3786 3083 αὑτὸν

2215 3122 2295 3184 εἰς
2317 3120 2483 3193 τιμὴν
2504 3122 2531 3173 ὁ
2557 3120 2711 3184 Θεὸς,
2743 3122 2801 3174 ὲν
2833 3122 2898 3191 τῇ
2935 3119 3236 3192 παρθενικῇ
3273 3120 3617 3193 κραταιώσας
3638 3121 3789 3193 πρῶ-

2215 3231 2306 3266 τον
2331 3214 2425 3266 καὶ
2451 3212 2628 3283 πήξας
2655 3213 2858 3284 μήτρᾳ,
2888 3212 2982 3266 καὶ
3002 3211 3302 3276 πνενὼσας
3329 3214 3422 3266 καὶ
3445 3216 3786 3285 συγκεράσας

2216 3305 2293 3375 τῷ
2319 3305 2495 3375 Λόγῳ,
2534 3303 2766 3375 ἄτηκτον
2807 3304 2901 3356 καὶ
2931 3303 3236 3375 ἄθραυστον
3271 3303 3540 3374 ἐξήγαγεν
3586 3306 3665 3368 εἰς
3694 3305 3785 3360 τὸν

540 3400 727 3463 xibus,
759 3406 1037 3453 contracta
1084 3398 1210 3451 tabe
1235 3396 1528 3452 decideret.
1566 3393 1655 3450 Uti
1687 3395 1849 3450 etiam
1880 3394 1934 3448 in
1963 3409 2114 3465 para-

2218 3397 2361 3468 βίον·
2400 3400 2485 3452 ἴνα
2529 3397 2603 3469 μὴ
2635 3397 2792 3451 πάλιν
2827 3400 2937 3461 τοῖς
2968 3398 3067 3468 τῆς
3104 3397 3306 3468 φθορᾶς
3333 3397 3530 3463 ἔξωθεν
3571 3397 3786 3452 ἐπικλυ-

540 3492 666 3547 bola
695 3493 926 3547 inventae
952 3492 1067 3545 uvis
1100 3492 1341 3545 cernitur
1370 3488 1632 3546 Dominus
1655 3488 1872 3551 docere,
1904 3487 1996 3542 ubi
2045 3487 2112 3542 ad

539 3590 785 3640 astantes
811 3584 886 3638 ait
912 3582 1170 3638 Dominus
1202 3598 1357 3639 meus
1403 3600 1418 3637 :
1456 3581 1587 3648 Quis
1633 3597 1699 3635 ex
1747 3580 1886 3635 vobis
1935 3582 2110 3647 homo,

537 3676 630 3747 qui
643 3675 1010 3730 habetcentum
1049 3691 1163 3729 oves
1186 3690 1204 3728 :
1231 3683 1280 3728 et
1312 3676 1359 3728 si
1376 3673 1664 3742 perdiderit
1690 3690 1850 3726 unam
1868 3687 1933 3727 ex
1954 3672 2066 3725 illis
2093 3711 2108 3736 ,

538 3783 709 3822 nonne
733 3768 974 3839 relinquit
1010 3768 1298 3837 nonaginta
1332 3783 1511 3820 novem
1539 3766 1592 3819 in
1622 3766 1850 3828 deserto,
1878 3774 1929 3818 et
1968 3762 2112 3818 vadit

539 3859 609 3915 ad
638 3859 787 3913 illam
814 3877 930 3930 qua:
976 3861 1224 3928 perierat,
1258 3858 1418 3913 donec
1453 3858 1681 3912 inveniat
1709 3859 1863 3912 eam?
1897 3855 1964 3909 Et
1995 3871 2112 3909 cum

538 3952 788 4006 invenerit
835 3968 974 4016 eam,
1003 3951 1224 4021 imponit
1257 3951 1310 4005 in
1360 3952 1603 4005 humeros
1636 3966 1759 4004 suos
1780 3988 1795 4011 ,
1840 3947 2111 4019 gaudens;

537 4054 589 4100 et
622 4046 824 4100 ueniens
846 4044 1079 4107 domum,
1114 4053 1360 4096 convocat
1388 4044 1584 4095 amicos
1616 4050 1665 4096 et
1691 4041 1912 4104 vicinos,
1934 4039 2111 4093 dicens

538 4136 690 4193 illis:
720 4135 1173 4208 Congratulamini
1199 4134 1366 4200 mihi,
1405 4136 1529 4206 quia
1565 4134 1734 4189 inveni
1765 4149 1907 4189 ovem
1942 4148 2111 4187 meam

539 4246 657 4302 qua:
692 4230 919 4297 perierat
950 4226 1017 4284 ⁵⁸.

2215 3490 2364 3554 σθεὶς
2393 3490 2625 3562 ῥεύμασι
2672 3490 2936 3561 τηκεδόνα
2969 3490 3238 3559 γεννήσας
3288 3489 3551 3563 διαπέσῃο
3592 3491 3666 3555 ὡς
3693 3493 3785 3545 καὶ

2214 3581 2272 3633 ὲν
2305 3582 2372 3651 τῇ
2408 3580 2536 3652 περὶ
2575 3581 2674 3651 τῆς
2702 3580 3041 3651 ἀνευρέσεως
3074 3578 3169 3632 τοῦ
3204 3579 3476 3652 προϐάτου
3515 3581 3783 3650 φαίνεται,

2210 3672 2479 3726 διδάσκων
2512 3673 2541 3725 ὁ
2587 3670 2789 3743 Κύριος
2821 3669 3102 3742 παραϐολῇ
3123 3686 3138 3700 ο
3173 3669 3303 3724 ἔνθα
3332 3672 3495 3742 φησὶν
3528 3674 3556 3724 ὁ
3587 3670 3783 3742 Κύριός

2218 3782 2317 3835 μου
2372 3764 2507 3835 πρὸς
2549 3764 2676 3827 τοὺς
2710 3763 3156 3835 παρεστηκότας·
3194 3763 3288 3829 Τίς
3317 3763 3487 3816 ἐστιν
3516 3763 3585 3828 ἐξ
3622 3762 3784 3833 ὑμῶν

2214 3854 2545 3923 ἅνθρωπος,
2575 3853 2642 3920 ὃς
2669 3854 2793 3923 ἕχει
2821 3854 3036 3907 ἑκατὸν
3063 3855 3344 3921 πρόϐατα,
3374 3853 3492 3907 κᾶν
3510 3853 3781 3924 ἀπολέσῃ

2213 3947 2282 4001 ἓν
2312 3947 2381 4011 ἐξ
2412 3946 2630 4011 αὐτῶν,
2661 3949 2773 4001 οὐκ
2818 3947 3032 4016 ἀφίησι
3064 3948 3136 3999 τὰ
3170 3944 3571 4011 ἐννενήκοντα
3609 3945 3780 4000 ἐννέα

2212 4040 2309 4094 ἐπὶ
2342 4039 2466 4105 τοῖς
2504 4039 2689 4107 ὄρεσι,
2730 4039 2831 4093 καὶ
2882 4040 3191 4108 πορευθεὶς
3214 4040 3312 4093 ἐπὶ
3346 4040 3413 4094 τὸ
3445 4042 3775 4108 ἀπολωλὸς,

2214 4131 2374 4200 ζητεῖ
2409 4133 2553 4186 αὐτὸ
2574 4132 2685 4198 ἕως
2725 4131 2867 4199 εὕρη
2886 4147 2903 4193 ;
2942 4133 3051 4185 Καὶ
3084 4131 3277 4201 εὑρὼν
3314 4132 3655 4203 ἐπιτίθησιν
3683 4134 3776 4187 ἐπὶ

2214 4225 2356 4291 τοὺς
2383 4223 2581 4294 ὤμους
2614 4223 2798 4279 αὐτοῦ
2818 4240 2831 4253 ο
2862 4222 2958 4276 καὶ
2991 4222 3184 4278 ἐλθὼν
3210 4226 3297 4290 εἰς
3342 4220 3511 4278 οἷκον
3556 4240 3776 4295 συγκα-

535 4324 727 4381 λεῖται
752 4324 893 4391 τοὺς
921 4324 1138 4395 φίλους
1177 4323 1274 4377 καὶ
1301 4323 1592 4392 γείτονας,
1654 4322 1848 4393 ,λέγων
1883 4339 1899 4352 ’
1965 4318 2312 4390 Συτχὰρητέ
2343 4339 2479 4391 μοι,
2551 4321 2641 4374 ὅτι
2689 4319 2901 4389 εὑρέθη
2941 4318 3006 4373 τὸ
3053 4322 3348 4389 πρόϐατόν
3365 4318 3488 4391 ξμου
3522 4321 3585 4374 τὸ
3634 4322 3776 4375 ἁπο-

538 4422 756 4486 λωλός.

536 4529 669 4589 CAP.
694 4529 783 4585 Vl.
820 4528 1153 4600 Spiritalium
1180 4528 1353 4583 ovium
1386 4528 1587 4597 integer
1616 4541 1886 4580 numerus.
1925 4524 2119 4649 Horat,
2146 4526 2281 4579 alter
2311 4524 2376 4648 af
2403 4524 2602 4595 angelis
2643 4526 2698 4580 in
2745 4526 2845 4581 Dei
2876 4527 3084 4582 laudem
3128 4527 3337 4583 chorus.
3390 4528 3512 4584 Ovis
3565 4530 3773 4598 perditr

1882 4613 2012 4649 para
2053 4616 2080 4649 ο
2108 4613 2140 4649 a
2169 4612 2347 4649 exuas:
2374 4612 2427 4649 a.

1881 4612 2140 4666 paraoota
2169 4612 2427 4665 exposita.

608 4717 879 4785 Quoniam
909 4719 1053 4773 enim
1093 4718 1209 4789 ipse
1237 4717 1520 4773 verissime
1541 4725 1659 4771 erat
1690 4726 1850 4786 atque
1879 4723 1984 4781 est,
2011 4716 2103 4786 qui
2138 4724 2180 4778 D

537 4824 570 4865 τι
601 4811 870 4880 principio
908 4820 1025 4865 erat
1061 4812 1203 4882 apud
1247 4809 1416 4865 Deum
1464 4821 1519 4865 et
1559 4809 1703 4867 Deus
1732 4818 1850 4867 erat
1874 4810 1919 4842 ⁸⁵
1943 4848 1959 4875 ,
1993 4809 2111 4879 ipse

538 4902 834 4971 imperator
856 4912 1148 4974 pastorque
1177 4902 1482 4958 cmlestium
1507 4942 1522 4966 ,
1582 4903 1671 4957 cui
1720 4917 1911 4958 omnes
1942 4901 2109 4956 animi

538 4993 912 5063 obtemperant
931 5010 995 5049 ac
1024 5011 1182 5065 quem
1224 5003 1551 5065 sequuntur,
1578 4995 1883 5065 composito
1914 5009 2105 5065 regens

533 5083 730 5140 ordine
750 5092 911 5154 atque
943 5102 1233 5141 numerans
1249 5087 1529 5142 beatorum
1560 5099 1734 5144 cattus
1766 5089 2099 5158 angelorum.

535 5172 638 5230 Hic
673 5174 818 5229 enim
871 5175 960 5230 ille
999 5192 1096 5246 par
1146 5185 1228 5232 est
1278 5185 1333 5234 et
1383 5178 1656 5249 perfectus
1708 5179 2096 5234 immortalium

2290 4716 2510 4788 Ἐπειδὴ
2533 4717 2642 4790 γὰρ
2668 4717 2831 4781 αὐτὸς
2860 4716 2934 4781 ὠς
2958 4716 3175 4790 ἀληθῶς
3202 4712 3269 4789 ἦν
3302 4735 3361 4771 τε
3406 4722 3499 4773 καὶ
3526 4717 3692 4782 ἔστιν,
3717 4721 3770 4772 ἐν

2210 4809 2352 4882 ἀρχῇ
2379 4809 2454 4864 ὢν
2494 4812 2631 4883 πρὸς
2672 4811 2763 4864 τὸν
2802 4811 2953 4876 Θεὸν,
2980 4811 3073 4862 καὶ
3112 4809 3244 4873 Θεὸς
3283 4809 3378 4873 ὢν,
3414 4812 3443 4864 ὁ
3484 4812 3770 4884 ἀρχιστράο

2209 4918 2375 4971 τηγος
2402 4904 2496 4956 καὶ
2547 4903 2749 4974 ποιμὴν
2791 4903 2899 4956 τῶν
2927 4903 3046 4957 κατ’
3076 4903 3303 4974 οὐρανὸν
3322 4942 3336 4966 ,
3369 4896 3413 4971 ᾧ
3447 4905 3623 4957 πάντα
3663 4904 3769 4957 πειο

2209 4993 2391 5047 θονται
2435 4997 2531 5048 καὶ
2581 4995 2879 5066 ὀμαρτοῦσι
2931 4996 2999 5049 τὰ
3058 4994 3287 5063 λογικὰ,
3335 4996 3431 5048 καὶ
3480 4997 3767 5066 ποιμαίνων

2206 5089 2481 5152 εὐτάκτως
2531 5090 2626 5141 καὶ
2684 5087 2933 5160 ἀριθμῶν
2983 5089 3051 5142 τὰ
3109 5088 3286 5160 πλήθη
3341 5087 3448 5141 τῶν
3496 5091 3767 5160 μακαρίων

2205 5181 2471 5249 ἀγγέλων.
2497 5176 2664 5244 Οὗτος
2690 5179 2798 5252 γὰρ
2828 5181 2940 5245 ἴσος
2967 5182 3060 5234 καὶ
3087 5180 3292 5245 τέλειος
3323 5180 3555 5252 ἀριθμὸς
3582 5182 3766 5237 ἀθανά-

643 5331 688 5363 ⁸²
727 5329 860 5401 Cap.
900 5346 1059 5394 xvm,
1090 5347 1220 5384 rers.
1251 5332 1305 5395 5,
1345 5332 1398 5388 4.
1471 5331 1515 5364 ⁸³
1558 5330 1621 5385 II
1658 5332 1794 5388 Tim.
1836 5349 1897 5397 ιι,
1937 5333 2029 5400 20,
2070 5333 2103 5386 2

2236 5336 2283 5366 “
2320 5332 2447 5387 Luc.
2491 5351 2581 5398 xv,
2622 5335 2674 5398 4,
2716 5334 2769 5389 6.
2846 5336 2891 5369 ⁸⁸
2928 5334 3090 5391 Joan.
3136 5354 3174 5402 ι,
3218 5339 3267 5393 1.

535 5499 662 5557 caro
692 5503 757 5542 ex
780 5484 988 5541 Adamn
1018 5493 1331 5555 propagata,
1354 5494 1409 5541 et
1431 5502 1550 5556 qua:
1572 5495 1724 5557 parte
1752 5488 1833 5541 sui
1868 5487 2100 5557 quadam

535 5555 591 5610 in
617 5559 732 5624 ipso
760 5558 1050 5619 exstiterit,
1084 5566 1360 5625 assumpta
1387 5555 1546 5611 fuerit
1576 5574 1603 5609 ιι
1636 5556 1811 5611 Verbo
1839 5555 1896 5613 se
1921 5560 2099 5611 incar-

537 5637 720 5697 nante.
745 5630 921 5697 Atque
950 5628 1069 5681 ideo
1097 5626 1336 5682 Adamus
1361 5628 1475 5697 ipse
1494 5627 1891 5697 quodammodo
1912 5643 2103 5684 secun-

537 5695 663 5767 dum
694 5695 891 5767 aliquid
926 5699 1009 5751 sui
1044 5698 1295 5753 Christus
1327 5695 1744 5753 fuisritfl’osstu.

608 5766 716 5836 (Ut)
750 5766 1160 5835 Πρεσὸιῖτατσν
1197 5767 1315 5821 τῶν
1353 5767 1596 5821 αἰώνων.
1638 5770 1825 5831 Allat.,
1874 5771 2101 5827 saculo—

537 5852 654 5889 rum
681 5838 1121 5907 antiquissimum,
1152 5841 1295 5910 quod
1328 5840 1497 5912 magis
1530 5840 1723 5913 placet.
1748 5837 1915 5894 ΕΔΜ..

2282 5489 2394 5566 (45)
2437 5490 2782 5566 Ἁναδεύων.
2818 5490 3139 5566 _lnfundens,
3192 5494 3533 5566 subigensque
3572 5510 3591 5549 :
3632 5495 3761 5563 quod

2215 5558 2332 5612 Vat.
2354 5562 2711 5635 Δἁιναμορςρῶν,
2746 5558 3042 5635 reformatis
3070 5574 3234 5635 atque
3275 5558 3600 5620 instaurans.
3639 5558 3760 5622 illud

2208 5632 2436 5705 propius
2478 5632 2699 5685 modum
2750 5634 3001 5705 attingit,
3043 5632 3158 5703 quo
3191 5651 3257 5689 ex
3294 5637 3405 5690 luto
3440 5638 3645 5705 aliquid
3686 5653 3761 5692 re-

2212 5702 2473 5775 lingitur:
2502 5704 2604 5775 ctsi
2661 5719 2770 5757 non
2825 5702 3073 5768 videtur,
3110 5706 3255 5774 quod
3297 5706 3407 5775 jam
3460 5702 3597 5760 testa
3653 5706 3756 5767 fuit,

2208 5772 2401 5848 quavis
2433 5772 2706 5848 inlusione
2732 5775 2785 5828 in
2819 5775 2913 5848 luti
2950 5772 3232 5829 materiam
3274 5772 3448 5848 subigi
3494 5793 3675 5848 posse,
3708 5793 3759 5835 ut

2203 5843 2329 5899 inde
2351 5857 2445 5900 vas
2473 5845 2827 5900 instauretur.
2852 5845 3141 5902 Cousrns.
