4056 6302
343 360 415 419 69
1393 361 1779 419 CONVIVIUM
1817 362 2044 419 DECEM
2085 361 2446 418 VlRGINUM.
3503 374 3570 430 το

339 494 446 534 των
469 476 642 546 ζώων,
670 479 812 535 κατά
842 481 1033 551 γενεάς
1060 485 1153 537 καὶ
1184 483 1355 551 φυλὰς
1382 484 1748 557 διῃρημένων,
1779 501 1900 555 συμ-

2012 484 2325 539 animalium
2354 500 2634 550 numerus,
2668 501 2764 557 per
2788 489 3138 559 cognationes
3173 490 3455 563 tribusque
3485 492 3571 549 di-

343 569 788 641 παραληφθέντος
834 568 1064 626 ἐνταῦθα
1095 575 1161 643 τῇ
1206 573 1412 646 ποίμνῃ
1447 575 1542 627 καὶ
1571 574 1666 628 τοῦ
1698 573 1906 645 ἀνθρώ-

340 683 463 720 που.
503 667 942 739 Δεδημιούργητο
966 667 1074 739 γὰρ
1103 668 1197 721 καὶ
1227 669 1387 729 αὐτὸς
1432 667 1536 733 ἔξω
1559 669 1781 741 φθορᾶς,
1819 670 1905 722 ἵνα

338 757 431 811 τὸν
477 757 698 828 βασιλέα
744 760 973 831 γεραίρῃ
1022 760 1237 814 πάντων
1290 761 1385 814 καὶ⁵
1422 762 1649 834 ποιητὴν
1675 802 1688 826 ,
1758 763 1906 816 ἀντί-

340 845 555 917 φθογγα
589 847 839 918 μελῳδῶν
866 853 983 914 ταῖς
1014 850 1122 902 τῶν
1165 851 1409 919 ἀγγέλων
1437 852 1495 919 ἐξ
1547 854 1774 924 οὐρανοῦ
1811 871 1906 923 φε-

343 938 601 1010 ρομέναις
626 939 794 1009 βοαῖς.
830 940 965 993 Ἀλλ’
993 940 1115 993 ἐπεὶ⁸
1140 941 1337 1011 συνέϐη
1368 942 1777 1014 παρεληλυθότα
1808 943 1905 1015 τὴν

346 1031 566 1103 ἐντολὴν
589 1075 603 1098 ,
632 1031 868 1104 ὀλέθριον
902 1032 1101 1104 πτῶμα
1140 1033 1235 1086 καὶ
1261 1033 1431 1089 δεινὸν
1476 1037 1658 1088 πεσεῖν
1702 1038 1780 1098 εἰς
1812 1035 1907 1088 θά-

336 1142 497 1180 νατον
536 1127 1047 1199 ἀναστοιχειωθέντα
1067 1144 1081 1159 ο
1111 1126 1199 1180 διὰ
1233 1127 1390 1182 τοῦτό
1424 1144 1583 1201 φησιν
1620 1130 1649 1183 6
1682 1127 1902 1201 Κύριος,

337 1220 529 1273 ἑαυτὸν
579 1224 657 1285 εἰς
700 1222 790 1275 τὸν
830 1221 942 1293 βίον
994 1224 1057 1275 ἐκ
1116 1220 1224 1274 τῶν
1272 1222 1513 1294 οὐρανῶν
1559 1221 1903 1294 ἐληλυθέναι,

339 1313 764 1367 καταλελοιπότα
810 1313 908 1377 τὰς
955 1313 1138 1378 τάξεις
1179 1315 1275 1368 καὶ
1300 1313 1368 1367 τά
1418 1314 1751 1384 στρατόπεδα
1795 1311 1904 1365 τῶν

340 1404 608 1473 ἀγγέλων.
646 1405 1069 1459 Ἀπεικονιστέον
1095 1404 1203 1475 γὰρ
1228 1404 1296 1458 τά
1328 1405 1422 1475 μὲν
1467 1403 1566 1475 ὅρη
1602 1407 1712 1468 τοῖς
1746 1402 1906 1474 οὐρα-

341 1497 483 1557 νοῖς*
512 1494 579 1547 τὰ
623 1494 679 1548 δὲ
712 1495 1056 1562 ἐννενήκοντα
1098 1495 1254 1549 ἐννέα
1287 1494 1531 1565 πρόϐατα
1576 1496 1696 1557 ταῖς
1749 1492 1905 1547 δυνά-

343 1603 468 1656 μεσι
499 1586 593 1639 καὶ
615 1588 733 1649 ταῖς
775 1587 969 1657 ἀρχαῖς
1000 1588 1095 1640 κα)¹
1137 1590 1259 1650 ταῖς
1300 1587 1586 1653 ἐξουσίαις,
1627 1585 1693 1650 ἃς
1734 1602 1903 1640 κατα-

338 1680 612 1745 λέλοιπεν,
660 1679 995 1750 ἀναζητῆσαι
1037 1677 1309 1732 κατελθὼν
1336 1680 1399 1733 τὸ
1451 1677 1725 1740 ἀπολωλὸς
1772 1675 1905 1748 πρό-

337 1771 517 1838 σατον,
548 1775 576 1826 6
611 1771 912 1843 στρατηγὸς
941 1773 1036 1826 καὶ
1062 1772 1287 1843 ποιμήν.
1314 1772 1535 1824 Ἔλειπε
1562 1770 1671 1842 γὰρ
1695 1770 1903 1841 ἅνθρω-

2011 577 2272 639 visorum,
2301 586 2588 648 aggregato
2633 579 2723 633 hic
2770 581 2862 636 tali
2912 582 3057 652 gregi
3109 584 3270 638 etiam
3330 584 3569 642 homine.

2008 667 2142 722 Nam
2172 679 2223 721 et
2257 669 2371 738 ipse
2398 670 2765 739 corruptionis
2796 686 2987 729 exsors
3016 684 3235 731 creatus
3264 683 3367 743 est,
3395 685 3454 731 ut
3481 694 3573 733 re-

2010 772 2127 827 gem
2154 757 2532 811 universorum
2558 764 2612 812 et
2647 768 2967 827 creatorem,
2999 764 3171 819 altero
3196 766 3339 821 velut
3367 768 3534 823 choro
3553 809 3569 834 ,

2011 853 2325 923 angelorum
2349 868 2380 907 e
2404 854 2541 908 cmlo
2572 855 2902 912 clamoribus
2935 861 3294 928 respondente
3316 903 3332 928 ,
3385 865 3575 920 lauda-

2010 953 2092 1000 ret
2119 960 2182 999 ac
2203 946 2525 1001 celebraret.
2555 946 2659 1002 Sed
2699 949 2823 1033 quia
2848 952 3182 1022 contingeret
3203 971 3346 1022 eum,
3370 958 3573 1012 violato

2009 1038 2102 1093 Dei
2138 1038 2418 1101 mandato,
2450 1038 2601 1107 gravi
2654 1053 2718 1093 ac
2759 1040 2988 1097 exitioso
3019 1043 3175 1114 lapsu
3229 1061 3486 1104 corruere
3513 1049 3571 1104 in

2010 1139 2237 1186 mortem
2265 1132 2585 1194 resolutum,
2628 1140 2913 1202 propterea
2940 1135 3070 1190 dicit
3111 1136 3394 1206 Dominus,
3428 1156 3486 1196 se
3513 1142 3573 1197 in

2010 1220 2292 1286 mundum,
2324 1223 2532 1278 relictis
2592 1226 2853 1293 angelicis
2895 1228 3177 1285 ordinibus
3216 1246 3279 1285 ac
3330 1233 3571 1288 cohorti-

2009 1313 2133 1375 hus,
2160 1328 2190 1367 e
2217 1314 2372 1368 cmlis
2403 1316 2633 1372 venisse.
2672 1316 2880 1374 Montes
2912 1321 3054 1374 enim
3084 1322 3252 1377 caelos
3287 1323 3575 1395 designare

2009 1404 2308 1474 putandum
2338 1413 2454 1469 est;
2497 1421 2593 1475 per
2640 1422 2769 1461 oves
2805 1423 2935 1462 vero
2992 1411 3287 1481 nonaginta
3334 1430 3568 1482 novem,

2007 1498 2240 1552 virtutes
2268 1504 2322 1550 ct
2359 1498 2697 1568 principatus
2730 1510 2782 1555 et
2829 1509 3119 1572 potestates
3143 1519 3277 1573 quas
3307 1507 3527 1578 reliquit
3550 1549 3567 1573 ,
3597 1505 3609 1517 ’

2007 1585 2342 1641 descendens
2376 1587 2490 1656 ipse
2517 1588 2814 1658 imperator
2834 1597 2887 1644 et
2924 1599 3108 1660 pastor
3132 1590 3198 1643 ad
3223 1592 3567 1661 quaerendam

2008 1692 2161 1733 ovem
2188 1694 2308 1749 quae
2358 1679 2610 1748 perierat.
2660 1680 2919 1736 Restabat
2967 1682 3109 1737 enim
3155 1691 3211 1736 ut
3239 1693 3292 1738 et
3323 1684 3486 1738 homo
3512 1684 3568 1741 in

2007 1768 2149 1823 hanc
2188 1771 2528 1824 matriculam
2559 1781 2611 1825 et
2651 1772 2954 1841 catalogum
3003 1772 3367 1841 adjiceretur,
3410 1790 3568 1845 quem

336 1881 435 1918 πον
473 1866 551 1928 εἰς
586 1863 684 1935 τὴν
734 1863 913 1934 βίϐλον
957 1863 1420 1933 ὲγκαταλεχθῆναι
1438 1862 1640 1931 ταύτην
1682 1860 1760 1914 ἔτι
1809 1861 1900 1913 καὶ

2004 1861 2121 1930 ipse
2146 1859 2402 1915 Dominus
2436 1871 2671 1931 gestaret
2708 1877 2771 1916 ac
2800 1863 3065 1920 induisset
3096 1884 3110 1919 :
3145 1882 3211 1921 ne
3241 1883 3431 1922 rursus
3450 1908 3463 1932 ,
3491 1869 3567 1924 uti

331 1956 422 2009 τὸν
482 1955 749 2027 ἀριθμὸν,
806 1956 1173 2026 βαστάσαντος
1206 1955 1368 2007 αὐτὸν
1418 1953 1513 2006 τοῦ
1562 1952 1765 2021 Κυρίου
1812 1953 1905 2005 καὶ

331 2048 745 2119 ὰμφιεσαμὲνου
768 2064 782 2077 ο
833 2047 920 2100 ἴνα
956 2046 1029 2118 μὴ
1086 2046 1180 2100 κα)⁵
1232 2046 1426 2108 πάλιν,
1466 2044 1541 2107 ὡς
1587 2043 1743 2113 ἔφην,
1788 2044 1907 2105 ταῖς

327 2141 645 2211 τρικυμίαις
695 2139 789 2192 καὶ
846 2141 967 2202 ταῖς
1021 2138 1255 2199 ἀπάταις
1305 2134 1686 2208 περικλυσθεὶς
1741 2150 1908 2188 κατα-

330 2233 602 2304 ποντωθῇ.
659 2232 841 2304 Ταύτῃ
893 2231 1002 2302 γὰρ
1061 2232 1152 2285 τὸν
1206 2229 1490 2301 ἄνθρωπον
1543 2228 1829 2297 ἀνείληφεν
1878 2229 1907 2280 6

330 2322 525 2390 Λόγος,
555 2324 703 2387 ὅπως
738 2323 801 2394 δὴ
831 2322 895 2376 δι’
939 2321 1103 2376 αὑτοῦ
1143 2321 1422 2393 καταλύσῃ
1448 2319 1546 2391 τὴν
1582 2321 1665 2372 ἐπ’
1701 2317 1905 2388 ὀλέθρῳ

331 2415 617 2480 γεγονυῖαν
669 2412 998 2485 καταδίκην,
1050 2414 1286 2483 ἡττήσας
1322 2412 1414 2465 τὸν
1471 2410 1612 2478 ὅφιν.
1659 2406 1903 2478 Ἤρμοζε

332 2502 443 2571 γὰρ
477 2502 549 2573 μὴ
583 2502 648 2554 δι’
695 2504 878 2573 ἑτέρου
920 2504 1204 2573 νικηθῆναι
1235 2504 1327 2558 τὸν
1365 2501 1619 2574 πονηρὸν,
1662 2499 1797 2554 ἀλλὰ
1837 2498 1905 2552 δι’

336 2593 568 2656 ἐκείνου,
600 2593 658 2644 ὃν
690 2592 753 2663 δὴ
784 2592 878 2645 καὶ
901 2594 1211 2663 ἐκόμπαζεν
1249 2595 1533 2665 ἀπατήσας
1564 2591 1727 2645 αὐτὸν
1752 2608 1906 2644 τετυ-

342 2682 666 2752 ραννηκέναι
687 2697 701 2711 ·
733 2680 813 2733 ὅτι
849 2681 923 2752 μὴ
946 2681 1117 2745 ἄλλως
1140 2684 1238 2755 τὴν
1264 2684 1536 2755 ἁμαρτίαν
1561 2682 1784 2753 λυθῆναι
1809 2681 1905 2735 καὶ

334 2774 435 2843 τὴν
483 2773 807 2844 κατάκρισιν
853 2772 1079 2826 δυνατὸν
1128 2769 1217 2844 ἦν,
1269 2777 1317 2828 si
1353 2775 1427 2845 μὴ
1468 2774 1626 2828 πάλιν
1668 2776 1696 2827 6
1742 2772 1904 2837 αὐτὸς

334 2866 539 2928 ἐκεῖνος
570 2866 869 2938 ἄνθρωπος,
901 2865 969 2918 δι’
1016 2865 1075 2918 δν
1117 2866 1300 2937 εἴρητο
1334 2867 1393 2920 τὸ
1435 2866 1525 2934 Γῆ
1572 2863 1643 2932 εἴ,
1677 2865 1776 2920 καὶ
1814 2866 1902 2931 εὶς

332 2956 451 3025 γῆν
480 2958 813 3025 ἀπελεύσῃ,
844 2957 1209 3025 ἀναπλασθεὶς
1234 2957 1340 3028 (46)
1377 2957 1599 3011 ἀνέλυσε
1641 2957 1737 3028 τὴν
1766 2956 1901 3010 ἀπό-

331 3062 518 3114 φασιν,
539 3047 636 3117 τὴν
657 3047 724 3100 δι’
745 3047 904 3101 αὐτὸν
924 3048 1005 3112 είς
1032 3048 1237 3110 πάντας
1257 3046 1678 3118 ὲξενηνεγμένην
1693 3064 1706 3077 °
1727 3047 1896 3112 ὅπως,

330 3136 514 3202 καθὼς
537 3140 595 3192 ἐν
619 3138 699 3209 τῷ
735 3138 905 3209 Ἀδὰμ
931 3137 1194 3211 πρότερον
1219 3139 1420 3201 πάντες
1448 3136 1894 3208 ἀποθνήσκουσιν,

2010 1950 2255 2003 dicebam
2277 1989 2291 2013 ,
2341 1951 2661 2005 tricumanis
2689 1950 2942 2007 ﬂuctibus
2984 1953 3373 2025 l'raudibusque
3402 1958 3568 2011 obru-

2011 2047 2120 2102 tus,
2153 2039 2262 2093 imo
2294 2040 2482 2110 pelago
2526 2050 2877 2109 mergeretur.
2932 2040 3007 2096 Eo
3056 2059 3290 2113 namque
3339 2049 3567 2104 consilio

2010 2138 2299 2199 susceptus
2331 2145 2358 2183 a
2384 2128 2562 2185 Verbo
2602 2131 2763 2185 homo
2799 2139 2903 2195 est,
2934 2141 3013 2196 ut,
3038 2134 3248 2188 devicto
3275 2146 3523 2205 serpente
3547 2177 3564 2204 ,

2012 2239 2113 2278 suo
2143 2238 2367 2278 munere
2392 2232 2555 2293 atque
2587 2238 2770 2294 opera,
2790 2225 3025 2281 hominis
3049 2228 3213 2281 exitio
3243 2230 3404 2282 latam
3436 2245 3569 2285 cono

2010 2316 2406 2372 demnationem
2441 2317 2690 2373 dilueret.
2751 2318 3187 2373 Consentaneum
3236 2321 3433 2391 quippe
3468 2321 3571 2378 fuit

2009 2424 2117 2463 non
2150 2408 2219 2463 ab
2244 2408 2350 2461 alio
2376 2407 2518 2461 vinci
2549 2407 2824 2461 diabolum
2855 2424 3016 2478 quam
3043 2410 3110 2464 ab
3149 2410 3241 2463 illo
3269 2411 3386 2481 ipso
3407 2426 3569 2481 quem

2010 2516 2037 2554 a
2062 2515 2120 2553 se
2145 2496 2427 2554 seductum
2467 2511 2577 2551 suae
2610 2513 2671 2552 se
2712 2500 2982 2568 tyrannidi
3025 2499 3327 2568 subjecisse
3372 2502 3571 2573 gloria-

2008 2592 2186 2646 batur.
2213 2588 2347 2643 Nam
2378 2603 2550 2658 neque
2582 2589 2739 2643 aliter
2769 2589 2903 2643 solvi
2938 2597 3217 2659 peccatum
3268 2603 3319 2646 et
3342 2592 3573 2648 damna-

2010 2683 2212 2737 tionem
2247 2680 2450 2735 aboleri
2478 2680 2737 2751 possibile
2759 2689 2895 2746 erat,
2930 2681 3036 2737 nisi
3078 2698 3271 2737 rursus
3315 2683 3404 2738 ille
3454 2683 3571 2753 ipse

2009 2775 2171 2831 homo
2190 2773 2263 2828 ob
2289 2788 2451 2843 quem
2482 2772 2686 2826 dictum
2726 2780 2862 2840 erat,
2914 2773 3075 2828 Terra
3132 2791 3208 2838 es,
3261 2785 3310 2828 et
3359 2775 3414 2830 in
3462 2784 3569 2832 ter-

2008 2886 2124 2923 ram
2141 2869 2409 2923 reverteris
2427 2866 2492 2931 “,
2513 2866 2857 2932 reformatus,
2876 2882 2995 2937 quae
3010 2867 3128 2937 ejus
3143 2875 3293 2922 reatu
3310 2869 3363 2922 in
3379 2884 3570 2924 omnes

2006 2965 2341 3031 pervaserat,
2381 2957 2704 3013 sententiam
2736 2957 3113 3028 autiquasset:
3147 2966 3205 3013 ut
3235 2959 3376 3014 sicut
3414 2960 3569 3029 prius

2006 3052 2061 3106 in
2080 3051 2252 3105 Adam
2285 3065 2474 3106 omnes
2504 3050 2892 3113 moriebantur,
2918 3050 2997 3106 sic
3023 3060 3074 3106 et
3114 3050 3168 3104 in
3207 3049 3424 3107 Christo
3446 3065 3567 3107 rur-

2006 3160 2100 3199 sus
2145 3142 2239 3213 qui
2288 3143 2554 3199 Adamum
2600 3142 3026 3214 assumpsisset,
3081 3156 3268 3198 omnes
3326 3141 3568 3199 viviﬁca-

328 3229 472 3283 οὕτω
507 3230 571 3302 δὴ
618 3231 779 3285 πάλιν
810 3232 904 3285 καὶ
953 3232 1012 3284 ὲν
1062 3230 1141 3302 τῷ
1181 3231 1491 3304 ἀνειληφότι
1545 3228 1764 3301 Χριστῷ
1808 3227 1899 3281 τὸν
1926 3245 1967 3302 c
2002 3245 2190 3291 remur
2222 3237 2289 3292 δ”,

342 3321 511 3393 ’Δδάμ
542 3323 742 3388 πάντες
771 3323 1170 3396 ζωοποιηθῶσι.

820 3466 951 3521 CAP.
982 3465 1095 3521 Vll.
1127 3465 1326 3522 Christi
1358 3483 1536 3536 opera,
1570 3464 1668 3520 Dei
1700 3475 1749 3520 et
1779 3461 2003 3519 hominis
2028 3464 2267 3534 propria,
2293 3464 2406 3534 ejus
2451 3465 2639 3534 ipsius,
2668 3466 2758 3535 qui
2786 3480 2921 3520 unus
2945 3465 3035 3519 sit.

400 3605 512 3659 Kal.
536 3606 662 3678 περὶ
693 3605 790 3677 μὲν
815 3604 908 3658 τοῦ
944 3606 1034 3659 τὸν
1058 3606 1359 3678 ἄνθρωπον,
1383 3605 1611 3676 ὄργανον
1640 3603 1897 3673 γεγονότα

328 3697 425 3752 καὶ¹
452 3697 649 3769 ἔνδυμα
694 3700 786 3752 τοῦ
836 3698 1206 3768 Μονογενοῦς,
1241 3698 1399 3751 τοῦτο
1442 3697 1895 3770 ἀπεργάσασθαι,

330 3789 468 3862 amp
502 3791 595 3844 ml.
620 3792 778 3854 αὐτὸς
817 3794 844 3845 6
880 3794 958 3855 εἰς
1000 3790 1160 3844 αὑτὸν
1189 3790 1553 3853 εἰσοικισθεὶς,
1584 3790 1767 3861 σχεδὸν
1795 3790 1896 3861 ἤδη

334 3896 424 3950 μοι
453 3879 605 3934 δοκεῖ
647 3880 798 3943 τέλος
841 3880 1012 3951 ἔχειν’
1045 3880 1106 3933 τὸ
1133 3879 1190 3932 δὲ
1217 3880 1297 3931 ὅτι
1344 3880 1479 3950 μήτε
1523 3880 1626 3950 μὴν
1659 3881 1898 3950 ἀναρμο-

331 3966 475 4028 στία,
512 3966 671 4021 πάλιν
704 3966 764 4032 ἐξ
802 3968 978 4040 ἀρχῆς
1009 3967 1096 4021 διὰ
1129 3966 1371 4038 βραχέων
1416 3968 1791 4023 ἐπισκεπτέον.
1825 3969 1897 4022 Τὸ

327 4057 439 4130 γάρ
498 4057 791 4128 αὐτοφύσει
844 4058 1006 4112 καλὸν
1057 4060 1151 4112 καὶ
1200 4057 1492 4127 αὐτοφύσει
1545 4059 1750 4113 δίκαιον
1805 4060 1899 4113 καὶ

327 4150 494 4214 ὅσιον,
526 4142 587 4203 οὗ
618 4149 688 4202 τὰ
736 4148 870 4203 ἄλλα
900 4148 1043 4203 κατά
1088 4151 1319 4222 μετοχὴν
1356 4149 1564 4218 γίνεται
1605 4150 1770 4215 καλὰ,
1799 4150 1898 4221 τὴν

330 4242 523 4311 σοφίαν
550 4244 577 4295 ὁ
599 4241 774 4312 λέγων
816 4242 1108 4313 τυγχάνειν
1137 4242 1277 4313 μετά
1317 4242 1407 4296 τὸν
1452 4241 1584 4295 Θεὸν
1609 4239 1716 4311 (47)
1747 4241 1901 4313 ὀρθό-

328 4327 465 4387 τατα
498 4332 676 4402 λέγει’
697 4334 760 4387 τὸ
780 4333 836 4387 δὲ
868 4329 935 4388 αὖ
966 4334 1178 4388 ἀνόσιον
1207 4335 1302 4389 καὶ
1339 4334 1520 4389 ἄδικον
1544 4334 1637 4387 καὶ
1666 4333 1898 4405 πονηρὸν

328 4426 425 4498 τὴν
458 4428 752 4499 ἁμαρτίαν.
786 4426 892 4480 Δύο
921 4427 1030 4500 γὰρ
1062 4426 1131 4480 τὰ
1169 4429 1250 4490 εἰς
1283 4427 1450 4497 ἀκρον
1477 4425 1725 4497 ἀλλήλοις
1746 4429 1898 4481 ἐναν-

328 4518 438 4585 τία,
469 4517 582 4591 ζωὴ
619 4520 714 4574 καὶ
748 4519 996 4587 θάνατος,
1030 4518 1306 4590 ἀφθαρσία
1333 4520 1430 4573 καὶ
1465 4518 1657 4591 φθορά.
1696 4519 1898 4591 ’ἰσότης

395 4676 441 4710 ⁵⁸
475 4674 602 4735 Gen.
654 4693 736 4744 ιιι,
791 4678 878 4734 19.
950 4678 994 4710 ⁵⁷
1047 4676 1080 4732 Ι
1114 4676 1241 4733 Cor.
1283 4693 1372 4744 xv,
1421 4673 1510 4729 22.

2073 3600 2346 3653 Hactenus
2372 3598 2508 3653 satis
2547 3599 2863 3668 exposuisse
2893 3596 3022 3650 mihl
3062 3596 3266 3660 videor,
3298 3596 3563 3666 quemad-

2002 3690 2221 3746 modum
2249 3689 2411 3744 homo
2438 3689 2853 3744 instrumentum
2884 3688 3059 3742 factus
3103 3694 3157 3742 et
3189 3687 3566 3744 indumentum

2001 3781 2277 3855 Unigeniti
2309 3783 2410 3837 hoc
2435 3782 2548 3852 ipse
2573 3781 2906 3852 praestiterit,
2938 3779 3083 3851 quod
3114 3789 3163 3835 et
3188 3780 3279 3835 ille
3299 3780 3391 3850 qui
3422 3782 3477 3835 in
3497 3795 3565 3837 eo

2001 3876 2286 3931 habitavit.
2316 3874 2471 3941 Quod
2498 3884 2678 3929 autem
2707 3887 2883 3943 neque
2909 3872 3197 3943 imparitas
3222 3873 3313 3927 illa
3346 3874 3436 3938 sit,
3462 3888 3566 3931 nec

1999 3969 2399 4026 inconcinnitas
2423 3966 2892 4035 dissonantiaque,
2919 3979 3116 4020 rursus
3150 3980 3181 4018 a
3211 3965 3391 4036 capite
3439 3966 3566 4022 bre-

1996 4063 2135 4117 viter
2161 4060 2638 4116 considerandum.
2686 4056 2868 4129 Ipsum
2906 4057 3050 4113 enim
3090 4064 3282 4111 natura
3314 4058 3517 4113 bonum
3546 4098 3562 4123 ,

1995 4153 2172 4224 ipsum
2201 4160 2394 4208 natura
2432 4153 2639 4223 justum
2673 4159 3032 4222 sanctumque
3056 4193 3071 4217 ,
3138 4151 3296 4221 cujus
3350 4153 3562 4223 reliqua

1997 4245 2414 4315 participatione
2450 4246 2581 4299 ﬂant
2607 4245 2782 4311 bona;
2814 4245 2906 4314 qui
2932 4243 3232 4300 secundum
3269 4243 3437 4300 Deum
3462 4244 3565 4300 Sa-

2000 4338 2256 4408 pientiam
2291 4352 2415 4392 esse
2460 4336 2678 4401 dixerit,
2712 4336 3016 4393 rectissime
3061 4336 3334 4392 senserit:
3371 4343 3564 4391 contra

1997 4442 2128 4484 vero
2159 4427 2481 4485 sceleratum
2518 4434 2571 4483 et
2603 4427 2849 4499 impium,
2881 4426 3252 4498 injustumque
3320 4441 3385 4481 ac
3437 4440 3564 4496 pra-

1998 4534 2162 4584 vum,
2197 4534 2322 4575 esse
2373 4528 2676 4590 peccatum.
2730 4517 2849 4572 Duo
2895 4532 3129 4588 namque
3177 4523 3305 4573 sunt
3348 4529 3563 4572 summa

400 4835 512 4912 (46)
556 4837 999 4912 ᾎναπᾷαᾳθεις.
1056 4833 1148 4912 Sic
1195 4833 1354 4912 Yat.;
1396 4834 1612 4912 _Mazar.
1668 4848 1800 4912 vero
1844 4837 1899 4888 et

2004 4847 2189 4912 στασιν
2230 4828 2483 4912 propria;
2518 4842 2627 4882 non
2666 4825 2880 4881 videtur
2909 4834 3037 4912 post
3065 4823 3231 4910 Deum
3261 4836 3452 4912 auctor
3475 4827 3559 4912 di-

326 4904 517 4972 AllatI,
555 4907 945 4971 ἀναπαλαίσας,
993 4906 1157 4976 quasi
1189 4904 1357 4960 denuo
1388 4905 1532 4959 lucta
1565 4904 1894 4976 perfunctus,

326 4978 738 5049 instauratoque
780 4974 1092 5049 certamine.
1140 4975 1469 5049 l’robeghaec
1501 4974 1895 5049 ecclesiastica,

327 5050 526 5118 quibus
556 5065 618 5105 ea
649 5045 768 5118 qua!
798 5055 924 5102 sunt
950 5045 1154 5101 Christi
1192 5047 1433 5102 hominis
1466 5056 1524 5100 ut
1556 5046 1774 5118 capitis,
1812 5051 1898 5097 to-

327 5115 438 5190 tius
460 5115 706 5190 corporis
737 5134 858 5174 esse
883 5118 1344 5190 perhibenturput
1372 5117 1490 5187 ejus
1518 5115 1896 5190 vic_toria,_cu-

320 5187 523 5258 jusque
559 5185 813 5244 nostrum
851 5189 1080 5242 victoria
1122 5185 1473 5257 intelligatur,
1514 5186 1605 5255 qui
1636 5185 1894 5258 membris

325 5256 473 5314 illius
496 5262 855 5324 associatnur,
885 5274 1182 5329 omnesque
1204 5256 1327 5329 cum
1356 5259 1639 5329 illoiunum
1669 5256 1896 5329 mystice

324 5345 527 5400 corpus
571 5346 818 5400 sumus:
858 5329 1015 5397 cujus
1056 5325 1278 5400 perinde
1318 5328 1623 5400 membrum
1654 5325 1893 5400 Agamus

324 5394 449 5464 fuit,
496 5402 612 5471 ipse
657 5402 712 5455 in
761 5394 997 5471 Christo
1023 5394 1463 5471 prindestinatus,
1502 5405 1555 5451 et
1588 5396 1641 5450 in
1672 5394 1892 5471 Christo

322 5467 534 5530 victor:
576 5473 878 5527 instaurata
927 5469 1002 5523 illi
1025 5467 1240 5524 ’Christi
1275 5469 1468 5538 gratia,
1490 5482 1586 5538 per
1620 5467 1890 5536 pmniten-

323 5542 452 5596 tiam
491 5544 655 5607 lucta,
692 5544 783 5612 qui
816 5543 868 5595 in
905 5556 963 5595 se
994 5540 1172 5612 victus
1201 5537 1490 5612 ceciderat.
1530 5537 1819 5612 contuens.

395 5613 504 5683 (47)
538 5614 655 5681 Τὴν
694 5608 922 5680 Σοφίαν
966 5610 1115 5683 μετά
1160 5613 1343 5683 Θεόνε
1376 5609 1512 5683 Cum
1545 5608 1888 5683 .ﬁapientiam

325 5676 501 5753 ipsum
530 5676 700 5753 Λόγον
738 5676 921 5738 dicere
957 5676 1219 5753 videatur,
1257 5678 1501 5753 eujusin
1534 5678 1756 5733 Christo
1778 5676 1890 5731 vult

324 5749 441 5820 ipsa
469 5749 702 5810 hominis
729 5770 914 5824 opera,
952 5751 1094 5823 quo"
1132 5766 1295 5807 sensu
1330 5749 1594 5824 optimum
1633 5762 1889 5824 esse_po_-

325 5817 448 5881 test.
479 5826 545 5880 de
570 5817 846 5881 Verbo-ut
874 5827 926 5879 in
962 5817 1156 5878 natura
1189 5836 1284 5894 per
1312 5817 1567 5875 unionem
1605 5817 1727 5872 καθ’
1758 5817 1889 5870 ὑπό-

2000 4898 2249 4956 vinoruni
2278 4898 2345 4954 in’
2361 4899 2517 4954 nobis
2539 4913 2845 4961 munerum,
2874 4907 2927 4966 et
2957 4898 3112 4966 quasi
3146 4898 3442 4954 secundum
3474 4899 3561 4952 αῐ-

1998 4989 2132 5035 τιον,
2169 4970 2315 5039 quod
2352 4968 2540 5039 Ariani
2567 4969 2840 5039 ponebant
2872 4965 3127 5032 Verbum,
3158 4984 3282 5023 cum
3318 4970 3390 5023 sit
3417 4985 3562 5026 unus

1999 5058 2121 5097 cum
2155 5038 2264 5096 Deo
2291 5048 2343 5095 et
2372 5038 2532 5093 Patre
2562 5047 2753 5092 auctor
2781 5045 2834 5091 et
2858 5053 3041 5100 causa,
3078 5046 3136 5092 ut
3167 5048 3251 5094 est
3288 5054 3395 5094 una
3424 5040 3562 5093 divi-

1997 5113 2139 5167 nitas
2172 5117 2225 5166 et
2256 5112 2447 5165 virtus.
2486 5107 2581 5161 Sin
2618 5116 2795 5163 autem
2828 5108 2961 5179 haec,
2992 5109 3205 5179 divinas
3235 5111 3363 5165 velit
3394 5109 3564 5179 parti-

1998 5182 2320 5251 cipationes,
2347 5194 2410 5233 ac
2439 5179 2594 5251 quasi
2622 5179 2828 5251 primos
2867 5177 2958 5233 Dei
2988 5176 3231 5251 eil'ectus,
3264 5195 3329 5235 ex
3360 5176 3561 5251 quibus

1998 5248 2223 5321 reliquis
2254 5258 2337 5304 est
2366 5258 2424 5303 ut
2452 5248 2560 5321 sint
2588 5249 2843 5321 talia,‘sic
2865 5264 2988 5303 vera
3009 5248 3257 5321 doctrina
3283 5257 3387 5313 est,
3423 5250 3562 5321 ipsa-

2000 5318 2291 5392 que'toties
2323 5320 2579 5392 Dionysio
2611 5319 2909 5392 inculcata,
2950 5326 3003 5373 et
3042 5335 3147 5392 qua
3168 5318 3349 5392 Deum
3383 5318 3562 5371 omni-

2000 5388 2103 5447 bus
2137 5392 2415 5461 anteponit
2447 5388 2565 5461 qua:
2593 5389 2784 5461 deiillo
2807 5388 2912 5443 dici
2935 5400 3027 5443 aut
3054 5388 3276 5458 intelligi
3306 5393 3559 5461 possunt,

1999 5463 2234 5531 huicque
2255 5456 2390 5515 adeo
2412 5456 2515 5531 ipsi
2536 5460 2679 5529 quod
2708 5459 3181 5531 Deusnominatur
3199 5478 3213 5519 ;
3233 5456 3357 5531 cum
3381 5463 3434 5509 et
3456 5456 3562 5513 hoc

1999 5527 2287 5602 cujusdam
2319 5534 2390 5586 sit
2425 5527 2654 5585 actionis
2695 5529 3012 5602 et‘ell‘ectus
3058 5527 3370 5602 cunnotutio
3405 5543 3416 5577 :
3446 5542 3561 5602 non

1998 5597 2391 5665 ut'Palamitae,
2433 5603 2606 5674 virtus
2648 5607 2702 5654 et
2748 5600 3001 5674 divinitas
3047 5597 3562 5674 vere.ah_esscntia

1997 5675 2272 5731 distincta.
2302 5663 2488 5742 illique
2514 5673 2657 5745 velut
2684 5671 2935 5745 quamam
2959 5663 3230 5721 emanatio
3260 5663 3329 5745 ab
3358 5674 3562 5745 aeterno

1995 5745 2307 5813 conjuncta,
2336 5733 2620 5812 ut'optime
2637 5733 2823 5794 no'ster
2843 5737 3086 5798 Calecas,
3131 5750 3197 5791 ac
3228 5733 3422 5803 reliqui
3441 5736 3562 5804 ejus

1991 5815 2215 5871 hzeresis
2247 5815 2671 5886 impugnatores.
2706 5813 2777 5863 In.
