4056 6302
456 275 521 334 7i
1432 274 1492 330 S.
1533 271 1862 329 METHODII
1904 269 2208 329 EPISCOPI
2248 271 2337 327 ET
2379 271 2740 331 MARTYRIS
2969 256 2972 259 Δ
3639 273 3713 329 72

454 392 564 448 alia
596 391 720 449 aliis
742 393 1014 466 opposita.
1046 394 1156 450 vita
1182 398 1237 447 et
1277 406 1447 456 mors,
1479 389 1818 461 incorruptio
1838 398 1890 446 et
1911 403 2022 445 cor-

2143 405 2243 462 μεν
2294 408 2403 464 γαρ
2448 408 2595 448 εστιν
2638 393 2848 467 ήζωὴ,
2892 392 3146 465 ἀνισότης
3175 393 3234 447 δὲ
3278 392 3311 464 ἡ
3354 390 3563 464 φθορά·
3614 394 3713 446 καὶ

453 485 659 554 ruptio.
684 482 895 540 Paritas
922 486 1065 540 enim
1098 491 1183 539 est
1213 483 1323 537 vita
1348 522 1363 548 ,
1417 482 1694 552 imparitas
1749 497 1878 537 vero
1908 496 2032 537 cor-

455 575 642 645 ruptio
669 594 681 630 :
712 584 766 630 et
800 575 1084 629 harmonia
1114 574 1355 646 quidem,
1385 573 1597 644 justitia
1620 579 1676 629 et
1703 574 2028 643 prudentia;

457 665 580 736 ejus
604 681 733 721 vero
756 667 993 722 turbatio
1017 675 1072 722 et
1095 666 1458 729 dissonantia,
1483 665 1848 736 imprudentia
1871 672 1924 720 et
1949 666 2033 721 in-

455 755 685 828 iustitia.
715 755 886 812 Homo
905 766 1084 814 autem
1115 758 1255 813 inter
1288 758 1401 812 haec
1444 757 1678 820 medius,
1705 773 1883 829 neque
1910 758 2031 829 ipsa

450 845 685 919 justitia,
709 855 764 900 at
792 863 970 918 neque
1003 848 1268 918 injustitia
1300 855 1417 903 est:
1454 848 1549 902 sed
1584 848 1637 902 in
1663 848 2032 918 incorruptio-

454 937 543 993 nis
581 953 644 993 ac
673 940 1041 1010 corruptionis
1086 939 1676 1004 medi0°constitutus,
1718 940 1785 995 ad
1818 948 2032 995 utrum-

452 1030 541 1087 vis
566 1030 758 1086 horum
807 1030 1152 1102 propendens
1184 1030 1488 1096 deﬂexerit,
1516 1031 1572 1086 in
1603 1031 1724 1100 ejus
1752 1030 1897 1100 quod
1927 1030 2028 1085 ob—

454 1122 680 1178 tinuerit
707 1123 910 1178 dicitur
944 1131 1196 1178 naturam
1244 1124 1595 1193 indolemque
1619 1122 1919 1178 transferri.
1970 1121 2028 1177 Si

453 1213 670 1285 quidem
697 1215 841 1269 enim
866 1215 922 1269 in
944 1216 1352 1287 corruptionem
1392 1215 1784 1280 declinaverit,
1838 1230 2028 1269 corru-

450 1306 625 1379 ptioni
651 1307 921 1362 obnoxius
949 1321 1015 1361 ac
1043 1307 1291 1361 mortalis
1319 1306 1531 1373 evadit;
1567 1306 1652 1361 sin
1680 1307 1737 1360 in
1778 1306 2027 1362 incorru-

402 1444 414 1454 .
450 1398 717 1470 plionem,
740 1395 1172 1465 incorruptibilis
1203 1405 1256 1459 et
1284 1396 1627 1450 immortalis.
1679 1396 1740 1449 ln
1791 1395 2028 1449 conﬁnio

452 1490 656 1560 quippe
684 1488 898 1559 positus
926 1487 1141 1544 arboris
1162 1487 1285 1541 vita:
1303 1497 1356 1542 et
1384 1486 1625 1542 scientiae
1646 1485 1775 1540 boni
1804 1493 1858 1540 et
1874 1485 2024 1550 mali,

455 1580 720 1636 utriusvis
754 1595 913 1651 poma
942 1580 1239 1651 gustaverit
1280 1578 1345 1644 ⁸⁸,
1379 1580 1435 1634 in
1465 1579 1586 1649 ejus
1615 1578 1844 1633 formam
1873 1593 2022 1634 com-

454 1679 722 1737 mutatur,
753 1688 877 1728 cum
908 1688 1083 1742 neque
1104 1672 1218 1743 ipse
1262 1671 1469 1743 lignum
1493 1671 1652 1735 vitae,
1702 1685 1879 1741 neque
1905 1686 2027 1726 cor-

2140 481 2373 553 ἁρμονία
2410 482 2572 557 μὲνὴ
2615 484 2927 557 δικαιοσύνη
2967 485 3063 539 καὶ
3109 486 3142 555 ἡ
3186 483 3447 555 φρόνησις
3471 523 3486 547 ,
3537 483 3714 555 ἀναρ-

2141 574 2334 645 μοστία
2371 576 2427 629 δὲ
2461 578 2493 649 ἡ
2531 577 2809 649 ἀφροσύνη
2838 576 2932 632 καὶ
2979 578 3013 648 ή
3044 576 3246 630 ἀδικία.
3290 576 3347 628 Ὀ
3393 575 3449 628 δὲ
3498 574 3714 646 ἄνθρω-

2139 685 2258 734 πος,
2297 668 2497 723 τούτων
2531 669 2605 724 ὢν
2633 669 2858 741 μεταξὺ,
2882 667 3004 722 οὔτε
3029 668 3157 722 αὐτὸ
3185 667 3341 722 τοῦτο
3371 666 3707 737 δικαιοσύνη.

2136 759 2257 814 οὔτε
2288 762 2397 834 μήν
2425 764 2573 816 ἐστιν
2608 761 2819 816 ἀδικία·
2846 760 3109 831 ἀλλάητῆς
3146 760 3450 833 ἀφθαρσίας
3472 760 3529 812 ἐν
3557 758 3705 829 μέσῳ

2139 853 2386 927 βεϐηκὼς
2414 855 2508 908 καὶ
2534 854 2634 925 τῆς
2668 852 2894 924 φθορᾶς,
2919 854 2998 916 εἰς
3021 853 3276 924 ὁπότερον
3304 852 3480 905 αὐτῶν
3510 849 3707 912 νεύσας

2135 947 2432 1020 προσκλιθῇ
2478 946 2623 1019 (43),
2673 950 2753 1011 εἰς
2803 948 2902 1020 τὴν
2953 946 3047 1000 τοῦ
3116 949 3484 1017 κρατήσαντος
3541 958 3708 1013 μετα-

2134 1037 2421 1092 ϐάλλεσθαι
2448 1039 2666 1109 λέγεται
2696 1038 2874 1108 φύσιν.
2921 1038 3205 1100 Ἐκκλίνας
3235 1036 3332 1107 μὲν
3359 1033 3469 1107 γὰρ
3501 1035 3580 1098 εἰς
3606 1032 3707 1105 τὴν

2136 1131 2379 1204 φθορὰν,
2438 1130 2677 1202 φθαρτὸς
2732 1130 2940 1200 γίνεται
2983 1130 3077 1182 καὶ
3117 1126 3337 1207 θνητόςξ
3382 1128 3461 1189 εἰς
3505 1125 3561 1178 δὲ
3603 1125 3706 1196 τὴν

2132 1223 2460 1297 ἀφθαρσίαν,
2506 1223 2780 1294 ἄφθαρτος
2808 1222 2917 1295 (49)
2957 1223 3051 1276 καὶ
3113 1219 3396 1283 ἀθάνατος.
3438 1217 3705 1290 Μεθόριον

2132 1314 2241 1388 γὰρ
2265 1315 2356 1369 τοῦ
2393 1317 2489 1388 τῆς
2521 1315 2665 1386 ζωῆς
2704 1315 2883 1383 ξύλου,
2923 1312 3128 1370 καὶτοῦ
3170 1309 3413 1381 γνωστοῦ
3447 1308 3611 1363 καλοῦ
3640 1324 3706 1362 τε

2136 1407 2230 1461 καὶ
2256 1406 2491 1478 πονηροῦ
2529 1405 2722 1470 τιθεὶς,
2747 1400 2919 1477 οὗπερ
2947 1404 3286 1472 ἀπεγεύσατο
3316 1401 3425 1455 τῶν
3453 1399 3705 1472 καρπῶν,

2132 1498 2213 1561 εἰς
2236 1497 2334 1569 τὴν
2364 1497 2554 1551 τούτου
2598 1498 2692 1551 καὶ
2728 1495 3029 1568 μετεϐλήθη
3061 1495 3302 1566 μορφήν·
3353 1493 3477 1545 οὔτε
3515 1491 3575 1544 τὸ
3604 1488 3708 1556 τῆς

2133 1586 2276 1660 ζωῆς
2313 1588 2467 1657 ξύλον
2513 1590 2672 1654 αὐτὸς
2718 1589 2814 1653 ὢν,
2857 1587 2979 1643 οὔτε
3026 1588 3086 1642 τὸ
3137 1587 3238 1658 τῆς
3288 1585 3518 1655 φθορᾶς*
3568 1581 3710 1636 ἀλλὰ

2135 1687 2336 1756 μετοχῇ
2398 1685 2494 1755 μὲν
2542 1685 2635 1739 καὶ
2680 1685 2952 1756 παρουσίᾳ
2993 1683 3197 1754 φθορᾶς
3238 1681 3430 1754 θνητὸς
3476 1678 3707 1748 φανείςο

454 1763 728 1834 ruptionis
761 1764 1023 1818 exsistat:
1057 1762 1152 1819 sed
1184 1762 1279 1833 qui
1302 1762 1671 1833 corruptionis
1697 1763 2022 1817 commercio

2129 1775 2538 1849 προσοικειώσει
2571 1777 2627 1831 δὲ
2675 1778 2767 1831 καὶ
2804 1776 2998 1848 ἀλοιφῇ
3047 1774 3192 1846 ζωῆς
3229 1774 3503 1847 ἄφθαρτος
3541 1770 3711 1825 τάλιν

453 1862 509 1910 et
538 1857 863 1926 praesentia,
909 1856 1156 1911 mortalis
1209 1863 1576 1923 monstretur;
1622 1855 2026 1912 necessitudine

450 1964 585 2005 vero
606 1955 661 2004 et
692 1948 977 2019 complexu
1006 1949 1164 2012 vitae,
1222 1947 1656 2018 incorruptibilis
1703 1963 1923 2003 rursum
1960 1961 2023 2002 ac

451 2039 776 2095 immortalis
797 2039 1024 2106 eniteat;
1046 2038 1182 2094 sicut
1204 2046 1258 2093 et
1285 2036 1486 2093 Paulus
1524 2038 1734 2102 docuit,
1769 2037 1960 2094 dicens
2003 2058 2016 2094 :

452 2129 578 2187 Non
622 2132 764 2186 enim
793 2132 1057 2201 corruptio
1092 2130 1376 2200 possidebit
1429 2132 1895 2201 incorruptionem,
1930 2146 2021 2185 ne-

446 2240 546 2297 que
572 2241 711 2279 mors
729 2224 890 2279 vitam
920 2224 963 2255 ⁸³
985 2240 1004 2278 :
1034 2223 1437 2293 corruptionem
1467 2223 1684 2294 quidem
1712 2232 1765 2278 et
1789 2230 2023 2279 mortem

449 2317 644 2373 merito
663 2324 913 2373 statuens
963 2313 1011 2371 id
1040 2315 1183 2386 quod
1217 2315 1523 2386 corrumpit
1581 2322 1745 2385 atque
1798 2313 2020 2379 occidit,

450 2424 559 2464 non
592 2409 737 2479 quod
770 2409 1141 2479 corrumpitur
1162 2413 1323 2462 autve
1348 2407 1576 2460 moritur
1607 2426 1620 2462 :
1656 2407 1733 2462 uti
1753 2414 1807 2463 et
1835 2407 2022 2463 incor-

450 2503 757 2569 ruptionem
789 2505 844 2554 et
884 2499 1051 2553 vitam
1076 2537 1091 2562 ,
1115 2498 1292 2568 ipsum
1323 2496 1468 2568 quod
1497 2496 1803 2554 immortale
1843 2509 1897 2555 et
1936 2499 2021 2554 vi-

451 2605 579 2646 vum
604 2599 846 2661 praestat,
874 2605 986 2644 non
1014 2589 1157 2659 quod
1191 2588 1598 2644 immortalitate
1631 2597 1685 2644 et
1719 2590 1825 2645 vita
1851 2591 2022 2646 dona-

451 2687 564 2739 tur.
627 2680 809 2748 Quare
883 2697 1058 2752 neque
1116 2680 1520 2737 inconcinnitas
1574 2695 1675 2736 nec
1732 2682 2020 2754 imparitas

452 2775 615 2829 homo
634 2783 739 2838 est,
770 2790 946 2846 neque
975 2776 1103 2829 item
1160 2776 1364 2846 paritas
1408 2783 1461 2829 et
1488 2775 1873 2833 concinnitas:
1923 2776 2021 2833 scd

454 2868 545 2922 ubi
575 2867 1057 2923 inconcinnitatem
1107 2866 1629 2938 (praevaricationem
1663 2869 1873 2925 scilicet
1893 2883 2023 2939 pec-

450 2960 761 3030 catumque)
779 2958 1021 3024 admisit,
1055 2959 1417 3015 inconcinnus
1437 2960 1806 3031 deformisque
1824 2961 2016 3029 evasit;

450 3053 545 3108 ubi
576 3067 707 3108 vero
723 3051 1061 3106 harmoniam
1092 3067 1157 3108 ac
1175 3055 1596 3108 concinnitatem
1629 3052 1843 3124 (nempe
1858 3053 2022 3122 justi-

2135 1871 2229 1925 καὶ
2254 1870 2518 1936 ἀθάνατος
2536 1887 2549 1901 ⁸
2580 1869 2767 1945 ὥσπερ
2806 1871 2900 1924 καὶ
2931 1873 2960 1924 ὁ
2997 1869 3204 1934 Παῦλος
3243 1868 3468 1934 ἐδίδαξε,
3492 1866 3707 1935 λέγων’

2133 1966 2215 2019 Οὐ
2262 1967 2372 2034 γὰρ
2412 1964 2450 2033 ἡ
2494 1962 2684 2033 φθορὰ
2712 1962 3153 2032 κληρονομήσει
3185 1961 3298 2030 τὴν
3326 1960 3704 2030 ἀφθαρσίαν,

2127 2054 2270 2110 οὐδὲ
2298 2058 2331 2110 ό
2364 2054 2619 2123 θάνατος
2647 2056 2762 2125 τὴν
2787 2055 2939 2124 ζωήν
2958 2074 2971 2087 ο
3006 2055 3208 2127 φθορὰν
3237 2055 3335 2124 μὲν
3361 2055 3455 2108 καὶ
3475 2053 3707 2107 θάνατον

2127 2146 2259 2200 αὐτὸ
2298 2145 2358 2199 τὸ
2393 2148 2612 2219 φθεῖρον
2634 2148 2955 2219 ὁρισάμενος
2988 2147 3157 2200 εἰκότι
3191 2144 3333 2217 λόγῳ
3368 2146 3548 2199 καὶτὸ
3570 2146 3708 2198 ἀπο-

2129 2241 2359 2306 κτεῖνον,
2383 2239 2496 2292 ἀλλ’
2516 2240 2576 2293 οὐ
2606 2240 2668 2293 τὸ
2695 2239 3047 2310 φθειρόμενον
3072 2241 3166 2294 καὶ
3197 2238 3428 2310 θνῆσκον
3448 2255 3463 2270 ·
3493 2237 3706 2310 ἀφθαρ-

2131 2331 2253 2385 σίαν
2282 2331 2338 2385 δὲ
2372 2333 2466 2385 καὶ
2494 2331 2638 2403 ζωὴν
2671 2332 2801 2385 αὐτὸ
2827 2332 2888 2385 τὸ
2910 2331 3232 2398 ἀθανατίζον
3263 2333 3357 2385 καὶ
3386 2329 3702 2397 ζωοποιοῦν,

2127 2421 2242 2476 ἀλλ’
2280 2422 2341 2476 οὐ
2378 2422 2440 2476 τὸ
2471 2422 2927 2495 ἀθανατιζόμενον
2952 2423 3046 2475 καὶ
3072 2420 3513 2493 ζωοποιούμενον.
3541 2422 3705 2475 ’Ὥστε

2127 2513 2251 2568 οὔτε
2301 2516 2642 2588 ἀναρμοστία
2682 2517 2776 2570 καὶ
2828 2516 3080 2586 ἀνισότης
3128 2518 3157 2569 ὁ
3197 2515 3481 2588 ἄνθρωπός
3517 2518 3702 2580 ἐστιν,

2126 2610 2252 2664 οὔτε
2286 2611 2390 2683 μὴν
2425 2610 2609 2684 ἰσότης
2638 2609 2733 2665 καὶ
2765 2610 3100 2682 εὐαρμοστία
3123 2627 3136 2640 ·
3185 2609 3299 2663 ἀλλ’
3326 2611 3415 2664 ὅτε
3454 2610 3552 2681 μὲν
3580 2607 3702 2663 ὲδέ-

2129 2704 2256 2770 ξατο
2286 2704 2383 2775 τὴν
2406 2703 2794 2774 ἀναρμοστίαν,
2824 2702 2987 2775 (ὅπερ
3005 2701 3125 2756 ἐστὶ
3148 2700 3245 2774 τὴν
3274 2700 3581 2773 παράϐασιν
3607 2699 3705 2754 καὶ

2126 2796 2226 2867 τὴν
2258 2794 2590 2866 ἀμαρτίαν,)
2619 2792 2841 2862 γέγονεν
2887 2793 3225 2865 ἀνάρμοστος
3266 2793 3361 2847 καὶ
3411 2792 3700 2864 ἀπρεπής·

2126 2888 2217 2942 ὅτε
2256 2888 2312 2942 δὲ
2334 2889 2433 2959 τὴν
2476 2885 2759 2958 ἁρμονίαν,
2796 2887 3040 2965 τορτέστι
3072 2886 3168 2956 τὴν
3206 2885 3570 2957 δικαιοσύνην,
3611 2883 3706 2953 γέ-

2127 2994 2282 3048 γονεν
2326 2977 2663 3050 εὐάρμοστον
2713 2975 2944 3048 ὄργανον
2994 2976 3090 3029 καὶ
3133 2975 3438 3047 εὐπρεπές·
3472 2975 3620 3038 ὅπως
3671 2975 3704 3026 ὁ

2127 3069 2353 3141 Κύριος,
2385 3071 2418 3138 ἡ
2447 3067 2726 3140 ἀφθαρσία
2761 3067 3034 3139 νικήσασα
3066 3066 3158 3120 τὸν
3186 3066 3438 3130 θάνατον,
3468 3067 3704 3136 εὐήχως,

449 3142 958 3212 tiam),concinnum
983 3157 1248 3213 organum
1296 3142 1604 3212 decensque
1630 3140 1853 3198 eﬂ‘ectus
1886 3147 1970 3197 est
2001 3161 2015 3198 :

2129 3140 2537 3234 τὴνάνάστασιν
2569 3160 2850 3232 μελῳδήσῃ
2899 3162 2964 3230 τῇ
2999 3160 3178 3232 σαρκὶ,
3218 3158 3291 3231 μὴ
3323 3158 3489 3223 ἐάσας
3531 3156 3704 3228 αὐτὴν

448 3250 560 3307 (ιυο
608 3234 818 3289 scilicet
851 3233 1114 3289 Dominus
1160 3235 1375 3304 (mortis
1404 3235 1496 3289 illa
1527 3234 1725 3289 victrix
1770 3233 2021 3288 incorru-

447 3330 585 3404 ptio)
617 3343 815 3387 sonore
843 3331 1300 3386 resurrectionem
1332 3329 1484 3386 carni
1516 3327 1855 3392 moduletur,
1909 3343 2021 3384 non

448 3423 638 3479 sinens
668 3438 788 3478 eam
819 3438 1011 3478 rursus
1042 3421 1309 3492 possideri
1341 3438 1370 3476 a
1391 3422 1762 3492 corruptione.
1812 3421 1889 3478 De
1918 3421 2023 3477 hoc

444 3531 665 3588 queque
692 3516 869 3586 capite
897 3515 1033 3571 satis
1062 3515 1327 3572 haaenus
1369 3515 1571 3571 dictum
1599 3525 1703 3571 est.

2127 3253 2597 3326 κληρονομηθῆναι
2637 3253 2797 3306 πάλιν
2826 3252 2931 3305 ὑπὸ
2958 3252 3059 3322 τῆς
3098 3253 3323 3324 φθορᾶς.
3348 3252 3458 3307 Καὶ
3494 3251 3591 3324 μὲν
3638 3250 3704 3322 δὴ

2129 3347 2222 3403 καὶ
2252 3347 2380 3418 napi.
2415 3345 2616 3399 τούτων
2647 3344 2820 3399 ταῦτα
2847 3345 2947 3418 ἤδη
2978 3344 3239 3415 λελέχθω.

445 3634 573 3692 CAP.
604 3633 737 3691 Vill.
756 3634 1052 3702 Sapientia
1073 3649 1191 3690 ossa
1222 3643 1275 3690 et
1294 3650 1442 3690 caro.
1475 3632 1638 3690 Costa
1664 3648 1730 3686 rm
1754 3649 1856 3702 quo
1881 3632 2115 3702 formata
2144 3629 2407 3698 spiritalis
2437 3627 2568 3691 Eva,
2605 3626 2838 3698 Spiritus
2870 3638 3107 3684 sanctus.
3144 3627 3275 3683 Adae
3304 3629 3545 3701 adjutria:
3585 3646 3704 3686 mu-

1542 3705 1659 3770 lier,
1700 3701 1972 3770 desponsa:
2007 3701 2219 3756 Christo
2251 3702 2498 3765 virgines.

520 3821 943 3881 Prmstruximus
968 3823 1114 3878 enim
1145 3838 1254 3878 non
1288 3823 1503 3879 levibus
1532 3837 1596 3877 ex
1623 3821 1905 3892 Scriptura
1931 3836 2023 3890 pe-

444 3912 565 3970 titis
593 3913 926 3975 rationibus,
980 3916 1220 3985 primum
1277 3914 1552 3970 hominem
1591 3920 1736 3967 recte
1774 3913 1831 3967 in
1863 3911 2024 3966 Chri-

2198 3818 2688 3891 Προγεγύμνασται
2739 3817 2847 3891 γὰρ
2886 3819 3022 3889 μετά
3052 3820 3365 3874 συστάσεων
3398 3820 3498 3873 οὐκ
3533 3818 3702 3873 εὐκα-

2121 3914 2476 3985 ταφρονήτων
2497 3915 2561 3965 ἐκ
2590 3912 2687 3983 τῆς
2722 3911 2969 3985 Γραφῆς,
2994 3911 3068 3975 ὡς
3091 3910 3200 3983 ἄρα
3220 3913 3248 3963 ὁ
3283 3910 3704 3982 πρωτόπλαστος

448 4013 596 4062 stum
624 4004 812 4060 referri
836 4022 1015 4076 posse,
1039 4006 1133 4077 qui
1185 4021 1295 4061 non
1324 4008 1436 4076 jam
1474 4005 1645 4077 ﬁgura
1689 4013 1744 4060 et
1798 4005 2022 4061 simula-

2129 4006 2337 4069 οἰκείως
2368 4005 2478 4078 (50)
2508 4007 2589 4069 εἰς
2618 4005 2779 4058 αὐτὸν
2809 4003 3173 4075 ἀναφέρεσθαι
3203 4003 3421 4056 δύναται
3450 4003 3539 4057 τὸν
3567 4004 3705 4073 Χρι-

447 4111 603 4151 crum
629 4104 791 4167 atque
819 4097 997 4167 imago
1026 4095 1301 4167 Unigeniti
1326 4097 1418 4162 sit,
1443 4098 1538 4153 sed
1562 4104 1618 4153 et
1656 4096 1761 4152 hoc
1804 4098 1982 4168 ipsum
2003 4136 2019 4162 ,

2129 4099 2268 4164 στὸν,
2296 4100 2478 4153 οὐκέτι
2501 4098 2668 4161 τύπος
2690 4096 2765 4150 ὢν
2791 4095 3029 4168 (51).)ιαὶ
3059 4095 3376 4167 ἀπείκασμα
3421 4096 3579 4167 μόνον
3606 4094 3701 4148 καὶ

449 4185 731 4257 Sapientia
762 4184 1108 4257 Verbumqne
1138 4187 1396 4244 evaserit.
1440 4189 1620 4243 lnstar
1666 4189 1812 4244 enim
1866 4203 2022 4259 aqua

2129 4191 2292 4246 εἰκὼν
2320 4190 2414 4245 τοῦ
2445 4188 2817 4258 Μονογενοῦς,
2859 4187 2994 4242 ἀλλά
3031 4189 3126 4242 καὶ
3166 4188 3488 4246 αὐτὺτοῦτο
3541 4188 3701 4256 σοφία

446 4279 770 4334 commistus
816 4278 977 4334 homo
1009 4280 1290 4349 sapientia:
1341 4295 1406 4335 ac
1453 4282 1617 4346 vitae,
1681 4279 1785 4336 hoc
1839 4280 2020 4339 factus

2129 4287 2365 4352 γεγονὼς
2393 4283 2485 4336 καὶ
2518 4281 2707 4348 Λόγος.
2732 4279 2898 4353 Δίκην
2937 4279 3046 4353 γὰρ
3084 4279 3273 4344 ὓδατος
3306 4278 3701 4353 συγκερασθεὶς

444 4380 553 4439 est,
577 4372 720 4443 quod
749 4378 866 4427 erat
894 4373 982 4427 illa
1015 4373 1130 4444 ipsa
1161 4372 1456 4445 purissima
1499 4373 1592 4427 lux
1639 4389 1762 4444 quae
1798 4373 1857 4428 in
1891 4388 2015 4428 eum

2129 4376 2153 4428 ὁ
2183 4373 2468 4445 ἄνθρωπος
2487 4378 2553 4446 τῇ
2580 4374 2743 4446 σοφίᾳ
2774 4375 2868 4427 καὶ
2898 4376 2964 4445 τῇ
2990 4373 3123 4445 ζωῇ,
3142 4374 3300 4427 τοῦτο
3319 4375 3541 4443 γέγονεν
3561 4375 3699 4445 ὅπερ

448 4466 614 4522 venit.
659 4463 811 4521 Unde
836 4466 1132 4537 Apostolus
1188 4475 1336 4524 recte
1379 4466 1447 4522 ad
1477 4464 1754 4522 Christum
1813 4465 2014 4521 direxit

2129 4460 2186 4539 ἣν
2227 4465 2358 4520 αὐτὸ
2402 4466 2461 4519 τὸ
2500 4468 2579 4530 είς
2605 4466 2765 4520 αὑτὸν
2804 4466 3224 4538 ὲγκατασκῆψαν
3277 4466 3514 4537 ἄκρατον
3561 4464 3693 4536 φῶς.

517 4623 566 4658 ⁸⁸
604 4623 734 4680 Gen.
796 4641 855 4691 tl,
895 4624 948 4681 9.
1024 4627 1070 4659 δ’
1116 4623 1145 4680 1
1177 4624 1300 4681 Cor.
1345 4641 1434 4690 xv,
1491 4622 1582 4679 50.

518 4738 630 4811 (£8)
656 4738 1022 4810 Προσκλιθῇ.
1060 4740 1139 4811 lta
1168 4755 1270 4811 ms.
1294 4740 1417 4795 cod.
1451 4739 1653 4795 Mazar.
1688 4746 1743 4796 et
1764 4737 2015 4795 Allatius.

443 4808 743 4884 Atlyatic...
771 4808 1148 4884 nsptxajtqteﬁ.
1177 4809 1464 4884 Counerts.

517 4880 631 4952 (49)
666 4879 1283 4952 ἈφθιὶρτοςέηΑΙΪιιῑὶυε.
1318 4880 1558 4952 ἄφθιτος.
1589 4879 1666 4936 In.

443 5021 467 5079 Ι
522 4951 638 5023 (50)
673 4955 932 5022 Οίκείως.
983 4951 1086 5010 Ms.
1136 4951 1336 5007 Mazar.
1385 4968 1509 5008 cum
1550 4952 1741 5018 Allat.,
1776 4951 2016 5016 δικαίως.

468 5039 522 5079 D.

518 5092 631 5165 (51)
659 5092 869 5166 οὐκέτι
898 5093 1087 5166 τύπος
1112 5091 1217 5166 ὥςν.
1254 5092 1329 5150 De
1351 5092 1574 5166 Christo
1602 5094 1737 5152 satis
1765 5094 2021 5166 intelligi-

443 5163 567 5229 tur,
587 5163 689 5220 etsi
723 5165 872 5218 nulla
901 5164 1327 5220 substantiarum
1347 5163 1688 5230 confusione,
1719 5165 1814 5222 sed
1843 5163 2017 5221 solum

447 5234 526 5306 τῷ
555 5235 680 5307 καθ’
706 5234 1023 5307 ὑπόστασιν.
1067 5232 1143 5290 De
1175 5235 1381 5290 Adamo
1407 5248 1577 5307 vero,
1596 5237 1760 5307 idque
1786 5241 2016 5293 necdum

448 5304 679 5376 gratiam
702 5321 800 5376 per
826 5304 1105 5361 Christum
1140 5312 1457 5368 consecuta,
1488 5305 1583 5363 sed
1615 5304 1709 5363 Dei
1737 5309 1851 5364 sola
1883 5307 2022 5362 libe-

447 5378 681 5442 ralitate,
710 5376 803 5447 qui
828 5392 971 5431 unus
990 5376 1106 5446 ipse
1135 5376 1255 5446 ejus
1274 5376 1484 5432 ordinis
1515 5387 1703 5433 auctor
1722 5377 2014 5447 exstiterit,

446 5446 859 5518 quomodo’non
894 5447 1096 5518 Christi
1133 5447 1303 5518 ﬁgura
1353 5462 1417 5503 ac
1461 5450 1889 5518 repraesentatio,
1920 5446 2016 5503 sed

446 5516 551 5573 hoc
579 5518 757 5589 ipsum
789 5519 932 5589 quod
964 5517 1134 5586 Λόγος
1174 5516 1229 5573 in
1269 5519 1449 5588 ipsum
1484 5516 1779 5575 adveniens
1810 5535 1875 5574 ac
1903 5518 2019 5588 ipse

450 5603 634 5660 revera
656 5589 910 5646 Christus
942 5589 1235 5652 exstiterit,
1263 5605 1327 5644 ac
1349 5590 1494 5644 velut
1517 5593 1620 5645 hoc
1644 5591 1718 5644 illi
1741 5590 2016 5660 peculiare

448 5660 549 5723 sit;
584 5658 817 5730 hincque
856 5661 991 5715 adeo
1035 5660 1102 5713 ad
1134 5660 1411 5716 Christum
1444 5662 1599 5730 quasi
1633 5658 2015 5730 per—identita-

447 5736 555 5782 tem
586 5728 875 5796 referatur,
913 5732 998 5787 vel
1031 5732 1190 5788 aliter
1215 5747 1377 5800 quam
1416 5728 1591 5788 sancti
1619 5728 1835 5802 reliqui,
1869 5728 2014 5785 acci-

2122 4736 2373 4810 dentario
2409 4736 2554 4794 dono
2592 4739 2798 4810 gratiae,
2841 4754 2950 4810 qua
2991 4737 3067 4792 dii
3095 4738 3500 4808 quodammodo
3533 4739 3698 4797 edici-

2126 4825 2272 4874 mur,
2322 4808 2504 4865 divino
2557 4808 2613 4864 in
2663 4810 2825 4867 nobis
2862 4808 3086 4865 semine
3135 4811 3188 4863 in
3243 4810 3496 4866 deitatem
3548 4810 3697 4864 aucti

2126 4879 2426 4952 secundum
2473 4888 2688 4936 tenuem
2744 4880 3035 4952 quamdam
3089 4880 3477 4952 imitationem,
3531 4897 3699 4936 unam

2126 4951 2300 5023 ipsam
2331 4961 2521 5005 contra
2542 4951 3237 5023 unionemhypostaticam
3270 4951 3506 5023 hominis
3529 4953 3701 5023 possi-

2125 5020 2314 5092 bilem,
2348 5036 2457 5076 non
2500 5022 2659 5076 video
2704 5028 2765 5076 ut
2810 5021 3116 5092 methodius
3163 5037 3231 5076 ex
3277 5020 3558 5092 Scriptura
3601 5023 3700 5076 ha-

2125 5091 2323 5160 buerit,
2358 5100 2453 5163 aut
2484 5091 2937 5163 suaderepossit.
2976 5092 3310 5163 _‘Av&p.vr,atg
3329 5090 3417 5162 (id
3436 5102 3520 5149 est
3556 5109 3698 5147 com-

2125 5162 2456 5233 memoratio)
2486 5163 2679 5218 mortis
2703 5162 2907 5219 Christi
2938 5161 3165 5233 ejusque
3191 5161 3465 5233 passionis
3498 5179 3615 5233 ipsa
3641 5169 3698 5218 et

2124 5232 2180 5305 in
2209 5233 2499 5305 baptismo,
2530 5234 2585 5288 in
2620 5248 2728 5304 quo
2760 5233 2814 5287 in
2845 5233 2963 5305 ej‘us
2984 5232 3210 5289 mortem
3234 5235 3577 5305 intingimur,
3599 5249 3693 5289 seu

2123 5302 2693 5376 illam’adumbramus
2730 5321 2746 5376 :_
2778 5304 2834 5359 in
2863 5303 3203 5360 Eucharistia
3230 5320 3358 5360 vero
3382 5302 3694 5376 augustius,

2124 5374 2182 5428 in
2218 5389 2326 5447 qua
2354 5375 2533 5430 nostri
2562 5375 2692 5429 Adae
2721 5373 2976 5440 ἔκστασις
3005 5385 3059 5447 et
3089 5390 3254 5447 sopor
3287 5383 3438 5431 totus
3464 5373 3698 5447 mystice

2121 5445 2422 5517 peragitur,
2454 5459 2517 5499 ac
2542 5460 2671 5517 num
2696 5461 2792 5516 per
2820 5446 3099 5501 κοινωνίαν
3128 5445 3459 5517 peculiarius
3489 5445 3693 5517 Metho—

2122 5515 2540 5588 dius’indicare
2583 5515 2850 5588 voluerit?
2885 5521 2940 5572 in
2969 5533 3077 5588 qua
3106 5515 3294 5588 utique
3325 5530 3556 5574 mortem
3591 5515 3699 5572 Do-

2123 5586 2279 5651 mini,
2316 5586 2431 5658 ipsa
2455 5586 2592 5660 ejus
2640 5587 2951 5657 sumptione
2989 5586 3141 5660 '(quze
3176 5586 3697 5660 p‘rid_embaptism_o

2121 5672 2305 5712 comes
2335 5657 2473 5728 erat)
2509 5657 3022 5731 commemoramus,
3039 5657 3160 5726 'vel,
3178 5657 3253 5713 ’ut
3280 5657 3698 5731 Paulus‘loqui-

2119 5735 2229 5795 tur,
2257 5726 2668 5783 annuntiamus.
2699 5726 2775 5783 In.
