4056 6302
310 326 380 379 73
1397 320 1773 377 CONYlVlUM
1816 319 2037 376 DECEM
2078 318 2433 378 \‘IRGINUM.
2540 327 2544 330 ⁴
3475 318 3550 377 τι

311 442 473 496 Ὅθεν
515 442 544 496 ό
585 441 907 507 Ἀπόστολος
942 442 1241 505 εύθυϐόλως
1268 443 1346 505 εἰς
1382 443 1617 515 Χριστὸν
1650 434 1878 514 ἀνηκόν-

1995 460 2108 515 quae
2138 444 2206 501 de
2249 444 2458 499 Adamo
2498 441 2645 498 dicta
2679 450 2854 498 erant.
2898 441 2993 497 Sic
3040 441 3182 497 enim
3219 446 3452 498 maxime
3482 461 3549 500 ex

310 550 424 587 τισε
465 534 527 587 τὰ
561 531 703 587 κατὰ
730 532 821 587 τὸν
876 532 1062 606 ’Δδάμ⁸
1098 533 1283 597 Οῦτως
1312 533 1419 607 γάρ
1452 533 1520 590 ἂν
1556 534 1788 605 μάλιστα
1824 538 1888 589 ὲκ

310 625 421 679 τῶν
455 625 628 678 οστῶν
673 623 838 678 αὑτοῦ
888 624 979 678 καὶ
1018 623 1117 696 τῆς
1167 625 1369 697 σαρκὸς
1416 626 1514 698 τὴν
1567 626 1889 698 Ἐκκλησίαν

314 716 670 787 συμφωνήσει
707 716 986 785 γεγονέναι
1006 731 1019 744 ·
1049 709 1117 787 ἧς
1147 715 1212 788 δὴ
1242 716 1424 788 χάριν,
1446 715 1775 787 καταλείψας
1800 717 1890 772 τὸν

314 806 535 879 Πατέρα
594 806 685 861 τὸν
732 808 791 861 ὲν
850 810 962 871 τοῖς
1000 809 1249 879 οὐρανοῖς
1274 849 1289 873 ,
1329 809 1597 879 κατῆλθεν
1645 810 1676 862 ό
1720 808 1890 878 Λόγος

317 895 923 968 προσκολληθησόμενος
962 899 1029 968 τῇ
1072 899 1330 966 γυναικί·
1385 901 1484 976 καῖ
1527 898 1742 954 ὕπνωσε
1791 900 1890 972 τὴν

317 987 572 1041 ἔκστασιν
607 988 700 1042 τοῦ
734 982 967 1053 πάθους,
1013 988 1275 1054 ἑκουσίως
1319 989 1458 1063 ὑπὲρ
1485 991 1657 1062 αὐτῆς
1683 990 1890 1045 ἀποθα-

317 1080 461 1135 νών·
501 1082 697 1148 Ὅπως
729 1081 910 1148 αὐτὸς
940 1079 1133 1147 ἑαυτῷ
1183 1082 1547 1153 παραστήσῃ
1601 1083 1725 1153 τὴν
1765 1086 1890 1139 Ἐκυ-

319 1172 586 1240 κλησίαν
608 1171 861 1237 ἔνδοξον
885 1172 983 1225 καὶ
1006 1173 1266 1253 ἄμωμρν,
1298 1174 1628 1242 καθαρίσας
1653 1173 1733 1241 τῷ
1750 1179 1920 1243 λουν

319 1262 459 1332 τρῷ,
482 1258 618 1335 πρὸς
648 1263 910 1334 ὑποδοχὴν
942 1262 1035 1317 τοῦ
1069 1262 1260 1335 νοητοῦ
1295 1265 1388 1318 καὶ
1415 1265 1686 1337 μακαρίου
1720 1267 1890 1339 σπέρ-

324 1372 513 1425 ματος,
537 1356 566 1409 ὃ
598 1357 806 1427 σπείρει
828 1357 924 1428 μὲν
944 1355 1105 1420 αὐτὸς
1128 1357 1353 1430 ὑπηχῶν
1384 1360 1478 1413 καὶ
1505 1359 1891 1431 καταφυτεύων
1919 1379 1926 1385 ’

321 1448 383 1498 ὲν
403 1446 479 1517 τῷ
501 1444 650 1516 βάθει
681 1445 773 1499 τοῦ
792 1446 912 1510 νοός
930 1464 942 1477 ·
976 1447 1294 1523 ὑποδέχεται
1320 1449 1378 1503 δὲ
1400 1450 1492 1505 καὶ
1517 1455 1713 1523 μορφοῖ
1737 1451 1890 1525 δίκην

307 1538 578 1605 ’γυναικὸς
605 1541 638 1609 η
673 1537 964 1611 Ἐκκλησία
997 1541 1077 1602 εἰς
1110 1539 1173 1593 τὸ
1202 1543 1394 1612 γεννᾷν
1438 1543 1537 1615 τὴν
1567 1543 1766 1616 ἀρετὴν
1797 1544 1891 1612 καὶ

323 1629 624 1701 ἐκτρέφειν.
657 1630 840 1703 Ταύτῃ
883 1630 993 1702 γὰρ
1021 1631 1115 1685 καὶ
1134 1632 1212 1697 τὸ,
1234 1632 1583 1698 Αὑξὰνεσθε
1616 1636 1714 1689 καὶ
1738 1639 1892 1704 πλη-

322 1723 594 1787 θύνεσθε,
630 1721 932 1795 πληροῦται
978 1725 1394 1795 προσηκόντως,
1439 1729 1518 1791 είς
1545 1728 1772 1799 μέγεθος
1797 1729 1890 1783 καὶ

322 1814 516 1879 κάλλος
550 1815 642 1868 καὶ
685 1815 887 1887 πλῆθος
918 1816 1043 1870 καθ’
1076 1816 1291 1889 ἡμέραν
1323 1817 1696 1891 αὐξανομένης
1721 1820 1893 1891 αὐτῆς
1922 1803 1965 1859 Β

318 1906 408 1961 διὰ
446 1907 542 1979 τὴν
576 1906 822 1980 σύνερξιν
862 1908 958 1961 καὶ
999 1908 1283 1963 κοινωνίαν
1316 1910 1410 1962 τοῦ
1440 1911 1610 1979 Λόγου
1633 1950 1648 1974 ,
1684 1927 1892 1980 συγκαι

320 2000 669 2066 ςκϐαίνοντος
707 2002 830 2072 ημῖν
862 1999 941 2051 ἔτι
973 1999 1067 2052 καὶ
1110 1998 1226 2063 νῦν,
1253 2001 1349 2053 καὶ
1374 1998 1726 2072 ἐξισταμένου
1760 2004 1897 2059 κατὰ

322 2095 421 2167 τὴν
444 2093 750 2165 ἀνάμνησιν
786 2090 879 2146 τοῦ
914 2090 1138 2155 πάθους.
1175 2091 1250 2145 Οὐ
1278 2092 1385 2165 γὰρ
1420 2093 1487 2146 ἂν
1506 2093 1679 2157 ἄλλως
1707 2095 1740 2166 ἡ
1780 2095 1898 2148 Ἑκ-

323 2185 524 2257 κλησία
559 2185 842 2240 συλλαϐεῖν
873 2187 998 2248 τοὺς
1024 2184 1377 2249 πιστεύοντας
1415 2186 1507 2239 καί
1540 2187 1898 2258 ἀναγεννῆσαι

321 2280 411 2335 διὰ
450 2279 674 2351 λουτροῦ
722 2280 819 2351 τῆς
846 2279 1266 2349 παλιγγενεσίας
1296 2278 1534 2344 δύναιτο,
1564 2279 1659 2335 ἐὰν
1690 2280 1766 2353 μὴ
1805 2283 1899 2334 καὶ

324 2373 415 2426 διὰ
444 2371 666 2437 τούτους
698 2374 727 2426 ό
772 2372 1005 2444 Χριστὸς
1039 2371 1282 2438 κενώσας
1313 2373 1526 2440 ἑαυτὸν,
1561 2374 1647 2429 ἵνα
1672 2373 1898 2447 χωρηθῇ

329 2464 469 2517 κατὰ
518 2463 614 2533 τὴν
665 2463 1164 2532 ἀνακεφαλαίωσιν,
1210 2465 1286 2529 ὡς
1317 2465 1486 2537 ἔφην,
1522 2465 1618 2520 τοῦ
1654 2467 1859 2529 πάθους
1881 2505 1897 2531 .

333 2555 496 2609 πάλιν
525 2554 769 2626 ἀποθάνῃ
807 2556 1049 2620 καταϐὰς
1079 2557 1139 2621 ἐξ
1182 2559 1448 2630 οὐρανῶν,
1489 2560 1604 2623 καὶ,
1641 2560 1903 2632 προσκολ-

334 2646 518 2718 ληθεὶς
568 2648 635 2718 τῇ
670 2644 863 2700 ἑαυτοῦ
901 2647 1118 2716 γυναικὶ
1167 2651 1233 2720 τῇ
1266 2649 1593 2722 Ἑκκλησίᾳ,
1635 2651 1900 2725 παράσχοι

331 2737 433 2809 τῆς
465 2736 703 2812 πλευρᾶς
747 2738 1099 2808 ἀφαιρεῖσθαι
1142 2739 1240 2809 τῆς
1270 2740 1464 2803 ἑαυτοῦ
1496 2741 1726 2812 δύναμίν
1756 2758 1901 2807 τινα,

330 2818 479 2895 ὅπως
505 2829 812 2901 αὐξηθῶσιν
841 2830 889 2883 oi
915 2831 974 2883 ὲν
1003 2829 1151 2903 αὐτῷ
1179 2832 1899 2907 οίκοδομηθέντες-ἆπαντες,

330 2921 784 2994 οίγεγεννημένοι
813 2923 899 2979 διὰ
934 2923 1029 2977 τοῦ
1074 2922 1319 2997 λουτροῦ,
1355 2926 1420 2978 ἐκ
1464 2924 1572 2980 τῶν
1601 2926 1774 2980 ὀστῶν
1805 2927 1900 2981 καὶ

332 3018 397 3070 ὲκ
421 3016 519 3087 τῆς
563 3016 796 3088 σαρκὸς,
827 3016 1099 3070 τουτέστιν
1143 3018 1208 3070 ὲκ
1235 3018 1334 3088 τῆς
1370 3018 1676 3089 ἁγιωσύνης
1710 3018 1897 3085 αὑτοῦ,

331 3110 425 3163 καὶ
470 3112 534 3163 ὲκ
588 3109 690 3180 τῆς
718 3109 877 3180 δόξης
943 3109 1386 3215 προσειληφότες.
1449 3112 1612 3165 Ὀστᾶ
1655 3111 1762 3184 γὰρ
1803 3114 1896 3167 καὶ
1923 3152 1968 3215 c

332 3200 508 3271 σάρκα
562 3201 752 3269 σοφίας
803 3203 832 3255 ὁ
882 3200 1057 3271 λέγων
1099 3197 1240 3256 εἶναι
1293 3202 1505 3257 σύνεσιν
1552 3205 1646 3258 καλ⁵
1673 3204 1895 3276 ἀρετὴν,

328 3290 595 3364 ὀρθότατα
627 3293 806 3362 λέγει’
838 3293 1076 3365 πλευράν
1099 3293 1154 3348 δὲ
1186 3293 1247 3348 τὸ
1271 3293 1487 3365 πνεῦμα
1513 3295 1613 3366 τῆς
1640 3295 1898 3367 ἀληθείας

328 3384 391 3437 τὸ
426 3383 802 3455 Παράκλητον,
843 3385 935 3455 ἀφ’
968 3380 1030 3441 οὗ
1062 3385 1450 3457 λαμϐάνοντες,
1484 3390 1565 3451 εἰς
1593 3386 1898 3458 ἀφθαρσίαν

329 3472 729 3541 ἀναγεννῶνται
776 3474 1156 3546 προσηκόντως
1190 3476 1238 3529 oi
1275 3476 1695 3547 πεφωτισμένοι.
1751 3476 1899 3531 Ἀδύ-

326 3582 489 3618 νατον
520 3565 578 3618 δὲ
608 3566 701 3620 τοῦ
744 3566 1058 3638 Πνεύματος
1099 3567 1191 3623 τοῦ
1247 3568 1401 3638 ἁγίου
1442 3572 1728 3642 μετασχεῖν
1777 3587 1898 3625 τινα

329 3661 425 3712 καὶ
456 3659 619 3729 μέλος
655 3660 1046 3732 καταλεχθῆναι
1079 3662 1333 3734 Χριστοῦ,
1368 3664 1463 3719 ἐὰν
1616 3664 1897 3737 πρότερον,

327 3749 428 3803 καὶ
459 3749 552 3803 ὲπὶ
582 3748 772 3802 τούτου
803 3749 1180 3818 συγκατελθὼν
1205 3751 1454 3819 ὁηΛόγος,
1488 3753 1655 3823 ἐκστῇ
1700 3767 1898 3823 κοιμη-

326 3841 467 3921 θεὶς,
497 3841 585 3897 ἵνα
608 3841 709 3912 τὴν
743 3841 1040 3897 ἀνανέωσιν
1070 3842 1166 3896 καὶ
1197 3841 1288 3897 τὸν
1319 3842 1735 3913 ἀνακαινισμὺν,
1776 3860 1898 3896 συν-

325 3934 636 4001 εξαναστάς
667 3933 762 3990 τοῦ
802 3934 969 3988 ὕπνου
1003 3934 1082 4007 τῷ
1110 3935 1249 4008 ὑπὲρ
1293 3934 1458 3991 αὑτοῦ
1494 3936 1896 4008 κεκοιμημένῳ,

324 4029 425 4083 καὶ
472 4028 634 4092 αὐτὸς
675 4026 997 4101 μεταλαϐεῖν
1039 4026 1237 4100 δυνηθῇ
1287 4025 1624 4099 Πνεύματος,
1658 4027 1902 4082 ἀναπλα-

327 4119 498 4185 σθείς.
535 4119 704 4175 Τοῦτο
749 4119 857 4190 γὰρ
908 4118 1110 4191 κυρίως
1143 4118 1270 4192 ἂνὴ
1319 4118 1531 4192 πλευρά
1568 4118 1775 4189 λέγοιτο
1804 4117 1899 4173 τοῦ

323 4213 503 4283 Λόγου
527 4250 544 4276 ,
589 4209 651 4265 τὸ
706 4210 922 4281 πνεῦμα
965 4209 1065 4281 τῆς
1108 4209 1365 4283 ἀληθείας
1412 4209 1476 4263 τὸ
1527 4209 1898 4281 ὲπτάμορφον,

324 4304 472 4359 κατὰ
502 4304 593 4358 τὸν
622 4303 907 4375 προφήτην
926 4319 939 4332 ο
977 4301 1070 4372 ἀφ’
1108 4294 1169 4356 οῦ
1197 4302 1491 4374 λαμϐάνων
1521 4304 1551 4357 ὁ
1592 4301 1726 4368 Θεὸς
1757 4302 1899 4358 κατὰ

323 4396 429 4467 τὴν
462 4394 715 4449 ἔκστασιν
747 4392 839 4449 τοῦ
869 4392 1127 4466 Χριστοῦ,
1154 4393 1183 4450 δ
1207 4393 1271 4465 δή
1305 4395 1420 4446 ἐστι
1454 4393 1594 4464 μετά
1616 4393 1714 4465 τὴν
1747 4395 1900 4447 ὲναν-

1986 537 2208 592 ossibus
2233 544 2287 591 et
2313 551 2378 590 ex
2421 549 2585 590 carne
2623 536 2744 606 ejus
2788 534 3081 612 Ecclesiam
3112 535 3388 592 exstitisse
3419 552 3552 591 con-

1987 627 2135 683 venit
2165 645 2179 681 :
2216 627 2375 697 cujus
2412 627 2621 681 scilicet
2666 627 2874 697 gratia,
2909 625 3101 681 relicto
3142 625 3301 681 Patre
3343 628 3435 698 qui
3466 638 3552 681 est

1988 720 2044 774 in
2072 720 2248 782 caelis,
2281 716 2563 774 descendit
2595 716 2831 773 Verbum
2868 724 2927 771 ut
2958 717 3255 773 adhmreret
3289 718 3468 782 uxori,
3497 729 3551 774 et

1967 812 2243 867 dormivit
2269 813 2531 868 exstasim
2574 811 2865 882 passionis,
2896 819 3088 878 sponte
3139 824 3239 881 pro
3291 810 3385 864 illa
3434 826 3551 865 mo—

1987 905 2176 961 rieus:
2221 902 2289 958 Ut
2324 906 2434 974 ipse
2472 902 2572 958 sibi
2603 903 2863 959 exhiberet
2917 900 3208 957 Ecclesium
3265 904 3549 972 gloriosam

1985 1006 2036 1050 et
2074 996 2494 1060 immaculatum,
2523 997 2784 1052 mundana
2801 1012 2916 1051 eam
2949 995 3158 1051 lavacra
3189 995 3258 1060 '°,
3289 996 3358 1050 ad
3391 996 3551 1066 spiri-

1991 1089 2095 1143 tale
2128 1090 2453 1160 beatumque
2481 1104 2665 1145 semen
2689 1088 3119 1161 suscipiendum,
3149 1086 3293 1159 quod
3324 1090 3548 1143 seminat

1990 1181 2107 1252 ipse
2128 1182 2484 1259 insusurrans
2515 1182 2880 1254 plautansque
2925 1183 2981 1237 in
3009 1181 3210 1248 mentis
3259 1181 3553 1251 penetrali-

1989 1277 2092 1332 bus
2124 1295 2137 1330 :
2171 1276 2412 1346 concipit
2438 1291 2566 1331 vero
2612 1282 2668 1330 et
2704 1274 2903 1329 format
2932 1279 3106 1329 instar
3136 1273 3323 1329 uxoris
3362 1272 3552 1327 Eccle-

1990 1370 2088 1434 sia,
2129 1368 2195 1423 ad
2228 1366 2590 1440 generandam
2624 1367 2875 1423 virtutem
2912 1381 2977 1421 ac
3002 1363 3406 1420 enutriendam.
3449 1362 3557 1417 Per

1987 1479 2112 1519 eum
2141 1470 2387 1532 namque
2416 1459 2638 1518 modum
2673 1461 3063 1516 conrenienter
3088 1458 3373 1528 impletur,
3409 1460 3554 1530 quod

1990 1550 2063 1604 ita
2085 1557 2407 1620 praeceptum
2449 1558 2534 1605 est
2580 1548 2625 1581 ⁵¹
2661 1566 2676 1604 :
2733 1549 2963 1605 Crescite
2997 1558 3046 1603 et
3092 1549 3520 1619 multiplicamini
3534 1565 3554 1612 ε

1990 1639 2120 1695 dum
2156 1641 2547 1711 ipsavEcclesia
2591 1656 2690 1711 per
2731 1639 2894 1698 Verbi
2922 1642 3170 1712 copulam
3209 1652 3264 1699 et
3310 1657 3558 1698 contmuo

1993 1731 2231 1795 nionem,
2262 1732 2560 1788 etiamnum
2599 1732 2776 1788 adhuc
2823 1748 2884 1789 se
2930 1734 3091 1790 nobis
3136 1734 3472 1797 inclinantis,
3503 1744 3558 1789 et

1994 1837 2091 1893 per
2140 1823 2411 1892 passionis
2451 1827 3024 1880 commemorationem
3054 1828 3317 1883 exstasim
3353 1828 3559 1884 facien-

1994 1913 2087 1975 tis,
2120 1912 2175 1965 in
2214 1914 2635 1981 magnitudinem
2659 1922 2714 1968 et
2740 1914 2991 1970 decorem
3034 1932 3100 1971 ac
3157 1918 3556 1973 multitudinem

1996 2012 2243 2071 augetur.
2274 2002 2393 2057 Non
2424 2004 2568 2058 enim
2605 2004 2763 2059 aliter
2800 2003 3044 2060 Ecclesia
3071 2008 3358 2078 concipere
3388 2010 3560 2078 possit

1995 2093 2305 2157 credentes,
2330 2103 2385 2149 et
2426 2110 2523 2165 per
2556 2095 2833 2150 lavacrum
2879 2098 3310 2167 regenerationis
3340 2114 3436 2155 eos
3475 2115 3561 2155 re-

1996 2200 2276 2259 generare,
2301 2188 2408 2241 nisi
2441 2195 2663 2258 propter
2687 2187 2790 2243 hos
2820 2203 3037 2259 quoque
3076 2188 3327 2246 Christus
3373 2206 3434 2246 se
3481 2193 3562 2261 ip-

1996 2291 2119 2332 sum
2150 2276 2469 2334 exinaniens
2518 2280 2649 2348 (quo
2693 2278 2953 2334 nimirum
2982 2295 3076 2351 per
3104 2281 3377 2350 passionis
3410 2295 3563 2336 reca-

1996 2369 2372 2439 pitulationem
2417 2368 2723 2441 capiatur),
2757 2371 3222 2442 quemadmodum
3264 2371 3512 2427 dicebam
3544 2412 3558 2434 ,

1999 2461 2378 2517 descendendo
2404 2462 2472 2517 de
2492 2450 2648 2517 caelis
2679 2477 2898 2518 rursum
2933 2463 3218 2529 moriatur,
3241 2471 3297 2519 et
3322 2464 3563 2518 adhaere-

1998 2569 2160 2610 scens
2192 2556 2351 2610 uxori
2380 2570 2492 2611 suae
2517 2553 2794 2619 Ecclesiae,
2823 2556 2930 2611 vim
2951 2555 3240 2627 quamdam
3270 2572 3335 2612 ex
3360 2573 3461 2612 suo
3485 2558 3563 2610 la-

1999 2654 2115 2701 tere
2146 2644 2493 2703 auferendam
2526 2646 2840 2717 praebuerit,
2873 2653 2932 2702 ut
2953 2658 3301 2717 augmentum
3344 2658 3563 2704 sumant

1998 2753 2188 2795 omnes
2224 2739 2317 2808 qui
2352 2740 2407 2793 in
2463 2739 2556 2793 illo
2606 2738 2981 2808 aedificantur;
3036 2740 3129 2811 qui
3180 2740 3436 2796 nimirum
3469 2756 3562 2810 per

2000 2827 2273 2883 lavacrum
2308 2837 2628 2892 nascuntur,
2686 2845 2755 2884 ex
2780 2830 3001 2885 ossibus
3052 2838 3107 2886 et
3154 2845 3219 2886 ex
3252 2846 3417 2886 carne
3441 2833 3562 2901 ejus

1999 2917 2086 2989 (ex
2113 2918 2260 2973 illius
2300 2917 2559 2973 nimirum
2606 2920 2896 2973 sanctitate
2939 2933 3115 2989 exque
3173 2919 3367 2991 gloria)
3416 2920 3563 2974 acci-

1998 3013 2232 3083 pientes.
2259 3007 2399 3065 Ossa
2430 3010 2575 3065 enim
2601 3019 2655 3066 et
2683 3025 2904 3067 carnem
2941 3009 3251 3082 Sapientiae,
3281 3013 3374 3082 qui
3416 3011 3563 3067 dicat

1999 3101 2343 3173 prudentiam
2372 3115 2496 3157 esse
2521 3109 2685 3171 atque
2717 3101 2975 3157 virtutem
2999 3145 3013 3168 ,
3063 3102 3368 3157 rectissime
3402 3100 3563 3158 dixe-

1998 3195 2106 3248 rit:
2142 3202 2347 3248 eostam
2369 3199 2573 3256 autem,
2605 3190 2969 3258 Paracletum,
3003 3191 3264 3264 Spiritum
3297 3194 3560 3259 veritatis,

1997 3303 2064 3343 ex
2092 3302 2201 3357 quo
2250 3293 2546 3349 sumentes,
2579 3287 2633 3340 in
2665 3285 3124 3357 incorruptionem
3179 3288 3566 3343 convenienter

1998 3389 2386 3449 regenerantur
2412 3378 2506 3448 qui
2536 3378 2737 3432 fuerint
2786 3378 3093 3433 illtttninati.
3140 3376 3281 3434 Fieri
3314 3394 3441 3435 vero
3468 3396 3566 3435 ne-

1998 3469 2117 3539 quit
2146 3474 2206 3519 ut
2229 3466 2515 3536 quisquam
2550 3466 2786 3536 Spiritus
2817 3467 2993 3523 sancti
3037 3468 3307 3538 particeps
3333 3468 3424 3557 fiat
3447 3512 3464 3535 ,
3509 3477 3566 3525 et

1998 3558 2301 3613 membrum
2330 3556 2533 3612 Christi
2581 3565 2942 3629 aggregetur,
2974 3557 3081 3612 nisi
3126 3559 3279 3629 prius
3337 3556 3392 3614 in
3447 3561 3565 3632 ipso

1996 3664 2215 3720 quoque
2268 3664 2389 3704 sese
2445 3648 2735 3704 demittens
2782 3648 3014 3704 Verbum
3064 3650 3269 3705 exstasi
3304 3649 3444 3705 facta
3472 3655 3568 3709 ob-

1996 3740 2301 3806 dormierit,
2330 3748 2389 3795 ut
2421 3740 2828 3796 renovationem
2854 3747 2907 3795 et
2937 3739 3387 3799 instaurationem
3412 3784 3427 3809 ,
3473 3760 3568 3814 pa-

1997 3834 2133 3889 riter
2161 3849 2192 3889 e
2214 3845 2407 3890 somno
2435 3846 2733 3901 exsurgens
2760 3845 2884 3885 cum
2911 3845 2999 3897 eo,
3027 3832 3122 3902 qui
3165 3848 3264 3903 pro
3310 3835 3428 3905 ipso
3471 3837 3572 3891 ob-

1997 3924 2277 3989 dormivit,
2308 3923 2711 3979 reformationis
2760 3923 2998 3993 Spiritus
3043 3927 3318 3995 percipere
3374 3932 3570 3999 possit.

1997 4014 2049 4072 ls
2071 4016 2213 4071 enim
2242 4014 2460 4087 proprie
2480 4012 2642 4069 Verbi
2674 4021 2826 4069 costa
2855 4014 3088 4081 dicatur,
3112 4017 3438 4087 septifortnis
3464 4022 3572 4076 sci-

2000 4109 2125 4165 licet
2146 4110 2390 4164 veritatis
2417 4107 2676 4180 Spiritus,
2699 4107 2858 4177 juxta
2886 4107 3206 4178 prophetam
3247 4109 3327 4171 ";
3359 4112 3427 4166 de
3459 4129 3568 4183 quo

1999 4203 2275 4273 accipiens
2305 4201 2463 4266 Deus,
2495 4208 2616 4271 post
2643 4198 2849 4255 Christi
2877 4200 3174 4265 exstasim,
3218 4213 3568 4274 posteaquam

1997 4295 2205 4352 Scilicet
2231 4293 2395 4349 homo
2424 4294 2601 4349 factus
2625 4307 2689 4348 ac
2712 4300 2960 4349 mortuus
3007 4307 3123 4358 est,
3175 4310 3296 4365 qua:
3340 4311 3463 4350 eum
3500 4299 3572 4352 sit

1998 4388 2252 4460 adjutura
2291 4386 2588 4442 fabricatur
2618 4403 2632 4439 :
2664 4399 2858 4455 nempe
2881 4384 2956 4439 illi
2985 4393 3199 4456 aptatas
3244 4401 3306 4441 ac
3337 4386 3572 4457 despon-

323 4484 611 4560 ορώπησιν
656 4485 751 4540 καὶ
794 4485 856 4538 τὸ
887 4484 1090 4549 πάθος,
1120 4483 1220 4555 τὴν
1270 4482 1497 4554 βοηθὸν,
1537 4481 1683 4554 αύτῷ
1730 4500 1900 4539 κατα-

2001 4493 2095 4536 sas
2130 4478 2359 4534 animas.
2408 4476 2591 4533 Multis
2646 4478 2790 4534 enim
2836 4474 2970 4532 locis
3021 4490 3193 4531 sacra:
3221 4477 3412 4533 litterae
3437 4491 3573 4533 con-

326 4578 590 4642 σκευάζει
608 4595 621 4608 ·
642 4577 788 4646 λέγω
808 4577 873 4649 δὴ
896 4578 994 4642 τὰς
1028 4577 1379 4650 ἡρμοσμένας
1406 4575 1554 4648 αὐτῷ
1579 4576 1672 4630 καὶ
1704 4593 1898 4646 νενυμ-

323 4672 607 4748 φευμένας
646 4670 845 4743 ψυχάς.
882 4671 1038 4724 Ἐστι
1082 4670 1191 4741 γὰρ
1239 4669 1327 4724 ὅτε
1353 4669 1634 4741 πολλαχῶς
1678 4669 1811 4723 αὐτὸ
1836 4669 1899 4722 τὸ

320 4766 602 4835 ἄθροισμα
628 4764 718 4818 καὶ
747 4764 809 4816 τὸ
848 4761 1034 4832 στίφος
1060 4761 1168 4816 τῶν
1202 4763 1644 4817 πεπιστευκότων
1673 4761 1896 4832 Ἐκκλη-

324 4859 457 4915 σίαν
485 4854 656 4920 οῦτως
677 4854 1029 4926 ὀνομάζουσιν
1061 4856 1117 4908 αἱ
1147 4853 1381 4926 Γραφαὶ,
1405 4854 1512 4908 τῶν
1547 4854 1896 4926 τελειοτέρων

324 4950 476 5010 κατά
531 4930 809 5022 προκοπὴν
841 4949 921 5013 είς
958 4947 1015 5001 ἓν
1057 4947 1348 5020 πρόσωπον
1382 4947 1476 5001 καὶ
1514 4946 1675 5019 σῶμα
1706 4947 1765 5001 τὸ
1797 4946 1895 5016 τῆς

334 5043 666 5114 Ἐκκλησίας
697 5041 1061 5111 ἀναγομένων.
1098 5043 1158 5095 Οἱ
1187 5041 1286 5113 μὲν
1317 5040 1426 5113 γὰρ
1453 5040 1758 5113 κρείττονες
1802 5038 1896 5095 καὶ

321 5138 650 5216 τρανότερον
689 5134 993 5199 σπάσαντες
1031 5134 1131 5207 ἤδη
1164 5135 1266 5207 τὴν
1304 5134 1558 5206 ἀλήθειαν
1581 5172 1597 5199 ,
1626 5127 1768 5190 οὗτοι
1806 5133 1895 5186 διὰ

317 5236 426 5306 τὴν
473 5228 682 5283 τελείαν
739 5226 1001 5299 κάθαρσιν
1033 5228 1128 5280 καὶ
1179 5227 1359 5280 πίστιν
1405 5223 1893 5298 ἀποπειρωθέντες

316 5327 434 5382 τῶν
480 5321 577 5391 τῆς
627 5318 829 5391 σαρκὸς
862 5318 1228 5390 ἀτοπημάτων
1253 5358 1270 5383 ,
1312 5317 1607 5389 Ἐκκλησία
1655 5316 1894 5386 γίνονται

276 5464 279 5467 .
320 5416 419 5473 καὶ
451 5410 643 5482 βοηθὸς
672 5407 767 5462 τοῦ
796 5407 1052 5481 Χριστοῦ,
1085 5407 1350 5481 παρθένος
1371 5407 1593 5480 ὥσπερ,
1635 5407 1772 5462 κατὰ
1800 5408 1892 5460 τὸν

331 5503 677 5568 Ἀπόστολον,
704 5500 850 5573 αὑτῷ
894 5500 1332 5573 καθηρμοσμένοι
1376 5519 1436 5554 τε
1476 5503 1569 5555 καὶ
1597 5516 1895 5571 νενυμφευ-

322 5602 515 5675 μένοι,
549 5594 806 5666 ἵνα,ντὴν
838 5593 1083 5666 καθαρὰν
1123 5595 1222 5667 τῆς
1256 5593 1600 5657 διδασκαλίας
1633 5590 1893 5656 ὑποδεξά-

431 5783 479 5815 ”
522 5779 709 5848 Epltes.
752 5796 815 5840 v,
843 5777 932 5835 27.
961 5776 1062 5832 ‘26.
1139 5778 1181 5809 "
1226 5777 1351 5833 Gen.
1411 5793 1448 5845 ιο,
1495 5778 1578 5833 l8.
1656 5777 1699 5809 "
1742 5774 1854 5829 lsa.
1905 5788 1982 5839 ιι,
2018 5772 2072 5827 2.

496 5876 759 5934 Ριτιιοι.
793 5876 907 5933 Gtt.
944 5873 1170 5934 XVIII.

2003 4569 2369 4641 grcgationem
2417 4569 2588 4638 ipsam
2639 4578 2948 4636 caelumque
2977 4565 3213 4623 fidelium
3266 4569 3346 4622 sic
3385 4567 3571 4624 Eccle-

2000 4666 2137 4719 siam
2170 4662 2451 4716 nominant
2469 4700 2486 4727 ,
2541 4660 2670 4716 dum
2698 4662 2956 4717 nimirum
2986 4660 3335 4732 perfectiores
3363 4662 3434 4718 ob
3458 4664 3573 4718 vir-

2004 4752 2136 4807 tutis
2166 4751 2471 4822 profectum
2504 4751 2559 4804 in
2587 4766 2751 4806 unam
2782 4766 3069 4822 personam
3105 4766 3170 4807 ac
3217 4768 3418 4824 corpus
3472 4755 3573 4811 Ec-

2000 4845 2178 4900 clesite
2203 4844 2530 4900 referuntur.
2552 4842 2685 4899 Nam
2713 4846 2989 4911 meliores,
3018 4854 3072 4900 et
3113 4847 3207 4918 qui
3249 4846 3362 4916 jam
3407 4848 3575 4919 liqui-

2001 4940 2127 4995 dius
2157 4940 2439 4995 veritatem
2467 4948 2850 5012 perceperunt,
2877 4939 2929 4996 lti
2973 4956 3085 5011 pra:
3116 4940 3357 5012 perfecta
3403 4958 3570 5015 quam

2003 5033 2180 5103 adepti
2201 5040 2350 5098 sunt,
2379 5032 2643 5089 mundiiie
2669 5044 2723 5088 et
2748 5033 2872 5095 fide,
2889 5037 3072 5090 carnis
3099 5034 3385 5090 libidinum
3410 5039 3574 5092 steri-

2001 5126 2080 5182 les
2124 5140 2187 5179 ae
2237 5125 2524 5190 vitiorum,
2583 5126 2786 5183 Christi
2834 5125 3079 5182 Ecclesia
3129 5129 3286 5199 eique
3334 5128 3571 5199 adjutrix

2003 5216 2171 5280 fiunt;
2220 5218 2312 5287 qui
2339 5217 2568 5288 virginis
2599 5218 2656 5273 in
2692 5233 2895 5273 morem
2923 5259 2938 5281 ,
2988 5227 3049 5272 ut
3079 5219 3372 5289 Apostolus
3407 5220 3574 5289 loqui-

2000 5318 2089 5363 tur
2117 5309 2183 5374 ⁵³,
2208 5309 2284 5363 illi
2311 5310 2478 5379 aptati
2505 5311 2615 5365 sint
2634 5319 2798 5381 atque
2839 5312 3119 5382 desponsi,
3157 5323 3213 5366 ut
3247 5326 3383 5381 puro
3410 5320 3574 5382 atque

2000 5405 2165 5459 feraci
2192 5404 2457 5460 doctrina:
2489 5414 2748 5478 suscepto
2776 5408 3000 5464 semine.
3033 5411 3413 5472 conperentur,
3447 5420 3575 5473 pro-

1999 5513 2167 5569 pensa
2195 5512 2299 5567 ope
2327 5496 2394 5552 ad
2428 5499 2763 5569 reliquorum
2809 5500 3035 5571 salutem
3084 5493 3452 5566 praedicationi
3498 5497 3581 5552 fa-

2000 5590 2193 5647 vendo.
2228 5589 2330 5657 Qui
2368 5597 2549 5644 autem
2580 5589 2882 5661 imperfecti
2919 5587 3095 5641 adhuc
3146 5592 3200 5636 et
3249 5583 3460 5640 tirones
3491 5588 3579 5647 di.

2151 5775 2193 5806 ’³
2238 5773 2297 5827 II
2329 5772 2451 5829 Cor.
2512 5789 2587 5841 xt,
2626 5774 2683 5829 2.

3252 5856 3290 5916 3
