4056 6302
484 424 550 480 τε
1430 421 1486 477 5.
1533 421 1859 503 .‘dEZTllODlI
1895 422 2201 480 EPlSCOPl
2242 425 2327 479 ET
2372 426 2730 482 MARTYRIS
3667 426 3739 483 ’ἕΰ

483 545 731 615 sciplinis
759 545 1022 615 incipiunt
1070 545 1259 607 imbui,
1294 544 1347 597 bi
1377 546 1871 615 a'perl'ectioribus.
1913 559 1970 602 ut

2125 608 2129 616 ,
2161 568 2313 621 μενοι
2341 552 2435 604 καὶ
2463 552 2684 623 γόνιμον
2728 553 2933 623 σπορὰν
2955 594 2966 615 ,
3005 555 3376 625 συνεργήσωσι
3414 552 3739 624 βοηθοῦντες

483 643 769 703 matribus,
803 639 1176 708 parturiuntur
1207 645 1368 706 atque
1403 639 1710 693 formantur
1733 681 1747 703 ,
1795 641 1967 695 donec
1995 653 2049 695 et

484 733 558 784 illi
603 740 814 785 maturo
846 739 1001 801 partu
1032 732 1198 795 editi,
1257 732 1311 785 in
1352 732 1567 788 virtutis
1618 734 2044 803 magnitudinem

482 839 547 877 ac
575 825 740 878 decus
776 835 1164 893 regenerentur
1197 843 1211 880 :
1252 839 1316 878 ac
1349 841 1542 879 rursus
1571 826 1672 894 ipsi
1703 842 1918 896 quoque
1954 842 2048 896 per

481 915 731 970 idoneum
766 914 1068 985 profectum
1105 917 1344 971 Ecclesia
1376 917 1525 981 facti,
1552 918 1619 973 ad
1655 918 1885 973 aliorum
1920 933 2045 988 par-

480 1017 592 1060 tum
620 1007 1111 1077 educationcmque
1143 1010 1434 1064 liberorum
1465 1023 1686 1079 operam
1717 1008 2001 1062 conferant
2027 1049 2043 1072 ,

478 1099 610 1153 uteri
645 1099 783 1163 vice,
807 1100 861 1154 in
884 1115 1012 1155 vase
1039 1102 1232 1156 anima:
1253 1141 1270 1165 ,
1322 1103 1657 1157 voluntatem
1698 1099 1861 1155 Verbi
1900 1100 2046 1154 nulla

474 1208 612 1248 noxa
642 1194 707 1248 ad
738 1195 1105 1263 maturitatem
1132 1196 1514 1267 perducentes.
1620 1173 1640 1194 ’

2153 642 2231 713 τῷ
2262 642 2573 714 κηρύγματι
2609 643 2743 714 πρὸς
2772 643 2998 715 τὴντῶν
3031 644 3231 697 λοιπῶν
3265 644 3555 715 σωτηρίαν.
3587 645 3649 697 Οἱ
3675 644 3735 698 δὲ

2155 732 2365 796 ἀτελεῖς
2393 733 2470 785 ἔτι
2493 733 2587 787 καὶ
2613 733 2984 805 ἀπαρχόμενοι
3014 733 3120 787 τῶν
3155 733 3492 804 μαθημάτων
3520 736 3597 796 εἰς
3624 750 3735 785 σω-

2150 826 2345 895 τηρίαν
2365 826 2641 880 ὡδίνονται
2668 827 2761 879 καὶ
2785 827 3133 897 μορφοῠνται,
3155 826 3341 897 ὥσπερ
3364 827 3469 878 ύπο
3494 827 3731 896 μητράσι

2153 917 2288 987 πρὸς
2316 916 2425 969 τῶν
2461 917 2845 989 τελειοτέρων,
2882 917 2992 970 ἔστ’
3033 916 3098 969 ἂν
3148 915 3547 987 ἀποκυηθέντες
3595 916 3728 967 ἁνα-

2152 1010 2482 1081 γεννηθῶσιν
2514 1011 2593 1074 εἰς
2624 1009 2854 1080 μέγεθος
2876 1010 2970 1062 καὶ
3001 1008 3196 1072 κάλλος
3225 1009 3431 1080 ἀρετῆς
3453 1026 3466 1039 ·
3498 1009 3593 1062 καὶ
3623 1010 3728 1062 πά-

2152 1101 2236 1154 λιν
2270 1097 2336 1156 αὗ
2384 1101 2526 1155 κατά
2577 1102 2859 1172 προκοπὴν
2899 1101 3194 1172 Ἐκκλησία
3234 1104 3328 1155 καὶ
3375 1098 3519 1156 οὗτοι
3569 1119 3728 1169 γεγοερ

2152 1191 2337 1255 νότες,
2386 1193 2464 1255 εἰς
2495 1191 2695 1262 ἐτέρων
2739 1191 2897 1244 τόκον
2946 1191 3332 1263 ὑπουργήσωσι
3375 1189 3581 1243 τέκνων
3629 1191 3724 1244 καὶ

469 1288 805 1362 ἀνατροφὴν,
839 1290 1053 1358 μήτρας
1083 1288 1261 1358 δίκην,
1295 1290 1353 1340 ὲν
1381 1286 1460 1358 τῷ
1489 1287 1680 1358 δοχείῳ
1707 1286 1807 1357 τῆς
1838 1286 2035 1359 ψυχῆς,
2074 1282 2136 1337 τὺ
2148 1282 2371 1354 θέλημα
2403 1283 2899 1355 τελεσφορήσαντες
2930 1282 3207 1354 ἀλώϐητον
3239 1280 3329 1335 τοῦ
3363 1283 3557 1351 Λόγου.

1412 1425 1541 1481 CAP.
1569 1424 1662 1479 1X.
1700 1423 1902 1481 Gratia:
1935 1425 2224 1480 a’conomia
2248 1425 2301 1478 in
2324 1422 2498 1477 Paulo
2526 1421 2787 1493 apostolo.

538 1560 1007 1619 Considerandum
1024 1561 1167 1615 enim
1187 1566 1246 1614 ut
1261 1566 1315 1613 et
1333 1559 1386 1614 in
1402 1560 1603 1631 inclyte
1618 1558 1785 1614 Paulo
1807 1574 1927 1615 sese
1953 1575 2040 1615 res

469 1654 741 1710 habuerit.
769 1654 905 1707 Cum
937 1654 1079 1707 enim
1116 1652 1160 1705 is
1204 1651 1444 1705 nondum
1490 1652 1547 1705 in
1594 1651 1814 1706 Christo
1863 1649 2042 1719 perfe-

467 1759 592 1803 ctus
620 1756 786 1809 esset,
819 1753 1108 1817 generatur
1139 1745 1371 1814 primum
1405 1754 1569 1814 atque
1596 1745 1850 1808 luctatur,
1876 1758 2040 1798 evan-

2233 1557 2658 1627 Ἐπισκέψασθαι
2692 1557 2799 1628 γὰρ
2833 1557 2936 1628 χρὴ
2964 1558 3057 1610 καλ¹
3088 1556 3155 1609 τὰ
3192 1557 3328 1611 κατά
3361 1559 3451 1611 τὸν
3480 1560 3721 1632 ἀοίδιμον

2148 1651 2378 1705 Παῦλον.
2409 1652 2529 1704 Ὅτι
2554 1650 2715 1702 ὁπότε
2755 1649 2963 1702 οὐδέπω
2998 1649 3198 1713 τέλειος
3226 1646 3467 1723 οὗτοςῆν
3492 1654 3550 1706 ἐν
3579 1655 3720 1726 Χρι-

2148 1741 2276 1812 στῷ,
2314 1743 2566 1809 γεννᾶται
2606 1740 2868 1812 πρότερον
2911 1741 3006 1794 καὶ
3038 1740 3400 1810 γαλουχεῖταιι
3438 1744 3722 1814 saria"

468 1842 658 1911 gelicis
689 1840 1030 1894 documentis
1059 1839 1337 1893 imbuente
1362 1852 1425 1890 ac
1452 1853 1549 1906 per
1571 1838 1837 1907 baptisma
1861 1840 2021 1906 ipsuu

2144 1835 2369 1906 ζομένου
2397 1836 2486 1887 καὶ
2512 1833 2949 1898 ἀνακαινίζοντος
2968 1835 3128 1888 αὑτὸν
3158 1836 3398 1889 ’Δνανίου
3421 1837 3497 1904 τῷ
3523 1837 3721 1907 βαπτί-

468 1943 765 1988 renovante
792 1933 1023 1995 Anania,
1059 1933 1200 1984 sicut
1230 1931 1285 1984 in
1314 1930 1541 1984 Actibus
1586 1929 1812 1983 historia
1865 1928 2041 1984 couti-

468 2036 560 2082 uet
584 2029 648 2077 ".
679 2027 746 2078 At
791 2025 880 2079 ubi
914 2023 1089 2077 factus
1131 2033 1275 2077 esset
1305 2023 1408 2087 vir,
1451 2023 1673 2091 jamque
1717 2021 2035 2084 aediﬁcatus,

465 2117 695 2187 spiritali
730 2117 938 2171 scilicet
969 2113 1302 2184 perfectione
1332 2130 1530 2169 novum
1554 2113 1843 2175 formatus,
1872 2112 2036 2165 etiam

463 2208 680 2278 adjutor
713 2219 764 2263 et
799 2222 1000 2276 sponsa
1036 2203 1195 2258 Verbi
1223 2207 1512 2266 evasisset,
1544 2205 1637 2275 qui
1671 2206 1793 2257 vitae
1827 2203 2035 2257 semina

461 2310 514 2353 et
541 2300 873 2370 suscepisset
909 2306 962 2353 et
995 2298 1343 2365 concepisset
1379 2317 1390 2351 :
1425 2305 1581 2361 tunc,
1610 2297 1704 2364 qui
1737 2295 1852 2363 ipse
1884 2294 2035 2363 prius

460 2391 643 2447 infans
666 2395 974 2451 exstiterat,
1010 2389 1252 2444 Ecclesia
1282 2396 1590 2457 parensque
1618 2385 1868 2447 ellicitur,
1914 2399 2036 2454 par-

462 2485 672 2536 turiens
696 2490 750 2534 et
776 2483 891 2550 ipse
921 2495 1016 2534 eos
1045 2480 1137 2549 qui
1164 2479 1284 2547 ejus
1308 2493 1472 2547 opera
1504 2476 1737 2530 Domino
1773 2473 2034 2530 credidis-

461 2590 603 2642 sent,
638 2579 813 2633 donec
845 2576 900 2629 iu
935 2574 1041 2627 illis
1066 2586 1283 2642 quoque
1307 2570 1573 2626 fotunatus
1604 2569 1855 2624 Christus
1881 2586 2035 2640 pare-

460 2679 631 2727 retur.
672 2668 858 2721 Filioli
906 2665 1075 2729 enim,
1108 2664 1284 2732 inquit
1303 2663 1372 2724 ⁸⁵,
1406 2663 1526 2724 mei,
1551 2677 1679 2732 quos
1707 2662 1896 2715 iterum
1917 2678 2034 2730 par-

461 2766 625 2826 turia,
650 2762 814 2816 donec
833 2760 1090 2830 formetur
1112 2754 1357 2811 Christus
1374 2755 1428 2807 in
1448 2753 1610 2808 vobis.
1640 2753 1703 2807 Et
1721 2737 1917 2808 rursus
1939 2755 1985 2786 "
2014 2772 2027 2809 :

462 2859 528 2911 In
561 2856 773 2912 Christo
800 2854 937 2908 enim
968 2851 1095 2905 Jesu
1124 2864 1216 2917 per
1245 2846 1590 2918 Evangelium
1620 2862 1714 2917 ego
1743 2861 1832 2900 eos
1855 2847 2027 2915 genui.

527 3034 665 3089 llinc
715 3032 879 3102 igitur
914 3037 1172 3100 apparet,
1206 3026 1273 3082 ad
1306 3024 1586 3081 Christum
1629 3031 1683 3079 et
1730 3022 2028 3079 Ecelesiam

457 3127 647 3185 referri
675 3142 794 3197 quae
837 3127 900 3177 de
931 3123 1038 3176 Eva
1069 3132 1231 3192 atque
1275 3119 1485 3173 Adamo
1520 3116 1816 3187 Scriptura:
1848 3119 2028 3175 verbis

2145 1946 2328 2000 σματι,
2364 1928 2544 1992 καθὼς
2579 1930 2634 1982 ὲν
2667 1930 2787 1990 ταῖς
2826 1928 3094 1999 Πρὰξεσιν
3129 1929 3161 1999 ἠ
3195 1929 3404 2001 ἱστορία
3448 1931 3713 2003 περιέχει.

2143 2020 2269 2072 Ὅτε
2301 2018 2358 2072 δὲ
2392 2018 2637 2090 ἠνδρώθη
2668 2019 2761 2072 καὶ
2788 2018 3129 2091 ᾠκοδομήθη,
3157 2020 3257 2091 ἤδη
3292 2023 3372 2084 εἰς
3402 2021 3715 2094 τελειότητα

2137 2109 2510 2181 πνευματικὴν
2556 2109 2941 2173 ἁναπλασθεὶς,
2985 2113 3078 2164 καὶ
3129 2110 3320 2183 βοηθὸς
3368 2114 3711 2187 ἀπειργάσθη

2138 2203 2231 2254 καὶ
2255 2201 2438 2272 νύμφη
2472 2201 2564 2254 τοῦ
2595 2203 2787 2271 Λόγου,
2810 2203 2876 2256 τά
2906 2202 3193 2275 σπέρματα
3224 2206 3320 2277 τῆς
3347 2205 3489 2277 ζωῆς
3514 2208 3711 2261 ἀποδε-

2138 2292 2368 2364 ξάμενος
2407 2295 2501 2346 καὶ
2534 2294 2810 2348 συλλαϐών
2832 2314 2844 2325 ·
2881 2297 3182 2366 τηνικαῦτα
3214 2298 3241 2351 ὁ
3276 2300 3537 2370 πρότερον
3567 2319 3706 2373 χρη-

2140 2387 2370 2455 ματίσας
2400 2388 2608 2441 παιδίον
2652 2388 2945 2459 Ἐκκλησία
2978 2390 3185 2457 γίνεται
3220 2390 3315 2443 καὶ
3349 2392 3550 2464 μήτηρ,
3584 2394 3678 2445 ὡδί

2134 2494 2238 2529 νων
2273 2477 2366 2530 καὶ
2411 2479 2571 2542 αὐτὸς
2604 2483 2728 2542 τοὺς
2755 2480 2820 2532 δι’
2855 2480 3018 2533 αὑτοῦ
3063 2480 3140 2551 τῷ
3180 2478 3368 2551 Κυρίῳ
3417 2498 3707 2536 πεπιστευ-

2135 2570 2317 2634 κότας,
2351 2570 2462 2623 ἔστ’
2501 2570 2566 2625 ἂν
2600 2572 2692 2624 καὶ
2734 2574 2791 2625 ὲν
2822 2574 3029 2636 τούτοις
3071 2576 3098 2626 ὁ
3136 2574 3366 2644 Χριστὸς
3401 2577 3703 2647 μοριρωθεὶς

2134 2661 2425 2733 ἀποτεχθῇ.
2469 2663 2673 2717 Τεκνία
2704 2664 2821 2735 γάρ,
2835 2682 2975 2733 μου,
3003 2664 3187 2736 φησιν,
3220 2666 3325 2731 οὓς
3364 2666 3548 2721 πάλιν
3571 2666 3701 2720 ὠδί-

2131 2770 2234 2817 νω,
2262 2753 2432 2822 ἄχρις
2458 2749 2529 2809 οὗ
2562 2754 2844 2824 μορφωθῇ
2870 2756 3124 2823 Χριστὸς
3156 2756 3226 2808 ἐν
3266 2756 3437 2825 ὑμῖν·
3475 2758 3567 2810 καὶ
3599 2758 3700 2812 πά·-

2131 2840 2245 2895 λιν·
2285 2844 2381 2895 Ἐν
2416 2842 2525 2911 τὰρ
2549 2842 2777 2910 Χριστῷ
2816 2843 3022 2911 Ἰησοῦ
3060 2841 3156 2895 διὰ
3184 2843 3288 2897 τοῦ
3332 2846 3697 2913 Eiram-8.1.011

2129 2934 2244 3004 ἐγὼ
2274 2932 2430 3003 ὑμᾶς
2454 2933 2771 3003 ἐγέννησα.

2201 3025 2407 3079 Οὐκοῦν
2429 3025 2598 3097 ταύτῃ
2625 3026 2949 3097 συνέστηκεν
2982 3028 3060 3091 είς
3092 3028 3191 3099 τὴν
3223 3027 3543 3096 ’Ἐκκλησίαν
3566 3030 3694 3082 ἀνα-

2130 3117 2391 3188 φέρεσθαι
2417 3118 2511 3171 καὶ
2534 3118 2623 3172 τὸν
2650 3119 2880 3190 Χριστὸν
2905 3118 2964 3171 τὸ
2986 3119 3126 3172 κατὰ
3146 3120 3242 3191 τὴν
3265 3119 3406 3174 Εὕαν
3437 3120 3695 3193 θεώρημα

455 3220 698 3277 narratio
725 3218 978 3272 habetur.
1019 3213 1130 3268 Hoc
1161 3213 1305 3269 enim
1336 3227 1461 3267 vere
1486 3225 1741 3280 maguum
1769 3210 1898 3264 illud
1936 3226 2021 3265 sa-

2127 3210 2217 3262 καὶ
2275 3209 2366 3264 τὸν
2406 3210 2593 3281 Ἀδάμ.
2637 3210 2805 3264 Τοῦτο
2853 3211 2959 3282 γὰρ
2991 3210 3051 3264 τὸ
3108 3212 3247 3281 μέγα
3287 3213 3579 3285 μυστήριον
3621 3215 3694 3277 ὡς

452 3321 793 3368 cramenlum
824 3321 929 3372 est,
971 3318 1027 3362 et
1064 3305 1252 3360 mundi
1292 3320 1394 3359 usu
1427 3305 1679 3372 superius
1711 3318 1723 3352 :
1758 3302 1902 3371 quod
1928 3318 2029 3373 ego

448 3404 522 3458 ob
552 3402 978 3458 imbecillitatem
1012 3406 1067 3454 et
1097 3395 1296 3452 mentis
1337 3395 1740 3455 hebetudinem,
1774 3408 1876 3463 pro
1910 3394 2027 3462 ejus

449 3495 711 3567 dignitate
743 3501 796 3548 et
826 3489 1201 3563 magnitudine
1224 3501 1484 3543 enarrare
1512 3501 1620 3541 non
1653 3487 1802 3542 valeo
1830 3505 1842 3541 :
1875 3486 1926 3541 id
1948 3495 2028 3540 ta-

449 3602 573 3642 men
616 3585 1028 3640 connitendum.
1062 3582 1256 3637 Restat
1288 3580 1432 3635 enim
1462 3585 1521 3632 ut
1560 3593 1682 3649 quae
1726 3578 1890 3649 hujus
1917 3578 2022 3633 loci

445 3679 655 3751 reliqua
678 3687 833 3745 sunt,
866 3677 1004 3748 apud
1041 3691 1135 3730 vos
1170 3686 1460 3742 exsequar.

2130 3302 2366 3371 ἀληθῶς,
2415 3304 2511 3372 καὶ
2548 3304 2939 3376 ὑπερκὸσμιον,
2973 3303 3001 3357 ὃ
3036 3302 3145 3372 ἐγὼ
3187 3305 3254 3358 δι’
3288 3306 3571 3361 ἀσθένειαν
3602 3308 3693 3362 καὶ

2128 3394 2444 3467 ἀμϐλύτητα
2500 3397 2615 3461 νοὸς
2650 3396 2769 3450 κατ’
2803 3395 2958 3460 ἀξίαν
3003 3413 3063 3449 τε
3098 3396 3192 3450 καὶ
3244 3398 3470 3472 μέγεθος
3521 3402 3692 3453 εἰπεῖν

2126 3487 2399 3541 ἀδυνατῶσ
2448 3491 2596 3561 ὅμως
2645 3490 2688 3544 δ’
2751 3485 2843 3543 οὖν
2900 3492 3296 3561 ἐπιχειρητέον.
3350 3492 3543 3561 Λέγειν
3586 3493 3689 3564 γὰρ

2125 3575 2388 3648 ἑπόμενον
2446 3578 2510 3633 ἂν
2573 3578 2657 3649 εἴη
2721 3578 2904 3632 λοιπὸν
2966 3578 3028 3650 δὴ
3082 3580 3175 3633 καὶ
3235 3581 3301 3634 τὰ
3364 3581 3490 3651 ἑξῆς
3555 3584 3688 3655 πρὸς

2122 3672 2289 3742 ὑμᾶς.

1306 3807 1436 3863 CAP.
1468 3804 1535 3862 Χ.
1572 3805 1827 3876 Ejusdem
1849 3808 2078 3877 apostoli
2105 3807 2346 3863 doctrina
2380 3810 2444 3864 de
2468 3813 2803 3869 castimonia.

508 3956 711 4012 Paulus
759 3955 956 4027 igitur,
1011 3954 1080 4009 ad
1127 3953 1550 4009 sanctimoniam
1602 3960 1657 4007 et
1710 3952 2016 4008 castitatem

440 4060 669 4105 cunctos
693 4060 1018 4117 provocans,
1038 4046 1093 4098 in
1115 4045 1259 4101 hunc
1280 4045 1524 4109 modum,
1553 4060 1673 4115 qum
1697 4045 1761 4098 ad
1781 4045 2014 4114 primum

443 4142 714 4196 hominem
747 4147 799 4193 et
828 4137 991 4190 Evam
1017 4145 1284 4208 spectant,
1317 4139 1553 4194 secunda
1577 4137 2015 4194 consideratione

441 4247 718 4303 sensuque
746 4232 799 4285 in
824 4230 1105 4285 Christum
1134 4231 1404 4286 direxitct
1437 4231 1760 4295 Ecclesium,
1787 4247 1896 4303 quo
1930 4233 2014 4285 in-

439 4326 618 4382 doctis
668 4341 731 4380 os
770 4323 1096 4385 Obstrueret,
1128 4337 1348 4377 omnem
1392 4322 1501 4378 illis
1531 4333 1848 4394 praetextum
1898 4324 2013 4377 adi-

440 4434 594 4474 mens
623 4424 678 4472 et
704 4414 1133 4471 excusationem.
1162 4413 1424 4482 lmpudici
1455 4416 1597 4469 enim
1627 4431 1689 4471 ac
1733 4414 2011 4471 libidinosi

437 4511 704 4571 imiuines,
740 4509 810 4562 ob
842 4506 1039 4561 nimios
1079 4506 1132 4559 in
1161 4506 1239 4560 eis
1264 4506 1606 4575 voluptatum
1640 4506 1820 4561 ﬂuxus
1849 4522 1912 4561 ac
1943 4507 2010 4560 il-

2206 3954 2262 4008 Ὀ
2293 3955 2400 4027 γάρ
2445 3972 2525 4009 τοι
2558 3955 2803 4021 Παῦλος,
2850 3963 2929 4023 είς
2979 3961 3247 4033 ἀγιασμὺν
3294 3962 3687 4033 ἐκκαλούμενος

2123 4046 2327 4108 πάντας
2359 4046 2452 4098 καὶ
2502 4043 2875 4119 σωφροσύνην,
2903 4050 3076 4125 ταύτῃ
3099 4051 3158 4105 τὸ
3188 4051 3326 4105 κατὰ
3361 4054 3449 4106 τὸν
3478 4055 3687 4127 πρωτό⁸

2122 4132 2355 4186 πλαστον
2383 4137 2476 4189 καὶ
2512 4135 2609 4207 τὴν
2641 4136 2818 4202 Εὕαν,
2867 4140 2961 4193 καὶ
3009 4140 3263 4213 δευτέραν
3309 4144 3680 4214 έπαπόρησιν,

2118 4228 2198 4291 εἰς
2231 4228 2462 4299 Χριστὸν
2490 4230 2807 4299 ἀνηκόντισε
2835 4232 2927 4285 καὶ
2955 4234 3053 4304 τὴν
3084 4235 3427 4307 Ἐκκλησίαν,
3460 4238 3593 4309 πρὸς
3622 4238 3680 4292 τὲ

2115 4321 2241 4383 τοὺς
2291 4321 2726 4392 ἀνεπιστήμονας
2786 4328 3222 4394 κατασιγᾶσθαι,
3276 4332 3681 4400 γυμνουμένους

2118 4414 2457 4483 προφάσεων.
2493 4413 2992 4481 Ἀκολασταίνοντες
3026 4419 3132 4490 γὰρ
3167 4420 3251 4473 διὰ
3282 4421 3379 4484 τὰς
3412 4423 3681 4496 ὑπερϐαλ-

2115 4502 2311 4567 λούσας
2347 4503 2528 4576 ῥύσεις
2561 4506 2617 4557 ὲν
2648 4507 2828 4569 αὐτοῖς
2859 4508 2966 4562 τῶν
3011 4509 3372 4579 ἡδυπαθειῶν,
3408 4515 3556 4586 παρά
3588 4517 3679 4567 τὸν

438 4600 695 4659 lecelu-as.
725 4599 886 4653 etiam
919 4595 1218 4666 Srripturis
1250 4597 1353 4649 vim
1380 4597 1588 4653 inferre
1624 4609 1914 4663 conantur,
1952 4606 2010 4653 ut

2125 4595 2387 4666 Ξρθόδοξον
2422 4595 2698 4666 βιάζεσθαι
2740 4599 2976 4670 τολμῶσι
3017 4599 3271 4672 λογισμὸν
3314 4604 3411 4667 τὰς
3438 4605 3674 4677 Γραράς,

436 4704 690 4758 perverso
729 4704 825 4743 eas
868 4702 1032 4742 sensu
1067 4693 1361 4757 exponant,
1404 4703 1467 4742 ac
1503 4699 1758 4760 tanquam
1802 4692 2001 4745 vallum

435 4778 787 4833 defendenda:
848 4778 1254 4832 incontinentiae
1306 4778 1424 4835 illas
1480 4780 1821 4847 obtendant;
1886 4789 1999 4836 tum

432 4867 576 4934 quod
601 4865 675 4919 ita
696 4866 922 4921 habetur
938 4867 982 4899 ⁸⁷
1018 4886 1031 4920 :
1069 4866 1132 4920 Et
1165 4866 1300 4921 dixit
1333 4868 1473 4923 Deus
1496 4868 1770 4926 :‘Crescite
1793 4881 1841 4925 et
1872 4873 2009 4926 mut-

433 4957 773 5025 tiplicamini;
819 4967 930 5012 tum
969 4958 1099 5013 illud
1143 4960 1288 5014 aliud
1329 4960 1377 4993 ⁸⁸
1412 4960 1675 5031 :Propter
1713 4964 1808 5018 hoc
1842 4965 1999 5019 relin-

428 5058 549 5120 quet
593 5049 747 5105 homo
792 5059 994 5121 patrem
1025 5061 1074 5105 et
1115 5061 1356 5109 matrem.
1404 5052 1591 5124 Neque
1641 5056 1789 5126 ipsos
1836 5057 1999 5126 pudet

429 5141 695 5213 Spiritum
725 5143 1005 5197 incursare
1031 5144 1430 5216 adversumque
1459 5147 1569 5215 ire;
1612 5149 1704 5204 sed
1736 5156 1993 5219 tanquam

429 5238 481 5289 in
520 5237 622 5291 boc
661 5235 796 5301 nati,
839 5237 933 5306 qui
965 5236 1142 5291 adhuc
1169 5236 1454 5293 foveantur
1477 5254 1546 5294 ac
1571 5240 1993 5309 insideant,con-

427 5330 773 5400 cupiscentiie
820 5328 1059 5384 fomitem
1091 5328 1216 5383 ﬂatu
1249 5347 1413 5402 prope
1440 5335 1740 5389 eventilarrt
1774 5350 1837 5390 ac
1867 5336 1994 5389 titil-

430 5420 726 5475 lationibus
775 5420 1163 5475 reaccendunt.
1197 5421 1377 5486 Quare
1421 5423 1557 5479 satis
1581 5425 1780 5479 acriter
1806 5426 1992 5479 dolosa

427 5513 538 5566 haec
562 5520 616 5568 et
651 5513 884 5583 maligna
916 5511 1157 5583 ipsorum
1189 5514 1417 5568 consilia
1448 5518 1814 5586 quaesitosque
1852 5532 1994 5587 prae-

424 5612 600 5658 lo'XlUS
632 5606 937 5667 excutiens,
963 5618 1086 5681 cum
1109 5619 1174 5658 co
1205 5606 1566 5674 processisset
1591 5615 1647 5661 ut
1676 5610 1992 5677 prs-scribe-

425 5703 504 5746 rat
545 5710 648 5763 qua
695 5696 906 5750 ratione
955 5695 1102 5749 viros
1151 5697 1415 5752 uxoribus
1457 5699 1531 5751 uti
1571 5701 1888 5765 condeceat,
1928 5716 1991 5755 ac

482 5874 521 5905 "
564 5873 677 5928 Λα,
722 5890 794 5942 ιτ,
838 5879 886 5934 7.
997 5885 1041 5917 ³⁸
1075 5884 1191 5940 Sat.
1230 5902 1298 5950 tv,
1349 5885 1428 5940 19.

2110 4686 2297 4758 ὥσπερ
2316 4687 2489 4758 ἔρυμα
2508 4691 2981 4761 προανατεὶνοντες
2998 4695 3282 4764 ἀκρασίας,
3308 4698 3366 4750 τό
3389 4716 3465 4752 τε“
3497 4704 3539 4753 Ε
3543 4697 3676 4755 ἷκεν

2109 4783 2140 4833 ό
2166 4782 2363 4845 ’Θεός’
2412 4781 2759 4846 Λὺξάνεσθε
2810 4784 2909 4837 καὶ
2967 4784 3378 4853 πληθύνεσθε·
3438 4794 3529 4846 καὶ
3580 4796 3671 4858 τὸ,

2110 4872 2354 4926 Ἕνεκεν
2384 4874 2594 4926 τούτου
2620 4876 2964 4944 καταλείψει
2990 4879 3297 4948 ἄνθρωπος
3325 4883 3431 4937 τὸν
3454 4886 3674 4955 πατέρα

2104 4968 2201 5019 καὶ
2241 4965 2355 5033 τὴν
2386 4965 2645 5034 μητέρα·
2694 4967 2813 5020 οὐδὲ
2865 4970 3207 5040 αἰσχύνονται
3255 4977 3673 5047 κατατρέχοντες

2102 5057 2196 5112 τοῦ
2246 5059 2558 5129 Πνεύματος
2578 5078 2591 5091 ⁸
2622 5060 2736 5115 ἀλλ’
2784 5061 2972 5134 ὥσπερ
3005 5065 3098 5117 ἐπὶ
3148 5065 3320 5137 τούτῳ
3352 5071 3632 5136 γεγονότες
3657 5121 3668 5141 ,

2098 5153 2460 5223 ὲντυφύμενον
2498 5152 2576 5204 ἔτι
2613 5153 2706 5205 καὶ
2731 5152 3098 5208 ὲνθωκεύοντα
3131 5155 3219 5211 τὸν
3252 5153 3464 5230 οἶστρον
3509 5162 3672 5232 ἀναρ-

2100 5242 2427 5313 ῥιπίζουσιν,
2475 5242 2795 5309 ἐξάπτοντες
2823 5244 3147 5315 ἐρεθισμοῖς.
3190 5248 3278 5301 Διὸ
3308 5250 3370 5321 δὴ
3399 5252 3493 5304 καὶ
3529 5253 3669 5322 μάλα

2089 5333 2334 5405 δριμέως
2362 5334 2460 5398 τὰς
2484 5334 2809 5415 ὲπικλόπους
2827 5337 3030 5401 ταύτας
3052 5339 3228 5393 αὐτῶν
3258 5344 3668 5414 καταφροσύνας

2097 5441 2158 5475 τε
2186 5425 2283 5477 καὶ
2316 5425 2694 5496 πεποιημένας
2720 5429 3017 5499 προφάσεις
3049 5431 3350 5501 ἐκκόπτων,
3387 5434 3553 5488 ἐλθὼν
3590 5439 3663 5499 εἰς

2099 5515 2160 5567 τὸ
2185 5516 2557 5583 διατάξασθαι,
2597 5517 2715 5582 πῶς
2745 5519 2851 5572 δέοι
2888 5522 3288 5594 προσφέρεσθαι
3317 5526 3442 5589 τοὺς
3474 5527 3665 5598 ἄνδρας

2097 5610 2216 5672 ταῖς
2248 5608 2480 5676 γυναιξί,
2504 5611 2954 5683 ἀποφηνάμενος,
2988 5615 3069 5667 ὅτι
3096 5614 3268 5679 οὕτως
3294 5615 3480 5689 ὥσπερ
3513 5618 3607 5672 καί
3642 5623 3666 5673 ἑ

2053 5706 2057 5709 ’
2097 5701 2331 5770 Χριστὸς
2353 5704 2416 5772 τῇ
2484 5701 2815 5775 Ἐκκλησία,
2856 5705 3073 5760 ἐαυτέν
3123 5707 3483 5776 παίαδίὸςὺς
3528 5711 3664 5783 ὑπὲρ

1507 5886 1551 5917 ’δ
1594 5885 1621 5940 1
1660 5886 1785 5943 Cor.
1847 5905 1918 5951 tv,
1960 5890 2042 5947 15.
2120 5892 2163 5925 ⁸⁷
2204 5890 2325 5949 Ceu.
2384 5909 2443 5960 ιι,
2490 5892 2573 5949 13.
2648 5897 2695 5927 ⁸⁵
2737 5897 2841 5950 it-‘ia
2905 5898 2987 5953 ΞΜ.
