4056 6302
355 390 421 444 77
1439 387 1818 445 CONVIVIUM
1863 389 2085 446 DECEM
2122 385 2474 448 ViRGlNUM.
3511 392 3578 448 78

353 508 546 580 αὐτῆς,
589 510 690 564 ἵνα
727 511 922 578 αὐτὴν
951 509 1170 579 ἁγιάσῃ
1206 512 1536 580 καθαρίσας
1571 511 1653 578 τῷ
1683 514 1911 580 λουτρῷ

2017 515 2446 584 pronuntiasset,
2478 517 2558 572 sie
2595 511 2848 570 nimirum
2881 523 3018 570 utet
3057 512 3310 572 Christus
3355 531 3470 585 ipse
3519 509 3580 573 si:

351 601 461 656 τοῧ
487 601 704 668 ὕδατος
727 603 797 655 ἐν
817 602 1036 672 ῥήματι
1054 619 1068 634 ·
1097 603 1395 674 ἀνέδραμεν
1433 605 1512 668 είς
1547 603 1645 675 τὴν
1675 605 1714 656 Γ
1716 605 1911 668 ένεσιν,

2013 608 2204 676 gessit,
2237 609 2329 678 qui
2365 625 2418 662 se
2453 610 2621 678 ipsum
2653 625 2752 677 pro
2785 607 3024 662 Ecclesia
3069 609 3309 670 tradidit,
3359 619 3414 662 ut
3464 627 3580 664 eam

353 695 708 766 ἒπιμνησθεὶς
735 695 844 749 τῶν
873 697 998 767 περὶ
1023 696 1114 750 τὸν
1136 695 1558 766 πρωτόπλοιστον
1581 697 1779 768 ῥητῶν,
1804 699 1911 765 ἐξο-

2016 699 2372 766 saneti/icaret
2414 708 2462 752 et
2499 699 2773 753 mundaret
2805 699 3014 753 lavacro
3057 715 3206 768 aqua:
3243 701 3296 754 in
3328 699 3478 754 ret-bo
3507 701 3580 764 δ’,
3674 705 3694 726 ⁸

358 783 601 854 μαλίζων
637 787 718 848 είς
749 785 838 838 τὸν
887 785 1242 856 προκείμενον
1283 784 1428 855 αὑτῷ
1471 787 1566 838 καὶ
1607 786 1746 840 αὐτὰ
1793 787 1911 841 νοῦν

2015 793 2249 846 recurrit
2277 792 2342 846 ad
2375 791 2648 855 Genesim,
2674 809 2859 849 eorum
2888 809 3006 862 qum
3029 792 3138 847 illic
3168 793 3234 847 de
3279 794 3455 862 primo
3484 793 3582 847 ho-

353 877 454 948 τῆς
497 876 836 941 ὑποθέσεωςο
879 878 1022 940 ὅπως
1061 877 1134 948 μὴ
1167 877 1422 948 παράσχῃ
1453 877 1622 950 λαϐὴν
1657 881 1770 942 τοῖς
1823 897 1911 933 κε-

2017 882 2166 937 mine
2198 881 2457 937 dicuntur
2479 886 2805 939 mentionem
2838 885 3124 946 inducens,
3150 898 3324 952 exque
3351 883 3582 954 subjecti

356 968 607 1038 φαλαίοις
669 969 1108 1042 καταχρήσασθαι
1163 967 1370 1030 τούτοις
1419 969 1556 1033 τοὺς.
1595 969 1922 1041 πρεσϐεύον-

353 1080 456 1127 τας
486 1102 501 1125 ,
559 1061 823 1136 προφάσει
881 1064 1225 1131 τεκνογονίας
1246 1103 1262 1128 ,
1329 1064 1597 1136 σωμάτων
1657 1078 1922 1134 παρατρι-

355 1154 477 1219 ϐάς.

2024 973 2329 1040 argumenti
2357 975 2624 1029 sententia
2652 975 2766 1030 haec
2789 975 2974 1030 eadem
2999 989 3303 1044 exponens,
3327 990 3396 1030 ne
3423 991 3583 1044 quam

2027 1064 2200 1118 sacris
2238 1064 2344 1119 illis
2373 1064 2556 1118 verbis
2586 1063 2840 1120 abutendi
2884 1065 3224 1119 occasionem
3254 1063 3324 1118 iis
3353 1066 3588 1134 praebeat

2024 1153 2140 1223 qui,
2183 1155 2477 1210 liberorqu
2511 1155 2970 1225 procreandorum
3002 1159 3283 1224 praetextu,
3315 1153 3467 1210 hisce
3491 1168 3589 1214 ve-

2023 1247 2204 1302 nereis
2231 1247 2510 1302 immorari
2541 1247 2758 1302 docent.

1467 1361 1596 1421 Car.
1631 1364 1723 1420 Xl.
1753 1366 1829 1421 De
1853 1367 2033 1422 eodem
2065 1379 2394 1440 argumento.

441 1486 830 1557 Ἐπισκέψασθε
882 1486 1024 1560 γὰρ,
1053 1489 1134 1543 ὅτι
1165 1493 1488 1562 σωφρονεῖν,
1536 1485 1580 1545 ὦ
1627 1491 1917 1562 παρθένοι,

360 1579 500 1631 κατὰ
530 1579 728 1650 κράτος
759 1579 926 1633 θέλων
959 1583 1083 1644 τοὺς
1112 1583 1560 1649 πεπιστευκότας,
1601 1583 1686 1636 διὰ
1712 1584 1919 1638 πολλῶν

355 1673 535 1734 αὐτοῖς
564 1673 877 1744 τεκμηρίων
910 1673 1270 1744 ὑπεμφαίνειν
1319 1676 1572 1747 πειρᾶται
1605 1674 1666 1728 τὸ
1705 1676 1918 1747 ἀξίωμα

353 1765 450 1836 τῆς
471 1767 716 1834 ἁγνείας,
745 1767 838 1820 ὁτὲ
874 1767 993 1837 μὲν,
1033 1767 1171 1834 Περὶ
1199 1767 1268 1821 δὲ
1315 1762 1404 1821 ὧν
1440 1767 1738 1838 enode-ad
1773 1786 1876 1838 μοι
1899 1807 1914 1831 ,

353 1857 545 1926 λέγων,
579 1860 783 1914 Καλὸν
827 1859 1114 1928 ἀνθρώπῳ
1145 1862 1430 1930 γυναικὸς
1462 1861 1550 1931 μὴ
1588 1861 1874 1916 ἅπτεσθαι
1899 1879 1912 1892 ο

351 1947 572 2001 αὐτόθεν
603 1949 816 2014 δεικνὺς
857 1951 958 2022 ἤδη
1007 1951 1315 2022 περιφανῶς
1336 1991 1350 2015 ,
1383 1953 1446 2005 τὸ
1479 1953 1553 2024 μὴ
1588 1951 1917 2024 προσψαύειν

348 2039 605 2106 γυναικὸς
651 2036 790 2094 εἶναι
823 2041 1006 2106 καλὸν,
1053 2043 1324 2112 προτάξας
1356 2043 1486 2096 αὐτὸ
1535 2045 1627 2099 καὶ
1659 2045 1920 2117 προεκθέ-

352 2147 512 2200 μενος
545 2131 958 2204 ἀπολελυμένους
979 2151 992 2162 °
1018 2130 1136 2188 εἶτα
1175 2133 1272 2206 τὴν
1301 2135 1580 2191 ἀσθένειαν
1613 2133 1768 2202 αὖθις
1801 2155 1922 2192 συν-

353 2225 478 2281 ιδὼν
508 2228 603 2280 καὶ
630 2226 727 2298 τὴν
761 2228 1096 2282 ὑπέκκαυσιν
1125 2229 1234 2281 τῶν
1281 2230 1675 2302 ἀκρατωτέρων
1711 2231 1809 2302 τὴν
1842 2233 1922 2296 είς

352 2318 666 2381 συνουσίαν,
702 2319 1044 2391 συνεχώρησε
1087 2323 1198 2384 τοῖς
1249 2321 1322 2393 μὴ
1373 2321 1689 2392 δυναμένοις
1733 2323 1920 2395 ἄρχειν

355 2409 557 2480 σαρκὸς
611 2411 842 2482 χρῆσθαι
891 2416 1010 2474 ταῖς
1057 2412 1263 2466 ἑαυτῶν
1305 2414 1552 2486 ὁμεύνοις
1595 2415 1832 2486 μᾶλλον,
1884 2416 1916 2486 ἢ

355 2502 805 2572 παρεισπίπτοντας
833 2503 1152 2574 ἀσχημόνως
1181 2506 1456 2575 ἐκκεῖσθαι
1481 2508 1606 2578 περὶ
1639 2509 1912 2577 πορνείας.

367 2592 584 2663 Ἀμέλει
620 2592 758 2664 μετὰ
794 2593 856 2647 τὸ
887 2596 1173 2666 ἐπιτρέψαι
1203 2597 1374 2652 ταῦτα
1404 2598 1603 2663 εὐθέως
1629 2601 1915 2672 παρήγαγε

353 2684 476 2738 τάδε
501 2700 514 2715 ·
555 2686 677 2739 Ἵνα
707 2685 794 2755 μὴ
847 2685 1086 2756 πειράζῃ
1112 2687 1268 2757 ὑμᾶς
1307 2693 1340 2743 ό
1373 2689 1638 2756 σατανίἱς
1665 2691 1762 2746 διὰ
1805 2691 1919 2760 τὴν

355 2777 676 2845 ἀκρασίαν.
716 2780 890 2852 Ὅπερ
927 2781 1107 2833 ἐστίν’
1143 2781 1205 2833 Ei
1255 2779 1327 2852 μὴ
1367 2780 1625 2846 δύνασθε,
1670 2775 1716 2834 ὦ
1747 2774 1914 2846 οὗτοι,

357 2870 672 2924 παντάπασι
709 2872 1004 2942 σωφρονεῖν
1032 2870 1120 2925 διὰ
1153 2871 1252 2943 τὴν
1279 2871 1552 2943 ὑγρότητα
1590 2870 1700 2926 τῶν
1733 2873 1919 2944 σωμά-

322 2973 479 3018 των.
528 2961 802 3032 ἐπιτρέψω
845 2954 1042 3034 μᾶλλον
1090 2965 1208 3027 ταῖς
1242 2963 1388 3033 σφῶν
1421 2963 1598 3017 αὐτῶν
1643 2969 1916 3020 κοινωνεῖν

351 3055 648 3122 γαμεταῖςο
709 3053 794 3107 ἵνα
853 3053 948 3125 μὴ.
997 3055 1090 3108 καὶ
1125 3056 1448 3126 ἐγκράτειαν
1489 3055 1915 3123 ἐπαγγέλλεσθαι

351 3143 714 3214 νομιζόμενοι,
763 3145 1096 3218 πειράζησϐε
1130 3146 1364 3217 συνεχῶς
1411 3147 1516 3201 ὑπὸ
1551 3148 1643 3202 τοῦ
1678 3147 1912 3222 πονηροῦ

349 3235 430 3296 είς
463 3233 746 3307 ἀλλοτρίας
773 3235 1176 3307 ἐκφλεγόμενοι.

2091 1493 2445 1550 Considerate
2471 1493 2637 1552 enim.
2669 1508 2704 1548 o
2749 1493 3000 1564 virgines.
3033 1501 3092 1547 ut
3140 1493 3364 1548 omnino
3391 1493 3586 1549 etiam-

2024 1601 2131 1655 que
2159 1593 2320 1656 atque
2344 1587 2506 1640 etiam
2541 1585 2725 1640 fideles
2761 1585 2826 1639 ad
2858 1587 3158 1640 castitatem
3186 1583 3444 1639 inducere
3472 1593 3585 1638 sat-

2024 1691 2210 1746 agens,
2249 1692 2343 1746 per
2371 1677 2536 1730 multa
2562 1683 2876 1747 argumenta
2899 1676 3007 1730 illis
3052 1674 3330 1730 insinuare
3355 1685 3585 1730 conetur

2023 1767 2142 1834 ejus
2180 1768 2582 1836 praestantiam;
2611 1776 2670 1820 ut
2699 1782 2822 1821 cum
2853 1771 3012 1824 modo
3052 1768 3128 1821 ait
3167 1767 3246 1822 ‘°:
3283 1767 3361 1820 De
3395 1766 3582 1838 quibus

1953 1897 1993 1951 1.,
2025 1869 2196 1912 autem
2225 1859 2510 1928 scripsistis
2533 1859 2696 1912 mihi:
2733 1859 2934 1913 Bonum
2956 1876 3069 1914 esse
3092 1861 3287 1914 homini
3314 1859 3583 1914 mulierem

2022 1963 2123 2000 non
2173 1955 2420 2016 tangere;
2457 1947 2582 2001 inde
2611 1948 2722 2016 jam
2773 1948 2919 2002 clare
2947 1949 3261 2011 ostendens,
3296 1949 3582 2004 honestum

2021 2051 2145 2089 esse
2174 2049 2280 2087 non
2327 2036 2585 2090 accedere
2629 2035 2698 2090 ad
2742 2051 2987 2104 uxorem,
3031 2053 3156 2092 cum
3200 2040 3302 2094 hoc
3337 2040 3582 2094 absolute

2021 2127 2428 2196 praestrinxisset
2463 2142 2526 2181 ac
2555 2127 2944 2196 proposuisset.
2989 2128 3209 2190 Deinde,
3252 2129 3583 2186 infirmitatis

2023 2219 2274 2274 humana:
2299 2221 2575 2282 conscius,
2600 2230 2898 2290 iustumque
2927 2221 3298 2278 vehementem
3327 2230 3583 2290 reputans

2019 2328 2129 2383 quo
2167 2311 2637 2381 intemperatiorcs
2680 2312 2733 2367 in
2767 2314 2968 2368 coitum
3009 2315 3315 2383 rapiuntur,
3347 2329 3455 2368 non
3489 2329 3586 2366 va-

2021 2406 2257 2462 lentibus
2279 2419 2496 2459 carnem
2530 2420 2594 2459 ex
2624 2405 2851 2474 imperio
2872 2420 3144 2468 coercere,
3169 2405 3282 2460 suis
3304 2407 3483 2475 potius
3505 2406 3582 2459 uti

2019 2496 2280 2550 uxoribus
2314 2495 2577 2564 permisit,
2609 2512 2772 2566 quam
2803 2503 2862 2550 ut
2893 2495 3147 2551 indecore
3176 2495 3230 2549 in
3263 2494 3582 2552 fornicarios

2018 2602 2347 2657 congressus
2397 2586 2762 2644 efiundantur.
2809 2586 3050 2658 Denique
3077 2587 3157 2642 sic
3190 2587 3326 2641 facta
3366 2587 3452 2642 illa
3499 2595 3582 2642 in-

2018 2675 2320 2747 dulgentia,
2356 2693 2480 2732 mox
2510 2677 2653 2732 istud
2685 2677 2884 2747 adjecit
2911 2679 2951 2710 '"
2981 2695 2995 2732 :
3029 2677 3111 2732 Ne
3137 2683 3292 2732 tentet
3324 2693 3410 2732 vos
3428 2678 3584 2732 Sata-

2020 2787 2136 2833 nas,
2164 2780 2378 2840 propter
2424 2771 2856 2825 incontinentiam
2893 2779 3140 2826 vestram.
3171 2769 3329 2836 Quod
3355 2781 3438 2826 est
3469 2789 3485 2826 :
3522 2769 3579 2826 Si

2019 2878 2124 2916 non
2161 2863 2412 2933 potestis,
2447 2864 2583 2920 heus
2616 2880 2733 2926 vos,
2767 2864 2990 2919 omnino
3017 2865 3072 2920 in
3102 2867 3350 2920 castitate
3379 2866 3577 2928 vivere,

2017 2963 2238 3025 propter
2287 2957 2533 3010 inolitam
2571 2957 2894 3026 corporibus
2927 2957 3034 3010 vim
3068 2957 3331 3021 libidinis,
3376 2957 3582 3013 suadeo

2017 3061 2081 3101 ac
2104 3047 2294 3101 hortor
2313 3056 2368 3100 ut
2384 3049 2582 3104 vestris
2599 3049 2780 3118 potius
2802 3048 3063 3104 uxoribus
3084 3051 3482 3112 consuescatis,
3513 3067 3580 3104 ne

2016 3137 2144 3192 dum
2176 3138 2416 3208 profiteri
2450 3139 2704 3193 videmini
2731 3139 3140 3203 continentiam,
3173 3141 3450 3195 tentemini
3498 3157 3582 3196 as-

1943 3242 1985 3298 c
2017 3231 2172 3286 sidue
2199 3246 2228 3284 a
2259 3233 2402 3286 malo
2437 3233 2700 3294 dmnmnc,
2734 3231 2802 3286 ad
2834 3233 3128 3288 alienarum
3164 3233 3448 3288 mulierum
3477 3249 3578 3288 cu-

2019 3323 2296 3394 piditatem
2323 3323 2660 3382 inflammati.

961 3439 1086 3494 Car.
1112 3439 1226 3494 XII.
1256 3413 1459 3496 Paulus
1483 3431 1654 3496 viduis
1673 3441 1990 3511 exemplum,
2020 3441 2158 3496 etiis
2183 3443 2272 3514 qui
2292 3441 2546 3497 uxoribus
2575 3460 2674 3498 non
2698 3451 2982 3498 merentur.

417 3555 551 3627 Φέρε
577 3555 686 3627 γὰρ
715 3555 852 3610 αὐτὰ
883 3557 1111 3627 κείμενα
1142 3557 1518 3628 διαορήσωμεν
1564 3557 1912 3628 ἐπιμελέστε-

354 3664 444 3720 ρον
465 3662 483 3680 °
529 3650 611 3704 ὅτι
663 3651 734 3722 μὴ
781 3649 1190 3720 ἁπολελυμένως
1228 3653 1256 3704 ὁ
1305 3652 1620 3716 Ἀπὸστολος
1654 3649 1911 3704 ἐπένευσε

347 3739 522 3793 ταῦτα
567 3745 677 3804 τοῖς
709 3740 940 3807 πολλοῖς,
975 3742 1108 3796 ἀλλὰ
1146 3743 1399 3812 προσθεὶς
1425 3743 1522 3815 τὴν
1566 3745 1743 3799 αἰτίαν
1780 3744 1912 3817 πρό-

349 3847 546 3903 τερον,
594 3831 660 3884 δι’
691 3832 758 3902 ἢν
814 3834 892 3895 είς
949 3832 1105 3886 τοῦτο
1147 3834 1420 3906 παρήχθη.
1475 3837 1912 3908 Ἀποφηνάμενος

347 3921 500 3990 γοῦν,
534 3923 738 3977 Καλὸν
775 3917 926 3977 εἶναι
969 3922 1253 3992 ἀνθρώπῳ
1291 3926 1570 3994 γυναικὸς
1613 3928 1698 3996 μὴ
1735 3927 1912 3982 ἄπτε-

347 4018 522 4077 σθαι,
575 4014 776 4081 εὐθέως
839 4017 1158 4087 παρήγαγε·
1215 4015 1320 4070 Διά
1371 4015 1438 4070 δὲ
1480 4020 1584 4084 τὰς
1634 4023 1914 4087 πορνείας

346 4105 603 4172 ἕκαστος
629 4107 742 4175 τὴν
765 4107 980 4162 ἑαυτοῦ
1011 4106 1263 4176 γυναῖκα
1287 4105 1486 4176 ἐχέτω.
1514 4109 1788 4174 Τουτέστι,
1824 4111 1910 4165 διὰ

347 4197 445 4269 τὴν
465 4197 706 4269 ἀνάγκην
729 4199 826 4269 τῆς
847 4199 1122 4268 πορνείας,
1155 4201 1202 4252 εἰ
1235 4201 1309 4270 μὴ
1334 4199 1527 4272 φέρετε
1552 4199 1796 4266 κολάζειν
1816 4202 1910 4274 τὴν

347 4292 557 4365 ἡδονήν.
589 4291 697 4346 Kal
725 4289 954 4360 ἑκάστη
985 4290 1139 4362 γυνὴ
1175 4292 1282 4346 τὸν
1311 4292 1463 4346 ἴδιον
1490 4292 1680 4362 ἄνδρα
1707 4292 1905 4364 ἐχέτω.

353 4384 434 4453 Τῇ
491 4387 729 4456 γυναικὶ
783 4388 816 4439 ὁ
865 4384 1020 4453 ἀνὴρ
1071 4384 1187 4454 τὴν
1239 4384 1493 4454 ὀφειλὴν
1545 4385 1871 4440 ἀποδιδότω
1891 4405 1904 4417 ·

349 4479 560 4547 ὁμοίως
585 4477 652 4532 δὲ
700 4479 797 4532 καὶ
838 4479 876 4548 ἡ
927 4477 1077 4548 γυνὴ
1115 4477 1195 4544 τῷ
1250 4478 1440 4547 ἀνδρί.
1502 4481 1570 4534 'H
1608 4479 1762 4549 γυνὴ
1801 4479 1908 4534 τοῦ

2085 3558 2197 3627 Age
2220 3559 2385 3620 cnim,
2418 3565 2729 3614 contextum
2759 3559 2938 3630 ipsum
2980 3559 3290 3630 diligentius
3323 3559 3580 3630 inspicia-

2017 3663 2160 3710 mus,
2196 3663 2260 3703 ac
2299 3649 2650 3724 observemus
2683 3665 2789 3702 non
2833 3649 2914 3703 sic
2945 3646 3190 3704 absolute
3221 3651 3574 3720 haec-passim

2017 3740 2270 3794 omnibus
2303 3739 2621 3808 Apostolum
2653 3740 3017 3803 concessisse,
3053 3741 3144 3796 sed
3179 3741 3386 3807 adjecta
3425 3743 3576 3812 prius

2016 3846 2181 3886 causa
2211 3847 2278 3886 ex
2306 3846 2414 3902 qua
2443 3831 2506 3884 ad
2538 3829 2588 3884 id
2624 3831 2850 3886 adactus
2873 3841 2976 3886 est.
3005 3831 3138 3886 Cum
3165 3833 3346 3903 itaque
3375 3835 3428 3888 in
3463 3835 3576 3890 hmc

2020 3925 2185 3978 verba
2219 3923 2541 3978 sententiam
2581 3921 2808 3978 dixisset
2837 3923 2920 3978 ⁶²;
2972 3923 3176 3978 Bonum
3222 3942 3333 3980 esse
3376 3925 3576 3981 homini

2021 4015 2299 4097 mulierem.
2320 4031 2424 4068 non
2448 4023 2689 4085 tangere,
2722 4015 2901 4070 statim
2934 4011 3214 4086 subjunxit
3235 4017 3280 4050 ⁸³
3308 4034 3322 4071 :
3352 4017 3576 4090 Propter

2017 4108 2418 4175 fornicationem
2458 4117 2629 4162 autem
2662 4110 3010 4180 unusquisque
3045 4127 3198 4165 suam
3235 4126 3449 4168 uxorem
3477 4115 3574 4168 ha-

2019 4201 2154 4252 beat.
2182 4197 2306 4254 Hoc
2348 4207 2452 4264 est,
2489 4209 2709 4271 propter
2749 4199 3124 4260 fornicationis
3167 4207 3570 4269 necessitatem,

2017 4286 2062 4341 si
2102 4287 2432 4356 voluptatem
2472 4291 2724 4345 cohibere
2745 4305 2852 4345 non
2877 4292 3178 4350 sustinetis.
3213 4292 3277 4346 Et
3319 4311 3573 4364 unaqueu-

2015 4395 2112 4446 que
2146 4379 2334 4434 mulier
2360 4385 2628 4449 proprium
2658 4384 2824 4436 virum
2857 4382 3064 4439 habeat.
3103 4383 3268 4440 Uxori
3308 4388 3388 4441 vir
3423 4387 3570 4442 debi-

2015 4481 2124 4524 tum
2153 4469 2360 4534 reddat,
2401 4471 2646 4525 similiter
2677 4483 2726 4528 et
2761 4489 2896 4528 umor
2933 4477 3063 4529 viro.
3114 4475 3307 4532 Mulier
3334 4479 3417 4531 sui
3452 4494 3571 4531 eor-

350 4570 509 4626 ιὸἰου
558 4571 828 4641 σώματος
874 4571 984 4626 οὐκ
1022 4569 1348 4636 ἐξουσιάζει
1371 4611 1387 4634 ,
1451 4573 1588 4628 ἀλλ’
1637 4577 1670 4627 δ
1723 4572 1904 4642 ἀνήρ.

2013 4565 2154 4632 poris
2181 4571 2485 4632 potestatem
2522 4579 2625 4617 non
2664 4563 2834 4628 habet,
2869 4567 2958 4620 sed
2991 4569 3100 4631 uir;
3139 4569 3386 4624 similiter
3409 4579 3458 4624 et
3493 4571 3573 4623 vir

349 4663 562 4733 ὁμοίως
587 4662 654 4716 δὲ
699 4663 797 4716 καί
848 4665 882 4717 ὁ
935 4663 1090 4732 ἀνὴρ
1141 4663 1246 4719 τοῦ
1283 4663 1433 4718 ἰδίου
1488 4664 1760 4735 σώματος
1797 4669 1908 4720 οὐκ

347 4751 694 4818 ἐξουσιάζει,
725 4755 860 4808 ἀλλ’
893 4755 934 4821 ἡ
964 4753 1135 4824 γυνή.
1174 4754 1271 4822 Μὴ
1305 4757 1682 4824 ἀποστερεῖτε
1721 4759 1908 4824 ἀλλή-

346 4849 516 4911 ⁸κους,
553 4847 606 4898 ει
627 4843 711 4913 μή
734 4862 787 4898 τι
816 4843 892 4898 ἂν
919 4845 986 4899 ἐκ
1025 4845 1347 4923 συμφώνου
1380 4846 1528 4914 πρὸς
1554 4849 1780 4916 καιράν,
1807 4849 1908 4904 ἵνα

347 4934 677 5005 σχολάζητε
703 4936 776 5005 τῇ
801 4935 1110 5006 προσευχῇ
1132 4955 1144 4968 ⁸
1179 4939 1275 4994 καί
1309 4939 1496 4992 πάλιν
1525 4940 1624 4993 ἐπὶ
1667 4941 1732 4996 τὸ
1758 4941 1904 4994 αὐτὸ

347 5027 738 5096 συνέρχεσθε,
769 5030 869 5082 ἵνα
898 5028 984 5098 μὴ
1015 5027 1251 5098 πειράζῃ
1276 5027 1431 5099 ὑμᾶς
1455 5033 1488 5084 ὀ
1515 5029 1784 5098 (ratae-dc
1805 5032 1903 5086 διὰ

346 5121 464 5190 τὴν
488 5121 802 5190 ἀκρασίαν.
838 5123 1016 5176 Τοῦτο
1039 5121 1106 5175 δὲ
1141 5121 1294 5193 λέγω
1335 5122 1484 5176 κατὰ
1521 5123 1902 5194 συγγνώμην,

345 5215 418 5266 οὺ
465 5211 592 5265 κατ’
627 5210 936 5280 ἐπιταγήν.
979 5209 1412 5281 Τεθεωρημένως
1466 5208 1522 5264 δὲ
1573 5210 1774 5280 σφόδρα
1814 5209 1908 5263 καὶ

345 5303 524 5359 τοῦτο.
559 5303 719 5357 Κατὰ
751 5301 1112 5372 συγγνώμην
1146 5301 1255 5374 γὰρ
1285 5303 1668 5373 ἐπεσημήνατο
1705 5302 1906 5372 συμϐε-

347 5393 693 5450 ϐουλευκέναι
725 5393 840 5456 νῦν,
874 5395 933 5447 οὐ
975 5393 1091 5448 κατ’
1118 5395 1380 5465 ἐπιταγήν
1401 5410 1415 5424 ο
1459 5393 1643 5464 ἐπειδὴ
1673 5393 1768 5464 τὴν
1806 5395 1902 5463 μὲν

345 5491 612 5562 ἐπιταγὴν
634 5491 726 5544 ἐπὶ
756 5489 854 5560 τῆς
884 5487 1251 5557 σωφροσύνης,
1282 5485 1377 5540 καὶ
1409 5485 1502 5539 τοῦ
1538 5485 1610 5558 μὴ
1637 5485 1902 5540 ἅπτεσθαι

344 5582 600 5649 γυναικὸς
628 5581 918 5650 λαμϐάνει·
963 5579 1060 5650 τὴν
1097 5577 1153 5632 δὲ
1185 5576 1508 5649 συγγνώμην
1549 5577 1642 5630 ἐπὶ
1680 5577 1788 5630 τῶν
1829 5579 1901 5648 μὴ

345 5672 675 5746 δυναμένων,
713 5674 788 5738 ὡς
816 5673 970 5742 ἔφην,
1013 5668 1258 5734 κολάζειν
1288 5668 1382 5740 τὴν
1427 5669 1736 5740 ἐπιθυμίαν.
1769 5671 1905 5743 Περὶ

419 5831 463 5864 ³³
505 5831 685 5884 Euhes.
731 5845 782 5882 ι’.
837 5828 924 5882 ‘26.
1004 5826 1046 5858 θ’
1091 5827 1118 5882 Ι
1161 5843 1281 5882 hor.
1319 5843 1414 5882 vn.
1453 5829 1550 5884 l."
1590 5829 1716 5882 ibid.
1755 5826 1808 5880 ὅ.

1886 5825 1928 5855 θ’
1970 5824 2076 5878 ibid
2129 5825 2167 5888 _i

2009 4655 2095 4708 sui
2123 4655 2354 4722 corporis
2391 4664 2698 4724 potestatem
2742 4671 2843 4708 non
2872 4657 3044 4718 habet,
3089 4659 3178 4714 sed
3211 4661 3418 4714 mulier.
3455 4660 3570 4714 No-

2011 4749 2102 4803 lite
2133 4749 2385 4818 fraudare
2409 4751 2646 4813 invicem,
2673 4746 2776 4803 nisi
2799 4750 2932 4820 forte
2963 4767 3029 4806 ea:
3059 4769 3312 4808 consensu
3338 4755 3406 4809 ad
3440 4765 3570 4810 tent-

2009 4856 2128 4907 pus,
2157 4850 2214 4894 ut
2243 4842 2436 4896 vacetis
2461 4843 2696 4896 orationi
2719 4858 2738 4896 :
2765 4853 2813 4896 et
2837 4844 3028 4898 iterum
3053 4847 3371 4901 revertimini
3406 4849 3459 4900 in
3486 4849 3570 4901 id-

2009 4934 2180 5002 ipsum
2209 4950 2271 4986 ne
2303 4943 2459 4989 tentet
2499 4951 2586 4989 vos
2615 4935 2846 4990 Satanas
2875 4947 3086 5007 propter
3112 4941 3566 4995 incontinentiam.

2011 5023 2126 5080 Hoc
2161 5035 2332 5080 autem
2360 5022 2477 5081 dico
2510 5027 2794 5080 secundum
2824 5028 3226 5100 indulgentiam,
3253 5050 3355 5086 non
3387 5050 3571 5088 secun-

2009 5117 2132 5171 dum
2192 5119 2466 5187 imperium
2495 5118 2562 5174 “.
2618 5117 3028 5190 Circumspecte
3077 5122 3366 5178 admodum
3425 5124 3568 5177 istud

2009 5211 2168 5264 etiam
2201 5210 2506 5279 appositum
2549 5218 2653 5265 est.
2690 5211 2988 5266 Secundum
3019 5213 3394 5284 indulgentiam
3421 5214 3566 5267 cnim

2009 5302 2324 5372 significavit
2375 5319 2434 5358 se
2470 5320 2616 5358 nunc
2639 5306 2926 5360 consilium
2961 5303 3198 5368 dedisse,
3233 5323 3338 5361 non
3370 5321 3568 5360 secun-

2007 5395 2135 5450 dum
2179 5395 2482 5466 imperium.
2514 5395 2648 5450 Nam
2691 5398 2974 5468 imperium
3017 5399 3233 5468 quidem
3281 5398 3351 5450 ibi
3387 5396 3568 5465 potius

2009 5495 2257 5556 usurpat,
2303 5487 2394 5540 ubi
2439 5489 2742 5542 castitatem
2777 5490 2987 5546 suadet.
3017 5497 3069 5542 ct
3109 5485 3254 5555 tangi
3287 5485 3567 5540 mulierem

2010 5584 2181 5640 vetat;
2218 5577 2604 5648 indulgentiam
2633 5597 2780 5640 vero,
2811 5582 2888 5634 uti
2913 5581 3180 5637 dicebam,
3216 5576 3322 5628 illis
3349 5575 3568 5634 adhibet

2009 5668 2102 5738 qui
2139 5670 2638 5738 concupiscentiam
2682 5671 2936 5725 cohibere
2964 5683 3069 5721 non
3103 5670 3349 5733 possunt.
3381 5663 3458 5718 Ae
3504 5669 3568 5724 de

2270 5824 2314 5856 ⁸³
2354 5824 2478 5879 ibid.
2520 5825 2573 5878 2.
2652 5825 2696 5856 “
2739 5823 2864 5877 ibid.
2909 5819 3023 5872 2-6.
