4056 6302
319 337 390 392 85
1407 342 1786 399 COXVIVIUM
1827 345 2054 401 DECEM
2092 343 2452 401 YlRGlNUM.

3470 343 3557 395 ἐξ

319 464 434 526 κὸς,
476 462 854 533 ἀσχημονῶσιν
889 460 1398 534 οίστρηλατούμενοι
1440 465 1539 534 τὴν
1584 465 1780 536 ψυχήν.
1829 464 1895 517 Τί

2010 465 2215 535 perciti,
2251 462 2604 534 turpitudinis
2648 458 2852 533 aliquid
2903 463 3213 515 admittant.
3250 457 3389 525 Quid
3430 474 3560 513 vero

316 555 427 627 γὰρ
446 554 830 627 παραδίδωσιν,
852 555 1224 608 ἐπισκεπτέον.
1249 557 1317 609 El
1332 554 1399 608 δέ
1425 573 1511 620 τις
1527 556 1894 626 ἀσχημονεῖν

318 648 418 700 ἐπὶ
463 645 573 715 τῆς
627 646 927 716 παρθένου
973 646 1157 701 αὐτοῦ
1193 646 1438 716 νομίζει,
1482 648 1665 719 φησὶν,
1707 649 1815 702 ἐὰν
1853 643 1894 719 ᾖ

320 735 683 807 ὑπέρακμος,
712 737 809 791 καί
846 738 1035 803 οὕτως
1063 739 1287 807 ὀφείλει
1311 738 1589 807 γενέσθαι
1614 756 1627 769 ·
1659 739 1690 792 ὃ
1733 739 1894 793 θέλει

324 829 592 883 ποιείτω·
641 831 754 898 οὐχ
820 829 1178 898 ἀμιιρτάνειθ
1218 832 1611 899 γαμείτωσαν.
1667 833 1895 896 υἰκείως

323 920 557 973 ἐνταῦθα
594 920 902 991 προκρίνων
929 920 1019 972 τὸν
1057 921 1234 990 γάμον
1259 922 1356 991 τῆς
1391 923 1774 992 ἀσχημοσύνης
1805 924 1896 975 ἐπὶ

323 1010 433 1065 τῶν
484 1011 749 1081 ἑλομένων
800 1012 899 1082 μὲν
946 1012 1316 1083 παρθενεύειν,
1361 1014 1895 1084 δυσανασχετούντων

322 1102 380 1155 δὲ
413 1102 475 1155 τὸ
506 1103 641 1173 μετὰ
668 1103 837 1157 ταῦτα
867 1104 958 1157 καὶ
989 1104 1384 1176 ἁποκαμόντων
1407 1122 1419 1135 ⁸
1464 1109 1559 1159 καὶ
1591 1107 1731 1177 λόγῳ
1775 1109 1893 1177 μὲν,

318 1195 391 1247 δι’
418 1194 550 1248 αἱδὼ
569 1195 665 1265 τὴν
692 1195 824 1266 πρὸς
859 1195 1200 1268 ἀνθρώπους,
1232 1198 1540 1268 αὐχούντων
1588 1201 1891 1269 ἐπιμένεινο

327 1287 474 1359 ἔργῳ
502 1289 577 1349 δὲ,
602 1289 719 1342 οὐδὲ
753 1289 1087 1362 μακρότερον
1125 1290 1460 1361 ὲνδιατρίῲαι
1488 1293 1793 1363 δυναμένων
1820 1294 1897 1364 τῷ

330 1380 688 1452 εὐνουχισμῷ,
730 1382 833 1435 Τὸν
865 1381 1047 1452 μέντοι
1079 1382 1188 1453 (57)
1219 1383 1658 1454 αὐτοκρατορικῴ
1686 1386 1776 1438 καὶ
1803 1388 1900 1440 αὑ-

333 1474 566 1544 θαιρέτῳ
596 1473 848 1545 κρίνοντα
879 1474 1130 1545 προθέσει
1155 1479 1338 1548 τηρεῖν
1358 1478 1457 1549 τὴν
1495 1478 1685 1531 ἑαυτοῦ
1723 1478 1898 1549 σάρκα

333 1562 614 1633 παρθένον,
640 1563 739 1617 καὶ
759 1561 845 1632 μὴ
878 1565 1099 1631 ἔχοντα
1124 1565 1414 1635 ἀνάγκην,
1451 1569 1605 1639 (ὅπερ
1650 1569 1766 1621 ὲστὶ
1791 1568 1899 1621 πά-

332 1654 420 1719 θος
452 1655 842 1727 ἐκκαλούμενον
862 1657 960 1729 τὴν
991 1659 1160 1728 ὀσφὺν
1183 1661 1261 1723 εἰς
1285 1662 1595 1715 συνουσίαν·
1631 1659 1765 1715 εἶναι
1793 1662 1901 1733 γὰρ

332 1747 421 1799 καὶ
464 1746 745 1825 διαφορὰς,
798 1749 874 1812 ὡς
907 1749 1073 1814 είκδς,
1105 1750 1373 1822 σωμάτων
1396 1752 1437 1821 ⁸)
1486 1752 1659 1823 τούτῳ
1689 1754 1903 1823 διαμιλ-

328 1838 552 1909 λωμένῳ
575 1840 669 1892 καὶ
698 1839 998 1894 διαθ).ούντι
1037 1842 1131 1895 καὶ
1160 1842 1463 1907 σπουδαίως
1486 1844 1794 1914 ὲπιμένοντι
1834 1849 1900 1916 τῇ
1937 1841 1976 1893 Β

327 1929 648 2000 ἐπαγγελίᾳ,
682 1932 776 1983 καὶ
823 1931 1025 2001 ταύτην
1050 1932 1247 2004 ἄριστα
1287 1933 1772 2007 διαπεραινομένῳ,
1805 1954 1904 1989 πα-

328 2021 680 2092 ρακελεύεται
714 2023 896 2093 μένειν
918 2024 1012 2077 καὶ
1045 2028 1253 2094 τηρεῖν,
1273 2027 1340 2096 τῇ
1368 2025 1631 2099 παρθενίᾳ
1656 2027 1724 2080 τὰ
1757 2045 1906 2099 πρω-

325 2117 442 2169 τεῖα
470 2115 668 2186 νέμων.
713 2117 772 2170 '0
802 2116 912 2187 γὰρ
940 2115 1256 2187 δυνάμενος,
1285 2119 1438 2188 φησι,
1467 2121 1561 2173 καὶ
1596 2119 1906 2190 φιλοτιμού-

330 2224 489 2276 μενος
520 2210 703 2281 τηρεῖν
727 2209 826 2281 τὴν
858 2207 1052 2263 ἑαυτοῦ
1105 2208 1284 2280 σάρκα
1326 2210 1612 2281 παρθένον,
1660 2213 1905 2282 κρεῖττον

330 2302 502 2352 ποιεῖ⁹
526 2301 554 2352 ό
583 2300 641 2354 δὲ
683 2300 756 2373 μὴ
790 2300 1108 2371 δυνάμενος,
1144 2301 1395 2373 γαμίζων
1420 2301 1477 2354 δὲ
1507 2302 1777 2373 νομίμως,
1815 2303 1907 2356 καὶ

330 2388 408 2460 μὴ
434 2390 835 2465 λαθροερθορῶν,
885 2393 1081 2458 καλῶς.
1132 2395 1244 2448 Καὶ
1286 2395 1415 2466 περὶ
1452 2395 1548 2467 μὲν
1587 2395 1790 2449 τούτων
1820 2397 1909 2449 αὑ-

331 2480 572 2550 τάρκως.

407 2675 636 2730 Λαόἑτω
688 2677 744 2732 δὲ
802 2681 940 2751 μετὰ
1000 2684 1183 2756 χειρὸς
1219 2685 1248 2737 ό
1293 2684 1611 2755 βουλόμενος
1646 2685 1741 2756 τὴν
1776 2685 1910 2757 πρὸς

332 2768 650 2840 Κορινθίους
698 2772 1032 2846 Ἐπιστολὴν,
1069 2777 1164 2830 καὶ
1209 2776 1328 2830 καθ’
1379 2778 1605 2830 ἕκαστον
1644 2777 1909 2848 ὁμιλήσας

326 2863 444 2924 τοῖς
462 2863 963 2934 ἐγγεγραμμένοις,
994 2867 1115 2921 τότε
1134 2869 1227 2921 καὶ
1252 2868 1319 2922 τὰ
1342 2869 1433 2937 ὑφ’
1460 2868 1614 2939 ἡμῶν
1642 2867 1909 2941 λεγόμενα

327 2952 643 3021 σκεψάσθω,
692 2955 1193 3029 ἀντιπαραϐάλλων,
1247 2960 1294 3012 εί
1348 2959 1422 3032 μὴ
1459 2960 1775 3031 συμφωνίας
1807 2961 1912 3015 πά-

329 3057 432 3112 σης
470 3040 684 3112 ἔχονται
709 3046 804 3098 καὶ
836 3047 1211 3120 ὁμοφροσύνης
1246 3049 1343 3120 τῆς
1378 3049 1515 3122 πρὸς
1543 3050 1700 3104 αὑτά.
1726 3049 1912 3103 Ταῦτά

334 3149 420 3186 τοι
479 3135 618 3189 κατά
676 3137 902 3210 δύναμιν
951 3140 1091 3212 ὑπὲρ
1140 3137 1450 3210 ἁγνείας,ὧ
1502 3143 1717 3215 Ἀρετὴ,
1755 3142 1910 3213 κάγὼ

333 3228 690 3301 συνεισφέρω.

406 3320 699 3375 ΕΥΒΟΥΛ.
723 3323 934 3396 Σφόδρα
960 3325 1046 3379 διὰ
1085 3326 1317 3393 πολλῶν,
1335 3323 1379 3381 ὧ
1409 3329 1727 3402 Γρηγόριον,
1762 3332 1914 3402 μόλις

334 3415 414 3475 si;
446 3413 507 3467 τὸ
538 3415 897 3486 προκείμενον
929 3419 1180 3487 ἀφίκετο,
1231 3421 1568 3492 μακρότατον
1613 3421 1918 3495 ἀναμετρη-

334 3504 569 3575 οσμένη,
585 3506 680 3558 καὶ
703 3508 1069 3578 περαιωθεῖσα
1096 3510 1332 3580 πέλαγος
1360 3511 1555 3580 λόγων.

406 3595 603 3648 ΓΡΗΓ.
643 3597 858 3652 Ἔοικεν
873 3598 1047 3665 οὕτως
1071 3600 1243 3673 ἔχειν’
1280 3601 1395 3656 ἀλλ’
1428 3602 1521 3667 ἴθι,
1553 3603 1733 3658 καὶτὰ
1754 3604 1916 3658 λοιπὰ

332 3696 538 3767 ιρεξῆς
602 3700 1093 3769 μνημονεύσαντες,
1129 3702 1548 3773 μιμητικὼτατα
1596 3704 1914 3774 διέλθωμεν,

332 3779 410 3838 ὧν
442 3785 525 3839 ἔτι
578 3786 796 3839 ἔναυλον
830 3789 1092 3860 ἀκρόασιν
1124 3791 1267 3861 ἔχειν
1303 3811 1390 3862 μοι
1434 3793 1596 3859 δοκῶ,
1627 3795 1756 3865 πρὶν
1791 3797 1919 3849 ἀπο-

333 3877 543 3947 πτῆναι
592 3880 686 3932 καὶ
717 3879 995 3949 διαφυγεῖν
1016 3899 1029 3912 '
1060 3882 1426 3948 εύεξὰλειπτοι
1470 3886 1578 3957 γὰρ
1598 3886 1732 3939 νέων
1756 3887 1919 3940 ἀκου-

334 3971 565 4041 σμάτων
603 3972 814 4043 μνῆμαι
850 3973 1140 4043 γερόντων.

408 4060 702 4114 ΕΥΒΟΥΛ.
768 4061 926 4116 Ἀλλά
960 4062 1085 4131 λέγε
1116 4079 1129 4094 °
1157 4064 1362 4119 τούτων
1409 4065 1517 4138 γὰρ
1551 4069 1643 4122 καὶ
1669 4068 1922 4141 ἐληλύθα-

336 4167 435 4221 μεν
465 4149 718 4221 ἀσμένως
743 4151 1099 4223 ἀκουσόμενοι
1126 4152 1233 4207 τῶν
1269 4153 1459 4224 λόγων.

408 4333 608 4388 ΓΡΗΓ.
641 4332 750 4385 Nat
787 4332 882 4403 μὲν
927 4332 1013 4403 δὴ,
1043 4331 1294 4405 καθάπερ
1318 4331 1497 4399 εἶπας,
1529 4334 1666 4405 μετά
1693 4336 1753 4389 τὸ
1786 4353 1919 4390 κατ-

333 4426 569 4498 αχθῆναι
626 4423 722 4495 τὴ)
778 4422 1005 4477 Θάλειαν
1043 4423 1265 4499 δρόμοις
1301 4426 1643 4497 ἀκυμάντοις
1682 4428 1761 4490 είς
1813 4429 1910 4499 τὴν

333 4521 461 4590 γῆν,
510 4522 544 4591 ἡ
597 4517 887 4588 Θεοπὰτρα
928 4516 1123 4588 ἑφεξῆς
1167 4517 1529 4585 ἀπολαϐοῦσα,
1587 4521 1786 4593 ἑαυτὴν
1812 4519 1915 4594 ἔφη

335 4615 509 4669 εἰπεῖν
538 4610 683 4665 τάδε.
1598 4632 1608 4644 ·

410 4773 455 4804 ⁷³
482 4770 512 4825 Ι
545 4770 667 4826 Cor.
707 4786 802 4837 vn,
841 4772 934 4832 56.
1010 4773 1056 4807 ⁷³
1085 4774 1214 4827 ibid.
1262 4773 1352 4828 57.

408 4927 525 4995 (57)
564 4923 678 4999 Τὸν
698 4926 922 4996 μέντοι.
964 4928 1147 4982 Allatii
1194 4929 1385 4990 cmlex,
1416 4928 1531 4999 ipse
1594 4928 1715 4989 istis
1749 4929 1911 4983 dimi-

336 5011 528 5066 nutus,
585 4998 692 5051 alia
731 5000 880 5067 ponit
920 5002 1119 5070 quibus
1147 5000 1338 5053 innuat
1367 4998 1483 5053 eam
1518 5000 1910 5068 indulgentiam

335 5072 516 5132 Pauli,
551 5078 611 5121 ut
639 5070 732 5136 qui
770 5070 928 5123 habet
959 5074 1334 5125 necessitatem
1354 5080 1405 5124 et
1440 5073 1640 5138 patitur
1662 5071 1914 5126 stimulos

336 5160 401 5197 ac
430 5156 578 5209 aegre
614 5142 879 5203 continet,
913 5143 1226 5210 conjugium
1266 5142 1432 5205 ineat,
1459 5156 1556 5195 nec
1581 5142 1671 5195 illo
1707 5153 1910 5209 peccet,

337 5216 446 5269 illis
473 5214 747 5266 duntaxat
780 5211 1040 5278 prodeSse
1082 5213 1176 5281 qui
1223 5228 1281 5266 se
1316 5220 1442 5263 voto
1474 5228 1580 5264 non
1605 5212 1915 5265 obstrinxe-

336 5295 464 5339 runt
501 5282 698 5339 :aliis,
745 5296 843 5333 nec
900 5284 1072 5349 ipsam
1131 5284 1525 5336 necessitatem
1572 5282 1913 5336 excusationi

341 5357 479 5417 fore,
520 5370 588 5408 ne
615 5368 718 5420 suo
759 5352 858 5420 ipsi
885 5352 1095 5418 judicio
1121 5352 1466 5407 condemnati
1509 5351 1636 5406 sint.
1681 5352 1922 5407 Αὑτοκα-

335 5431 614 5500 τάκριτοι,
645 5419 754 5500 Tit.
782 5419 873 5482 ιιι,
908 5423 994 5500 ii,
1018 5423 1127 5500 ipsi
1169 5424 1271 5478 sibi
1296 5430 1797 5500 reatusaiictorcs;
1822 5424 1917 5492 qui

339 5492 460 5554 non'
510 5496 765 5551 consulta
808 5508 905 5547 sua
940 5492 1119 5547 indole
1152 5503 1205 5547 et
1254 5499 1449 5546 mentis
1486 5493 1599 5561 ipsa
1639 5494 1915 5559 lirmitate,

341 5571 517 5625 levius
558 5575 745 5621 votum
780 5564 1031 5616 emisere.
1066 5565 1175 5615 Καὶ
1218 5562 1320 5634 μὴν
1347 5564 1680 5633 αὐθαιρέτως
1714 5564 1919 5634 κρίνον-

339 5660 426 5696 ται
475 5642 523 5692 οἱ
570 5634 802 5690 τοιοῦτοι
852 5634 1001 5705 παρὰ
1044 5635 1141 5704 τὴν
1166 5634 1494 5702 ἐπαγγελίαν
1522 5634 1713 5688 αὐτῶν.
1754 5635 1918 5702 Atqui

340 5730 439 5766 sua
475 5711 574 5779 ipsi
601 5708 871 5779 volun/ulc
919 5706 972 5779 lii
1030 5705 1655 5779 tales__condemnamur,
1707 5720 1916 5770 propter

341 5774 499 5838 suurn
521 5794 718 5836 votum.
758 5775 895 5829 Velit
950 5776 1111 5846 igitur
1160 5774 1465 5829 Methodius
1500 5780 1636 5841 (sive
1664 5778 1915 5845 quisquis

342 5866 531 5911 auctor
558 5862 640 5910 est
666 5848 829 5916 hujus
848 5849 1004 5915 quasi
1030 5847 1245 5910 scholii}
1278 5846 1428 5901 Pauli
1457 5847 1913 5908 -.lispcus;.tionein

2001 558 2199 624 tradat,
2230 557 2670 613 examinandum.
2706 553 2860 620 Quod
2890 554 2934 608 si
2968 553 3083 623 quis
3114 564 3260 621 turpe
3286 550 3387 605 sibi
3414 551 3558 604 ducit

1999 653 2054 705 in
2096 652 2292 721 virgine
2334 667 2452 715 sua,
2485 650 2531 704 si
2566 659 2844 718 pm‘tereat
2874 645 3100 701 nubendi
3143 655 3360 713 tempus,
3396 652 3448 697 et
3485 644 3559 697 sic

1999 754 2201 814 oportet
2224 745 2378 811 ﬁeri;
2407 743 2542 813 quod
2570 743 2675 797 vult
2708 743 2907 811 faciat;
2940 756 3044 794 non
3085 747 3264 808 peccat
3291 754 3309 792 :
3323 738 3559 808 jungun-

2000 847 2084 889 tur
2118 836 2459 889 malrimonio
2482 837 2548 885 τ’.
2577 834 2838 904 Apposile
2885 832 2973 887 hic
3015 829 3234 901 nuptias
3266 827 3559 899 prtel‘erens

1999 928 2347 1000 turpitudini,
2391 929 2446 981 in
2493 928 2599 982 illis
2624 928 2717 994 qui
2750 932 2967 994 arrepto
2999 923 3332 995 virginitatis
3363 937 3555 992 pr0po«

2000 1025 2127 1086 sita,
2177 1038 2319 1093 a~gre
2349 1020 2543 1076 deinde
2593 1019 2772 1074 ferunt
2813 1020 3115 1089 animisque
3163 1016 3465 1083 fatiscunt;
3512 1029 3566 1072 et

1999 1130 2246 1171 sermone
2278 1113 2520 1184 quidem,
2564 1130 2674 1183 pra:
2709 1114 2947 1167 humano
2989 1111 3191 1182 pudore
3226 1112 3563 1181 propositum

2000 1221 2060 1259 se
2107 1213 2293 1258 tenere
2324 1203 2645 1272 gloriantur,
2698 1218 2756 1256 re
2803 1210 2981 1255 autent
3031 1202 3170 1270 ipsa,
3224 1216 3325 1253 nec
3371 1200 3569 1269 longis-

2001 1298 2137 1352 sime
2175 1297 2414 1351 salutare
2464 1293 2880 1349 eunuchismum
2931 1300 3180 1360 passum.
3230 1290 3333 1357 Qui
3384 1293 3565 1343 tamen

2000 1392 2172 1446 libero
2206 1390 2403 1458 suique
2446 1387 2587 1456 juris
2632 1385 2913 1456 preposito
2955 1399 3074 1438 eam
3115 1384 3214 1439 sibi
3257 1384 3428 1453 legem
3478 1385 3566 1437 in—

2000 1483 2217 1545 dixerit,
2252 1489 2310 1536 ut
2339 1494 2561 1534 carnem
2605 1492 2759 1533 suam
2812 1485 2989 1532 servet
3042 1475 3341 1546 virginem;
3381 1478 3570 1547 quique

2002 1592 2103 1629 mn
2133 1573 2282 1627 habet
2301 1569 3045 1644 necessitatem”.(libidinem
3078 1569 3288 1625 scilicet
3316 1570 3370 1622 in
3401 1586 3564 1638 copu-

2004 1667 2108 1720 lam
2141 1666 2357 1720 lumbos
2407 1662 2755 1729 ineitantem;
2786 1675 2909 1716 esse
2955 1660 3099 1716 enim
3146 1675 3244 1730 par
3267 1668 3351 1715 est
3389 1662 3569 1714 varias

2004 1772 2295 1827 corporum
2326 1755 2579 1829 indoles),
2619 1755 2748 1809 huic
2784 1752 2989 1809 Paulus
3017 1755 3248 1808 certanti
3279 1762 3440 1823 atque
3474 1771 3569 1823 pu-

2006 1851 2217 1920 gnanti,
2252 1851 2417 1919 inque
2448 1848 2791 1919 professione
2818 1854 3041 1902 strenue
3074 1846 3468 1917 perseveranti,
3507 1862 3571 1900 as

2006 1942 2240 1996 stadium
2289 1941 2391 1995 hoc
2437 1941 2696 2011 praeclare
2736 1939 3068 2003 decurrenti,
3119 1941 3321 2009 primas
3357 1939 3569 2004 tribuit,

2004 2035 2134 2088 dum
2175 2033 2373 2101 emptis
2415 2046 2636 2085 manere
2674 2044 2738 2083 ac
2769 2045 2988 2085 servare
3016 2029 3269 2083 hortatur
3303 2030 3448 2099 quod
3481 2047 3571 2095 ge-

2006 2139 2217 2180 nerosae
2254 2123 2453 2177 indolis
2506 2122 2783 2191 proposito
2822 2121 2901 2175 illi
2934 2121 3289 2176 constitutum
3337 2123 3423 2176 sit.
3468 2121 3572 2187 Qui

2006 2219 2148 2274 enim
2188 2223 2384 2286 potest,
2437 2214 2635 2285 inquit,
2679 2214 2959 2283 ambitque
3000 2229 3219 2267 carnem
3261 2228 3414 2267 suam
3459 2228 3575 2266 ser-

2006 2326 2135 2365 vare
2175 2309 2456 2379 virginem,
2508 2307 2703 2361 melius
2759 2305 2914 2372 facit;
2950 2304 3042 2372 qui
3090 2313 3271 2358 autem
3321 2320 3430 2358 non
3474 2322 3573 2373 po-

2006 2408 2136 2463 test,
2183 2399 2423 2468 legitime
2473 2404 2653 2451 autem
2701 2397 2923 2466 nuptias
2970 2395 3092 2458 init,
3126 2408 3227 2446 nec
3266 2410 3325 2447 se
3362 2394 3576 2449 furtivi:

2009 2490 2282 2546 cubilibus
2334 2489 2605 2559 inquinat,
2649 2487 2787 2541 bene
2812 2493 2867 2541 et
2906 2487 3024 2556 ipse
3071 2485 3220 2540 facit.
3268 2482 3466 2539 Verum
3510 2487 3579 2540 ds

2009 2583 2095 2638 his
2118 2583 2385 2637 hactenus
2418 2581 2574 2636 satis.

2083 2675 2275 2730 Sumat
2307 2675 2399 2745 qui
2431 2675 2576 2728 volet
2619 2673 2762 2727 hanc
2795 2671 2863 2727 ad
2896 2670 3212 2726 Corinthios
3249 2670 3401 2725 Pauli
3448 2669 3577 2739 Epi-

2011 2769 2225 2831 stolam,
2259 2774 2312 2822 et
2345 2765 2576 2837 singulis
2613 2761 2732 2833 ejus
2766 2764 2872 2818 loci
2920 2765 3169 2834 partibus
3211 2771 3466 2818 accurate
3496 2770 3579 2817 in-

2011 2864 2236 2934 spectis,
2271 2863 2386 2916 haec
2420 2877 2542 2931 quae
2578 2861 2820 2917 diximus
2855 2861 3020 2916 etiam
3066 2860 3395 2921 consideret,
3449 2859 3581 2910 alia-

2012 2972 2117 3028 que
2139 2957 2262 3011 aliis
2289 2963 2601 3025 componat,
2634 2970 2762 3009 num
2789 2970 2887 3025 per
2920 2955 3103 3008 omnia
3131 2945 3469 3006 consentiant
3500 2959 3580 3002 at-

2010 3066 2117 3122 que
2139 3056 2463 3119 congruant.
2503 3046 2627 3102 [iam
2650 3047 2747 3101 tibi
2776 3060 2873 3116 pro
2898 3045 3107 3100 viribus
3134 3046 3201 3099 de
3232 3042 3578 3105 castimonia,

2012 3157 2046 3197 ο
2070 3143 2251 3205 Arete,
2281 3156 2348 3196 ex
2379 3140 2516 3197 meis
2536 3150 2589 3195 et
2619 3139 2736 3210 ipsa
2767 3138 3075 3192 rationibus
3102 3138 3352 3194 confero.

2085 3325 2337 3381 EUBUL.
2380 3324 2553 3392 Quam
2590 3323 2774 3378 multis
2797 3364 2812 3386 ,
2845 3320 3209 3392 Gregorium;
3242 3320 3330 3372 vix
3367 3318 3584 3374 tandem

2016 3421 2197 3483 attigit
2258 3419 2640 3489 propositum,
2704 3414 3087 3486 longissimum
3145 3428 3369 3467 emensa
3425 3420 3586 3482 atque

2016 3518 2361 3578 transgressa
2393 3508 2616 3578 pelagus
2647 3506 2995 3561 sermonum!

2091 3599 2295 3655 GREG.
2337 3601 2411 3653 Ita
2460 3599 2695 3662 videtur,
2750 3606 2808 3652 ut
2852 3598 2997 3653 dicis
3028 3617 3043 3654 :
3071 3597 3164 3651 sed
3211 3612 3330 3668 age.
3381 3597 3585 3666 reliqua

2018 3697 2181 3751 etiam
2230 3701 2449 3750 servato
2481 3690 2695 3757 ordine,
2739 3698 2794 3744 et
2842 3698 2907 3743 ut
2954 3691 3293 3751 acciderunt,
3346 3691 3588 3758 vestigiis

2021 3783 2394 3856 perorantium
2441 3782 2759 3836 insistentes
2791 3794 3199 3849 percurramus,
3237 3782 3409 3835 donec
3455 3781 3586 3835 mihi

2020 3877 2231 3932 auditio
2260 3875 2350 3930 illa
2384 3875 2438 3928 in
2488 3873 2716 3927 auribus
2745 3874 3062 3943 perstrepit,
3097 3882 3389 3942 antequam
3420 3872 3588 3942 fugiat

2021 3971 2307 4037 avoletque
2334 3988 2347 4022 :
2373 3967 2532 4022 facile
2559 3966 2703 4021 enim
2732 3969 3040 4023 recordatio
3072 3982 3251 4021 rerum
3279 3966 3588 4020 auditarum

2020 4078 2084 4119 ex
2122 4063 2381 4118 memoria
2412 4062 2625 4117 deletur
2651 4077 2863 4117 senum.

2094 4155 2344 4211 EUBUL.
2388 4156 2483 4211 llic
2523 4172 2656 4212 sane
2684 4175 2701 4213 :
2727 4155 2920 4209 talium
2951 4154 3096 4211 enim
3139 4169 3452 4209 sermonum
3502 4168 3593 4207 au-

2023 4250 2231 4306 ditores
2268 4250 2451 4322 cupidi
2480 4251 2854 4307 convenimus.

2094 4342 2300 4399 GREG.
2346 4343 2452 4399 Ubi
2503 4359 2666 4415 ergo,
2724 4353 2785 4398 ut
2837 4352 2985 4398 recte
3048 4341 3303 4402 dicebas,
3355 4355 3591 4395 ¢XCUT<0

2023 4437 2318 4506 tranquillo
2367 4436 2602 4507 quodam
2654 4436 2849 4505 prolixi
2890 4435 3160 4490 sermonis
3204 4448 3443 4502 aequore.
3486 4441 3594 4482 ler—

2023 4542 2136 4581 ram
2169 4527 2461 4598 aliquando
2494 4526 2684 4580 Thalia
2713 4527 2887 4581 tenuit
2916 4546 2930 4582 :
2962 4541 3080 4581 eam
3112 4524 3418 4593 Tlieopatra
3446 4536 3596 4575 exm-

1946 4597 1988 4653 θ
2018 4617 2193 4687 piens,
2232 4632 2291 4672 se
2340 4619 2394 4673 in
2441 4616 2584 4670 hunc
2616 4616 2837 4671 modum
2870 4617 3106 4671 locutam
3149 4617 3267 4684 ipsa
3301 4611 3591 4668 referebat.

2016 4947 2125 4987 non
2176 4931 2408 4998 tollere;
2456 4934 2589 5001 quin
2646 4930 2910 4999 sacrilega
2957 4929 3210 5001 coniugia
3243 4928 3353 4983 sint
3376 4942 3590 4992 eorum,

2016 5004 2110 5073 qui
2136 5006 2249 5056 voti
2270 5000 2542 5058 castitatis
2567 5002 2666 5061 rei.
2693 5009 2951 5072 praetexta
2978 5000 3218 5073 lihidmis
3246 5002 3595 5073 necessitate,

2019 5071 2126 5127 illis
2178 5073 2390 5127 inhiant
2422 5093 2434 5127 :
2469 5080 2527 5126 ut
2576 5071 2704 5128 nec,
2727 5072 2885 5125 modo
2916 5072 3073 5124 facile
3096 5071 3470 5140 praesumenda
3504 5079 3595 5122 aut

2017 5145 2288 5200 credenda
2310 5145 2502 5212 juvare
2530 5159 2593 5198 ea
2624 5143 2956 5212 indulgentia
2981 5143 3073 5199 sit.
3101 5139 3163 5193 ac
3192 5142 3296 5195 nisi
3326 5139 3475 5212 gravi
3499 5140 3593 5191 ad-

2023 5216 2244 5268 modum
2294 5211 2501 5280 eausa;
2556 5211 2797 5281 cumque
2822 5215 2873 5267 in
2910 5214 3104 5266 litteris
3138 5211 3456 5277 apostolicis
3491 5225 3597 5262 una

2021 5286 2135 5339 lucc
2168 5285 2278 5338 fere
2331 5286 2685 5353 exprimatur,
2731 5286 3027 5355 periculum
3075 5283 3269 5355 salutis
3303 5282 3497 5355 anima!
3525 5281 3597 5332 ob

2028 5371 2220 5426 graves
2251 5352 2502 5410 stimulos
2530 5352 2744 5417 carnis,
2785 5357 2991 5416 nescio,
3028 5353 3126 5426 qui
3151 5352 3273 5426 illos
3304 5354 3600 5426 sichgraves

2028 5418 2136 5480 non
2195 5436 2418 5495 pauor,
2473 5436 2527 5481 et
2590 5437 2647 5481 ut
2698 5418 3073 5481 necessitatem
3116 5423 3334 5481 habere,
3373 5418 3599 5473 Paulina

2026 5498 2235 5568 phrasi,
2262 5498 2611 5568 intelligatur,
2643 5498 2738 5554 sed
2766 5499 2901 5551 alias
2941 5495 3008 5548 ob
3033 5506 3244 5568 iniustis,
3287 5498 3416 5568 pgtla
3447 5506 3599 5568 coui-

2027 5560 2168 5621 inodi
2238 5560 2734 5637 tempoi-Valis,'aut
2798 5571 2960 5621 etiam
3027 5560 3171 5637 tazdii
3233 5560 3601 5637 mullescentis

2025 5638 2215 5699 animi.
2239 5632 2423 5694 secum
2454 5640 2760 5709 dispensari
2799 5640 2954 5706 petit,
2987 5636 3148 5708 etiam
3174 5640 3434 5709 expressa
3469 5632 3601 5685 veri-

2026 5715 2155 5773 tate,
2187 5697 2280 5780 per
2309 5727 2430 5765 eum
2459 5697 2657 5780 styluim
2691 5697 2878 5768 (uiridi,
2928 5719 2953 5755 τι
2987 5697 3229 5770 periculo
3273 5699 3473 5753 animae
3521 5711 3601 5752 tu-

2025 5787 2112 5837 tus
2146 5779 2328 5835 haberi
2363 5779 2552 5853 possit.
2584 5779 2869 5833 C(tﬂBiLFlS.
