4056 6302
237 385 337 441 ibi

1323 381 1706 438 CONVIVIUM
1751 383 1978 438 DECEM
2023 381 2384 439 V’iRGi-NUM.

3393 393 3492 452 l1!

234 519 390 567 τινας
430 501 684 575 βουληθῇ,
720 503 824 557 κᾶν
871 505 929 556 ὲν
964 504 1030 574 τῇ
1068 502 1311 574 δευτέρᾳ,
1343 503 1445 556 κᾶν
1475 503 1532 555 ὲν
1563 506 1628 572 τῇ
1659 503 1802 574 τρίτῖ

1924 502 1984 554 lit
2013 517 2313 568 assumere,
2346 503 2460 558 sire
2491 503 2544 557 in
2585 504 2847 567 secunda,
2906 504 3020 561 sive
3067 505 3120 560 in
3177 506 3342 561 tertia
3401 525 3496 564 ve—

233 594 428 660 ὲλθὼν,
457 596 550 648 καὶ
597 594 773 666 εὑρὼν
821 595 1219 664 ὲτοιμοτάτους,
1268 595 1360 647 καὶ
1399 593 1436 648 ἃ
1487 594 1820 668 προσέταξεν

234 689 660 761 ἐργαζομένους,
700 690 982 744 ἀνακλινεῖ
1027 691 1108 754 εἷς
1148 687 1396 760 Ἀϐραὰμ
1443 689 1676 754 κόλπους
1729 691 1821 744 καὶ

247 782 432 836 Ἰσαὰκ
457 763 553 837 καὶ
593 783 806 836 Ἰακώϐ.
824 782 1090 854 Ἱερεμίας
1113 781 1190 842 δὲ,
1208 782 1466 850 Ἀγαθὸν,
1505 783 1690 854 φησὶν,
1711 785 1820 837 ἀν-

233 873 350 942 δρὶ,
380 873 528 928 ὅταν
568 874 680 942 ἄρῃ
716 872 891 943 ζυγὸν
935 873 1004 926 ἐν*
1032 875 1266 940 νεότητι
1309 875 1516 937 αὑτοῦ,
1559 875 1655 930 καὶ
1701 877 1819 931 ἀπὸ

234 963 342 1019 τοῦ
373 965 596 1034 Kvplov
637 965 724 1035 μὴ
771 965 1011 1032 ἀποστῇ
1058 967 1098 1034 ἡ
1147 966 1316 1036 ψυχὴ
1365 967 1572 1021 αὐτοῦ.
1592 968 1818 1037 Ἀγαθὸν

232 1056 344 1129 γὰρ
369 1057 436 1111 ἐκ
465 1055 692 1118 παίδων,
717 1055 792 1120 ὡς
837 1055 1071 1127 άληθῶς,
1103 1057 1366 1111 ὑποθέντα
1399 1057 1490 1111 τὸν
1516 1059 1718 1130 αὐχένα
1749 1064 1816 1134 τῇ

233 1149 357 1204 θεία
401 1150 642 1221 προσοχῇ
677 1148 808 1218 (75),
860 1149 934 1220 μὴ
979 1147 1370 1202 ὰποσείσασθαι
1421 1149 1584 1220 μέχρι
1633 1150 1818 1222 γήρως

229 1241 325 1294 τὸν
359 1239 624 1309 ἐπιϐάτην
654 1237 920 1310 καθαραῖς
965 1239 1158 1310 φρεσὶν
1197 1240 1579 1312 ὲποχούμενον,
1613 1245 1700 1296 ἀεὶ
1727 1244 1816 1298 τὸν

230 1327 492 1400 λογισμὸν
524 1331 602 1392 εἰς
637 1329 706 1382 τὰ
733 1329 900 1400 χείρω
929 1327 1286 1394 καθέλκοντος
1311 1330 1404 1383 τοῦ
1441 1331 1698 1402 πονηροῦ.
1720 1331 1816 1396 Τίς

231 1421 345 1494 γὰρ
383 1421 446 1474 οὐ
478 1420 576 1484 τὰς
612 1419 677 1474 δι’
710 1419 993 1492 ὀμμάτων,
1027 1419 1110 1485 τίς
1142 1421 1184 1474 δ’
1213 1422 1276 1474 οὐ
1302 1422 1402 1485 τὰς
1429 1422 1495 1474 δι’
1525 1421 1698 1486 ὤτων,
1729 1421 1814 1487 τίς

231 1511 277 1564 δ’
303 1512 365 1565 οὐ
404 1511 614 1576 τάς³διά
643 1512 903 1580 γεύσεως,
935 1511 1254 1584 ὀσφρήσεὼς
1286 1530 1346 1566 τε
1378 1515 1470 1567 καὶ
1503 1515 1647 1586 άφῆς
1694 1515 1815 1585 ἡδο-

233 1603 332 1667 νὰς
373 1605 467 1658 καὶ
497 1604 711 1676 τέρψεις
739 1605 1082 1676 ἀποδέχεται,
1109 1605 1206 1675 τὴν
1253 1606 1463 1676 ἡνίοχον
1510 1606 1583 1678 μὴ
1630 1607 1812 1678 φέρων

236 1695 608 1766 σωφροσύνην,
639 1695 926 1766 εἶργουσαν
971 1697 1064 1751 καὶ
1092 1696 1567 1768 καθαιμάττουσαν
1595 1699 1685 1752 τὸν
1723 1700 1812 1753 ἵπ-

235 1803 335 1839 πον
377 1789 477 1858 τῆς
508 1787 735 1854 κακίαςς
775 1789 1001 1860 Ἕτερος
1034 1789 1131 1858 μὲν
1162 1785 1255 1842 οὖν
1282 1790 1361 1852 εἰς
1405 1790 1568 1860 ἕτερα
1595 1788 1810 1843 ἐπιϐλέ-

1920 595 2098 656 niens,
2134 596 2624 665 paratissimosque
2664 597 2948 652 inveniens
2977 605 3031 652 et
3060 615 3180 668 qua:
3211 603 3494 654 mandavit

1917 695 2302 754 exsequentes,
2337 687 2390 740 in
2437 687 2560 742 sinu
2595 687 2848 752 Abralue,
2881 689 3034 746 Isaac
3066 702 3121 746 et
3171 689 3344 748 Jacob
3403 709 3493 747 re-

1919 775 2104 829 clinet.
2159 774 2424 832 Jeremias
2475 792 2602 832 vero
2631 819 2644 832 .
2697 778 2924 842 Bonum,
2963 782 3057 844 ait,
3089 791 3168 835 est
3205 783 3319 836 viro
3373 800 3492 838 cum

1917 868 2198 934 portaverit
2211 867 2402 937 jugum
2425 868 2488 922 ab
2518 869 2872 925 adolescentia
2895 889 2994 925 sua
3015 873 3097 938 ⁹¹;
3123 883 3171 928 ct
3201 891 3234 927 a
3265 873 3522 963 Domino;

1918 975 2022 1012 non
2051 961 2318 1013 recesserit
2339 962 2518 1012 anima
2545 961 2660 1028 eius
2688 964 2756 1018 θ’.
2789 962 2996 1017 Bonum
3055 981 3206 1030 sane,
3243 981 3273 1019 a
3306 967 3482 1036 prima

1916 1061 2072 1105 aetate
2096 1059 2148 1104 et
2177 1067 2205 1102 a
2238 1066 2409 1119 puero
2439 1054 2724 1122 supposita
2767 1054 2966 1110 divinae
3006 1055 3312 1126 disciplinae
3368 1074 3491 1114 cer.

1916 1145 2056 1205 vice,
2089 1144 2156 1198 ad
2205 1150 2478 1198 senectam
2527 1161 2702 1214 usque
2755 1163 2864 1202 non
2916 1156 3171 1203 excutere
3219 1164 3488 1206 sessorem

1916 1233 2069 1301 puris
2103 1233 2375 1287 mentibus
2421 1234 2772 1299 insidentem,
2819 1251 2944 1290 cum
2962 1239 3224 1306 diabolus
3253 1240 3307 1294 in
3337 1240 3490 1298 dete-

1915 1324 2031 1378 rius
2062 1324 2362 1394 vitiumque
2395 1325 2636 1380 animum
2669 1329 2886 1384 trahere
2921 1345 3199 1400 nunquam
3226 1331 3486 1389 .desinat.

1914 1413 2126 1480 Quotus
2161 1417 2305 1470 enim
2333 1419 2567 1488 quisque
2606 1427 2712 1483 est,
2748 1423 2840 1491 qui
2878 1437 2988 1476 non
3021 1438 3116 1492 per
3145 1425 3358 1489 oculos,
3393 1429 3486 1494 qui

1913 1523 2022 1560 non
2067 1523 2160 1578 per
2212 1523 2374 1564 aures
2406 1519 2736 1581 gustumque
2766 1521 2821 1567 et
2855 1528 3016 1568 nares
3047 1523 3101 1569 et
3128 1521 3358 1578 tactum,
3390 1533 3490 1570 νο·

1911 1599 2148 1670 luptates
2204 1616 2268 1656 ac
2319 1602 2543 1656 delicias
2598 1603 2876 1669 admittat,
2932 1607 3206 1660 castitatis
3250 1610 3486 1662 sessoris

1912 1690 2224 1760 impatiens,
2257 1707 2380 1762 qua:
2411 1693 2600 1764 utique
2625 1694 2880 1766 nequitiae
2907 1711 3108 1770 equum
3140 1703 3393 1750 coerceat
3417 1711 3482 1749 ac

1913 1791 2136 1836 cruenta
2165 1783 2313 1838 calce
2345 1783 2634 1840 cohibeat?
2665 1784 2783 1840 Erit
2818 1785 2956 1842 forte
2983 1787 3097 1857 qui,
3159 1789 3266 1842 alio
3308 1789 3484 1859 respi-

233 1877 338 1946 ψας
370 1877 502 1933 ἄλλα
527 1877 740 1944 δοξάσει
762 1895 775 1909 ⁸
805 1881 962 1950 ἡμεῖς
1005 1879 1060 1933 δὲ
1099 1879 1406 1934 ἀνατιθέναι
1433 1879 1660 1951 λέγομεν
1689 1882 1802 1932 ἑαυ-

1912 1873 2086 1937 ciens,
2119 1875 2522 1929 secusomninu
2569 1891 2634 1930 ac
2685 1877 2791 1931 alia
2843 1878 3065 1932 sentiat.
3121 1877 3318 1934 Nostra
3349 1895 3484 1936 vero

228 1969 322 2023 τὸν
367 1969 590 2034 τελείως
637 1971 870 2059 Θεῷ,.ὂς
904 1973 996 2025 καὶ
1036 1973 1133 2044 τὴν
1182 1975 1358 2044 σάρκα
1399 1973 1662 2044 ἄχραντον
1697 1971 1808 2041 (74)
1854 1966 1865 1975 ’

229 2065 295 2116 ὲκ
324 2062 528 2116 παίδων
553 2061 913 2132 φιλοτιμεῖται
934 2063 1244 2132 φυλάττειν,
1277 2062 1574 2134 παρθενίαν
1601 2059 1806 2114 ἀσκῶν.

227 2154 734 2226 Περισπουδάστους
764 2153 894 2225 γὰρ,
927 2155 1164 2225 μεγάλας
1197 2153 1424 2208 ἐλπίδων
1453 2152 1660 2224 δωρεάς
1699 2153 1809 2215 τοῖς

227 2251 536 2322 ἐφιεμένοις
580 2251 750 2320 αὐτῆς
794 2249 1002 2320 ταχέως
1033 2250 1208 2320 φέρει,
1236 2248 1306 2302 τὰ
1345 2247 1684 2318 λυμαντήρια
1709 2245 1808 2316 τῆς

229 2341 407 2412 ψυχῆς
445 2341 892 2414 ἀπομαραίνουσα
915 2339 1060 2410 πάθη
1099 2341 1192 2394 καὶ
1219 2337 1638 2408 ὑπεκκαύματα.
1669 2336 1802 2407 Φέρε

231 2449 362 2504 γαρ,
395 2433 776 2502 εἰσηγήσωμαι
810 2431 926 2496 πῶς
953 2429 1286 2502 ἀνακείμεθα
1311 2427 1389 2500 τῷ
1421 2429 1630 2498 Κυρίῳ.

1915 1963 2030 2018 haec
2061 1966 2367 2033 sententia;
2405 1967 2617 2038 hocque
2646 1968 2902 2036 dicimus,
2952 1970 3194 2040 perfecte
3243 1971 3354 2027 Deo
3392 1973 3480 2028 of-

1915 2053 2043 2109 ferri
2078 2070 2142 2109 ac
2173 2057 2508 2119 consecrari,
2539 2057 2632 2126 qui
2665 2065 2720 2111 et
2741 2073 2963 2112 carnem
3000 2073 3030 2111 a
3065 2074 3234 2128 puero
3263 2061 3482 2114 intami-

1915 2153 2104 2200 natam
2138 2148 2470 2217 virginitatis
2516 2151 2667 2202 cultu
2723 2165 2942 2204 servare
2995 2152 3292 2206 contendit.
3342 2151 3482 2209 Vero

1913 2239 2058 2292 enim
2092 2241 2422 2308 expetendas
2455 2239 2574 2310 ejus
2619 2256 2866 2296 accensxs
2907 2241 3203 2306 desiderio,
3255 2260 3482 2314 magnas

1911 2345 2201 2386 munerum
2227 2347 2352 2401 spes
2389 2331 2566 2396 aﬂert,
2597 2349 2718 2402 quae
2740 2335 3004 2389 exitiosos
3037 2336 3222 2389 animo
3273 2337 3480 2392 labefa--

1913 2430 2023 2476 ctet
2056 2421 2282 2478 affectus
2329 2439 2394 2478 ac
2446 2424 2696 2478 incendia
2745 2427 3090 2496 comprimat.
3123 2427 3279 2483 Nunc
3308 2431 3482 2500 expli-

1908 2515 2143 2568 candum
2173 2515 2446 2584 quomodo
2479 2524 2667 2571 nostra
2715 2515 2826 2571 Deo
2855 2521 3198 2574 consecratio
3229 2519 3478 2579 devotio-

1908 2621 2014 2675 que
2042 2607 2326 2660 consistat.

1019 2715 1146 2770 CAP.
1187 2713 1274 2768 IV.
1309 2713 1548 2784 Perfecta
1572 2713 1682 2768 Deo
1716 2715 2038 2767 consecratio
2067 2722 2118 2768 ct
2162 2713 2386 2780 devotio,
2417 2733 2657 2788 quaenam
2677 2721 2706 2774 2⁵

304 2833 376 2888 Τὸ
399 2832 548 2904 γοῦν,
575 2833 860 2904 illech
884 2833 1171 2898 εὔξασθαι
1196 2829 1408 2900 εὐχὴν,
1438 2834 1496 2884 ὲν
1519 2833 1631 2894 τοῖς
1657 2833 1804 2901 Ἀρι-

230 2925 388 2997 θμοῖς
433 2925 904 2998 νομοθετούμενον,
939 2925 1096 2978 τοῦτο
1141 2925 1488 2996 παρέστησεν,
1533 2923 1668 2994 ὅπερ
1712 2922 1802 2975 ἐπὶ

226 3015 392 3069 πλέον
443 3015 553 3084 ἐγὼ
597 3015 972 3086 διηγησαμένη
1016 3013 1318 3083 ἀποφαίνω,
1361 3011 1602 3084 μεγάλην
1633 3012 1798 3083 εὐχὴν

226 3105 368 3161 εἶναι
400 3105 548 3178 παρὰ
573 3105 752 3169 πάσας
770 3105 935 3176 εὐχὰς
959 3105 1383 3160 ἀποδεικνύουσα
1435 3102 1534 3174 τὴν
1563 3103 1797 3173 ἁγνείαν.

1979 2829 2134 2896 Quod
2165 2833 2346 2902 itaque
2365 2833 2420 2887 in
2444 2833 2584 2888 libro
2613 2833 2971 2890 Numerorum
2997 2838 3478 2911 sancitumMagnc

1909 2931 2084 2974 votum
2117 2937 2296 2976 vovere
2333 2923 2398 2986 ’³,
2427 2923 2529 2978 hoc
2562 2925 2822 2991 ostendit,
2851 2927 3001 2997 quod
3035 2945 3135 2999 ego
3169 2933 3329 3000 paulo
3361 2950 3478 2987 am-

1903 3007 2050 3076 plius
2067 3010 2393 3078 explanans,
2417 3026 2673 3083 magnum
2701 3025 2884 3069 votum
2930 3018 3072 3071 inter
3101 3021 3282 3074 omnia
3326 3034 3472 3088 vota,

1905 3100 2286 3156 castimoniam
2319 3119 2440 3158 esse
2478 3111 2659 3158 statuo
2679 3121 2744 3160 ac
2769 3107 2957 3176 probo.
2997 3108 3150 3164 Tunc
3184 3113 3327 3166 enim
3381 3129 3469 3184 pa-

224 3199 360 3251 Τότε
393 3197 501 3269 γὰρ
531 3197 822 3266 ἀνάκειμαι
845 3195 1132 3268 προφανῶς
1159 3196 1306 3248 πᾶσα
1321 3192 1398 3264 τῷ
1413 3193 1621 3264 Κυρίῳ,
1639 3193 1798 3246 ὁπότε

1906 3193 2011 3246 lam
2037 3201 2091 3247 et
2112 3193 2166 3247 in
2189 3195 2420 3249 solidum
2457 3203 2678 3268 totaque
2715 3198 2946 3255 Domino
2973 3215 3294 3259 consecrata
3325 3223 3470 3267 sum.

228 3287 306 3358 μὴ
343 3287 501 3358 μῦνον
543 3287 644 3356 τὴν
684 3287 861 3359 σάρκα
899 3285 1186 3350 συνουσίας
1211 3285 1508 3356 ἀνέπαφον,
1545 3283 1680 3337 ἀλλὰ
1706 3284 1800 3338 καὶ

1904 3300 2024 3338 cum
2059 3299 2167 3340 non
2191 3286 2365 3340 solum
2397 3302 2616 3344 carnem
2657 3304 2698 3343 a'
2729 3291 3022 3346 concubitu
3071 3295 3352 3364 intactam,
3383 3315 3474 3355 ve-

222 3379 335 3432 τῶν
363 3378 564 3432 λοιπῶν
584 3379 759 3448 accrro,
767 3377 948 3448 μάτων
973 3377 1200 3431 ἄσπιλον
1225 3381 1411 3448 τηρεῖν
1440 3377 1796 3448 ἀγωνίζομαι.

236 3469 301 3520 Ἠ
323 3466 694 3542 γὰρνᾶγαμος,
723 3467 876 3540 φησὶ,
905 3464 1159 3536 μεριμνᾷ
1182 3467 1254 3522 τὰ
1278 3466 1386 3522 τοῦ
1408 3468 1652 3536 Κυρίου,
1675 3467 1801 3536 πῶς

221 3561 430 3630 ἀρέσει
459 3560 538 3626 τῷ
570 3563 764 3629 Imple)
823 3561 884 3616 οὐ
917 3561 1073 3633 μόνον
1101 3561 1188 3616 ἵνα
1224 3561 1297 3632 μὴ
1325 3561 1502 3632 χωλὴν
1531 3561 1632 3632 τῆς
1672 3561 1802 3634 άρε-

219 3649 322 3718 τῆς
353 3649 496 3702 κατά
524 3667 576 3702 τι
609 3650 793 3721 μόριον
825 3650 1194 3722 ἀπενέγκηται
1223 3651 1319 3722 τὴν
1348 3650 1524 3716 δόξαν,
1554 3651 1668 3704 ἀλλ’
1696 3652 1801 3722 ἄμ-

221 3759 331 3806 φω,
368 3742 511 3795 κατὰ
534 3742 623 3794 τὸν
661 3743 1000 3806 Ἀπόστολον,
1023 3743 1120 3797 καὶ
1151 3744 1221 3796 ἐν
1247 3742 1326 3808 τῷ
1357 3742 1582 3812 σώματι
1609 3744 1705 3797 καὶ
1731 3745 1800 3797 ἐν

218 3835 304 3899 τῷ
341 3833 632 3902 πνεύματι
673 3833 990 3903 ἁγιάζηται,
1025 3835 1284 3888 ἀναθεῖσα
1315 3837 1382 3889 τὰ
1415 3835 1552 3907 μέλη
1586 3837 1792 3907 Κυρίῳ.

219 3927 288 3980 Τί
323 3926 432 3998 γάρ
460 3927 579 3978 ἐστι
605 3927 666 3978 τὸ
695 3927 969 3982 ἀναθεῖναι
1007 3927 1195 3980 ἑαυτὸν
1221 3928 1438 3992 τελείως
1471 3929 1679 4000 Κυρίῳ,
1713 3927 1800 3980 λε-

219 4018 402 4072 κτέον.
423 4017 545 4072 Ἐὰν
574 4018 664 4071 ἐπὶ
697 4017 862 4071 τῶνδε
895 4019 991 4088 μὲν
1021 4019 1212 4082 ἁνοίξω
1242 4019 1304 4072 τὸ
1331 4020 1518 4089 στόμα,
1544 4020 1634 4072 ἐπὶ
1659 4019 1798 4072 τῶν-

217 4111 276 4164 δε
306 4111 363 4164 δὲ
399 4109 762 4164 κατακλείσωο
801 4105 928 4173 οἷον,
965 4111 1159 4176 ἀνοίξω
1195 4112 1293 4181 μὲν
1319 4112 1445 4180 περὶ
1477 4113 1574 4175 τὰς
1601 4111 1799 4182 ἐξηγή-

223 4220 339 4265 σεις
367 4201 472 4255 τῶν
505 4203 545 4254 Γ
549 4203 758 4274 ραφῶν,
787 4204 866 4266 είς
895 4203 954 4256 τὸ
983 4203 1275 4276 ὀρθοδόξως
1305 4204 1539 4274 ὑμνῆσαι
1571 4205 1666 4256 καὶ
1698 4219 1794 4274 με-

219 4294 584 4366 γαλοπρεπῶς
616 4295 755 4349 κατὰ
779 4295 1004 4367 δύναμιν
1033 4298 1122 4349 τὸν
1155 4297 1284 4349 Θεὸν
1303 4313 1316 4325 ο
1351 4297 1688 4349 κατακλείσω
1715 4297 1792 4360 δὲ,

221 4388 397 4458 θύραν
429 4387 575 4458 αὑτῷ
605 4388 800 4460 θεμένη
829 4390 922 4442 καὶ
955 4388 1220 4460 φυλακὴν,
1253 4388 1346 4440 τοῦ
1378 4388 1578 4459 μάταια
1610 4387 1683 4458 μὴ
1709 4387 1797 4441 λα-

219 4483 333 4536 λεῖν
352 4497 366 4512 ·
415 4482 633 4550 ἁγνεύει
673 4500 775 4554 μου
813 4483 874 4536 τὸ
903 4483 1077 4554 στόμα
1106 4483 1198 4535 καὶ
1226 4481 1504 4534 ἀνάκειται
1535 4480 1612 4550 τῷ
1641 4480 1757 4552 Θεῴ
1776 4497 1788 4510 ο

232 4577 296 4632 Ἠ
315 4573 569 4644 γλῶσσά
587 4594 704 4645 μου
734 4575 998 4644 κάλαμος
1043 4575 1282 4643 γέγονεν,
1315 4575 1540 4648 ὄργανον
1570 4573 1756 4642 σοφίας
1780 4591 1794 4606 ⁸

217 4669 424 4742 γράφει
455 4667 562 4737 γὰρ
593 4668 657 4720 δι’
691 4669 859 4738 αὐτῆς
885 4667 1160 4740 ἁριδήλοις
1190 4668 1528 4738 γράμμασιν,
1558 4667 1662 4719 ὑπὸ
1698 4665 1790 4719 τοῦ

221 4760 422 4833 βάθους
451 4759 544 4811 καὶ
573 4760 670 4830 τῆς
698 4759 996 4830 δεινότητος
1029 4760 1135 4812 τῶν
1169 4758 1399 4830 Γραφῶν
1435 4759 1679 4828 φωτίζων
1700 4759 1790 4813 τὸν

217 4849 345 4905 νοῦν
376 4847 512 4922 (75),
559 4847 652 4900 τοῦ
699 4849 1010 4922 metus—.0;
1063 4851 1094 4903 ὁ
1139 4848 1310 4917 Λόγος
1342 4849 1476 4921 (76),
1519 4852 1548 4904 ὁ
1588 4851 1790 4922 Κύριος

289 4965 334 4998 ⁹¹
379 4962 569 5018 Tliren.
601 4978 684 5028 ut,
716 4962 805 5019 27.
881 4964 926 4996 "
963 4961 1076 5016 Jer.
1108 4977 1244 5027 xvtt,
1275 4963 1328 5016 5.

217 5052 368 5098 mv,
400 5033 454 5088 2.

289 5147 413 5228 (⁵7Ξῇ⁸
441 5147 522 5217 Τῇ
557 5147 686 5214 θείᾳ
711 5145 1003 5228 προσοχῇ.
1023 5143 1264 5228 _Virtutis
1293 5145 1568 5228 diligentia
1599 5153 1686 5200 est
1723 5161 1787 5201 ac

219 5215 516 5285 sedulitas;
559 5234 642 5279 ac,
665 5215 824 5298 quod
856 5215 1168 5298 reddebam,
1197 5215 1481 5298 dis‘ciptina
1509 5231 1528 5267 :
1556 5231 1666 5298 quo
1694 5231 1785 5298 ar-

217 5298 479 5362 gumento
518 5285 774 5362 praeclare
812 5287 952 5342 inter
988 5287 1228 5362 reliquos
1267 5285 1520 5362 Basilius.
1551 5289 1786 5362 A‘ttentio

218 5355 454 5420 dicatur,
480 5355 577 5430 per
597 5373 683 5412 me
711 5359 868 5430 licet;
900 5357 1178 5430 πφσευχῇΔ
1195 5357 1338 5426 quod
1362 5355 1782 5430 habettt_Mazar.

219 5445 271 5488 rt
304 5426 558 5490 Allatius,
587 5443 698 5482 non
733 5428 928 5496 placet.
947 5426 1020 5479 Et
1050 5427 1268 5496 quidem
1297 5426 1471 5478 oratio
1497 5427 1580 5480 vel
1611 5428 1784 5496 maxi-

223 5521 304 5558 me
339 5501 530 5570 virgini
569 5495 878 5554 necesSaria
899 5503 966 5570 ut
985 5511 1044 5550 se
1075 5496 1378 5570 contineat;
1408 5496 1501 5570 sed
1534 5495 1659 5548 huic
1684 5511 1784 5570 ac-

220 5566 669 5628 t-etlant'necesse
694 5575 800 5626 est.
839 5567 1002 5622 etiam
1039 5566 1248 5635 reliqua
1279 5566 1494 5619 virtutis
1520 5567 1780 5620 exercitia

223 5656 382 5708 atque
420 5657 606 5710 opera,
651 5647 712 5694 ut
742 5641 814 5694 sit
839 5639 996 5708 plena
1043 5634 1402 5690 sanetificatio
1436 5651 1502 5690 ac
1552 5635 1773 5690 oblatio.

222 5718 502 5768 (iuuans.

293 5786 402 5848 (fit)
441 5781 560 5847 Τὴν
595 5779 791 5848 σάρκα
821 5777 1137 5848 ἄχραντον.
1171 5773 1486 5848 Necessario
1519 5775 1662 5848 istud
1695 5791 1785 5831 as-

227 5841 586 5924 sanzptttm'ex
611 5841 826 5905 Aliatio.
855 5841 977 5903 [Eae
1003 5863 1234 5919 namque
1257 5847 1494 5916 perfecta
1521 5844 1628 5902 Deo
1654 5862 1783 5902 cou-

1431 4961 1478 4996 ’⁸³
1517 4961 1681 5016 Num.
1741 4978 1818 5026 Vt,
1865 4964 1918 5017 4.
1994 4958 2043 4993 ⁸⁸
2081 4956 2256 5014 ICor.
2287 4974 2386 5023 vn,
2431 4959 2521 5014 54.

1900 3389 2020 3429 rum
2071 3377 2231 3431 etiam
2283 3392 2312 3431 a
2360 3379 2586 3450 reliquis
2617 3380 2875 3436 vitioru‘m
2908 3384 3166 3440 sordibus
3215 3388 3475 3459 omnique

1901 3467 2244 3536 turpitudine
2271 3469 2535 3526 illibatam
2567 3487 2787 3529 servare
2819 3479 3112 3532 contendo.
3183 3472 3324 3529 Nam
3387 3481 3472 3533 in-

1899 3567 2086 3628 nupta,
2120 3559 2364 3634 inquit",
2389 3567 2720 3636 cogitatque
2753 3567 2967 3623 Domini
3011 3579 3156 3635 sunt,
3207 3571 3466 3640 quomodo

1895 3649 2107 3718 placeat
2137 3650 2399 3716 Domino;
2430 3668 2540 3706 non
2561 3657 2737 3710 solum
2767 3665 2827 3712 ut
2859 3673 2926 3712 ex
2955 3668 3107 3727 parte
3152 3659 3221 3712 ad
3255 3658 3470 3716 claudi-

1899 3748 2109 3796 cantem
2142 3742 2364 3798 virtutis
2391 3744 2704 3813 opinionem
2759 3747 3085 3818 laudemque
3111 3751 3334 3815 referat,
3369 3753 3466 3808 sed

1901 3840 1962 3885 ut
1993 3841 2246 3902 utroque,
2279 3843 2338 3888 ut
2367 3841 2558 3888 auctor
2577 3835 2874 3904 Apostolus
2902 3846 3004 3902 est,
3038 3849 3086 3893 et
3117 3855 3334 3908 corpore
3360 3844 3470 3897 sci--

1896 3923 2026 3980 licet
2054 3932 2108 3980 et
2131 3927 2323 3995 spiritu
2351 3936 2540 3980 sancta
2571 3929 2663 3992 sit,
2695 3931 3034 3986 consecratis
3070 3933 3332 3989 membris
3368 3933 3472 3989 Do-

1897 4016 2066 4072 mino.
2101 4017 2240 4083 Quid
2277 4019 2422 4073 enim
2455 4021 2528 4074 sit
2543 4035 2604 4075 se
2629 4019 2740 4074 Deo
2774 4021 3010 4089 perfecte
3037 4038 3380 4089 consecrare,
3407 4027 3462 4082 id

1895 4125 2025 4164 vero
2055 4109 2366 4166 dicendum.
2413 4109 2482 4166 Ut
2516 4112 2620 4167 sub
2670 4115 2921 4184 exemplo
2977 4115 3168 4187 loquar
3211 4134 3226 4172 :
3290 4116 3345 4171 Si
3395 4135 3458 4174 os

1896 4217 2074 4256 meum
2106 4203 2170 4256 ad
2204 4203 2450 4272 quaadam
2483 4219 2770 4274 aperuero,
2803 4206 2870 4260 ad
2899 4207 3144 4278 quasdam
3181 4209 3452 4266 clausero.

1896 4292 2052 4357 Puta,
2079 4294 2318 4364 aperiam
2351 4297 2676 4351 enarrandis
2699 4295 3018 4366 Scripturis,
3070 4307 3130 4354 ut
3180 4310 3328 4356 recta
3367 4302 3468 4359 ﬁde

1895 4399 1959 4439 ac
1982 4386 2286 4455 magnilice,
2317 4395 2518 4456 quanta
2571 4387 2801 4444 facultas
2832 4399 2942 4454 est,
2977 4389 3071 4447 Dei
3103 4393 3355 4450 laudibus
3383 4395 3464 4450 in-

1895 4476 2148 4539 cumbat;
2177 4475 2425 4531 claudam
2447 4493 2595 4542 vero,
2609 4481 2751 4536 ostio
2767 4481 3024 4552 imposito
3041 4499 3104 4538 ac
3122 4486 3372 4541 custodia
3391 4489 3461 4552 ⁸³,

1895 4583 1965 4622 ne
1993 4567 2177 4622 inania
2207 4567 2462 4639 loquatur
2493 4587 2508 4624 :
2541 4586 2605 4626 os
2636 4587 2816 4626 meum
2869 4582 3082 4630 castum
3129 4584 3213 4630 est
3243 4592 3306 4632 ac
3353 4577 3464 4634 Deo

1897 4667 2304 4716 consecratum.
2337 4660 2547 4734 Lingua
2593 4680 2708 4718 mea
2741 4665 2978 4719 calamus
3027 4669 3074 4702 "
3107 4669 3337 4734 exstitit,
3365 4667 3464 4725 Sa-

1896 4753 2112 4823 pientiae
2133 4768 2420 4823 organum.
2453 4753 2656 4808 Scribit
2676 4755 2820 4810 enim
2844 4772 2942 4826 per
2965 4757 3110 4812 illam
3143 4760 3464 4819 clarissimis

1896 4845 2118 4912 litteris,
2163 4860 2226 4900 ex
2261 4845 2376 4901 alto
2423 4845 2718 4918 subtilique
2764 4847 3172 4920 Scripturarum
3209 4855 3259 4908 vi
3314 4871 3464 4910 men-

2624 4960 2671 4994 "
2709 4959 2862 5016 Psal.
2891 4977 3015 5029 οη,
3043 4967 3096 5021 5.
3201 4969 3246 5000 ⁹⁶
3307 4969 3462 5027 Psal.

1896 5157 2128 5226 secretio
2147 5156 2250 5210 est,
2274 5146 2545 5226 eumipsa
2569 5162 2700 5203 caro
2720 5151 3048 5226 virginitatis
3069 5157 3215 5226 cultu
3243 5172 3270 5209 a
3293 5170 3460 5226 puere

1894 5219 2214 5289 intemerata
2253 5217 2592 5289 constiterit;
2625 5223 2770 5289 quod
2809 5217 2964 5278 certe
3005 5225 3232 5279 arduum
3285 5217 3478 5282 certa-.

1894 5301 2039 5340 men.
2063 5287 2178 5340 Alia
2209 5288 2420 5356 supplet
2447 5286 2728 5343 Possinius
2757 5293 2939 5347 minus
2963 5296 3332 5349 acrommnda.
3358 5298 3458 5348 Πε-

1893 5357 2312 5434 ρισπουδάστους
2338 5373 2420 5434 es.
2432 5357 2620 5412 eodem
2650 5361 2848 5434 Allatio
2879 5365 3210 5434 suppletum,
3239 5367 3342 5418 etsi
3372 5383 3456 5432 τε,

1889 5425 2498 5502 περέσπαρδαστοςῂγοι.
2523 5444 2643 5502 non
2660 5432 2924 5502 displicet.
2951 5425 3030 5486 1.3.

1961 5495 2070 5576 {75)
2103 5495 2285 5576 Νοῦν.
2313 5497 2562 5576 Allatius,
2591 5495 2770 5576 νδμονῖ
2797 5505 2888 5574 qui
2916 5512 2970 5558 et
3001 5518 3124 5557 mox
3154 5500 3311 5556 habet
3340 5501 3454 5576 ἐξη.

1885 5571 2058 5634 γείται
2089 5583 2184 5635 pro
2215 5567 2602 5637 ἀναγράφεται.
2637 5567 2710 5626 lt).

1958 5637 2068 5716 (276)
2104 5637 2212 5716 Τοῦ
2244 5640 2606 5716 Πνεύματος-
2631 5644 2901 5716 ὀλΛργος.
2934 5642 3133 5716 Durius
3161 5637 3459 5716 videretur,

1892 5707 2000 5760 nisi
2033 5715 2160 5760 nota
2193 5717 2336 5762 esset
2370 5725 2524 5784 meus
2561 5707 2992 5784 Methodiiaipsn
3027 5707 3458 5784 satisexplicata

1892 5785 2164 5840 contextu,
2197 5793 2304 5847 quo
2335 5778 2427 5830 τοῦ
2458 5779 2768 5846 Πνεύματος
2793 5777 2922 5836 voce
2943 5797 3048 5836 non
3080 5779 3133 5844 S.
3158 5777 3314 5828 iritus
3336 5793 3454 5842 per.

1886 5862 2101 5912 sonam,
2132 5849 2222 5903 sed
2252 5847 2447 5911 Patris,
2475 5864 2532 5904 se
2557 5851 2691 5902 velle
2719 5853 3004 5922 signiﬁcat,
3033 5849 3255 5918 cujusct
3274 5849 3455 5900 Stri'La
