4056 6302
448 283 556 341 109

1530 282 1920 342 CONVIVEUM
1961 282 2189 339 DECEM
2230 280 2587 340 VIBGINUM.

3588 283 3690 338 HO

444 399 599 470 μετὰ
632 397 701 453 τό
731 398 1166 469 θυσιαστήριον
1205 398 1272 455 τό
1311 401 1908 471 περικεχαλκωμένον
1944 402 2026 467 εἰς

2132 400 2408 457 balantem
2435 401 2665 458 Domino
2692 420 2706 458 :
2740 400 2929 458 Facies
2950 402 3116 466 enim,
3141 401 3317 473 inquit
3334 402 3401 470 “,
3425 402 3549 457 mihi
3576 413 3692 471 post

418 530 420 533 τ
447 488 525 545 τὰ
552 491 1039 561 ὁλοκαυτώματα,
1062 483 1111 558 ᾦ
1137 489 1549 560 ἀνεκομίζοντο
1579 496 1639 547 at
1667 492 2022 562 προσφοραὶ,

450 580 607 637 ἄλλο
629 582 1062 653 θυσιαστήριον
1085 584 1154 650 ἐξ
1181 582 1469 651 ἀσήπτων
1492 583 1714 649 ξύλων,
1740 584 1838 638 καὶ
1857 599 2029 637 κατα.

452 670 793 739 χρυσώσεις
831 672 976 727 αὐτὸ
1016 675 1265 743 χρυσίῳ,
1297 673 1397 727 καὶ
1437 673 1652 740 δώσεις
1687 672 1833 728 αὐτὸ
1878 672 2025 728 ἀπέ-

451 778 626 817 ναντι
655 764 762 818 τοῦ
791 765 1335 836 καταπετάσματος,
1371 766 1477 821 τοῦ
1500 767 1599 820 ἐπὶ
1629 765 1740 834 τῆς
1774 765 2020 820 κιϐωτοῦ

452 855 560 910 τοῦ
589 858 916 925 papwplov
949 856 1099 912 κατὰ
1141 860 1465 927 πρόσωπον
1503 857 1609 913 τοῦ
1652 858 2024 926 ἱλαστηρίου,

452 947 488 999 ὅ
515 948 685 1002 ἐστιν
710 948 809 1002 ἐπὶ
843 948 960 1003 τῶν
986 951 1344 1019 μαρτυρίων,
1376 950 1446 1004 ἐν
1482 947 1573 1017 οἷς
1603 948 2029 1020 γνωσθήσομαί

450 1056 553 1094 σοι
581 1042 721 1098 ἐκεῖ.
747 1042 854 1097 Καὶ
885 1042 1158 1112 θυμιάσει
1184 1044 1275 1097 ἐπ’
1301 1043 1487 1099 αὐτοῦ
1524 1042 1747 1112 Ἀαρὼν
1770 1044 2030 1113 θυμίαμα

451 1131 774 1202 ἀρωμάτων
802 1133 873 1186 ἐν
900 1133 1066 1201 πρωῒ,
1106 1134 1203 1188 ὅτε
1229 1135 1496 1205 ἀγαθύνῃ
1530 1136 1671 1202 τοὺς
1717 1137 1987 1205 λύχνους
2010 1153 2026 1166 ν

454 1225 730 1294 θυμιάσει
772 1227 864 1280 ἐπ’
905 1226 1104 1294 αὐτοῦ,
1128 1214 1390 1298 θυμῗαμα
1444 1228 1768 1294 διαπαντὸς
1823 1229 2027 1283 ἔναντι

453 1318 675 1385 Κυρίου
699 1321 785 1384 εἰς
809 1317 918 1385 τὰς
945 1319 1153 1390 γενεὰς
1194 1319 1362 1390 ὑμῶν
1384 1338 1397 1350 ·
1444 1322 1555 1377 οὐκ
1585 1321 1889 1376 ἀνοίσεται
1929 1321 2023 1374 ἐπ’

451 1408 638 1463 αὐτοῦ
665 1410 922 1480 θυμίαμα
942 1412 1264 1480 ἀλλότριον
1307 1411 1406 1466 καὶ
1453 1413 1856 1482 ὀλοκαύτωμα.
1911 1414 2022 1466 Θυ-

452 1500 599 1554 σίαν
623 1499 722 1555 καί
748 1500 1030 1572 σπονδὴν
1055 1504 1127 1557 οὐ
1154 1503 1467 1557 σπείσεται
1494 1504 1588 1557 ἐπ’
1617 1503 1824 1559 αὑτοῦ.

2134 494 2304 548 altare
2329 496 2722 550 circumtectum
2748 512 2873 559 are,
2899 495 2967 549 ad
2988 495 3298 550 holocausta
3318 512 3421 565 quo
3444 495 3695 566 deferun-

2133 596 2222 641 tur
2260 587 2572 653 oblationes,
2601 588 2747 643 aliud
2776 589 2949 643 altare
2984 604 3048 643 ea:
3076 588 3491 658 imputribilibus
3513 589 3692 659 lignis,

2130 687 2179 733 et
2206 678 2491 734 deaurabis
2513 679 2647 734 illud
2677 697 2830 745 auro,
2861 689 2911 734 et
2943 680 3095 734 dabis
3125 678 3260 733 illud
3310 679 3365 733 in
3418 688 3696 749 conspectu

2130 770 2249 837 veli,
2281 770 2418 841 quod
2446 781 2525 826 est
2563 789 2718 842 super
2771 789 2952 827 arcam
2992 773 3296 836 testimonii,
3348 780 3470 827 ante
3505 772 3696 842 faciem

2127 864 2511 933 propitiatorii,
2547 864 2685 934 quod
2714 873 2790 919 est
2831 881 2993 935 supra
3032 865 3355 927 testimonia,
3403 866 3459 919 in
3503 866 3693 935 quibus

2130 954 2510 1022 manifestabor
2542 955 2632 1008 tibi
2665 955 2798 1010 illic.
2823 955 2892 1010 Et
2915 956 3143 1011 adolebit
3174 973 3330 1027 super
3357 956 3492 1011 illud
3511 957 3696 1012 Aaron

2127 1047 2396 1100 incensum
2443 1056 2742 1100 aromatum
2774 1064 2944 1112 mane,
2996 1047 3205 1120 quando
3250 1048 3580 1103 concinnabit
3611 1048 3698 1103 lu-

2130 1155 2314 1193 cernas
2353 1154 2372 1191 :
2418 1137 2651 1192 adolebit
2701 1156 2857 1209 super
2898 1140 3033 1194 illud
3075 1142 3345 1195 incensam
3386 1157 3586 1210 semper
3637 1142 3695 1196 in

2132 1239 2407 1300 conspectu
2429 1229 2644 1284 Domini
2673 1232 2726 1283 in
2747 1233 3103 1301 generationes
3137 1241 3337 1287 uestras
3380 1248 3397 1286 :
3426 1249 3530 1286 non
3562 1232 3694 1299 infe-

2131 1333 2210 1378 ret
2247 1338 2400 1392 super
2426 1323 2558 1377 illud
2578 1323 2846 1377 incensum
2871 1324 3100 1378 alienum
3123 1334 3172 1380 et
3196 1324 3578 1383 holocaustum.
3597 1323 3695 1382 Sa-

2130 1416 2389 1485 criﬁcium
2413 1423 2461 1469 et
2483 1414 2708 1469 libamen
2739 1432 2843 1469 non
2876 1413 3059 1469 libabit
3089 1431 3244 1484 super
3266 1418 3455 1486 ipsum.

1108 1641 1241 1697 CAP.
1274 1641 1385 1698 VII.
1421 1641 1681 1710 Ecclesia,
1713 1642 1888 1698 media
1912 1644 2051 1698 inter
2082 1642 2271 1713 legales
2298 1641 2516 1697 untbras
2541 1652 2593 1697 et
2621 1640 2737 1696 caeli
2758 1620 3027 1698 veritates.

518 1780 582 1835 El
614 1780 643 1833 ὁ
673 1779 839 1848 νόμος
876 1780 1014 1845 ἐστὶ,
1047 1778 1189 1834 κατὰ
1232 1780 1322 1835 τὸν
1362 1780 1700 1847 Ἀπόστολον,
1725 1797 2015 1853 πνευματι-

2191 1777 2328 1833 Cum
2388 1777 2493 1841 lex,
2529 1776 2687 1847 juxta
2745 1777 3067 1848 Apostolum
3120 1779 3185 1843 ¹¹,
3228 1778 3534 1849 spiritualis
3596 1783 3691 1846 sit,

449 1869 566 1936 κῦς,
596 1871 707 1937 τὰς
726 1871 967 1937 είκόνας
993 1869 1357 1940 ἐμπεριέχων
1381 1868 1499 1923 τῶν
1509 1873 1859 1940 μελλόντων
1885 1872 2028 1941 ἁγα-

447 1962 589 2028 θῶν,
634 1963 768 2034 φέρε
799 1962 884 2035 δὴ,
918 1962 1344 2034 ἀπαμφιάσασαι
1385 1963 1444 2015 τὸ
1470 1962 1557 2015 ἐπ’
1586 1961 1734 2033 αὐτῷ
1767 1961 2028 2033 κάλυμμα

448 2054 544 2109 τοῦ
602 2055 951 2127 γράμματος,
995 2054 1398 2126 ὲφηπλωμένην
1448 2052 1560 2126 (82)
1608 2052 2030 2124 ἐπισκεψώμεθα

449 2149 678 2221 γυμνῶς
734 2149 833 2220 τὴν
893 2148 1201 2222 ἀκρίϐειαν.
1260 2148 1501 2221 Μίμημα
1555 2146 1655 2218 τῆς
1703 2146 2029 2219 Έκκλησίας

448 2241 765 2296 ἐκελεύοντο
793 2240 1058 2296 δαιδάλειν
1106 2240 1345 2313 Ἑϐραῖοι
1370 2241 1469 2313 τὴν
1504 2238 1729 2311 σκηνὴν,
1757 2239 1824 2293 ἵν’
1856 2238 2030 2310 ἔχοιεν

447 2332 541 2386 διὰ
567 2332 676 2387 τῶν
706 2331 980 2404 αἰσθητῶν
1005 2332 1188 2387 εἰκόνα
1209 2331 1317 2386 τῶν
1345 2331 1506 2386 θείων
1538 2330 2029 2404 προκαταγγέλλειν

457 2424 817 2494 πραγμάτων.
876 2424 955 2479 Τὸ
975 2424 1082 2497 γὰρ
1118 2426 1176 2479 ἐν
1215 2425 1294 2495 τῷ
1326 2425 1440 2496 ὄρει
1475 2424 1826 2496 παράδειγμα
1857 2440 2030 2495 παρε-

457 2514 668 2584 νεχθὲν,
718 2516 853 2582 πρὸς
892 2516 923 2568 ὃ
977 2517 1188 2586 βλέπων
1238 2518 1564 2588 ἐτεκτήνατο
1604 2516 1704 2587 τὴν
1755 2515 1959 2587 σκηνὴν
2001 2515 2030 2568 ό

458 2605 719 2676 Μωῦσῆς,
750 2607 865 2661 ίδέα
891 2624 973 2671 τις
1008 2604 1076 2680 ἦν
1101 2608 1202 2679 τῆς
1227 2608 1368 2662 κατὰ
1396 2607 1488 2661 τὸν
1514 2607 1739 2678 οὐρανὸν
1766 2608 2030 2678 οἰκήσεως

457 2699 710 2770 ἀκριϐὴς,
739 2702 804 2771 ἢν
828 2702 989 2771 ἡμεῖς
1017 2701 1340 2773 τρανότερον
1366 2701 1462 2772 μὲν
1483 2700 1591 2754 τῶν
1618 2699 1824 2764 τύπων,
1849 2700 2029 2769 ἀμαυ-

458 2790 681 2863 ρότερον
715 2791 772 2845 δὲ
827 2792 926 2864 τῆς
956 2792 1213 2865 ἀληθείας
1263 2792 1637 2865 θεραπεύομεν
1695 2790 1809 2846 νῦν.
1856 2787 2028 2845 ’Ἦλθε

450 2882 563 2957 γὰρ
614 2885 909 2958 ἀκραιφνὲς
964 2887 1045 2949 είς
1084 2884 1432 2957 ἀνθρώπους,
1475 2885 1551 2949 ὡς
1583 2884 1843 2954 πέφυκεν,
1878 2882 2030 2938 οὔπω

450 2976 703 3047 τάληθὲς,
741 2977 791 3031 οἳ
827 2977 960 3049 μηδὲ
984 2977 1249 3048 βαστάσαι
1275 2977 1512 3048 φέρομεν
1536 2975 1773 3049 ἄκρατον
1796 2975 2027 3030 ἐνταῦθα

451 3068 748 3122 θεάσασθαι
798 3069 896 3140 τὴν
926 3067 1253 3140 ἀφθαρσίαν,
1295 3066 1458 3120 ὁπότε
1502 3066 1637 3138 μηδὲ
1664 3065 1762 3130 τὰς
1793 3066 2026 3138 ἡλιακὰς

451 3160 692 3232 φέρομεν
722 3160 849 3215 ἰδεῖν
863 3160 1103 3224 ἀκτῖνας.
1140 3159 1304 3215 Ἀλλὰ
1341 3158 1580 3214 Ἰουδαῖοι
1616 3159 1713 3231 μὲν
1741 3158 1837 3230 τὴν
1871 3158 2026 3212 σκιὰν
2053 3147 2094 3203 C

446 3254 551 3325 τῆς
578 3253 784 3317 εἰκόνος
813 3253 1004 3325 τρίτην
1024 3251 1134 3306 άπὸ
1162 3252 1259 3322 τῆς
1272 3250 1529 3323 ἀληθείας
1557 3250 1990 3322 κατηγγέλκασιν
2008 3267 2023 3281 ·

447 3346 614 3416 ἡμεῖς
660 3344 718 3399 δὲ
766 3345 866 3415 τὴν
918 3344 1102 3398 εἰκόνα
1153 3343 1251 3415 τῆς
1286 3345 1405 3397 κατ’
1446 3343 1671 3415 οὐρανὸν
1712 3342 2029 3412 διοικήσεως

444 3435 700 3508 ἐναργῶς
752 3434 1125 3506 ὲκθειάζομεν.
1158 3435 1232 3488 Τδ
1269 3434 1378 3507 γὰρ
1405 3433 1602 3504 ἀληθὲς
1633 3431 1876 3504 ἀκριϐῶς
1910 3433 2027 3503 μετ’

444 3530 748 3586 ἀνάστασιν
803 3528 911 3600 (85)
954 3527 1342 3600 δηλωθήσεται,
1375 3526 1537 3581 ὁπότε
1570 3526 1857 3597 πρόσωπον
1887 3523 2027 3578 κατὰ

444 3622 745 3694 πρόσωπον
787 3621 885 3693 τὴν
930 3620 1091 3690 ἁγίαν
1139 3621 1341 3692 σκηνὴν
1393 3618 1542 3691 (τὴν
1590 3621 1773 3674 πόλιν
1820 3617 1918 3689 τὴν
1963 3620 2020 3671 ἐν

442 3714 720 3785 οὐρανοῖς,
776 3709 853 3784 ἧς
912 3715 1188 3784 τεχνίτης
1250 3714 1349 3769 καὶ
1400 3711 1750 3784 δημιουργὸς
1803 3711 2013 3783 Θεὸς),

2127 1868 2384 1937 imagines
2419 1869 2687 1922 continens
2726 1862 3025 1937 futurorum
3081 1869 3359 1935 bonorum,
3391 1886 3511 1942 age,
3535 1873 3697 1929 redu—

2128 1966 2217 2014 cto
2243 1959 2387 2029 quod
2413 1960 2489 2013 illi
2518 1959 2778 2029 injectum
2812 1967 2896 2015 est
2934 1960 3056 2015 velo
3100 1961 3315 2028 litterae,
3352 1965 3695 2022 enucleatum

2130 2051 2438 2105 intueamur
2503 2051 2571 2104 ad
2626 2050 2834 2104 nudum
2892 2052 3190 2106 veritatem.
3264 2051 3697 2112 Tabernaculum

2129 2144 2277 2214 quod
2296 2143 2448 2198 vario
2470 2143 2620 2198 cultu
2649 2141 2852 2197 aﬂ'abre
2883 2157 3082 2199 ornare
3133 2142 3345 2200 Hebraei
3378 2147 3519 2216 jussi.
3543 2157 3695 2215 sunt,

2129 2236 2388 2291 Ecclesia:
2416 2234 2663 2306 quaedam
2703 2234 2981 2305 expressio
3002 2235 3125 2301 fuit,
3158 2244 3218 2291 ut
3245 2239 3407 2294 rebus
3435 2240 3699 2296 informa»

2128 2336 2243 2384 tum
2276 2329 2630 2386 sensibilibus
2661 2329 2922 2384 baberent
2950 2329 3325 2395 simulacrum,
3359 2347 3466 2402 quo
3514 2333 3697 2389 divina

2129 2422 2262 2477 olim
2290 2429 2552 2478 eventura
2580 2420 2841 2492 mysteria
2864 2422 3310 2491 prarnuntiarent.
3335 2422 3470 2476 Nam
3493 2424 3535 2455 ι’
3551 2425 3696 2494 quod

2129 2523 2412 2570 ostensum
2447 2515 2502 2568 in
2531 2524 2715 2569 monte
2743 2513 3022 2583 exemplar
3051 2521 3155 2579 est,
3183 2495 3264 2569 ad.
3286 2515 3430 2584 quod
3478 2516 3698 2572 intuens

2129 2606 2342 2679 Moyses
2370 2606 2780 2662 tabernaculum
2832 2604 3132 2662 fabricatus
3186 2613 3293 2671 est,
3326 2614 3515 2662 exacta
3544 2623 3696 2679 quae-

2129 2701 2254 2756 dam
2288 2700 2410 2755 idea
2457 2709 2575 2754 erat
2627 2698 2891 2755 domicilii
2925 2700 3184 2761 cmlestis,
3211 2700 3296 2754 cui
3328 2715 3430 2756 nos
3479 2717 3697 2771 quoque

2130 2793 2412 2864 limpidius
2433 2792 2726 2857 servimus,
2782 2806 2944 2863 quam
2972 2793 3020 2848 si
3048 2792 3225 2847 adhuc
3258 2793 3313 2847 in
3350 2792 3539 2864 ﬁguris
3568 2811 3695 2851 ver-

2132 2900 2415 2951 saremur;
2472 2884 2763 2939 obscurius
2796 2891 3000 2949 tamen,
3030 2900 3192 2955 quam
3226 2886 3274 2940 si
3300 2887 3417 2956 ipsa
3451 2887 3695 2943 veritatis

2132 2979 2253 3039 luce
2278 2977 2598 3048 potiremur.
2625 2976 2868 3032 Necdum
2914 2976 3061 3030 enim
3091 2975 3205 3047 ipsa
3231 2992 3366 3047 pura
3388 2987 3441 3032 et
3474 2979 3689 3033 sincera

2129 3073 2351 3136 veritas,
2382 3071 2460 3126 uti
2484 3070 2558 3125 illi
2592 3076 2963 3140 comparatum
2990 3075 3094 3134 est,
3128 3069 3194 3124 ad
3246 3069 3498 3125 homines
3525 3071 3693 3136 venit,

2128 3164 2317 3234 quine
2365 3163 2508 3219 ferre
2536 3162 2755 3233 quidem
2805 3161 3084 3217 valeamus
3138 3162 3379 3231 quandiu
3438 3162 3548 3216 vita
3587 3162 3693 3217 hac

2132 3255 2348 3310 mortali
2377 3254 2609 3326 agimus,
2633 3259 2694 3308 ut
2709 3267 2904 3323 puram
2939 3253 3406 3323 incorruptionem
3434 3263 3695 3309 contuea-

2129 3363 2274 3413 mur,
2304 3346 2386 3401 uti
2414 3361 2591 3416 neque
2615 3354 2674 3399 ut
2703 3343 2968 3399 micantes
2997 3344 3127 3399 solis
3149 3345 3333 3399 radios
3365 3346 3538 3400 oculis
3567 3363 3695 3416 por-

2132 3436 2530 3495 temusJudasi
2586 3451 2752 3507 porro
2804 3436 3050 3490 umbram
3086 3436 3360 3506 imaginis,
3409 3438 3624 3491 tertiam
3661 3454 3694 3493 a

2126 3525 2378 3591 veritate,
2412 3525 2871 3580 annuntiaverunt
2904 3542 2920 3579 :
2947 3539 3048 3579 nos
3081 3539 3211 3580 vero
3233 3526 3468 3582 crelestis
3497 3528 3694 3597 guber-

2127 3619 2366 3674 nationis
2392 3617 2683 3688 imaginem
2715 3618 2863 3673 clare
2897 3617 3262 3676 celebramus.
3291 3617 3504 3675 Veritas
3538 3637 3695 3677 nam-

2123 3726 2229 3782 que
2259 3710 2377 3781 ipsa
2398 3716 2588 3765 exacte
2613 3716 2735 3779 post
2754 3709 3207 3769 resurrectionem
3233 3700 3690 3782 manifestabitur,

521 3889 571 3924 ¹⁶
613 3888 788 3944 Exod.
817 3905 947 3954 xxx,
978 3888 1094 3944 1-9.
1170 3891 1211 3923 ¹¹
1255 3888 1415 3945 Hebr.
1455 3907 1507 3958 x,
1541 3891 1591 3944 l.
1672 3890 1714 3923 “
1752 3888 1928 3944 Exod.
1960 3905 2087 3957 xxv,
2115 3890 2206 3945 40.

512 4056 637 4128 (ετ)
679 4052 1169 4128 Ἐφηπλωμένζην.
1199 4053 1378 4128 codex
1423 4052 1582 4119 Μελ,
1615 4050 2024 4128 ξφηπὶωμένον,

449 4123 598 4200 quod
626 4123 800 4198 magis
817 4123 1170 4200 probandum
1195 4125 1428 4200 videtur,
1465 4133 1532 4200 ut_
1548 4124 1821 4200 referatur
1842 4123 1908 4179 ad
1926 4125 2025 4179 κά-

436 4194 642 4273 λυμμα
679 4212 693 4226 ο
720 4194 917 4273 qua—re
944 4194 1187 4273 tollenda
1219 4204 1303 4273 est
1358 4195 1568 4273 virgula
1615 4195 1947 4273 pratcedens,
1969 4204 2025 4250 et

439 4264 835 4342 interpretatio
895 4266 1085 4342 Latina
1137 4266 1216 4342 sic
1245 4264 1467 4326 Graecis;
1492 4266 1567 4320 ita
1616 4264 1902 4342 correctis,
1933 4281 2025 4320 ac-

441 4334 848 4398 commodanda
878 4357 892 4392 :
918 4338 1042 4406 Age,
1067 4334 1364 4390 reducentes
1388 4341 1677 4406 oppansitm
1707 4337 1806 4404 ipsi
1836 4336 2027 4390 linem:

2128 4056 2424 4129 rectionem
2479 4055 2660 4129 differt
2692 4054 3319 4129 perlectamhvisionem,
3377 4066 3432 4115 et
3461 4074 3579 4129 qua:
3605 4070 3690 4118 est

2129 4126 2276 4200 facie
2297 4128 2363 4181 ad
2389 4125 2578 4182 faciem
2604 4125 2722 4200 sine
2745 4126 3138 4200 amigmatihus,
3165 4137 3217 4200 et
3245 4145 3351 4184 non
3368 4146 3431 4184 ex
3454 4125 3603 4200 parte
3625 4149 3686 4187 :a

2131 4212 2238 4267 qua
2266 4198 2590 4253 immensum
2625 4196 2848 4267 distant,
2873 4212 2991 4264 qua:
3016 4198 3206 4252 tribuit
3233 4196 3518 4256 animabus
3542 4212 3685 4257 orat.

2130 4284 2186 4331 ι,
2218 4267 2363 4339 quod
2392 4268 2589 4339 visura
2618 4266 2905 4339 θαυμαστά
2930 4284 3049 4339 τινα
3082 4270 3173 4321 καὶ
3208 4269 3557 4339 ὲκλάμποντα
3589 4274 3685 4326 καὶ

2177 4337 2378 4411 ακάρια
2410 4337 2602 4411 κάλλη,
2771 4340 2931 4392 ὁποῖα
2952 4338 3202 4411 Αὲξειπεῖν
3240 4342 3320 4411 είς
3342 4337 3687 4411 ξάνθρῴπους

441 4408 941 4479 υείαηιεηηιηιάαιη
964 4402 1149 4479 coram
1175 4415 1225 4460 et
1248 4402 1487 4461 cominus
1515 4402 1787 4479 ueritatem
1818 4408 2026 4479 intuea-
2055 4402 2101 4462 Ι)
2127 4402 2406 4479 δυσχερές,
2447 4402 2784 4479 admirabilia
2810 4402 3049 4477 quadam
3089 4418 3137 4462 et
3169 4409 3441 4478 splendida
3460 4402 3508 4465 et
3533 4402 3688 4466 beata

442 4499 587 4537 mur.
602 4479 703 4534 En.
721 4478 922 4534 Luem.
944 4508 1015 4519 —
1042 4478 1524 4546 Ἑφηὲτλωμένην.
1543 4476 1854 4531 Lectionem
1883 4477 2024 4531 hanc

444 4553 577 4606 Vat.
611 4549 803 4605 multis
832 4551 1069 4619 exagitat
1122 4547 1524 4619 editorLupar.
1573 4547 2024 4619 amplectiturque

444 4625 677 4700 alteram
709 4620 846 4675 Maz.
867 4628 921 4674 et
941 4617 1570 4700 Ἁμτιιηεοηπλωμένον,
1606 4617 1750 4700 quod
1803 4617 2022 4700 referat,

444 4692 508 4748 τὸ
541 4691 831 4762 κάλυμμα,
864 4690 1007 4759 quod
1047 4689 1120 4742 ita
1145 4686 1232 4762 ἐπ’
1257 4686 1430 4762 αὐτῷ,
1461 4686 1823 4762 εαρναλίερεηι
1853 4690 2026 4762 cupii:

445 4771 637 4818 catum
680 4758 841 4830 atque
872 4758 1170 4830 expansum
1199 4758 1531 4830 intelligatur
1549 4773 1613 4813 ac
1628 4759 1861 4830 dicatur.
1897 4758 2024 4812 Mihi

447 4841 634 4887 tamen
673 4828 795 4886 Vat.
826 4828 987 4886 lectio
1021 4831 1192 4900 magis
1236 4828 1517 4900 probatur.
1549 4828 1693 4897 quod
1720 4844 1782 4881 ea
1802 4844 1912 4900 vox
1934 4844 2024 4883 re-

446 4904 561 4958 lata
588 4901 655 4955 ad
679 4902 920 4956 velamen
954 4897 1509 4969 superﬂua'sit,cum
1539 4900 1601 4952 τὸ
1631 4900 1718 4951 ἐπ’
1754 4897 1920 4968 αὐτῷ,
1940 4900 2021 4969 vel

446 4972 735 5043 τιθέμενον
795 4972 879 5026 vel
904 4966 1186 5043 κείμενον,
1211 4978 1287 5043 _ut
1347 4968 1640 5043 Apostolus
1705 4966 2021 5043 loquiturll

448 5039 589 5099 Cori
621 5057 704 5104 ιιι,
728 5056 841 5096 rem
867 5039 1083 5095 aliunde
1109 5040 1344 5095 declaret
1370 5039 1510 5094 {nec
1540 5040 1674 5093 alias
1703 5055 1865 5093 voces
1893 5039 2022 5094 sub-

448 5113 759 5169 intellectas
808 5112 986 5180 exigat
1042 5110 1263 5181 phrasis
1302 5111 1393 5164 illa
1440 5109 1720 5181 Methodii.
1747 5107 2025 5179 Ἐξηπλω-

452 5184 627 5256 μένην
668 5182 806 5256 forte
830 5178 1130 5252 scripserit,
1169 5196 1288 5256 quae
1322 5195 1425 5234 vox
1463 5180 1635 5256 magis
1667 5178 1873 5256 _Gra:ca,
1894 5194 2023 5256 nam

449 5249 683 5310 alterius
718 5251 808 5306 vix
838 5249 1015 5305 exstat
1065 5249 1413 5321 exemplum;
1466 5249 1842 5321 ὲφαπλώματα
1899 5249 2026 5303 Ari-

449 5324 638 5402 stoph.
668 5323 723 5402 in
746 5321 1001 5402 Achar-n.7,
1028 5330 1168 5377 teste
1224 5318 1413 5402 Suida,
1442 5329 1601 5402 vocat
1629 5318 1970 5402 πεπλώματα
2004 5335 2019 5349 ο

448 5391 797 5460 redduntque
829 5391 1097 5454 culcitras,
1153 5391 1429 5462 stragulas
1460 5400 1663 5444 vestes:
1701 5391 2021 5445 tenuissima

449 5467 582 5521 item
607 5463 943 5518 indumenta.
958 5462 1051 5531 ,De
1071 5464 1192 5517 velo
1207 5461 1349 5531 quod
1384 5461 1717 5531 obtenditur,
1738 5462 1916 5531 pelius
1942 5462 2024 5513 ὲκ-

447 5535 687 5590 πετάσαι
710 5533 929 5586 dicitur.
956 5530 1170 5586 Veritas
1198 5530 1579 5595 ὲξαπλοῦσθαι,
1611 5530 1885 5601 eumipsa
1927 5546 2024 5584 er—

447 5608 652 5677 plicata
681 5603 935 5674 nudaque
988 5602 1251 5657 cernitur.
1285 5601 1398 5658 Etsi
1454 5611 1583 5658 sunt
1612 5601 1727 5655 haec
1763 5601 2022 5655 minutim

448 5674 531 5732 ia.
557 5674 848 5731 COIBEFIS.

520 5746 632 5808 (83)
652 5744 813 5800 Μετὰ
824 5742 1182 5800 ἀνάστασιν.
1202 5740 1271 5799 Et
1283 5741 1373 5799 hic
1387 5737 1690 5801 Methodius
1704 5750 1825 5811 post
1841 5754 2025 5796 resur-

2124 4477 2344 4549 decora,
2374 4486 2424 4533 et
2477 4494 2593 4549 quae
2619 4477 2916 4549 hominibus
2952 4495 3087 4548 (egre
3115 4477 3281 4533 verbis
3313 4481 3467 4534 liceat
3521 4483 3690 4548 expli-

2125 4566 2266 4605 care.
2304 4547 2439 4604 Esse
2466 4547 2660 4617 nempe
2711 4547 2780 4602 ibi
2806 4549 2978 4618 ipsam
3000 4550 3291 4618 justitiam,
3315 4550 3488 4618 ipsam
3522 4547 3688 4606 casti-

2126 4629 2310 4681 tatem,
2370 4619 2713 4679 charitatem,
2765 4619 3047 4689 veritatem
3098 4627 3152 4674 et
3194 4620 3431 4689 reliquos
3482 4624 3692 4689 pariter

2124 4689 2446 4745 manifestos
2470 4689 2751 4760 sapientiae
2783 4688 2943 4744 llores
2999 4695 3053 4743 et
3082 4688 3566 4760 stirpes,'quarum
3600 4692 3691 4747 hic

2124 4767 2335 4814 tantum
2366 4760 2588 4814 umbras
2615 4758 2896 4821 habemus.
2919 4767 3051 4822 etc.,
3082 4758 3204 4813 nam
3236 4769 3290 4814 et
3318 4760 3452 4819 haec.
3489 4761 3566 4814 uti
3594 4777 3689 4814 eo-

2125 4846 2244 4883 rum
2282 4830 2368 4884 liic
2419 4830 2632 4899 umbra,
2687 4836 2867 4882 creata
2916 4839 3065 4891 sunt,
3099 4829 3368 4899 primique
3424 4830 3516 4885 Dei
3560 4831 3691 4887 elle-

2124 4900 2485 4971 ctus,purius
2538 4898 2625 4971 ibi
2645 4899 2923 4971 intellecti,
2979 4898 3146 4971 etut
3179 4898 3439 4963 rationes,
3484 4902 3685 4971 quibus

2125 4986 2235 5025 non
2270 4968 2387 5039 ipsa
2419 4971 2473 5024 iu
2503 4983 2562 5024 se
2602 4968 2692 5039 Dei
2718 4970 2953 5039 essentia
2983 4970 3216 5028 videtur.
3244 4985 3342 5025 nec
3364 4968 3685 5027 vero’Pala-

2125 5038 2376 5093 mitarum
2406 5054 2611 5102 errore,
2645 5038 2734 5092 Dei
2764 5041 2936 5094 virtus
2957 5042 3208 5095 essentiae
3229 5041 3519 5110 conjuncta
3541 5052 3595 5095 et
3616 5043 3687 5096 ab

2124 5111 2216 5164 illa
2247 5111 2526 5180 distincta,
2560 5125 2680 5179 quae
2708 5111 2779 5180 sit
2821 5111 3123 5180 multiplex,
3180 5126 3302 5164 cum
3342 5113 3581 5167 essentia
3615 5112 3689 5166 sit

2125 5195 2253 5235 una.
2310 5179 2513 5250 Nempe
2569 5179 2851 5250 multiplex
2892 5179 3173 5236 ell‘ectibus
3202 5189 3307 5244 est,
3343 5181 3461 5250 ipsa
3488 5196 3598 5250 una
3628 5190 3688 5236 et

2126 5249 2561 5322 simplicissima;
2580 5256 2720 5322 utet
2739 5253 2998 5322 essentia,
3031 5266 3060 5304 a
3082 5267 3189 5322 qua
3219 5249 3387 5322 penes
3418 5249 3532 5304 sola
3552 5266 3689 5306 con-

2123 5328 2310 5374 notata
2335 5330 2389 5375 et
2437 5320 2744 5375 virtualiter
2781 5320 3503 5389 eminenter’distinguitur.
3550 5322 3690 5377 Aliis

2122 5407 2252 5460 ergo
2284 5392 2420 5446 locis
2446 5405 2603 5461 Opus,
2634 5402 2696 5445 ut
2726 5391 3030 5446 vindicetur
3065 5390 3387 5447 Methodius.
3408 5396 3481 5461 et
3499 5392 3688 5445 traha--

2125 5469 2213 5515 tur
2237 5459 2641 5532 insemel—uiam
2664 5477 2835 5532 quam
2850 5463 3024 5532 longis
3047 5469 3180 5532 post
3193 5459 3531 5532 temporibus
3561 5477 3688 5532 pro-

2126 5479 2213 5515 ltlt‘
2237 5479 2289 5515 ιιι
2318 5479 2641 5517 sententiam
2704 5479 2825 5515 nam
2852 5479 3024 5532 longis
3047 5479 3166 5531 pos:
3193 5479 3531 5526 temporibus
3561 5479 3688 5530 pro-

2126 5532 2271 5586 bavit
2293 5531 2532 5587 Ecclesia
2562 5553 2575 5588 :
2611 5479 2794 5588 videre
2822 5531 2934 5602 jam
2960 5542 3070 5585 tum
3095 5529 3306 5582 animas
3340 5527 3530 5588 Deum.
3566 5530 3689 5598 qui-

2123 5602 2394 5731 busdnihil
2415 5618 2489 5727 lex
2530 5603 2831 5676 superioris
2869 5602 2992 5658 vitae
3039 5601 3094 5656 in
3119 5609 3348 5665 corpore
3379 5608 3530 5654 reatu
3558 5614 3686 5669 pur-

2123 5689 2224 5731 ean
2269 5690 2378 5729 um.
2438 5688 2492 5730 ι).

2123 5688 2378 5746 ganeum.
2416 5688 2492 5730 ID.
