4056 6302
386 303 483 357 ili
1378 302 1436 357 S.
1481 298 1814 358 METHODII
1850 298 2161 357 EPISCOPl
2198 301 2286 356 ET
2328 301 2687 358 MARTYRIS
3520 299 3637 357 H2

382 419 600 490 quando
620 419 735 490 jam
764 419 904 475 facie
925 418 991 473 ad
1018 417 1209 474 faciem
1249 419 1294 451 ¹³
1345 428 1598 475 sanctum
1623 420 1984 480 tabernacun

2052 419 2163 473 ἀλλ’
2187 419 2248 472 οὐ
2275 419 2341 472 δι’
2371 420 2707 491 αἰνιγμάτων
2745 422 2839 473 καὶ
2869 420 2933 472 ὲκ
2966 419 3165 490 μέρους
3192 414 3632 485 ἐποπτεύσομενο

380 526 494 581 lum
546 521 845 595 (cmicstem
898 522 1149 577 nimtrum
1193 521 1480 587 ciuitatem,
1528 522 1682 591 cujus
1729 518 1926 589 artifex
1976 528 2030 575 et
2076 518 2319 575 conditor
2362 517 2505 573 Deus
2535 528 2612 573 est
2642 518 2707 588 ιδ)
2757 533 2867 574 non
2896 526 3076 575 autem
3133 516 3369 590 amplius
3405 515 3637 573 inani-

378 624 561 691 gmate
587 628 644 673 et
664 632 731 672 ex
754 624 905 687 parte
936 615 1339 671 contuebimur.

848 732 976 788 Car.
1013 731 1147 788 Vill.
1167 732 1375 803 Duplex
1412 734 1601 801 altare,
1627 735 1800 790 vidua:
1835 742 1886 789 et
1917 734 2157 803 rirgines.
2201 728 2406 782 Aurum
2445 726 2765 797 virginitatis
2797 727 3112 798 symbolum.

451 851 654 922 Nempe
702 849 871 909 Judaei
923 867 1013 908 res
1035 859 1253 908 nostras
1296 860 1821 922 pramunttavernnt,
1846 866 1945 907 nos

2132 846 2377 900 Ἰουδαῖοι
2425 845 2524 915 μὲν
2574 842 2684 914 γὰρ
2725 843 2792 898 τὰ
2833 845 3080 918 ἡμέτερα
3120 848 3625 920 προανεφὼνησανο

373 944 509 1002 vero
536 943 774 1000 cmlestia
799 946 1255 1015 pranuntiamus;
1292 944 1734 1016 quandoquidem
1764 945 1947 999 taber-

2052 938 2212 1009 ἡμεῖς
2257 936 2313 990 δὲ
2355 937 2424 990 τὰ
2478 933 2703 1006 οὐράνια
2733 935 3174 1008 προαγγέλλομεν
3198 955 3212 968 ·
3261 939 3556 1012 ὲπειδήπερ
3584 942 3629 1012 ἡ

377 1036 634 1091 naculum
662 1036 878 1106 quidem
904 1035 1163 1091 Ecclesiae
1195 1043 1381 1106 typum
1424 1035 1669 1108 gerebat,
1701 1033 1946 1090 Ecclesia

2052 1029 2153 1100 μὲν
2209 1026 2380 1098 σκηνὴ
2431 1023 2698 1096 σύμϐολον
2718 1020 2787 1096 ἦν
2834 1026 2932 1097 τῆς
2978 1027 3320 1098 Ἐκκλησίας,
3349 1031 3383 1100 ἡ
3414 1030 3473 1084 δὲ
3501 1032 3622 1084 Ἐκ-

378 1142 507 1183 vero
527 1127 697 1183 caelos
728 1136 1103 1198 repraesentat.
1127 1126 1264 1183 Cum
1292 1130 1479 1199 itaque
1513 1127 1629 1183 haec
1656 1127 1731 1182 ita
1753 1141 1812 1183 se
1845 1126 1943 1183 ba-

2050 1117 2246 1188 κλησία
2292 1115 2401 1170 τῶν
2442 1113 2706 1188 οὐρανῶν.
2745 1114 2855 1181 Διὸ,
2898 1114 3100 1169 τούτων
3149 1116 3320 1182 οὕτως
3366 1118 3621 1188 ἐχόντων,

374 1220 554 1285 beant,
585 1227 640 1275 et
670 1220 1101 1286 tabernaculum,
1128 1221 1207 1276 uti
1233 1214 1506 1283 dicebam,
1538 1218 1796 1275 Ecclesiae
1818 1227 1944 1291 typo

2049 1209 2144 1262 καὶ
2172 1209 2269 1280 τῆς
2295 1207 2500 1280 σκηνῆς
2544 1208 2602 1260 ὲν
2648 1205 2929 1278 τύπῳεῆς
2974 1207 3318 1281 Ἐκκλησίας,
3351 1210 3427 1275 ὡς
3460 1211 3618 1282 ἔφην,

375 1320 704 1377 assumatur,
733 1310 1028 1368 videndum
1076 1320 1250 1368 restat
1279 1311 1348 1367 ad
1370 1326 1534 1382 quam
1571 1312 1789 1382 praprie
1837 1311 1942 1367 Ec-

2046 1299 2484 1371 λαμϐανομένης,
2515 1298 2622 1371 χρὴ
2666 1300 2761 1352 καὶ
2816 1297 2884 1352 τά
2913 1299 3271 1371 θυσιαστήρια
3297 1300 3547 1373 σύνθημά
3564 1319 3618 1355 τι

374 1404 552 1459 clesize
583 1414 790 1474 partem
823 1411 1133 1475 spectarent
1162 1404 1272 1460 duo
1307 1405 1500 1459 altaria
1545 1420 1781 1476 quorum
1822 1419 1941 1460 me-

2047 1391 2153 1444 τῶν
2184 1390 2324 1445 κατά
2368 1390 2466 1462 τὴν
2516 1389 2843 1462 Ἐκκλησίαν
2882 1390 3223 1462 πραγμάτων
3257 1391 3463 1464 φέρειν,
3506 1394 3618 1447 Καὶ

372 1492 652 1548 minimus.
684 1492 796 1563 Ego
828 1508 960 1548 sane
1012 1495 1167 1564 prius
1196 1492 1414 1563 quidem
1449 1508 1553 1549 aere
1583 1500 1804 1559 tectum,
1854 1508 1942 1549 se-

2044 1483 2105 1536 τὺ
2131 1484 2228 1555 μὲν
2256 1482 2800 1555 περικεχαλκωμένον
2841 1483 3233 1550 ἀπεικάζεσθαι
3258 1487 3324 1557 τῇ
3357 1487 3619 1559 γερουσίᾳ

373 1585 522 1639 natui
557 1593 821 1656 septoque
848 1585 1138 1641 viduarum
1172 1586 1349 1642 simile
1379 1584 1632 1641 dixerim.
1662 1585 1758 1642 Dei
1793 1587 1938 1642 enim

2045 1578 2136 1630 καὶ
2166 1575 2242 1648 τῷ
2262 1575 2532 1646 περιϐόλῳ
2557 1575 2665 1629 τῶν
2687 1575 2869 1649 χηρῶν
2885 1594 2898 1606 ⁸
2919 1576 3052 1631 Θεοῦ
3078 1577 3186 1649 γάρ
3212 1580 3349 1633 εἰσιν
3376 1578 3617 1650 ἔμψυχος

372 1676 591 1746 spirans
621 1689 714 1729 ara
736 1683 884 1738 sunt,
918 1675 983 1729 ad
1012 1689 1172 1745 quam
1197 1674 1401 1745 passim
1433 1672 1734 1730 oﬁ‘eruntur
1784 1675 1940 1730 vituli

2046 1668 2247 1740 βωμὸς,
2271 1671 2351 1733 είς
2385 1668 2444 1723 ὃν
2494 1669 2919 1740 άνακομίζονται
2954 1670 3083 1734 τοὺς
3109 1672 3342 1743 μόσχους
3375 1672 3468 1726 καὶ
3514 1671 3615 1737 τάς

370 1774 428 1823 ct
461 1766 704 1831 decimas,
732 1774 788 1821 et
817 1766 1132 1821 voluntariae
1160 1767 1376 1831 oblatae,
1404 1782 1523 1836 quae
1542 1767 1598 1822 in
1622 1766 1834 1823 Domini
1858 1782 1945 1822 sa-

2007 1763 2015 1812 l
2042 1763 2292 1827 δεκάτας,
2324 1763 2418 1817 καὶ
2445 1762 2515 1816 τὰ
2564 1761 2786 1817 ἑκούσια
2841 1763 3030 1818 Θυσίαν
3061 1764 3359 1837 τελούμενα
3391 1767 3609 1839 Κυρίῳ⁶

372 1859 639 1914 oriﬁcium
665 1858 884 1914 cedunt.
923 1858 1233 1912 lnauratum
1269 1869 1451 1914 autem
1502 1859 1676 1915 altare
1705 1859 1852 1915 intus
1884 1859 1940 1914 in

2039 1852 2099 1906 τὸ
2130 1853 2184 1907 δὲ
2211 1854 2536 1926 περίχρυσον
2576 1854 2974 1927 θυσιαστήριον,
3018 1855 3164 1910 ἔνδον
3184 1859 3241 1910 ὲν
3268 1860 3379 1923 τοῖς
3414 1858 3614 1929 ’Δγίοις

372 1951 591 2008 Sanctis
617 1957 928 2008 sanctorum
964 1950 1283 2021 repositum,
1319 1958 1443 2007 ante
1468 1949 1661 2006 faciem
1690 1950 1940 2007 testimo-

2037 1943 2145 1998 τῶν
2188 1946 2356 2014 ἁγίων
2404 1946 2762 2018 ἀνακείμενον
2788 1947 2929 2001 κατά
2970 1948 3258 2019 πρόσωπον
3284 1950 3379 2004 τοῦ
3411 1969 3613 2025 μαρτυ-

367 2046 470 2112 nii,
500 2045 556 2100 in
589 2058 697 2116 quo
724 2041 1056 2115 prohibitum
1092 2049 1175 2097 est
1205 2041 1386 2097 oﬁ‘erri
1424 2041 1754 2099 sacriﬁcium
1785 2051 1839 2099 et
1865 2043 1936 2099 li-

2039 2037 2177 2108 ρίου,
2211 2039 2290 2101 είς
2318 2037 2347 2091 ὃ
2378 2038 2670 2111 ἀπείρηται
2721 2039 2907 2095 θυσίαν
2947 2042 3041 2095 καὶ
3086 2042 3314 2116 σπονδὴν
3343 2045 3612 2118 ἀναφέρε-

367 2138 586 2203 bamen,
619 2137 688 2192 ad
717 2151 813 2193 eas
840 2151 963 2207 quae
990 2135 1043 2190 in
1071 2142 1217 2191 statu
1248 2135 1518 2207 virginum
1546 2142 1697 2200 sunt,
1720 2134 1936 2192 videtur

2037 2127 2182 2193 σθαι,
2228 2132 2349 2200 ταῖς
2396 2131 2454 2184 ἐν
2510 2130 2777 2204 παρθενίᾳ
2808 2132 3208 2207 παραδλητέον,
3246 2135 3324 2207 τῷ
3348 2138 3612 2212 άκηράτῳ

366 2227 746 2296 referendum;
778 2226 1100 2300 incorrupto
1158 2243 1317 2293 auro,
1373 2228 1805 2298 imputribilibus
1865 2228 1935 2283 ab

2034 2222 2222 2295 χρυσῷ
2273 2222 2342 2277 τά
2394 2225 2613 2296 ἄσηπτα
2664 2227 2947 2292 συνουσίας
3003 2227 3233 2301 σώματα
3282 2232 3613 2303 κατησφαλι-

365 2320 512 2375 omni
536 2321 636 2375 viri
666 2334 968 2390 congressu
1018 2320 1236 2375 illorum
1268 2323 1530 2390 protectis
1586 2320 1930 2391 corporibus.

2035 2314 2279 2385 σμέναις.
2312 2311 2414 2368 Δύο
2445 2316 2552 2390 γὰρ
2569 2317 2636 2371 τὰ
2662 2319 2742 2382 είς
2767 2317 2983 2374 ἔπαινον
3005 2319 3352 2394 θρυλλοῦνται
3382 2324 3608 2397 γρνσοῦ,

363 2414 572 2468 Aurum
603 2412 749 2467 enim
782 2411 997 2467 duabus
1021 2412 1223 2482 passim
1251 2410 1664 2466 commendatur
1692 2411 1933 2477 dotibus,

2113 2444 2114 2453 η
2140 2421 2200 2457 τε
2233 2405 2308 2460 ίὸν
2345 2404 2406 2457 οὗ
2437 2407 2821 2479 παραδέχεται,
2856 2410 2951 2464 καὶ
2975 2412 3072 2482 τὴν
3094 2414 3281 2485 χροιὰν
3312 2419 3431 2477 ταῖς
3455 2417 3609 2488 ἡλίου
3704 2480 3715 2489 η

364 2514 481 2560 tum
510 2502 657 2574 quod
676 2502 983 2574 rubiginem
1012 2519 1121 2558 non
1170 2501 1429 2568 admittit,
1485 2508 1601 2556 tum
1633 2503 1777 2572 quod
1828 2500 1936 2556 ful-

2038 2495 2274 2567 μετρίως
2309 2497 2783 2571 παραπλησιάζειν
2840 2502 3168 2572 φαντάζεται
3206 2506 3413 2576 βολαῖς’
3467 2509 3605 2582 σύμ-

360 2611 494 2668 gore
548 2595 737 2651 innato
787 2593 1067 2651 radiorum
1113 2594 1246 2650 solis
1268 2593 1504 2667 speciem
1537 2609 1706 2665 prope
1728 2592 1936 2651 referre

2034 2587 2187 2643 ϐολον
2218 2590 2276 2644 δὲ
2331 2591 2557 2656 εἰκότως
2609 2585 2717 2665 ἄρα
2759 2593 2918 2649 τοῦτο
2945 2596 3046 2668 τῆς
3107 2598 3335 2667 ἁγνείας
3375 2601 3476 2672 τῆς
3532 2603 3608 2676 μὴ

362 2688 602 2746 videtur.
634 2686 835 2758 Aptum
858 2687 913 2742 in
941 2695 1174 2757 utroque
1222 2685 1552 2755 virginitatis
1605 2685 1931 2757 symbolum,

2034 2681 2398 2755 προσιεμένης
2439 2683 2556 2737 ἐστὶ
2596 2685 2788 2756 κηλίδα
2826 2689 2918 2743 καὶ
2952 2690 3158 2757 σπῖλον,
3184 2692 3321 2747 ἀλλὰ.
3344 2694 3439 2748 καὶ
3469 2697 3608 2765 φωτὶ

361 2780 543 2836 nullas
568 2780 907 2835 admittentis
936 2779 1127 2835 sordes
1156 2794 1220 2834 ac
1252 2780 1518 2845 maculas,
1561 2779 1656 2836 sed
1691 2786 1745 2835 et
1768 2777 1932 2833 Verbi

2033 2778 2590 2850 καταστραπτομένης
2634 2780 2719 2833 ἀεὶ
2764 2781 2855 2834 τοῦ
2885 2782 3081 2851 Λόγου.
3119 2784 3210 2837 Διὸ
3235 2786 3329 2840 καὶ
3359 2785 3504 2840 ἔνδον
3527 2790 3607 2851 εἰς

364 2886 582 2943 semper
641 2871 763 2927 luce
811 2871 1232 2943 resplendeutis.
1262 2869 1523 2944 latusque
1560 2880 1846 2944 propterea
1873 2873 1931 2927 in

2030 2866 2100 2921 τὰ
2133 2867 2300 2934 Ἀγια
2323 2866 2432 2922 τῶν
2483 2869 2654 2937 ἁγίων
2716 2871 2912 2944 ἕστηκε
2949 2873 3353 2947 πλησιαίτερον,
3383 2880 3477 2931 καὶ
3508 2877 3605 2948 ἔμ-

364 2963 580 3021 Sanctis
607 2970 922 3020 sanctorum
950 2962 1185 3019 vicinius
1236 2970 1366 3028 stat,
1399 2973 1453 3020 et
1486 2972 1611 3020 ante
1641 2966 1819 3020 velum
1846 2965 1933 3019 in-

2033 2959 2266 3031 προσθεν
2289 2959 2400 3032 (84)
2430 2961 2524 3014 τοῦ
2574 2965 3077 3036 παραπετάσματος
3107 2968 3396 3040 ἀχράντοις
3425 2972 3601 3042 χερσὶ,

358 3059 639 3116 temeratis
661 3056 914 3114 manibus
950 3056 1161 3111 incensi
1195 3055 1388 3120 instar,
1416 3064 1666 3127 acceptas
1702 3055 1930 3112 Domino
1958 3127 1960 3132 ι

2032 3050 2388 3123 θυμιαμάτων
2436 3052 2610 3124 δίκην,
2663 3055 2763 3120 τὰς
2803 3059 3606 3132 προσευχὰς.ἀναπεμπάζουσα

359 3166 550 3223 preces
603 3149 658 3203 in
697 3148 920 3205 odorem
980 3147 1266 3203 suavitatis
1327 3146 1619 3204 submittit.
1677 3146 1829 3203 Sicut
1875 3143 1961 3204 et'

2001 3147 2004 3163 ’
2034 3143 2245 3215 Κυρίῳ,
2273 3144 2465 3210 δεκτὰς
2487 3148 2566 3211 είς
2592 3147 2764 3220 ὀσμὴν
2797 3150 3023 3215 εὐωδίας
3045 3169 3057 3181 ·
3089 3151 3269 3216 καθὼς
3296 3153 3390 3208 καὶ
3422 3155 3603 3209 Ἰωάν-

354 3243 597 3301 Joannes
632 3241 956 3313 signiﬁcavit
1011 3242 1077 3310 ",
1110 3241 1396 3296 incensum
1444 3240 1590 3311 quod
1649 3240 1703 3295 in
1732 3241 1933 3311 phialis

2030 3250 2128 3306 νης
2158 3236 2419 3308 ἐμήνυσε,
2450 3238 2519 3293 τὰ
2551 3237 2871 3312 θυμιάματα
2898 3241 2968 3296 τά
2998 3243 3056 3297 ὲν
3100 3247 3219 3308 ταῖς
3250 3246 3469 3316 φιάλαις
3496 3247 3608 3301 τῶν

354 3335 551 3405 viginti
571 3345 805 3406 quatuor
834 3336 1108 3391 seniorum
1140 3341 1280 3399 erat,
1310 3340 1623 3389 sanctorum
1655 3333 1931 3390 orationes

2031 3327 2484 3398 εἰκοσιτεσσάρων
2502 3331 2908 3407 πρεσϐυτέρων,
2936 3336 3241 3407 προσευχάς
3262 3339 3430 3406 ἁγίων
3462 3335 3607 3396 εἷναι

355 3441 477 3482 esse
501 3425 709 3483 dicens.
736 3425 861 3481 llaec
885 3426 980 3481 tibi
1002 3428 1068 3480 de
1100 3424 1368 3490 castitate,
1400 3430 1563 3496 prout
1592 3424 1645 3478 in
1672 3433 1924 3496 promptu

2029 3418 2262 3489 φράσας.
2300 3420 2483 3475 Ταῦτά
2506 3439 2587 3476 σοι
2613 3423 2689 3488 ὡς
2713 3426 2777 3478 ἐκ
2793 3424 2886 3478 τοῦ
2920 3428 3260 3500 παραχρῆμα
3288 3429 3441 3499 κάγὼ
3462 3431 3605 3486 κατά

354 3520 531 3588 licuit,
563 3529 616 3576 et
643 3536 743 3592 ego
763 3536 863 3591 pro
902 3520 1133 3585 viribus,
1160 3535 1194 3574 ο
1222 3518 1407 3584 Arete,
1437 3517 1679 3574 confero.

2028 3506 2254 3580 δύναμιν
2285 3509 2424 3582 ὑπὲρ
2454 3512 2695 3580 ἁγνείας,
2725 3508 2770 3568 ὧ
2815 3515 3031 3587 Ἀρετὴ,
3065 3516 3458 3589 συμϐάλλομαι.

424 3610 553 3668 Haec
595 3613 775 3669 locuta
829 3610 1125 3676 Thallusa,
1183 3612 1363 3667 aiebat
1413 3610 1738 3681 Theopatra,
1796 3608 1924 3666 Are-

2100 3598 2374 3671 Είπούσης
2415 3600 2472 3655 δὲ
2508 3602 2682 3658 ταῦτα
2710 3605 2809 3676 τῆς
2860 3606 3188 3680 Θαλλοὺσης,
3242 3611 3280 3680 ή
3317 3609 3605 3685 Θεοπάτρα

354 3710 448 3759 ten
487 3712 702 3775 sceptro
738 3703 1004 3774 Agatham
1041 3703 1306 3774 tetigisse,
1357 3702 1627 3773 hancque,
1668 3698 1833 3757 simul
1856 3713 1919 3755 ac

2026 3688 2131 3762 ἔφη
2159 3689 2237 3761 τῷ
2260 3693 2522 3764 σκήπτρῳ
2570 3693 2669 3765 τὴν
2727 3696 2950 3769 Ἀρετὴν
2985 3697 3189 3768 ψαῦσαι
3212 3701 3309 3772 τῆς
3344 3701 3598 3773 Ἀγαθῆς,

353 3794 546 3861 sensit,
572 3794 971 3863 exsurrexisse,
995 3800 1050 3850 et
1082 3793 1163 3849 sic
1188 3792 1553 3864 respondisse.

2023 3781 2122 3852 τὴν
2167 3782 2211 3835 δ’
2262 3782 2588 3859 αἰσθομένην
2633 3785 2835 3852 εὐθέως
2896 3790 3196 3863 ἀναστῆναι
3242 3792 3336 3846 καὶ
3382 3794 3607 3866 ἀποκρὶ-

2026 3875 2242 3929 νασθαι.

2026 3892 2242 3930 νασυαι.

785 4076 1242 4171 ORATIO
1313 4079 1480 4167 Vl.

1471 4141 1480 4166 .
2556 4088 2914 4177 ΛΟΓΟΣ
2970 4102 3073 4175 cr.

986 4227 1288 4284 AGATHA.

2685 4240 2932 4296 ΔΓΑΘΗ.

351 4346 477 4402 CAP.
512 4344 551 4402 l.
590 4345 823 4418 Virginis
850 4345 1052 4401 decoris
1078 4344 1279 4399 tenacis
1299 4346 1634 4414 praestantia.
1660 4347 1869 4485 Animi;
1885 4346 1955 4400 ad
1985 4346 2083 4403 Dei
2107 4350 2379 4420 imaginis,
2410 4351 2468 4403 id
2489 4361 2567 4407 est
2602 4351 2758 4420 Filii,
2785 4355 3087 4426 imaginem.
3117 4355 3379 4415 Diabolus
3404 4361 3605 4418 animi:

1874 4434 2046 4472 rocus.

1874 4434 2026 4472 rocus
2033 4459 2046 4470 .

427 4532 563 4588 Cum
587 4532 756 4588 multa
788 4531 986 4588 ﬁducia
1012 4540 1128 4587 tum
1160 4528 1523 4603 persuadendi
1553 4529 1697 4601 quod
1724 4530 1923 4600 dicam,
1959 4534 2004 4590 D

2003 4563 2004 4566 η
2104 4531 2224 4587 Ὅτι
2269 4535 2405 4604 μετά
2443 4536 2640 4610 πολλῆς
2672 4538 2962 4610 εὐτολμίας
2998 4544 3089 4596 καὶ
3110 4543 3350 4609 πειθοῦς,
3380 4547 3473 4600 καὶ
3496 4534 3605 4619 τῆς

350 4628 468 4679 tum
491 4623 628 4679 bene
652 4638 716 4678 ac
746 4623 980 4680 feliciter
1002 4622 1316 4693 perorandi,
1350 4635 1387 4676 ο
1412 4620 1595 4686 Arete,
1624 4619 1922 4691 suscipiam

2028 4622 2122 4678 τοῦ
2155 4625 2333 4690 καλῶς
2370 4629 2541 4684 εἰπεῖν
2574 4631 2911 4704 ὑπολήψεως,
2937 4627 2982 4688 ὧ
3025 4636 3236 4708 Ἀρετὴ,
3274 4638 3368 4692 σοῦ
3422 4658 3597 4714 παρο-

420 4762 466 4794 ¹³
496 4759 525 4816 I
545 4759 673 4817 Cor.
695 4775 818 4829 xm,
849 4759 936 4817 l2.
1018 4759 1063 4792 “
1090 4757 1257 4816 Hebr.
1283 4774 1361 4825 ιι,
1386 4757 1475 4813 l0.
1558 4758 1602 4789 ¹⁵
1628 4755 1792 4827 Apoc.
1817 4774 1871 4824 ν,
1898 4757 1951 4813 8.

421 4903 555 4980 (8})_
595 4904 991 4973 Ἐμπροσθεν.
1022 4902 1179 4971 Quod
1227 4903 1390 4980 paulo
1427 4901 1684 4980 superius
1725 4916 1916 4980 recen-
2018 4922 2023 4958 ι

2018 4901 2253 4959 scribam
2280 4906 2644 4980 exscripsisse
2667 4907 3005 4980 Πνεῦματος.
3036 4909 3301 4964 Nimirum
3325 4917 3516 4967 contra
3537 4920 3593 4968 et

345 4971 720 5048 sendo'iipsu‘m
747 4971 960 5048 textum
998 4971 1559 5048 sacrum'scripserat,
1600 4972 1696 5048 καὶ
1722 4971 1917 5048 ﬁdicen;
2014 4989 2188 5048 pr0pe_
2204 4982 2259 5029 et
2287 4984 2414 5048 ante
2460 4971 2642 5032 velum
2695 4971 2842 5048 quod
2871 4971 3053 5034 arcam
3116 4981 3340 5036 t‘mderis
3371 4989 3425 5036 et
3457 4997 3589 5035 san-

346 5045 481 5099 αὑτὸ
512 5041 767 5121 ἀπέναντι
800 5046 894 5121 τοῦ
927 5041 1439 5121 καταπετάσματος,
1449 5044 1745 5121 constitues
1780 5041 1915 5096 illud

2015 5041 2289 5097 ctuarium
2337 5047 2647 5121 obtegebat,
2680 5041 2993 5105 constitutae
3046 5051 3307 5121 virgines,
3345 5053 3493 5106 velut
3513 5053 3593 5106 al-

346 5118 749 5192 contravelum,
773 5116 898 5192 sive
950 5125 1077 5171 ante
1116 5131 1181 5169 ac
1222 5112 1377 5192 juxta
1405 5115 1561 5192 illud2
1595 5114 1684 5192 hic
1708 5112 1917 5185 ἕμπρο-
2017 5125 2134 5192 tare
2155 5112 2592 5192 aureum,_quasi
2628 5112 2682 5192 in
2715 5121 2981 5192 vestibulo
3010 5112 3252 5190 ipsorum
3277 5112 3593 5192 adytorum,

348 5186 471 5262 σθεν
493 5185 634 5262 dicit
625 5203 673 5262 _;
697 5185 788 5262 ubi
820 5201 920 5255 pro
966 5187 1475 5262 καταπετάσματος,
1537 5184 1683 5262 [mdo
1730 5183 1917 5262 errore

2014 5183 2467 5262 iisquereliquis'
2508 5190 2971 5260 propinquiores;
3003 5183 3301 5262 q'ua:__laus
3344 5183 3587 5262 ἔκειιὶωὰ

345 5256 600 5339 ᾼΙιαιίυε,
624 5254 1196 5339 Πνειξματοςζιιιιρειις.
1221 5254 1467 5339 ,Πατρός
1484 5272 1497 5287 ο
1554 5255 1703 5339 nulla
1718 5254 1910 5339 .bujus

2013 5254 2474 5339 Virginitatis'.__Ac
2508 5254 2681 5339 —Itum_
2700 5254 2965 5339 era-causa
2994 5254 3098 5315 mei
3130 5259 3395 5339 Νηρηὶ-ἰ,
3423 5261 3476 5315 id
3503 5269 3588 5316 est

346 5330 481 5381 tanti
512 5329 595 5382 vel
629 5325 795 5382 errati
825 5328 906 5381 vel
935 5327 1267 5382 discriminis
1304 5325 1600 5391 mentione,
1630 5325 1734 5380 etsi
1759 5332 1911 5378 tanta
2015 5325 2295 5396 monachi,
2331 5327 2483 5391 olim,
2508 5342 2632 5382 cum
2668 5329 2793 5383 laici
2822 5332 2999 5385 solum
3030 5340 3235 5396 essent,
3267 5332 3362 5386 sed
3405 5340 3589 5385 tamen

346 5396 404 5450 in
434 5398 677 5468 singulas
708 5397 936 5471 paginas
961 5397 1286 5471 variantium
1330 5397 1621 5471 lectionum
1653 5399 1912 5471 adnotata
2017 5395 2235 5471 caelibes
2257 5402 2311 5450 et
2332 5398 2909 5471 cultores,_gﬁdelis_que
2950 5400 3120 5469 plebis
3170 5395 3297 5471 pars
3322 5403 3584 5462 sanctior,

347 5463 670 5541 segesfquze
708 5463 918 5538 saipius
973 5468 1276 5541 scribarum
1307 5465 1735 5541 potiu§__menda
1768 5473 1910 5541 sunt
2016 5463 2085 5517 ad
2138 5464 2284 5520 fores
2325 5463 2625 5541 sanctuarii
2671 5485 2735 5524 ac
2789 5463 3272 5540 juxta'cancelios,
3324 5472 3379 5525 in
3409 5472 3588 5541 capite

347 5534 438 5589 aut
469 5534 643 5607 plagia
665 5534 829 5607 quam
850 5554 940 5595 res
969 5540 1102 5592 satis
1158 5534 1437 5612 momenti.
1465 5535 1564 5590 llic
1602 5537 1736 5612 satis
1767 5534 1909 5612 indi-
2016 5541 2195 5612 cretus
2242 5538 2424 5612 omnis
2474 5540 2735 5612 ﬁdelium,
2763 5534 2816 5612 οἱ
2840 5542 3083 5612 proxime
3124 5534 3408 5612 posta-ob;
3435 5534 3586 5612 ἱέρα-

344 5604 501 5663 casse
526 5604 811 5679 :Ai‘ave‘tque
857 5625 993 5664 mea:
1036 5606 1402 5663 emendationi
1442 5610 1694 5679 superius
1737 5607 1907 5679 ad_no-
2015 5604 2272 5679 τεύοντας
2298 5609 2588 5679 stationem
2619 5604 3292 5666 habebant?Erant'certe
3318 5604 3589 5667 etilli'al-

345 5677 555 5753 tatahad
592 5678 618 5749 §
644 5673 865 5753 _4_liujn_s
889 5686 1054 5742 orat.,
1080 5681 1183 5753 ubi
1195 5693 1434 5753 prorsus
1483 5673 1772 5753 scripsisse
1793 5673 1906 5729 Me-

2014 5684 2134 5729 tare
2178 5677 2310 5731 illud
2348 5693 2592 5753 aureum
2619 5680 2927 5752 ἔμπροσθεν
2977 5680 3073 5734 τοῦ
3145 5680 3584 5753 παραπετάσμα-

345 5746 798 5816 ιιιοιιὶιιιυ’Λόγον
820 5751 1032 5820 Πατρός
1060 5746 1455 5820 conjiciebam;
1489 5748 1744 5804 inscitum
1776 5760 1907 5800 vero
2014 5762 2125 5812 τος,
2160 5755 2322 5818 atque
2352 5765 2495 5805 nunc
2525 5746 2686 5806 etiam
2715 5746 3009 5818 exsistunt,
3035 5768 3159 5807 cum
3202 5746 3314 5823 j'am
3348 5746 3587 5807 fere'au-
