  <div class='ocr_page' id='page_1' title='image "/cluster/home/n/w/nwhite01/storage/ocr_20150623/18/mdp.39015008168943/064.png"; bbox 0 0 4056 6302; ppageno 0'>
   <div class='ocr_carea' id='block_1_1' title="bbox 415 417 516 475">
    <p class='ocr_par' dir='ltr' id='par_1_1' title="bbox 415 417 516 475">
     <span class='ocr_line' id='line_1_1' title="bbox 415 417 516 475; baseline 0.02 -2"><span class='ocrx_word' id='word_1_1' title='bbox 415 417 516 475; x_wconf 75' lang='grc'><strong>115</strong></span> 
     </span>
    </p>
   </div>
   <div class='ocr_carea' id='block_1_2' title="bbox 1476 423 2518 480">
    <p class='ocr_par' dir='ltr' id='par_1_2' title="bbox 1476 423 2518 480">
     <span class='ocr_line' id='line_1_2' title="bbox 1476 423 2518 480; baseline 0.001 -1"><span class='ocrx_word' id='word_1_2' title='bbox 1476 424 1854 480; x_wconf 73' lang='lat' dir='ltr'><strong>CONVIVIUM</strong></span> <span class='ocrx_word' id='word_1_3' title='bbox 1897 424 2123 480; x_wconf 86' lang='lat' dir='ltr'><strong>DECEM</strong></span> <span class='ocrx_word' id='word_1_4' title='bbox 2163 423 2518 480; x_wconf 79' lang='lat' dir='ltr'><strong>VIRGINUM.</strong></span> 
     </span>
    </p>
   </div>
   <div class='ocr_carea' id='block_1_3' title="bbox 3538 429 3639 486">
    <p class='ocr_par' dir='ltr' id='par_1_3' title="bbox 3538 429 3639 486">
     <span class='ocr_line' id='line_1_3' title="bbox 3538 429 3639 486; baseline 0.059 -6"><span class='ocrx_word' id='word_1_5' title='bbox 3538 429 3639 486; x_wconf 74' lang='grc' dir='ltr'><strong>ιη</strong></span> 
     </span>
    </p>
   </div>
   <div class='ocr_carea' id='block_1_4' title="bbox 416 539 1963 618">
    <p class='ocr_par' dir='ltr' id='par_1_4' title="bbox 416 539 1963 618">
     <span class='ocr_line' id='line_1_4' title="bbox 416 539 1963 618; baseline 0.003 -25"><span class='ocrx_word' id='word_1_6' title='bbox 416 539 746 613; x_wconf 84' lang='grc' dir='ltr'>μαρτούσης,</span> <span class='ocrx_word' id='word_1_7' title='bbox 789 541 1116 614; x_wconf 84' lang='grc' dir='ltr'>πειράσομαι</span> <span class='ocrx_word' id='word_1_8' title='bbox 1171 545 1236 614; x_wconf 80' lang='grc' dir='ltr'>δὴ</span> <span class='ocrx_word' id='word_1_9' title='bbox 1269 546 1410 599; x_wconf 86' lang='grc' dir='ltr'>κατὰ</span> <span class='ocrx_word' id='word_1_10' title='bbox 1461 545 1690 618; x_wconf 85' lang='grc' dir='ltr'>δύναμιν</span> <span class='ocrx_word' id='word_1_11' title='bbox 1716 547 1869 616; x_wconf 81' lang='grc' dir='ltr'>κάγὼ</span> <span class='ocrx_word' id='word_1_12' title='bbox 1902 549 1963 600; x_wconf 72' lang='grc' dir='ltr'>εἰς</span> 
     </span>
    </p>
   </div>
   <div class='ocr_carea' id='block_1_5' title="bbox 2065 539 3644 618">
    <p class='ocr_par' dir='ltr' id='par_1_5' title="bbox 2084 542 3644 616">
     <span class='ocr_line' id='line_1_5' title="bbox 2084 542 3644 616; baseline 0.001 -19"><span class='ocrx_word' id='word_1_13' title='bbox 2084 545 2417 616; x_wconf 77' lang='lat' dir='ltr'><strong>provinciam</strong></span> <span class='ocrx_word' id='word_1_14' title='bbox 2439 559 2600 616; x_wconf 89' lang='lat' dir='ltr'><strong>quam</strong></span> <span class='ocrx_word' id='word_1_15' title='bbox 2632 544 2892 616; x_wconf 88' lang='lat' dir='ltr'><strong>imponis,</strong></span> <span class='ocrx_word' id='word_1_16' title='bbox 2924 544 2972 598; x_wconf 88' lang='lat' dir='ltr'><strong>si</strong></span> <span class='ocrx_word' id='word_1_17' title='bbox 3020 550 3077 597; x_wconf 92' lang='lat' dir='ltr'><strong>tu</strong></span> <span class='ocrx_word' id='word_1_18' title='bbox 3103 542 3233 598; x_wconf 86' lang='lat' dir='ltr'><strong>mihi</strong></span> <span class='ocrx_word' id='word_1_19' title='bbox 3269 549 3468 614; x_wconf 63' lang='lat' dir='ltr'><strong>praesto</strong></span> <span class='ocrx_word' id='word_1_20' title='bbox 3497 543 3644 598; x_wconf 81' lang='lat' dir='ltr'><strong>fave-</strong></span> 
     </span>
    </p>
   </div>
   <div class='ocr_carea' id='block_1_6' title="bbox 412 631 1980 711">
    <p class='ocr_par' dir='ltr' id='par_1_6' title="bbox 412 631 1980 711">
     <span class='ocr_line' id='line_1_6' title="bbox 412 631 1980 711; baseline 0.004 -26"><span class='ocrx_word' id='word_1_21' title='bbox 412 631 474 685; x_wconf 83' lang='grc' dir='ltr'>τὸ</span> <span class='ocrx_word' id='word_1_22' title='bbox 505 632 861 704; x_wconf 85' lang='grc' dir='ltr'>προκείμενον</span> <span class='ocrx_word' id='word_1_23' title='bbox 907 635 1316 704; x_wconf 82' lang='grc' dir='ltr'>εἰσενέγκασθαί</span> <span class='ocrx_word' id='word_1_24' title='bbox 1343 655 1414 701; x_wconf 90' lang='grc' dir='ltr'><strong>τι,</strong></span> <span class='ocrx_word' id='word_1_25' title='bbox 1438 640 1556 691; x_wconf 80' lang='grc' dir='ltr'>κατ’</span> <span class='ocrx_word' id='word_1_26' title='bbox 1589 638 1830 711; x_wconf 84' lang='grc' dir='ltr'>ἐμαυτὴν</span> <span class='ocrx_word' id='word_1_27' title='bbox 1856 640 1980 710; x_wconf 80' lang='grc' dir='ltr'><strong>μὲν-</strong></span> 
     </span>
    </p>
   </div>
   <div class='ocr_carea' id='block_1_7' title="bbox 2081 633 3639 706">
    <p class='ocr_par' dir='ltr' id='par_1_7' title="bbox 2081 633 3639 706">
     <span class='ocr_line' id='line_1_7' title="bbox 2081 633 3639 706; baseline -0.001 -17"><span class='ocrx_word' id='word_1_28' title='bbox 2081 636 2178 690; x_wconf 90' lang='lat' dir='ltr'><strong>ris.</strong></span> <span class='ocrx_word' id='word_1_29' title='bbox 2208 634 2410 706; x_wconf 83' lang='lat' dir='ltr'><strong>Nempe</strong></span> <span class='ocrx_word' id='word_1_30' title='bbox 2436 634 2677 690; x_wconf 84' lang='lat' dir='ltr'><strong>conabor</strong></span> <span class='ocrx_word' id='word_1_31' title='bbox 2699 641 2756 691; x_wconf 82' lang='lat' dir='ltr'><strong>et</strong></span> <span class='ocrx_word' id='word_1_32' title='bbox 2775 649 2876 706; x_wconf 91' lang='lat' dir='ltr'><strong>ego</strong></span> <span class='ocrx_word' id='word_1_33' title='bbox 2908 633 2974 688; x_wconf 90' lang='lat' dir='ltr'><strong>ad</strong></span> <span class='ocrx_word' id='word_1_34' title='bbox 3007 633 3313 704; x_wconf 85' lang='lat' dir='ltr'><strong>argumenti</strong></span> <span class='ocrx_word' id='word_1_35' title='bbox 3377 633 3639 702; x_wconf 90' lang='lat' dir='ltr'><strong>propositi</strong></span> 
     </span>
    </p>
   </div>
   <div class='ocr_carea' id='block_1_8' title="bbox 413 724 1963 802">
    <p class='ocr_par' dir='ltr' id='par_1_8' title="bbox 413 725 1963 802">
     <span class='ocr_line' id='line_1_8' title="bbox 413 725 1963 802; baseline 0.003 -25"><span class='ocrx_word' id='word_1_36' title='bbox 413 740 514 788; x_wconf 88' lang='grc' dir='ltr'>τοι,</span> <span class='ocrx_word' id='word_1_37' title='bbox 551 725 643 777; x_wconf 70' lang='grc' dir='ltr'>καὶ</span> <span class='ocrx_word' id='word_1_38' title='bbox 671 726 734 777; x_wconf 81' lang='grc' dir='ltr'><strong>οὐ</strong></span> <span class='ocrx_word' id='word_1_39' title='bbox 765 725 902 797; x_wconf 82' lang='grc' dir='ltr'>πρὸς</span> <span class='ocrx_word' id='word_1_40' title='bbox 930 726 997 780; x_wconf 74' lang='grc' dir='ltr'>τὰ</span> <span class='ocrx_word' id='word_1_41' title='bbox 1030 728 1311 799; x_wconf 81' lang='grc' dir='ltr'>εἰρημένα.</span> <span class='ocrx_word' id='word_1_42' title='bbox 1345 729 1419 782; x_wconf 84' lang='grc' dir='ltr'><strong>Οὐ</strong></span> <span class='ocrx_word' id='word_1_43' title='bbox 1452 729 1562 801; x_wconf 81' lang='grc' dir='ltr'><strong>γὰρ</strong></span> <span class='ocrx_word' id='word_1_44' title='bbox 1619 730 1682 784; x_wconf 83' lang='grc' dir='ltr'><strong>ἂν</strong></span> <span class='ocrx_word' id='word_1_45' title='bbox 1714 731 1963 802; x_wconf 53' lang='grc' dir='ltr'>δυναίμηη</span> 
     </span>
    </p>
   </div>
   <div class='ocr_carea' id='block_1_9' title="bbox 2065 724 3638 802">
    <p class='ocr_par' dir='ltr' id='par_1_9' title="bbox 2082 724 3638 796">
     <span class='ocr_line' id='line_1_9' title="bbox 2082 724 3638 796; baseline -0.003 -12"><span class='ocrx_word' id='word_1_46' title='bbox 2082 729 2457 784; x_wconf 86' lang='lat' dir='ltr'><strong>tractationem</strong></span> <span class='ocrx_word' id='word_1_47' title='bbox 2488 727 2738 782; x_wconf 76' lang='lat' dir='ltr'><strong>conferre</strong></span> <span class='ocrx_word' id='word_1_48' title='bbox 2757 725 2992 796; x_wconf 90' lang='lat' dir='ltr'><strong>aliquid;</strong></span> <span class='ocrx_word' id='word_1_49' title='bbox 3025 724 3489 779; x_wconf 84' lang='lat' dir='ltr'><strong>accommodatum</strong></span> <span class='ocrx_word' id='word_1_50' title='bbox 3515 727 3638 796; x_wconf 75' lang='lat' dir='ltr'><strong>qui-~</strong></span> 
     </span>
    </p>
   </div>
   <div class='ocr_carea' id='block_1_10' title="bbox 413 815 1981 894">
    <p class='ocr_par' dir='ltr' id='par_1_10' title="bbox 413 815 1981 894">
     <span class='ocr_line' id='line_1_10' title="bbox 413 815 1981 894; baseline 0.004 -27"><span class='ocrx_word' id='word_1_51' title='bbox 413 815 684 886; x_wconf 73' lang='grc' dir='ltr'><strong>ἐφάμιλλα</strong></span> <span class='ocrx_word' id='word_1_52' title='bbox 707 817 912 882; x_wconf 82' lang='grc' dir='ltr'><strong>τούτοις</strong></span> <span class='ocrx_word' id='word_1_53' title='bbox 939 818 1078 872; x_wconf 80' lang='grc' dir='ltr'>οὕτω</span> <span class='ocrx_word' id='word_1_54' title='bbox 1101 820 1356 885; x_wconf 82' lang='grc' dir='ltr'><strong>ποικίλως</strong></span> <span class='ocrx_word' id='word_1_55' title='bbox 1385 824 1477 876; x_wconf 74' lang='grc' dir='ltr'><strong>καὶ</strong></span> <span class='ocrx_word' id='word_1_56' title='bbox 1502 823 1765 894; x_wconf 85' lang='grc' dir='ltr'><strong>λαμπρῶς</strong></span> <span class='ocrx_word' id='word_1_57' title='bbox 1795 824 1981 894; x_wconf 86' lang='grc' dir='ltr'>ἀπειρ-</span> 
     </span>
    </p>
   </div>
   <div class='ocr_carea' id='block_1_11' title="bbox 413 904 1976 982">
    <p class='ocr_par' dir='ltr' id='par_1_11' title="bbox 413 904 1976 982">
     <span class='ocr_line' id='line_1_11' title="bbox 413 904 1976 982; baseline 0.005 -26"><span class='ocrx_word' id='word_1_58' title='bbox 413 904 704 974; x_wconf 77' lang='grc' dir='ltr'>γασμένοις</span> <span class='ocrx_word' id='word_1_59' title='bbox 757 905 1079 976; x_wconf 85' lang='grc' dir='ltr'>φιλοσοφεῖν.</span> <span class='ocrx_word' id='word_1_60' title='bbox 1120 909 1265 973; x_wconf 81' lang='grc' dir='ltr'>Δόξω</span> <span class='ocrx_word' id='word_1_61' title='bbox 1289 911 1399 982; x_wconf 83' lang='grc' dir='ltr'><strong>γὰρ</strong></span> <span class='ocrx_word' id='word_1_62' title='bbox 1430 910 1794 981; x_wconf 81' lang='grc' dir='ltr'>ἀποφέρεσθαι</span> <span class='ocrx_word' id='word_1_63' title='bbox 1812 911 1976 981; x_wconf 75' lang='grc' dir='ltr'>ψόγον</span> 
     </span>
    </p>
   </div>
   <div class='ocr_carea' id='block_1_12' title="bbox 413 993 1980 1072">
    <p class='ocr_par' dir='ltr' id='par_1_12' title="bbox 413 993 1980 1072">
     <span class='ocr_line' id='line_1_12' title="bbox 413 993 1980 1072; baseline 0.006 -27"><span class='ocrx_word' id='word_1_64' title='bbox 413 993 756 1066; x_wconf 79' lang='grc' dir='ltr'>ἀϐελτηρίας,</span> <span class='ocrx_word' id='word_1_65' title='bbox 803 999 852 1050; x_wconf 88' lang='grc' dir='ltr'><strong>εἰ</strong></span> <span class='ocrx_word' id='word_1_66' title='bbox 883 1001 995 1062; x_wconf 85' lang='grc' dir='ltr'>τοῖς</span> <span class='ocrx_word' id='word_1_67' title='bbox 1044 999 1186 1052; x_wconf 87' lang='grc' dir='ltr'><strong>κατά</strong></span> <span class='ocrx_word' id='word_1_68' title='bbox 1216 1001 1407 1070; x_wconf 81' lang='grc' dir='ltr'>σοφίαν</span> <span class='ocrx_word' id='word_1_69' title='bbox 1439 999 1780 1066; x_wconf 79' lang='grc' dir='ltr'>ἐξισάζεσθαι</span> <span class='ocrx_word' id='word_1_70' title='bbox 1806 1002 1980 1072; x_wconf 83' lang='grc' dir='ltr'>κρείτ-</span> 
     </span>
    </p>
   </div>
   <div class='ocr_carea' id='block_1_13' title="bbox 411 1087 1976 1161">
    <p class='ocr_par' dir='ltr' id='par_1_13' title="bbox 411 1087 1976 1161">
     <span class='ocr_line' id='line_1_13' title="bbox 411 1087 1976 1161; baseline 0.006 -24"><span class='ocrx_word' id='word_1_71' title='bbox 411 1101 530 1138; x_wconf 89' lang='grc' dir='ltr'>τοσι</span> <span class='ocrx_word' id='word_1_72' title='bbox 579 1088 957 1161; x_wconf 81' lang='grc' dir='ltr'>προσπηδῴην.</span> <span class='ocrx_word' id='word_1_73' title='bbox 1007 1092 1069 1144; x_wconf 84' lang='grc' dir='ltr'>Εἰ</span> <span class='ocrx_word' id='word_1_74' title='bbox 1113 1087 1206 1145; x_wconf 81' lang='grc' dir='ltr'><strong>οὖν</strong></span> <span class='ocrx_word' id='word_1_75' title='bbox 1248 1091 1501 1157; x_wconf 81' lang='grc' dir='ltr'>ἀνέξεσθε</span> <span class='ocrx_word' id='word_1_76' title='bbox 1562 1093 1792 1147; x_wconf 76' lang='grc' dir='ltr'>καὶτῶν</span> <span class='ocrx_word' id='word_1_77' title='bbox 1831 1095 1976 1157; x_wconf 84' lang='grc' dir='ltr'>ὅπως</span> 
     </span>
    </p>
   </div>
   <div class='ocr_carea' id='block_1_14' title="bbox 415 1177 1974 1258">
    <p class='ocr_par' dir='ltr' id='par_1_14' title="bbox 415 1177 1974 1258">
     <span class='ocr_line' id='line_1_14' title="bbox 415 1177 1974 1258; baseline 0.006 -29"><span class='ocrx_word' id='word_1_78' title='bbox 415 1177 482 1230; x_wconf 86' lang='grc' dir='ltr'>ἂν</span> <span class='ocrx_word' id='word_1_79' title='bbox 510 1177 646 1252; x_wconf 76' lang='grc' dir='ltr'>τύχῃ</span> <span class='ocrx_word' id='word_1_80' title='bbox 693 1182 1110 1252; x_wconf 77' lang='grc' dir='ltr'>ῥητορευόντων,</span> <span class='ocrx_word' id='word_1_81' title='bbox 1153 1185 1412 1257; x_wconf 79' lang='grc' dir='ltr'><strong>ἐπιχειρῶ</strong></span> <span class='ocrx_word' id='word_1_82' title='bbox 1445 1185 1646 1254; x_wconf 89' lang='grc' dir='ltr'>λέγειν,</span> <span class='ocrx_word' id='word_1_83' title='bbox 1669 1186 1820 1241; x_wconf 81' lang='grc' dir='ltr'>οὐδὲν</span> <span class='ocrx_word' id='word_1_84' title='bbox 1842 1203 1974 1258; x_wconf 91' lang='grc' dir='ltr'>προ-</span> 
     </span>
    </p>
   </div>
   <div class='ocr_carea' id='block_1_15' title="bbox 413 1269 1697 1349">
    <p class='ocr_par' dir='ltr' id='par_1_15' title="bbox 413 1269 1697 1349">
     <span class='ocr_line' id='line_1_15' title="bbox 413 1269 1697 1349; baseline 0.007 -26"><span class='ocrx_word' id='word_1_85' title='bbox 413 1269 610 1340; x_wconf 81' lang='grc' dir='ltr'>θυμίας</span> <span class='ocrx_word' id='word_1_86' title='bbox 642 1272 1034 1346; x_wconf 86' lang='grc' dir='ltr'>καθυφειμένη.</span> <span class='ocrx_word' id='word_1_87' title='bbox 1076 1277 1328 1349; x_wconf 80' lang='grc' dir='ltr'>Ἀρκτέον</span> <span class='ocrx_word' id='word_1_88' title='bbox 1353 1280 1409 1332; x_wconf 85' lang='grc' dir='ltr'><strong>δὲ</strong></span> <span class='ocrx_word' id='word_1_89' title='bbox 1431 1279 1697 1334; x_wconf 85' lang='grc' dir='ltr'>ἐντεῦθεν.</span> 
     </span>
    </p>
   </div>
   <div class='ocr_carea' id='block_1_16' title="bbox 2081 815 3638 888">
    <p class='ocr_par' dir='ltr' id='par_1_16' title="bbox 2081 815 3638 888">
     <span class='ocr_line' id='line_1_16' title="bbox 2081 815 3638 888; baseline -0.002 -14"><span class='ocrx_word' id='word_1_90' title='bbox 2081 819 2205 874; x_wconf 89' lang='lat' dir='ltr'><strong>dem</strong></span> <span class='ocrx_word' id='word_1_91' title='bbox 2238 818 2370 872; x_wconf 90' lang='lat' dir='ltr'><strong>illud</strong></span> <span class='ocrx_word' id='word_1_92' title='bbox 2403 818 2585 888; x_wconf 90' lang='lat' dir='ltr'><strong>potius</strong></span> <span class='ocrx_word' id='word_1_93' title='bbox 2613 817 2680 871; x_wconf 91' lang='lat' dir='ltr'><strong>ad</strong></span> <span class='ocrx_word' id='word_1_94' title='bbox 2711 825 2930 887; x_wconf 90' lang='lat' dir='ltr'><strong>captum</strong></span> <span class='ocrx_word' id='word_1_95' title='bbox 2983 815 3266 870; x_wconf 83' lang='lat' dir='ltr'><strong>tenuitatis</strong></span> <span class='ocrx_word' id='word_1_96' title='bbox 3300 831 3451 880; x_wconf 73' lang='lat' dir='ltr'><strong>meae,</strong></span> <span class='ocrx_word' id='word_1_97' title='bbox 3474 832 3638 887; x_wconf 89' lang='lat' dir='ltr'><strong>quam</strong></span> 
     </span>
    </p>
   </div>
   <div class='ocr_carea' id='block_1_17' title="bbox 2078 909 3635 982">
    <p class='ocr_par' dir='ltr' id='par_1_17' title="bbox 2078 909 3635 982">
     <span class='ocr_line' id='line_1_17' title="bbox 2078 909 3635 982; baseline -0.003 -14"><span class='ocrx_word' id='word_1_98' title='bbox 2078 913 2261 968; x_wconf 88' lang='lat' dir='ltr'><strong>debita</strong></span> <span class='ocrx_word' id='word_1_99' title='bbox 2290 911 2643 982; x_wconf 84' lang='lat' dir='ltr'><strong>proportione</strong></span> <span class='ocrx_word' id='word_1_100' title='bbox 2678 910 3010 980; x_wconf 88' lang='lat' dir='ltr'><strong>respondens</strong></span> <span class='ocrx_word' id='word_1_101' title='bbox 3035 909 3106 965; x_wconf 90' lang='lat' dir='ltr'><strong>iis</strong></span> <span class='ocrx_word' id='word_1_102' title='bbox 3131 924 3252 980; x_wconf 71' lang='lat' dir='ltr'><strong>qua:</strong></span> <span class='ocrx_word' id='word_1_103' title='bbox 3277 910 3391 979; x_wconf 92' lang='lat' dir='ltr'><strong>jam</strong></span> <span class='ocrx_word' id='word_1_104' title='bbox 3412 910 3481 964; x_wconf 90' lang='lat' dir='ltr'><strong>ab</strong></span> <span class='ocrx_word' id='word_1_105' title='bbox 3512 910 3635 965; x_wconf 90' lang='lat' dir='ltr'><strong>aliis</strong></span> 
     </span>
    </p>
   </div>
   <div class='ocr_carea' id='block_1_18' title="bbox 2077 1001 3634 1074">
    <p class='ocr_par' dir='ltr' id='par_1_18' title="bbox 2077 1001 3634 1074">
     <span class='ocr_line' id='line_1_18' title="bbox 2077 1001 3634 1074; baseline -0.001 -15"><span class='ocrx_word' id='word_1_106' title='bbox 2077 1011 2328 1074; x_wconf 87' lang='lat' dir='ltr'><strong>perorata</strong></span> <span class='ocrx_word' id='word_1_107' title='bbox 2358 1002 2502 1057; x_wconf 77' lang='lat' dir='ltr'><strong>sunt.</strong></span> <span class='ocrx_word' id='word_1_108' title='bbox 2532 1001 2653 1057; x_wconf 89' lang='lat' dir='ltr'><strong>Non</strong></span> <span class='ocrx_word' id='word_1_109' title='bbox 2672 1003 2813 1058; x_wconf 91' lang='lat' dir='ltr'><strong>enim</strong></span> <span class='ocrx_word' id='word_1_110' title='bbox 2839 1003 3041 1074; x_wconf 90' lang='lat' dir='ltr'><strong>possim</strong></span> <span class='ocrx_word' id='word_1_111' title='bbox 3077 1003 3230 1073; x_wconf 87' lang='lat' dir='ltr'><strong>paria</strong></span> <span class='ocrx_word' id='word_1_112' title='bbox 3253 1002 3339 1058; x_wconf 88' lang='lat' dir='ltr'><strong>his</strong></span> <span class='ocrx_word' id='word_1_113' title='bbox 3359 1018 3479 1073; x_wconf 65' lang='lat' dir='ltr'><strong>quae</strong></span> <span class='ocrx_word' id='word_1_114' title='bbox 3499 1003 3634 1058; x_wconf 86' lang='lat' dir='ltr'><strong>adeo</strong></span> 
     </span>
    </p>
   </div>
   <div class='ocr_carea' id='block_1_19' title="bbox 2079 1095 3634 1166">
    <p class='ocr_par' dir='ltr' id='par_1_19' title="bbox 2079 1095 3634 1166">
     <span class='ocr_line' id='line_1_19' title="bbox 2079 1095 3634 1166; baseline -0.001 -16"><span class='ocrx_word' id='word_1_115' title='bbox 2079 1097 2230 1150; x_wconf 86' lang='lat' dir='ltr'><strong>varie</strong></span> <span class='ocrx_word' id='word_1_116' title='bbox 2283 1103 2336 1150; x_wconf 91' lang='lat' dir='ltr'><strong>et</strong></span> <span class='ocrx_word' id='word_1_117' title='bbox 2391 1095 2676 1166; x_wconf 85' lang='lat' dir='ltr'><strong>splendide</strong></span> <span class='ocrx_word' id='word_1_118' title='bbox 2727 1096 3005 1151; x_wconf 89' lang='lat' dir='ltr'><strong>elaborata</strong></span> <span class='ocrx_word' id='word_1_119' title='bbox 3035 1105 3185 1162; x_wconf 88' lang='lat' dir='ltr'><strong>sunt,</strong></span> <span class='ocrx_word' id='word_1_120' title='bbox 3234 1095 3532 1166; x_wconf 85' lang='lat' dir='ltr'><strong>disputare.</strong></span> <span class='ocrx_word' id='word_1_121' title='bbox 3568 1095 3634 1149; x_wconf 90' lang='lat' dir='ltr'><strong>Et</strong></span> 
     </span>
    </p>
   </div>
   <div class='ocr_carea' id='block_1_20' title="bbox 2078 1185 3630 1258">
    <p class='ocr_par' dir='ltr' id='par_1_20' title="bbox 2078 1185 3630 1258">
     <span class='ocr_line' id='line_1_20' title="bbox 2078 1185 3630 1258; baseline -0.002 -15"><span class='ocrx_word' id='word_1_122' title='bbox 2078 1187 2321 1243; x_wconf 75' lang='lat' dir='ltr'><strong>stultitiae</strong></span> <span class='ocrx_word' id='word_1_123' title='bbox 2351 1185 2598 1258; x_wconf 84' lang='lat' dir='ltr'><strong>profecto</strong></span> <span class='ocrx_word' id='word_1_124' title='bbox 2634 1195 2818 1242; x_wconf 88' lang='lat' dir='ltr'><strong>notam</strong></span> <span class='ocrx_word' id='word_1_125' title='bbox 2860 1188 2914 1242; x_wconf 90' lang='lat' dir='ltr'><strong>in</strong></span> <span class='ocrx_word' id='word_1_126' title='bbox 2949 1203 3035 1242; x_wconf 91' lang='lat' dir='ltr'><strong>me</strong></span> <span class='ocrx_word' id='word_1_127' title='bbox 3075 1186 3377 1243; x_wconf 81' lang='lat' dir='ltr'><strong>transferre</strong></span> <span class='ocrx_word' id='word_1_128' title='bbox 3424 1187 3630 1249; x_wconf 79' lang='lat' dir='ltr'><strong>videar,</strong></span> 
     </span>
    </p>
   </div>
   <div class='ocr_carea' id='block_1_21' title="bbox 2078 1275 3635 1346">
    <p class='ocr_par' dir='ltr' id='par_1_21' title="bbox 2078 1275 3635 1346">
     <span class='ocr_line' id='line_1_21' title="bbox 2078 1275 3635 1346; baseline -0.002 -14"><span class='ocrx_word' id='word_1_129' title='bbox 2078 1279 2124 1332; x_wconf 92' lang='lat' dir='ltr'><strong>si</strong></span> <span class='ocrx_word' id='word_1_130' title='bbox 2159 1278 2227 1332; x_wconf 89' lang='lat' dir='ltr'><strong>ad</strong></span> <span class='ocrx_word' id='word_1_131' title='bbox 2252 1277 2306 1331; x_wconf 90' lang='lat' dir='ltr'><strong>id</strong></span> <span class='ocrx_word' id='word_1_132' title='bbox 2337 1278 2588 1333; x_wconf 90' lang='lat' dir='ltr'><strong>connitar</strong></span> <span class='ocrx_word' id='word_1_133' title='bbox 2619 1292 2791 1346; x_wconf 90' lang='lat' dir='ltr'><strong>eoque</strong></span> <span class='ocrx_word' id='word_1_134' title='bbox 2819 1276 3076 1339; x_wconf 90' lang='lat' dir='ltr'><strong>insiliam,</strong></span> <span class='ocrx_word' id='word_1_135' title='bbox 3097 1282 3155 1330; x_wconf 93' lang='lat' dir='ltr'><strong>ut</strong></span> <span class='ocrx_word' id='word_1_136' title='bbox 3200 1291 3384 1331; x_wconf 88' lang='lat' dir='ltr'><strong>earum</strong></span> <span class='ocrx_word' id='word_1_137' title='bbox 3417 1275 3635 1332; x_wconf 88' lang='lat' dir='ltr'><strong>dicendi</strong></span> 
     </span>
    </p>
   </div>
   <div class='ocr_carea' id='block_1_22' title="bbox 413 1361 3638 1444">
    <p class='ocr_par' dir='ltr' id='par_1_22' title="bbox 413 1361 3638 1444">
     <span class='ocr_line' id='line_1_22' title="bbox 413 1361 3638 1444; baseline 0.001 -29"><span class='ocrx_word' id='word_1_138' title='bbox 413 1361 574 1418; x_wconf 83' lang='lat' dir='ltr'><strong>laude</strong></span> <span class='ocrx_word' id='word_1_139' title='bbox 634 1367 996 1436; x_wconf 78' lang='lat' dir='ltr'><strong>aequalitatem</strong></span> <span class='ocrx_word' id='word_1_140' title='bbox 1056 1371 1190 1424; x_wconf 89' lang='lat' dir='ltr'><strong>mihi</strong></span> <span class='ocrx_word' id='word_1_141' title='bbox 1221 1372 1338 1442; x_wconf 89' lang='lat' dir='ltr'><strong>ipsa</strong></span> <span class='ocrx_word' id='word_1_142' title='bbox 1384 1373 1615 1428; x_wconf 89' lang='lat' dir='ltr'><strong>ambiam</strong></span> <span class='ocrx_word' id='word_1_143' title='bbox 1666 1388 1787 1444; x_wconf 62' lang='lat' dir='ltr'><strong>quae</strong></span> <span class='ocrx_word' id='word_1_144' title='bbox 1838 1373 2104 1443; x_wconf 87' lang='lat' dir='ltr'><strong>sapientia</strong></span> <span class='ocrx_word' id='word_1_145' title='bbox 2158 1377 2438 1442; x_wconf 64' lang='lat' dir='ltr'><strong>praestant.</strong></span> <span class='ocrx_word' id='word_1_146' title='bbox 2503 1368 2560 1422; x_wconf 90' lang='lat' dir='ltr'><strong>Si</strong></span> <span class='ocrx_word' id='word_1_147' title='bbox 2591 1370 2715 1440; x_wconf 82' lang='lat' dir='ltr'><strong>quis</strong></span> <span class='ocrx_word' id='word_1_148' title='bbox 2747 1369 2912 1438; x_wconf 81' lang='lat' dir='ltr'><strong>igitur</strong></span> <span class='ocrx_word' id='word_1_149' title='bbox 2954 1375 3039 1422; x_wconf 90' lang='lat' dir='ltr'><strong>est</strong></span> <span class='ocrx_word' id='word_1_150' title='bbox 3091 1368 3236 1436; x_wconf 89' lang='lat' dir='ltr'><strong>apud</strong></span> <span class='ocrx_word' id='word_1_151' title='bbox 3273 1383 3371 1423; x_wconf 88' lang='lat' dir='ltr'><strong>vos</strong></span> <span class='ocrx_word' id='word_1_152' title='bbox 3422 1366 3638 1422; x_wconf 89' lang='lat' dir='ltr'><strong>dicendi</strong></span> 
     </span>
    </p>
   </div>
   <div class='ocr_carea' id='block_1_23' title="bbox 415 1453 3641 1535">
    <p class='ocr_par' dir='ltr' id='par_1_23' title="bbox 415 1453 3641 1535">
     <span class='ocr_line' id='line_1_23' title="bbox 415 1453 3641 1535; baseline 0.001 -26"><span class='ocrx_word' id='word_1_153' title='bbox 415 1457 568 1510; x_wconf 89' lang='lat' dir='ltr'><strong>locus</strong></span> <span class='ocrx_word' id='word_1_154' title='bbox 589 1453 658 1511; x_wconf 91' lang='lat' dir='ltr'><strong>iis</strong></span> <span class='ocrx_word' id='word_1_155' title='bbox 686 1459 778 1525; x_wconf 93' lang='lat' dir='ltr'><strong>qui</strong></span> <span class='ocrx_word' id='word_1_156' title='bbox 810 1460 1073 1516; x_wconf 87' lang='lat' dir='ltr'><strong>mediocri</strong></span> <span class='ocrx_word' id='word_1_157' title='bbox 1127 1470 1183 1518; x_wconf 87' lang='lat' dir='ltr'><strong>et</strong></span> <span class='ocrx_word' id='word_1_158' title='bbox 1213 1465 1420 1535; x_wconf 84' lang='lat' dir='ltr'><strong>vulgari</strong></span> <span class='ocrx_word' id='word_1_159' title='bbox 1464 1465 1679 1522; x_wconf 89' lang='lat' dir='ltr'><strong>dicendi</strong></span> <span class='ocrx_word' id='word_1_160' title='bbox 1715 1466 1975 1521; x_wconf 79' lang='lat' dir='ltr'><strong>facultate</strong></span> <span class='ocrx_word' id='word_1_161' title='bbox 2003 1465 2258 1520; x_wconf 83' lang='lat' dir='ltr'><strong>instructi</strong></span> <span class='ocrx_word' id='word_1_162' title='bbox 2293 1472 2446 1529; x_wconf 91' lang='lat' dir='ltr'><strong>sunt,</strong></span> <span class='ocrx_word' id='word_1_163' title='bbox 2474 1463 2658 1519; x_wconf 89' lang='lat' dir='ltr'><strong>dicere</strong></span> <span class='ocrx_word' id='word_1_164' title='bbox 2697 1460 3012 1534; x_wconf 86' lang='lat' dir='ltr'><strong>aggredior;</strong></span> <span class='ocrx_word' id='word_1_165' title='bbox 3056 1460 3195 1514; x_wconf 89' lang='lat' dir='ltr'><strong>nihil</strong></span> <span class='ocrx_word' id='word_1_166' title='bbox 3227 1459 3373 1531; x_wconf 89' lang='lat' dir='ltr'><strong>quod</strong></span> <span class='ocrx_word' id='word_1_167' title='bbox 3402 1459 3471 1515; x_wconf 88' lang='lat' dir='ltr'><strong>ad</strong></span> <span class='ocrx_word' id='word_1_168' title='bbox 3509 1474 3641 1514; x_wconf 86' lang='lat' dir='ltr'><strong>cau-</strong></span> 
     </span>
    </p>
   </div>
   <div class='ocr_carea' id='block_1_24' title="bbox 409 1551 2654 1633">
    <p class='ocr_par' dir='ltr' id='par_1_24' title="bbox 409 1551 2654 1633">
     <span class='ocr_line' id='line_1_24' title="bbox 409 1551 2654 1633; baseline 0.004 -30"><span class='ocrx_word' id='word_1_169' title='bbox 409 1563 526 1604; x_wconf 87' lang='lat' dir='ltr'><strong>sam</strong></span> <span class='ocrx_word' id='word_1_170' title='bbox 551 1551 689 1606; x_wconf 89' lang='lat' dir='ltr'><strong>hanc</strong></span> <span class='ocrx_word' id='word_1_171' title='bbox 710 1553 875 1610; x_wconf 81' lang='lat' dir='ltr'><strong>faciat</strong></span> <span class='ocrx_word' id='word_1_172' title='bbox 897 1556 1062 1612; x_wconf 90' lang='lat' dir='ltr'><strong>studii</strong></span> <span class='ocrx_word' id='word_1_173' title='bbox 1091 1573 1155 1614; x_wconf 91' lang='lat' dir='ltr'><strong>ac</strong></span> <span class='ocrx_word' id='word_1_174' title='bbox 1183 1559 1475 1632; x_wconf 78' lang='lat' dir='ltr'><strong>diligentiae</strong></span> <span class='ocrx_word' id='word_1_175' title='bbox 1536 1562 1976 1633; x_wconf 81' lang='lat' dir='ltr'><strong>praetermittens.</strong></span> <span class='ocrx_word' id='word_1_176' title='bbox 2005 1559 2268 1631; x_wconf 84' lang='lat' dir='ltr'><strong>Incipiam</strong></span> <span class='ocrx_word' id='word_1_177' title='bbox 2291 1566 2472 1615; x_wconf 92' lang='lat' dir='ltr'><strong>autem</strong></span> <span class='ocrx_word' id='word_1_178' title='bbox 2503 1558 2654 1613; x_wconf 89' lang='lat' dir='ltr'><strong>hinc.</strong></span> 
     </span>
    </p>
   </div>
   <div class='ocr_carea' id='block_1_25' title="bbox 491 1646 1969 1729">
    <p class='ocr_par' dir='ltr' id='par_1_25' title="bbox 491 1646 1969 1729">
     <span class='ocr_line' id='line_1_25' title="bbox 491 1646 1969 1729; baseline 0.017 -31"><span class='ocrx_word' id='word_1_179' title='bbox 491 1646 811 1719; x_wconf 83' lang='grc' dir='ltr'><strong>Ἀμήχανον,</strong></span> <span class='ocrx_word' id='word_1_180' title='bbox 852 1646 898 1704; x_wconf 78' lang='grc' dir='ltr'><strong>ὦ</strong></span> <span class='ocrx_word' id='word_1_181' title='bbox 943 1653 1224 1726; x_wconf 78' lang='grc' dir='ltr'><strong>παρθένοι,</strong></span> <span class='ocrx_word' id='word_1_182' title='bbox 1253 1656 1466 1722; x_wconf 83' lang='grc' dir='ltr'>κάλλος,</span> <span class='ocrx_word' id='word_1_183' title='bbox 1504 1659 1598 1712; x_wconf 74' lang='grc' dir='ltr'><strong>καὶ</strong></span> <span class='ocrx_word' id='word_1_184' title='bbox 1619 1659 1879 1728; x_wconf 82' lang='grc' dir='ltr'>συγγενὲς</span> <span class='ocrx_word' id='word_1_185' title='bbox 1903 1661 1969 1729; x_wconf 79' lang='grc' dir='ltr'><strong>τῇ</strong></span> 
     </span>
    </p>
   </div>
   <div class='ocr_carea' id='block_1_26' title="bbox 408 1739 1974 1822">
    <p class='ocr_par' dir='ltr' id='par_1_26' title="bbox 408 1739 1974 1822">
     <span class='ocr_line' id='line_1_26' title="bbox 408 1739 1974 1822; baseline 0.01 -32"><span class='ocrx_word' id='word_1_186' title='bbox 408 1739 567 1809; x_wconf 77' lang='grc' dir='ltr'>σοφίᾳ</span> <span class='ocrx_word' id='word_1_187' title='bbox 594 1741 686 1794; x_wconf 78' lang='grc' dir='ltr'><strong>καὶ</strong></span> <span class='ocrx_word' id='word_1_188' title='bbox 717 1744 1042 1817; x_wconf 84' lang='grc' dir='ltr'>πρόσφορον,</span> <span class='ocrx_word' id='word_1_189' title='bbox 1069 1747 1305 1813; x_wconf 72' lang='grc' dir='ltr'>ἅπαντες</span> <span class='ocrx_word' id='word_1_190' title='bbox 1334 1751 1413 1814; x_wconf 84' lang='grc' dir='ltr'><strong>εἰς</strong></span> <span class='ocrx_word' id='word_1_191' title='bbox 1436 1751 1529 1804; x_wconf 85' lang='grc' dir='ltr'><strong>τὸν</strong></span> <span class='ocrx_word' id='word_1_192' title='bbox 1558 1752 1758 1822; x_wconf 85' lang='grc' dir='ltr'>κόσμον</span> <span class='ocrx_word' id='word_1_193' title='bbox 1783 1768 1974 1822; x_wconf 86' lang='grc' dir='ltr'>κεκτη-</span> 
     </span>
    </p>
   </div>
   <div class='ocr_carea' id='block_1_27' title="bbox 407 1829 2047 1934">
    <p class='ocr_par' dir='ltr' id='par_1_27' title="bbox 407 1829 2047 1934">
     <span class='ocr_line' id='line_1_27' title="bbox 407 1829 2047 1934; baseline 0.007 -49"><span class='ocrx_word' id='word_1_194' title='bbox 407 1829 556 1934; x_wconf 71' lang='grc' dir='ltr'>μένοι</span> <span class='ocrx_word' id='word_1_195' title='bbox 603 1831 792 1934; x_wconf 73' lang='grc' dir='ltr'>τοῦτον</span> <span class='ocrx_word' id='word_1_196' title='bbox 833 1838 1222 1910; x_wconf 84' lang='grc' dir='ltr'><strong>ἀφικνούμεθα.</strong></span> <span class='ocrx_word' id='word_1_197' title='bbox 1284 1843 1723 1914; x_wconf 83' lang='grc' dir='ltr'>Ἀπηκρίὸωνται</span> <span class='ocrx_word' id='word_1_198' title='bbox 1768 1843 1876 1915; x_wconf 82' lang='grc' dir='ltr'>γὰρ</span> <span class='ocrx_word' id='word_1_199' title='bbox 1914 1846 1970 1898; x_wconf 88' lang='grc' dir='ltr'>αἱ</span> <span class='ocrx_word' id='word_1_200' title='bbox 2006 1881 2047 1934; x_wconf 75' lang='grc' dir='ltr'><strong>Β</strong></span> 
     </span>
    </p>
   </div>
   <div class='ocr_carea' id='block_1_28' title="bbox 402 1919 1968 2006">
    <p class='ocr_par' dir='ltr' id='par_1_28' title="bbox 402 1919 1968 2006">
     <span class='ocr_line' id='line_1_28' title="bbox 402 1919 1968 2006; baseline 0.012 -34"><span class='ocrx_word' id='word_1_201' title='bbox 402 1919 567 1990; x_wconf 67' lang='grc' dir='ltr'>ψυχαὶ</span> <span class='ocrx_word' id='word_1_202' title='bbox 597 1923 675 1994; x_wconf 78' lang='grc' dir='ltr'>τῷ</span> <span class='ocrx_word' id='word_1_203' title='bbox 702 1929 1021 1998; x_wconf 81' lang='grc' dir='ltr'>γεννήσαντι</span> <span class='ocrx_word' id='word_1_204' title='bbox 1059 1933 1178 1985; x_wconf 84' lang='grc' dir='ltr'>τότε</span> <span class='ocrx_word' id='word_1_205' title='bbox 1215 1935 1447 2004; x_wconf 82' lang='grc' dir='ltr'>μάλιστα</span> <span class='ocrx_word' id='word_1_206' title='bbox 1478 1935 1571 1988; x_wconf 73' lang='grc' dir='ltr'>καὶ</span> <span class='ocrx_word' id='word_1_207' title='bbox 1621 1935 1968 2006; x_wconf 84' lang='grc' dir='ltr'>πλασαμένῳ,</span> 
     </span>
    </p>
   </div>
   <div class='ocr_carea' id='block_1_29' title="bbox 400 2012 1968 2098">
    <p class='ocr_par' dir='ltr' id='par_1_29' title="bbox 400 2012 1968 2098">
     <span class='ocr_line' id='line_1_29' title="bbox 400 2012 1968 2098; baseline 0.011 -35"><span class='ocrx_word' id='word_1_208' title='bbox 400 2012 561 2066; x_wconf 83' lang='grc' dir='ltr'>ὁπότε</span> <span class='ocrx_word' id='word_1_209' title='bbox 588 2015 687 2086; x_wconf 81' lang='grc' dir='ltr'>τὴν</span> <span class='ocrx_word' id='word_1_210' title='bbox 709 2017 828 2070; x_wconf 86' lang='grc' dir='ltr'>καθ’</span> <span class='ocrx_word' id='word_1_211' title='bbox 847 2020 1105 2090; x_wconf 84' lang='grc' dir='ltr'>ὁμοίωσιν</span> <span class='ocrx_word' id='word_1_212' title='bbox 1129 2024 1268 2078; x_wconf 81' lang='grc' dir='ltr'>ἰδέαν</span> <span class='ocrx_word' id='word_1_213' title='bbox 1291 2025 1555 2098; x_wconf 77' lang='grc' dir='ltr'>ἄχραντον</span> <span class='ocrx_word' id='word_1_214' title='bbox 1575 2026 1968 2098; x_wconf 82' lang='grc' dir='ltr'>ἐκλάμπουσαι,</span> 
     </span>
    </p>
   </div>
   <div class='ocr_carea' id='block_1_30' title="bbox 401 2106 1972 2193">
    <p class='ocr_par' dir='ltr' id='par_1_30' title="bbox 401 2106 1972 2193">
     <span class='ocr_line' id='line_1_30' title="bbox 401 2106 1972 2193; baseline 0.012 -36"><span class='ocrx_word' id='word_1_215' title='bbox 401 2106 495 2159; x_wconf 77' lang='grc' dir='ltr'><strong>καὶ</strong></span> <span class='ocrx_word' id='word_1_216' title='bbox 553 2109 682 2172; x_wconf 80' lang='grc' dir='ltr'>τοὺς</span> <span class='ocrx_word' id='word_1_217' title='bbox 718 2113 1070 2184; x_wconf 84' lang='grc' dir='ltr'>χαρακτῆρας</span> <span class='ocrx_word' id='word_1_218' title='bbox 1117 2116 1214 2186; x_wconf 86' lang='grc' dir='ltr'>τῆς</span> <span class='ocrx_word' id='word_1_219' title='bbox 1240 2116 1413 2187; x_wconf 69' lang='grc' dir='ltr'>ὗψεως</span> <span class='ocrx_word' id='word_1_220' title='bbox 1459 2120 1694 2191; x_wconf 87' lang='grc' dir='ltr'>ἐκείνης,</span> <span class='ocrx_word' id='word_1_221' title='bbox 1744 2122 1880 2193; x_wconf 84' lang='grc' dir='ltr'>πρὸς</span> <span class='ocrx_word' id='word_1_222' title='bbox 1906 2123 1972 2193; x_wconf 79' lang='grc' dir='ltr'>ἥν</span> 
     </span>
    </p>
   </div>
   <div class='ocr_carea' id='block_1_31' title="bbox 401 2197 1971 2286">
    <p class='ocr_par' dir='ltr' id='par_1_31' title="bbox 401 2197 1971 2286">
     <span class='ocr_line' id='line_1_31' title="bbox 401 2197 1971 2286; baseline 0.013 -37"><span class='ocrx_word' id='word_1_223' title='bbox 401 2197 620 2270; x_wconf 83' lang='grc' dir='ltr'>ἀφορῶν</span> <span class='ocrx_word' id='word_1_224' title='bbox 660 2203 690 2254; x_wconf 91' lang='lat'><strong>6</strong></span> <span class='ocrx_word' id='word_1_225' title='bbox 733 2202 885 2268; x_wconf 84' lang='grc' dir='ltr'>Θεὸς,</span> <span class='ocrx_word' id='word_1_226' title='bbox 947 2205 1212 2261; x_wconf 87' lang='grc' dir='ltr'>ἀθάνατον</span> <span class='ocrx_word' id='word_1_227' title='bbox 1258 2213 1472 2282; x_wconf 80' lang='grc' dir='ltr'>μορφὴν</span> <span class='ocrx_word' id='word_1_228' title='bbox 1516 2214 1610 2266; x_wconf 78' lang='grc' dir='ltr'><strong>καὶ</strong></span> <span class='ocrx_word' id='word_1_229' title='bbox 1670 2213 1971 2286; x_wconf 86' lang='grc' dir='ltr'>ἀνώλεθρον</span> 
     </span>
    </p>
   </div>
   <div class='ocr_carea' id='block_1_32' title="bbox 399 2292 1971 2378">
    <p class='ocr_par' dir='ltr' id='par_1_32' title="bbox 399 2292 1971 2378">
     <span class='ocr_line' id='line_1_32' title="bbox 399 2292 1971 2378; baseline 0.013 -34"><span class='ocrx_word' id='word_1_230' title='bbox 399 2292 628 2362; x_wconf 82' lang='grc' dir='ltr'>ἐχούσας</span> <span class='ocrx_word' id='word_1_231' title='bbox 651 2295 818 2361; x_wconf 80' lang='grc' dir='ltr'>αὐτὰς</span> <span class='ocrx_word' id='word_1_232' title='bbox 847 2298 1227 2370; x_wconf 79' lang='grc' dir='ltr'>ἀπειργάζετο,</span> <span class='ocrx_word' id='word_1_233' title='bbox 1255 2303 1500 2358; x_wconf 82' lang='grc' dir='ltr'>τοιαῦται</span> <span class='ocrx_word' id='word_1_234' title='bbox 1530 2306 1862 2378; x_wconf 85' lang='grc' dir='ltr'>διαμένουσι.</span> <span class='ocrx_word' id='word_1_235' title='bbox 1897 2311 1971 2364; x_wconf 84' lang='grc' dir='ltr'><strong>Τὸ</strong></span> 
     </span>
    </p>
   </div>
   <div class='ocr_carea' id='block_1_33' title="bbox 402 2382 1968 2474">
    <p class='ocr_par' dir='ltr' id='par_1_33' title="bbox 402 2382 1968 2474">
     <span class='ocr_line' id='line_1_33' title="bbox 402 2382 1968 2474; baseline 0.013 -40"><span class='ocrx_word' id='word_1_236' title='bbox 402 2382 511 2452; x_wconf 75' lang='grc' dir='ltr'><strong>γὰρ</strong></span> <span class='ocrx_word' id='word_1_237' title='bbox 541 2385 832 2457; x_wconf 81' lang='grc' dir='ltr'>ἀγέννητον</span> <span class='ocrx_word' id='word_1_238' title='bbox 861 2390 1056 2455; x_wconf 88' lang='grc' dir='ltr'>κάλλος</span> <span class='ocrx_word' id='word_1_239' title='bbox 1093 2394 1185 2447; x_wconf 75' lang='grc' dir='ltr'><strong>καὶ</strong></span> <span class='ocrx_word' id='word_1_240' title='bbox 1221 2394 1529 2465; x_wconf 86' lang='grc' dir='ltr'>ἀσώματον,</span> <span class='ocrx_word' id='word_1_241' title='bbox 1561 2399 1654 2453; x_wconf 76' lang='grc' dir='ltr'><strong>καὶ</strong></span> <span class='ocrx_word' id='word_1_242' title='bbox 1685 2401 1821 2472; x_wconf 88' lang='grc' dir='ltr'>μήτε</span> <span class='ocrx_word' id='word_1_243' title='bbox 1865 2403 1968 2474; x_wconf 89' lang='grc' dir='ltr'>ἀρ-</span> 
     </span>
    </p>
   </div>
   <div class='ocr_carea' id='block_1_34' title="bbox 405 2473 1969 2565">
    <p class='ocr_par' dir='ltr' id='par_1_34' title="bbox 405 2473 1969 2565">
     <span class='ocr_line' id='line_1_34' title="bbox 405 2473 1969 2565; baseline 0.014 -41"><span class='ocrx_word' id='word_1_244' title='bbox 405 2473 632 2544; x_wconf 89' lang='grc' dir='ltr'>χόμενον</span> <span class='ocrx_word' id='word_1_245' title='bbox 693 2480 828 2550; x_wconf 85' lang='grc' dir='ltr'>μήτε</span> <span class='ocrx_word' id='word_1_246' title='bbox 880 2481 1063 2551; x_wconf 87' lang='grc' dir='ltr'>φθίνον</span> <span class='ocrx_word' id='word_1_247' title='bbox 1083 2525 1098 2549; x_wconf 94' lang='grc'><strong>,</strong></span> <span class='ocrx_word' id='word_1_248' title='bbox 1153 2486 1268 2540; x_wconf 89' lang='grc' dir='ltr'>ἀλλ’</span> <span class='ocrx_word' id='word_1_249' title='bbox 1318 2489 1584 2560; x_wconf 84' lang='grc' dir='ltr'>ἄτρεπτον</span> <span class='ocrx_word' id='word_1_250' title='bbox 1627 2493 1723 2544; x_wconf 77' lang='grc' dir='ltr'><strong>καὶ</strong></span> <span class='ocrx_word' id='word_1_251' title='bbox 1780 2473 1969 2565; x_wconf 72' lang='grc' dir='ltr'>ἀγήρω</span> 
     </span>
    </p>
   </div>
   <div class='ocr_carea' id='block_1_35' title="bbox 408 2567 1971 2655">
    <p class='ocr_par' dir='ltr' id='par_1_35' title="bbox 408 2567 1971 2655">
     <span class='ocr_line' id='line_1_35' title="bbox 408 2567 1971 2655; baseline 0.015 -39"><span class='ocrx_word' id='word_1_252' title='bbox 408 2567 500 2618; x_wconf 79' lang='grc' dir='ltr'><strong>καὶ</strong></span> <span class='ocrx_word' id='word_1_253' title='bbox 557 2568 872 2638; x_wconf 82' lang='grc' dir='ltr'>ἀπροσδεὲς,</span> <span class='ocrx_word' id='word_1_254' title='bbox 921 2576 1084 2640; x_wconf 81' lang='grc' dir='ltr'>αὐτὸς</span> <span class='ocrx_word' id='word_1_255' title='bbox 1125 2581 1184 2631; x_wconf 86' lang='grc' dir='ltr'><strong>ἐν</strong></span> <span class='ocrx_word' id='word_1_256' title='bbox 1223 2580 1399 2650; x_wconf 87' lang='grc' dir='ltr'>ἐαυτῷ</span> <span class='ocrx_word' id='word_1_257' title='bbox 1433 2583 1524 2635; x_wconf 79' lang='grc' dir='ltr'><strong>καὶ</strong></span> <span class='ocrx_word' id='word_1_258' title='bbox 1571 2585 1652 2646; x_wconf 89' lang='grc' dir='ltr'><strong>εἰς</strong></span> <span class='ocrx_word' id='word_1_259' title='bbox 1689 2585 1822 2637; x_wconf 82' lang='grc' dir='ltr'>αὐτὸ</span> <span class='ocrx_word' id='word_1_260' title='bbox 1855 2585 1971 2655; x_wconf 85' lang='grc' dir='ltr'>φῶς</span> 
     </span>
    </p>
   </div>
   <div class='ocr_carea' id='block_1_36' title="bbox 407 2656 1967 2747">
    <p class='ocr_par' dir='ltr' id='par_1_36' title="bbox 407 2656 1967 2747">
     <span class='ocr_line' id='line_1_36' title="bbox 407 2656 1967 2747; baseline 0.016 -40"><span class='ocrx_word' id='word_1_261' title='bbox 407 2656 464 2708; x_wconf 87' lang='grc' dir='ltr'><strong>ἐν</strong></span> <span class='ocrx_word' id='word_1_262' title='bbox 514 2657 816 2728; x_wconf 82' lang='grc' dir='ltr'>ἀφράστοις</span> <span class='ocrx_word' id='word_1_263' title='bbox 891 2663 1003 2734; x_wconf 84' lang='grc'><strong>(85)</strong></span> <span class='ocrx_word' id='word_1_264' title='bbox 1041 2667 1134 2720; x_wconf 64' lang='grc' dir='ltr'><strong>κα)¹</strong></span> <span class='ocrx_word' id='word_1_265' title='bbox 1180 2669 1490 2740; x_wconf 81' lang='grc' dir='ltr'>ἀπροσίτοις</span> <span class='ocrx_word' id='word_1_266' title='bbox 1537 2675 1967 2747; x_wconf 79' lang='grc' dir='ltr'>ἀναπαυόμενον,</span> 
     </span>
    </p>
   </div>
   <div class='ocr_carea' id='block_1_37' title="bbox 407 2747 1969 2834">
    <p class='ocr_par' dir='ltr' id='par_1_37' title="bbox 407 2747 1969 2834">
     <span class='ocr_line' id='line_1_37' title="bbox 407 2747 1969 2834; baseline 0.015 -35"><span class='ocrx_word' id='word_1_267' title='bbox 407 2747 656 2814; x_wconf 82' lang='grc' dir='ltr'>ἐξουσίας</span> <span class='ocrx_word' id='word_1_268' title='bbox 695 2755 980 2827; x_wconf 78' lang='grc' dir='ltr'>περιουσίᾳ</span> <span class='ocrx_word' id='word_1_269' title='bbox 1060 2759 1238 2813; x_wconf 82' lang='grc' dir='ltr'>πάντα</span> <span class='ocrx_word' id='word_1_270' title='bbox 1302 2763 1568 2834; x_wconf 78' lang='grc' dir='ltr'>περιέχων</span> <span class='ocrx_word' id='word_1_271' title='bbox 1624 2766 1718 2820; x_wconf 80' lang='grc' dir='ltr'><strong>καὶ</strong></span> <span class='ocrx_word' id='word_1_272' title='bbox 1772 2769 1969 2834; x_wconf 80' lang='grc' dir='ltr'>κτίζων</span> 
     </span>
    </p>
   </div>
   <div class='ocr_carea' id='block_1_38' title="bbox 412 2837 1970 2929">
    <p class='ocr_par' dir='ltr' id='par_1_38' title="bbox 412 2837 1970 2929">
     <span class='ocr_line' id='line_1_38' title="bbox 412 2837 1970 2929; baseline 0.016 -41"><span class='ocrx_word' id='word_1_273' title='bbox 412 2837 504 2889; x_wconf 75' lang='grc' dir='ltr'>καὶ</span> <span class='ocrx_word' id='word_1_274' title='bbox 561 2841 997 2908; x_wconf 82' lang='grc' dir='ltr'>μετασκευάζων,</span> <span class='ocrx_word' id='word_1_275' title='bbox 1044 2848 1368 2919; x_wconf 82' lang='grc' dir='ltr'>ἐτεκτήνατο</span> <span class='ocrx_word' id='word_1_276' title='bbox 1410 2853 1526 2906; x_wconf 88' lang='grc' dir='ltr'>κατ’</span> <span class='ocrx_word' id='word_1_277' title='bbox 1560 2857 1740 2910; x_wconf 87' lang='grc' dir='ltr'>εἰκόνα</span> <span class='ocrx_word' id='word_1_278' title='bbox 1771 2858 1868 2929; x_wconf 86' lang='grc' dir='ltr'><strong>τῆς</strong></span> <span class='ocrx_word' id='word_1_279' title='bbox 1893 2861 1970 2912; x_wconf 85' lang='grc' dir='ltr'>εί-</span> 
     </span>
    </p>
   </div>
   <div class='ocr_carea' id='block_1_39' title="bbox 401 2925 1969 3017">
    <p class='ocr_par' dir='ltr' id='par_1_39' title="bbox 401 2925 1969 3017">
     <span class='ocr_line' id='line_1_39' title="bbox 401 2925 1969 3017; baseline 0.016 -38"><span class='ocrx_word' id='word_1_280' title='bbox 401 2925 555 3017; x_wconf 81' lang='grc' dir='ltr'>κόνος</span> <span class='ocrx_word' id='word_1_281' title='bbox 605 2929 798 2983; x_wconf 79' lang='grc' dir='ltr'>ἑαυτοῦ</span> <span class='ocrx_word' id='word_1_282' title='bbox 847 2932 942 3003; x_wconf 77' lang='grc' dir='ltr'><strong>τὴν</strong></span> <span class='ocrx_word' id='word_1_283' title='bbox 969 2933 1165 3008; x_wconf 74' lang='grc' dir='ltr'>ψυχήν.</span> <span class='ocrx_word' id='word_1_284' title='bbox 1219 2940 1311 2993; x_wconf 88' lang='grc' dir='ltr'><strong>Διὸ</strong></span> <span class='ocrx_word' id='word_1_285' title='bbox 1337 2943 1430 2995; x_wconf 77' lang='grc' dir='ltr'><strong>καὶ</strong></span> <span class='ocrx_word' id='word_1_286' title='bbox 1464 2943 1653 3017; x_wconf 83' lang='grc' dir='ltr'>λογικὴ</span> <span class='ocrx_word' id='word_1_287' title='bbox 1686 2948 1778 3003; x_wconf 69' lang='grc' dir='ltr'>καὶ</span> <span class='ocrx_word' id='word_1_288' title='bbox 1825 2925 1969 3003; x_wconf 22' lang='grc' dir='ltr'>τάθά-</span> 
     </span>
    </p>
   </div>
   <div class='ocr_carea' id='block_1_40' title="bbox 401 3016 1964 3110">
    <p class='ocr_par' dir='ltr' id='par_1_40' title="bbox 401 3016 1964 3110">
     <span class='ocr_line' id='line_1_40' title="bbox 401 3016 1964 3110; baseline 0.018 -44"><span class='ocrx_word' id='word_1_289' title='bbox 401 3016 558 3110; x_wconf 74' lang='grc' dir='ltr'>νατός</span> <span class='ocrx_word' id='word_1_290' title='bbox 604 3019 738 3072; x_wconf 88' lang='grc' dir='ltr'>ἐστι.</span> <span class='ocrx_word' id='word_1_291' title='bbox 785 3023 802 3042; x_wconf 79' lang='lat'><strong><em>&#39;</em></strong></span> <span class='ocrx_word' id='word_1_292' title='bbox 834 3023 970 3076; x_wconf 82' lang='grc' dir='ltr'>Κατ’</span> <span class='ocrx_word' id='word_1_293' title='bbox 998 3027 1180 3081; x_wconf 81' lang='grc' dir='ltr'>εἰκόνα</span> <span class='ocrx_word' id='word_1_294' title='bbox 1217 3031 1324 3103; x_wconf 86' lang='grc' dir='ltr'><strong>γὰρ</strong></span> <span class='ocrx_word' id='word_1_295' title='bbox 1367 3016 1826 3110; x_wconf 83' lang='grc' dir='ltr'>δημιουργηθεῖσα</span> <span class='ocrx_word' id='word_1_296' title='bbox 1872 3038 1964 3095; x_wconf 81' lang='grc' dir='ltr'>τοῦ</span> 
     </span>
    </p>
   </div>
   <div class='ocr_carea' id='block_1_41' title="bbox 399 3107 1962 3198">
    <p class='ocr_par' dir='ltr' id='par_1_41' title="bbox 399 3107 1962 3198">
     <span class='ocr_line' id='line_1_41' title="bbox 399 3107 1962 3198; baseline 0.019 -41"><span class='ocrx_word' id='word_1_297' title='bbox 399 3107 754 3176; x_wconf 81' lang='grc' dir='ltr'>Μονογενοῢς,</span> <span class='ocrx_word' id='word_1_298' title='bbox 783 3113 858 3177; x_wconf 86' lang='grc' dir='ltr'>ὡς</span> <span class='ocrx_word' id='word_1_299' title='bbox 887 3115 1041 3189; x_wconf 74' lang='grc' dir='ltr'>ἔφην,</span> <span class='ocrx_word' id='word_1_300' title='bbox 1077 3119 1482 3193; x_wconf 78' lang='grc' dir='ltr'>ἀνυπέρϐλητον</span> <span class='ocrx_word' id='word_1_301' title='bbox 1516 3126 1627 3198; x_wconf 82' lang='grc' dir='ltr'>ἔχει</span> <span class='ocrx_word' id='word_1_302' title='bbox 1658 3107 1724 3181; x_wconf 80' lang='grc' dir='ltr'><strong>τὸ</strong></span> <span class='ocrx_word' id='word_1_303' title='bbox 1748 3130 1962 3196; x_wconf 85' lang='grc' dir='ltr'>κάλλος.</span> 
     </span>
    </p>
   </div>
   <div class='ocr_carea' id='block_1_42' title="bbox 2147 1643 3638 1725">
    <p class='ocr_par' dir='ltr' id='par_1_42' title="bbox 2147 1643 3638 1725">
     <span class='ocr_line' id='line_1_42' title="bbox 2147 1643 3638 1725; baseline -0.007 -16"><span class='ocrx_word' id='word_1_304' title='bbox 2147 1653 2588 1725; x_wconf 86' lang='lat' dir='ltr'><strong>Incomparabili,</strong></span> <span class='ocrx_word' id='word_1_305' title='bbox 2621 1668 2654 1708; x_wconf 90' lang='grc' dir='ltr'><strong>ο</strong></span> <span class='ocrx_word' id='word_1_306' title='bbox 2684 1651 2948 1724; x_wconf 76' lang='lat' dir='ltr'><strong>virgines,</strong></span> <span class='ocrx_word' id='word_1_307' title='bbox 2986 1655 3330 1721; x_wconf 68' lang='lat' dir='ltr'><strong>cognataque</strong></span> <span class='ocrx_word' id='word_1_308' title='bbox 3372 1654 3534 1717; x_wconf 87' lang='lat' dir='ltr'><strong>atque</strong></span> <span class='ocrx_word' id='word_1_309' title='bbox 3556 1643 3638 1699; x_wconf 78' lang='lat' dir='ltr'><strong>ai-</strong></span> 
     </span>
    </p>
   </div>
   <div class='ocr_carea' id='block_1_43' title="bbox 2073 1739 3639 1815">
    <p class='ocr_par' dir='ltr' id='par_1_43' title="bbox 2073 1739 3639 1815">
     <span class='ocr_line' id='line_1_43' title="bbox 2073 1739 3639 1815; baseline -0.006 -14"><span class='ocrx_word' id='word_1_310' title='bbox 2073 1746 2167 1801; x_wconf 83' lang='lat' dir='ltr'><strong>ﬁni</strong></span> <span class='ocrx_word' id='word_1_311' title='bbox 2196 1744 2473 1815; x_wconf 70' lang='lat' dir='ltr'><strong>sapientiae</strong></span> <span class='ocrx_word' id='word_1_312' title='bbox 2500 1743 2771 1815; x_wconf 73' lang='lat' dir='ltr'><strong>insignita:</strong></span> <span class='ocrx_word' id='word_1_313' title='bbox 2796 1743 2990 1808; x_wconf 79' lang='lat' dir='ltr'><strong>forma,</strong></span> <span class='ocrx_word' id='word_1_314' title='bbox 3017 1742 3074 1796; x_wconf 91' lang='lat' dir='ltr'><strong>in</strong></span> <span class='ocrx_word' id='word_1_315' title='bbox 3104 1739 3366 1796; x_wconf 90' lang='lat' dir='ltr'><strong>mundum</strong></span> <span class='ocrx_word' id='word_1_316' title='bbox 3390 1739 3639 1802; x_wconf 80' lang='lat' dir='ltr'><strong>venimus</strong></span> 
     </span>
    </p>
   </div>
   <div class='ocr_carea' id='block_1_44' title="bbox 2074 1829 3636 1904">
    <p class='ocr_par' dir='ltr' id='par_1_44' title="bbox 2074 1829 3636 1904">
     <span class='ocr_line' id='line_1_44' title="bbox 2074 1829 3636 1904; baseline -0.008 -10"><span class='ocrx_word' id='word_1_317' title='bbox 2074 1854 2284 1894; x_wconf 90' lang='lat' dir='ltr'><strong>omnes.</strong></span> <span class='ocrx_word' id='word_1_318' title='bbox 2318 1836 2519 1892; x_wconf 82' lang='lat' dir='ltr'><strong>Exacte</strong></span> <span class='ocrx_word' id='word_1_319' title='bbox 2539 1836 2706 1900; x_wconf 90' lang='lat' dir='ltr'><strong>enim,</strong></span> <span class='ocrx_word' id='word_1_320' title='bbox 2737 1834 2858 1904; x_wconf 87' lang='lat' dir='ltr'><strong>ejus</strong></span> <span class='ocrx_word' id='word_1_321' title='bbox 2891 1834 2985 1904; x_wconf 93' lang='lat' dir='ltr'><strong>qui</strong></span> <span class='ocrx_word' id='word_1_322' title='bbox 3015 1833 3201 1903; x_wconf 88' lang='lat' dir='ltr'><strong>genuit</strong></span> <span class='ocrx_word' id='word_1_323' title='bbox 3230 1839 3394 1900; x_wconf 91' lang='lat' dir='ltr'><strong>atque</strong></span> <span class='ocrx_word' id='word_1_324' title='bbox 3431 1829 3636 1884; x_wconf 74' lang='lat' dir='ltr'><strong>forma-</strong></span> 
     </span>
    </p>
   </div>
   <div class='ocr_carea' id='block_1_45' title="bbox 2072 1925 3635 1996">
    <p class='ocr_par' dir='ltr' id='par_1_45' title="bbox 2072 1925 3635 1996">
     <span class='ocr_line' id='line_1_45' title="bbox 2072 1925 3635 1996; baseline -0.005 -12"><span class='ocrx_word' id='word_1_325' title='bbox 2072 1930 2171 1996; x_wconf 84' lang='lat' dir='ltr'><strong>vit,</strong></span> <span class='ocrx_word' id='word_1_326' title='bbox 2203 1931 2529 1984; x_wconf 86' lang='lat' dir='ltr'><strong>lineamenta</strong></span> <span class='ocrx_word' id='word_1_327' title='bbox 2558 1927 2754 1982; x_wconf 76' lang='lat' dir='ltr'><strong>animae</strong></span> <span class='ocrx_word' id='word_1_328' title='bbox 2785 1926 3050 1991; x_wconf 84' lang='lat' dir='ltr'><strong>referunt,</strong></span> <span class='ocrx_word' id='word_1_329' title='bbox 3075 1933 3192 1978; x_wconf 90' lang='lat' dir='ltr'><strong>tum</strong></span> <span class='ocrx_word' id='word_1_330' title='bbox 3243 1925 3477 1979; x_wconf 80' lang='lat' dir='ltr'><strong>maxime</strong></span> <span class='ocrx_word' id='word_1_331' title='bbox 3509 1938 3635 1977; x_wconf 91' lang='lat' dir='ltr'><strong>cum</strong></span> 
     </span>
    </p>
   </div>
   <div class='ocr_carea' id='block_1_46' title="bbox 2075 2015 3636 2087">
    <p class='ocr_par' dir='ltr' id='par_1_46' title="bbox 2075 2015 3636 2087">
     <span class='ocr_line' id='line_1_46' title="bbox 2075 2015 3636 2087; baseline -0.005 -12"><span class='ocrx_word' id='word_1_332' title='bbox 2075 2020 2450 2077; x_wconf 90' lang='lat' dir='ltr'><strong>similitudinis</strong></span> <span class='ocrx_word' id='word_1_333' title='bbox 2506 2019 2829 2074; x_wconf 89' lang='lat' dir='ltr'><strong>intaminato</strong></span> <span class='ocrx_word' id='word_1_334' title='bbox 2882 2017 3200 2087; x_wconf 80' lang='lat' dir='ltr'><strong>eﬂ‘ulgentes</strong></span> <span class='ocrx_word' id='word_1_335' title='bbox 3239 2015 3469 2086; x_wconf 31' lang='lat' dir='ltr'><strong>‘decore,</strong></span> <span class='ocrx_word' id='word_1_336' title='bbox 3515 2015 3636 2069; x_wconf 69' lang='lat' dir='ltr'><strong>vul-</strong></span> 
     </span>
    </p>
   </div>
   <div class='ocr_carea' id='block_1_47' title="bbox 2073 2109 3637 2184">
    <p class='ocr_par' dir='ltr' id='par_1_47' title="bbox 2073 2109 3637 2184">
     <span class='ocr_line' id='line_1_47' title="bbox 2073 2109 3637 2184; baseline -0.003 -15"><span class='ocrx_word' id='word_1_337' title='bbox 2073 2122 2272 2184; x_wconf 84' lang='lat' dir='ltr'><strong>tusque</strong></span> <span class='ocrx_word' id='word_1_338' title='bbox 2302 2113 2449 2168; x_wconf 90' lang='lat' dir='ltr'><strong>illius</strong></span> <span class='ocrx_word' id='word_1_339' title='bbox 2481 2127 2544 2166; x_wconf 90' lang='lat' dir='ltr'><strong>ac</strong></span> <span class='ocrx_word' id='word_1_340' title='bbox 2573 2111 2898 2181; x_wconf 83' lang='lat' dir='ltr'><strong>exemplaris</strong></span> <span class='ocrx_word' id='word_1_341' title='bbox 2933 2110 3278 2165; x_wconf 83' lang='lat' dir='ltr'><strong>characteres</strong></span> <span class='ocrx_word' id='word_1_342' title='bbox 3311 2109 3519 2164; x_wconf 91' lang='lat' dir='ltr'><strong>lucidos</strong></span> <span class='ocrx_word' id='word_1_343' title='bbox 3549 2125 3637 2165; x_wconf 88' lang='lat' dir='ltr'><strong>re-</strong></span> 
     </span>
    </p>
   </div>
   <div class='ocr_carea' id='block_1_48' title="bbox 2074 2198 3635 2271">
    <p class='ocr_par' dir='ltr' id='par_1_48' title="bbox 2074 2198 3635 2271">
     <span class='ocr_line' id='line_1_48' title="bbox 2074 2198 3635 2271; baseline -0.003 -15"><span class='ocrx_word' id='word_1_344' title='bbox 2074 2202 2329 2266; x_wconf 82' lang='lat' dir='ltr'><strong>ferentes,</strong></span> <span class='ocrx_word' id='word_1_345' title='bbox 2357 2199 2426 2254; x_wconf 86' lang='lat' dir='ltr'><strong>ad</strong></span> <span class='ocrx_word' id='word_1_346' title='bbox 2459 2199 2608 2271; x_wconf 89' lang='lat' dir='ltr'><strong>quod</strong></span> <span class='ocrx_word' id='word_1_347' title='bbox 2642 2199 2859 2255; x_wconf 90' lang='lat' dir='ltr'><strong>intuens</strong></span> <span class='ocrx_word' id='word_1_348' title='bbox 2889 2198 3052 2266; x_wconf 89' lang='lat' dir='ltr'><strong>Deus,</strong></span> <span class='ocrx_word' id='word_1_349' title='bbox 3080 2199 3372 2254; x_wconf 88' lang='lat' dir='ltr'><strong>immortali</strong></span> <span class='ocrx_word' id='word_1_350' title='bbox 3396 2214 3491 2255; x_wconf 86' lang='lat' dir='ltr'><strong>eas</strong></span> <span class='ocrx_word' id='word_1_351' title='bbox 3522 2198 3635 2253; x_wconf 78' lang='lat' dir='ltr'><strong>for-</strong></span> 
     </span>
    </p>
   </div>
   <div class='ocr_carea' id='block_1_49' title="bbox 2070 2292 3634 2366">
    <p class='ocr_par' dir='ltr' id='par_1_49' title="bbox 2070 2292 3634 2366">
     <span class='ocr_line' id='line_1_49' title="bbox 2070 2292 3634 2366; baseline -0.003 -16"><span class='ocrx_word' id='word_1_352' title='bbox 2070 2312 2161 2350; x_wconf 89' lang='lat' dir='ltr'><strong>ma</strong></span> <span class='ocrx_word' id='word_1_353' title='bbox 2189 2304 2352 2366; x_wconf 91' lang='lat' dir='ltr'><strong>atque</strong></span> <span class='ocrx_word' id='word_1_354' title='bbox 2385 2294 2453 2348; x_wconf 92' lang='lat' dir='ltr'><strong>ab</strong></span> <span class='ocrx_word' id='word_1_355' title='bbox 2483 2295 2795 2350; x_wconf 89' lang='lat' dir='ltr'><strong>interitione</strong></span> <span class='ocrx_word' id='word_1_356' title='bbox 2817 2293 3044 2347; x_wconf 87' lang='lat' dir='ltr'><strong>immuni</strong></span> <span class='ocrx_word' id='word_1_357' title='bbox 3074 2293 3266 2358; x_wconf 90' lang='lat' dir='ltr'><strong>edidit,</strong></span> <span class='ocrx_word' id='word_1_358' title='bbox 3311 2292 3386 2346; x_wconf 89' lang='lat' dir='ltr'><strong>ita</strong></span> <span class='ocrx_word' id='word_1_359' title='bbox 3423 2307 3634 2363; x_wconf 87' lang='lat' dir='ltr'><strong>perma-</strong></span> 
     </span>
    </p>
   </div>
   <div class='ocr_carea' id='block_1_50' title="bbox 2068 2384 3634 2459">
    <p class='ocr_par' dir='ltr' id='par_1_50' title="bbox 2068 2384 3634 2459">
     <span class='ocr_line' id='line_1_50' title="bbox 2068 2384 3634 2459; baseline -0.002 -17"><span class='ocrx_word' id='word_1_360' title='bbox 2068 2395 2220 2443; x_wconf 84' lang='lat' dir='ltr'><strong>nent.</strong></span> <span class='ocrx_word' id='word_1_361' title='bbox 2278 2387 2517 2459; x_wconf 84' lang='lat' dir='ltr'><strong>lngenita</strong></span> <span class='ocrx_word' id='word_1_362' title='bbox 2559 2387 2704 2443; x_wconf 88' lang='lat' dir='ltr'><strong>enim</strong></span> <span class='ocrx_word' id='word_1_363' title='bbox 2736 2394 2790 2443; x_wconf 92' lang='lat' dir='ltr'><strong>et</strong></span> <span class='ocrx_word' id='word_1_364' title='bbox 2816 2387 3139 2456; x_wconf 88' lang='lat' dir='ltr'><strong>incorporea</strong></span> <span class='ocrx_word' id='word_1_365' title='bbox 3173 2384 3544 2454; x_wconf 88' lang='lat' dir='ltr'><strong>pulchritudo,</strong></span> <span class='ocrx_word' id='word_1_366' title='bbox 3571 2399 3634 2439; x_wconf 91' lang='lat' dir='ltr'><strong>ac</strong></span> 
     </span>
    </p>
   </div>
   <div class='ocr_carea' id='block_1_51' title="bbox 2069 2475 3680 2550">
    <p class='ocr_par' dir='ltr' id='par_1_51' title="bbox 2069 2475 3680 2550">
     <span class='ocr_line' id='line_1_51' title="bbox 2069 2475 3680 2550; baseline -0.004 -16"><span class='ocrx_word' id='word_1_367' title='bbox 2069 2495 2190 2550; x_wconf 72' lang='lat' dir='ltr'><strong>qua:</strong></span> <span class='ocrx_word' id='word_1_368' title='bbox 2215 2495 2316 2535; x_wconf 89' lang='lat' dir='ltr'><strong>nec</strong></span> <span class='ocrx_word' id='word_1_369' title='bbox 2346 2479 2592 2548; x_wconf 63' lang='lat' dir='ltr'><strong>coeperit,</strong></span> <span class='ocrx_word' id='word_1_370' title='bbox 2625 2493 2725 2535; x_wconf 91' lang='lat' dir='ltr'><strong>nec</strong></span> <span class='ocrx_word' id='word_1_371' title='bbox 2775 2478 2886 2533; x_wconf 87' lang='lat' dir='ltr'><strong>ulla</strong></span> <span class='ocrx_word' id='word_1_372' title='bbox 2939 2492 3178 2548; x_wconf 87' lang='lat' dir='ltr'><strong>unquam</strong></span> <span class='ocrx_word' id='word_1_373' title='bbox 3208 2476 3330 2531; x_wconf 94' lang='lat' dir='ltr'><strong>labe</strong></span> <span class='ocrx_word' id='word_1_374' title='bbox 3380 2475 3630 2540; x_wconf 89' lang='lat' dir='ltr'><strong>intereat,</strong></span> <span class='ocrx_word' id='word_1_375' title='bbox 3677 2501 3680 2506; x_wconf 95' lang='lat'><strong><em>-</em></strong></span> 
     </span>
    </p>
   </div>
   <div class='ocr_carea' id='block_1_52' title="bbox 2069 2568 3631 2640">
    <p class='ocr_par' dir='ltr' id='par_1_52' title="bbox 2069 2568 3631 2640">
     <span class='ocr_line' id='line_1_52' title="bbox 2069 2568 3631 2640; baseline -0.004 -12"><span class='ocrx_word' id='word_1_376' title='bbox 2069 2573 2166 2628; x_wconf 89' lang='lat' dir='ltr'><strong>sed</strong></span> <span class='ocrx_word' id='word_1_377' title='bbox 2195 2571 2551 2626; x_wconf 90' lang='lat' dir='ltr'><strong>immutabilis</strong></span> <span class='ocrx_word' id='word_1_378' title='bbox 2583 2571 2655 2627; x_wconf 90' lang='lat' dir='ltr'><strong>sit</strong></span> <span class='ocrx_word' id='word_1_379' title='bbox 2688 2571 2936 2640; x_wconf 92' lang='lat' dir='ltr'><strong>seniique</strong></span> <span class='ocrx_word' id='word_1_380' title='bbox 2970 2585 3164 2640; x_wconf 83' lang='lat' dir='ltr'><strong>expers</strong></span> <span class='ocrx_word' id='word_1_381' title='bbox 3196 2584 3261 2624; x_wconf 91' lang='lat' dir='ltr'><strong>ac</strong></span> <span class='ocrx_word' id='word_1_382' title='bbox 3289 2569 3439 2624; x_wconf 89' lang='lat' dir='ltr'><strong>nullo</strong></span> <span class='ocrx_word' id='word_1_383' title='bbox 3480 2568 3631 2622; x_wconf 87' lang='lat' dir='ltr'><strong>labo-</strong></span> 
     </span>
    </p>
   </div>
   <div class='ocr_carea' id='block_1_53' title="bbox 2067 2661 3632 2736">
    <p class='ocr_par' dir='ltr' id='par_1_53' title="bbox 2067 2661 3632 2736">
     <span class='ocr_line' id='line_1_53' title="bbox 2067 2661 3632 2736; baseline -0.002 -17"><span class='ocrx_word' id='word_1_384' title='bbox 2067 2680 2196 2719; x_wconf 85' lang='lat' dir='ltr'><strong>rans</strong></span> <span class='ocrx_word' id='word_1_385' title='bbox 2218 2663 2463 2732; x_wconf 85' lang='lat' dir='ltr'><strong>del‘ectu;</strong></span> <span class='ocrx_word' id='word_1_386' title='bbox 2489 2665 2605 2736; x_wconf 88' lang='lat' dir='ltr'><strong>ipse</strong></span> <span class='ocrx_word' id='word_1_387' title='bbox 2637 2663 2693 2718; x_wconf 90' lang='lat' dir='ltr'><strong>in</strong></span> <span class='ocrx_word' id='word_1_388' title='bbox 2720 2679 2779 2719; x_wconf 90' lang='lat' dir='ltr'><strong>se</strong></span> <span class='ocrx_word' id='word_1_389' title='bbox 2799 2664 2918 2734; x_wconf 90' lang='lat' dir='ltr'><strong>ipso</strong></span> <span class='ocrx_word' id='word_1_390' title='bbox 2939 2678 3002 2718; x_wconf 86' lang='lat' dir='ltr'><strong>ac</strong></span> <span class='ocrx_word' id='word_1_391' title='bbox 3043 2678 3210 2734; x_wconf 88' lang='lat' dir='ltr'><strong>penes</strong></span> <span class='ocrx_word' id='word_1_392' title='bbox 3230 2678 3289 2718; x_wconf 85' lang='lat' dir='ltr'><strong>se</strong></span> <span class='ocrx_word' id='word_1_393' title='bbox 3313 2661 3541 2725; x_wconf 88' lang='lat' dir='ltr'><strong>Lumen,</strong></span> <span class='ocrx_word' id='word_1_394' title='bbox 3574 2661 3632 2716; x_wconf 90' lang='lat' dir='ltr'><strong>in</strong></span> 
     </span>
    </p>
   </div>
   <div class='ocr_carea' id='block_1_54' title="bbox 2068 2754 3630 2827">
    <p class='ocr_par' dir='ltr' id='par_1_54' title="bbox 2068 2754 3630 2827">
     <span class='ocr_line' id='line_1_54' title="bbox 2068 2754 3630 2827; baseline 0.001 -18"><span class='ocrx_word' id='word_1_395' title='bbox 2068 2754 2435 2812; x_wconf 79' lang='lat' dir='ltr'><strong>ineﬂ‘abilibus</strong></span> <span class='ocrx_word' id='word_1_396' title='bbox 2463 2771 2526 2811; x_wconf 91' lang='lat' dir='ltr'><strong>ac</strong></span> <span class='ocrx_word' id='word_1_397' title='bbox 2549 2755 3020 2812; x_wconf 89' lang='lat' dir='ltr'><strong>inaccessibilibus</strong></span> <span class='ocrx_word' id='word_1_398' title='bbox 3069 2755 3442 2827; x_wconf 87' lang='lat' dir='ltr'><strong>requiescens,</strong></span> <span class='ocrx_word' id='word_1_399' title='bbox 3477 2762 3630 2826; x_wconf 73' lang='lat' dir='ltr'><strong>pote-</strong></span> 
     </span>
    </p>
   </div>
   <div class='ocr_carea' id='block_1_55' title="bbox 2068 2846 3631 2916">
    <p class='ocr_par' dir='ltr' id='par_1_55' title="bbox 2068 2846 3631 2916">
     <span class='ocr_line' id='line_1_55' title="bbox 2068 2846 3631 2916; baseline -0.002 -14"><span class='ocrx_word' id='word_1_400' title='bbox 2068 2847 2224 2902; x_wconf 87' lang='lat' dir='ltr'><strong>statis</strong></span> <span class='ocrx_word' id='word_1_401' title='bbox 2271 2846 2546 2902; x_wconf 80' lang='lat' dir='ltr'><strong>aﬂluentia</strong></span> <span class='ocrx_word' id='word_1_402' title='bbox 2587 2846 2770 2902; x_wconf 89' lang='lat' dir='ltr'><strong>omnia</strong></span> <span class='ocrx_word' id='word_1_403' title='bbox 2817 2847 3144 2911; x_wconf 90' lang='lat' dir='ltr'><strong>continens,</strong></span> <span class='ocrx_word' id='word_1_404' title='bbox 3207 2860 3508 2916; x_wconf 89' lang='lat' dir='ltr'><strong>creansque</strong></span> <span class='ocrx_word' id='word_1_405' title='bbox 3566 2859 3631 2899; x_wconf 88' lang='lat' dir='ltr'><strong>ac</strong></span> 
     </span>
    </p>
   </div>
   <div class='ocr_carea' id='block_1_56' title="bbox 2069 2936 3632 3009">
    <p class='ocr_par' dir='ltr' id='par_1_56' title="bbox 2069 2936 3632 3009">
     <span class='ocr_line' id='line_1_56' title="bbox 2069 2936 3632 3009; baseline -0.001 -17"><span class='ocrx_word' id='word_1_406' title='bbox 2069 2947 2308 3002; x_wconf 89' lang='lat' dir='ltr'><strong>struens,</strong></span> <span class='ocrx_word' id='word_1_407' title='bbox 2344 2938 2412 2993; x_wconf 89' lang='lat' dir='ltr'><strong>ad</strong></span> <span class='ocrx_word' id='word_1_408' title='bbox 2463 2938 2715 3009; x_wconf 82' lang='lat' dir='ltr'><strong>imaginis</strong></span> <span class='ocrx_word' id='word_1_409' title='bbox 2767 2953 2879 2993; x_wconf 88' lang='lat' dir='ltr'><strong>suae</strong></span> <span class='ocrx_word' id='word_1_410' title='bbox 2917 2938 3230 3009; x_wconf 79' lang='lat' dir='ltr'><strong>imaginem,</strong></span> <span class='ocrx_word' id='word_1_411' title='bbox 3264 2937 3502 2990; x_wconf 89' lang='lat' dir='ltr'><strong>animam</strong></span> <span class='ocrx_word' id='word_1_412' title='bbox 3548 2936 3632 2990; x_wconf 82' lang='lat' dir='ltr'><strong>fa-</strong></span> 
     </span>
    </p>
   </div>
   <div class='ocr_carea' id='block_1_57' title="bbox 2069 3026 3630 3098">
    <p class='ocr_par' dir='ltr' id='par_1_57' title="bbox 2069 3026 3630 3098">
     <span class='ocr_line' id='line_1_57' title="bbox 2069 3026 3630 3098; baseline 0.001 -15"><span class='ocrx_word' id='word_1_413' title='bbox 2069 3029 2311 3086; x_wconf 89' lang='lat' dir='ltr'><strong>bricatus</strong></span> <span class='ocrx_word' id='word_1_414' title='bbox 2338 3037 2442 3085; x_wconf 91' lang='lat' dir='ltr'><strong>est.</strong></span> <span class='ocrx_word' id='word_1_415' title='bbox 2472 3028 2838 3096; x_wconf 83' lang='lat' dir='ltr'><strong>Quamobrem</strong></span> <span class='ocrx_word' id='word_1_416' title='bbox 2860 3029 3022 3085; x_wconf 89' lang='lat' dir='ltr'><strong>etiam</strong></span> <span class='ocrx_word' id='word_1_417' title='bbox 3053 3029 3268 3089; x_wconf 88' lang='lat' dir='ltr'><strong>ratione</strong></span> <span class='ocrx_word' id='word_1_418' title='bbox 3300 3026 3523 3098; x_wconf 68' lang='lat' dir='ltr'><strong>praidita</strong></span> <span class='ocrx_word' id='word_1_419' title='bbox 3545 3036 3630 3084; x_wconf 90' lang='lat' dir='ltr'><strong>est</strong></span> 
     </span>
    </p>
   </div>
   <div class='ocr_carea' id='block_1_58' title="bbox 2068 3119 3630 3192">
    <p class='ocr_par' dir='ltr' id='par_1_58' title="bbox 2068 3119 3630 3192">
     <span class='ocr_line' id='line_1_58' title="bbox 2068 3119 3630 3192; baseline -0.003 -16"><span class='ocrx_word' id='word_1_420' title='bbox 2068 3129 2122 3176; x_wconf 90' lang='lat' dir='ltr'><strong>et</strong></span> <span class='ocrx_word' id='word_1_421' title='bbox 2153 3121 2497 3177; x_wconf 88' lang='lat' dir='ltr'><strong>immortalis.</strong></span> <span class='ocrx_word' id='word_1_422' title='bbox 2530 3121 2607 3176; x_wconf 82' lang='lat' dir='ltr'><strong>Ad</strong></span> <span class='ocrx_word' id='word_1_423' title='bbox 2633 3121 2920 3192; x_wconf 82' lang='lat' dir='ltr'><strong>imaginem</strong></span> <span class='ocrx_word' id='word_1_424' title='bbox 2949 3121 3146 3191; x_wconf 90' lang='lat' dir='ltr'><strong>quippe</strong></span> <span class='ocrx_word' id='word_1_425' title='bbox 3176 3119 3451 3192; x_wconf 90' lang='lat' dir='ltr'><strong>Unigeniti</strong></span> <span class='ocrx_word' id='word_1_426' title='bbox 3496 3135 3630 3174; x_wconf 86' lang='lat' dir='ltr'><strong>con-</strong></span> 
     </span>
    </p>
   </div>
   <div class='ocr_carea' id='block_1_59' title="bbox 397 3199 1963 3295">
    <p class='ocr_par' dir='ltr' id='par_1_59' title="bbox 397 3199 1961 3295">
     <span class='ocr_line' id='line_1_59' title="bbox 397 3199 1961 3295; baseline 0.019 -45"><span class='ocrx_word' id='word_1_427' title='bbox 397 3199 593 3295; x_wconf 48' lang='grc' dir='ltr'>Διὸ-δὴ</span> <span class='ocrx_word' id='word_1_428' title='bbox 638 3205 732 3258; x_wconf 74' lang='grc' dir='ltr'><strong>καὶ</strong></span> <span class='ocrx_word' id='word_1_429' title='bbox 776 3206 848 3260; x_wconf 84' lang='grc' dir='ltr'>τὰ</span> <span class='ocrx_word' id='word_1_430' title='bbox 893 3214 1261 3280; x_wconf 76' lang='grc' dir='ltr'>πνευματικὰ</span> <span class='ocrx_word' id='word_1_431' title='bbox 1304 3215 1413 3285; x_wconf 83' lang='grc' dir='ltr'>τῆς</span> <span class='ocrx_word' id='word_1_432' title='bbox 1440 3223 1731 3289; x_wconf 72' lang='grc' dir='ltr'>πονηρίας</span> <span class='ocrx_word' id='word_1_433' title='bbox 1764 3224 1961 3295; x_wconf 84' lang='grc' dir='ltr'>ἐρῶσιν</span> 
     </span>
    </p>
   </div>
   <div class='ocr_carea' id='block_1_60' title="bbox 2065 3199 3623 3295">
    <p class='ocr_par' dir='ltr' id='par_1_60' title="bbox 2068 3213 3623 3286">
     <span class='ocr_line' id='line_1_60' title="bbox 2068 3213 3623 3286; baseline -0.002 -18"><span class='ocrx_word' id='word_1_434' title='bbox 2068 3214 2200 3280; x_wconf 90' lang='lat' dir='ltr'><strong>dita,</strong></span> <span class='ocrx_word' id='word_1_435' title='bbox 2261 3214 2698 3286; x_wconf 88' lang='lat' dir='ltr'><strong>incomparabili,</strong></span> <span class='ocrx_word' id='word_1_436' title='bbox 2746 3215 2824 3269; x_wconf 91' lang='lat' dir='ltr'><strong>uti</strong></span> <span class='ocrx_word' id='word_1_437' title='bbox 2860 3214 3126 3277; x_wconf 88' lang='lat' dir='ltr'><strong>dicebam,</strong></span> <span class='ocrx_word' id='word_1_438' title='bbox 3183 3214 3347 3282; x_wconf 86' lang='lat' dir='ltr'><strong>pollet</strong></span> <span class='ocrx_word' id='word_1_439' title='bbox 3407 3213 3623 3269; x_wconf 90' lang='lat' dir='ltr'><strong>decore.</strong></span> 
     </span>
    </p>
   </div>
   <div class='ocr_carea' id='block_1_61' title="bbox 397 3289 1962 3385">
    <p class='ocr_par' dir='ltr' id='par_1_61' title="bbox 397 3289 1962 3385">
     <span class='ocr_line' id='line_1_61' title="bbox 397 3289 1962 3385; baseline 0.019 -45"><span class='ocrx_word' id='word_1_440' title='bbox 397 3289 587 3385; x_wconf 73' lang='grc' dir='ltr'>αὐτῆς,</span> <span class='ocrx_word' id='word_1_441' title='bbox 617 3295 710 3348; x_wconf 79' lang='grc' dir='ltr'><strong>καὶ</strong></span> <span class='ocrx_word' id='word_1_442' title='bbox 741 3297 1088 3370; x_wconf 80' lang='grc' dir='ltr'>ἐφεδρεύουσι</span> <span class='ocrx_word' id='word_1_443' title='bbox 1110 3306 1306 3376; x_wconf 82' lang='grc' dir='ltr'>χρᾶναι</span> <span class='ocrx_word' id='word_1_444' title='bbox 1338 3307 1634 3380; x_wconf 78' lang='grc' dir='ltr'>βιαζόμενα</span> <span class='ocrx_word' id='word_1_445' title='bbox 1671 3315 1768 3385; x_wconf 81' lang='grc' dir='ltr'>τὴν</span> <span class='ocrx_word' id='word_1_446' title='bbox 1795 3289 1962 3370; x_wconf 34' lang='grc' dir='ltr'>*θεοεί-</span> 
     </span>
    </p>
   </div>
   <div class='ocr_carea' id='block_1_62' title="bbox 395 3383 1960 3482">
    <p class='ocr_par' dir='ltr' id='par_1_62' title="bbox 395 3383 1960 3482">
     <span class='ocr_line' id='line_1_62' title="bbox 395 3383 1960 3482; baseline 0.019 -48"><span class='ocrx_word' id='word_1_447' title='bbox 395 3383 550 3436; x_wconf 85' lang='grc' dir='ltr'>κελον</span> <span class='ocrx_word' id='word_1_448' title='bbox 584 3387 753 3458; x_wconf 81' lang='grc' dir='ltr'>αὐτῆς</span> <span class='ocrx_word' id='word_1_449' title='bbox 779 3391 992 3465; x_wconf 83' lang='grc' dir='ltr'>ἐκείνην</span> <span class='ocrx_word' id='word_1_450' title='bbox 1019 3395 1112 3448; x_wconf 70' lang='grc' dir='ltr'><strong>καὶ</strong></span> <span class='ocrx_word' id='word_1_451' title='bbox 1140 3399 1436 3470; x_wconf 85' lang='grc' dir='ltr'>ἐπέραστον</span> <span class='ocrx_word' id='word_1_452' title='bbox 1475 3403 1643 3459; x_wconf 82' lang='grc' dir='ltr'>ἰδέαν·</span> <span class='ocrx_word' id='word_1_453' title='bbox 1679 3383 1865 3480; x_wconf 83' lang='grc' dir='ltr'>ὥσπερ</span> <span class='ocrx_word' id='word_1_454' title='bbox 1897 3409 1960 3482; x_wconf 87' lang='grc' dir='ltr'><strong>δὴ</strong></span> 
     </span>
    </p>
   </div>
   <div class='ocr_carea' id='block_1_63' title="bbox 394 3476 1960 3566">
    <p class='ocr_par' dir='ltr' id='par_1_63' title="bbox 394 3476 1960 3566">
     <span class='ocr_line' id='line_1_63' title="bbox 394 3476 1960 3566; baseline 0.019 -40"><span class='ocrx_word' id='word_1_455' title='bbox 394 3476 487 3566; x_wconf 70' lang='grc' dir='ltr'>καὶ</span> <span class='ocrx_word' id='word_1_456' title='bbox 541 3478 570 3530; x_wconf 97' lang='lat'><strong>6</strong></span> <span class='ocrx_word' id='word_1_457' title='bbox 617 3482 901 3555; x_wconf 77' lang='grc' dir='ltr'>προφήτης</span> <span class='ocrx_word' id='word_1_458' title='bbox 977 3487 1242 3560; x_wconf 85' lang='grc' dir='ltr'>Ἱερεμίας</span> <span class='ocrx_word' id='word_1_459' title='bbox 1291 3494 1636 3566; x_wconf 86' lang='grc' dir='ltr'>παρίστησιν,</span> <span class='ocrx_word' id='word_1_460' title='bbox 1688 3476 1960 3565; x_wconf 77' lang='grc' dir='ltr'>ὀνειδίζων</span> 
     </span>
    </p>
   </div>
   <div class='ocr_carea' id='block_1_64' title="bbox 405 3564 1958 3658">
    <p class='ocr_par' dir='ltr' id='par_1_64' title="bbox 405 3564 1958 3658">
     <span class='ocr_line' id='line_1_64' title="bbox 405 3564 1958 3658; baseline 0.019 -41"><span class='ocrx_word' id='word_1_461' title='bbox 405 3564 756 3640; x_wconf 82' lang='grc' dir='ltr'>Ἰερουσαλήμ</span> <span class='ocrx_word' id='word_1_462' title='bbox 783 3587 796 3600; x_wconf 92' lang='grc'><strong>·</strong></span> <span class='ocrx_word' id='word_1_463' title='bbox 846 3573 1016 3642; x_wconf 55' lang='lat' dir='ltr'><strong>&quot;Dyme</strong></span> <span class='ocrx_word' id='word_1_464' title='bbox 1042 3579 1270 3647; x_wconf 77' lang='grc' dir='ltr'>πόρνης</span> <span class='ocrx_word' id='word_1_465' title='bbox 1292 3564 1529 3652; x_wconf 75' lang='grc' dir='ltr'>ἐγένετό</span> <span class='ocrx_word' id='word_1_466' title='bbox 1566 3602 1664 3641; x_wconf 86' lang='grc' dir='ltr'><strong>σοι</strong></span> <span class='ocrx_word' id='word_1_467' title='bbox 1683 3606 1697 3618; x_wconf 90' lang='grc'><strong>·</strong></span> <span class='ocrx_word' id='word_1_468' title='bbox 1761 3564 1958 3658; x_wconf 70' lang='grc' dir='ltr'>ἀπήν-</span> 
     </span>
    </p>
   </div>
   <div class='ocr_carea' id='block_1_65' title="bbox 389 3659 1959 3753">
    <p class='ocr_par' dir='ltr' id='par_1_65' title="bbox 389 3659 1959 3753">
     <span class='ocr_line' id='line_1_65' title="bbox 389 3659 1959 3753; baseline 0.018 -46"><span class='ocrx_word' id='word_1_469' title='bbox 389 3659 807 3726; x_wconf 79' lang='grc' dir='ltr'>αισχύντησας</span> <span class='ocrx_word' id='word_1_470' title='bbox 853 3665 1142 3722; x_wconf 71' lang='grc' dir='ltr'>ἀπέναντι</span> <span class='ocrx_word' id='word_1_471' title='bbox 1186 3670 1303 3722; x_wconf 76' lang='grc' dir='ltr'>τῶν</span> <span class='ocrx_word' id='word_1_472' title='bbox 1357 3672 1624 3742; x_wconf 80' lang='grc' dir='ltr'>ἐραστῶν</span> <span class='ocrx_word' id='word_1_473' title='bbox 1675 3696 1792 3734; x_wconf 84' lang='grc' dir='ltr'><strong>σου</strong></span> <span class='ocrx_word' id='word_1_474' title='bbox 1812 3698 1825 3710; x_wconf 74' lang='grc' dir='ltr'><strong><em>ο</em></strong></span> <span class='ocrx_word' id='word_1_475' title='bbox 1859 3681 1959 3753; x_wconf 83' lang='grc' dir='ltr'>τὴν</span> 
     </span>
    </p>
   </div>
   <div class='ocr_carea' id='block_1_66' title="bbox 393 3747 1958 3840">
    <p class='ocr_par' dir='ltr' id='par_1_66' title="bbox 393 3747 1958 3840">
     <span class='ocr_line' id='line_1_66' title="bbox 393 3747 1958 3840; baseline 0.018 -43"><span class='ocrx_word' id='word_1_476' title='bbox 393 3747 782 3817; x_wconf 78' lang='grc' dir='ltr'>παρασχοῦσαν</span> <span class='ocrx_word' id='word_1_477' title='bbox 824 3753 1022 3827; x_wconf 79' lang='grc' dir='ltr'>ἑαυτὴν</span> <span class='ocrx_word' id='word_1_478' title='bbox 1071 3761 1189 3822; x_wconf 86' lang='grc' dir='ltr'>ταῖς</span> <span class='ocrx_word' id='word_1_479' title='bbox 1236 3761 1636 3835; x_wconf 82' lang='grc' dir='ltr'>ἀντικειμέναις</span> <span class='ocrx_word' id='word_1_480' title='bbox 1669 3747 1958 3840; x_wconf 74' lang='grc' dir='ltr'>δυνάμεσίν</span> 
     </span>
    </p>
   </div>
   <div class='ocr_carea' id='block_1_67' title="bbox 391 3837 1957 3924">
    <p class='ocr_par' dir='ltr' id='par_1_67' title="bbox 391 3837 1957 3924">
     <span class='ocr_line' id='line_1_67' title="bbox 391 3837 1957 3924; baseline 0.017 -37"><span class='ocrx_word' id='word_1_481' title='bbox 391 3839 478 3899; x_wconf 81' lang='grc' dir='ltr'><strong>εἰς</strong></span> <span class='ocrx_word' id='word_1_482' title='bbox 505 3837 803 3909; x_wconf 80' lang='grc' dir='ltr'>βεϐήλωσιν</span> <span class='ocrx_word' id='word_1_483' title='bbox 828 3841 1018 3912; x_wconf 79' lang='grc' dir='ltr'>λέγων.</span> <span class='ocrx_word' id='word_1_484' title='bbox 1076 3847 1330 3919; x_wconf 70' lang='grc' dir='ltr'>Ἐρασταὶ</span> <span class='ocrx_word' id='word_1_485' title='bbox 1355 3854 1462 3924; x_wconf 81' lang='grc' dir='ltr'><strong>γάρ</strong></span> <span class='ocrx_word' id='word_1_486' title='bbox 1489 3858 1626 3908; x_wconf 87' lang='grc' dir='ltr'>εἰσιν</span> <span class='ocrx_word' id='word_1_487' title='bbox 1655 3859 1683 3909; x_wconf 92' lang='lat'><strong>6</strong></span> <span class='ocrx_word' id='word_1_488' title='bbox 1712 3837 1957 3924; x_wconf 62' lang='grc' dir='ltr'>διάϐολος</span> 
     </span>
    </p>
   </div>
   <div class='ocr_carea' id='block_1_68' title="bbox 390 3926 1955 4018">
    <p class='ocr_par' dir='ltr' id='par_1_68' title="bbox 390 3926 1955 4018">
     <span class='ocr_line' id='line_1_68' title="bbox 390 3926 1955 4018; baseline 0.017 -41"><span class='ocrx_word' id='word_1_489' title='bbox 390 3926 490 4018; x_wconf 71' lang='grc' dir='ltr'><strong>καὶ</strong></span> <span class='ocrx_word' id='word_1_490' title='bbox 517 3927 566 3980; x_wconf 88' lang='grc' dir='ltr'><strong>οί</strong></span> <span class='ocrx_word' id='word_1_491' title='bbox 587 3931 717 4001; x_wconf 75' lang='grc' dir='ltr'>περὶ</span> <span class='ocrx_word' id='word_1_492' title='bbox 759 3931 922 3987; x_wconf 83' lang='grc' dir='ltr'>αὐτὸν</span> <span class='ocrx_word' id='word_1_493' title='bbox 974 3934 1215 4004; x_wconf 80' lang='grc' dir='ltr'>ἄγγελοι,</span> <span class='ocrx_word' id='word_1_494' title='bbox 1267 3942 1316 3992; x_wconf 85' lang='grc' dir='ltr'><strong>οἰ</strong></span> <span class='ocrx_word' id='word_1_495' title='bbox 1343 3944 1404 3996; x_wconf 86' lang='grc' dir='ltr'><strong>τὸ</strong></span> <span class='ocrx_word' id='word_1_496' title='bbox 1438 3944 1649 4013; x_wconf 79' lang='grc' dir='ltr'>λογικὸν</span> <span class='ocrx_word' id='word_1_497' title='bbox 1679 3949 1832 4018; x_wconf 84' lang='grc' dir='ltr'>ήμῶν</span> <span class='ocrx_word' id='word_1_498' title='bbox 1862 3951 1955 4004; x_wconf 74' lang='grc' dir='ltr'><strong>καὶ</strong></span> 
     </span>
    </p>
   </div>
   <div class='ocr_carea' id='block_1_69' title="bbox 381 4017 1955 4112">
    <p class='ocr_par' dir='ltr' id='par_1_69' title="bbox 381 4017 1955 4112">
     <span class='ocr_line' id='line_1_69' title="bbox 381 4017 1955 4112; baseline 0.017 -43"><span class='ocrx_word' id='word_1_499' title='bbox 381 4017 694 4086; x_wconf 85' lang='grc' dir='ltr'>διορατικὸν</span> <span class='ocrx_word' id='word_1_500' title='bbox 717 4022 816 4092; x_wconf 85' lang='grc' dir='ltr'><strong>τῆς</strong></span> <span class='ocrx_word' id='word_1_501' title='bbox 854 4028 1164 4099; x_wconf 84' lang='grc' dir='ltr'>φρονήσεως</span> <span class='ocrx_word' id='word_1_502' title='bbox 1191 4031 1384 4098; x_wconf 81' lang='grc' dir='ltr'>κάλλος</span> <span class='ocrx_word' id='word_1_503' title='bbox 1420 4038 1649 4105; x_wconf 88' lang='grc' dir='ltr'>μιαίνειν</span> <span class='ocrx_word' id='word_1_504' title='bbox 1673 4017 1767 4094; x_wconf 77' lang='grc' dir='ltr'><strong>καὶ</strong></span> <span class='ocrx_word' id='word_1_505' title='bbox 1794 4041 1955 4112; x_wconf 86' lang='grc' dir='ltr'>μολῦ-</span> 
     </span>
    </p>
   </div>
   <div class='ocr_carea' id='block_1_70' title="bbox 380 4116 1957 4205">
    <p class='ocr_par' dir='ltr' id='par_1_70' title="bbox 380 4116 1957 4205">
     <span class='ocr_line' id='line_1_70' title="bbox 380 4116 1957 4205; baseline 0.014 -39"><span class='ocrx_word' id='word_1_506' title='bbox 380 4128 503 4166; x_wconf 84' lang='grc' dir='ltr'>νειν</span> <span class='ocrx_word' id='word_1_507' title='bbox 545 4116 610 4185; x_wconf 85' lang='grc' dir='ltr'><strong>τῇ</strong></span> <span class='ocrx_word' id='word_1_508' title='bbox 663 4116 872 4170; x_wconf 82' lang='grc' dir='ltr'>ἑαυτῶν</span> <span class='ocrx_word' id='word_1_509' title='bbox 918 4120 1166 4194; x_wconf 78' lang='grc' dir='ltr'>ἐπιμιξίᾳ</span> <span class='ocrx_word' id='word_1_510' title='bbox 1202 4126 1600 4198; x_wconf 78' lang='grc' dir='ltr'>τεχναζόμενοι,</span> <span class='ocrx_word' id='word_1_511' title='bbox 1641 4132 1732 4184; x_wconf 79' lang='grc' dir='ltr'><strong>καὶ</strong></span> <span class='ocrx_word' id='word_1_512' title='bbox 1780 4136 1957 4205; x_wconf 75' lang='grc' dir='ltr'>μοιχοὶ</span> 
     </span>
    </p>
   </div>
   <div class='ocr_carea' id='block_1_71' title="bbox 376 4205 1961 4296">
    <p class='ocr_par' dir='ltr' id='par_1_71' title="bbox 376 4205 1961 4296">
     <span class='ocr_line' id='line_1_71' title="bbox 376 4205 1961 4296; baseline 0.014 -37"><span class='ocrx_word' id='word_1_513' title='bbox 376 4205 640 4276; x_wconf 81' lang='grc' dir='ltr'>γενέσθαι</span> <span class='ocrx_word' id='word_1_514' title='bbox 687 4209 867 4281; x_wconf 88' lang='grc' dir='ltr'>πάσης</span> <span class='ocrx_word' id='word_1_515' title='bbox 903 4213 1004 4283; x_wconf 81' lang='grc' dir='ltr'><strong>τῆς</strong></span> <span class='ocrx_word' id='word_1_516' title='bbox 1032 4213 1109 4285; x_wconf 84' lang='grc' dir='ltr'>τῷ</span> <span class='ocrx_word' id='word_1_517' title='bbox 1157 4218 1346 4290; x_wconf 84' lang='grc' dir='ltr'>Κυρίῳ</span> <span class='ocrx_word' id='word_1_518' title='bbox 1379 4224 1820 4296; x_wconf 82' lang='grc' dir='ltr'>νενυμφευμένης</span> <span class='ocrx_word' id='word_1_519' title='bbox 1842 4228 1961 4280; x_wconf 85' lang='grc' dir='ltr'>ἐπι-</span> 
     </span>
    </p>
   </div>
   <div class='ocr_carea' id='block_1_72' title="bbox 376 4298 902 4374">
    <p class='ocr_par' dir='ltr' id='par_1_72' title="bbox 376 4298 902 4374">
     <span class='ocr_line' id='line_1_72' title="bbox 376 4298 902 4374; baseline 0.013 -21"><span class='ocrx_word' id='word_1_520' title='bbox 376 4298 684 4368; x_wconf 81' lang='grc' dir='ltr'>θυμοῦντες</span> <span class='ocrx_word' id='word_1_521' title='bbox 707 4300 902 4374; x_wconf 77' lang='grc' dir='ltr'>ψυχῆς.</span> 
     </span>
    </p>
   </div>
   <div class='ocr_carea' id='block_1_73' title="bbox 2063 3306 3626 3380">
    <p class='ocr_par' dir='ltr' id='par_1_73' title="bbox 2063 3306 3626 3380">
     <span class='ocr_line' id='line_1_73' title="bbox 2063 3306 3626 3380; baseline -0.001 -18"><span class='ocrx_word' id='word_1_522' title='bbox 2063 3306 2245 3374; x_wconf 84' lang='lat' dir='ltr'><strong>Quare</strong></span> <span class='ocrx_word' id='word_1_523' title='bbox 2269 3308 2536 3378; x_wconf 78' lang='lat' dir='ltr'><strong>spiritalia</strong></span> <span class='ocrx_word' id='word_1_524' title='bbox 2567 3309 2811 3380; x_wconf 73' lang='lat' dir='ltr'><strong>nequitia:</strong></span> <span class='ocrx_word' id='word_1_525' title='bbox 2835 3310 2878 3341; x_wconf 73' lang='grc'><strong>³⁸</strong></span> <span class='ocrx_word' id='word_1_526' title='bbox 2909 3323 3029 3362; x_wconf 91' lang='lat' dir='ltr'><strong>eam</strong></span> <span class='ocrx_word' id='word_1_527' title='bbox 3053 3306 3263 3378; x_wconf 90' lang='lat' dir='ltr'><strong>perdite</strong></span> <span class='ocrx_word' id='word_1_528' title='bbox 3291 3313 3496 3371; x_wconf 90' lang='lat' dir='ltr'><strong>amant,</strong></span> <span class='ocrx_word' id='word_1_529' title='bbox 3531 3322 3626 3361; x_wconf 91' lang='lat' dir='ltr'><strong>ne-</strong></span> 
     </span>
    </p>
   </div>
   <div class='ocr_carea' id='block_1_74' title="bbox 2063 3395 3625 3470">
    <p class='ocr_par' dir='ltr' id='par_1_74' title="bbox 2063 3395 3625 3470">
     <span class='ocr_line' id='line_1_74' title="bbox 2063 3395 3625 3470; baseline -0.001 -17"><span class='ocrx_word' id='word_1_530' title='bbox 2063 3406 2324 3470; x_wconf 89' lang='lat' dir='ltr'><strong>ctuntque</strong></span> <span class='ocrx_word' id='word_1_531' title='bbox 2374 3401 2640 3466; x_wconf 90' lang='lat' dir='ltr'><strong>insidias,</strong></span> <span class='ocrx_word' id='word_1_532' title='bbox 2693 3395 2930 3456; x_wconf 84' lang='lat' dir='ltr'><strong>emictim</strong></span> <span class='ocrx_word' id='word_1_533' title='bbox 2989 3399 3332 3455; x_wconf 91' lang='lat' dir='ltr'><strong>connitentes</strong></span> <span class='ocrx_word' id='word_1_534' title='bbox 3398 3406 3460 3452; x_wconf 92' lang='lat' dir='ltr'><strong>ut</strong></span> <span class='ocrx_word' id='word_1_535' title='bbox 3506 3397 3625 3466; x_wconf 90' lang='lat' dir='ltr'><strong>ejus</strong></span> 
     </span>
    </p>
   </div>
   <div class='ocr_carea' id='block_1_75' title="bbox 2063 3489 3627 3561">
    <p class='ocr_par' dir='ltr' id='par_1_75' title="bbox 2063 3489 3627 3561">
     <span class='ocr_line' id='line_1_75' title="bbox 2063 3489 3627 3561; baseline 0 -17"><span class='ocrx_word' id='word_1_536' title='bbox 2063 3490 2380 3547; x_wconf 86' lang='lat' dir='ltr'><strong>deiformem</strong></span> <span class='ocrx_word' id='word_1_537' title='bbox 2409 3493 2556 3546; x_wconf 90' lang='lat' dir='ltr'><strong>illam</strong></span> <span class='ocrx_word' id='word_1_538' title='bbox 2587 3492 3144 3561; x_wconf 85' lang='lat' dir='ltr'><strong>amabilissimamque</strong></span> <span class='ocrx_word' id='word_1_539' title='bbox 3173 3491 3408 3561; x_wconf 89' lang='lat' dir='ltr'><strong>speciem</strong></span> <span class='ocrx_word' id='word_1_540' title='bbox 3441 3489 3627 3545; x_wconf 88' lang='lat' dir='ltr'><strong>detur-</strong></span> 
     </span>
    </p>
   </div>
   <div class='ocr_carea' id='block_1_76' title="bbox 2061 3582 3620 3656">
    <p class='ocr_par' dir='ltr' id='par_1_76' title="bbox 2061 3582 3620 3656">
     <span class='ocr_line' id='line_1_76' title="bbox 2061 3582 3620 3656; baseline -0.001 -19"><span class='ocrx_word' id='word_1_541' title='bbox 2061 3592 2192 3654; x_wconf 89' lang='lat' dir='ltr'><strong>pent</strong></span> <span class='ocrx_word' id='word_1_542' title='bbox 2221 3600 2285 3637; x_wconf 83' lang='lat' dir='ltr'><strong>ac</strong></span> <span class='ocrx_word' id='word_1_543' title='bbox 2313 3585 2585 3654; x_wconf 91' lang='lat' dir='ltr'><strong>polluant;</strong></span> <span class='ocrx_word' id='word_1_544' title='bbox 2617 3585 2696 3638; x_wconf 87' lang='lat' dir='ltr'><strong>uti</strong></span> <span class='ocrx_word' id='word_1_545' title='bbox 2716 3593 2770 3640; x_wconf 92' lang='lat' dir='ltr'><strong>et</strong></span> <span class='ocrx_word' id='word_1_546' title='bbox 2800 3585 3060 3656; x_wconf 87' lang='lat' dir='ltr'><strong>propheta</strong></span> <span class='ocrx_word' id='word_1_547' title='bbox 3093 3582 3358 3639; x_wconf 85' lang='lat' dir='ltr'><strong>Jeremias</strong></span> <span class='ocrx_word' id='word_1_548' title='bbox 3393 3583 3620 3645; x_wconf 88' lang='lat' dir='ltr'><strong>indicat,</strong></span> 
     </span>
    </p>
   </div>
   <div class='ocr_carea' id='block_1_77' title="bbox 2061 3675 3625 3748">
    <p class='ocr_par' dir='ltr' id='par_1_77' title="bbox 2061 3675 3625 3748">
     <span class='ocr_line' id='line_1_77' title="bbox 2061 3675 3625 3748; baseline -0.003 -16"><span class='ocrx_word' id='word_1_549' title='bbox 2061 3676 2397 3748; x_wconf 82' lang='lat' dir='ltr'><strong>exprobrans</strong></span> <span class='ocrx_word' id='word_1_550' title='bbox 2436 3675 2737 3733; x_wconf 81' lang='lat' dir='ltr'><strong>Jerusalem</strong></span> <span class='ocrx_word' id='word_1_551' title='bbox 2776 3698 2788 3732; x_wconf 90' lang='lat'>:</span> <span class='ocrx_word' id='word_1_552' title='bbox 2839 3676 3014 3732; x_wconf 85' lang='lat' dir='ltr'><strong>Frons</strong></span> <span class='ocrx_word' id='word_1_553' title='bbox 3048 3676 3333 3730; x_wconf 76' lang='lat' dir='ltr'><strong>meretricis</strong></span> <span class='ocrx_word' id='word_1_554' title='bbox 3377 3675 3520 3745; x_wconf 81' lang='lat' dir='ltr'><strong>facta</strong></span> <span class='ocrx_word' id='word_1_555' title='bbox 3548 3684 3625 3728; x_wconf 79' lang='lat' dir='ltr'><strong>est</strong></span> 
     </span>
    </p>
   </div>
   <div class='ocr_carea' id='block_1_78' title="bbox 2063 3767 3622 3837">
    <p class='ocr_par' dir='ltr' id='par_1_78' title="bbox 2063 3767 3622 3837">
     <span class='ocr_line' id='line_1_78' title="bbox 2063 3767 3622 3837; baseline -0.001 -15"><span class='ocrx_word' id='word_1_556' title='bbox 2063 3768 2159 3822; x_wconf 86' lang='lat' dir='ltr'><strong>tibi</strong></span> <span class='ocrx_word' id='word_1_557' title='bbox 2182 3783 2202 3820; x_wconf 87' lang='lat'><strong><em>:</em></strong></span> <span class='ocrx_word' id='word_1_558' title='bbox 2231 3767 2446 3822; x_wconf 80' lang='lat' dir='ltr'><strong>noluisti</strong></span> <span class='ocrx_word' id='word_1_559' title='bbox 2468 3767 2764 3824; x_wconf 81' lang='lat' dir='ltr'><strong>erubescere</strong></span> <span class='ocrx_word' id='word_1_560' title='bbox 2785 3771 2840 3824; x_wconf 85' lang='lat' dir='ltr'><strong>in</strong></span> <span class='ocrx_word' id='word_1_561' title='bbox 2867 3777 3141 3837; x_wconf 84' lang='lat' dir='ltr'><strong>conspectu</strong></span> <span class='ocrx_word' id='word_1_562' title='bbox 3179 3777 3473 3820; x_wconf 87' lang='lat' dir='ltr'><strong>amatorum</strong></span> <span class='ocrx_word' id='word_1_563' title='bbox 3502 3774 3622 3820; x_wconf 87' lang='lat' dir='ltr'><strong>tuo-</strong></span> 
     </span>
    </p>
   </div>
   <div class='ocr_carea' id='block_1_79' title="bbox 2063 3857 3621 3932">
    <p class='ocr_par' dir='ltr' id='par_1_79' title="bbox 2063 3857 3621 3932">
     <span class='ocr_line' id='line_1_79' title="bbox 2063 3857 3621 3932; baseline -0.001 -18"><span class='ocrx_word' id='word_1_564' title='bbox 2063 3877 2181 3914; x_wconf 87' lang='lat' dir='ltr'><strong>rum</strong></span> <span class='ocrx_word' id='word_1_565' title='bbox 2205 3862 2268 3925; x_wconf 79' lang='lat'><strong>&quot;,</strong></span> <span class='ocrx_word' id='word_1_566' title='bbox 2300 3859 2368 3916; x_wconf 91' lang='lat' dir='ltr'><strong>de</strong></span> <span class='ocrx_word' id='word_1_567' title='bbox 2395 3876 2459 3916; x_wconf 90' lang='lat' dir='ltr'><strong>ea</strong></span> <span class='ocrx_word' id='word_1_568' title='bbox 2481 3862 2711 3932; x_wconf 92' lang='lat' dir='ltr'><strong>loquens</strong></span> <span class='ocrx_word' id='word_1_569' title='bbox 2741 3876 2862 3930; x_wconf 57' lang='lat' dir='ltr'><strong>quae</strong></span> <span class='ocrx_word' id='word_1_570' title='bbox 2881 3876 2940 3915; x_wconf 91' lang='lat' dir='ltr'><strong>se</strong></span> <span class='ocrx_word' id='word_1_571' title='bbox 2969 3859 3249 3930; x_wconf 90' lang='lat' dir='ltr'><strong>prostituit</strong></span> <span class='ocrx_word' id='word_1_572' title='bbox 3290 3857 3621 3914; x_wconf 83' lang='lat' dir='ltr'><strong>adversariis</strong></span> 
     </span>
    </p>
   </div>
   <div class='ocr_carea' id='block_1_80' title="bbox 2059 3951 3620 4021">
    <p class='ocr_par' dir='ltr' id='par_1_80' title="bbox 2059 3951 3620 4021">
     <span class='ocr_line' id='line_1_80' title="bbox 2059 3951 3620 4021; baseline -0.003 -15"><span class='ocrx_word' id='word_1_573' title='bbox 2059 3952 2426 4021; x_wconf 86' lang='lat' dir='ltr'><strong>potestatibus</strong></span> <span class='ocrx_word' id='word_1_574' title='bbox 2459 3952 2515 4007; x_wconf 90' lang='lat' dir='ltr'><strong>in</strong></span> <span class='ocrx_word' id='word_1_575' title='bbox 2561 3951 3098 4007; x_wconf 88' lang='lat' dir='ltr'><strong>contaminationem.</strong></span> <span class='ocrx_word' id='word_1_576' title='bbox 3152 3951 3439 4006; x_wconf 85' lang='lat' dir='ltr'><strong>Amatores</strong></span> <span class='ocrx_word' id='word_1_577' title='bbox 3477 3951 3620 4005; x_wconf 89' lang='lat' dir='ltr'><strong>enim</strong></span> 
     </span>
    </p>
   </div>
   <div class='ocr_carea' id='block_1_81' title="bbox 2061 4045 3619 4118">
    <p class='ocr_par' dir='ltr' id='par_1_81' title="bbox 2061 4045 3619 4118">
     <span class='ocr_line' id='line_1_81' title="bbox 2061 4045 3619 4118; baseline -0.003 -18"><span class='ocrx_word' id='word_1_578' title='bbox 2061 4052 2188 4100; x_wconf 90' lang='lat' dir='ltr'><strong>sunt</strong></span> <span class='ocrx_word' id='word_1_579' title='bbox 2211 4045 2460 4102; x_wconf 90' lang='lat' dir='ltr'><strong>diabolus</strong></span> <span class='ocrx_word' id='word_1_580' title='bbox 2482 4053 2536 4102; x_wconf 91' lang='lat' dir='ltr'><strong>et</strong></span> <span class='ocrx_word' id='word_1_581' title='bbox 2567 4046 2744 4118; x_wconf 88' lang='lat' dir='ltr'><strong>angeli</strong></span> <span class='ocrx_word' id='word_1_582' title='bbox 2777 4046 2918 4116; x_wconf 87' lang='lat' dir='ltr'><strong>ejus,</strong></span> <span class='ocrx_word' id='word_1_583' title='bbox 2947 4045 3040 4116; x_wconf 90' lang='lat' dir='ltr'><strong>qui</strong></span> <span class='ocrx_word' id='word_1_584' title='bbox 3094 4055 3343 4100; x_wconf 87' lang='lat' dir='ltr'><strong>nostrum</strong></span> <span class='ocrx_word' id='word_1_585' title='bbox 3374 4058 3497 4098; x_wconf 89' lang='lat' dir='ltr'><strong>cum</strong></span> <span class='ocrx_word' id='word_1_586' title='bbox 3528 4058 3619 4096; x_wconf 89' lang='lat' dir='ltr'><strong>ra-</strong></span> 
     </span>
    </p>
   </div>
   <div class='ocr_carea' id='block_1_82' title="bbox 2061 4135 3620 4210">
    <p class='ocr_par' dir='ltr' id='par_1_82' title="bbox 2061 4135 3620 4210">
     <span class='ocr_line' id='line_1_82' title="bbox 2061 4135 3620 4210; baseline -0.001 -20"><span class='ocrx_word' id='word_1_587' title='bbox 2061 4137 2210 4192; x_wconf 88' lang='lat' dir='ltr'><strong>tione</strong></span> <span class='ocrx_word' id='word_1_588' title='bbox 2236 4139 2543 4210; x_wconf 85' lang='lat' dir='ltr'><strong>ingeniique</strong></span> <span class='ocrx_word' id='word_1_589' title='bbox 2574 4139 2987 4210; x_wconf 82' lang='lat' dir='ltr'><strong>perSpicacitate</strong></span> <span class='ocrx_word' id='word_1_590' title='bbox 3014 4137 3315 4208; x_wconf 65' lang='lat' dir='ltr'><strong>prudentiae</strong></span> <span class='ocrx_word' id='word_1_591' title='bbox 3365 4135 3620 4191; x_wconf 84' lang='lat' dir='ltr'><strong>decorem</strong></span> 
     </span>
    </p>
   </div>
   <div class='ocr_carea' id='block_1_83' title="bbox 2064 4228 3620 4300">
    <p class='ocr_par' dir='ltr' id='par_1_83' title="bbox 2064 4228 3620 4300">
     <span class='ocr_line' id='line_1_83' title="bbox 2064 4228 3620 4300; baseline -0.001 -18"><span class='ocrx_word' id='word_1_592' title='bbox 2064 4229 2376 4297; x_wconf 90' lang='lat' dir='ltr'><strong>polluereet</strong></span> <span class='ocrx_word' id='word_1_593' title='bbox 2404 4229 2690 4300; x_wconf 90' lang='lat' dir='ltr'><strong>inquinare</strong></span> <span class='ocrx_word' id='word_1_594' title='bbox 2734 4231 2820 4285; x_wconf 91' lang='lat' dir='ltr'><strong>sui</strong></span> <span class='ocrx_word' id='word_1_595' title='bbox 2872 4229 3247 4286; x_wconf 86' lang='lat' dir='ltr'><strong>commistione</strong></span> <span class='ocrx_word' id='word_1_596' title='bbox 3300 4228 3620 4282; x_wconf 85' lang='lat' dir='ltr'><strong>machinan-</strong></span> 
     </span>
    </p>
   </div>
   <div class='ocr_carea' id='block_1_84' title="bbox 2062 4321 3620 4392">
    <p class='ocr_par' dir='ltr' id='par_1_84' title="bbox 2062 4321 3620 4392">
     <span class='ocr_line' id='line_1_84' title="bbox 2062 4321 3620 4392; baseline 0.001 -19"><span class='ocrx_word' id='word_1_597' title='bbox 2062 4327 2166 4385; x_wconf 86' lang='lat' dir='ltr'><strong>tes,</strong></span> <span class='ocrx_word' id='word_1_598' title='bbox 2198 4337 2415 4377; x_wconf 88' lang='lat' dir='ltr'><strong>omnem</strong></span> <span class='ocrx_word' id='word_1_599' title='bbox 2438 4321 2549 4378; x_wconf 90' lang='lat' dir='ltr'><strong>Deo</strong></span> <span class='ocrx_word' id='word_1_600' title='bbox 2577 4321 2958 4392; x_wconf 87' lang='lat' dir='ltr'><strong>desponsatam</strong></span> <span class='ocrx_word' id='word_1_601' title='bbox 2994 4321 3231 4375; x_wconf 85' lang='lat' dir='ltr'><strong>animam</strong></span> <span class='ocrx_word' id='word_1_602' title='bbox 3263 4327 3620 4390; x_wconf 85' lang='lat' dir='ltr'><strong>constuprare</strong></span> 
     </span>
    </p>
   </div>
   <div class='ocr_carea' id='block_1_85' title="bbox 2056 4414 2396 4483">
    <p class='ocr_par' dir='ltr' id='par_1_85' title="bbox 2056 4414 2396 4483">
     <span class='ocr_line' id='line_1_85' title="bbox 2056 4414 2396 4483; baseline 0 -15"><span class='ocrx_word' id='word_1_603' title='bbox 2056 4414 2396 4483; x_wconf 85' lang='lat' dir='ltr'><strong>percupiunt.</strong></span> 
     </span>
    </p>
   </div>
   <div class='ocr_carea' id='block_1_86' title="bbox 1522 4517 2533 4598">
    <p class='ocr_par' dir='ltr' id='par_1_86' title="bbox 1522 4517 2533 4598">
     <span class='ocr_line' id='line_1_86' title="bbox 1522 4517 2533 4598; baseline 0.009 -24"><span class='ocrx_word' id='word_1_604' title='bbox 1522 4517 1648 4574; x_wconf 77' lang='lat' dir='ltr'><strong>CAP.</strong></span> <span class='ocrx_word' id='word_1_605' title='bbox 1675 4520 1736 4578; x_wconf 88' lang='lat' dir='ltr'><strong>ll.</strong></span> <span class='ocrx_word' id='word_1_606' title='bbox 1764 4523 2032 4579; x_wconf 83' lang='lat' dir='ltr'><strong>Parabola</strong></span> <span class='ocrx_word' id='word_1_607' title='bbox 2056 4525 2228 4580; x_wconf 86' lang='lat' dir='ltr'><strong>decem</strong></span> <span class='ocrx_word' id='word_1_608' title='bbox 2256 4528 2533 4598; x_wconf 84' lang='lat' dir='ltr'><strong>virginum.</strong></span> 
     </span>
    </p>
   </div>
   <div class='ocr_carea' id='block_1_87' title="bbox 468 4592 1963 4692">
    <p class='ocr_par' dir='ltr' id='par_1_87' title="bbox 468 4592 1956 4683">
     <span class='ocr_line' id='line_1_87' title="bbox 468 4592 1956 4683; baseline 0.017 -36"><span class='ocrx_word' id='word_1_609' title='bbox 468 4595 595 4649; x_wconf 84' lang='grc' dir='ltr'><strong>Ἐὰν</strong></span> <span class='ocrx_word' id='word_1_610' title='bbox 639 4592 731 4650; x_wconf 77' lang='grc' dir='ltr'><strong>οὖν</strong></span> <span class='ocrx_word' id='word_1_611' title='bbox 767 4598 1060 4669; x_wconf 86' lang='grc' dir='ltr'>ἀμόλυντον</span> <span class='ocrx_word' id='word_1_612' title='bbox 1089 4603 1246 4658; x_wconf 82' lang='grc' dir='ltr'>τοῦτο</span> <span class='ocrx_word' id='word_1_613' title='bbox 1277 4610 1498 4681; x_wconf 87' lang='grc' dir='ltr'>τηρήσει</span> <span class='ocrx_word' id='word_1_614' title='bbox 1528 4628 1612 4676; x_wconf 90' lang='grc' dir='ltr'><strong>τις</strong></span> <span class='ocrx_word' id='word_1_615' title='bbox 1657 4615 1716 4668; x_wconf 84' lang='grc' dir='ltr'>τὸ</span> <span class='ocrx_word' id='word_1_616' title='bbox 1764 4617 1956 4683; x_wconf 83' lang='grc' dir='ltr'>κάλλος</span> 
     </span>
    </p>
   </div>
   <div class='ocr_carea' id='block_1_88' title="bbox 2065 4592 3619 4692">
    <p class='ocr_par' dir='ltr' id='par_1_88' title="bbox 2131 4592 3619 4692">
     <span class='ocr_line' id='line_1_88' title="bbox 2131 4592 3619 4692; baseline 0.001 -18"><span class='ocrx_word' id='word_1_617' title='bbox 2131 4619 2186 4674; x_wconf 90' lang='lat' dir='ltr'><strong>Si</strong></span> <span class='ocrx_word' id='word_1_618' title='bbox 2205 4592 2675 4691; x_wconf 46' lang='lat' dir='ltr'><strong>ergo-inviolatam</strong></span> <span class='ocrx_word' id='word_1_619' title='bbox 2709 4621 2980 4679; x_wconf 86' lang='lat' dir='ltr'><strong>custodiat</strong></span> <span class='ocrx_word' id='word_1_620' title='bbox 2999 4621 3122 4692; x_wconf 89' lang='lat' dir='ltr'><strong>quis</strong></span> <span class='ocrx_word' id='word_1_621' title='bbox 3149 4629 3203 4675; x_wconf 89' lang='lat' dir='ltr'><strong>et</strong></span> <span class='ocrx_word' id='word_1_622' title='bbox 3226 4621 3446 4676; x_wconf 69' lang='lat' dir='ltr'><strong>illaesam</strong></span> <span class='ocrx_word' id='word_1_623' title='bbox 3477 4620 3619 4676; x_wconf 87' lang='lat' dir='ltr'><strong>hanc</strong></span> 
     </span>
    </p>
   </div>
   <div class='ocr_carea' id='block_1_89' title="bbox 375 4689 1952 4782">
    <p class='ocr_par' dir='ltr' id='par_1_89' title="bbox 375 4689 1952 4782">
     <span class='ocr_line' id='line_1_89' title="bbox 375 4689 1952 4782; baseline 0.018 -45"><span class='ocrx_word' id='word_1_624' title='bbox 375 4689 482 4744; x_wconf 76' lang='grc' dir='ltr'><strong>καὶ</strong></span> <span class='ocrx_word' id='word_1_625' title='bbox 535 4690 734 4753; x_wconf 82' lang='grc' dir='ltr'>ἀσινὲς,</span> <span class='ocrx_word' id='word_1_626' title='bbox 787 4692 882 4744; x_wconf 74' lang='grc' dir='ltr'><strong>καὶ</strong></span> <span class='ocrx_word' id='word_1_627' title='bbox 918 4693 1177 4757; x_wconf 82' lang='grc' dir='ltr'>τοιοῦτον,</span> <span class='ocrx_word' id='word_1_628' title='bbox 1214 4699 1394 4752; x_wconf 85' lang='grc' dir='ltr'>ὁποῖον</span> <span class='ocrx_word' id='word_1_629' title='bbox 1432 4703 1592 4766; x_wconf 81' lang='grc' dir='ltr'>αὐτὸς</span> <span class='ocrx_word' id='word_1_630' title='bbox 1621 4707 1648 4758; x_wconf 90' lang='lat'><strong>6</strong></span> <span class='ocrx_word' id='word_1_631' title='bbox 1685 4712 1952 4782; x_wconf 82' lang='grc' dir='ltr'>συστησά-</span> 
     </span>
    </p>
   </div>
   <div class='ocr_carea' id='block_1_90' title="bbox 457 4803 1498 4880">
    <p class='ocr_par' dir='ltr' id='par_1_90' title="bbox 457 4803 1498 4880">
     <span class='ocr_line' id='line_1_90' title="bbox 457 4803 1498 4880; baseline 0.014 -24"><span class='ocrx_word' id='word_1_632' title='bbox 457 4806 508 4839; x_wconf 82' lang='grc'><strong>¹⁶</strong></span> <span class='ocrx_word' id='word_1_633' title='bbox 545 4803 833 4874; x_wconf 55' lang='lat' dir='ltr'><strong>[Ep/188.“,</strong></span> <span class='ocrx_word' id='word_1_634' title='bbox 872 4808 958 4863; x_wconf 76' lang='grc'><strong>12.</strong></span> <span class='ocrx_word' id='word_1_635' title='bbox 1037 4811 1079 4842; x_wconf 84' lang='grc'><strong>¹⁷</strong></span> <span class='ocrx_word' id='word_1_636' title='bbox 1120 4810 1417 4880; x_wconf 74' lang='lat' dir='ltr'><strong>Jerenmn,</strong></span> <span class='ocrx_word' id='word_1_637' title='bbox 1446 4817 1498 4872; x_wconf 78' lang='lat'><strong>5.</strong></span> 
     </span>
    </p>
   </div>
   <div class='ocr_carea' id='block_1_91' title="bbox 374 4921 1958 5006">
    <p class='ocr_par' dir='ltr' id='par_1_91' title="bbox 374 4921 1958 5006">
     <span class='ocr_line' id='line_1_91' title="bbox 374 4921 1958 5006; baseline 0.007 -28"><span class='ocrx_word' id='word_1_638' title='bbox 374 4924 456 4978; x_wconf 78' lang='lat' dir='ltr'><strong>cti</strong></span> <span class='ocrx_word' id='word_1_639' title='bbox 493 4921 823 5006; x_wconf 58' lang='lat' dir='ltr'><strong>sacerdotio,</strong></span> <span class='ocrx_word' id='word_1_640' title='bbox 878 4941 980 4980; x_wconf 89' lang='lat' dir='ltr'><strong>nec</strong></span> <span class='ocrx_word' id='word_1_641' title='bbox 1006 4927 1186 4982; x_wconf 88' lang='lat' dir='ltr'><strong>minus</strong></span> <span class='ocrx_word' id='word_1_642' title='bbox 1219 4929 1369 5006; x_wconf 85' lang='lat' dir='ltr'><strong>cl_er_o</strong></span> <span class='ocrx_word' id='word_1_643' title='bbox 1399 4933 1612 5003; x_wconf 88' lang='lat' dir='ltr'><strong>reliquo</strong></span> <span class='ocrx_word' id='word_1_644' title='bbox 1648 4935 1958 5006; x_wconf 77' lang='grc' dir='ltr'>ἱερατεύον-</span> 
     </span>
    </p>
   </div>
   <div class='ocr_carea' id='block_1_92' title="bbox 373 4994 1952 5079">
    <p class='ocr_par' dir='ltr' id='par_1_92' title="bbox 373 4994 1952 5079">
     <span class='ocr_line' id='line_1_92' title="bbox 373 4994 1952 5079; baseline 0.009 -32"><span class='ocrx_word' id='word_1_645' title='bbox 373 5010 516 5079; x_wconf 41' lang='grc' dir='ltr'>τες,</span> <span class='ocrx_word' id='word_1_646' title='bbox 540 4994 863 5079; x_wconf 41' lang='lat' dir='ltr'><strong>potiores&#39;in</strong></span> <span class='ocrx_word' id='word_1_647' title='bbox 897 5011 962 5079; x_wconf 72' lang='lat' dir='ltr'><strong>eo</strong></span> <span class='ocrx_word' id='word_1_648' title='bbox 993 5007 1176 5079; x_wconf 79' lang='lat' dir='ltr'><strong>partes</strong></span> <span class='ocrx_word' id='word_1_649' title='bbox 1214 5000 1498 5079; x_wconf 43' lang='lat' dir='ltr'><strong>.obtinent,</strong></span> <span class='ocrx_word' id='word_1_650' title='bbox 1521 4994 1676 5079; x_wconf 59' lang='lat' dir='ltr'><strong>&#39;quod</strong></span> <span class='ocrx_word' id='word_1_651' title='bbox 1699 4994 1753 5060; x_wconf 70' lang='lat' dir='ltr'><strong>et</strong></span> <span class='ocrx_word' id='word_1_652' title='bbox 1777 5008 1952 5079; x_wconf 83' lang='grc' dir='ltr'>ἀσκή-</span> 
     </span>
    </p>
   </div>
   <div class='ocr_carea' id='block_1_93' title="bbox 375 5063 1952 5146">
    <p class='ocr_par' dir='ltr' id='par_1_93' title="bbox 375 5063 1952 5146">
     <span class='ocr_line' id='line_1_93' title="bbox 375 5063 1952 5146; baseline 0.011 -30"><span class='ocrx_word' id='word_1_653' title='bbox 375 5081 466 5144; x_wconf 77' lang='grc' dir='ltr'><strong>σει</strong></span> <span class='ocrx_word' id='word_1_654' title='bbox 491 5063 754 5146; x_wconf 65' lang='lat' dir='ltr'><strong>cultuque</strong></span> <span class='ocrx_word' id='word_1_655' title='bbox 776 5063 1009 5146; x_wconf 43' lang='lat' dir='ltr'><strong>effetae</strong></span> <span class='ocrx_word' id='word_1_656' title='bbox 1034 5069 1227 5135; x_wconf 87' lang='lat' dir='ltr'><strong>majori</strong></span> <span class='ocrx_word' id='word_1_657' title='bbox 1257 5063 1563 5139; x_wconf 50' lang='lat' dir='ltr'><strong>praestant,-</strong></span> <span class='ocrx_word' id='word_1_658' title='bbox 1583 5075 1738 5146; x_wconf 50' lang='grc' dir='ltr'>εἰειεῇ</span> <span class='ocrx_word' id='word_1_659' title='bbox 1759 5063 1952 5146; x_wconf 75' lang='grc' dir='ltr'>εροηίε</span> 
     </span>
    </p>
   </div>
   <div class='ocr_carea' id='block_1_94' title="bbox 371 5133 1947 5213">
    <p class='ocr_par' dir='ltr' id='par_1_94' title="bbox 371 5133 1947 5213">
     <span class='ocr_line' id='line_1_94' title="bbox 371 5133 1947 5213; baseline 0.01 -27"><span class='ocrx_word' id='word_1_660' title='bbox 371 5135 462 5190; x_wconf 84' lang='lat' dir='ltr'><strong>rei</strong></span> <span class='ocrx_word' id='word_1_661' title='bbox 501 5138 739 5213; x_wconf 70' lang='lat' dir='ltr'><strong>votoque</strong></span> <span class='ocrx_word' id='word_1_662' title='bbox 776 5133 1040 5213; x_wconf 74' lang='lat' dir='ltr'><strong>labiorum</strong></span> <span class='ocrx_word' id='word_1_663' title='bbox 1074 5133 1320 5213; x_wconf 76' lang='lat' dir='ltr'><strong>suorum,</strong></span> <span class='ocrx_word' id='word_1_664' title='bbox 1354 5157 1463 5213; x_wconf 86' lang='lat' dir='ltr'><strong>non</strong></span> <span class='ocrx_word' id='word_1_665' title='bbox 1518 5133 1664 5213; x_wconf 75' lang='lat' dir='ltr'><strong>quod</strong></span> <span class='ocrx_word' id='word_1_666' title='bbox 1700 5133 1947 5202; x_wconf 75' lang='lat' dir='ltr'><strong>Ecclesia</strong></span> 
     </span>
    </p>
   </div>
   <div class='ocr_carea' id='block_1_95' title="bbox 368 5205 1944 5283">
    <p class='ocr_par' dir='ltr' id='par_1_95' title="bbox 368 5205 1944 5283">
     <span class='ocr_line' id='line_1_95' title="bbox 368 5205 1944 5283; baseline 0.013 -31"><span class='ocrx_word' id='word_1_667' title='bbox 368 5205 774 5283; x_wconf 55' lang='lat' dir='ltr'><strong>necessitatem</strong></span> <span class='ocrx_word' id='word_1_668' title='bbox 787 5205 1216 5283; x_wconf 78' lang='lat' dir='ltr'><strong>ordinationibus</strong></span> <span class='ocrx_word' id='word_1_669' title='bbox 1217 5211 1348 5283; x_wconf 87' lang='lat' dir='ltr'><strong>_suis</strong></span> <span class='ocrx_word' id='word_1_670' title='bbox 1368 5205 1640 5268; x_wconf 76' lang='lat' dir='ltr'><strong>indixerit.</strong></span> <span class='ocrx_word' id='word_1_671' title='bbox 1655 5215 1944 5273; x_wconf 64' lang='grc' dir='ltr'><strong>ϐοηθεῖ-ηε.</strong></span> 
     </span>
    </p>
   </div>
   <div class='ocr_carea' id='block_1_96' title="bbox 450 5271 1945 5352">
    <p class='ocr_par' dir='ltr' id='par_1_96' title="bbox 450 5271 1945 5352">
     <span class='ocr_line' id='line_1_96' title="bbox 450 5271 1945 5352; baseline 0.011 -26"><span class='ocrx_word' id='word_1_672' title='bbox 450 5271 575 5345; x_wconf 83' lang='lat'><strong>(85)</strong></span> <span class='ocrx_word' id='word_1_673' title='bbox 591 5273 721 5339; x_wconf 80' lang='grc' dir='ltr'>φῶς</span> <span class='ocrx_word' id='word_1_674' title='bbox 750 5273 819 5352; x_wconf 51' lang='grc' dir='ltr'>ἐν</span> <span class='ocrx_word' id='word_1_675' title='bbox 840 5275 1183 5352; x_wconf 45' lang='lat' dir='ltr'><strong>doctiorem.</strong></span> <span class='ocrx_word' id='word_1_676' title='bbox 1216 5278 1435 5352; x_wconf 66' lang='lat' dir='ltr'><strong>Praetuli</strong></span> <span class='ocrx_word' id='word_1_677' title='bbox 1465 5299 1625 5352; x_wconf 90' lang='lat' dir='ltr'><strong>quam</strong></span> <span class='ocrx_word' id='word_1_678' title='bbox 1663 5271 1945 5342; x_wconf 79' lang='lat' dir='ltr'><strong>lectionem</strong></span> 
     </span>
    </p>
   </div>
   <div class='ocr_carea' id='block_1_97' title="bbox 364 5341 1948 5416">
    <p class='ocr_par' dir='ltr' id='par_1_97' title="bbox 364 5341 1948 5416">
     <span class='ocr_line' id='line_1_97' title="bbox 364 5341 1948 5416; baseline 0.006 -14"><span class='ocrx_word' id='word_1_679' title='bbox 364 5341 740 5416; x_wconf 57' lang='lat' dir='ltr'><strong>reprimentat</strong></span> <span class='ocrx_word' id='word_1_680' title='bbox 759 5341 867 5400; x_wconf 92' lang='lat' dir='ltr'><strong>Leo</strong></span> <span class='ocrx_word' id='word_1_681' title='bbox 884 5341 1152 5410; x_wconf 52' lang='lat' dir='ltr'><strong>&#39;A&#39;llatius,</strong></span> <span class='ocrx_word' id='word_1_682' title='bbox 1168 5351 1270 5405; x_wconf 90' lang='lat' dir='ltr'><strong>etsi</strong></span> <span class='ocrx_word' id='word_1_683' title='bbox 1300 5352 1348 5405; x_wconf 91' lang='lat' dir='ltr'><strong>is</strong></span> <span class='ocrx_word' id='word_1_684' title='bbox 1371 5353 1424 5405; x_wconf 88' lang='lat' dir='ltr'><strong>in</strong></span> <span class='ocrx_word' id='word_1_685' title='bbox 1448 5341 1699 5409; x_wconf 71' lang='lat' dir='ltr'><strong>vcrsione</strong></span> <span class='ocrx_word' id='word_1_686' title='bbox 1722 5341 1948 5412; x_wconf 82' lang='lat' dir='ltr'><strong>alteram</strong></span> 
     </span>
    </p>
   </div>
   <div class='ocr_carea' id='block_1_98' title="bbox 365 5419 1950 5495">
    <p class='ocr_par' dir='ltr' id='par_1_98' title="bbox 365 5419 1950 5495">
     <span class='ocr_line' id='line_1_98' title="bbox 365 5419 1950 5495; baseline 0.009 -27"><span class='ocrx_word' id='word_1_687' title='bbox 365 5419 721 5495; x_wconf 57' lang='lat' dir='ltr'><strong>secutusest,</strong></span> <span class='ocrx_word' id='word_1_688' title='bbox 741 5430 901 5495; x_wconf 84' lang='lat' dir='ltr'><strong>quam</strong></span> <span class='ocrx_word' id='word_1_689' title='bbox 921 5420 1188 5495; x_wconf 63' lang='lat' dir='ltr'><strong>eripi-essit</strong></span> <span class='ocrx_word' id='word_1_690' title='bbox 1205 5421 1371 5476; x_wconf 90' lang='lat' dir='ltr'><strong>editio</strong></span> <span class='ocrx_word' id='word_1_691' title='bbox 1389 5421 1585 5495; x_wconf 86' lang='lat' dir='ltr'><strong>Lupar.</strong></span> <span class='ocrx_word' id='word_1_692' title='bbox 1608 5433 1859 5495; x_wconf 88' lang='lat' dir='ltr'><strong>tanquam</strong></span> <span class='ocrx_word' id='word_1_693' title='bbox 1884 5445 1950 5482; x_wconf 78' lang='lat' dir='ltr'><strong>ex</strong></span> 
     </span>
    </p>
   </div>
   <div class='ocr_carea' id='block_1_99' title="bbox 365 5485 1953 5562">
    <p class='ocr_par' dir='ltr' id='par_1_99' title="bbox 365 5485 1953 5562">
     <span class='ocr_line' id='line_1_99' title="bbox 365 5485 1953 5562; baseline 0.008 -22"><span class='ocrx_word' id='word_1_694' title='bbox 365 5487 530 5562; x_wconf 60' lang='grc' dir='ltr'>νειμ,</span> <span class='ocrx_word' id='word_1_695' title='bbox 570 5491 630 5537; x_wconf 85' lang='grc' dir='ltr'>ιιι</span> <span class='ocrx_word' id='word_1_696' title='bbox 651 5485 906 5562; x_wconf 51' lang='lat' dir='ltr'><strong>nimiruln</strong></span> <span class='ocrx_word' id='word_1_697' title='bbox 924 5485 989 5562; x_wconf 74' lang='grc' dir='ltr'><strong>τὸ</strong></span> <span class='ocrx_word' id='word_1_698' title='bbox 1013 5488 1339 5562; x_wconf 62' lang='grc' dir='ltr'>ἀφράστως</span> <span class='ocrx_word' id='word_1_699' title='bbox 1354 5493 1452 5545; x_wconf 84' lang='grc' dir='ltr'>καὶ</span> <span class='ocrx_word' id='word_1_700' title='bbox 1468 5485 1828 5562; x_wconf 50' lang='lat' dir='ltr'><strong>armauit-occ,</strong></span> <span class='ocrx_word' id='word_1_701' title='bbox 1855 5499 1953 5552; x_wconf 87' lang='lat' dir='ltr'><strong>ab-</strong></span> 
     </span>
    </p>
   </div>
   <div class='ocr_carea' id='block_1_100' title="bbox 363 5554 1952 5630">
    <p class='ocr_par' dir='ltr' id='par_1_100' title="bbox 363 5554 1952 5630">
     <span class='ocr_line' id='line_1_100' title="bbox 363 5554 1952 5630; baseline 0.004 -16"><span class='ocrx_word' id='word_1_702' title='bbox 363 5559 558 5614; x_wconf 85' lang='lat' dir='ltr'><strong>solute</strong></span> <span class='ocrx_word' id='word_1_703' title='bbox 575 5563 825 5630; x_wconf 55' lang='lat' dir='ltr'><strong>ponatur:</strong></span> <span class='ocrx_word' id='word_1_704' title='bbox 842 5554 1188 5630; x_wconf 12' lang='lat' dir='ltr'><strong>ljalaingenitn</strong></span> <span class='ocrx_word' id='word_1_705' title='bbox 1211 5554 1445 5630; x_wconf 80' lang='lat' dir='ltr'><strong>respexit</strong></span> <span class='ocrx_word' id='word_1_706' title='bbox 1465 5554 1764 5620; x_wconf 75' lang='lat' dir='ltr'><strong>Methodius</strong></span> <span class='ocrx_word' id='word_1_707' title='bbox 1786 5554 1921 5623; x_wconf 80' lang='lat' dir='ltr'><strong>illud</strong></span> <span class='ocrx_word' id='word_1_708' title='bbox 1933 5567 1952 5621; x_wconf 88' lang='grc' dir='ltr'><strong>Ι</strong></span> 
     </span>
    </p>
   </div>
   <div class='ocr_carea' id='block_1_101' title="bbox 365 5624 1951 5700">
    <p class='ocr_par' dir='ltr' id='par_1_101' title="bbox 365 5624 1951 5700">
     <span class='ocr_line' id='line_1_101' title="bbox 365 5624 1951 5700; baseline 0.006 -19"><span class='ocrx_word' id='word_1_709' title='bbox 365 5630 533 5700; x_wconf 42' lang='grc' dir='ltr'>Τίηιη</span> <span class='ocrx_word' id='word_1_710' title='bbox 552 5640 628 5686; x_wconf 78' lang='lat' dir='ltr'><strong>Vt,</strong></span> <span class='ocrx_word' id='word_1_711' title='bbox 663 5624 729 5679; x_wconf 78' lang='grc'>16</span> <span class='ocrx_word' id='word_1_712' title='bbox 935 5627 1096 5679; x_wconf 84' lang='grc' dir='ltr'>οἰκῶν</span> <span class='ocrx_word' id='word_1_713' title='bbox 1125 5624 1436 5700; x_wconf 80' lang='grc' dir='ltr'>ἀπρόσὶτον,</span> <span class='ocrx_word' id='word_1_714' title='bbox 1462 5634 1565 5700; x_wconf 80' lang='lat' dir='ltr'><strong>Qui</strong></span> <span class='ocrx_word' id='word_1_715' title='bbox 1583 5635 1841 5691; x_wconf 76' lang='lat' dir='ltr'><strong>inhabitat</strong></span> <span class='ocrx_word' id='word_1_716' title='bbox 1872 5639 1951 5692; x_wconf 79' lang='lat' dir='ltr'><strong>lu-</strong></span> 
     </span>
    </p>
   </div>
   <div class='ocr_carea' id='block_1_102' title="bbox 357 5695 1945 5778">
    <p class='ocr_par' dir='ltr' id='par_1_102' title="bbox 357 5695 1945 5778">
     <span class='ocr_line' id='line_1_102' title="bbox 357 5695 1945 5778; baseline 0.007 -27"><span class='ocrx_word' id='word_1_717' title='bbox 357 5715 480 5778; x_wconf 52' lang='lat' dir='ltr'><strong>cem</strong></span> <span class='ocrx_word' id='word_1_718' title='bbox 515 5695 968 5778; x_wconf 73' lang='lat' dir='ltr'><strong>irtaceessibilem;</strong></span> <span class='ocrx_word' id='word_1_719' title='bbox 1009 5713 1167 5778; x_wconf 74' lang='lat' dir='ltr'><strong>quem</strong></span> <span class='ocrx_word' id='word_1_720' title='bbox 1207 5695 1260 5778; x_wconf 76' lang='lat' dir='ltr'><strong>is</strong></span> <span class='ocrx_word' id='word_1_721' title='bbox 1293 5695 1738 5778; x_wconf 35' lang='lat' dir='ltr'><strong>reflefeamdem</strong></span> <span class='ocrx_word' id='word_1_722' title='bbox 1776 5711 1945 5778; x_wconf 90' lang='lat' dir='ltr'><strong>ipsam</strong></span> 
     </span>
    </p>
   </div>
   <div class='ocr_carea' id='block_1_103' title="bbox 361 5766 1946 5847">
    <p class='ocr_par' dir='ltr' id='par_1_103' title="bbox 361 5766 1946 5847">
     <span class='ocr_line' id='line_1_103' title="bbox 361 5766 1946 5847; baseline 0.004 -22"><span class='ocrx_word' id='word_1_723' title='bbox 361 5774 552 5847; x_wconf 55' lang='lat' dir='ltr'><strong>triceni</strong></span> <span class='ocrx_word' id='word_1_724' title='bbox 585 5766 992 5847; x_wconf 76' lang='lat' dir='ltr'><strong>interpretatur,</strong></span> <span class='ocrx_word' id='word_1_725' title='bbox 1024 5766 1104 5822; x_wconf 70' lang='lat' dir='ltr'><strong>Sic</strong></span> <span class='ocrx_word' id='word_1_726' title='bbox 1132 5770 1185 5822; x_wconf 91' lang='lat' dir='ltr'><strong>in</strong></span> <span class='ocrx_word' id='word_1_727' title='bbox 1237 5771 1597 5847; x_wconf 78' lang='lat' dir='ltr'><strong>iuetTabilibus</strong></span> <span class='ocrx_word' id='word_1_728' title='bbox 1622 5783 1676 5830; x_wconf 87' lang='lat' dir='ltr'><strong>et</strong></span> <span class='ocrx_word' id='word_1_729' title='bbox 1705 5766 1946 5833; x_wconf 68' lang='lat' dir='ltr'><strong>inacces-</strong></span> 
     </span>
    </p>
   </div>
   <div class='ocr_carea' id='block_1_104' title="bbox 363 5837 1941 5912">
    <p class='ocr_par' dir='ltr' id='par_1_104' title="bbox 363 5837 1941 5912">
     <span class='ocr_line' id='line_1_104' title="bbox 363 5837 1941 5912; baseline 0.006 -19"><span class='ocrx_word' id='word_1_730' title='bbox 363 5837 632 5898; x_wconf 73' lang='lat' dir='ltr'><strong>sibilibus</strong></span> <span class='ocrx_word' id='word_1_731' title='bbox 655 5837 1051 5907; x_wconf 86' lang='lat' dir='ltr'><strong>quiescentem;</strong></span> <span class='ocrx_word' id='word_1_732' title='bbox 1089 5855 1197 5895; x_wconf 92' lang='lat' dir='ltr'><strong>non</strong></span> <span class='ocrx_word' id='word_1_733' title='bbox 1219 5845 1600 5912; x_wconf 83' lang='lat' dir='ltr'><strong>potestatibus,</strong></span> <span class='ocrx_word' id='word_1_734' title='bbox 1628 5848 1721 5903; x_wconf 86' lang='lat' dir='ltr'><strong>sed</strong></span> <span class='ocrx_word' id='word_1_735' title='bbox 1744 5849 1941 5903; x_wconf 76' lang='lat' dir='ltr'><strong>divinis</strong></span> 
     </span>
    </p>
   </div>
   <div class='ocr_carea' id='block_1_105' title="bbox 2055 4716 3616 4788">
    <p class='ocr_par' dir='ltr' id='par_1_105' title="bbox 2055 4716 3616 4788">
     <span class='ocr_line' id='line_1_105' title="bbox 2055 4716 3616 4788; baseline -0.002 -18"><span class='ocrx_word' id='word_1_736' title='bbox 2055 4717 2534 4786; x_wconf 88' lang='lat' dir='ltr'><strong>pulchritudinem,</strong></span> <span class='ocrx_word' id='word_1_737' title='bbox 2581 4716 2804 4773; x_wconf 90' lang='lat' dir='ltr'><strong>omnino</strong></span> <span class='ocrx_word' id='word_1_738' title='bbox 2864 4717 3029 4773; x_wconf 88' lang='lat' dir='ltr'><strong>talem</strong></span> <span class='ocrx_word' id='word_1_739' title='bbox 3078 4717 3296 4787; x_wconf 90' lang='lat' dir='ltr'><strong>qualem</strong></span> <span class='ocrx_word' id='word_1_740' title='bbox 3352 4717 3469 4788; x_wconf 90' lang='lat' dir='ltr'><strong>ipse</strong></span> <span class='ocrx_word' id='word_1_741' title='bbox 3525 4716 3616 4788; x_wconf 89' lang='lat' dir='ltr'><strong>qui</strong></span> 
     </span>
    </p>
   </div>
   <div class='ocr_carea' id='block_1_106' title="bbox 2056 4940 3615 5015">
    <p class='ocr_par' dir='ltr' id='par_1_106' title="bbox 2056 4940 3615 5015">
     <span class='ocr_line' id='line_1_106' title="bbox 2056 4940 3615 5015; baseline 0.005 -21"><span class='ocrx_word' id='word_1_742' title='bbox 2056 4940 2172 5015; x_wconf 85' lang='lat' dir='ltr'><strong>suis</strong></span> <span class='ocrx_word' id='word_1_743' title='bbox 2195 4943 2355 5015; x_wconf 84' lang='lat' dir='ltr'><strong>bonis</strong></span> <span class='ocrx_word' id='word_1_744' title='bbox 2377 4957 2440 5015; x_wconf 86' lang='lat' dir='ltr'><strong>ac</strong></span> <span class='ocrx_word' id='word_1_745' title='bbox 2468 4944 2687 5015; x_wconf 82' lang='lat' dir='ltr'><strong>dotibus</strong></span> <span class='ocrx_word' id='word_1_746' title='bbox 2709 4960 2722 5010; x_wconf 93' lang='lat'><strong>;</strong></span> <span class='ocrx_word' id='word_1_747' title='bbox 2741 4944 2832 5013; x_wconf 91' lang='lat' dir='ltr'><strong>qui</strong></span> <span class='ocrx_word' id='word_1_748' title='bbox 2867 4947 3151 5015; x_wconf 88' lang='lat' dir='ltr'><strong>potestatis</strong></span> <span class='ocrx_word' id='word_1_749' title='bbox 3181 4945 3511 5000; x_wconf 87' lang='lat' dir='ltr'><strong>abundantia</strong></span> <span class='ocrx_word' id='word_1_750' title='bbox 3536 4948 3615 5002; x_wconf 90' lang='lat' dir='ltr'><strong>sic</strong></span> 
     </span>
    </p>
   </div>
   <div class='ocr_carea' id='block_1_107' title="bbox 2053 5012 3615 5087">
    <p class='ocr_par' dir='ltr' id='par_1_107' title="bbox 2053 5012 3615 5087">
     <span class='ocr_line' id='line_1_107' title="bbox 2053 5012 3615 5087; baseline 0.004 -23"><span class='ocrx_word' id='word_1_751' title='bbox 2053 5012 2264 5066; x_wconf 88' lang='lat' dir='ltr'><strong>animas</strong></span> <span class='ocrx_word' id='word_1_752' title='bbox 2294 5013 2362 5066; x_wconf 87' lang='lat' dir='ltr'><strong>ad</strong></span> <span class='ocrx_word' id='word_1_753' title='bbox 2396 5014 2645 5083; x_wconf 85' lang='lat' dir='ltr'><strong>imaginis</strong></span> <span class='ocrx_word' id='word_1_754' title='bbox 2691 5012 2803 5069; x_wconf 66' lang='lat' dir='ltr'><strong>sua:</strong></span> <span class='ocrx_word' id='word_1_755' title='bbox 2837 5012 3122 5087; x_wconf 80' lang='lat' dir='ltr'><strong>imaginem</strong></span> <span class='ocrx_word' id='word_1_756' title='bbox 3154 5017 3476 5072; x_wconf 88' lang='lat' dir='ltr'><strong>condiderit.</strong></span> <span class='ocrx_word' id='word_1_757' title='bbox 3512 5017 3615 5083; x_wconf 86' lang='lat' dir='ltr'><strong>Qui</strong></span> 
     </span>
    </p>
   </div>
   <div class='ocr_carea' id='block_1_108' title="bbox 2055 5085 3612 5158">
    <p class='ocr_par' dir='ltr' id='par_1_108' title="bbox 2055 5085 3612 5158">
     <span class='ocr_line' id='line_1_108' title="bbox 2055 5085 3612 5158; baseline 0.006 -26"><span class='ocrx_word' id='word_1_758' title='bbox 2055 5097 2194 5158; x_wconf 78' lang='lat' dir='ltr'><strong>unus</strong></span> <span class='ocrx_word' id='word_1_759' title='bbox 2246 5098 2439 5158; x_wconf 79' lang='lat' dir='ltr'><strong>sensus</strong></span> <span class='ocrx_word' id='word_1_760' title='bbox 2479 5091 2742 5158; x_wconf 81' lang='lat' dir='ltr'><strong>angustus</strong></span> <span class='ocrx_word' id='word_1_761' title='bbox 2797 5095 2900 5158; x_wconf 85' lang='lat' dir='ltr'><strong>est,</strong></span> <span class='ocrx_word' id='word_1_762' title='bbox 2953 5085 3325 5158; x_wconf 55' lang='lat' dir='ltr'><strong>ac_§iethodio</strong></span> <span class='ocrx_word' id='word_1_763' title='bbox 3369 5088 3612 5158; x_wconf 85' lang='lat' dir='ltr'><strong>dignus:</strong></span> 
     </span>
    </p>
   </div>
   <div class='ocr_carea' id='block_1_109' title="bbox 2053 5152 3616 5228">
    <p class='ocr_par' dir='ltr' id='par_1_109' title="bbox 2053 5152 3616 5228">
     <span class='ocr_line' id='line_1_109' title="bbox 2053 5152 3616 5228; baseline 0.003 -25"><span class='ocrx_word' id='word_1_764' title='bbox 2053 5152 2190 5228; x_wconf 77' lang='lat' dir='ltr'><strong>alter</strong></span> <span class='ocrx_word' id='word_1_765' title='bbox 2219 5153 2373 5228; x_wconf 83' lang='lat' dir='ltr'><strong>valde</strong></span> <span class='ocrx_word' id='word_1_766' title='bbox 2403 5152 2671 5228; x_wconf 83' lang='lat' dir='ltr'><strong>insipidus</strong></span> <span class='ocrx_word' id='word_1_767' title='bbox 2699 5162 2752 5210; x_wconf 92' lang='lat' dir='ltr'><strong>et</strong></span> <span class='ocrx_word' id='word_1_768' title='bbox 2779 5157 3012 5210; x_wconf 90' lang='lat' dir='ltr'><strong>alienus.</strong></span> <span class='ocrx_word' id='word_1_769' title='bbox 3035 5155 3208 5211; x_wconf 88' lang='lat' dir='ltr'><strong>Porro</strong></span> <span class='ocrx_word' id='word_1_770' title='bbox 3243 5159 3387 5228; x_wconf 90' lang='lat' dir='ltr'><strong>quod</strong></span> <span class='ocrx_word' id='word_1_771' title='bbox 3423 5152 3616 5226; x_wconf 53' lang='lat' dir='ltr'><strong>i&#39;magi—</strong></span> 
     </span>
    </p>
   </div>
   <div class='ocr_carea' id='block_1_110' title="bbox 2051 5221 3616 5294">
    <p class='ocr_par' dir='ltr' id='par_1_110' title="bbox 2051 5221 3616 5294">
     <span class='ocr_line' id='line_1_110' title="bbox 2051 5221 3616 5294; baseline 0.003 -21"><span class='ocrx_word' id='word_1_772' title='bbox 2051 5221 2139 5274; x_wconf 90' lang='lat' dir='ltr'><strong>nis</strong></span> <span class='ocrx_word' id='word_1_773' title='bbox 2169 5221 2456 5294; x_wconf 78' lang='lat' dir='ltr'><strong>imaginem</strong></span> <span class='ocrx_word' id='word_1_774' title='bbox 2486 5221 2618 5278; x_wconf 88' lang='lat' dir='ltr'><strong>dicit</strong></span> <span class='ocrx_word' id='word_1_775' title='bbox 2667 5233 2880 5281; x_wconf 88' lang='lat' dir='ltr'><strong>creatas</strong></span> <span class='ocrx_word' id='word_1_776' title='bbox 2901 5227 3133 5293; x_wconf 87' lang='lat' dir='ltr'><strong>animas,</strong></span> <span class='ocrx_word' id='word_1_777' title='bbox 3195 5221 3490 5282; x_wconf 80' lang='lat' dir='ltr'><strong>secundum</strong></span> <span class='ocrx_word' id='word_1_778' title='bbox 3519 5221 3616 5294; x_wconf 72' lang='lat' dir='ltr'><strong>ap-</strong></span> 
     </span>
    </p>
   </div>
   <div class='ocr_carea' id='block_1_111' title="bbox 2054 5293 3614 5371">
    <p class='ocr_par' dir='ltr' id='par_1_111' title="bbox 2054 5293 3614 5371">
     <span class='ocr_line' id='line_1_111' title="bbox 2054 5293 3614 5371; baseline 0.002 -26"><span class='ocrx_word' id='word_1_779' title='bbox 2054 5293 2474 5371; x_wconf 69' lang='lat' dir='ltr'><strong>propriationem</strong></span> <span class='ocrx_word' id='word_1_780' title='bbox 2501 5295 2662 5371; x_wconf 74' lang='lat' dir='ltr'><strong>debet</strong></span> <span class='ocrx_word' id='word_1_781' title='bbox 2689 5296 2936 5371; x_wconf 79' lang='lat' dir='ltr'><strong>intelligi,</strong></span> <span class='ocrx_word' id='word_1_782' title='bbox 2969 5303 3022 5350; x_wconf 89' lang='lat' dir='ltr'><strong>et</strong></span> <span class='ocrx_word' id='word_1_783' title='bbox 3067 5300 3211 5367; x_wconf 89' lang='lat' dir='ltr'><strong>quod</strong></span> <span class='ocrx_word' id='word_1_784' title='bbox 3241 5299 3417 5371; x_wconf 83' lang='lat' dir='ltr'><strong>imago</strong></span> <span class='ocrx_word' id='word_1_785' title='bbox 3477 5293 3614 5371; x_wconf 75' lang='lat' dir='ltr'><strong>Filio</strong></span> 
     </span>
    </p>
   </div>
   <div class='ocr_carea' id='block_1_112' title="bbox 2055 5361 3614 5436">
    <p class='ocr_par' dir='ltr' id='par_1_112' title="bbox 2055 5361 3614 5436">
     <span class='ocr_line' id='line_1_112' title="bbox 2055 5361 3614 5436; baseline 0.004 -23"><span class='ocrx_word' id='word_1_786' title='bbox 2055 5361 2326 5436; x_wconf 45' lang='lat' dir='ltr'><strong>tribuatur</strong></span> <span class='ocrx_word' id='word_1_787' title='bbox 2351 5366 2664 5436; x_wconf 81' lang='lat' dir='ltr'><strong>ex__speciali</strong></span> <span class='ocrx_word' id='word_1_788' title='bbox 2685 5361 2892 5421; x_wconf 74' lang='lat' dir='ltr'><strong>ratione</strong></span> <span class='ocrx_word' id='word_1_789' title='bbox 2913 5381 3024 5421; x_wconf 69' lang='lat' dir='ltr'><strong>suae</strong></span> <span class='ocrx_word' id='word_1_790' title='bbox 3048 5361 3447 5436; x_wconf 62' lang='lat' dir='ltr'><strong>procession&#39;is,</strong></span> <span class='ocrx_word' id='word_1_791' title='bbox 3469 5367 3614 5436; x_wconf 87' lang='lat' dir='ltr'><strong>quod</strong></span> 
     </span>
    </p>
   </div>
   <div class='ocr_carea' id='block_1_113' title="bbox 2058 5430 3611 5506">
    <p class='ocr_par' dir='ltr' id='par_1_113' title="bbox 2058 5430 3611 5506">
     <span class='ocr_line' id='line_1_113' title="bbox 2058 5430 3611 5506; baseline 0.005 -23"><span class='ocrx_word' id='word_1_792' title='bbox 2058 5431 2130 5506; x_wconf 74' lang='lat' dir='ltr'><strong>sit</strong></span> <span class='ocrx_word' id='word_1_793' title='bbox 2183 5430 2360 5487; x_wconf 87' lang='lat' dir='ltr'><strong>Patris</strong></span> <span class='ocrx_word' id='word_1_794' title='bbox 2419 5430 2680 5498; x_wconf 81' lang='lat' dir='ltr'><strong>Vérbum,</strong></span> <span class='ocrx_word' id='word_1_795' title='bbox 2715 5444 2770 5490; x_wconf 90' lang='lat' dir='ltr'><strong>et</strong></span> <span class='ocrx_word' id='word_1_796' title='bbox 2799 5430 3066 5506; x_wconf 73' lang='lat' dir='ltr'><strong>expressa</strong></span> <span class='ocrx_word' id='word_1_797' title='bbox 3090 5438 3237 5506; x_wconf 85' lang='lat' dir='ltr'><strong>illius</strong></span> <span class='ocrx_word' id='word_1_798' title='bbox 3289 5430 3611 5490; x_wconf 80' lang='lat' dir='ltr'><strong>similitudo.</strong></span> 
     </span>
    </p>
   </div>
   <div class='ocr_carea' id='block_1_114' title="bbox 2062 5501 3612 5567">
    <p class='ocr_par' dir='ltr' id='par_1_114' title="bbox 2062 5501 3612 5567">
     <span class='ocr_line' id='line_1_114' title="bbox 2062 5501 3612 5567; baseline 0.004 -13"><span class='ocrx_word' id='word_1_799' title='bbox 2062 5501 2326 5556; x_wconf 66' lang='lat' dir='ltr'><strong>Caeterum</strong></span> <span class='ocrx_word' id='word_1_800' title='bbox 2389 5513 2447 5557; x_wconf 88' lang='lat' dir='ltr'><strong>ut</strong></span> <span class='ocrx_word' id='word_1_801' title='bbox 2475 5521 2582 5559; x_wconf 91' lang='lat' dir='ltr'><strong>non</strong></span> <span class='ocrx_word' id='word_1_802' title='bbox 2613 5514 2760 5561; x_wconf 79' lang='lat' dir='ltr'><strong>creat</strong></span> <span class='ocrx_word' id='word_1_803' title='bbox 2809 5501 2968 5561; x_wconf 80' lang='lat' dir='ltr'><strong>Pater</strong></span> <span class='ocrx_word' id='word_1_804' title='bbox 3005 5513 3064 5559; x_wconf 93' lang='lat' dir='ltr'><strong>ut</strong></span> <span class='ocrx_word' id='word_1_805' title='bbox 3109 5505 3288 5567; x_wconf 89' lang='lat' dir='ltr'><strong>Pater,</strong></span> <span class='ocrx_word' id='word_1_806' title='bbox 3345 5507 3439 5559; x_wconf 86' lang='lat' dir='ltr'><strong>sed</strong></span> <span class='ocrx_word' id='word_1_807' title='bbox 3471 5521 3612 5560; x_wconf 82' lang='lat' dir='ltr'><strong>unus</strong></span> 
     </span>
    </p>
   </div>
   <div class='ocr_carea' id='block_1_115' title="bbox 2060 5569 3614 5645">
    <p class='ocr_par' dir='ltr' id='par_1_115' title="bbox 2060 5569 3614 5645">
     <span class='ocr_line' id='line_1_115' title="bbox 2060 5569 3614 5645; baseline 0.002 -19"><span class='ocrx_word' id='word_1_808' title='bbox 2060 5569 2175 5645; x_wconf 78' lang='lat' dir='ltr'><strong>i_pse</strong></span> <span class='ocrx_word' id='word_1_809' title='bbox 2196 5571 2363 5645; x_wconf 84' lang='lat' dir='ltr'><strong>Deus.</strong></span> <span class='ocrx_word' id='word_1_810' title='bbox 2393 5589 2516 5627; x_wconf 91' lang='lat' dir='ltr'><strong>cum</strong></span> <span class='ocrx_word' id='word_1_811' title='bbox 2548 5574 2686 5630; x_wconf 86' lang='lat' dir='ltr'><strong>Filio</strong></span> <span class='ocrx_word' id='word_1_812' title='bbox 2718 5591 2780 5631; x_wconf 90' lang='lat' dir='ltr'><strong>ac</strong></span> <span class='ocrx_word' id='word_1_813' title='bbox 2815 5575 3016 5644; x_wconf 88' lang='lat' dir='ltr'><strong>Spiritu</strong></span> <span class='ocrx_word' id='word_1_814' title='bbox 3052 5583 3240 5630; x_wconf 88' lang='lat' dir='ltr'><strong>sancto</strong></span> <span class='ocrx_word' id='word_1_815' title='bbox 3263 5573 3339 5645; x_wconf 89' lang='lat' dir='ltr'><strong>(id</strong></span> <span class='ocrx_word' id='word_1_816' title='bbox 3363 5575 3614 5631; x_wconf 88' lang='lat' dir='ltr'><strong>estbeata</strong></span> 
     </span>
    </p>
   </div>
   <div class='ocr_carea' id='block_1_116' title="bbox 2059 5641 3612 5715">
    <p class='ocr_par' dir='ltr' id='par_1_116' title="bbox 2059 5641 3612 5715">
     <span class='ocr_line' id='line_1_116' title="bbox 2059 5641 3612 5715; baseline 0.002 -20"><span class='ocrx_word' id='word_1_817' title='bbox 2059 5641 2317 5715; x_wconf 70' lang='lat' dir='ltr'><strong>Trinitas)</strong></span> <span class='ocrx_word' id='word_1_818' title='bbox 2356 5660 2461 5715; x_wconf 75' lang='lat' dir='ltr'><strong>una</strong></span> <span class='ocrx_word' id='word_1_819' title='bbox 2518 5645 2711 5710; x_wconf 87' lang='lat' dir='ltr'><strong>virtus,</strong></span> <span class='ocrx_word' id='word_1_820' title='bbox 2781 5641 2883 5700; x_wconf 74' lang='lat' dir='ltr'><strong>una</strong></span> <span class='ocrx_word' id='word_1_821' title='bbox 2917 5653 3195 5714; x_wconf 87' lang='lat' dir='ltr'><strong>potestas;</strong></span> <span class='ocrx_word' id='word_1_822' title='bbox 3230 5641 3514 5715; x_wconf 7' lang='lat' dir='ltr'><strong>si&#39;cgneque</strong></span> <span class='ocrx_word' id='word_1_823' title='bbox 3545 5646 3612 5699; x_wconf 88' lang='lat' dir='ltr'><strong>ad</strong></span> 
     </span>
    </p>
   </div>
   <div class='ocr_carea' id='block_1_117' title="bbox 2054 5711 3610 5782">
    <p class='ocr_par' dir='ltr' id='par_1_117' title="bbox 2054 5711 3610 5782">
     <span class='ocr_line' id='line_1_117' title="bbox 2054 5711 3610 5782; baseline 0.002 -18"><span class='ocrx_word' id='word_1_824' title='bbox 2054 5711 2340 5782; x_wconf 79' lang='lat' dir='ltr'><strong>imaginem</strong></span> <span class='ocrx_word' id='word_1_825' title='bbox 2375 5713 2531 5770; x_wconf 86' lang='lat' dir='ltr'><strong>Verbi</strong></span> <span class='ocrx_word' id='word_1_826' title='bbox 2557 5723 2616 5769; x_wconf 91' lang='lat' dir='ltr'><strong>ut</strong></span> <span class='ocrx_word' id='word_1_827' title='bbox 2646 5715 2878 5770; x_wconf 83' lang='lat' dir='ltr'><strong>Verbum</strong></span> <span class='ocrx_word' id='word_1_828' title='bbox 2913 5711 3013 5775; x_wconf 80' lang='lat' dir='ltr'><strong>est,</strong></span> <span class='ocrx_word' id='word_1_829' title='bbox 3036 5721 3206 5767; x_wconf 88' lang='lat' dir='ltr'><strong>creat.</strong></span> <span class='ocrx_word' id='word_1_830' title='bbox 3237 5713 3330 5769; x_wconf 86' lang='lat' dir='ltr'><strong>sed</strong></span> <span class='ocrx_word' id='word_1_831' title='bbox 3363 5711 3442 5769; x_wconf 50' lang='lat' dir='ltr'><strong>ad&quot;</strong></span> <span class='ocrx_word' id='word_1_832' title='bbox 3457 5731 3610 5771; x_wconf 86' lang='lat' dir='ltr'><strong>suam</strong></span> 
     </span>
    </p>
   </div>
   <div class='ocr_carea' id='block_1_118' title="bbox 2053 5782 3610 5853">
    <p class='ocr_par' dir='ltr' id='par_1_118' title="bbox 2053 5782 3610 5853">
     <span class='ocr_line' id='line_1_118' title="bbox 2053 5782 3610 5853; baseline 0.001 -15"><span class='ocrx_word' id='word_1_833' title='bbox 2053 5782 2168 5853; x_wconf 80' lang='lat' dir='ltr'><strong>ipse</strong></span> <span class='ocrx_word' id='word_1_834' title='bbox 2201 5791 2259 5838; x_wconf 88' lang='lat' dir='ltr'><strong>ut</strong></span> <span class='ocrx_word' id='word_1_835' title='bbox 2291 5783 2432 5839; x_wconf 86' lang='lat' dir='ltr'><strong>Deus</strong></span> <span class='ocrx_word' id='word_1_836' title='bbox 2463 5801 2605 5840; x_wconf 93' lang='lat' dir='ltr'><strong>unus</strong></span> <span class='ocrx_word' id='word_1_837' title='bbox 2659 5793 2764 5846; x_wconf 88' lang='lat' dir='ltr'><strong>est,</strong></span> <span class='ocrx_word' id='word_1_838' title='bbox 2801 5798 3048 5853; x_wconf 85' lang='lat' dir='ltr'><strong>unusque</strong></span> <span class='ocrx_word' id='word_1_839' title='bbox 3085 5797 3209 5837; x_wconf 86' lang='lat' dir='ltr'><strong>cum</strong></span> <span class='ocrx_word' id='word_1_840' title='bbox 3241 5782 3375 5840; x_wconf 72' lang='lat' dir='ltr'><strong>Filio</strong></span> <span class='ocrx_word' id='word_1_841' title='bbox 3402 5793 3450 5840; x_wconf 74' lang='lat' dir='ltr'><strong>et</strong></span> <span class='ocrx_word' id='word_1_842' title='bbox 3478 5785 3610 5839; x_wconf 76' lang='lat' dir='ltr'><strong>\‘er-</strong></span> 
     </span>
    </p>
   </div>
   <div class='ocr_carea' id='block_1_119' title="bbox 2051 5851 2795 5921">
    <p class='ocr_par' dir='ltr' id='par_1_119' title="bbox 2051 5851 2795 5921">
     <span class='ocr_line' id='line_1_119' title="bbox 2051 5851 2795 5921; baseline 0 -14"><span class='ocrx_word' id='word_1_843' title='bbox 2051 5851 2116 5908; x_wconf 85' lang='lat' dir='ltr'><strong>bo</strong></span> <span class='ocrx_word' id='word_1_844' title='bbox 2136 5868 2200 5910; x_wconf 88' lang='lat' dir='ltr'><strong>ac</strong></span> <span class='ocrx_word' id='word_1_845' title='bbox 2232 5853 2435 5921; x_wconf 85' lang='lat' dir='ltr'><strong>Spiritu</strong></span> <span class='ocrx_word' id='word_1_846' title='bbox 2460 5865 2689 5911; x_wconf 87' lang='lat' dir='ltr'><strong>creator.</strong></span> <span class='ocrx_word' id='word_1_847' title='bbox 2721 5855 2795 5908; x_wconf 85' lang='lat' dir='ltr'><strong>lo.</strong></span> 
     </span>
    </p>
   </div>
  </div>
