4056 6302
455 429 559 485 H5

1440 427 1499 483 S.
1543 426 1871 484 METHODII
1911 425 2215 482 EPISCOPI
2258 425 2344 481 ET
2387 424 2746 480 MARTYRIS

3598 421 3710 476 H6

453 550 703 606 condidit
722 551 1021 621 pinxitque,
1041 563 1159 604 eam
1192 547 1398 604 eﬂinxit
1425 565 1490 604 ac
1520 550 1841 618 efformavit,
1861 559 2016 605 aeter-

2128 567 2284 620 μενος
2340 548 2472 602 αὐτὸ
2524 549 2617 601 καὶ
2651 547 3017 618 ζωγραφήσας
3063 544 3411 606 ἀπετύπωσε,
3448 540 3548 613 τήν
3573 545 3704 594 αἰώ-

453 657 581 696 nam
645 643 889 696 imitatus
926 648 1179 695 naturam
1211 650 1266 697 et
1299 642 1692 712 intelligibilem
1723 683 1738 706 ,
1773 642 1932 711 cujus
1961 651 2017 697 et

451 734 617 788 homo
641 733 921 787 character
942 740 1024 786 est
1045 746 1412 801 expressaque
1430 729 1652 799 eﬂigies,
1671 729 1847 786 factus
1872 731 2018 786 velut

451 823 802 877 simulacrum
827 823 1291 893 elegantissimum
1321 832 1373 877 et
1397 837 1614 877 sacrum
1639 841 1652 877 :
1679 824 1809 877 hinc
1837 831 2018 878 trans-

452 915 594 969 latus
626 915 678 968 in
714 916 998 969 beatorum
1025 916 1323 979 civitatem,
1356 915 1408 970 in
1426 916 1592 969 ccelos
1613 915 1845 979 scilicet,
1871 916 2019 969 velut

449 1007 504 1059 in
533 1008 735 1076 templo
766 1007 1147 1061 collocabitur.
1174 1006 1612 1062 lncontaminata
1641 992 1805 1078 porro
1829 1015 2017 1062 nostra

448 1102 796 1169 pulchritudo
821 1109 952 1155 tunc
997 1103 1200 1172 Optime
1234 1111 1483 1159 servatur
1511 1112 1565 1158 et
1589 1118 1800 1168 secure,
1832 1118 1955 1157 cum
1987 1119 2017 1156 a

445 1193 756 1262 virginitate
785 1200 1049 1262 protecta,
1087 1194 1347 1248 exteriori
1381 1195 1749 1264 corruptionis
1781 1195 2017 1249 aestuin-

446 1282 656 1336 fuscata
682 1299 791 1337 non
827 1283 1030 1351 fuerit;
1063 1285 1156 1340 sed
1188 1285 1306 1353 ipsa
1341 1285 1396 1338 in
1429 1300 1487 1340 se
1514 1285 1630 1354 ipsa
1664 1301 2014 1355 permanens,

445 1383 639 1430 ornatu
658 1377 887 1446 justitiae
917 1384 1155 1446 compta,
1186 1377 1243 1430 in
1273 1392 1528 1446 sponsam
1548 1375 1686 1430 Filio
1707 1376 1800 1432 Dei
1831 1392 2018 1432 acces-

443 1469 598 1532 serit,
622 1469 1081 1539 quemadmodum
1104 1469 1221 1539 ipse
1240 1470 1501 1533 insinuat,
1529 1469 1830 1524 admonens
1854 1485 2018 1540 opor-

441 1567 559 1615 tere
592 1561 650 1614 in
683 1562 887 1617 nostris
914 1561 1259 1631 corporibus,
1285 1562 1430 1616 velut
1457 1561 1511 1614 in
1536 1561 1902 1632 lampadibus,
1931 1562 2018 1616 lu-

439 1667 570 1705 men
588 1654 864 1709 castitatis
896 1654 1138 1708 accendi.
1173 1653 1451 1723 Siquidem
1481 1654 1525 1685 ³³
1541 1652 1728 1708 decem
1745 1655 2015 1724 virginum

441 1759 730 1808 numerus,
764 1745 978 1802 animas
1012 1746 1180 1800 refert
1213 1745 1496 1802 credentes
1528 1747 1583 1800 in
1613 1745 1892 1802 Christum
1923 1746 2016 1802 Je-

443 1846 595 1894 sum;
638 1834 846 1890 denarii
873 1845 1024 1903 nota,
1061 1846 1262 1893 rectam
1298 1839 1352 1892 in
1405 1837 1562 1894 caelis
1587 1839 1729 1892 viam
1758 1855 1879 1910 quae
1909 1855 2016 1894 una

2120 659 2230 694 νιον
2265 641 2755 712 ἀπομιμησάμενος
2784 637 2944 707 φύσιν
2983 637 3076 690 καὶ
3110 636 3306 708 νοητήν
3334 635 3466 706 (86),
3505 631 3574 705 ἧς
3603 636 3702 687 καὶ

2120 734 2404 804 χαρακτήρ
2429 734 2573 785 ἐστιν
2605 734 2634 784 ὁ
2664 730 2949 802 ἄνθρωπος
2987 730 3081 783 καὶ
3119 729 3501 798 ἀπεικόνισμα,
3539 744 3703 796 γεγο-

2118 824 2223 890 νὼς
2260 819 2371 879 οἷον
2415 825 2636 895 ἄγαλμὰ
2664 842 2714 877 τι
2754 821 3240 893 περικαλλέστατον
3273 821 3366 874 καὶ
3397 820 3569 891 ἱερόν-³
3617 822 3704 872 ἐν.

2120 915 2308 969 τεῦθεν
2363 917 2701 988 μετενεχθεὶς
2745 918 2824 978 εἰς
2851 915 2949 985 τὴν
2989 916 3249 986 μακάρων
3284 913 3440 966 πόλιν
3466 912 3590 974 τοὺς
3615 912 3696 965 οὐ·

2120 1009 2336 1079 ρανοὺς,
2397 1008 2585 1080 ὥσπερ
2616 1012 2672 1062 ἐν
2712 1006 2826 1077 ναῷ
2862 1005 3354 1078 κατοικισθήσεται.
3398 1006 3698 1076 Ἀχραντον

2118 1100 2227 1172 γὰρ
2254 1103 2314 1155 τὸ
2331 1102 2524 1166 κάλλος
2577 1101 2732 1173 ἡμῶν
2754 1101 2950 1171 ἄριστα
2981 1101 3100 1154 τότε
3127 1103 3368 1171 τηρεῖται
3398 1099 3491 1152 καὶ
3524 1100 3698 1166 ἀσφα-

2117 1192 2242 1257 λῶς,
2268 1194 2466 1247 ὁπόταν
2499 1193 2563 1265 δὴ
2596 1193 2864 1264 παρθενίᾳ
2914 1193 3266 1262 σκεπόμενον,
3309 1191 3414 1244 ὑπὸ
3437 1189 3530 1243 τοῦ
3561 1190 3696 1243 καύ-

2122 1303 2290 1349 σωνος
2321 1285 2518 1350 ἔξωθεν
2550 1285 2624 1356 μὴ
2673 1284 2990 1356 μελαίνηται
3019 1283 3118 1354 τῆς
3153 1282 3358 1354 φθορᾶς
3377 1299 3390 1311 ·
3423 1281 3538 1335 ἀλλ’
3566 1281 3698 1334 αὐτὸ

2121 1380 2206 1448 ἐφ’
2252 1379 2428 1451 ἐαυτῷ
2491 1379 2650 1450 μένον
2693 1377 3008 1450 δικαιοσύνῃ
3059 1377 3352 1447 κοσμῆται,
3400 1393 3697 1447 νυμφαγω-

2118 1470 2381 1542 γούμενον
2405 1469 2485 1541 τῷ
2520 1471 2634 1541 Υίῷ
2683 1468 2778 1522 τοῦ
2816 1468 2948 1521 Θεοῦ
2975 1487 2986 1498 ·
3013 1468 3073 1522 ὃν
3108 1469 3307 1539 τρόπον
3326 1467 3388 1539 δή
3412 1467 3502 1520 καὶ
3536 1466 3696 1530 αὐτὸς

2119 1567 2440 1636 εἰσηγεῖται,
2493 1565 2686 1638 χρῆναι
2747 1562 3046 1636 παραινῶν,
3095 1561 3284 1632 ὥσπερ
3324 1563 3380 1614 ἐν
3423 1560 3695 1630 λαμπάσι,

2117 1658 2237 1718 ταῖς
2295 1654 2582 1724 σφετέραις
2644 1649 2836 1723 σαρξὶ,
2889 1651 2952 1704 τὸ
3015 1650 3128 1720 φῶς
3197 1647 3554 1703 ἀνακαίεσθαι
3595 1647 3698 1715 τῆς

2119 1745 2360 1816 ἁγνείας.
2423 1744 2749 1816 Ἐπειδήπερ
2782 1741 2953 1795 ὁτῶν
2981 1742 3114 1794 δέκα
3147 1739 3433 1811 παρθένων
3466 1736 3698 1808 ἀριθμὸς

2119 1837 2215 1898 τὰς
2244 1838 2324 1898 εἰς
2366 1835 2600 1906 Χριστὸν
2647 1831 2849 1902 Ἰησοῦν
2891 1830 3318 1892 πεπιστευκυίας
3351 1825 3700 1899 ἀριθμεῖσθαι

443 1929 620 1982 solum
643 1935 744 1992 est,
763 1937 1178 1999 repraesentans.
1205 1928 1407 1984 Verum
1427 1945 1613 1985 earum
1631 1929 1872 2000 quinque
1889 1947 2016 2000 pru-

2123 1928 2368 1999 βούλεται
2413 1927 2620 1997 ψυχάς·
2659 1925 2737 1996 τῷ
2783 1925 2914 1977 δέκα
2950 1926 3048 1995 τὴν
3089 1921 3495 1976 ἀπευθύνουσαν
3527 1918 3698 1989 μόνην

441 2020 634 2075 dentes
663 2021 850 2090 utique
879 2028 932 2075 et
961 2022 1236 2092 sapientes
1285 2031 1472 2088 erant;
1529 2022 1773 2093 qui-nque
1831 2031 2013 2078 autem

440 2109 603 2165 fatuae
631 2121 682 2166 et
715 2113 1064 2183 insipientes:
1108 2129 1218 2169 non
1251 2115 1396 2170 enim
1429 2114 1765 2186 diligentiam
1795 2130 1986 2170 curam

436 2220 545 2273 que
576 2205 901 2273 habuerunt,
937 2215 997 2261 ut
1030 2223 1157 2263 vasa
1189 2222 1288 2262 sua
1312 2208 1432 2262 oleo
1455 2209 1615 2278 plena
1650 2208 2008 2272 instruerent,

431 2298 642 2366 justitia
671 2314 857 2354 vacuae
876 2309 1244 2356 remanentes.
1277 2299 1383 2354 Per
1409 2301 1511 2356 has
1541 2300 1687 2355 enim
1721 2301 1844 2354 illas
1861 2299 2010 2355 desi-

436 2401 565 2460 gnat
593 2407 716 2461 quae
750 2392 816 2445 ad
850 2392 1183 2462 virginitatis
1212 2391 1350 2446 ﬁnes
1378 2391 1616 2447 evadere
1645 2391 2009 2454 contendunt,

436 2492 745 2553 cunctaque
768 2484 996 2540 honeste
1019 2494 1182 2554 atque
1209 2483 1391 2538 sobrie
1409 2491 1691 2553 przestant,
1716 2499 1780 2539 eo
1802 2483 2012 2538 condu-

437 2578 616 2631 centia
647 2585 704 2630 ut
733 2591 975 2631 amorem
1016 2576 1161 2630 hunc
1209 2577 1464 2646 expleant
1500 2596 1514 2630 :
1545 2593 1775 2647 quaeque
1802 2577 1907 2630 hoc
1954 2593 2013 2632 se

438 2677 687 2739 spectare
716 2668 1094 2738 proﬁteantur,
1135 2675 1297 2738 atque
1316 2679 1373 2722 ut
1401 2669 1529 2723 hinc
1558 2670 1879 2739 glorientur,
1914 2683 2012 2723 ne-

439 2761 732 2833 gligentius
760 2770 940 2815 tamen
974 2767 1157 2830 agant,
1209 2767 1264 2816 et
1309 2760 1500 2814 mundi
1536 2761 2013 2816 vicissitudinibus

441 2855 732 2908 vincantur
766 2873 779 2908 :
811 2867 930 2922 quae
956 2851 1189 2921 denique
1207 2852 1354 2907 velut
1386 2855 1570 2923 potius
1610 2853 1770 2908 inane
1798 2854 2015 2908 virtutis

440 2947 798 3003 simulacrum
828 2946 948 3000 rudi
981 2947 1297 3000 umbrarum
1339 2945 1508 3000 ductu
1543 2946 1821 3000 delineant
1849 2962 2012 3016 quam

440 3039 618 3107 ipsam
643 3039 825 3091 vivam
856 3052 920 3091 ac
957 3038 1252 3107 spirantem
1286 3037 1575 3093 veritatem
1602 3037 1855 3092 eﬂiciant.

2121 2021 2238 2074 ὁδὸν
2261 2023 2340 2084 είς
2365 2022 2490 2084 τοὺς
2516 2021 2779 2092 οὐρανοὺς
2826 2016 3291 2085 ἀποτυπούμενος.
3342 2013 3481 2066 Ἀλλ’
3509 2014 3562 2066 αἱ
3593 2012 3700 2081 μὲν
3795 2012 3799 2015 ’

2119 2112 2281 2164 πέντε
2342 2110 2610 2181 ἔμφρονες
2653 2109 2950 2184 ἐτύγχανον
2998 2106 3108 2177 ἄρα
3155 2107 3250 2159 καὶ⁸
3313 2102 3473 2173 σοφαί
3487 2120 3500 2132 ·
3546 2103 3599 2155 αἱ
3638 2103 3702 2156 δὲ

2123 2204 2285 2255 πέντε
2319 2203 2502 2273 μωραὶ
2546 2202 2639 2255 καὶ¹
2687 2200 2878 2270 ἄσοφοί
2903 2215 3076 2263 τινεςο
3129 2199 3189 2250 οὐ
3219 2197 3328 2269 γὰρ
3357 2195 3703 2270 ἐπρομηθεύ-

2118 2313 2280 2348 σαντο
2301 2295 2480 2348 ἐλαίου
2520 2293 2668 2363 σφῶν
2694 2294 2764 2347 τὰ
2803 2295 2998 2361 ἀγγεῖα
3035 2292 3215 2363 πλήρη
3257 2291 3703 2360 παρασκευάσαι,

2118 2386 2464 2457 δικαιοσύνης
2505 2386 2865 2456 ἀπομείνασαι
2911 2384 3085 2438 κεναί.
3129 2383 3436 2437 Αἱνίσσεται
3472 2382 3580 2454 γὰρ
3610 2381 3705 2436 διὰ

2119 2481 2324 2536 τούτων
2356 2480 2454 2544 τὰς
2499 2480 2592 2533 ἐπὶ
2638 2479 2849 2550 πέρατα
2892 2477 3188 2549 παρθενίας
3227 2477 3702 2548 ἐπισπερχομένας

2121 2575 2313 2640 ἐλθεῖν,
2341 2576 2436 2630 καὶ
2453 2575 2632 2629 πάντα
2663 2575 2743 2637 εἰς
2768 2573 2829 2626 τὸ
2858 2570 3212 2643 πληρωθῆναι
3237 2570 3576 2624 συντείνοντα
3606 2569 3700 2621 τὸν

2119 2667 2295 2739 ἔρωτα
2343 2666 2530 2720 τοῦτον
2573 2666 2813 2736 κοσμίως
2845 2662 3058 2736 δρώσας
3111 2662 3206 2715 καὶ
3246 2662 3564 2733 σωφρόνως·
3604 2663 3701 2714 καὶ

2119 2760 2217 2822 τὰς
2265 2757 2737 2828 ἐπαγγελλομένας
2797 2756 2896 2827 μὲν
2943 2757 3033 2809 καὶ
3086 2754 3486 2826 σεμνυνομένας
3540 2753 3702 2806 τοῦτο

2122 2854 2366 2916 σκοπεῖν,
2414 2849 2780 2922 ὀλιγωρούσας
2803 2847 2860 2900 δέ
2903 2848 2995 2901 καὶ
3023 2846 3340 2917 ήττωμένας
3367 2847 3464 2897 τοῦ
3491 2845 3699 2916 κόσμου

2120 2945 2239 3007 ταῖς
2276 2940 2612 3011 ἐξαλλαγαῖς,
2651 2940 2745 2994 καὶ
2782 2938 2969 3010 ὥσπερ
3015 2937 3460 3009 σκιαγραφούσας
3496 2937 3700 3008 μᾶλλον

2121 3033 2337 3088 εἴδωλον
2395 3033 2595 3104 ἀρετῆς
2640 3033 2674 3103 ἢ
2720 3030 2887 3102 αὐτὴν
2922 3030 3293 3102 ἐργαζομένας
3330 3030 3567 3102 ἔμπνουν
3601 3030 3700 3102 τὴν

2123 3127 2401 3197 ἀλήθειαν.

1117 3249 1248 3306 CAP.
1271 3248 1359 3307 Ill.
1408 3249 1742 3321 Virginitatis
1768 3250 1905 3304 idem
1941 3259 2160 3304 conatus
2197 3259 2246 3303 et
2277 3249 2560 3320 aggressio,
2591 3247 2795 3317 dispari
2826 3249 2992 3302 exitu.

513 3368 672 3435 Quod
701 3368 846 3425 enim
869 3368 1072 3424 dicitur
1105 3371 1170 3438 ι’,
1205 3369 1391 3425 Simile
1417 3370 1622 3440 factum
1650 3387 1761 3425 esse
1789 3387 2005 3442 regnum

2179 3369 2253 3420 Τὸ
2292 3367 2401 3439 γὰρ
2447 3366 2755 3437 λεγόμενον,
2811 3363 3158 3434 Ὦμοιῶσθαι
3211 3362 3332 3431 τὴν
3363 3362 3698 3426 ,βασιλείαν

441 3460 692 3516 arctorum
721 3459 1225 3534 decem'virginibus,
1255 3480 1373 3534 qua:
1402 3464 1714 3532 accipientes
1741 3465 2013 3536 lampades

441 3571 569 3608 suas
597 3555 836 3609 exierunt
859 3556 1063 3609 obviam
1095 3555 1318 3625 Sponsa,
1348 3557 1453 3611 hoc
1484 3555 1587 3611 sibi
1612 3557 1746 3622 vult,
1769 3560 2016 3616 eamdem

441 3647 799 3718 professionis
820 3663 883 3702 ac
907 3647 1142 3703 instituti
1189 3649 1331 3702 viam
1364 3663 1556 3703 omnes
1583 3649 1836 3719 elegisse,
1869 3651 2013 3720 quod

440 3740 559 3808 ipsa
583 3739 830 3810 designat
859 3738 1113 3795 elementi
1141 3737 1262 3793 Ivis
1291 3751 1354 3792 ac
1389 3739 1601 3797 denarii
1631 3747 1782 3795 nota.
1819 3739 1879 3795 In
1896 3757 2017 3795 eam

441 3831 682 3887 enimse
723 3832 924 3901 pariter
973 3847 1093 3886 rem
1128 3835 1505 3899 accinxerunt,
1556 3841 1838 3904 assumpta
1889 3849 2017 3904 pro-

441 3920 684 3977 fessione
707 3939 728 3989 ;
747 3937 975 3992 eamque
993 3923 1064 3976 ob
1093 3937 1211 3976 rem
1225 3932 1494 3977 vocantur
1524 3922 1737 3989 decem,
1760 3920 1906 3991 quod
1941 3921 2020 3975 ni-

443 4013 646 4066 mirum
669 4013 810 4067 idem
839 4013 1179 4082 propositum
1201 4027 1264 4067 ac
1294 4013 1627 4078 institutum,
1653 4012 1728 4066 uti
1747 4011 2015 4079 dicebam,

445 4104 798 4173 arripuerunt
834 4121 848 4158 :
885 4119 987 4159 nec
1029 4113 1214 4159 tamen
1248 4105 1452 4176 pariter
1503 4105 1666 4161 etiam
1717 4120 1908 4160 omnes
1960 4104 2019 4158 in

442 4207 740 4250 occursum
754 4191 1236 4264 Sponsiexierunt.
1265 4193 1401 4247 Nam
1427 4209 1615 4249 earum
1631 4193 1850 4264 quidem
1873 4194 2014 4258 aliae,

442 4285 592 4359 quod
626 4294 681 4342 et
709 4286 767 4341 in
797 4291 1034 4348 futurum
1059 4284 1327 4342 suﬂiceret
1356 4285 1698 4356 lampadibus
1720 4287 1841 4341 oleo
1865 4285 2020 4340 llam-

443 4396 592 4435 mam
624 4380 916 4445 alentibus,
955 4379 1351 4434 nutrimentum
1385 4380 1607 4448 capiose
1646 4380 1902 4450 largeque
1923 4395 2021 4452 pa-

443 4479 738 4540 raverant;
797 4473 916 4526 alia:
941 4487 1093 4537 vero,
1135 4471 1391 4541 praesenti
1440 4471 1703 4525 duntaxat
1749 4479 2019 4526 contentae

443 4581 599 4630 cura,
629 4567 910 4637 segniores
940 4566 1282 4623 exstiterant.
1320 4562 1502 4630 Quare
1549 4564 1713 4618 etiam
1746 4564 1866 4634 pari
1896 4565 2018 4635 qui-

2118 3460 2238 3514 τῶν
2266 3459 2536 3528 οὐρανῶν
2557 3458 2703 3512 δέκα
2732 3457 3068 3526 παρθένοις,
3104 3457 3325 3522 αἵτινες
3347 3456 3568 3509 ἔλαϐον
3592 3456 3700 3521 τὰς

2117 3551 2438 3623 λαμπάδας
2454 3549 2671 3614 αὐτῶν,
2707 3551 2803 3604 καὶ
2843 3548 3108 3618 ἐξῆλθον
3135 3548 3597 3615 ἀπαντήσουσαι
3620 3547 3701 3612 τῷ

2119 3645 2396 3714 Νυμφίῳ,
2447 3644 2730 3714 σημαίνειν
2779 3642 3022 3713 βούλεται
3072 3642 3206 3714 (87),
3238 3641 3336 3713 τὴν
3379 3641 3548 3712 αὐτὴν
3580 3640 3700 3694 ὁδὸν

2123 3737 2217 3789 τοῦ
2276 3735 2704 3808 ἐπιτηδεύματος
2749 3735 3172 3809 ἐπανῃρημένην
3205 3734 3293 3788 διὰ
3325 3734 3420 3806 τὴν
3462 3734 3701 3805 ἔμφασιν

2123 3828 2216 3881 τοῦ
2235 3830 2267 3881 I'
2288 3828 2570 3898 στοιχείου.
2611 3827 2945 3881 Ἐστείλαντο
2972 3829 3071 3898 μὲν
3086 3828 3194 3897 γὰρ
3221 3827 3276 3880 αἱ
3302 3826 3700 3897 παραπλησίως

2125 3920 2320 3983 ἐαυτὰς
2342 3923 2420 3984 εἰς
2451 3921 2607 3974 τοῦτο
2639 3920 3168 3992 καθομολογήσασαι,
3204 3921 3298 3974 καὶ
3322 3919 3492 3991 ταύτῃ
3519 3920 3704 3990 κικλή-

2126 4025 2343 4066 σκονται
2391 4013 2520 4066 δέκα
2542 4054 2556 4079 ,
2613 4013 2797 4085 ἐπειδὴ
2831 4013 2930 4083 τὴν
2963 4012 3152 4083 αὐτὴν,
3183 4011 3256 4076 ὡς
3289 4011 3446 4084 ἔφην,
3496 4011 3702 4065 εἴλοντο

2126 4105 2410 4176 πρόθεσιν·
2461 4107 2640 4160 ούκέτι
2695 4106 2752 4159 δέ
2800 4106 3000 4176 ὁμοίως
3041 4105 3262 4176 ἐξῆλθον
3295 4105 3700 4175 ὑπαντήσουσαι

2125 4199 2204 4269 τῷ
2226 4197 2482 4268 Νυμφίῳ.
2520 4199 2586 4250 Αἱ
2629 4198 2727 4269 μὲν
2759 4198 2867 4269 γὰρ
2892 4198 3098 4268 τροφὴν
3123 4196 3351 4265 ἄφθονον
3377 4197 3470 4248 καὶ
3515 4181 3702 4249 είσαῠ-

2127 4288 2212 4351 θις
2249 4287 2567 4358 ἐπορίσαντο
2618 4290 2738 4351 ταῖς
2778 4286 3182 4359 ἐλαιοθρέπτοις
3221 4287 3534 4358 λαμπάσιν·
3561 4287 3702 4340 αἰδὲ

2126 4379 2640 4452 κατερῤαθύμησαν,
2665 4379 2756 4433 τοῦ
2778 4379 3041 4449 παρόντος
3073 4380 3230 4450 μόνον
3263 4379 3698 4450 ἐπιμεληθεῖσαι.

2127 4474 2216 4526 Διὸ
2237 4474 2300 4544 δὴ
2318 4475 2411 4527 καὶ
2441 4473 2715 4546 ἰσάριθμοι
2758 4475 2893 4546 πρὸς
2915 4474 3076 4527 πέντε
3102 4474 3454 4546 διαιροῦνται,
3482 4474 3702 4544 ἐπειδή-

2127 4584 2231 4640 περ
2254 4568 2352 4630 τὰς
2375 4567 2538 4620 πέντε
2571 4568 2874 4638 αἰσθήσεις,
2917 4569 2970 4621 αἱ
3025 4569 3123 4638 μὲν
3165 4568 3343 4622 αὐτῶν
3370 4567 3704 4637 ἐφυλάξαντο

442 4661 600 4714 nario
623 4660 812 4715 divisa:
847 4672 996 4726 sunt,
1025 4676 1146 4732 quae
1169 4660 1352 4715 decem
1376 4666 1566 4715 erant:
1593 4659 1740 4728 quod
1768 4658 2016 4716 videlicel

2131 4661 2372 4732 καθαρὰς
2403 4660 2497 4713 καὶ
2547 4660 2847 4732 παρθένους
2902 4661 3333 4732 ἁμαρτημάτων,
3361 4659 3426 4723 ἃς
3457 4661 3507 4712 οἱ
3549 4660 3700 4712 πλεῖ-

441 4754 687 4824 quinque
711 4768 930 4819 sensus,
962 4769 1100 4825 quos
1130 4753 1377 4825 plerique
1401 4753 1682 4824 sapientim
1711 4759 1898 4824 portas
1925 4769 2020 4824 ap-

515 4907 561 4939 ²⁸
597 4906 793 4964 Matth.
811 4925 940 4967 xxv.
1017 4912 1060 4944 ¹⁹
1100 4911 1229 4966 ibid.
1265 4912 1319 4969 1.

515 5070 629 5143 (86)
658 5070 770 5143 Καὶ
798 5073 1042 5140 νοητήν.
1075 5071 1458 5142 Propriissima
1491 5088 1594 5126 vox
1626 5072 1680 5126 in
1711 5070 1824 5126 Deo
1853 5089 1880 5143 :7
1900 5069 2016 5141 ipse

440 5142 588 5200 enim
614 5142 863 5196 absolute
889 5143 949 5195 τὸ
979 5144 1418 5213 νοητόν,.(ιιιίρρο
1453 5143 1703 5212 superior
1739 5142 2014 5205 omnibus,

443 5227 716 5281 suumque
746 5213 846 5266 sibi
888 5221 941 5266 et
981 5215 1195 5269 cunctis
1226 5213 1450 5283 reliquis
1498 5213 1854 5283 intelligibile,
1908 5229 2017 5267 non

445 5286 537 5353 qui
569 5284 855 5338 ordinetur
882 5285 947 5336 ad
980 5285 1082 5336 alia
1119 5284 1485 5351 intelligenda,
1518 5300 1688 5353 eaque
1722 5285 1933 5338 ratione
1965 5285 2017 5337 in

448 5356 689 5409 secunda
712 5353 822 5406 τῶν
853 5354 1057 5424 νοερῶν
1083 5354 1158 5419 (id
1187 5364 1270 5409 est
1307 5354 1776 5424 intellectualium,
1809 5369 1903 5408 seu
1936 5354 2023 5406 in-

447 5425 827 5495 telligentium)
861 5423 1036 5478 classe
1063 5431 1353 5478 statuatur.
1385 5423 1458 5478 De
1485 5440 1588 5494 qua
1613 5441 1743 5479 voce
1763 5427 2022 5493 praeclare

446 5494 738 5565 Dionysius
764 5494 994 5565 ejusque
1030 5495 1352 5550 scholiastes
1388 5495 1678 5550 Maximus.
1718 5494 1889 5548 Valde
1919 5497 2022 5548 im-

449 5564 749 5637 Vroprium,
793 5564 946 5637 quod
991 5565 1117 5620 boni
1157 5567 1322 5619 etiam
1360 5576 1608 5620 auctores
1645 5565 1706 5618 τὸ
1745 5566 1936 5637 νοητόν
1969 5571 2022 5619 et

485 5636 625 5705 ςερόν
673 5636 1038 5702 confundunt,
1083 5651 1208 5690 cum
1251 5637 1476 5689 alterum
1526 5637 1700 5705 ipsum
1750 5636 2019 5704 objectum

443 5706 610 5776 Jicat,
662 5707 891 5759 alterum
938 5709 1235 5776 potentiam
1277 5713 1331 5761 et
1382 5707 1710 5773 facultatem,
1759 5722 1879 5775 quae
1930 5705 2022 5759 illo

445 5775 601 5848 quasi
645 5777 886 5848 pascitur
917 5775 981 5848 ac
1019 5777 1210 5831 beatur
1236 5794 1250 5829 :
1275 5791 1395 5847 quae
1438 5777 1492 5831 in
1533 5777 1642 5833 Deo
1682 5776 2025 5848 simplicissi-

449 5860 555 5913 ma,
591 5846 648 5899 in
683 5847 908 5917 reliquis
946 5846 1118 5904 divisa
1149 5846 1612 5905 suntiCounerts.

2129 4770 2240 4808 στοι
2273 4754 2464 4821 σοφίας
2497 4754 2940 4825 προσηγόρευσαν
2978 4753 3152 4818 πύλας
3173 4770 3185 4783 ο
3217 4754 3274 4805 αἱ
3305 4753 3362 4805 δὲ
3394 4751 3703 4806 τούναντίον

2185 5069 2295 5140 (8'7)
2317 5070 2954 5138 Σημαίνεινβούλεται.
2981 5067 3098 5140 Alia
3120 5068 3284 5140 lectio
3297 5065 3564 5140 Allatiana
3583 5067 3703 5137 ipsa

2113 5137 2221 5194 non
2246 5137 2620 5210 improbanda,
2658 5141 2932 5211 σημαίνει,
2963 5138 3286 5211 βουληθῆναι
3307 5137 3402 5211 τὴν
3423 5137 3589 5211 αύτὴν
3609 5141 3703 5193 ἀν-

2114 5211 2266 5282 δρίαν
2293 5208 2608 5264 ἐνδύσασθαι
2642 5208 2840 5273 πά-σας,
2886 5208 2971 5282 μή
3013 5208 3260 5282 μέντοιγε
3292 5208 3569 5282 ἐξισχύσαι
3601 5211 3704 5272 τὰς

2118 5278 2299 5344 πέντε,
2337 5282 2562 5336 voluisse
2592 5299 2767 5335 omnes
2798 5278 3034 5333 eamdem
3061 5280 3276 5334 induere
3308 5278 3696 5348 fortitudinem.

2120 5353 2208 5406 sed
2239 5354 2465 5422 quinque
2510 5363 2688 5406 tamen
2733 5354 2865 5405 vires
2908 5351 3194 5418 defecisse;
3244 5365 3439 5418 nempe
3471 5358 3703 5422 arrepto

2123 5421 2414 5478 sanctioris
2447 5424 2569 5477 vitae
2607 5424 2886 5484 instituto,
2923 5433 3205 5490 cceptaque
3245 5421 3514 5475 casutatis
3544 5425 3705 5489 palae-

2126 5503 2260 5555 st-ra,
2289 5495 2407 5562 ejus
2436 5495 2654 5549 virtutis
2687 5494 2833 5546 cultu
2878 5493 3244 5560 obtorpuisse.
3289 5490 3556 5562 Videntur
3590 5491 3704 5562 haec

2126 5561 2399 5633 respicere
2439 5564 2572 5617 illud
2617 5563 2720 5618 Isa.
2751 5579 2824 5625 LI,
2869 5563 2943 5617 9:
2983 5563 3239 5615 ’Ένδυσαι
3279 5565 3376 5633 τὴν
3411 5561 3566 5632 ἰσχὺν
3605 5561 3700 5633 τοῦ

2129 5631 2409 5704 βραχίονός
2446 5651 2563 5697 σου,
2607 5633 2832 5688 Induere
2874 5634 3240 5703 fortitudinem
3273 5631 3473 5686 brachii
3506 5633 3603 5685 tui.
3641 5631 3705 5686 Et

2125 5715 2274 5759 certe
2306 5707 2443 5760 forte
2471 5713 2767 5770 certamen,
2801 5713 3078 5759 certamen
3110 5705 3382 5758 castitatis
3416 5713 3578 5771 atque
3606 5704 3707 5755 ἀν·

2124 5774 2297 5847 δρίας,
2317 5787 2373 5829 ut
2399 5777 2690 5847 inomnem
2720 5777 2886 5847 vitam
2924 5775 3168 5829 accensis
3205 5773 3546 5847 lampadibus
3575 5788 3706 5830 sus-

2126 5843 2308 5917 pensa:
2336 5846 2572 5918 virgines
2603 5845 2710 5901 sint
2742 5846 2795 5902 in
2823 5849 3230 5916 exspectatione
3263 5844 3479 5916 Sponsi.
3513 5843 3593 5900 ID.
