4056 6302
301 303 406 356 H7

1394 296 1777 355 CONVIVIUM
1817 295 2045 353 DECEM
2087 294 2368 354 VIRGINU
2377 294 2449 351 Η.

3436 297 3538 352 Ηδ

299 417 554 488 πλήθεσιν
567 416 920 488 ἀδικημάτων
946 415 1306 488 ἐλωϐήσαντο,
1340 416 1650 486 φυράσασαι
1675 414 1861 486 κακίᾳ.

1972 415 2256 484 pellarunt,
2298 427 2466 484 puros
2496 418 2660 482 atque
2697 411 2936 483 virgines
2966 426 2996 466 a
3033 412 3274 483 peccatis
3298 412 3379 466 ha
3408 415 3534 483 qui-

311 509 782 582 Ἐγκρατεύσασαι
833 510 942 580 γὰρ
977 509 1071 562 καὶ
1119 507 1450 574 ἁγνεύσασαι
1505 507 1870 578 δικαιοσύνης,

297 601 609 673 εύφόρησαν
630 601 829 672 μᾶλλον
849 601 1283 673 παραπτώμασιν
1303 617 1316 631 ·
1347 599 1406 664 ἐξ
1431 591 1490 652 οὗ
1535 598 1598 670 δὴ
1626 601 1717 652 καὶ
1751 616 1873 652 συν-

299 692 397 764 έϐη
430 693 539 746 τῶν
596 691 756 744 θείων
782 692 886 756 ἔξω
918 691 1216 765 περιϐόλων
1249 690 1698 754 ἀποκλεισθείσας
1727 691 1870 743 ἀπα-

299 784 642 856 γορευθῆναι.
676 785 799 838 Εἴτε
821 785 927 857 γὰρ
954 784 1342 856 κατορθοῦμεν,
1381 784 1490 837 εἴτε
1523 781 1872 854 πλημμελοῦ-

306 894 426 948 μεν,
452 877 539 930 διὰ
553 877 756 931 τούτων
782 877 1034 948 ἑκάτερα,
1051 875 1230 930 καὶτὰ
1249 873 1554 947 ἀνδραγαθή
1563 893 1704 945 ματα
1733 891 1868 944 κρα-

299 968 540 1034 τύνεται,
572 969 664 1023 καὶ
697 968 765 1022 τά
792 969 1286 1039 κακοπραγήματα.
1329 967 1437 1020 Καὶ
1461 965 1648 1036 ὥσπερ
1673 967 1705 1036 ἡ
1735 965 1871 1017 Θάλ-

299 1060 488 1126 λουσα,
511 1061 622 1115 Καὶ
661 1059 973 1130 ὀφθαλμῶν,
1008 1058 1131 1130 ἔφη,
1166 1059 1258 1110 καὶ
1279 1056 1429 1110 ὢτων
1463 1055 1680 1124 ἁγνείαν
1708 1052 1866 1117 εἶναι,

299 1153 394 1206 καὶ
427 1152 697 1222 γλώσσης,
730 1152 944 1205 καὶτῶν
972 1150 1173 1204 λοιπῶν
1200 1149 1432 1219 καθεξῆς
1463 1147 1831 1219 αἰσθητηρίων
1849 1163 1862 1177 ·

295 1237 442 1292 οὕτω
472 1240 536 1310 δὴ
563 1242 654 1292 καὶ
674 1239 903 1292 ἐνταῦθα
933 1240 1031 1312 τὴν
1058 1240 1238 1294 πίστιν
1263 1239 1502 1310 ἄσυλονὴ
1520 1237 1866 1308 φυλαξαμένη

294 1331 406 1382 τῶν
450 1331 609 1384 πέντε
659 1330 842 1386 διόδων
889 1331 989 1400 τῆς
1036 1331 1254 1403 ἀρετῆς,
1297 1331 1560 1402 ὁράσεως,
1594 1328 1862 1398 γεύσεως,

297 1423 636 1494 ὀσφρήσεως,
653 1423 796 1492 ἀφῆς
815 1441 873 1476 τε
892 1423 985 1478 καὶ
1009 1424 1198 1494 ἀκοῆς,
1217 1423 1376 1476 πέντε
1404 1423 1864 1495 προσαγορεύεται

299 1515 578 1587 παρθένοι,
631 1515 718 1570 διὰ
768 1518 828 1570 τὸ
890 1518 991 1581 τὰς
1035 1517 1192 1570 πέντε
1235 1519 1330 1588 τῆς
1358 1516 1663 1587 αἰσθήσεως
1695 1514 1864 1584 ἁγνὰς

297 1610 742 1682 ἀποκαταστῆσαι
770 1611 849 1682 τῷ
892 1612 1109 1684 Χριστῷ
1159 1613 1478 1682 φαντασίας,
1507 1613 1598 1681 ἀφ’
1627 1613 1862 1682 ἑκάστης

299 1702 475 1756 αὐτῶν
499 1699 584 1758 οἷα
612 1703 870 1777 λαμπτὴρ
896 1705 993 1778 τὴν
1025 1707 1274 1776 ὁσιότητα
1294 1706 1584 1777 λάμπουσα
1627 1703 1856 1775 τρανῶς.

1977 504 2099 559 dem
2126 510 2512 569 servaverunt;
2550 502 2654 556 illa
2673 517 2803 558 vero
2830 509 3021 557 contra
3048 502 3148 558 hos
3178 502 3380 556 malitia
3407 503 3537 558 sub-

1975 595 2203 666 igentes,
2247 609 2444 666 magno
2489 610 2718 648 numero
2773 594 3100 665 injustorum
3134 610 3359 664 operum
3415 611 3538 650 cor-

1975 696 2256 758 ruperunt.
2291 687 2646 744 Continentes
2668 689 2812 744 enim
2836 689 3175 744 castimonia
3195 689 3480 758 dispendia
3503 706 3532 744 α

1967 781 2178 852 justitia
2218 781 2320 836 sibi
2365 780 2685 846 indicentes,
2741 781 2942 852 ingenti
2993 781 3181 851 potius
3210 781 3534 834 delictorum

1972 882 2153 944 segete
2189 871 2392 928 fertiles
2441 874 2764 928 exstiterunt
2805 893 2818 927 :
2872 873 3015 928 unde
3039 880 3093 928 et
3115 872 3344 943 contigit
3373 883 3430 927 ut
3453 873 3537 927 di-

1969 967 2112 1022 vinis
2151 965 2348 1020 merito
2392 966 2562 1036 septis
2595 973 2936 1022 arcerentur.
2973 964 3111 1019 Nam
3163 980 3422 1021 sensuum
3473 979 3538 1020 ea

1968 1055 2051 1110 vis
2079 1062 2182 1122 est,
2205 1063 2265 1108 ut
2291 1055 2406 1110 sive
2431 1062 2580 1109 recte
2604 1055 2838 1126 agimus,
2857 1057 2972 1112 sive
3003 1070 3312 1126 peccamus,
3333 1069 3538 1125 pereos

1969 1157 2083 1202 tum
2113 1149 2253 1202 bona
2274 1163 2438 1219 opera
2467 1157 2581 1203 tum
2612 1150 2755 1203 mala
2777 1150 2944 1204 robur
2971 1150 3378 1204 nanciscantur.
3398 1147 3461 1202 Et
3481 1155 3538 1202 ut

1968 1241 2227 1298 Thallusa
2262 1242 2419 1306 dixit,
2455 1241 2520 1295 Et
2555 1243 2838 1296 oculorum
2870 1249 2923 1296 et
2955 1243 3169 1295 aurium
3210 1251 3263 1297 et
3316 1241 3533 1312 lingua,

1967 1345 2019 1391 et
2051 1336 2385 1407 reliquorum
2412 1337 2668 1407 deinceps
2696 1350 2958 1392 sensuum
2983 1336 3348 1406 virginitatem
3385 1350 3530 1398 esse,

1966 1426 2040 1481 ita
2067 1435 2121 1482 et
2145 1428 2255 1491 hic,
2298 1443 2419 1498 qua
2469 1425 2836 1495 inviolabilem
2858 1425 3102 1495 quinque
3131 1425 3350 1480 virtutis
3383 1438 3540 1478 mea-

1963 1528 2116 1575 tuum
2150 1519 2311 1574 ﬁdem
2357 1519 2589 1574 servarit
2617 1517 2812 1590 (visus,
2854 1524 3069 1587 gustus,
3120 1514 3402 1580 odoratus,
3454 1523 3540 1569 ta-

1964 1623 2189 1682 ctusque
2209 1626 2271 1665 ac
2286 1610 2546 1680 auditus),
2570 1624 2677 1663 una
2702 1609 2845 1671 licet,
2864 1609 3106 1679 quinque
3137 1607 3373 1678 virgines
3399 1623 3542 1660 nun-

1964 1713 2199 1774 cupatur
2233 1722 2245 1758 :
2283 1702 2428 1772 quod
2458 1717 2650 1772 nempe
2672 1701 2914 1772 quinque
2950 1717 3144 1756 sensus
3179 1699 3538 1771 cogitationes

309 1797 372 1849 Ἦ
403 1797 510 1869 γάρ
537 1799 883 1868 πεντάφωτος
914 1800 1066 1871 ἡμῶν
1086 1799 1161 1862 ώς
1185 1799 1396 1870 ἀληθῶς
1427 1796 1648 1869 λαμπὰς
1676 1799 1709 1866 ἡ
1735 1794 1868 1866 σάρξ

1974 1804 2154 1850 castas
2184 1794 2490 1849 exhibendo
2523 1793 2766 1858 Christo,
2815 1809 2882 1848 ex
2915 1808 3104 1848 earum
3134 1791 3363 1863 singulis
3395 1791 3540 1846 velut

295 1894 462 1956 ἐστιν,
498 1894 564 1964 ἡν
591 1896 624 1963 ὴ
645 1893 790 1965 ψυχὴ
819 1894 1155 1964 βαστάζουσα
1199 1894 1353 1966 δᾳδὸς
1391 1893 1568 1964 δίκην,
1607 1890 1684 1961 τῷ
1717 1893 1870 1960 Νυμ-

293 1987 403 2056 φίῳ
431 1987 765 2058 παρίσταται
793 1986 1014 2058 Χριστῷ
1052 1990 1118 2058 τῇ
1150 1986 1334 2058 ἡμέρα
1377 1985 1476 2056 τῆς
1502 1984 1868 2047 ἀναστάσεως,

290 2097 370 2132 πα
379 2081 713 2151 ραφαίνουσα
729 2081 815 2134 διὰ
838 2080 1026 2134 πασῶν
1044 2080 1150 2134 τῶν
1170 2079 1472 2150 αἰσθήσεων
1487 2076 1872 2148 διεκθρώσκου-

290 2188 394 2226 σαν
424 2173 691 2246 λαμπρὰν
717 2173 814 2245 τὴν
849 2173 1051 2237 πίστιν,
1097 2171 1280 2236 καθὼς
1311 2171 1471 2232 αὐτὸς
1500 2168 1758 2233 ἐδίδαξεν,
1790 2170 1873 2221 εἰς

291 2261 445 2315 πών·
492 2265 620 2332 Πῦρ
673 2253 864 2334 ἦλθον
905 2264 1124 2329 ,βαλεῖν
1170 2266 1257 2330 εἰς
1314 2261 1428 2330 τὴν
1465 2260 1618 2332 γῆν,
1681 2261 1779 2314 καὶ
1814 2261 1871 2314 τί

292 2353 518 2420 ἤθελον
553 2357 607 2408 ει
644 2355 761 2425 ἤδη
799 2354 1072 2425 ἀνήφθη;
1112 2355 1214 2426 γῆν
1259 2355 1414 2428 ἡμῶν
1446 2354 1514 2408 τά
1537 2352 1869 2424 σκηνώματα

296 2446 532 2514 φράσας,
574 2448 654 2508 είς
686 2447 721 2500 ἃ.
762 2449 1010 2502 ἐϐούλετο
1040 2449 1251 2520 ταχέως
1297 2447 1601 2518 ἀναφθῆναι
1625 2447 1721 2517 τὴν
1749 2444 1869 2512 ὀξυ-

296 2533 517 2604 κίνητον
547 2535 647 2604 τῆς
678 2536 1022 2602 διδασκαλίας
1055 2538 1220 2592 αὑτοῦ
1239 2539 1333 2592 καὶ
1358 2538 1618 2608 διάπυρον
1649 2534 1863 2607 πρᾶξιν.

298 2625 375 2677 Τὸ
401 2625 508 2698 γὰρ
533 2625 710 2680 ἔλαιον
729 2631 795 2699 τῇ
838 2631 999 2700 σοφίᾳ
1032 2630 1127 2682 καὶ
1155 2632 1219 2700 τῇ
1253 2627 1564 2699 δικαιοσύνῃ
1592 2625 1871 2698 παραϐληει

293 2718 439 2773 τέον.
499 2720 898 2794 Ἀνομϐρούσης
936 2722 1044 2794 γὰρ
1081 2722 1249 2776 ταῦτα
1279 2722 1376 2791 τῆς
1422 2721 1598 2791 ψυχῆς
1625 2719 1869 2788 ἀφθόνως

291 2808 387 2860 καὶ
427 2809 781 2881 ὲπιχεούσης,
806 2810 884 2881 τῷ
938 2811 1171 2882 σώματι,
1217 2814 1296 2874 είς
1331 2811 1465 2880 ὕψος
1506 2809 1867 2879 ἀναφλέγεται

293 2898 394 2967 τῆς
425 2899 623 2970 ἀρετῆς
652 2901 913 2955 ἄσϐεστον
939 2902 998 2954 τὸ
1023 2900 1156 2971 φῶς,
1188 2901 1494 2974 ἔμπροσθεν
1519 2900 1626 2954 τῶν
1654 2897 1865 2970 ἀνθρώ-

297 3007 416 3042 πων
443 2991 717 3063 ὲκλάμπον
738 2993 834 3059 τὰς
874 2995 1102 3066 πράξεις
1147 2995 1247 3058 τὰς
1283 2994 1475 3060 καλὰς,
1511 2995 1586 3059 ὡς
1610 2992 1868 3064 δοξασθῆ-

297 3083 500 3142 ναιτὸν
526 3085 742 3157 Πατέρα
779 3087 869 3142 τὸν
913 3090 970 3143 ἐν
988 3091 1100 3153 τοῖς
1127 3089 1392 3160 οὐρανοῖς.

1974 1888 2184 1956 lampas
2216 1886 2522 1941 sanctitatis
2572 1885 2741 1939 radiis
2771 1885 2918 1940 clare
2963 1884 3234 1955 cﬁulgeat.
3287 1882 3541 1954 Quinque

1975 1978 2120 2034 enim
2151 1977 2501 2032 lucernarum
2535 1976 2744 2045 lampas
2770 1992 2896 2032 vere
2923 1991 3052 2031 caro
3072 1985 3176 2043 est,
3211 1990 3372 2046 quam
3394 1975 3542 2029 velut

1977 2069 2148 2124 facem
2174 2077 2394 2140 gestans
2423 2069 2624 2131 anima,
2661 2068 2886 2122 Christo
2909 2068 3123 2138 Sponso
3155 2067 3355 2123 astabit
3376 2067 3431 2121 in
3454 2066 3542 2121 die

1975 2162 2398 2218 resurrectionis
2429 2202 2445 2227 ,
2497 2161 2862 2232 fulgurantcm
2907 2177 2973 2216 ex
3027 2161 3241 2215 cunctis
3290 2160 3542 2216 sensibus

1977 2253 2315 2322 splendidam
2343 2253 2503 2307 ﬁdem
2530 2253 2818 2324 magniﬁce
2874 2251 3195 2315 ostendens,
3240 2251 3384 2306 sicut
3427 2253 3543 2322 ipse

1977 2346 2185 2413 docuit,
2206 2346 2395 2401 dicens
2413 2344 2460 2377 ²⁰
2490 2365 2502 2400 :
2541 2344 2724 2416 Ignem
2755 2347 2868 2401 veni
2908 2347 3113 2399 mittere
3145 2345 3199 2398 in
3235 2353 3450 2410 terram,
3493 2352 3543 2397 et

1975 2435 2098 2508 quid
2130 2436 2243 2490 volo
2272 2437 2376 2490 nisi
2404 2444 2460 2489 ut
2484 2438 2850 2491 accendatur?
2882 2443 3081 2490 terram
3122 2434 3332 2492 scilicet
3353 2440 3542 2488 nostra

1977 2543 2206 2598 corpora
2237 2529 2540 2599 appellans,
2573 2528 2627 2582 in
2661 2529 2862 2598 quibus
2897 2529 3010 2583 vult
3041 2527 3289 2582 celeriter
3315 2525 3542 2580 accendi

1975 2619 2084 2674 cito
2100 2619 2350 2674 mobilem
2377 2619 2711 2690 ignitamque
2732 2619 2994 2674 doctrina
3017 2633 3130 2674 sua
3147 2617 3540 2688 operationem.

1975 2709 2092 2766 Olei
2119 2719 2300 2765 autem
2349 2711 2595 2782 symbolo
2627 2711 2953 2782 sapientiam
2997 2719 3052 2766 et
3095 2710 3366 2781 justitiam
3396 2708 3542 2763 desi-

1975 2804 2129 2875 gnari
2153 2803 2563 2873 intelligendum
2576 2811 2680 2860 est.
2697 2802 2806 2860 Has
2834 2803 2978 2859 enim
3000 2803 3168 2858 veluti
3191 2801 3395 2857 imbres
3412 2800 3540 2855 dum

1975 2895 2157 2948 anima
2194 2895 2342 2965 large
2387 2895 2696 2964 suppeditat
2745 2910 2809 2950 ac
2841 2896 3059 2966 corpori
3113 2893 3379 2960 aﬁ'undit,
3437 2891 3543 2946 alte

1975 2987 2189 3044 sublata
2218 2985 2454 3054 flamma,
2487 2987 2926 3058 inexstinguibile
2947 2987 3188 3058 assurgit
3219 2983 3431 3040 virtutis
3459 2984 3514 3038 lu

1973 3094 2119 3144 men,
2150 3093 2258 3149 quo
2287 3079 2506 3134 luceant
2537 3094 2722 3136 coram
2746 3079 3060 3135 hominibus
3102 3092 3267 3150 opera
3291 3077 3457 3143 bona,
3482 3079 3548 3128 ut

1891 3165 1934 3224 C
1965 3170 2300 3245 gloriﬁcetur
2328 3170 2491 3228 Pater
2520 3173 2615 3243 qui
2637 3175 2693 3229 in
2722 3174 2878 3230 calis
2912 3181 2998 3229 est
3019 3174 3090 3228 “.

1354 3287 1486 3346 CAP.
1516 3287 1607 3343 1V.
1642 3286 1784 3355 Quid
1819 3286 1991 3340 oleum
2023 3285 2079 3339 in
2108 3285 2486 3355 lampadibus?

366 3403 618 3458 Τοιοῦτον
669 3405 844 3460 ἔλαιον
899 3408 1007 3479 ἄρα
1038 3408 1278 3461 κάκεῖνοι
1331 3405 1666 3480 προσέφερον
1701 3410 1758 3460 ὲν
1793 3404 1870 3476 τῷ

295 3497 599 3564 Δευῖτικῷ,
640 3499 931 3569 Ἀτρυγον
949 3501 1176 3566 ἔλαιον,
1195 3501 1474 3568 καθαρὸν,
1502 3498 1873 3568 κεκομμένον

295 3589 520 3642 καῦσαι
578 3587 807 3656 λύχνον
832 3588 945 3652 ἔξω
976 3590 1082 3643 τοῦ
1115 3587 1646 3659 καταπετάσματος
1669 3590 1873 3644 ἔναντι

295 3683 536 3749 Κυρίου.
569 3679 708 3732 Ἀλλ’
733 3679 958 3744 ἐκείνοις
989 3682 1084 3752 μὲν
1111 3681 1442 3753 βραχύτατον
1476 3680 1592 3751 φῶς
1622 3682 1875 3753 προσετέ-

296 3786 464 3822 τακτο
521 3768 845 3840 θεραπεύειν
896 3773 988 3839 ἀφ’
1037 3771 1274 3842 ἑσπέρας
1297 3775 1377 3835 είς
1412 3771 1508 3825 ἔω.
1552 3774 1610 3825 '0
1643 3775 1752 3843 γάρ
1790 3789 1870 3825 τοι

297 3861 489 3933 λύχνος
520 3862 699 3916 αὐτῶν
718 3862 892 3917 ἔοικεν
914 3865 1223 3928 εἰκάζεσθαι
1243 3864 1320 3935 τῷ
1361 3865 1502 3935 λόγῳ
1529 3864 1868 3938 προφητικῷ,

296 3955 394 4026 τὴν
419 3955 512 4007 ἐπὶ
542 3955 864 4029 σωφροσύνῃ
911 3957 1150 4026 φαίνοντι
1187 3957 1513 4029 παρρησίαν,
1542 3959 1872 4030 τρεφόμενος

299 4049 408 4102 ἀπὸ
454 4048 564 4102 τῶν
620 4049 872 4120 πράξεων
925 4050 1020 4102 καὶ
1073 4050 1174 4119 τῆς
1213 4049 1449 4114 πίστεως
1490 4051 1582 4104 τοῦ
1635 4050 1798 4104 λαοῦ·

297 4141 355 4194 δὲ
382 4141 505 4204 ναὸς
555 4138 636 4205 τῷ
665 4141 1049 4208 σχοινίσματι
1095 4140 1205 4209 τῆς*
1246 4143 1679 4212 κληρονομίας-α
1723 4143 1871 4196 ἐπει-

298 4233 468 4304 δήπερ
490 4231 682 4302 λύχνος
705 4233 832 4304 περὶ
863 4227 1010 4286 οἷκον
1061 4233 1156 4288 ἕνα
1188 4234 1344 4305 μόνον
1381 4233 1601 4289 δύναται
1639 4235 1866 4304 φαίνειν.

302 4323 412 4395 Πρὸ
441 4323 536 4393 τῆς
589 4323 802 4394 ἡμέρας
828 4319 921 4376 οὖν
952 4323 1116 4395 ἐχρῆν
1143 4323 1329 4380 τοῦτον
1357 4324 1606 4378 καίεσθαι
1641 4326 1733 4380 τὸν
1779 4325 1864 4378 λύ-

2036 3400 2168 3458 Tale
2202 3403 2453 3460 videlicet
2500 3404 2684 3460 oleum’
2725 3412 2782 3460 et
2810 3403 2889 3459 illi
2917 3403 3220 3460 offerebant
3251 3404 3306 3458 in
3336 3403 3507 3459 Leviti
3539 3434 3542 3438 -

1966 3508 2032 3550 c0
2061 3497 2126 3560 η,
2174 3495 2355 3551 Oleum
2405 3497 2739 3566 defacatum,
2779 3497 3054 3562 mundum,
3113 3513 3417 3567 expressum
3474 3497 3542 3550 at!

1968 3589 2162 3652 lumen,
2185 3596 2245 3641 ut
2275 3589 2461 3643 ardeat
2485 3591 2702 3644 lucerna
2729 3600 2879 3644 extra
2901 3591 3068 3644 velum
3092 3599 3214 3644 ante
3236 3590 3540 3644 Dominum.

1973 3680 2079 3736 Sed
2119 3679 2229 3736 illis
2265 3661 2484 3750 quidem
2541 3681 2859 3734 mandatum
2910 3688 3030 3736 erat
3064 3690 3124 3734 ut
3157 3679 3542 3736 brevissimum

1972 3773 2159 3827 lumen
2197 3787 2228 3826 a
2261 3787 2488 3843 vespera
2516 3788 2693 3842 usque
2729 3788 2887 3828 mane
2910 3780 3188 3829 curarent.
3217 3772 3398 3839 Quare
3426 3774 3545 3827 illo-

1969 3881 2091 3920 rum
2151 3865 2374 3920 lucerna
2423 3863 2798 3934 prOpheticum
2847 3879 3151 3919 sermonem
3191 3864 3545 3922 similitudine

1970 3958 2204 4029 quadam
2235 3958 2453 4013 videtur
2481 3956 2708 4023 referre,
2750 3956 3068 4028 proﬁtenda
3092 3957 3362 4014 castitatis
3406 3959 3545 4014 ﬁdu-

1969 4050 2110 4103 ciam
2157 4053 2548 4112 ostentantem,
2578 4063 2644 4102 ex
2674 4045 2860 4117 populi
2889 4045 3194 4101 actionibus
3225 4052 3281 4100 et
3304 4044 3408 4101 fide
3451 4046 3548 4099 ali-

1969 4144 2212 4193 mentum
2251 4138 2564 4193 babentem.
2599 4136 2884 4207 Templum
2912 4152 3042 4191 vero
3069 4135 3149 4208 [in
3178 4152 3285 4207 quo
3318 4136 3543 4192 lucerna

1976 4231 2221 4304 ardebat]
2250 4233 2352 4288 rite
2378 4233 2443 4287 ad
2470 4233 2764 4301 funiculum
2789 4231 3115 4287 hareditatis
3139 4232 3186 4264 "
3209 4232 3296 4296 (ad
3319 4232 3544 4287 domum

1974 4325 2164 4397 Israel)
2195 4327 2444 4382 refertur.
2478 4326 2723 4383 Lucerna
2756 4327 2974 4397 quippe,
3022 4326 3080 4380 in
3118 4341 3226 4380 una
3277 4324 3543 4380 duntaxat

303 4435 442 4488 χνον.
472 4419 785 4473 Καύσουσι
811 4417 918 4488 γὰρ
941 4417 1148 4481 αὐτὸν,
1178 4420 1357 4488 φησὶν,
1386 4418 1495 4484 ἕως
1523 4421 1689 4488 πρωΐ·
1719 4437 1868 4475 τουτ-

1977 4416 2159 4471 lucere
2181 4416 2344 4471 domo
2373 4424 2573 4488 potest.
2607 4418 2746 4473 Ante
2770 4417 2910 4471 diem
2947 4417 3114 4486 igitur
3146 4417 3287 4471 hanc
3318 4417 3544 4472 accendi

307 4511 478 4575 ἐστιν,
527 4512 632 4574 ἕως
681 4512 982 4584 παρουσίας
1009 4511 1100 4565 τοῦ
1123 4512 1375 4585 Χριστοῦ·
1409 4512 1510 4575 ὅτι,
1542 4510 1634 4566 τοῦ
1688 4513 1867 4567 Ἠλίου

308 4602 404 4670 τῆς
433 4604 650 4671 ἁγνείας
708 4602 1084 4666 ἀνατείλαντος
1135 4605 1229 4657 καὶ
1268 4603 1368 4674 τῆς
1418 4603 1864 4676 δικαιοσύνης,ού

311 4691 461 4763 χρεία
497 4692 706 4764 λύχνου.

382 4849 538 4901 Ὅσον
567 4848 662 4918 μὲν
688 4844 780 4903 οὖν
803 4851 836 4903 ό
856 4848 980 4912 λαὸς
1011 4853 1216 4915 ἐκεῖνος
1250 4852 1438 4922 χρόνον
1461 4853 1866 4925 ἀπεθησαύρισε

311 4940 376 4992 τὰ
397 4939 655 5009 τρέφοντα
704 4941 798 4993 τὸν
845 4940 1055 5013 λύχνον,
1100 4943 1443 5014 ἐπιχορηγῶν
1488 4945 1548 4998 τὸ
1581 4944 1754 4998 ἔλαιον
1779 4945 1867 4998 διὰ

315 5029 418 5082 τῶν
441 5029 628 5101 ἔργων,
653 5031 680 5082 ὁ
717 5031 906 5102 λύχνος
933 5034 1114 5098 αὐτοῖς
1137 5035 1235 5087 οὐκ
1264 5033 1485 5089 ἔσσεστο
1524 5036 1623 5106 τῆς
1652 5054 1866 5109 σωφρο-

318 5122 494 5193 σύνης,
541 5123 647 5176 ἀλλ’
686 5121 752 5197 ἦν
800 5127 1117 5197 φαινόμενος
1172 5129 1259 5182 ἀεὶ
1307 5130 1402 5182 καὶ
1429 5129 1659 5200 λάμπων
1700 5133 1756 5184 ὲν
1790 5129 1868 5201 τῷ

319 5217 684 5286 σχοινίσματι
707 5219 816 5288 τῆς
845 5223 1262 5292 κληρονομίας.
1302 5224 1429 5277 Ὅτε
1461 5223 1517 5276 δὲ
1551 5224 1774 5278 ἐπέλιπε
1810 5224 1870 5276 τὸ

319 5306 505 5371 ἔλαιον,
535 5308 636 5362 ἀπὸ
680 5311 777 5382 τῆς
801 5311 1033 5374 πίστεως
1059 5315 1137 5376 είς
1169 5313 1465 5366 ἀκολασίαν
1490 5313 1668 5367 αὐτῶν
1691 5315 1872 5387 ἐκτρο-

321 5399 698 5471 παλιςομένων,
749 5406 776 5456 ὁ
844 5403 1032 5474 λύχνος
1074 5407 1240 5478 ἄρδην
1285 5406 1597 5479 ἀπεσϐέσθη
1623 5425 1636 5438 ·
1674 5409 1759 5462 ἵνα
1807 5407 1870 5480 δὴ

322 5493 473 5547 πάλιν
511 5491 880 5567 ὲξαστράψωσι
927 5497 1025 5560 τὰς
1071 5499 1352 5569 λαμπάδας
1400 5501 1720 5572 ἐπαλλήλοις
1751 5503 1868 5556 δια-

323 5585 513 5656 δοχαῖς,
559 5587 759 5642 ἀνωθεν
787 5591 841 5643 αί
888 5589 1142 5661 παρθένοι
1178 5592 1255 5663 τῷ
1287 5595 1476 5665 κόσμῳ
1502 5593 1868 5664 πυρσεύουσαι

396 5773 438 5805 ³⁸
461 5771 578 5832 Luc.
601 5794 692 5844 xu,
725 5778 812 5835 49.
892 5780 931 5809 “
958 5776 1147 5832 Matt/1.
1179 5795 1228 5845 v,
1252 5781 1302 5835 6.
1381 5777 1602 5834 "Leuit.
1640 5779 1857 5848 xxxvﬂ.

1972 5779 2152 5835 ’Psal.
2173 5794 2280 5851 CIV,
2309 5778 2392 5836 ιι.

1977 4509 2281 4580 oportebat.
2311 4509 2613 4564 Accendant
2633 4512 2774 4564 enim
2802 4509 2957 4573 hanc,
2985 4509 3080 4574 ait,
3114 4526 3274 4578 usque
3301 4526 3454 4562 mane
3474 4510 3542 4572 “,

1974 4604 2078 4657 hoc
2128 4612 2212 4660 est
2263 4619 2438 4674 usque
2487 4605 2554 4658 ad
2600 4604 2890 4659 adventum
2942 4603 3162 4659 Christi.
3200 4601 3545 4673 Virginitatis

1973 4696 2176 4751 etenim
2205 4704 2258 4752 et
2280 4696 2508 4766 justitia
2529 4705 2721 4752 exorto
2755 4695 2882 4752 Sole
2908 4697 2974 4760 ",
3001 4696 3136 4750 nihil
3157 4694 3269 4766 jam
3307 4695 3546 4752 lucerna
3651 4720 3683 4760 ,-

1979 4793 2266 4921 θνὸῗιεῇὶῗο
2317 4856 2483 4926 igitur
2504 4865 2747 4928 tempore
2803 4857 3038 4927 populus
3081 4857 3172 4912 ille
3223 4873 3344 4927 qua
3387 4865 3546 4913 erant

1975 4947 2189 5001 alenda
2209 4947 2444 5002 lucerna
2460 4948 2731 5018 suggessit
2753 4945 2970 5018 (nempe
2987 4946 3344 5018 suppeditans
3362 4947 3543 5002 oleum

1976 5056 2071 5110 per
2101 5041 2546 5112 opera),lucerna
2575 5041 2840 5096 castitatis
2865 5041 2946 5096 eis
2964 5040 3293 5096 inexstincta
3311 5041 3541 5107 mansit;

1973 5137 2198 5200 eratque
2226 5146 2437 5200 semper
2470 5133 2658 5186 lucens
2684 5140 2738 5186 et
2772 5129 3062 5202 splendens
3095 5133 3152 5187 in
3185 5133 3420 5202 funiculo
3442 5131 3546 5184 Ita-

1976 5220 2239 5276 reditatis.
2273 5222 2404 5278 Oleo
2439 5229 2619 5278 autem
2650 5224 2955 5287 deﬁciente,
2987 5225 3098 5281 illis
3131 5243 3161 5278 a
3191 5225 3294 5280 ﬁde
3333 5222 3398 5277 ad
3444 5236 3542 5290 pe-

1976 5313 2263 5368 tulantiam
2293 5315 2487 5380 versis,
2515 5315 2737 5370 lucerna
2765 5316 2983 5386 penitus
3015 5315 3305 5377 exstincta,
3361 5313 3545 5369 lucere

1976 5405 2057 5461 eis
2095 5405 2299 5460 desiit:
2344 5422 2452 5475 quo
2485 5407 2739 5461 nimirum
2779 5409 3006 5464 alternis
3052 5419 3269 5461 rursum
3303 5403 3546 5472 virgines

1977 5497 2442 5562 successionibus,
2473 5499 2623 5554 velut
2647 5499 2865 5555 caelitus
2898 5498 3118 5569 praelata
3151 5497 3267 5548 face
3303 5494 3545 5548 incorru-

1973 5593 2213 5664 ptionem
2238 5590 2442 5647 mundo
2463 5591 2777 5659 inferentes,
2799 5595 2919 5649 late
2940 5588 3187 5645 accensis
3202 5585 3549 5656 lampadibus

2474 5777 2700 5834 "Leuit.
2732 5792 2861 5833 xxiv
2920 5775 2973 5828 5.
3053 5769 3097 5802 ²⁸
3120 5765 3362 5825 Halach.
3396 5784 3468 5832 iv,
3493 5765 3546 5822 ἢ.
