4056 6302
478 216 582 271 H9

1452 220 1510 274 S.
1553 218 1885 279 METHODII
1926 218 2236 279 EPISCOPI
2274 221 2364 278 ET
2403 219 2767 278 MARTYRIS

3624 224 3729 279 120

474 333 938 408 splendescerent.
965 335 1501 400 Subministrandum
1531 339 1698 411 igitur
1726 357 1874 396 nunc
1906 357 2035 413 quo-

2147 345 2245 416 τὴν
2275 344 2602 414 ἀφθαρσίαν.
2626 342 2974 414 Χορηγητέον
3001 335 3094 397 οὖν
3115 341 3255 415 δὴτδ
3276 342 3512 416 ἄτρυγον
3539 342 3729 398 ἔλαιον

475 436 584 499 que
616 427 896 484 aﬂluentcr
926 427 1245 485 defaecatum
1269 430 1539 487 bonorum
1572 448 1799 504 operum
1832 442 1886 489 et
1915 450 2045 503 pru-

476 518 684 578 dentia:
712 520 907 586 oleum,
951 521 1021 577 ab
1066 522 1214 577 omni
1265 521 1520 578 deorsum
1562 533 1824 595 gravante
1845 541 2041 581 corru-

476 613 662 683 ptione
679 612 1056 683 depurgatum,
1086 630 1157 670 ne
1182 629 1388 670 moram
1414 613 1647 673 faciente
1668 617 1904 688 Sponsa,
1940 634 2047 674 no-

473 711 603 760 stra:
619 705 778 758 etiam
810 705 1012 773 pariter
1030 705 1304 777 lampades
1335 707 1768 779 exstinguantur.
1793 710 1941 766 Mora
1963 712 2044 765 vi-

472 794 666 851 delicet
695 792 890 865 Sponsi
924 806 1136 867 tempus
1165 808 1250 854 est
1272 799 1416 870 quod
1447 800 1574 856 hinc
1594 800 1664 855 ad
1680 800 1884 858 Christi
1907 802 2040 857 ulti-

350 896 357 902 '
470 904 618 945 mum
646 889 936 943 adventum
963 890 1286 960 intercedit;
1312 893 1630 950 dormitatio
1652 909 1793 950 vero
1818 903 1873 951 et
1901 911 2045 951 som-

471 995 574 1035 nus
613 979 903 1051 virginum,
933 996 1189 1039 excessus
1220 999 1253 1040 e
1284 985 1396 1041 vita
1422 1004 1437 1053 ;
1470 1001 1581 1042 nox
1610 993 1790 1041 autem
1842 986 2039 1054 media,

468 1086 694 1142 regnum
721 1071 1062 1139 Antichristi,
1119 1077 1344 1147 quando
1374 1076 1774 1134 exterminator
1815 1079 2042 1149 angelus

468 1162 723 1219 transibit
752 1179 848 1234 per
880 1165 1072 1221 domos
1102 1166 1168 1221 ".
1200 1167 1420 1222 Clamor
1437 1182 1592 1233 vero,
1627 1167 1767 1227 Ecce
1804 1168 2039 1238 Sponsus

466 1254 622 1321 ιεηὶι,
645 1255 784 1310 exite
825 1254 1029 1310 obuiam
1058 1258 1109 1311 ei
1150 1257 1195 1289 *τ
1216 1273 1235 1310 :
1261 1272 1366 1313 vox
1393 1267 1479 1315 est
1516 1259 1585 1315 de
1611 1260 1765 1315 oculis
1797 1268 1853 1315 et
1886 1260 2040 1325 tuba,

464 1345 686 1417 quando
725 1346 927 1412 sancti,
952 1347 1171 1404 cunctis
1199 1362 1393 1404 eorum
1423 1350 1765 1409 resuscitatis
1790 1352 2037 1422 corpori-

464 1440 589 1505 bus,
620 1439 677 1493 in
700 1437 940 1495 nubibus
972 1440 1110 1511 rapti
1138 1439 1440 1512 proccdent
1491 1442 1549 1499 in
1591 1457 1885 1499 occursum
1936 1440 2042 1511 Do-

465 1532 604 1587 mini
635 1533 683 1564 "

2148 436 2241 491 καὶ
2268 435 2361 490 νῦν
2387 435 2495 491 τῶν
2527 434 2706 488 καλῶν
2744 434 2920 505 έργων
2953 434 3125 499 ἀδεῶς
3164 436 3259 488 καὶ⁵
3288 436 3388 506 τῆς
3421 435 3721 499 συνέσεως,

2145 524 2326 596 πάσης
2353 525 2503 578 κάτω
2541 523 2832 596 βριθούσης
2863 523 3225 596 ἀφυλισμένον
3251 525 3454 597 φθορᾶς
3479 544 3493 556 ·
3525 527 3617 580 ἶνα
3642 528 3724 599 μὴ

2143 617 2488 687 χρονίσαντος
2533 615 2628 670 τοῦ
2679 615 2970 686 Νυμφίου,
3025 616 3326 672 ὠεσθῶσιν
3359 619 3564 689 ὁμοίως
3622 622 3724 674 καὶ

2143 708 2298 779 ἡμῶν
2321 708 2376 762 αἱ
2403 707 2701 778 λαμπάδες.
2733 708 2790 762 ’0
2822 708 2932 782 γάρ
2956 725 3038 762 τοι
3059 710 3349 781 χρονισμὸς
3384 711 3502 762 ἐστι
3531 711 3593 764 τὸ
3613 711 3724 784 πρὸ

2141 796 2239 867 τῆς
2268 798 2572 869 παρουσίας
2600 798 2876 869 διάστημα
2923 798 3018 852 τοῦ
3046 798 3305 870 Χριστοῦ.
3352 800 3411 853 Ὁ
3445 800 3503 853 δὲ
3526 818 3725 854 νυστα-

2141 886 2282 957 γμὸς
2314 887 2408 941 καὶ
2429 889 2463 958 ἡ
2482 888 2737 959 κοίμησις
2766 887 2874 942 τῶν
2898 888 3202 961 παρθένων,
3227 892 3260 961 ἡ
3284 889 3461 956 ἔξοδος
3484 891 3594 945 ἀπὸ
3621 892 3718 945 τοῦ

2140 975 2280 1047 βίου.
2308 976 2382 1029 Τὸ
2409 977 2466 1030 δὲ
2514 976 2858 1048 μεσονύκτιον
2888 979 2920 1047 ἡ
2956 976 3201 1048 βασιλεία
3226 977 3317 1031 τοῦ
3344 979 3719 1051 ἀντιχρίστου,

2141 1067 2261 1123 καθ’
2278 1070 2343 1141 ἢν
2364 1070 2393 1122 ὁ
2412 1069 2532 1122 ὀλοθ
2541 1071 2735 1142 ρευτὴς
2756 1070 2983 1139 ἄγγελος
3003 1071 3386 1142 ἐπιπορεύεται
3396 1071 3497 1135 τὰς
3514 1073 3714 1136 οἰκίας.

2154 1169 2217 1222 Ἡ
2275 1167 2332 1220 δὲ
2385 1167 2599 1241 κραυγὴ
2639 1169 2674 1238 ἡ
2720 1166 2986 1239 γενομένη
3044 1168 3138 1221 καὶ
3198 1167 3451 1236 λέγουσα,
3488 1168 3637 1222 Ἰδοὺ
3684 1172 3719 1223 ὁ

2138 1260 2409 1327 Νυμφίος
2447 1257 2699 1325 ἔρχεται,
2754 1257 3070 1327 ἐξέρχεσθε
3106 1260 3195 1324 εἰς
3228 1257 3572 1326 ἀπάντησιν
3599 1261 3717 1313 αὐ-

2142 1350 2273 1414 τοῦ,
2306 1349 2452 1404 ἔστιν
2493 1352 2527 1421 ἡ
2574 1350 2725 1421 φωνὴ
2770 1353 2803 1423 ἡ
2838 1351 2945 1405 ἀπὸ
2969 1350 3077 1405 τῶν
3117 1351 3361 1423 οὐρανῶν
3386 1353 3481 1406 καὶ
3512 1354 3547 1423 ἡ
3586 1352 3721 1406 σάλ-

2140 1443 2291 1511 πιγξ.
2334 1443 2493 1496 ὁπότε
2540 1443 2757 1498 πάντων
2791 1443 3201 1511 ἐξαναστάντων
3252 1446 3435 1510 αὐτοῖς
3476 1448 3526 1500 οί
3568 1446 3719 1516 ἅγιοι

2139 1534 2246 1588 τῶν
2279 1533 2546 1605 σωμάτων
2579 1533 2671 1587 ἐπὶ
2719 1534 2956 1604 νεφελῶν
2985 1535 3296 1607 οἰχήσονται
3318 1538 3399 1600 εἰς
3420 1538 3519 1608 τὴν
3543 1538 3723 1591 ἀπάν-

2144 1642 2298 1697 τησιν
2326 1623 2698 1696 ἁρπασθέντες
2725 1624 2818 1678 τοῦ
2854 1626 3082 1697 Κυρίου.

536 1713 946 1773 Observanuum
977 1719 1123 1775 enim
1151 1727 1235 1776 est
1265 1718 1468 1776 dixisse
1501 1719 1840 1790 Scripturam
1864 1760 1880 1786 ,
1913 1729 2035 1790 post

2212 1716 2546 1789 Προσεκτέον
2577 1716 2707 1790 γὰρ,
2742 1719 2824 1772 ὅτι
2855 1718 2994 1791 μετά
3015 1717 3114 1790 τὴν
3142 1718 3389 1791 κραυγὴν
3418 1718 3727 1790 ὲγηγέρθαι

466 1808 761 1866 clamorem
775 1812 1161 1868 exsurrexisse
1171 1828 1371 1868 omnes
1397 1812 1637 1884 virgines
1653 1829 1667 1880 ;
1683 1821 1806 1882 post
1825 1812 2038 1868 scilicet

467 1901 746 1971 delapsum
775 1918 807 1958 e
834 1904 987 1959 coelis
1037 1906 1333 1960 clamorem
1354 1944 1371 1970 ,
1427 1911 1675 1961 mortuos
1707 1920 1829 1960 esse
1860 1903 2039 1960 susci-

468 1995 682 2062 tandos,
715 1998 1166 2070 quemadmodum
1199 2006 1252 2055 et
1282 1997 1490 2054 Paulus
1543 1998 1782 2069 quodam
1836 1998 1958 2054 loco
1988 1998 2034 2030 ”

469 2087 740 2151 admonet,
769 2088 892 2160 Ipse
941 2089 1222 2159 Dominus,
1277 2090 1552 2162 inquiens,
1587 2092 1643 2145 in
1678 2090 1837 2159 jussu
1886 2099 1937 2144 et
1978 2090 2035 2145 in

466 2195 584 2234 race
626 2180 943 2252 archangeli,
985 2190 1036 2236 et
1067 2183 1122 2237 in
1171 2182 1299 2238 tuba
1339 2183 1438 2238 Dei
1477 2180 1750 2238 descendet
1778 2181 1841 2237 de
1869 2182 2037 2245 caelo,

459 2282 510 2324 rt
540 2274 734 2327 mortui
757 2275 847 2343 qui
889 2275 947 2330 in
989 2274 1201 2333 Christo
1225 2284 1381 2342 sunt,
1409 2282 1683 2346 resurgent
1716 2274 1897 2344 primi,
1931 2273 2036 2330 hoc

459 2376 543 2423 est
573 2380 844 2437 corpora;
875 2365 967 2420 illa
988 2365 1137 2422 enim
1159 2375 1376 2422 mortua
1406 2373 1557 2436 sunt,
1586 2365 1808 2422 amissis
1833 2364 2039 2420 anima-

459 2458 583 2514 bus.
614 2457 816 2515 Deinde
843 2474 938 2513 nos
974 2459 1065 2529 qui
1116 2460 1361 2523 vivimus,
1399 2458 1559 2516 simul
1612 2459 1880 2528 rapiemur
1917 2474 2037 2512 eum

459 2549 591 2614 illis,
622 2549 837 2606 animas
863 2550 1200 2621 signiﬁcans.
1232 2550 1344 2609 Nos
1365 2551 1511 2608 enim
1551 2551 1645 2622 qui
1669 2565 1798 2606 vere
1830 2564 1894 2604 ac
1911 2564 2039 2620 pro-

462 2641 579 2713 prie
608 2641 864 2706 vivimus,
885 2643 1080 2703 anima:
1106 2658 1332 2711 sumus;
1369 2659 1491 2714 quae
1527 2658 1653 2699 cum
1685 2642 2037 2713 corporibus,

458 2733 532 2790 iis
586 2734 902 2803 resumptis,
948 2733 1004 2789 in
1038 2735 1277 2791 nubibus
1325 2749 1710 2802 occurremus,
1753 2732 2033 2805 lampades

463 2825 699 2881 terentes
731 2835 973 2891 ornatas,
1026 2842 1137 2883 non
1184 2828 1363 2884 alieno
1405 2837 1460 2884 et
1488 2828 1770 2883 mundano
1809 2834 2033 2889 ornatu,

462 2917 558 2975 sed
594 2933 714 2990 qua:
741 2919 1045 2989 prudentia
1061 2928 1116 2975 et
1168 2920 1459 2987 castitatis,
1500 2927 1773 2977 astrorum
1801 2920 1908 2975 ritu
1927 2919 2036 2974 late

458 3008 620 3082 iubar
653 3012 886 3075 vibrent,
917 3010 1149 3067 arthereo
1172 3011 1462 3083 splendore
1491 3013 1891 3083 plenissimum.

2144 1817 2325 1879 πάσας
2378 1814 2481 1885 εφη
2529 1816 2630 1880 τὰς
2677 1814 2979 1889 παρθένους
3025 1816 3055 1867 ὁ
3081 1815 3263 1883 λόγος·
3298 1814 3541 1869 τουτέστι
3578 1813 3731 1885 μετὰ

2142 1909 2240 1980 τὴν
2287 1910 2351 1962 ὲκ
2390 1908 2498 1961 τῶν
2544 1909 2786 1981 οὐρανῶν
2820 1908 3125 1979 ἐνεχθεῖσαν
3158 1906 3284 1978 βοὴν
3314 1908 3726 1979 ἀναστήσεσθαι

2141 2000 2266 2060 τοὺς
2312 1998 2569 2071 νεκροὺς,
2613 1998 2687 2064 ὦς
2731 2017 2834 2053 που
2884 1998 2978 2054 xui.
3020 1997 3230 2061 Παῦλος
3276 2000 3586 2069 παρεγγυᾷ,
3627 1999 3724 2053 ὃτι

2136 2088 2324 2150 Αὐτὸς
2351 2094 2386 2148 ό
2412 2092 2647 2161 Κύριος,
2679 2092 2870 2162 λέγων,
2900 2092 2971 2145 ἐν
3006 2091 3388 2160 κελεύσματι,
3434 2091 3505 2143 ἐν
3546 2089 3727 2159 φωνῇ

2140 2183 2540 2256 ἀρχαγγέλου,
2577 2184 2677 2239 καὶ
2707 2183 2777 2237 ἑν
2806 2183 3093 2253 σάλπιγγι
3130 2181 3277 2236 Θεοῦ
3316 2180 3723 2247 καταϐήσεται

2141 2277 2241 2332 ἀπ’
2272 2275 2553 2344 οὐρανοῦ,
2584 2275 2684 2330 καί
2732 2277 2786 2329 οὶ
2834 2274 3033 2343 νεκροὶ
3074 2274 3145 2328 ἐν
3169 2272 3401 2343 Χριστῷ
3446 2271 3723 2339 ἀναστή-

2141 2384 2353 2424 σονται
2379 2366 2646 2437 πρῶτον·
2679 2366 2924 2421 τουτέστι
2962 2365 3033 2421 τὰ
3070 2366 3401 2438 σκηνώματα
3431 2365 3569 2436 (88)’
3601 2368 3723 2418 ἐνε-

2141 2458 2432 2530 κρὼθησαν
2474 2457 2583 2531 γὰρ
2628 2458 3085 2529 ἀπαμφιασθέντα
3113 2459 3219 2513 τῶν
3256 2457 3727 2529 ψυχῶν.Ἕπειτω

2140 2550 2312 2621 ἡμεῖς
2338 2553 2392 2605 οὶ
2424 2548 2632 2616 ζῶντες
2662 2549 2805 2620 ἅμα
2822 2549 2943 2604 σὺν
2983 2550 3188 2619 αὐτοῖς
3228 2551 3719 2621 ἁρπαγησόμεθα,

2140 2645 2237 2708 τὰς
2251 2643 2424 2714 ψυχὰς
2443 2642 2633 2712 λέγων.
2652 2643 2842 2714 Ἡμεῖς
2863 2643 2970 2714 γὰρ
2994 2644 3198 2717 κυρίως
3216 2646 3264 2697 οἱ
3295 2643 3518 2708 ζῶντες,
3543 2642 3721 2712 ἐσμὲν

2140 2736 2197 2791 αἱ
2236 2734 2426 2804 ψυχαὶ,
2457 2733 2657 2796 αἵτινες
2701 2730 2842 2803 μετὰ
2886 2732 2992 2786 τῶν
3026 2735 3314 2812 σωμάτιθχ,
3364 2730 3723 2802 ἀπειληφυίαι

2138 2824 2333 2891 ταῦτα,
2381 2827 2438 2878 ἐν
2485 2822 2734 2891 νεφέλαις
2787 2823 3236 2895 ἀπαντησόμεθα,
3279 2822 3378 2888 τάς
3427 2821 3722 2894 λαμπάδας

2141 2918 2403 2989 φέρουσαι
2436 2914 2852 2986 κεκοσμημένας
2892 2915 2991 2969 οὐκ
3025 2915 3287 2988 ἀλλοτρίῳ
3328 2914 3419 2969 καὶ
3464 2910 3729 2983 κοσμικῷ

2138 3025 2266 3071 τινι,
2303 3005 2441 3061 ἀλλά
2485 3003 2548 3057 τὸ
2588 3004 2901 3076 φρονήσεως
2952 3005 3049 3059 καὶ
3094 3002 3466 3078 σωφροσύνης,
3499 3003 3723 3072 ἄστρων

461 3107 617 3181 δίκην
661 3108 1110 3173 ἀποστιλϐόντων,
1141 3109 1301 3173 σέλας
1345 3110 1517 3182 αὐγῆς
1552 3109 1787 3179 αἰθερίου
1823 3105 2264 3180 πεπληρωμένον.

1609 3275 1740 3330 Car.
1770 3273 1837 3330 Ἴ.
1872 3269 2208 3345 Virginitatis
2236 3265 2536 3338 premium.

531 3406 657 3464 Haec
691 3417 1049 3479 nostrorum,
1077 3427 1111 3470 ο
1156 3415 1399 3486 pulchrae
1419 3416 1678 3488 virgines,
1723 3415 1871 3488 orgia
1904 3431 2025 3486 my-

2200 3406 2387 3463 Ταῦτα
2425 3405 2533 3460 τῶν
2566 3403 2877 3475 ἡμετέρων,
2908 3396 2953 3456 ὦ
2977 3399 3416 3474 καλλιπάρθενοι,
3451 3399 3519 3453 τὰ
3554 3400 3722 3473 ὄργια

463 3495 786 3553 steriorum:
819 3497 903 3555 hae
924 3515 1113 3557 earum
1146 3518 1273 3573 qua:
1296 3504 1627 3576 virginitatis
1651 3505 1764 3560 ritu
1799 3505 2026 3561 initian-

462 3592 573 3649 tur,
608 3589 932 3648 cazrimonize
954 3606 1273 3651 sacrorum:
1310 3596 1413 3653 ista
1443 3598 1665 3668 praemia
1690 3598 1738 3630 ³⁰
1766 3598 2031 3653 immacu—

461 3678 689 3736 latorum
703 3685 971 3742 castitatis
986 3689 1367 3744 certaminum.
1388 3687 1565 3745 Verbo
1580 3690 1872 3760 desponsa,
1885 3697 2038 3744 aeter-

460 3786 583 3826 nam
618 3772 1043 3848 incorruptionis
1095 3779 1277 3836 dotem
1305 3821 1322 3848 ,
1357 3795 1617 3837 coronam
1652 3795 1718 3836 ac
1747 3781 1966 3837 divitias
2000 3794 2033 3835 a

458 3858 621 3919 Patre
651 3866 894 3935 accipio;
930 3878 985 3923 et
1011 3869 1067 3923 in
1110 3871 1308 3926 saacula
1365 3871 1666 3942 triumpho,
1730 3870 2033 3943 splendidis

459 3961 514 4008 ct
540 3954 1085 4016 immarcescihilibus
1140 3964 1421 4034 sapientiae
1454 3964 1682 4021 ﬂoribus
1737 3971 1995 4020 coronata
2016 3982 2035 4018 εκ

461 4060 589 4100 eum
617 4045 835 4104 Christo
864 4051 1086 4121 przemia
1103 4052 1366 4124 largiente
1392 4055 1449 4109 in
1476 4055 1618 4110 coelo
1645 4054 2030 4117 choros-duco,

461 4132 608 4188 circa
638 4136 905 4208 principio
924 4147 1203 4196 carentem
1216 4149 1270 4197 et
1294 4143 1362 4198 ab
1389 4146 1539 4199 omni
1561 4149 1857 4201 immunem
1890 4144 2032 4200 inte-

461 4227 572 4282 ritu
608 4224 833 4299 Regem.
865 4230 1157 4304 Nunquam
1184 4235 1548 4292 occidentium
1597 4248 1759 4292 nacta
1802 4251 1924 4294 sum
1952 4235 2035 4291 fa-

2137 3500 2479 3575 μυστηρίων·
2528 3488 2687 3551 αὗται
2730 3494 2838 3548 τῶν
2868 3495 2927 3547 ὲν
2954 3492 3219 3565 παρθενίᾳ
3255 3491 3721 3563 μυσταγωγηθένο

2133 3611 2243 3651 των
2275 3595 2333 3647 αι
2362 3589 2607 3645 τελεταί’
2647 3587 2820 3643 ταῦτα
2866 3585 2937 3640 τὰ
2987 3586 3240 3657 ἐπίχειρα
3275 3586 3385 3639 τῶν
3431 3583 3720 3654 ἀμιάντων

2142 3687 2315 3741 ἄθλων
2345 3684 2447 3755 τῆς
2480 3679 2849 3753 σωφροσύνης.
2887 3677 3251 3749 Νυμφεύομαι
3280 3679 3367 3745 ’τῳ
3409 3676 3586 3746 Λόγῳ,
3619 3676 3723 3729 καὶ

2139 3778 2229 3833 τὸν
2269 3776 2435 3831 ἀΐδιον
2464 3773 2562 3846 τῆς
2591 3770 2899 3843 ἀφθαρσίας
2928 3773 3128 3841 προῖκα
3161 3768 3421 3840 λαμϐάνω
3450 3768 3723 3837 στέφανον

2138 3871 2234 3925 καὶ
2266 3867 2495 3923 πλοῦτον
2534 3864 2682 3937 παρά
2708 3862 2802 3917 τοῦ
2839 3861 3086 3933 Πατρός·
3136 3862 3229 3915 καὶ
3281 3861 3340 3913 ἐν
3386 3862 3497 3919 τοῖς
3553 3857 3715 3912 αίῶσι

2138 3956 2621 4031 στεφανηφοροῦσα
2651 3953 2918 4026 πομπεύω
2945 3953 3016 4007 τὰ
3040 3951 3267 4024 λαμπρὰ
3296 3951 3392 4004 καὶ
3423 3951 3717 4021 ἀμάραντα

2134 4054 2232 4124 τῆς
2263 4051 2454 4121 σοφίας
2483 4048 2646 4120 ἀνθη’
2679 4044 2991 4116 συγχορεύω
3015 4043 3330 4117 βραϐεύοντι
3372 4040 3450 4111 τῷ
3493 4039 3722 4111 Χριστῷ

2136 4146 2257 4197 κατ’
2288 4140 2538 4214 οὐρανὸν,
2569 4138 2712 4211 ἀμφὶ⁵
2733 4137 2824 4190 τὸν
2851 4136 3083 4208 ἄναρχον
3114 4135 3206 4190 καὶ
3224 4132 3524 4204 ἀνώλεθρον
3548 4132 3713 4186 Βασι-

2135 4234 2250 4289 λέα.
2271 4233 2500 4288 Ἀδύτων
2533 4229 2731 4301 γέγονα
2769 4226 3194 4301 λαμπαδηφόρος
3226 4225 3416 4296 φώτων
3449 4224 3583 4294 (89),
3617 4223 3721 4277 καὶ

568 4404 614 4437 ³⁸
652 4403 824 4461 Exod.
857 4425 933 4476 XI,
960 4410 1014 4464 4.
1092 4410 1136 4442 ’⁷
1176 4408 1373 4465 Matth.
1402 4426 1530 4477 xxv,
1556 4410 1611 4467 6.
1686 4412 1733 4444 ⁸⁸
1773 4410 1803 4465 Ι
1839 4412 2020 4467 Thess.

2158 4410 2246 4465 16.
2321 4412 2365 4444 ⁸³
2404 4409 2531 4464 ibid.
2563 4426 2638 4474 ιν,
2675 4409 2781 4474 15,
2824 4408 2909 4463 16.
2991 4407 3039 4439 ³⁰
3077 4405 3204 4476 Sap.
3236 4420 3321 4472 iv,
3369 4406 3425 4459 2.

534 4588 645 4664 (88)
679 4593 953 4664 Tauream
976 4592 1047 4646 τὰ
1067 4592 1447 4664 σκηνώματα.
1472 4593 1617 4650 Dura
1638 4595 1753 4651 haec
1779 4594 2037 4650 Methodii

460 4662 753 4734 expositio.
792 4661 989 4734 Verum
1038 4661 1281 4734 quidem’
1314 4665 1631 4721 suscitanda
1681 4666 2035 4720 tabernacula

461 4745 583 4805 quae
608 4733 937 4794 ceciderant,
975 4733 1027 4788 id
1055 4743 1138 4790 est
1168 4750 1439 4805 corpora;
1475 4736 1569 4792 sed
1613 4737 1827 4792 illorum
1859 4735 2029 4790 susci-

2140 4592 2552 4667 nobiliorpars,
2585 4598 2645 4667 et_
2676 4591 2796 4661 ejus
2824 4597 2936 4644 tota
2964 4589 3121 4667 quasi
3163 4586 3493 4667 hypostasis,
3527 4587 3655 4667 ipsa.
3680 4600 3716 4639 a

2141 4680 2201 4720 se
2249 4656 2577 4726 subsistens,
2632 4656 2844 4731 hocque
2883 4656 3044 4715 nacta
3071 4660 3123 4713 vi
3145 4656 3274 4731 sua:
3312 4656 3718 4731 productionis,

2140 4734 2252 4789 Deo
2276 4734 2395 4802 ejus
2425 4741 2666 4795 auctore,
2698 4726 2798 4787 nec
2826 4732 3051 4802 materia
3095 4728 3162 4802 ad
3202 4726 3327 4797 ejus
3354 4726 3715 4783 substantiam

462 4801 666 4874 tatione
703 4811 948 4874 resurget
991 4805 1173 4868 homo,
1205 4800 1345 4860 et'in
1377 4800 1667 4862 oecursum
1697 4806 1915 4861 Christo
1947 4821 2034 4859 ra-
2065 4814 2109 4870 ι)
2138 4800 2343 4874 aliquid
2383 4803 2716 4874 conferente)
2754 4802 2915 4874 nimis
2938 4800 3412 4874 Platonicuni_est,
3463 4811 3565 4874 nec
3610 4811 3713 4850 ne-

462 4870 793 4948 pietur,_nec
826 4870 1004 4948 quivis
1036 4875 1214 4937 homo,
1254 4876 1349 4932 sed
1379 4892 1519 4947 quos
1551 4878 1762 4948 signate
1790 4877 2036 4948 viventes

463 4948 619 5016 vocat
659 4941 974 5016 Apostolus,
1023 4961 1085 5016 ac
1124 4961 1355 5016 quorum
1389 4941 1446 5003 se
1478 4941 1672 5003 classis
1710 4946 1880 5012 facit;
1921 4947 2036 5002 sive

461 5009 722 5097 loquatur
741 5014 814 5097 in-
826 5011 1029 5097 Christi
1056 5009 1293 5097 ﬁdelium
1326 5026 1753 5097 sanctorumque
1777 5009 2033 5097 persona,

459 5096 694 5156 quorum
730 5089 968 5151 potiores
990 5094 1149 5141 erunt
1180 5095 1362 5156 partes
1384 5091 1435 5142 in
1465 5090 1896 5153 resurrectione;
1924 5089 2041 5143 sive

461 5155 517 5206 in
547 5167 736 5207 eorum
759 5170 897 5229 quos
921 5157 1010 5211 illa
1043 5157 1159 5212 dies
1182 5155 1359 5213 adhuc
1388 5160 1629 5216 viventes
1657 5158 1910 5220 oﬂ‘endet,
1939 5159 2036 5229 qui

460 5231 514 5275 et
561 5236 836 5300 momento
882 5227 1311 5282 immutahuntur
1342 5247 1354 5283 :
1391 5245 1620 5299 quorum
1676 5232 1793 5300 ipsa
1847 5227 2005 5284 resur

461 5296 632 5370 lectio
665 5301 719 5348 et
761 5311 1049 5370 occursus,
1094 5300 1240 5352 nulla
1277 5296 1536 5370 temporis
1566 5296 1718 5356 mora
1749 5300 2031 5354 antecedet

462 5362 677 5444 illorum
731 5368 1210 5444 resurrectionem,
1252 5362 1483 5444 quorum
1528 5372 1656 5425 olim
1705 5374 1941 5444 resoluta
1975 5370 2033 5422 in

463 5439 674 5507 cineres
704 5451 936 5507 Corpora
980 5439 1235 5493 fuerant:
1266 5439 1347 5496 sic
1397 5442 1453 5495 in
1491 5449 1788 5504 momento,
1828 5443 1881 5495 in
1919 5441 2033 5493 ictu

463 5504 643 5587 oculi,
676 5504 905 5587 canente
952 5511 1082 5563 tuba
1132 5521 1416 5587 resurgent
1447 5527 1693 5587 omnes,
1747 5526 1810 5565 ac
1859 5510 2031 5587 judici

463 5573 685 5629 Christo
717 5578 1005 5646 sistentur;
1042 5580 1154 5636 veri
1201 5573 1411 5637 scilicet
1447 5573 1715 5642 homines,
1762 5573 1878 5635 non
1913 5581 2033 5634 ani-

471 5658 608 5715 ma);
638 5661 780 5718 quas
802 5649 1072 5708 hominem
1112 5652 1293 5709 dicere
1327 5659 1420 5706 aut
1446 5653 1579 5709 velle
1603 5652 1769 5722 (quod
1797 5651 2037 5707 hominis

2136 4867 2435 4931 cessariqu
2471 4874 2538 4929 ad
2571 4867 2722 4927 Pauli
2750 4871 3159 4939 intelligentiam
3190 4883 3256 4926 eo
3284 4868 3439 4936 loco;
3465 4867 3533 4922 ad
3550 4881 3715 4937 quem

2134 4945 2353 5001 videndi
2379 4946 2723 5014 interpretes.
2752 4942 3040 5014 colueris.

2207 5017 2320 5087 (89)
2364 5006 2677 5087 isdurior...
2734 5012 2960 5082 φώτων.
3015 5010 3183 5087 Quasi
3232 5009 3533 5064 ἀσϐέστων.
3583 5006 3717 5087 Quae

2136 5084 2415 5155 nunquam
2463 5085 2720 5140 occidant
2766 5089 2861 5136 aut
2891 5084 3352 5155 _e‘xstin_guantur;
3385 5094 3492 5148 qua
3540 5086 3710 5155 meta:

2182 5146 2312 5211 hora
2337 5158 2470 5213 solis
2495 5165 2548 5211 et
2576 5156 2857 5210 stellarum
2886 5152 3037 5215 δύσις
3062 5146 3262 5206 dicitur
3284 5146 3539 5211 occasus;
3570 5158 3622 5201 et
3643 5146 3719 5199 τὰ

2172 5227 2330 5299 υτικὰ
2359 5227 2521 5299 μέρη,
2549 5221 2897 5299 occidentales
2920 5222 3108 5299 plagw.
3140 5221 3445 5299 Lampadas
3466 5233 3596 5299 ergo
3622 5233 3719 5299 ca-

2140 5291 2372 5358 stitatis,
2400 5291 2628 5367 quarum
2654 5296 2817 5364 jubar
2847 5294 3128 5367 stellarum
3163 5292 3341 5348 simile
3389 5291 3548 5367 paulo
3589 5297 3717 5341 ante

2137 5369 2372 5429 dicebat,
2401 5361 2677 5437 lampades
2698 5371 2824 5419 sunt
2846 5364 3110 5437 luminum
3139 5376 3260 5437 qua:
3285 5361 3531 5437 nesciant
3556 5373 3718 5437 occa-

2140 5453 2281 5493 sum.
2304 5428 2528 5509 liudius'
2554 5437 2836 5491 Possinius
2873 5432 3017 5509 κατὰ
3048 5428 3359 5509 πρόχειρον,
3380 5428 3719 5509 inaccessihi-

2140 5509 2268 5580 lium
2292 5508 2583 5580 luminum;
2610 5523 2731 5580 qua:
2752 5512 2836 5561 est
2860 5505 3026 5557 altera
3050 5500 3341 5580 ejusvocis
3368 5500 3717 5580 signiﬁcatio,

2139 5578 2409 5650 llesycbio
2429 5588 2481 5633 et
2506 5570 2685 5650 Suid'aa
2704 5591 2808 5630 una
2834 5570 3233 5650 notata_:_'quod
3267 5589 3327 5650 re
3356 5570 3439 5626 sic
3469 5570 3720 5650 proclivi,

2140 5643 2320 5706 virum
2354 5649 2573 5705 doctum
2610 5648 2795 5704 fallere
2843 5659 2955 5701 non
3003 5643 3210 5699 debuit.
3267 5643 3509 5697 Alterum
3558 5643 3724 5710 quasi
