4056 6302
1406 328 1786 386 CONVIVIUM
1821 318 2050 386 DECEM
2088 330 2444 390 VIMINUM.

3436 331 3536 387 122

298 450 524 523 ἱφυμνῶ
566 449 629 504 τὸ
677 447 867 503 καινὸν
906 444 1042 519 μετὰ
1069 447 1169 517 τῆς
1202 430 1530 518 ’ὁμηγύρεως
1568 440 1719 518 ᾆσμα
1761 447 1862 501 τῶν

1970 463 2087 503 cem
2110 450 2251 506 ferre
2274 451 2540 505 luminum
2564 468 2580 519 ;
2606 465 2916 522 novumque
2939 463 3063 505 cum
3086 449 3357 505 so'da'num
3385 460 3532 504 cestu

298 541 675 615 ἀρχαγγέλων,
732 541 833 611 τὴν
880 539 1072 611 καινὴν
1129 538 1288 609 χάριν
1334 537 1727 607 ἐξαγγέλλουσα
1774 539 1873 610 τῆς

311 632 637 704 Ἐκκλησίας
656 648 671 662 ⁸
744 628 1066 695 ξυνέπεσθαι
1111 628 1220 700 γὰρ
1264 629 1350 682 ἀεὶ
1395 629 1485 682 τὸν
1528 628 1714 700 ὅμιλον
1763 628 1873 683 τῶν

299 724 585 798 παρθένιον
635 721 715 793 τῷ
748 722 938 793 Κυρίῳ
968 721 1061 774 καὶ
1106 718 1551 774 συνθιασωτεύειν
1589 719 1715 775 ἔνθα
1762 720 1869 791 εἴη,

299 815 457 883 λόγος
483 817 623 887 ἠχεῖ.
655 812 825 868 Τοῦτο
875 812 970 865 καὶ
1007 810 1258 882 Ἰωάννης
1308 812 1367 864 ὲν
1414 814 1481 882 τῇ
1530 810 1636 864 τῶν
1681 813 1872 864 ἑκατὸν

300 904 556 976 χιλιάδων
589 904 683 958 καὶ
711 899 1117 972 τεσσαράκοντα
1146 899 1238 953 καὶ
1262 899 1540 972 τεσσάρων
1574 899 1871 954 αἰνίσσεται

301 998 514 1069 μνήμη-

376 1088 486 1141 Ἴτε
530 1082 646 1149 οὖν,
675 1079 720 1139 ὧ
767 1084 981 1138 νεολαία
1016 1081 1125 1136 τῶν
1174 1080 1374 1135 καινῶν
1408 1078 1772 1143 αἰώνων.”ῐτε,
1803 1077 1870 1133 τὰ

299 1180 501 1248 ἀγγεῖα
541 1176 864 1249 πληρώσατε
896 1174 1045 1244 σερῶν
1079 1170 1423 1243 δικαιοσύνης
1443 1188 1457 1202 °
1488 1170 1607 1243 ὥρα
1630 1172 1734 1242 γὰρ
1764 1170 1872 1223 λοι-

302 1271 405 1326 πὸν
435 1266 818 1341 ἐξεγείρεσθαι,
851 1267 945 1321 καὶ
977 1264 1327 1329 ὑπαντιάζειν
1364 1262 1442 1334 τῷ
1474 1262 1867 1333 Νυμφίῳ.Ἴτε,

298 1362 400 1426 τάς
433 1363 624 1430 ῐῦγγας
656 1359 748 1412 καὶ
795 1358 866 1411 τὰ
912 1356 1183 1427 θέλγητρα
1209 1355 1424 1422 κούφως
1451 1352 1562 1422 (90)
1598 1352 1871 1424 παραμεί-

300 1453 475 1523 ψασαι
499 1450 591 1506 τοῦ
627 1450 763 1520 βίου.
797 1448 866 1502 τὰ
900 1446 1270 1519 περιδινοῦντα
1293 1445 1388 1498 καὶ
1415 1443 1742 1514 γοητεύοντα
1771 1442 1869 1516 τὴν

301 1541 478 1614 ψυχήν
501 1558 516 1572 ’
542 1537 795 1604 τεύξεσθε
818 1538 928 1609 γὰρ
958 1536 1066 1591 τῶν
1099 1535 1550 1606 ὲπαγγελμάτων.

370 1737 479 1792 Ναὶ
499 1738 586 1806 μὰ
615 1736 720 1792 τὸν
743 1735 1028 1805 ἁμετέρας
1049 1731 1196 1799 ζωᾶς
1218 1731 1497 1796 δείξαντα
1520 1730 1829 1785 κέλευθον.

302 1852 390 1904 Sol.
413 1850 561 1904 τόνδε
592 1830 949 1922 προφητείαις
973 1848 1199 1903 πλεκτὸν
1234 1846 1495 1915 στέφανον
1517 1846 1582 1897 ὲκ
1601 1842 1707 1897 τῶν
1730 1859 1867 1914 προ-

299 1937 544 2010 φητικῶν
571 1938 872 2009 λειμώνων,
978 1936 1190 2007 Ἀρετὴ,
1211 1933 1369 2004 κάγὼ
1398 1933 1674 2004 κομίσασα
1702 1948 1871 2002 προσ-

299 2031 473 2101 φέρω.

368 2118 856 2191 Διαπεραναμένης
899 2111 992 2172 οῦν
1044 2117 1240 2195 ἄριστα
1290 2116 1383 2171 καὶ
1432 2113 1686 2186 ’Δγάθης,
1740 2113 1868 2186 ἔφη.

294 2208 389 2263 τὸν
427 2210 603 2279 λόγον,
630 2211 724 2263 καὶ
754 2208 1188 2280 εύδοκιμησάσης
1208 2208 1293 2277 ἐφ’
1316 2202 1397 2271 οἷς
1419 2207 1709 2279 ίσηγὸρησε
1733 2206 1866 2273 (9i),

297 2301 461 2355 πάλιν
497 2303 531 2372 ἡ
569 2301 761 2373 ’Δρετὴ
813 2299 911 2371 τὴν
955 2299 1255 2372 Προκίλλαν
1302 2296 1554 2351 ἐκέλευσε
1591 2297 1787 2365 λέγειν.
1806 2296 1870 2349 Ἠ

297 2393 380 2455 δὲ,
413 2395 708 2454 ἀναστᾶσα,
737 2393 830 2446 καὶ
880 2391 1187 2465 ἔμπροσθεν
1239 2389 1586 2464 παρελθοῦσα
1624 2389 1722 2460 τῆς
1754 2389 1872 2443 κλι-

301 2483 505 2547 σιάδος,
534 2482 678 2547 ἔλεξε
710 2483 907 2537 τοιάδε.

852 2726 1210 2817 ΛΟΓΟΣ
1247 2722 1354 2814 Ζ’.

889 2875 1266 2930 ΠΡΟΚῙΛΛΑ.

1971 539 2222 596 collaudo
2249 541 2697 611 archangelorum
2730 541 3026 602 canticum,
3053 554 3247 594 novam
3282 537 3536 594 Ecclesiae

1970 634 2198 706 gratiam
2231 634 2557 690 enuntians:
2607 633 2763 705 sequi
2795 634 2943 690 enim
2992 630 3281 688 Dominum
3321 647 3535 702 sempcr

1972 723 2371 778 multitudinem
2401 724 2688 794 virginum,
2708 730 2765 779 et
2799 723 3111 793 ubicunque
3142 721 3323 785 fuerit,
3347 722 3536 778 beatos

1972 830 2100 871 suos
2122 816 2190 870 ab
2220 815 2328 870 illis
2358 813 2689 885 frequentari
2710 823 2906 881 cmtus,
2940 813 3221 885 Scriptura
3267 814 3532 883 loquitur.

1970 906 2084 961 lloc
2114 914 2168 963 et
2191 905 2429 963 Joannes
2463 907 2639 962 innuit
2673 908 2738 971 ³¹,
2782 908 2877 963 ubi
2923 914 3142 963 centum
3175 905 3534 977 quadraginta

1970 1009 2203 1070 quatuor
2231 999 2459 1053 millium
2487 998 2752 1054 meminit.

2040 1093 2119 1147 Ite
2151 1092 2339 1162 igitur,
2366 1105 2399 1144 ο
2432 1106 2696 1145 novorum
2726 1091 3051 1148 saaculorum
3073 1103 3212 1144 nova
3241 1102 3304 1143 ac
3336 1086 3535 1144 ﬂorens

1969 1186 2238 1257 virginum
2262 1184 2453 1254 pubes.
2509 1180 2602 1244 Ite.
2634 1198 2763 1238 vasa
2795 1191 2978 1237 vestra
3027 1180 3246 1251 implete
3278 1178 3531 1248 justitia:

1963 1276 2075 1345 jam
2105 1275 2249 1329 enim
2270 1274 2402 1327 hora
2427 1279 2511 1326 est
2532 1271 2879 1342 exsurgendi,
2903 1277 2958 1326 et
2987 1269 3041 1323 in
3087 1268 3288 1339 Sponsx
3337 1280 3535 1321 occur-

1969 1382 2088 1422 sum
2122 1366 2305 1422 eundi.
2342 1366 2439 1431 lte,
2473 1365 2594 1420 vitae
2624 1363 2919 1418 blanditias
2956 1367 3011 1416 et
3056 1359 3340 1415 illecebras
3366 1371 3534 1426 expe-

1966 1457 2080 1512 dito
2119 1458 2255 1512 calle
2293 1465 2693 1528 praatergressm
2720 1494 2736 1521 ,
2796 1467 2918 1523 quae
2969 1451 3436 1519 circumtorquent
3481 1454 3537 1501 et

1966 1551 2126 1623 quasi
2174 1550 2453 1605 maleficiis
2486 1547 2866 1605 contaminant
2916 1546 3193 1612 animam;
3237 1557 3537 1613 conseque-

1967 1641 2097 1695 mini
2123 1642 2267 1697 enim
2295 1656 2417 1711 quae
2447 1639 2601 1695 vobis
2623 1639 2894 1710 promissa
2923 1643 3073 1693 sunt.

2026 1752 2154 1807 ch
2171 1769 2262 1821 per
2283 1769 2401 1807 eum
2425 1753 2514 1823 qui
2531 1758 2788 1806 monstrat
2816 1752 2916 1805 iter
2941 1749 3087 1810 mihi.
3107 1748 3258 1818 jura,
3279 1747 3491 1802 salutis.

1968 1844 2119 1900 Hanc
2151 1846 2247 1899 tibi
2278 1844 2574 1915 prophetiis
2612 1851 2813 1898 textam
2867 1857 3127 1897 coronam
3149 1882 3165 1907 ,
3196 1856 3262 1896 ex
3294 1840 3531 1910 prophe—

1970 1937 2095 1992 ticis
2143 1937 2429 1992 collectam
2481 1936 2684 2007 pratis,
2715 1950 2748 1990 ο
2778 1934 2960 1999 Arete,
2994 1940 3048 1989 et
3075 1947 3176 2004 ego
3205 1947 3236 1986 a
3267 1946 3355 1987 me
3395 1945 3529 1986 con-

1967 2028 2243 2084 cinnatam
2273 2025 2464 2082 oﬂ'ero.

2041 2118 2141 2175 Ubi
2172 2120 2252 2175 sic
2280 2118 2485 2189 optime
2512 2116 2722 2187 Agatba
2768 2123 3124 2187 perorasset,
3180 2124 3237 2171 et
3278 2128 3535 2184 magnam

1964 2211 2205 2268 universi
2253 2226 2548 2266 consessus
2594 2209 2806 2264 laudem
2843 2209 3077 2264 tulisset.
3127 2208 3286 2262 Arete
3336 2205 3539 2260 Procil-

1964 2303 2069 2357 lam
2097 2302 2266 2371 jussit
2286 2302 2486 2357 dicere.
2517 2298 2612 2353 Illa
2639 2315 2771 2355 vero
2800 2313 3062 2369 surgens,
3097 2306 3150 2353 et
3171 2281 3305 2352 'ante
3332 2294 3535 2352 ostium

1964 2391 2300 2449 tabernaculi
2335 2403 2643 2462 progressa,
2680 2389 2735 2444 in
2764 2389 2913 2444 hunc
2942 2388 3161 2444 modum
3183 2388 3365 2443 locuta
3390 2393 3497 2441 est.

2361 2713 2817 2813 ORATIO
2909 2715 3132 2811 VII.

2561 2864 2897 2922 PROCILLA
2909 2904 2922 2917 .

295 2989 428 3046 Car.
458 2987 497 3045 1.
531 2989 761 3058 Quinam
791 3008 940 3063 verus
965 3009 1027 3046 ac
1053 2994 1225 3063 gravis
1267 2991 1527 3063 laudandi
1561 2992 1766 3049 modus.
1804 2992 1968 3049 Pater
2006 2992 2181 3061 major
2210 2988 2353 3045 Filio
2396 2986 2736 3063 auctoritate.
2759 2984 3024 3054 principii,
3047 2999 3151 3039 non
3196 2980 3525 3036 substantitc.

829 3054 1136 3133 Virginitas,
1165 3062 1362 3119 hlium.
1395 3062 1604 3119 Fideles
1630 3065 1826 3119 animi:
1853 3082 1916 3120 ac
1938 3054 2183 3136 virgines,
2216 3078 2322 3114 una
2349 3060 2504 3113 unius
2538 3054 2736 3112 Christi
2761 3071 2973 3125 sponsa.

378 3168 953 3242 ’Δπορῤᾳθυμεῖνλκαὶ
988 3172 1125 3245 μετὰ
1153 3172 1435 3238 τοσούτους
1465 3173 1526 3227 οὗ
1560 3172 1716 3244 θέμις
1764 3191 1851 3244 μοι

2022 3170 2285 3227 Cunctari
2319 3185 2408 3224 me
2434 3174 2488 3223 et
2516 3166 2587 3222 ad
2617 3165 2908 3222 dicendum
2958 3162 3167 3235 pigram
3217 3176 3370 3226 esse,
3403 3165 3531 3231 post

292 3260 504 3329 λόγους,
539 3256 584 3314 ὦ
627 3263 836 3334 Ἀρετὴ,
870 3264 1294 3336 άναμφισὸήτως
1338 3266 1760 3318 πεπιστευκυϊαν
1790 3267 1857 3337 τῇ

291 3351 659 3424 πολυποικίλῳ
706 3354 868 3426 σοφίᾳ
895 3354 986 3408 τοῦ
1019 3354 1175 3420 Θεοῦ,
1206 3355 1476 3419 πλουσίως
1499 3354 1698 3428 ἐχούσῃ
1723 3354 1861 3408 διδό-

290 3459 377 3496 ναι
411 3443 506 3497 καὶ
529 3443 819 3516 διαφόρως,
852 3446 958 3516 ὅτῳ
992 3444 1254 3516 βούλεται.
1292 3448 1309 3467 '
1343 3446 1453 3501 Καὶ
1479 3445 1586 3518 γὰρ
1618 3445 1863 3515 πελάγιοι

288 3534 576 3608 πλωτῆρές
605 3553 756 3606 φασι,
784 3536 1043 3608 φέρεσθαι
1076 3539 1175 3610 μὲν
1199 3540 1310 3603 τοῖς
1341 3540 1772 3612 ναυτιλλομένοις
1799 3540 1862 3593 τὸ

287 3624 421 3678 αὐτὸ
453 3625 674 3697 πνεῦμα
696 3644 709 3657 ·
747 3627 937 3693 ἄλλους
977 3629 1033 3682 δὲ
1060 3629 1130 3683 τὰ
1162 3628 1290 3699 περὶ
1318 3628 1410 3682 τὸν
1440 3629 1608 3683 πλοῦν
1639 3629 1863 3693 ἀλλοίως

287 3716 471 3771 αὐτῶν
502 3717 1063 3790 μεταχειριζομένους,
1098 3720 1197 3773 οὐκ
1239 3722 1318 3783 είς
1360 3720 1458 3789 τὴν
1488 3722 1655 3792 αὐτὴν
1688 3724 1864 3792 είσορ-

290 3806 558 3879 μίσασθαι
590 3808 854 3863 σπεύδειν.
879 3805 973 3873 οἷς
1003 3810 1101 3881 μὲν
1117 3810 1223 3881 γὰρ
1243 3810 1304 3864 τὸ
1328 3810 1541 3882 πνεῦμα
1560 3812 1703 3865 κατὰ
1722 3811 1861 3883 πρύ-

288 3913 430 3969 μναν
482 3894 667 3968 οὔριον
705 3896 948 3951 ἵσταταιο
980 3900 1104 3962 τοὺς
1137 3899 1194 3952 δὲ
1222 3900 1317 3952 καὶ
1346 3900 1404 3966 ἐξ
1434 3900 1738 3971 ἐγκαρσίων
1766 3901 1863 3969 φέ-

289 4007 393 4064 ρει,
418 3989 511 4044 καὶ
533 3990 684 4061 ὅμως
710 3989 1027 4062 ἑκατέροιςὸ
1046 3990 1207 4055 πλοῦς
1229 3991 1447 4045 ἀνύεται
1472 3994 1687 4063 ῥᾷστα)
1702 3991 1863 4063 Ἀτάρ

284 4080 349 4152 δὴ
398 4082 495 4134 καὶ
540 4080 603 4133 τὸ
650 4081 749 4151 τῆς
780 4082 970 4151 σοφίας
1000 4081 1182 4154 νοερὸν
1212 4081 1437 4153 Πνεῦμα
1468 4082 1563 4137 καὶ
1588 4081 1741 4151 ἅγιον
1769 4081 1864 4135 καὶ

288 4173 576 4244 μονογενὲς
605 4171 717 4244 (92)
750 4172 857 4226 ἀπὸ
883 4173 991 4226 τῶν
1022 4173 1290 4246 πατρῴων
1316 4173 1521 4229 ἄνωθεν
1551 4173 1741 4246 πράως
1769 4190 1868 4228 κα-

359 4332 404 4365 ³¹
442 4333 609 4405 Apoc.
642 4305 739 4402 vn,
773 4333 827 4389 4.

1966 3271 2047 3319 tot
2072 3263 2234 3318 etiam
2272 3268 2563 3329 tantosque
2595 3272 2900 3323 sermones,
2930 3254 3106 3316 nefas,
3140 3269 3174 3308 ο
3198 3251 3382 3315 Arete,
3423 3254 3533 3318 sit;

1966 3370 2087 3428 quae
2118 3354 2371 3410 videlicet
2401 3349 2725 3406 multiformi
2767 3347 2863 3403 Dei
2893 3345 3159 3416 sapientia
3219 3342 3537 3397 indubitan-

1969 3455 2051 3500 ter
2072 3444 2191 3508 flsa,
2221 3443 2343 3512 ejus
2382 3439 2624 3496 noverim
2658 3444 2846 3500 nutus,
2872 3443 2932 3490 ut
2962 3434 3240 3489 afﬂuenter
3274 3433 3535 3502 varieque

1967 3538 2127 3592 donis
2151 3534 2405 3589 munifica
2432 3531 2659 3593 tribuat,
2685 3529 2773 3585 cui
2808 3528 3048 3583 libuerit.
3075 3526 3243 3580 Aiunt
3267 3524 3412 3580 enim
3454 3523 3535 3578 rei

1968 3625 2202 3681 nautica:
2251 3620 2641 3692 experientiam
2698 3619 2981 3681 habentes,
3018 3616 3265 3685 aspirare
3317 3613 3535 3684 quidem

1964 3714 2350 3787 navigantibus
2394 3727 2560 3766 unum
2611 3709 2973 3778 eumdemque
3016 3715 3278 3763 ventum:
3341 3706 3537 3760 horum

1964 3817 2146 3863 tamen
2173 3807 2309 3862 alios
2335 3805 2493 3859 aliter
2516 3800 2915 3873 navigationem
2940 3814 3095 3856 suam
3121 3798 3535 3870 regentes,alios

1965 3899 2030 3953 ad
2059 3906 2249 3968 portus
2273 3909 2511 3965 orasque
2543 3895 2649 3949 iter
2685 3891 3038 3947 contendere.
3084 3889 3294 3961 Nempe
3350 3888 3472 3944 aliis
3504 3903 3537 3942 ιι

1964 3989 2131 4062 puppi
2168 3988 2348 4044 ferens
2365 3987 2420 4041 in
2433 3985 2699 4041 directum
2720 3983 2861 4038 atilat
2884 3999 3016 4038 aura
3038 4002 3052 4050 ;
3082 3984 3203 4037 aliis
3220 3997 3347 4037 vero
3368 3981 3535 4036 etiam

1964 4081 2245 4151 obliquata
2292 4078 2534 4149 implevit
2566 4076 2685 4131 vela
2709 4115 2724 4140 ,
2763 4090 2828 4129 ac
2866 4084 3048 4131 tamen
3077 4074 3355 4144 utrisque,
3413 4070 3534 4141 ejus

1972 4185 2219 4238 munere,
2252 4169 2419 4227 facile
2430 4169 2703 4240 navigatio
2737 4166 3000 4223 succedit.
3023 4165 3143 4234 Quo
3162 4167 3411 4237 exemplo
3428 4178 3531 4218 uo-

283 4475 460 4531 active
487 4474 696 4529 dicitur
726 4473 794 4529 de
839 4472 928 4543 bis
973 4486 1094 4543 qua:
1145 4468 1237 4543 ita,
1265 4469 1421 4539 quasi
1466 4468 1751 4525 subeundo
1776 4468 1861 4543 vel
1891 4475 1939 4535 υ
1965 4467 2060 4523 tha
2088 4468 2284 4543 offerre
2302 4485 2360 4526 se
2379 4470 2471 4539 bic
2486 4471 2804 4543 prophetica
2829 4470 2982 4537 dicit,
3008 4485 3104 4526 sua
3131 4471 3397 4543 oratione.
3421 4485 3537 4526 non

283 4557 484 4602 terram
518 4546 602 4599 vel
644 4544 775 4614 quid
824 4540 1121 4614 ejusmodi,
1158 4540 1304 4614 velut
1336 4554 1659 4595 evanescere
1686 4547 1745 4614 et
1775 4540 1859 4614 in-

282 4619 467 4678 terire,
497 4615 582 4668 vel
612 4610 762 4669 certe
785 4610 957 4667 oculis
986 4610 1220 4667 subduci
1253 4625 1360 4665 non
1378 4618 1635 4679 possunt;
1668 4611 1751 4665 vel
1774 4611 1859 4665 lu-

282 4687 454 4748 mina,
487 4683 571 4739 vel
604 4683 904 4751 sidera,vel
937 4682 1229 4751 homines:
1262 4680 1489 4735 alterum
1526 4681 1760 4751 passive,
1792 4681 1860 4735 de

283 4757 371 4811 luis
400 4769 521 4825 quae
553 4752 774 4823 pervadi
796 4750 902 4805 aut
930 4750 1201 4825 penetrari
1245 4764 1357 4805 non
1402 4750 1654 4825 possunt,
1689 4757 1742 4805 et
1779 4752 1859 4825 ita

281 4819 568 4881 inaccessa
612 4832 759 4884 sunt,
814 4830 874 4875 ut
914 4819 1211 4890 penetralia
1254 4835 1319 4875 ac
1363 4819 1545 4893 templi
1592 4819 1859 4877 sacratior

281 4898 459 4951 locus.
491 4893 778 4947 Counsris.

354 4966 468 5035 (90)
498 4964 762 5030 Κούφως.
791 4960 978 5035 Editor
997 4960 1223 5035 Lupar.,
1252 4959 1400 5035 nulla
1437 4960 1683 5016 codicum
1725 4960 1850 5023 fide,

280 5029 538 5103 Κούφως,
585 5029 679 5095 ait,
725 5030 862 5103 quod
888 5029 1201 5103 Alegebatur,
1253 5029 1459 5103 ridetur
1496 5047 1592 5100 per
1623 5046 1854 5103 errorem

281 5099 485 5174 factum
532 5116 598 5154 ea:
630 5099 844 5174 κωφῶς.
882 5099 1079 5174 Sicque
1120 5101 1341 5174 inti-usit
1369 5101 1422 5174 in
1464 5102 1851 5174 textum,_r_ed-

280 5169 491 5244 ttitque,
520 5172 683 5244 surda
713 5187 858 5233 aure,
895 5169 1050 5242 quasi
1082 5172 1340 5244 respiciat
1368 5169 1669 5244 ﬂetliodius
1701 5169 1853 5244 Sire-

278 5239 411 5299 num
443 5242 767 5305 cantilenas,
796 5239 1024 5313 quarum
1057 5256 1116 5313 se
1138 5239 1650 5313 periculoUlysses,
1681 5240 1850 5295 surda

280 5314 559 5369 transiens
602 5326 755 5370 aure,
802 5311 1109 5366 liberaverit
1141 5311 1155 5366 Ξ
1188 5327 1296 5365 non
1348 5311 1470 5364 vitae
1520 5311 1849 5379 voluptates,

278 5400 417 5455 quas
447 5383 591 5455 velut
628 5381 1001 5455 laqueos,___aut
1033 5381 1235 5455 gluten,
1279 5395 1373 5435 seu
1399 5379 1580 5455 etiam
1612 5395 1854 5455 cocnu_m,

279 5448 360 5509 vel
393 5454 588 5523 quavis
620 5448 724 5503 alia
759 5451 927 5523 simili
950 5448 1285 5523 metaphora,
1319 5450 1443 5520 quis
1475 5449 1694 5523 κούφως
1720 5448 1855 5523 οίῐυτ

278 5519 424 5595 εἰει(
441 5523 545 5595 levi
576 5531 627 5576 et
670 5520 907 5595 expedito
935 5519 1090 5595 calle,
1120 5521 1317 5585 volatu,
1340 5519 1526 5595 cursu,
1558 5534 1622 5573 ac
1653 5521 1698 5574 si
1723 5520 1850 5595 quid

281 5589 549 5660 Ejusmodi
584 5607 685 5645 vox
735 5592 822 5644 illa
856 5591 1002 5644 nulla
1038 5589 1087 5660 vi
1131 5598 1309 5660 potest
1351 5590 1540 5656 reddi;
1586 5605 1688 5645 nec
1736 5592 1855 5645 sine

279 5664 527 5734 exemplo
556 5663 609 5734 in
638 5660 941 5734 Scriptura,
974 5659 1146 5729 cujus
1172 5661 1346 5730 magis
1374 5662 1854 5734 voccs_atteudunt

279 5730 470 5791 Patres
503 5741 556 5790 et
585 5733 871 5789 imitantur
907 5745 1070 5803 quam
1102 5737 1383 5802 poetarum
1414 5749 1427 5785 :
1458 5730 1601 5787 unde
1628 5739 1683 5788 et
1711 5730 1853 5802 Aga-

1963 4541 2195 4610 poetica.
2225 4540 2565 4597 Continen‘da
2589 4540 2728 4612 "ergo
2758 4557 2971 4603 manus,
3011 4556 3112 4612 nec
3144 4541 3224 4612 sic
3254 4540 3411 4595 facile
3433 4557 3532 4595 ve-

1962 4619 2135 4682 terum
2167 4613 2537 4668 monumentis
2568 4610 2801 4682 quodam
2832 4612 3010 4681 plagio
3047 4610 3407 4682 immittenda,
3437 4612 3535 4665 ubi

1962 4680 2169 4734 nullum
2191 4692 2545 4743 momentum,
2583 4680 2676 4738 sed
2720 4680 2855 4737 levis
2879 4680 3061 4736 minus
3088 4680 3311 4736 erudita:
3334 4682 3540 4737 mentis

1963 4750 2100 4805 ludit
2138 4751 2474 4820 conjectura.
2516 4751 2631 4806 Meo
2664 4758 2846 4806 tamen
2896 4751 3157 4821 periculo,
3204 4749 3349 4821 quod
3393 4752 3534 4806 scri-

1963 4828 2135 4891 ptum,
2161 4818 2473 4893 ίσηγόρησε,
2501 4822 2658 4893 plane
2679 4818 2913 4893 barbara
2929 4837 3058 4876 voce
3082 4836 3145 4893 ac
3170 4818 3302 4875 niﬁil
3319 4819 3529 4885 Grazca,

1964 4890 2303 4953 mutandum,
2322 4890 2731 4964 ἐδημηγόρησε.
2760 4890 2965 4964 Nempe
2982 4891 3195 4964 laudata
3218 4893 3425 4963 Agatha
3446 4908 3531 4948 ess

1960 4974 1991 5013 a
2023 4969 2136 5032 toto
2164 4962 2448 5032 consessu,
2498 4962 2596 5030 pro
2633 4962 2898 5017 eoncione
2925 4963 3006 5016 sic
3043 4962 3285 5031 graviter
3310 4977 3520 5032 presse-

1956 5045 2062 5106 que
2088 5030 2305 5106 habita;
2337 5032 2485 5106 nulla
2519 5047 2641 5086 cum
2688 5030 3065 5106 superioribus
3076 5030 3526 5106 Acomparatione,

1956 5101 2049 5154 sed
2089 5101 2294 5176 judicio
2342 5102 2409 5176 in
2443 5100 2602 5157 ﬁnem
2650 5100 2836 5176 usque
2863 5104 3041 5159 Areus
3072 5100 3429 5176 βραὸἑυούσῃ,
3462 5117 3531 5157 ac

1952 5170 2267 5224 certaminis
2296 5172 2534 5234 arbitrae,
2561 5170 2793 5226 servato.
2817 5173 2893 5226 lo.

2024 5238 2134 5378 (9η
2180 5240 2551 5310 Ἰσηγόρησε.
2603 5241 3029 5315 Ἐδημηγόρησε.
3062 5243 3139 5299 In.

2024 5308 2115 5371 (92
2164 5311 2271 5363 Καὶ
2299 5310 2640 5378 μονογενὲς.
2677 5310 2936 5378 Suspecta
2972 5313 3139 5369 Leoni

2024 5308 2134 5390 (93.)
2299 5308 2640 5390 μοφςογςνές.
2664 5308 2945 5390 “Suspecta
2972 5313 3365 5390 Leoni-_All_a_tio
3394 5327 3524 5381 vox,

1954 5380 2112 5450 quasi
2140 5379 2210 5433 ab
2231 5379 2722 5436 ArianisMethoclii
2747 5379 2873 5437 huic
2890 5384 3256 5439 lucubrationi
3281 5379 3520 5439 inserta:

1953 5449 2086 5522 mihi
2112 5450 2178 5522 ab
2205 5452 2322 5519 ipso
2357 5451 2630 5507 Methodio
2652 5468 2717 5506 ex
2740 5452 2868 5522 Sap.
2892 5470 2988 5518 vn,
3018 5453 3107 5518 23,
3133 5464 3388 5522 accepta;
3421 5469 3524 5508 nec

1951 5521 2133 5593 minus
2150 5521 2212 5593 in
2239 5535 2303 5593 eo
2322 5536 2483 5593 quam
2510 5522 2563 5576 in
2590 5523 2708 5593 ipso
2732 5521 2892 5577 sacro
2917 5532 3067 5593 t_extu
3097 5539 3227 5593 sana
3251 5521 3522 5593 etenim-

1951 5589 2113 5644 doxa.
2150 5587 2679 5648 Verba'Salomonis
2709 5599 2837 5647 sunt
2875 5587 3172 5661 .Estrem'm
3197 5592 3249 5661 in
3275 5590 3370 5645 illa
3392 5592 3522 5661 (Sa-

1949 5661 2177 5734 pientia,
2233 5677 2355 5732 qua:
2400 5671 2485 5734 est
2514 5663 2777 5734 pluuium
2827 5659 3303 5734 artifex)_ﬂvs~3p.a
3336 5659 3525 5734 νοερὸν

1949 5730 2123 5802 ἅγιον,
2161 5730 2466 5805 μονογενὲς,
2502 5731 2732 5802 Spiritus
2757 5730 3117 5799 intelligentia:
3137 5738 3374 5797 sanctus,
3402 5730 3528 5787 uni-
