4056 6302
535 331 635 387 12")
1520 336 1577 393 S.
1623 337 1955 398 METHODII
1995 341 2305 400 EPISCOPI
2346 341 2434 396 ET
2478 339 2838 396 MARTYRIS
3665 338 3799 394 εει

526 452 613 507 bis
637 468 857 523 quoque
903 456 1218 526 intelligens,
1253 465 1573 529 sanctusque
1602 469 1651 513 et
1679 461 1865 515 unicus
1895 464 2083 531 sapient

2200 462 2564 531 ταπνεόμενον
2596 457 2904 531 θησαυρῶν,
2933 457 3135 521 πάσαις
3178 457 3311 528 ἡμῖν
3362 453 3586 527 λιγυρὸν
3612 449 3805 527 οὖρον

526 545 619 597 τίω
647 543 879 613 Spiritus
914 547 979 609 θ’,
1012 562 1043 600 a
1074 548 1318 617 paternis
1348 566 1585 619 superne
1622 551 1818 607 leniter
1846 554 2083 623 aspirans

2203 553 2436 608 πνεῦσαν
2480 549 2770 621 γνώσεως,
2828 550 3122 623 ἐπαρκέσει
3169 550 3262 602 τὸν
3302 548 3500 619 δρόμον
3548 547 3804 608 ἀλύπως

526 636 804 692 thesauris
854 638 1009 693 nobis
1033 640 1289 695 omnibus
1343 656 1509 696 suave
1539 642 1847 699 sibilantem
1905 660 2083 699 secun-

2201 644 2501 700 ἀπευθῦναι
2526 644 2633 697 τῶν
2663 643 2853 712 λόγων.
2872 642 3024 713 Ἐμοὶ
3051 641 3159 713 γὰρ
3190 639 3381 711 καιρὸς
3401 639 3502 711 ήδη
3530 638 3747 706 λέγειν.

524 731 652 783 dam
699 729 900 785 afﬂabit
951 732 1194 788 scientia:
1246 749 1457 799 auram,
1490 751 1609 806 quae
1641 737 1928 807 dirigendo
1965 739 2086 793 sine
2134 738 2343 794 offensa
2396 752 2459 792 ac
2504 737 2758 792 molestia
2801 735 3109 790 orationum
3159 746 3357 788 cursus
3387 769 3404 797 ,
3458 730 3797 785 dicentibus

526 822 742 877 abunde
784 823 1035 881 suﬂiciat.
1087 827 1215 882 Mihi
1260 845 1425 899 porro
1465 830 1578 900 jam
1630 832 1822 887 incidit
1870 832 2086 889 dicendi
2118 843 2353 905 tempus.

598 916 750 974 Unus
774 920 821 975 is
847 920 1066 976 demum
1096 938 1257 981 verus
1286 940 1351 978 ac
1379 927 1561 997 gravis
1586 927 1845 983 laudandi
1875 930 2088 994 modus,

525 1023 559 1063 ο
576 1009 835 1079 virgines,
864 1019 968 1079 est,
1000 1014 1213 1083 quando
1240 1015 1470 1073 laudans
1491 1026 1547 1072 et
1573 1034 1633 1073 re
1658 1034 1779 1089 quae
1821 1020 2089 1089 laudatur,

524 1107 580 1155 et
609 1103 822 1158 caeteris
854 1119 974 1173 qua:
1011 1105 1319 1172 laudantur,
1352 1108 1606 1164 omnibus
1639 1110 1796 1180 longe
1829 1118 2093 1181 praestan-

521 1194 713 1251 tiorem
743 1210 855 1251 sua:
883 1196 1211 1253 laudationis
1238 1207 1433 1255 testem
1461 1199 1702 1257 adhibet.
1753 1201 1880 1259 Inde
1922 1202 2094 1273 siqui-

521 1286 643 1343 dem
673 1287 821 1343 clare
850 1289 1152 1360 intelligere
1182 1289 1330 1353 licet,
1362 1291 1618 1361 nequead
1635 1292 1886 1363 gratiam,
1916 1308 2093 1363 neque

520 1392 587 1432 ex
621 1378 969 1442 necessitate,
996 1397 1173 1452 neque
1197 1382 1352 1451 juxta
1386 1382 1650 1438 incertam
1682 1385 1826 1454 vulgi
1878 1386 2093 1455 opinio-

519 1486 666 1536 nem,
705 1472 1073 1529 laudationem
1105 1476 1462 1545 compositam
1498 1492 1655 1532 esse:
1710 1477 1806 1533 sed
1839 1487 2090 1533 exactum

502 1566 590 1618 .ad
622 1566 908 1621 veritatem
940 1567 1238 1632 continere,
1271 1584 1373 1623 nec
1399 1570 1506 1623 ulla
1532 1569 1864 1627 adulationis
1914 1572 2096 1642 suSpi-

520 1656 681 1711 cione
711 1656 966 1714 laborans
1002 1660 1290 1729 judicium.
1326 1660 1539 1716 Etenim
1566 1662 1659 1733 qui
1687 1662 1754 1718 de
1785 1661 1925 1718 Filio
1972 1662 2089 1729 Dei,

518 1745 631 1814 jam
657 1754 771 1802 tum
795 1757 922 1805 ante
952 1750 1149 1805 saecula
1176 1751 1489 1817 exsistente,
1510 1754 1721 1823 plenius
1736 1769 1800 1809 ac
1826 1753 2084 1810 disertius

522 1840 800 1908 prophetae
845 1842 1184 1913 apostolique
1212 1843 1584 1914 disputarunt,
1616 1861 1679 1901 ac
1704 1863 1813 1917 pra:
1863 1848 2089 1918 reliquis

523 1933 849 1989 mortalibus
884 1935 1001 2003 ejus
1045 1945 1346 1992 assertores
1381 1947 1542 2009 atque
1560 1955 1840 2011 praecones
1867 1939 2089 1998 deitatis

521 2022 762 2089 fuerunt,
794 2042 901 2081 non
933 2027 1118 2098 utique
1167 2031 1388 2095 angelos
1418 2039 1690 2097 auctores,
1737 2048 1926 2087 earum
1951 2050 2089 2102 quas

520 2112 598 2169 illi
623 2117 950 2184 tribuebant,
983 2119 1203 2175 laudum
1227 2121 1553 2194 allegarunt,
1587 2122 1686 2180 sed
1718 2122 1873 2180 illum
1908 2125 2087 2196 ipsum

620 2270 664 2305 ³³
703 2271 831 2343 Sap.
867 2286 964 2340 vn,
998 2274 1069 2330 22
1100 2294 1115 2311 ο

512 2428 625 2477 cus,
650 2423 761 2488 etc:
788 2413 881 2469 Sic
904 2413 1087 2485 Vulg.,
1118 2416 1212 2488 qui
1243 2416 1381 2488 forte
1410 2416 1666 2472 Allatium
1703 2416 1912 2480 fefellit,
1955 2432 2080 2472 eum

512 2499 679 2558 voces
723 2485 925 2558 Graecae
966 2488 1075 2540 sint
1116 2485 1247 2556 ipsae
1290 2487 1577 2555 Melhodii;
1628 2488 1913 2558 redditque
1942 2488 2081 2558 ipse,

515 2552 747 2628 Spiritus
792 2557 1064 2628 sapientia;
1095 2552 1471 2613 intellectualis
1503 2552 1798 2612 et'sanctus
1825 2552 1878 2613 et
1904 2552 2085 2628 unige-

512 2625 677 2699 nitus,
703 2633 832 2699 elc_.,
853 2642 918 2680 ac
948 2627 1015 2681 de
1042 2627 1277 2697 Spiritus
1304 2630 1421 2698 ipsa
1456 2643 1688 2699 persona
1716 2630 1947 2699 accepit,
1982 2625 2087 2684 etsi

512 2695 648 2776 nihil
680 2695 1127 2776 cogit,_ut_magis
1152 2699 1219 2776 de
1248 2695 1473 2776 Spiritu,
1500 2714 1662 2776 quam
1691 2695 1920 2776 dehFilio
1941 2700 2087 2753 acci-

511 2767 751 2872 giaomus.
784 2768 865 2849 vel
894 2767 1064 2821 etiam
1089 2769 1155 2823 de
1184 2767 1349 2823 Dono.
1381 2767 1531 2835 Quod
1556 2769 1701 2825 enim
1735 2768 1938 2825 dicitur
1963 2785 2086 2826 esse

517 2866 525 2872 .
560 2846 752 2872 nis-nuc
802 2854 853 2872 ιη
906 2837 1177 2872 Quninnlin
1232 2840 1570 2872 υοΑΛ;.Ιὶιι-ηη
1614 2840 1914 2872 λιοίιιιηλῖιιβ
1985 2857 2079 2872 ροι-

517 2835 854 2910 Spiritus‘in
900 2837 1180 2910 Sapientia
1231 2840 1570 2910 reddiditque
1611 2840 1938 2903 Methodius,
1985 2857 2082 2896 seu

511 2905 822 2984 explicavit,
863 2909 923 2962 τὸ
950 2905 1048 2980 τῆς
1073 2911 1271 2984 Σοφίας
1303 2905 1544 2984 Πνεῦμα
1566 2911 1711 2981 (quae
1744 2927 1849 2984 una
1883 2910 2084 2984 illive-

513 2980 925 3052 rietasasacro
956 2987 1126 3052 textu,
1165 2980 1472 3050 mirumque
1503 2982 1547 3036 si
1578 2980 1745 3052 quem
1781 2981 1872 3035 illa
1906 2980 2078 3036 oﬂ'en-

513 3043 630 3121 dat)
672 3043 1261 3121 Spiritumkt‘Japientiw,
1294 3043 1400 3105 rite
1444 3043 1752 3121 expoliatur
1792 3052 1860 3107 de
1903 3052 2075 3114 Dono,

513 3115 671 3205 cujus
701 3128 894 3205 auctor
924 3115 1222 3205 Sapientia,
1253 3131 1305 3204 et
1346 3138 1466 3205 quae
1506 3115 1643 3205 ipsa,
1694 3124 1871 3205 ipsum
1918 3139 2077 3205 suum
2108 3144 2151 3205 ρ

513 3183 725 3266 Donum
746 3183 1013 3266 dicatur,-
1040 3200 1097 3266 ut
1145 3183 1412 3266 contingit
1446 3193 1499 3245 in
1528 3183 1656 3249 aliis
1690 3183 2078 3266 attributis,_i_n

510 3256 712 3325 quibus
744 3256 882 3314 Deus
911 3276 976 3315 ex
1003 3261 1194 3316 effectu
1229 3256 1478 3317 noscitur
1508 3271 1563 3317 et
1602 3264 1937 3317 nominatur.
1990 3263 2081 3317 Di-

510 3330 666 3404 citur_
704 3344 832 3404 vero
878 3332 926 3384 is
970 3331 1204 3401 Spiritus
1254 3334 1560 3404 μονογενὲς,
1609 3334 1661 3388 id
1703 3342 1787 3388 est
1829 3335 2076 3403 unigena,

510 3399 668 3477 quasi
694 3401 855 3456 unius
885 3399 1135 3477 rationis.
1164 3399 1376 3477 sibique
1400 3399 1515 3473 ipse
1547 3399 2081 3477 similisetconsené

509 3473 674 3545 tiens,
711 3486 815 3524 non
849 3473 1025 3545 qualis
1055 3475 1240 3528 mundi
1277 3473 1628 3545 spiritusaut
1658 3474 1882 3537 diaboli,
1912 3476 2078 3545 spiri-

509 3538 985 3611 tusdissensionis
1019 3561 1032 3597 :
1063 3545 1288 3611 proinde
1309 3538 1456 3600 bene
1491 3543 1687 3600 Unicus
1712 3545 1895 3600 dictus
1924 3538 1958 3600 ti
1986 3561 2079 3601 ve-

508 3609 620 3687 teri
654 3610 967 3687 interprete.
991 3609 1164 3687 Aliter
1191 3616 1371 3687 dictus
1399 3615 1594 3670 Joanni
1632 3632 1670 3680 l,
1705 3615 1791 3682 18,
1833 3617 1892 3671 Ὀ
1923 3634 2081 3687 μονο-

511 3628 611 3661 teri
654 3628 791 3664 Illter
835 3628 967 3668 rete.
991 3628 1164 3669 Alllel'
1191 3628 1371 3671 dictus
1399 3628 1594 3670 Joannl
1632 3632 1670 3680 l,
1705 3628 1791 3682 ιδ,
1834 3628 1892 3671 'U
1923 3634 2080 3687 μονο-

507 3684 670 3755 γενὴς
717 3628 860 3747 rei},
910 3685 1135 3753 unigena
1184 3686 1380 3751 Filius,
1434 3687 1525 3742 ubi
1560 3704 1662 3742 vox
1703 3687 1819 3756 ipsa
1858 3688 1988 3755 Υἱὸς
2019 3688 2080 3741 τὸ

505 3756 841 3829 μονογενής
868 3756 1122 3825 appellat.
1148 3765 1210 3809 ut
1258 3758 1558 3829 loquuntur
1584 3758 1878 3823 dialectici,
1910 3759 1964 3829 hi
1993 3767 2080 3812 est

508 3826 831 3901 determinat
860 3850 872 3883 :
901 3839 958 3883 ut
986 3843 1085 3901 pro
1106 3844 1234 3885 vera
1253 3826 1602 3901 generatione
1624 3836 1750 3890 stet,
1777 3843 1883 3896 qua
1910 3826 2078 3901 Filius

508 3898 662 3953 solus
694 3913 724 3951 a
753 3900 871 3953 solo
900 3898 1198 3961 est‘Patre,
1231 3898 1357 3956 vere
1381 3916 1446 3954 ex
1472 3901 1566 3953 illo
1587 3908 1770 3957 natus,
1798 3914 1904 3952 non
1935 3899 2081 3952 arbi—

507 3969 675 4038 traria
703 3969 810 4022 nlla
838 3969 1121 4025 eﬂ‘cctione
1165 3971 1364 4033 editus,
1407 3971 1550 4025 sicut
1577 3979 1660 4023 est
1690 3967 1926 4032 Donum,
1962 3968 2079 4038 ipsa

510 4033 787 4111 Sapientia
808 4054 969 4111 quam
994 4040 1182 4111 ell'udit
1206 4057 1368 4111 super
1388 4056 1553 4108 opera
1577 4040 1757 4111 omnia
1783 4054 1903 4111 sua,
1926 4033 2082 4111 ejus-

507 4121 615 4175 que
643 4107 832 4180 ipsius
859 4108 1117 4180 Spiritus,
1160 4107 1286 4180 ipsa'
1310 4107 1663 4180 nihilominus
1692 4107 1977 4180 Sapientia
1995 4111 2081 4162 in-

508 4177 815 4251 transitive,
848 4194 877 4232 a
910 4177 1462 4248 Sapientia'nianans.
1488 4177 1841 4251 Patre,gl“ilio
1870 4193 1923 4233 et
1954 4178 2080 4251 Spi-

508 4246 619 4320 [ittl
666 4259 888 4320 salicto,
937 4246 1027 4318 qui
1078 4265 1185 4303 una
1232 4251 1538 4319 Sapientia.
1588 4249 1688 4305 etsi
1736 4246 2082 4320 appropriate

508 4314 682 4389 Filius
713 4314 989 4389 Sapientia
1014 4327 1067 4375 et
1090 4314 1374 4373 dicatur-et
1402 4320 1676 4381 credatur,
1702 4314 1947 4389 ac'c'uju's
1973 4338 2080 4374 πα-

504 4385 675 4462 τριῖλοι
726 4385 1008 4462 θησαυροί,
1058 4392 1264 4459 paterni
1304 4390 1556 4462 thesauri,
1591 4390 1735 4442 unde
1766 4385 2082 4462 Virginibus

2263 924 2359 994 Εἷς
2381 929 2581 1001 τρόπος
2609 927 2812 1000 ἀληθὴς
2845 927 3080 981 ἐπαίνων
3109 916 3261 987 οὗτός
3285 925 3452 985 ἐστιν,
3493 913 3539 973 ὧ
3560 916 3791 990 παρθέ-

2193 1039 2292 1085 νοι,
2329 1022 2422 1076 καὶ
2452 1021 2666 1091 σεμνὸς,
2691 1021 2891 1074 ὁπόταν
2929 1021 2957 1072 ὁ
2984 1015 3222 1071 ἐπαινῶν
3249 1014 3342 1069 τοῦ
3376 1010 3789 1081 ἐπαινουμένου

2194 1112 2287 1165 καὶ⁵
2322 1110 2430 1163 τῶν
2463 1108 2873 1181 ἐπαινουμένων
2921 1106 3175 1185 ἁπάντων
3221 1104 3504 1174 κρείττονα
3549 1100 3791 1173 παρέχῃ

2196 1205 2467 1277 μάρτυρα.
2501 1204 2738 1274 Πάρεστι
2767 1200 2876 1273 γὰρ
2905 1198 3154 1253 ἐντεῦθεν
3186 1196 3376 1269 μαθεῖν
3402 1193 3663 1266 ἀκριϐῶς,
3683 1193 3786 1246 ὅτι

2196 1297 2268 1368 μὴ
2304 1297 2438 1368 πρὸς
2467 1296 2645 1367 χάριν,
2682 1294 2813 1367 μηδὲ
2841 1293 2897 1359 ἐξ
2928 1292 3191 1362 ἀνάγκης,
3222 1288 3355 1361 μηδὲ
3396 1286 3537 1341 κατὰ
3582 1284 3779 1350 δόξαν,

2191 1391 2225 1461 η
2251 1389 2492 1460 εὐφημία
2528 1387 2737 1456 γίνεται
2780 1385 2887 1439 τῶν
2930 1383 3103 1453 λόγων
3127 1423 3141 1447 ,
3180 1381 3314 1435 ἀλλὰ
3340 1379 3480 1433 κατὰ
3510 1376 3784 1448 ἀληθειαν

2192 1482 2284 1535 καὶ
2315 1480 2627 1535 ὰθὼπευτον
2654 1480 2853 1552 κρίσιν.
2883 1477 2992 1531 Καὶ
3018 1477 3127 1548 γὰρ
3152 1478 3199 1529 ot
3226 1472 3591 1545 πληρέστερον
3616 1472 3784 1540 εἰση-

2193 1575 2492 1645 γησάμενοι
2543 1575 2672 1645 περὶ
2716 1570 2809 1626 τοῦ
2861 1570 2992 1624 Υἱοῦ
3043 1568 3133 1623 τοῦ
3182 1565 3316 1621 Θεοῦ
3352 1565 3627 1638 προφῆται
3670 1564 3779 1617 καὶ

2192 1666 2500 1730 ἀπόστολοι,
2528 1665 2623 1719 καὶ
2652 1663 2850 1735 μᾶλλον
2885 1662 3045 1718 αὐτὸν
3070 1659 3176 1715 τῶν
3208 1658 3380 1715 ἄλλων
3407 1657 3779 1727 θεολογήσαν-

2189 1775 2281 1821 τες
2331 1756 2651 1829 ἀνθρώπων,
2684 1756 2785 1809 οὐκ
2829 1756 2910 1820 εἰς
2958 1753 3255 1824 ἀγγελικὴν
3301 1750 3571 1821 ἀνήγαγον
3617 1745 3779 1817 αὒτῷ

2120 1821 2162 1876 Β
2193 1850 2349 1919 ῥῆσιν
2376 1821 2503 1911 τοὺς
2529 1846 2807 1911 ἐπαίνους,
2849 1845 2962 1899 ἀλλ’
2993 1821 3074 1908 at;
3104 1821 3265 1899 αὐτόν
3312 1843 3407 1897 τὸν
3448 1840 3777 1912 ἀνημμένον

2185 1940 2402 1992 πάντων
2431 1938 2492 1991 τὸ
2523 1936 2691 2010 κῦρος
2720 1938 2814 1990 καὶ
2835 1937 2896 1990 τὸ
2917 1931 3285 2007 κράτοςέἾΙν
3319 1932 3428 2004 γὰρ
3456 1931 3775 2003 ὲμπρεπὲς,

2183 2030 2292 2085 τῶν
2330 2029 2584 2083 ἁπάντων
2624 2027 2845 2100 μείζονα
2880 2026 2987 2080 τῶν
3019 2026 3193 2080 ἄλλων
3229 2024 3368 2096 μετὰ
3399 2023 3489 2077 τὸν
3518 2022 3771 2093 Πατέρα,

2189 2125 2332 2197 μόνῳ
2357 2123 2434 2196 τῷ
2462 2124 2656 2178 ἑαυτοῦ
2689 2121 2894 2194 μείζονι
2927 2119 3037 2199 (Q5)
3070 2120 3247 2191 Harp‘r
3279 2116 3585 2192 χρήσασθαι
3620 2115 3777 2186 μάρ-

2181 2418 2235 2472 ἰη
2270 2416 2361 2472 Dei
2398 2416 2538 2472 filios
2566 2418 2971 2488 promovemur)
3000 2433 3121 2487 quae
3151 2422 3329 2481 vocat,
3360 2413 3573 2488 putavit
3595 2429 3766 2488 exor-

2181 2488 2401 2544 nanda?
2429 2490 2520 2542 Sic
2549 2487 2697 2543 Certe
2731 2488 2908 2543 solent
2937 2491 3233 2559 scriptores
3263 2488 3427 2554 sacri,
3451 2487 3576 2541 aliis
3605 2487 3768 2542 aliis-

2184 2576 2290 2630 que
2313 2559 2540 2630 vocibus
2560 2559 2748 2613 eodem
2772 2567 3031 2614 contextu
3050 2559 3297 2614 eamdem
3316 2573 3428 2612 rem
3448 2559 3762 2630 illustrare:

2185 2627 2286 2686 nec
2321 2629 2478 2685 facile
2505 2630 2572 2684 ad
2603 2630 2705 2683 alia
2738 2630 3017 2686 trahenda:
3055 2645 3237 2692 voces,
3285 2628 3502 2699 quando
3545 2627 3638 2680 uni
3681 2630 3771 2683 ei-

2185 2700 2419 2770 demque
2462 2700 2538 2755 rei
2581 2701 2732 2754 nullo
2772 2701 3121 2755 incommodo
3156 2708 3391 2770 possunt
3427 2699 3767 2770 convenire;

2184 2786 2254 2825 ne
2284 2769 2443 2841 quasi
2477 2786 2741 2842 parergon
2777 2772 2906 2842 quid
2954 2773 3101 2841 loqui
3145 2769 3381 2842 Spiritus
3425 2777 3648 2842 sanctus
3705 2769 3764 2822 in

2184 2842 2264 2896 eis
2297 2840 2566 2895 videatur.
2602 2840 2917 2907 Quid-enim
2948 2840 3152 2896 adhoc
3184 2840 3329 2911 quod
3361 2855 3522 2895 omne
3552 2840 3767 2911 donum

2223 2911 2485 2967 erfectum
2521 2911 2588 2966 de
2617 2913 2759 2966 caelo
2797 2920 2902 2974 est,
2938 2912 2992 2966 id
3039 2921 3124 2966 est
3168 2909 3217 2965 a_
3245 2910 3373 2975 Deo,
3418 2926 3540 2965 esse
3588 2909 3766 2961 Deum

2230 2990 2402 3037 atrem
2461 2982 2750 3048 luminum;
2806 2983 2861 3037 id
2900 2990 2985 3037 est
3022 2982 3142 3035 Filii
3177 2990 3231 3037 et
3272 2979 3508 3050 Spiritus
3545 2978 3767 3044 sancti;

2185 3054 2271 3109 vel
2309 3054 2476 3108 etiam
2504 3054 2817 3121 angelorum
2851 3068 2913 3107 ac
2947 3054 3247 3115 hominum,
3288 3049 3380 3106 aut
3417 3052 3651 3120 denique
3685 3049 3768 3103 si-

2185 3123 2408 3189 derum;
2443 3131 2497 3176 et
2527 3138 2636 3176 non
2675 3125 2851 3189 potius
2892 3123 3207 3179 eorumdem
3254 3121 3518 3176 donorum
3551 3128 3604 3174 et
3634 3135 3769 3186 gra-

2181 3196 2405 3253 tiarum.
2448 3190 2722 3263 quomodo
2772 3193 2936 3249 Pater
2981 3193 3466 3263 misericordiarum
3511 3190 3598 3263 (II
3628 3190 3763 3247 Cor.

2181 3282 2219 3327 ι,
2253 3264 2329 3335 '5).
2363 3264 2446 3327 Et,
2470 3262 2515 3317 ό
2543 3265 2600 3317 δὲ
2631 3263 2765 3327 Θεὸς
2803 3266 2984 3335 πάσης
3023 3264 3244 3335 χάριτος
3277 3262 3331 3332 (Ι
3363 3262 3597 3335 Petr.v,
3640 3263 3765 3331 10),

2179 3344 2234 3391 et
2262 3334 2459 3390 similia
2481 3350 2601 3403 quae
2630 3345 2777 3389 certe
2793 3334 2981 3390 eodem
3006 3334 3334 3405 respiciunt;
3368 3350 3469 3389 nec
3501 3334 3767 3389 substan-

2180 3406 2399 3465 tiaruni.
2432 3406 2527 3461 sed
2556 3406 2822 3459 donorum
2871 3421 2935 3459 ac
2965 3405 3379 3467 charismatum,
3419 3420 3515 3459 seu
3555 3405 3767 3472 gratia-

2179 3491 2301 3530 rum
2333 3475 2499 3530 Deum
2529 3484 2807 3530 auctorem
2827 3476 3082 3538 innuunt,
3105 3482 3434 3545 monentque
3454 3473 3610 3545 officii
3629 3489 3764 3544 erga

2180 3547 2356 3618 ipsum
2376 3562 2441 3601 eo
2458 3546 2680 3618 nomine
2695 3555 2747 3618 et
2767 3547 2998 3618 quodab
3017 3544 3455 3618 illogaccepin‘ius.
3468 3544 3763 3618 Comensis.

2254 3618 2365 3684 (93)
2393 3619 2571 3681 Μόνφ
2606 3616 2689 3682 τῷ
2722 3616 2942 3671 ἑαυτοῦ
2976 3615 3218 3687 μείζονι.
3251 3616 3506 3687 Majorem
3536 3616 3764 3687 quidem

2182 3703 2241 3742 se
2292 3687 2507 3741 Patrem
2555 3688 2670 3756 ipse
2714 3687 2966 3743 Christus
3004 3688 3289 3755 profitetur
3328 3686 3486 3741 Joan.
3514 3701 3630 3751 xrv,
3661 3686 3761 3749 28,

2181 3758 2324 3825 quod
2358 3758 2447 3810 alii
2486 3757 2842 3811 humanitatis
2889 3758 3101 3812 ratione
3145 3767 3445 3826 exponunt,
3492 3767 3765 3826 quagerat

2182 3824 2362 3882 iturus
2393 3829 2458 3881 ad
2493 3828 2742 3887 Patrem;
2771 3829 2861 3881 alii
2884 3830 3047 3883 etiam
3081 3824 3319 3888 deita‘tis,
3356 3843 3450 3883 seu
3480 3824 3586 3895 qua
3615 3824 3765 3882 Deus

2181 3907 2265 3953 est
2294 3915 2357 3953 ex
2387 3898 2547 3952 Patre
2590 3913 2653 3952 ac
2697 3896 2890 3963 Filius,
2922 3914 3029 3969 qua
3064 3899 3181 3967 ipsa
3213 3899 3423 3952 ratione
3454 3895 3670 3969 Patrem
3702 3907 3766 3969 ut

2182 3978 2461 4024 auctorem
2498 3969 2742 4036 respicit,
2778 3984 2841 4024 ac
2875 3966 3103 4040 proinde
3133 3970 3457 4040 auctoritate
3481 3966 3763 4040 principii,

2182 4047 2242 4093 ut
2296 4047 2492 4109 vocant
2534 4040 2793 4107 majorem
2821 4059 2834 4094 :
2859 4036 2979 4109 quae
3028 4040 3336 4104 Athanasii,
3368 4038 3591 4098 Basilii,
3621 4036 3763 4092 Gre-

2182 4110 2320 4180 gorii
2378 4108 2638 4179 Theologi
2687 4108 3041 4179 veleruinque
3091 4110 3321 4180 aliorum
3377 4108 3760 4180 theologorum

2183 4179 2415 4235 eoncors
2452 4183 2861 4250 sententia_est,
2898 4196 3115 4250 unaque
3162 4181 3244 4235 eis
3271 4179 3433 4250 digna
3461 4179 3576 4250 visa
3607 4193 3764 4233 com—

2185 4253 2398 4319 paratio
2424 4250 2541 4304 Filii
2568 4266 2691 4305 cum
2730 4248 2909 4314 Patre,
2936 4262 2991 4305 ut
3013 4248 3155 4319 quod
3189 4248 3354 4305 unius
3382 4265 3504 4305 cum
3533 4249 3625 4302 illo
3659 4264 3764 4303 na-

2181 4329 2319 4375 tura:
2348 4336 2412 4375 ac
2447 4321 2770 4377 substantia:
2819 4322 2928 4388 sit;
2970 4337 3071 4375 nec
3126 4329 3250 4391 apta
3296 4322 3367 4377 sit
3421 4322 3764 4391 comparatio

2185 4393 2288 4446 nisi
2324 4393 2464 4445 inter
2493 4408 2554 4445 ea
2610 4407 2732 4461 qua:
2789 4401 2917 4446 sunt
2949 4392 3070 4458 ejus
3125 4390 3361 4461 generis.
3398 4390 3565 4461 quue
3623 4390 3761 4445 mihi

507 4456 572 4544 ac
590 4456 817 4544 Sanctis
833 4456 1086 4544 omnibus
1112 4462 1333 4544 aspiret.
1354 4460 1463 4544 lico
1482 4461 1651 4544 aliter
1682 4461 1812 4514 velit
1841 4456 2078 4544 lacubus
2112 4489 2153 4544 ο
2186 4463 2423 4544 maxime
2448 4456 2815 4544 argument-0,.
2827 4456 3151 4544 abrogando
3167 4456 3762 4544 Athaiiasio'Symbolo

506 4543 548 4602 t_,
585 4529 652 4602 i7
682 4531 847 4602 [Πᾶν
874 4529 1104 4602 δώρημα
1133 4531 1334 4602 τέλειον
1366 4530 1569 4602 ᾄνωθέν
1598 4532 1718 4602 Αὲστι
1751 4530 2071 4585 καταϐαῖνον

505 4599 615 4673 απὸ
640 4599 733 4653 τοῦ
756 4599 1103 4673 Πατρὸςβὲῶν
1137 4601 1347 4670 φώτων·
1376 4600 1541 4673 ane
1571 4600 1765 4673 danunt
1791 4602 2073 4673 perfectum

507 4666 784 4725 desursum
817 4666 913 4734 est,
948 4666 1262 4727 descendens
1289 4688 1322 4724 a
1376 4670 1539 4733 Patre
1583 4666 1861 4725 (tintinant.
1883 4666 2075 4728 'Plane

507 4739 651 4792 enim
695 4739 909 4797 Patrem
964 4742 1229 4796 luminum
1275 4741 1439 4797 Deum
1473 4742 1648 4811 ipsum
1679 4743 1944 4804 nominat,
1972 4757 2076 4796 au-

508 4819 715 4882 ctorem
749 4812 1184 4882 intelligentium,
1213 4814 1527 4882 angelorum
1558 4820 1612 4865 et
1635 4812 1936 4874 hominum,
1961 4814 2079 4868 sive

507 4879 685 4952 etiam_
706 4879 964 4952 siderum,
996 4886 1041 4937 si
1070 4884 1196 4952 quis
1231 4879 1601 4938 adsensibilia
1642 4884 1855 4936 trahere
1890 4884 2074 4945 malit;

509 4963 621 5002 non
647 4948 766 5023 Filii
805 4960 858 5007 et
903 4948 1160 5023 Spiritus,
1207 4953 1473 5023 quidquid
1513 4953 1682 5023 aliqui
1720 4952 1774 5006 in
1806 4968 1924 5006 eam
1962 4968 2075 5008 rem

507 5021 798 5093 traxerint.
830 5021 954 5076 nam
993 5022 1154 5077 Pater
1191 5021 1310 5093 ipse
1347 5022 1470 5077 Filii
1502 5021 1693 5077 auctor
1726 5034 1779 5076 et
1816 5023 2073 5091 Spiritus.

508 5104 616 5158 qua
646 5092 725 5145 sic
749 5090 909 5148 Pater
939 5103 994 5147 et
1024 5090 1226 5160 relate,
1247 5092 1369 5147 Filii
1400 5094 1619 5164 proprie
1643 5093 1823 5157 Pater,
1842 5090 2079 5164 Spiritus

506 5164 883 5234 connnuniore
924 5165 1190 5218 vocabulo
1230 5164 1306 5232 (id
1346 5175 1451 5228 est,
1491 5171 1682 5219 auctor
1720 5173 1774 5219 et
1817 5164 2075 5234 spirator)

504 5229 613 5304 τῶν
644 5231 981 5304 δωρημάτων
1006 5244 1194 5289 auctor
1220 5229 1323 5293 est.
1356 5250 1521 5290 causa
1546 5236 1756 5289 scilicet
1784 5229 2073 5298 donorum,

506 5302 601 5374 sed
645 5302 754 5372 qua
801 5302 946 5360 Deus
988 5306 1235 5361 absoluta
1277 5304 1499 5368 deitate,
1537 5306 1602 5359 ad
1641 5321 1801 5374 quam
1842 5305 2078 5360 Jacobus

505 5367 683 5429 Patris
714 5376 933 5446 nomine
952 5376 1178 5430 atl‘ectus
1212 5387 1430 5429 noetros
1453 5367 1629 5440 vocat,
1653 5367 1703 5429 et
1734 5384 1794 5428 ut
1824 5380 1962 5446 grati
1990 5376 2082 5429 bo-

506 5455 699 5513 norum
755 5445 888 5499 fonti
945 5460 1009 5499 ac
1060 5446 1269 5499 auctori
1327 5446 1530 5513 simus;
1578 5445 1844 5499 nimirum
1876 5455 2082 5501 sanctae

507 5508 784 5586 Irinitati,
813 5532 936 5586 quae
971 5517 1088 5585 ipsa
1118 5516 1279 5570 Pater
1308 5527 1494 5586 noster
1518 5508 1625 5582 est,
1655 5516 1746 5585 qui
1778 5524 1863 5586 est
1886 5518 1940 5570 in
1975 5531 2084 5570 cm-

503 5580 601 5661 iis:
635 5586 793 5661 Quid
819 5580 864 5641 si
901 5580 1079 5661 φῶὲα,
1123 5586 1239 5661 ipsa
1272 5585 1589 5661 χαρίοματα
1612 5580 1786 5661 voluit
1813 5585 2078 5661 lacubus;

510 5652 636 5727 inde
661 5657 892 5727 lumina,
913 5652 1059 5727 quod
1083 5672 1115 5711 a
1145 5652 1257 5711 Deo
1275 5652 1514 5711 Lumine
1545 5657 1942 5724 emanationes,
1968 5652 2087 5727 qui-

510 5720 825 5797 busAdivjna
850 5720 1183 5783 athindimur
1213 5728 1365 5793 luce;
1390 5727 1579 5797 sicque
1608 5735 1840 5797 augusto
1860 5720 2084 5783 nomine

507 5792 747 5861 perfecta
776 5795 867 5852 Dei
897 5813 1035 5856 uona
1073 5796 1309 5866 (ordinis
1337 5792 1547 5856 Scilicet
1581 5792 1754 5855 divini
1787 5813 1851 5855 ac
1881 5799 2083 5868 quibus

2184 4532 2257 4585 illi
2285 4534 2544 4601 ascripta,
2597 4533 2739 4602 quod
2804 4532 2879 4586 ita
2923 4531 3129 4588 aSserte
3165 4543 3218 4588 et
3239 4531 3560 4602 dogmatice,
3614 4531 3668 4584 in
3696 4547 3765 4588 eo

2180 4604 2359 4658 oninis
2405 4600 2496 4655 illa
2534 4600 2871 4672 comparatio
2927 4604 2994 4657 ad
3032 4600 3423 4657 humanitatem
3459 4600 3754 4672 referatur,

2179 4682 2369 4727 contra
2398 4688 2462 4727 ac
2484 4671 2675 4727 verus’
2710 4674 3044 4728 Athanasius
3072 4674 3137 4727 ad
3165 4673 3337 4742 ipsam
3379 4671 3560 4727 retulit
3580 4671 3758 4725 deita-

2179 4752 2285 4797 tem
2324 4761 2337 4796 :
2372 4759 2472 4799 nec
2499 4744 2629 4812 quin
2660 4743 2777 4813 ipse
2805 4745 3003 4814 aliique
3029 4743 3122 4796 τοῦ
3142 4742 3426 4813 ὁμοουσίου
3453 4752 3759 4814 assertores

2182 4814 2471 4875 referrent,
2496 4812 2711 4869 obstitit
2764 4812 3018 4869 Arianica
3075 4812 3346 4883 impietas,
3377 4816 3469 4881 qui
3518 4812 3645 4883 inde
3670 4813 3755 4867 vel

2182 4886 2416 4939 maxime
2438 4884 2515 4955 τῷ
2539 4886 2797 4955 ἀνομοίῳ,
2827 4895 2880 4941 et
2907 4895 2965 4939 ut
2999 4881 3167 4938 unum
3191 4899 3315 4939 vere
3344 4882 3512 4938 Deum
3537 4881 3756 4955 Patrem

2183 4953 2562 5024 agnoscerent,
2600 4953 2794 5009 Filium
2849 4972 2980 5011 vero
3033 4955 3193 5023 quasi
3248 4954 3760 5024 nuncupationeAet

2185 5020 2471 5096 ti'tuloﬁseu
2522 5026 2857 5095 dignatione,
2918 5020 3229 5096 prasidium
3292 5020 3627 5096 quaerebant.
3667 5020 3760 5076 Sic

2185 5111 2327 5165 saepe
2350 5095 2548 5151 Euseb.
2588 5092 2626 5150 l.
2669 5112 2721 5161 v,
2781 5092 2961 5166 capﬂi
2998 5095 3076 5150 De
3135 5092 3494 5149 Demonstrat.
3528 5092 3758 5166 Euangq

2183 5174 2237 5220 et
2265 5166 2424 5233 epist.
2451 5167 2518 5220 ad
2549 5166 2975 5234 Euphrasionem
3008 5167 3344 5235 episcopum,
3370 5169 3539 5220 relata
3570 5165 3625 5217 in
3685 5178 3760 5235 vlt

2185 5237 2403 5307 synod..
2439 5246 2543 5291 act.
2574 5238 2628 5291 6.
2665 5236 2969 5292 Methodins
2990 5234 3057 5290 an
3084 5244 3138 5290 et
3181 5234 3295 5305 ipse
3330 5237 3471 5289 male
3500 5234 3759 5307 senserit,

2186 5304 2345 5376 negat
2364 5308 2594 5362 Allatius
2626 5324 2639 5359 :
2675 5308 2833 5360 velim
2858 5314 2911 5361 et
2938 5322 3059 5375 ego,
3079 5307 3133 5359 ni
3158 5304 3411 5377 superius
3443 5314 3629 5362 notata
3661 5304 3757 5357 ob-

2187 5386 2415 5443 starent,
2448 5378 2538 5431 ubi
2563 5378 2862 5432 secundum
2897 5392 3078 5431 rerum
3102 5387 3404 5441 auctorem,
3431 5387 3485 5431 et
3520 5377 3759 5430 archan-

2187 5449 2428 5517 gelorum
2452 5449 2776 5518 principem,
2796 5455 2850 5501 et
2876 5456 3039 5517 caput
3064 5447 3153 5500 τὺν
3169 5447 3339 5515 Λόγον
3369 5449 3582 5509 statuit,
3610 5446 3762 5518 velut

2185 5515 2431 5573 Adamus
2456 5515 2564 5574 'est
2612 5515 2892 5571 hominum
2923 5515 3080 5587 {quae
3124 5533 3350 5587 prorsus
3383 5515 3761 5587 Arianicaivi-

2187 5588 2404 5643 dentur.
2437 5586 2535 5642 Hic
2560 5587 2697 5642 forte
2726 5585 2990 5643 excusari
3013 5585 3217 5658 posset,
3257 5594 3311 5642 et
3340 5589 3478 5642 trahi
3523 5589 3589 5642 ad
3622 5585 3760 5658 alio-

2188 5675 2309 5713 rum
2333 5657 2553 5713 Patrum
2605 5658 2969 5712 orthodoxum
3014 5655 3265 5720 sensum,
3297 5658 3443 5728 quod
3473 5659 3583 5712 Leo
3608 5655 3764 5728 Alla-

2188 5730 2301 5783 tius
2331 5730 2415 5799 pie
2467 5736 2731 5783 conatur:
2761 5728 2856 5783 sed
2890 5744 2955 5783 an
2996 5728 3231 5792 evincat,
3257 5725 3486 5782 aliorum
3514 5736 3635 5799 esto
3668 5725 3764 5794 ju-

2188 5797 2389 5857 dicium
2415 5816 2432 5870 ;
2463 5809 2610 5856 certe
2657 5801 2992 5871 comparatio
3012 5799 3158 5854 aliud
3203 5799 3481 5871 postulare
3520 5797 3764 5861 videtur,
