4056 6302
219 374 360 432 125
1370 376 1751 435 CONVlViUM
1792 378 1832 433 ι)

1928 376 2021 433 ΕΜ
2059 374 2423 435 VIRGINUM.
3412 381 3516 438 428

211 509 403 567 cupi.
441 478 551 551 Kal.
600 495 666 569 δὴ
707 497 801 551 ’καὶ⁸
844 496 946 569 τῆς
992 495 1209 567 ἁγνείας
1252 496 1353 550 οὐκ
1388 498 1467 561 είς
1495 498 1832 572 ἀνθρωπίνην

1940 514 2006 555 ex
2033 511 2145 568 quo
2163 496 2408 551 omnium
2424 496 2724 553 auctoritas
2747 498 2945 567 pendet
2967 513 3031 553 ac
3053 500 3240 556 robur.
3276 499 3514 557 Docebat

215 587 463 643 ἀνοίσω
495 588 652 659 κάγὼ
682 586 842 654 δόξαν
877 591 1001 653 τοὺς
1034 588 1306 654 ὲπαίνους,
1335 587 1449 641 ἀλλ’
1484 591 1564 653 είς
1590 584 1832 659 amomi}

1942 590 2086 648 enim
2117 598 2197 654 ut,
2224 589 2347 645 aliis
2382 589 2637 645 omnibus
2665 588 2965 646 secundum
2987 589 3202 649 Patrem
3231 594 3427 664 major,
3446 610 3514 649 eo

224 680 517 752 μέλομεν,
551 684 645 736 καὶ
664 681 724 746 ὃς
742 682 802 735 τὸ
826 683 933 739 πᾶν
963 680 1229 753 ἀνῄρηται
1252 681 1495 752 γεωργὸν
1520 683 1687 754 αὐτῆς
1708 683 1832 737 ἁπο-

1942 691 2082 739 teste
2111 689 2355 739 uteretur
2381 681 2475 751 qui
2508 680 2661 739 solus
2684 683 2804 754 ipso
2833 683 3008 751 major
3033 693 3181 741 esset
3209 685 3274 740 ³³.
3326 685 3388 740 Et
3410 703 3511 759 ego

219 771 575 828 δεικνύουσα
606 771 817 839 τοῦτον,
851 774 943 827 καὶ
976 772 1210 845 ἐραστὴν
1254 773 1354 845 τῆς
1384 772 1535 846 ὥρας
1566 774 1717 841 ὄντα,
1748 777 1832 830 καῖ

1940 789 2131 829 eorum
2155 788 2276 845 qua!
2295 773 2351 828 in
2381 773 2595 830 laudem
2618 776 2889 833 castitatis
2904 787 3219 846 peroratura
3240 795 3379 844 sum,
3402 795 3508 834 non

224 863 553 939 ἀξιόχρεων
590 866 861 939 μάρτυρα.
895 865 1006 920 Καὶ
1030 864 1189 919 τοῦτο
1218 867 1312 920 καὶ
1340 868 1398 920 ὲν
1430 867 1508 939 τῷ
1532 867 1639 921 τῶν
1663 868 1832 940 ᾀσμὰ-

1940 866 2189 923 homines
2221 864 2516 937 producam
2538 878 2810 934 auctores,
2837 868 2929 923 sed
2958 884 3084 924 eum
3133 871 3221 925 cui
3254 886 3510 926 cumsu-

225 973 367 1012 των
397 959 638 1031 ’ᾼσματι
677 958 907 1031 πάρεστι
941 957 1235 1029 διαθρῆσαι
1283 956 1361 1029 τῷ
1394 958 1701 1031 βουλομένῳ
1737 978 1832 1029 φα.-

1940 975 2084 1024 mus,
2117 967 2171 1015 et
2194 960 2289 1030 qui
2312 959 2529 1015 cunctis
2558 961 2760 1016 eminet
2780 976 3105 1033 omnemque
3137 963 3507 1033 tulitpartem,

228 1064 305 1101 νε
316 1049 449 1121 ρῶς,
476 1049 606 1104 ἔνθα
630 1049 789 1114 αὐτὸς
814 1051 842 1103 ό
869 1049 1103 1122 Χριστὸς
1123 1048 1222 1114 τάς
1253 1050 1311 1103 ὲν
1334 1050 1603 1124 παρθενίᾳ
1627 1052 1838 1121 παγίως

224 1141 773 1215 καταγεγενημένας
801 1140 1182 1212 ἐγκωμιάζων,
1214 1142 1378 1212 φησί·
1397 1144 1491 1210 Ὠς
1519 1146 1730 1213 κρίνον
1768 1146 1840 1199 ἐν

201 1235 422 1304 μέ-σῳ
458 1235 754 1302 ἀκανθῶν,
794 1236 982 1303 οὕτως
1024 1238 1063 1305 ἡ
1117 1237 1386 1306 πλησίον
1418 1255 1539 1308 μου
1567 1238 1638 1292 ἐν
1667 1238 1836 1308 μέσῳ

209 1326 375 1382 τῶν
400 1327 768 1399 θυγατέρωνο
808 1328 980 1400 κρίνῳ
1009 1328 1360 1401 παρεικάζων
1392 1329 1481 1385 διὰ
1511 1329 1571 1384 τὸ
1599 1331 1835 1404 καθαρὸν

216 1421 347 1475 καὶ
398 1419 628 1475 εὔπνουν
678 1423 771 1475 καὶ
816 1423 916 1494 ἡδὺ
962 1424 1058 1477 καὶ
1104 1422 1285 1495 ἱλαρὸν
1334 1422 1396 1476 τὸ
1441 1422 1686 1495 χάρισμα
1735 1423 1836 1494 τῆς

222 1512 500 1581 ἁγνείας.
519 1513 760 1585 Ἐαρινὸν
791 1513 899 1586 γὰρ
933 1515 967 1585 ὴ
997 1513 1209 1583 ἁγνεία,
1239 1513 1332 1568 καὶ
1356 1513 1623 1568 ἐπανθοῦν
1649 1514 1833 1587 ἁϐρῶς

228 1603 339 1657 ἀεὶ
370 1605 580 1669 λευκοῖς
610 1608 722 1670 τοῖς
752 1605 944 1672 κάλυξι
982 1604 1081 1676 τὴν
1120 1604 1615 1677 ἀφθαρσίαν.”Οθεν
1642 1606 1707 1676 δὴ
1739 1606 1833 1659 καὶ
1864 1609 1874 1624 ‘

1939 1051 2085 1108 hunc
2116 1053 2263 1108 illius
2280 1053 2546 1110 cultorem
2569 1068 2835 1121 asseram,
2859 1054 3141 1128 ipsiusque
3160 1055 3345 1113 formae
3362 1073 3512 1112 ama-

1937 1152 2112 1200 torem
2147 1159 2210 1199 ac
2232 1145 2393 1215 plane
2426 1144 2682 1201 idoneum
2713 1153 2929 1202 testem.
2983 1146 3145 1218 ldque
3173 1148 3307 1203 adeo
3349 1149 3510 1205 etiam

1936 1236 1994 1292 in
2020 1236 2251 1292 Cantico
2285 1237 2647 1301 canticorum,
2693 1238 2953 1292 omnibus
2985 1238 3079 1309 qui
3116 1239 3281 1294 velint
3327 1278 3343 1305 ,
3386 1256 3513 1311 per-

1936 1330 2124 1400 spicue
2152 1330 2453 1401 intelligere
2475 1329 2620 1397 licet,
2661 1330 2754 1386 ubi
2788 1331 3043 1387 Christus
3066 1332 3255 1401 ipsein
3287 1332 3511 1402 virgini-

1937 1421 2062 1475 tatis
2081 1420 2309 1476 firmiter
2322 1421 2605 1492 proposito
2625 1430 2943 1479 constantes
2961 1423 3214 1479 laudibus
3237 1439 3510 1480 coronans

1934 1513 2011 1566 ait
2042 1511 2089 1543 ³⁵
2122 1528 2135 1564 :
2165 1510 2318 1567 Sicut
2348 1511 2524 1566 lilium
2548 1513 2604 1567 in
2636 1512 2807 1566 medio
2836 1513 3131 1581 spinarum,
3163 1514 3239 1567 sic
3265 1515 3510 1582 proxima

1932 1619 2049 1657 mea
2085 1603 2141 1657 in
2174 1602 2342 1657 medio
2378 1602 2642 1672 ﬁliarum;
2676 1603 2792 1658 lilio
2821 1618 3143 1674 comparans
3172 1612 3396 1674 propter
3416 1620 3512 1675 pu-

235 1695 482 1765 ἐρᾶσθαι
514 1695 607 1749 τοῦ
638 1696 870 1761 κάλλους
893 1698 993 1769 τῆς
1018 1697 1205 1769 ἀκμῆς
1233 1698 1401 1769 αὐτῆς
1427 1697 1707 1769 ὁμολογεῖν
1730 1699 1832 1752 οὐκ

236 1786 663 1858 ὲπαισχύνεται’
723 1787 1119 1857 Ἐκαρδίωσας
1169 1785 1348 1859 ἡμᾶς,
1402 1790 1459 1841 ὲν
1513 1792 1627 1852 τοῖς
1681 1787 1828 1859 ἑξῆς,

1931 1695 2146 1751 ritatem
2178 1695 2472 1767 odorisque
2498 1695 2848 1767 fragrantiam
2883 1704 2936 1752 et
2962 1696 3284 1752 suavitatem
3317 1712 3381 1751 ac
3419 1697 3507 1751 hi-

1930 1788 2206 1843 laritatem
2228 1788 2559 1859 virginitatis
2587 1789 2812 1844 donum.
2848 1788 3028 1845 Verna
3052 1790 3254 1861 quippe
3277 1804 3366 1844 res
3393 1790 3504 1843 vir-

236 1875 480 1946 ἀδελφή
513 1896 635 1947 μου
663 1879 890 1948 νύμφη,
925 1877 1121 1947 λέγων,
1148 1877 1518 1946 ἐκαρδίωσας
1548 1877 1708 1948 ἡμᾶς
1736 1879 1826 1933 ἐνὶ

1930 1879 2150 1951 ginitas,
2178 1880 2414 1934 molliter
2441 1879 2909 1936 efﬂorescentibus
2941 1891 2995 1936 et
3018 1895 3231 1950 semper
3259 1880 3508 1936 candidis

236 1968 367 2022 ἀπὸ
395 1969 721 2039 ὀφθαλμῶν
748 1987 888 2033 σου,
917 1968 988 2022 ἐν
1008 1966 1117 2037 μιᾷ
1142 1968 1415 2038 ἐνθέματι
1450 1967 1561 2039 (94)
1613 1968 1833 2038 τραχή-

236 2063 361 2115 λου
412 2078 553 2116 σου.
578 2064 703 2116 ’Ότι
752 2059 1211 2128 ἐκαλλιώθησαν
1263 2059 1488 2129 μαστοί
1537 2072 1652 2113 σου
1677 2098 1692 2123 ,
1737 2059 1835 2113 καὶ

239 2153 408 2223 ὀσμὴ
443 2153 690 2222 ἱματίων
730 2168 847 2207 σου
880 2151 1032 2222 ὑπὲρ
1065 2150 1262 2205 πάντα
1288 2149 1582 2221 ἀρώματα.
1613 2151 1835 2219 Κηρίον

237 2244 655 2306 ἀποστάζουσι
701 2246 875 2316 χείλη
918 2260 1055 2312 σου,
1088 2246 1320 2314 νύμφη·
1361 2243 1504 2314 μέλι
1545 2243 1643 2298 καὶ
1674 2242 1833 2313 γάλα

238 2335 366 2388 ὑπὸ
395 2335 511 2403 τὴν
534 2336 824 2407 γλῶσσάν
848 2353 995 2392 σου⁶
1026 2335 1125 2391 καὶ
1153 2335 1311 2405 ὀσμὴ
1340 2336 1585 2405 ἱματίων
1609 2349 1726 2389 σου
1752 2335 1832 2401 ὡς

243 2427 410 2496 ὀσμὴ
438 2427 709 2482 λιϐάνου.
754 2428 959 2498 Κῆπος
988 2426 1430 2498 κεκλεισμένος,
1457 2425 1690 2495 ἀδελφή
1714 2442 1833 2495 μου

245 2520 454 2589 νύμφη
481 2559 497 2585 ,
554 2520 750 2588 κῆπος
797 2520 1223 2591 κεκλεισμένος
1252 2558 1267 2585 ,
1327 2519 1490 2589 πηγὴ
1553 2519 1836 2588 ἐσφραγι-

247 2611 466 2682 σμένη.

1930 1969 2393 2038 incorruptionem
2422 1971 2687 2025 exhalans
2702 1971 2971 2026 caliculis.
2999 1970 3154 2026 Unde
3176 1981 3230 2025 et
3246 1986 3302 2025 se
3323 1986 3508 2027 amare

1930 2059 2160 2115 formam
2192 2059 2498 2130 juventutis
2523 2061 2643 2131 ejus
2675 2061 2836 2117 fateri
2871 2077 2979 2116 non
3027 2063 3323 2126 erubescit,
3374 2063 3504 2116 dum

1928 2150 2005 2206 ita
2039 2151 2092 2205 in
2124 2150 2477 2221 sequentibus
2508 2151 2583 2205 ait
2608 2152 2651 2183 ³⁸
2678 2172 2691 2206 :
2720 2149 2827 2207 Cor
2863 2151 3131 2207 abstulisti
3158 2152 3327 2214 nobis,
3355 2168 3508 2206 soror

1929 2259 2046 2296 mea
2066 2259 2263 2313 sponsa
2287 2259 2305 2302 ;
2336 2258 2425 2296 cor
2444 2241 2714 2297 abstulisti
2730 2244 2876 2299 nobis
2892 2244 2945 2297 in
2974 2260 3077 2298 uno
3100 2243 3371 2297 oculorum
3397 2254 3506 2296 tuo—

1934 2350 2074 2399 rum,
2103 2334 2155 2388 in
2178 2350 2282 2389 uno
2310 2343 2617 2390 ornamento
2639 2335 2763 2389 colli
2782 2337 2876 2389 tui.
2907 2335 3080 2402 Quam
3100 2335 3333 2404 pulclmc
3346 2336 3506 2404 facta:

1934 2422 2056 2481 su'nt
2086 2442 2332 2482 mamma:
2362 2435 2501 2492 tua,
2551 2435 2601 2481 et
2646 2428 2779 2482 odor
2826 2429 3249 2483 vestimentorum
3292 2436 3544 2488 tuorum.

1934 2534 2088 2588 super
2132 2519 2313 2572 omnia
2346 2528 2590 2573 aromata
2615 2519 2638 2573 .'
2666 2518 2872 2573 Forum
2911 2518 3178 2573 distillant
3210 2518 3353 2572 labia
3388 2526 3503 2582 tua,

1934 2627 2125 2681 sponsa
2157 2627 2176 2664 :
2232 2610 2332 2664 mel
2370 2621 2419 2664 et
2451 2610 2534 2663 lac
2566 2610 2663 2665 sub
2715 2611 2897 2682 lingua
2940 2621 3051 2676 tua,
3105 2619 3155 2666 et
3190 2611 3321 2665 odor
3348 2611 3505 2664 vesti-

247 2718 547 2763 mentorum
584 2716 797 2765 tuorum
833 2711 970 2766 sicut
1008 2709 1140 2765 odor
1188 2709 1377 2765 thuris.
1440 2708 1644 2764 Hortus
1690 2706 1989 2767 conclusus.
2045 2723 2198 2761 soror
2247 2722 2362 2760 mea
2413 2721 2628 2775 sponsa,
2678 2705 2862 2761 hortus
2893 2705 3202 2773 conclusus,
3247 2704 3363 2775 fons
3429 2703 3504 2757 si-

245 2813 465 2873 gnatus.

318 2920 507 2976 Ταῦτα
536 2921 773 2994 Χριστὸς
798 2925 918 2987 ταῖς
949 2921 1041 2977 ἐπὶ
1073 2922 1285 2996 πέρατα
1313 2921 1608 2995 παρθενίας
1640 2920 1827 2976 ἐλθού-

246 3030 369 3078 σαις
399 3012 469 3067 τὰ
510 3013 758 3087 ἐγκώμια
788 3014 999 3085 ψάλλει,
1033 3016 1216 3081 πάσας
1243 3016 1323 3070 ἑνὶ
1367 3015 1717 3088 περιγράψας
1748 3014 1829 3086 τῷ

241 3103 464 3206 νύμφης
496 3104 974 3206 ὀνόματι’“ὲτ-.ειδὴ
1018 3106 1119 3206 τὴν
1167 3105 1382 3178 νύμφην
1422 3105 1697 3178 ἡρμόσθαι
1731 3106 1829 3177 μὲν
1855 3147 1898 3206 c

240 3192 326 3245 δεῖ
352 3193 446 3246 καὶ
476 3194 941 3266 κατονομάζεσθαι
977 3193 1054 3266 τῷ
1086 3196 1573 3267 μνηστευσαμένῳ·
1621 3195 1824 3273 ἄχραν-

239 3301 337 3338 τον
372 3286 430 3339 δὲ
476 3285 557 3340 ἔτι
594 3287 688 3340 καὶ
732 3287 909 3359 ἀμιγῆ
938 3287 1246 3358 τυγχάνειν,
1278 3288 1606 3360 παράδεισον
1637 3288 1826 3361 ὥσπερ

242 3377 716 3450 ἑσφραγισμένην,
758 3380 816 3434 ὲν
842 3372 886 3447 ᾧ
916 3380 1093 3434 πάντα
1129 3380 1230 3452 τῆς
1260 3380 1490 3444 εὐωδίας
1529 3380 1642 3434 τῶν
1671 3383 1829 3455 οὐρα-

246 3470 354 3524 νῶν
380 3471 502 3541 φύει
536 3470 604 3526 τά
630 3471 922 3545 ἀρώματα,
959 3473 1046 3528 ἴνα
1079 3473 1236 3545 μόνος
1272 3472 1442 3527 ἐλθὼν
1467 3473 1606 3528 αὐτὰ
1629 3474 1831 3546 δρέψη-

244 3581 337 3619 ται
381 3564 634 3637 Χριστὸς,
678 3564 988 3635 ἀσωμάτοις
1022 3564 1396 3637 βλαστήσαντα
1429 3566 1830 3638 σποραῖς.Ἐρᾷ

246 3655 357 3728 γάρ
387 3658 417 3709 ὁ
450 3657 620 3725 Λόγος
666 3658 878 3719 οὐδενὸς
921 3656 1029 3711 τῶν
1076 3657 1295 3729 σαρκὸς,
1331 3657 1411 3710 ὅτι
1469 3657 1543 3729 μὴ
1589 3658 1829 3728 πέφυκεν

246 3745 605 3817 ἀποδέχεσθαι
624 3763 677 3799 τι
703 3746 810 3800 τῶν
830 3746 1216 3819 φθειρομένων,
1238 3745 1348 3803 οἷον
1376 3750 1583 3820 χεῖρας,
1610 3748 1643 3820 ἢ
1668 3749 1831 3821 πρόσ-

245 3856 418 3902 ωπον,
449 3837 484 3910 ἦ
520 3837 687 3903 πόδας
706 3856 719 3870 ·
757 3838 872 3892 ἀλλ’
922 3841 1004 3903 είς
1037 3840 1167 3894 αὐτὸ
1190 3840 1251 3893 τὸ
1274 3841 1433 3895 ἀῡλον
1459 3841 1552 3894 καὶ⁵
1585 3858 1829 3912 πνευμα-

245 3922 399 3984 τικὸν
435 3928 647 4000 βλέπων
677 3929 1025 4002 εὐφραίνεται
1056 3930 1268 3996 κάλλος,
1304 3931 1380 4005 μὴ
1411 3932 1711 4003 ἁπτόμενος
1731 3932 1824 3987 τοῦ

251 4019 501 4093 σώματος
526 4020 623 4093 τῆς
658 4018 828 4095 ὥρας.

2001 2913 2128 2970 Haec
2161 2913 2440 2979 Christus,
2477 2915 2546 2970 iis
2576 2930 2697 2986 quae
2735 2914 2804 2969 ad
2835 2915 3162 2987 virginitatis
3199 2917 3334 2973 lines
3367 2932 3501 2974 eva-

1933 3017 2144 3073 serunt,
2174 3008 2423 3063 encomia
2454 3008 2622 3072 canit,
2655 3009 2867 3063 cunctis
2900 3010 3155 3065 nimirum
3187 3027 3298 3065 uno
3324 3010 3504 3083 Sponv

1935 3113 2009 3155 sae
2041 3098 2264 3153 nomine
2301 3098 2754 3169 circumscriptis,
2787 3115 2851 3156 ea
2881 3100 3066 3172 utique
3091 3101 3326 3168 ratione,
3354 3104 3503 3174 quod

1935 3208 2195 3265 sponsam
2232 3190 2452 3263 Sponso
2482 3193 2638 3249 decet
2668 3196 2864 3265 aptari,
2894 3211 3068 3267 exque
3094 3197 3243 3253 illius
3269 3198 3378 3254 dici
3404 3215 3504 3254 no-

1927 3286 2103 3354 mine;
2123 3286 2186 3339 ad
2211 3286 2435 3357 haacque
2474 3286 2852 3341 intemeratam
2882 3287 3389 3360 incommistamque
3419 3292 3501 3345 si-

1924 3379 2073 3446 gnati
2102 3378 2243 3433 horti
2277 3379 2335 3432 in
2366 3392 2574 3432 morem
2602 3378 2888 3443 exsistere,
2924 3379 3018 3434 ubi
3042 3380 3225 3433 omnia
3262 3380 3504 3437 cmlestis

1924 3469 2237 3539 fragrantia;
2263 3477 2509 3524 aromata
2543 3481 2865 3536 nascuntur,
2899 3477 2959 3524 ut
3000 3471 3151 3525 solus
3180 3472 3401 3526 veniens
3435 3486 3500 3527 ea

1924 3564 2113 3627 carpat
2153 3557 2426 3622 Christus,
2460 3559 2795 3630 incorporeis
2848 3561 3209 3631 germinantia
3259 3561 3495 3617 satibus.

1923 3650 2136 3705 Nullius
2185 3650 2329 3705 enim
2358 3666 2547 3706 eorum
2579 3667 2700 3721 quae
2742 3652 2925 3708 carnis
2972 3662 3121 3717 sunt,
3155 3668 3339 3709 amore
3368 3653 3500 3709 Ver—

1926 3744 2052 3799 bum
2103 3742 2365 3811 alIicitur;
2398 3744 2543 3813 quod
2588 3760 2696 3799 non
2738 3744 2858 3814 ejus
2898 3745 2988 3809 sit,
3017 3753 3075 3799 ut
3102 3746 3170 3801 iis
3199 3747 3501 3801 delectetur

1923 3850 2043 3906 qua:
2065 3836 2443 3906 corruptibilia
2473 3844 2631 3903 sunt;
2663 3844 2792 3907 puta
2813 3843 2872 3891 ut
2905 3852 3121 3894 manus.
3153 3846 3246 3892 aut
3268 3840 3495 3903 vultum,

1921 3939 2014 3983 aut
2038 3929 2223 3999 pedes,
2250 3929 2476 3985 insanus
2506 3937 2717 3985 amator
2743 3930 2997 4001 depereat
3028 3931 3156 3987 :scd
3182 3932 3247 3985 ad
3276 3932 3327 3987 id
3355 3933 3499 4002 quod

1919 4019 1972 4073 in
1992 4035 2311 4090 corporeum
2353 4034 2417 4075 ac
2441 4022 2684 4091 spiritale
2725 4031 2808 4078 est
2830 4024 3146 4093 respiciens,
3170 4025 3273 4077 hoc
3298 4024 3498 4095 jucun-

1919 4110 2098 4179 datur,
2134 4112 2209 4165 ita
2231 4120 2291 4166 ut
2323 4115 2571 4183 corporis
2601 4114 2829 4170 formam
2862 4130 2969 4171 non
3002 4116 3252 4188 attingat.

320 4285 366 4319 ³³
401 4283 567 4343 Joan.
598 4302 713 4353 xw,
744 4286 836 4344 28.
878 4286 925 4320 ”
964 4285 1122 4345 Cant.
1155 4302 1216 4356 ιι,
1249 4285 1306 4342 2.
1385 4286 1433 4320 ³⁸
1472 4285 1629 4342 Cant.
1667 4303 1741 4354 IV,
1774 4286 1927 4343 9-12.

248 4492 305 4547 in
334 4503 399 4545 eo
423 4486 626 4566 posita,
675 4487 912 4566 utnsieut
952 4500 1012 4541 se
1041 4484 1243 4566 habent
1288 4484 1530 4566 virgines
1566 4482 1633 4537 ad
1670 4482 1825 4566 Citri-
1852 4511 1895 4566 Β
1922 4483 1998 4566 illi
2026 4483 2215 4566 iurare
2243 4483 2403 4566 licet;
2436 4484 2672 4566 hincque
2700 4485 2925 4566 omnino
2976 4484 3495 4566 immobilemnlidem

250 4554 535 4622 Stumfsic
577 4559 696 4627 ipse
727 4558 980 4612 Christus
1002 4556 1069 4610 ad
1123 4555 1314 4619 Deum,
1346 4554 1439 4627 qui
1472 4558 1587 4627 ipse
1626 4571 1654 4609 a
1711 4554 1821 4608 Deo
1853 4554 1892 4566 "
1928 4554 2145 4627 facere,
2160 4555 2317 4627 juxta
2350 4557 2515 4627 ‘quod
2550 4556 2888 4626 impossibile
2918 4565 3003 4611 est
3063 4558 3276 4612 mentiri
3304 4557 3492 4619 Deum,

248 4643 303 4687 et
336 4630 496 4684 Patre
526 4625 752 4697 majore.
776 4628 1147 4683 testimonium
1181 4626 1384 4697 habere
1410 4625 1824 4697 debuerit,‘non

250 4704 320 4756 ab
349 4698 557 4765 angelis
588 4693 788 4768 quibus
820 4697 992 4768 major
1018 4704 1166 4768 erat;
1219 4695 1637 4768 sic_virgines4a
1666 4693 1828 4748 Chri-

251 4780 358 4831 sto,
392 4763 528 4838 ipsis
579 4763 785 4837 majore
833 4763 1202 4838 testimonium
1237 4763 1492 4821 habeant.
1525 4763 1641 4838 Nisi
1695 4781 1825 4834 ergo

252 4835 466 4897 ratione
496 4835 847 4893 humanitatis
905 4836 1246 4906 intelligitur,
1279 4850 1507 4906 prorsus
1535 4835 1825 4889 Arianicus

251 4925 449 4968 sensus
482 4915 598 4971 est;
631 4923 756 4962 cum
782 4909 869 4962 illa
901 4906 1204 4977 majoritas,
1239 4915 1298 4960 ut
1329 4914 1435 4977 stet
1465 4906 1822 4975 comparatio,

250 4998 359 5037 non
388 4980 766 5034 auctoritatem
801 4978 974 5040 illam.
994 4976 1271 5047 principii,
1301 4976 1395 5033 sed
1434 4983 1707 5047 naturam,
1731 4991 1826 5044 pe-

253 5068 351 5109 nes
374 5049 856 5121 qnamauctoritas
885 5043 1232 5121 “testimonii,
1258 5043 1262 5044 ί
1287 5046 1564 5121 respiciat.
1590 5045 1655 5121 Et
1686 5043 1825 5100 forte

255 5115 513 5191 rexpéxit~
531 5118 861 5191 Μειιίιοιιίιις.Δ
884 5115 1013 5191 illud
1073 5117 1237 5191 Hebr.
1273 5133 1350 5179 vn,
1386 5115 1452 5191 lii
1483 5116 1824 5191 ε’ᾼνθρωποι

255 5185 394 5245 κατά
423 5188 516 5242 τοῦ
550 5187 792 5260 μείζονος
841 5187 1118 5259 ὀμνύουσι.
1176 5185 1373 5260 {arare
1426 5185 1682 5249 homines,
1733 5200 1825 5260 per

251 5279 369 5318 eum
391 5262 482 5332 qui
502 5256 676 5332 major
707 5259 815 5332 illis
849 5256 968 5332 sit_:
1012 5256 1616 5332 proinde‘Deumucutn
1650 5257 1822 5323 majo-

252 5349 366 5387 rem
393 5326 452 5387 se
481 5326 595 5384 non
638 5330 852 5394 habeat,
906 5326 1087 5399 diligas
1139 5327 1261 5381 καθ’
1304 5326 1520 5399 ἑαυτοῦ,
1546 5342 1637 5391 per
1661 5334 1824 5399 semet

250 5405 421 5471 ipsum
436 5401 652 5470 jurasse
674 5416 702 5471 7:
733 5415 841 5453 non
867 5395 968 5452 ita'
994 5396 1187 5471 Filium
1216 5413 1315 5471 per
1344 5395 1583 5471 Patrem,
1616 5396 1692 5448 uti
1725 5395 1824 5449 deo

252 5467 412 5528 torsit
437 5467 775 5532 'Metliodius,
800 5481 850 5525 et
872 5469 1026 5538 quasi
1068 5467 1229 5538 Pater
1251 5467 1319 5522 ad
1380 5467 1538 5521 ﬁdem
1565 5474 1824 5538 praestan-

254 5545 403 5606 dam,
426 5543 598 5611 major
640 5538 775 5594 Filio
803 5537 973 5599 esset,
1008 5537 1154 5611 quod
1196 5553 1302 5591 non
1337 5545 1617 5611 praestaret
1639 5537 1816 5611 origo,

255 5622 309 5668 et
326 5615 469 5681 quod
505 5606 699 5666 auctor
743 5619 827 5664 est
850 5618 1014 5678 atque
1028 5606 1239 5681 αἴτιον,
1261 5606 1357 5681 sed
1384 5614 1606 5681 natura}
1641 5607 1694 5681 in
1717 5674 1729 5681 _
1753 5619 1819 5660 eo

260 5674 500 5755 μείωσις,
530 5698 698 5738 sensu.
717 5696 843 5736 vere
863 5674 1140 5755 Arianico.
1194 5677 1363 5746 Major
1382 5677 1526 5732 enim
1552 5676 1644 5729 illa
1664 5674 1817 5755 lich,

260 5745 287 5807 Ξι
316 5745 558 5826 digniore
586 5760 798 5826 natura
833 5748 1092 5822 procedat
1138 5763 1360 5826 necesse
1387 5756 1470 5804 est
1509 5764 1523 5799 :
1568 5745 1821 5826 quodque

260 5818 408 5882 nulla
453 5824 664 5894 dignior
713 5818 970 5880 Deo'uno
1016 5827 1069 5876 et
1090 5818 1257 5886 trino,
1306 5833 1403 5888 per
1464 5818 1819 5885 semetipsum

1927 4640 2037 4696 non
2071 4623 2211 4696 Filio
2228 4640 2325 4695 per
2350 4623 2589 4689 Patrem,
2626 4623 2694 4678 ἰιι
2735 4641 2832 4695 per
2865 4627 3145 4695 majorem,
3183 4635 3237 4682 et
3254 4629 3409 4696 quasi
3440 4630 3495 4682 in

1927 4693 2067 4749 Filio
2084 4693 2315 4751 necdum
2347 4697 2560 4750 animus
2593 4693 2967 4765 conquiescat,
3017 4693 3348 4766 majorisq'ue
3396 4698 3498 4752 ali-

1924 4766 2059 4840 quid
2090 4766 2436 4840 auctoritatis
2466 4766 2815 4834 quaarendum
2845 4767 2937 4831 sit,
2963 4774 3023 4821 ut
3051 4766 3174 4823 linis
3209 4769 3280 4823 sit
3314 4769 3497 4840 πάσης

1924 4835 2251 4909 ἀντιλογίας,
2290 4836 2583 4891 Cousens.

1996 4929 2106 5001 (9})
2128 4931 2241 5001 ΔἘν
2258 4928 2367 4999 μιᾷ
2396 4929 2687 4999 ἐνθέματι.
2710 4928 2877 5001 Δ(ξιιίιὶ
2920 4928 2978 4983 in
3022 4936 3255 4984 mentem
3286 4931 3497 4986 venerit

1923 4997 2464 5061 LXX'SeniOribus,
2505 4997 2564 5053 ut
2599 5002 2679 5054 sic
2704 4997 3022 5069 fernininnm
3064 5010 3258 5055 neutro
3296 5001 3496 5069 junxe-

1922 5071 2053 5133 rint,
2075 5071 2345 5125 neminem
2368 5071 2527 5125 video
2549 5086 2611 5125 ex
2622 5071 2871 5140 plicasse.
2890 5068 3079 5124 Putem
3115 5068 3494 5128 llebraismum

1922 5154 2067 5206 esse,
2101 5140 2354 5210 quodque
2390 5150 2494 5226 pm
2533 5149 2587 5196 et
2635 5140 2922 5194 masculini
2969 5142 3182 5212 generis
3220 5152 3398 5197 exstet
3439 5150 3494 5195 et

1925 5229 2196 5303 feminini,
2255 5232 2411 5300 quasi
2445 5230 2689 5284 feminini
2746 5232 2994 5303 legerint,
3055 5232 3129 5303 ita
3177 5235 3489 5288 retinuisse.

1922 5300 2092 5354 Nobis
2151 5316 2347 5355 nomen
2404 5303 2638 5370 torquis,
2687 5300 2825 5356 teste
2891 5301 3069 5358 Probo
3101 5302 3490 5361 Grammatico.

1922 5370 2150 5442 perinde
2177 5370 2416 5442 ambigui
2444 5373 2687 5442 generis,
2714 5375 3000 5442 masculini
3033 5383 3087 5428 et
3117 5372 3357 5427 feminini
3382 5387 3396 5436 ;
3428 5388 3494 5423 ac

1923 5440 2233 5514 proclivius
2259 5440 2525 5514 feminini.
2575 5441 2726 5496 Unde
2756 5440 3065 5514 Pagninus:
3092 5443 3155 5496 In
3178 5458 3282 5514 una
3312 5451 3492 5514 torque

1922 5508 2045 5565 colli
2066 5511 2163 5566 tui.
2192 5508 2374 5581 ναις..
2426 5512 2477 5564 in
2506 5528 2609 5567 uno
2658 5508 2969 5574 crinefalii
3001 5514 3058 5565 ὲν
3091 5515 3171 5565 ἑνὶ
3207 5508 3488 5580 πλοκάμιοι,

1922 5582 1976 5635 in
1999 5598 2102 5635 uno
2133 5582 2395 5635 cincinno.
2421 5584 2546 5645 Aut,
2583 5599 2710 5637 num
2744 5585 2903 5637 aliam
2937 5597 3121 5637 vocem
3161 5581 3492 5647 responden-

1921 5659 2031 5705 tem
2070 5651 2193 5706 voci
2225 5651 2499 5707 Hebraic:e
2525 5661 2841 5722 posuerunt,
2869 5668 2988 5721 quae
3017 5649 3366 5722 sicfeminini
3394 5668 3486 5720 ge-

1923 5723 2070 5777 neris
2098 5732 2262 5786 esset,
2289 5737 2447 5792 quam
2469 5718 2612 5776 velut
2627 5718 2984 5791 oppositione,
3005 5718 3185 5792 verbis
3201 5718 3318 5792 his,
3334 5718 3492 5775 ὲνθὲ-

1928 5809 2056 5863 ματι
2085 5793 2192 5847 τῶν
2219 5787 2526 5865 τραχήλων,
2555 5787 2759 5847 clarius
2776 5787 3127 5862 exposuerint
3146 5788 3172 5832 9
3198 5789 3275 5843 in.
