4056 6302
566 297 676 356 127
954 309 959 313 ’
1560 301 1615 354 S.
1659 298 1990 356 METIIODII
2025 301 2337 359 EPISCOPI
2379 304 2466 359 ET
2508 301 2867 360 MARTYBIS

1550 438 1679 494 CAP.
1714 438 1776 493 ll.
1813 437 1942 493 Loci
1961 439 2120 495 Cant.
2160 457 2235 507 Iv,
2260 441 2413 503 9-l2.
2450 406 2833 511 interpretatio.

640 559 883 630 Cogitate
912 559 1077 621 enim,
1108 575 1142 613 0
1166 560 1437 632 virgines;
1477 561 1619 631 quod
1644 562 1716 616 ita
1763 576 2020 632 sponsam
2059 563 2139 615 al-
2169 574 2211 630 Α

571 651 831 723 loquitur,
854 652 1137 708 Abstulisti
1158 653 1306 708 nobis
1344 670 1437 708 cor
1468 671 1573 708 uno
1603 656 1876 709 oculorum
1904 665 2136 720 tuorum,

571 745 940 815 perspicacem
1010 746 1119 799 vim
1180 746 1375 802 mentis
1428 746 1799 818 intelligentim
1848 747 2136 813 ostendit;

570 845 858 907 postquam
883 836 1094 891 scilicet
1124 837 1285 893 homo
1311 838 1535 893 interior
1561 853 1681 894 eam
1718 838 2005 894 deterserit
2032 840 2143 910 pla-

569 944 744 998 neque
775 928 1139 993 mundaverit,
1167 938 1223 984 ut
1247 930 1507 1000 liquidius
1536 930 1819 986 veritatem
1842 931 2135 988 intueatur.

2239 840 2514 911 ὀφθαλμὸν
2557 840 2857 895 δείκνυσιν·
2902 840 3063 894 ὁπότε
3095 839 3159 912 δὴ
3186 838 3375 892 τοῦτον
3404 840 3433 892 6
3463 838 3589 892 ἔσω
3630 837 3902 909 (τμήξας

2240 933 2524 1005 ἄνθρωπος
2564 933 2821 1005 καθαρῶς
2851 934 3176 1008 τρανότερον
3227 932 3326 1004 τὴν
3376 931 3677 1003 ἀλήθειαν
3747 932 3901 983 ἐπο-

3810 303 3933 357 128

2323 563 2718 633 Ἐπισκέψασθε
2759 562 2890 634 γὰρ,
2920 562 3002 616 ὅτι
3028 561 3542 631 τὸ,Ἑκαρδ[ωσας
3584 561 3834 628 ἡμας,
3873 554 3925 613 ὧ

2242 657 2519 728 παρθένοι,
2548 655 2838 728 λεγόμενον
2866 656 3003 728 πρὸς
3044 655 3206 709 αὐτοῦ
3234 658 3300 727 τῇ
3336 655 3561 726 νύμφῃ,
3597 653 3730 707 ἐνὶ
3770 654 3920 707 ἀπὸ

2241 748 2563 819 ὀφθαλμῶν
2631 764 2787 816 σου,
2836 749 2928 803 τὸν
2984 746 3286 821 διορατικδν
3340 748 3446 815 τῆς
3510 748 3909 817 φρονήσεως

567 1018 847 1091 Duplicem
881 1022 1023 1076 enim
1058 1037 1180 1077 esse
1208 1023 1450 1086 oculum,
1487 1023 1719 1077 alterum
1751 1022 1940 1090 animi,
1977 1033 2140 1094 atque

567 1114 798 1168 alterum
853 1115 1119 1183 corporis,
1185 1115 1360 1171 cuivis
1422 1113 1771 1170 manifestum
1826 1124 1930 1172 est.
1983 1115 2140 1171 Haud

565 1205 846 1260 enimvero
875 1222 999 1261 eum
1033 1209 1126 1277 qui
1157 1215 1243 1263 est
1276 1208 1544 1278 corporis,
1590 1222 1649 1262 se
1685 1223 1867 1264 amare
1900 1207 2139 1264 Verbum

564 1296 873 1366 profitetur,
910 1298 1004 1353 sed
1039 1299 1304 1353 duntaxat
1347 1314 1471 1354 eum
1520 1299 1613 1370 qui
1640 1308 1723 1354 est
1751 1300 1969 1365 mentis,
2009 1300 2139 1356 dum

566 1390 682 1452 ait,
725 1390 1012 1445 Abstulisti
1055 1392 1204 1446 nobis
1249 1409 1339 1446 cor
1378 1394 1434 1446 in
1465 1409 1568 1447 uno
1601 1395 1873 1448 oculorum
1904 1404 2135 1458 tuorum,

565 1491 617 1537 et
648 1483 703 1535 in
733 1499 836 1536 uno
865 1494 1171 1537 ornamento
1205 1484 1327 1538 colli
1352 1484 1448 1538 tui.
1479 1483 1644 1550 Quasi
1673 1485 1879 1542 diceret
1911 1505 1924 1539 :
1954 1485 2034 1541 Tu
2063 1486 2142 1540 ιιί-

568 1576 810 1640 mirum,
865 1576 1258 1632 amabilissimo
1309 1577 1611 1648 prudentiae
1666 1586 1773 1633 tua:
1831 1579 2023 1634 obtutu
2085 1578 2139 1632 in

571 1682 810 1722 amorem
837 1682 933 1722 cor
962 1678 1210 1726 nostrum
1240 1671 1502 1734 incitasti,
1536 1686 1603 1726 ac
1630 1672 1787 1741 quasi
1828 1672 1893 1725 ad
1932 1678 1985 1727 te
2013 1687 2142 1726 avo-

570 1758 687 1814 lare
727 1758 925 1826 fecisti,
975 1762 1237 1816 mundum
1283 1763 1354 1819 ab
1395 1764 1542 1818 intus
1575 1763 1845 1819 castitatis
1884 1765 2139 1820 evibrans

572 1853 1089 1923 splendidissimum.
1107 1853 1224 1909 1am
1243 1856 1384 1911 enim
1400 1857 1521 1911 colli
1537 1867 1853 1911 ornamenta
1878 1869 2141 1913 vocantur

2241 1026 2446 1079 πτεύει.
2475 1025 2673 1098 Δισσὴν
2713 1025 2822 1098 γὰρ
2865 1024 3039 1096 ὂψεως
3068 1020 3205 1078 εἶναι
3234 1023 3463 1095 δύναμιν
3508 1023 3721 1077 παντί
3776 1037 3897 1078 που

2240 1118 2577 1189 καταφανές·
2629 1117 2757 1190 μίαν
2806 1117 2907 1188 μὲν
2950 1117 3149 1189 ψυχῆς,
3194 1116 3424 1189 θατέραν
3454 1116 3511 1169 δὲ
3550 1115 3893 1186 σώματος.

2252 1209 2391 1262 Ἀλλ’
2425 1210 2546 1280 οὐχὶ¹
2572 1208 2673 1281 τῆς
2700 1207 2791 1261 τοῦ
2828 1206 3077 1279 σώματος
3105 1210 3235 1279 ὲρᾷν
3275 1209 3304 1260 6
3342 1208 3513 1276 Λόγος
3548 1207 3894 1279 ὁμολογεῖ,

2241 1302 2371 1358 axx;
2420 1302 2518 1373 τῆς
2566 1302 2706 1356 κατὰ
2747 1301 2985 1357 διάνοιαν
3043 1302 3222 1373 μόνον,
3263 1302 3360 1355 Ἐν
3399 1301 3513 1366 ἑνὶ,
3575 1301 3885 1371 φάσκων,

2240 1395 2606 1464 ἐκαρδίωσας
2631 1393 2789 1465 ἡμᾶς
2812 1394 2929 1449 ἀπὸ
2959 1393 3281 1464 ὀφθαλμῶν
3305 1410 3444 1458 σου,
3472 1394 3582 1448 καὶ
3636 1394 3730 1448 ἐν
3756 1392 3889 1464 μιᾷ

2240 1486 2514 1557 ἐνθέματι
2544 1487 2850 1558 τραχήλου
2892 1501 3030 1541 σου.
3052 1487 3226 1557 Ὅπερ
3258 1486 3425 1541 ἐστίν’
3450 1480 3521 1537 ’Ὦ
3550 1484 3757 1555 αὕτη,
3794 1486 3884 1557 τῷ

2242 1581 2528 1653 ὲπεράστῳ
2558 1597 2650 1633 σου
2695 1579 2965 1651 βλέμματι
2998 1577 3099 1648 τῆς
3131 1575 3401 1640 συνέσεως
3431 1576 3880 1649 άνεπτέρωσας

2241 1671 2398 1744 ἡμῶν
2442 1672 2541 1744 τὴν
2585 1672 2810 1744 καρδίαν
2857 1673 2939 1734 είς
2980 1670 3162 1734 πόθον,
3200 1668 3400 1722 ἔσωθεν
3430 1668 3524 1722 τὸν
3567 1667 3875 1741 ἀρίδηλον

2241 1766 2446 1837 κόσμον
2492 1764 2939 1837 ὲξαστράπτουσα
2980 1762 3077 1833 τῆς
3126 1759 3872 1832 σωφροσύνης.Ἐνθὲματα

2241 1859 2351 1930 γάρ
2381 1857 2652 1931 τραχήλου
2682 1856 2926 1910 καλεῖται
2953 1854 3022 1908 τὰ
3052 1854 3390 1929 περιδέραια,
3421 1850 3490 1906 τά
3528 1852 3598 1905 ὲκ
3656 1849 3867 1904 ποικί-

570 1951 793 2016 torques
821 1956 914 2000 aut
950 1948 1192 2013 monilia,
1234 1965 1299 2004 ex
1331 1948 1499 2004 variis
1529 1956 1582 2003 et
1613 1950 1869 2019 pretiosis
1913 1952 2142 2021 gemmis

2246 1954 2352 2007 λων
2394 1951 2489 2007 καὶ
2519 1952 2717 2023 τιμίων
2750 1949 3105 2020 συντιθέμενα
3131 1948 3315 2001 λίθων.
3332 1945 3469 2000 Ἀλλ’
3498 1946 3561 1997 αἱ
3590 1945 3710 2015 μὲν
3744 1960 3863 1996 σω-

569 2045 845 2092 contexta.
887 2038 1155 2095 Caeterum
1204 2057 1324 2111 quae
1379 2042 1628 2112 corporis
1680 2042 1852 2096 cultui
1919 2044 2142 2098 student

564 2130 777 2195 animae,
822 2133 1131 2190 sensibilcm
1164 2134 1309 2188 hunc
1350 2136 1637 2195 mundum,
1668 2135 1925 2190 exteriori
1956 2135 2141 2190 carnis

561 2224 762 2279 cervici
795 2226 860 2280 ad
894 2224 1136 2280 fraudem
1167 2227 1560 2281 contuentibus
1596 2226 1925 2291 faciendam,
1973 2242 2144 2297 appo-

563 2325 731 2383 nunt;
765 2326 958 2372 contra
992 2333 1123 2373 vero
1158 2334 1278 2389 quae
1310 2319 1474 2372 vitam
1504 2326 1657 2375 caste
1695 2320 2011 2384 instituunt,
2056 2320 2143 2374 in-

527 2397 543 2415 ’
563 2410 818 2464 acriorem
860 2408 962 2464 sibi
992 2411 1256 2466 mundum
1289 2411 1571 2475 adhibent,
1604 2427 1668 2466 ex
1709 2413 1966 2483 pretiosis
1988 2428 2144 2468 vere-

564 2515 671 2570 que
703 2499 870 2554 variis
907 2501 1103 2571 lapillis
1151 2502 1489 2572 gemmisque
1519 2503 1817 2569 (libertate,
1857 2503 2144 2574 magnani-

565 2592 773 2653 mitate.
817 2593 1103 2663 sapientia,
1130 2594 1422 2667 charitate)
1451 2595 1778 2664 conﬂatum;
1819 2612 2010 2667 parum
2046 2611 2142 2651 cu-

564 2692 772 2749 rantes,
825 2684 959 2741 istos
996 2702 1092 2756 pro
1136 2687 1322 2743 saeculi
1356 2704 1460 2743 usu
1483 2689 1591 2744 cito
1634 2688 1943 2746 dilﬂuentes
1978 2704 2143 2745 orna—

565 2784 676 2839 tus,
711 2776 804 2846 qui
848 2776 1097 2832 foliorum
1124 2779 1233 2832 ritu
1265 2779 1329 2834 ad
1358 2788 1573 2852 tempus
1597 2778 1852 2837 ﬂorentes
1884 2782 2142 2834 mutatio-

565 2866 727 2924 nibus
751 2870 996 2940 corporis
1022 2886 1120 2941 per
1148 2880 1319 2927 statas
1352 2873 1499 2931 vices
1542 2874 1983 2945 contingentibus
2014 2888 2143 2928 eva-

564 2969 816 3016 nescunt.
842 2961 1046 3033 Duplex
1084 2965 1226 3019 enim
1259 2966 1311 3019 in
1345 2965 1564 3023 homine
1586 2967 1822 3022 mundus
1852 2966 2096 3021 cernitur
2124 2984 2140 3021 :

490 3058 495 3061 ‘
564 3063 797 3119 quorum
827 3050 1054 3105 alterum
1080 3053 1172 3122 qui
1208 3052 1435 3109 interior
1461 3063 1545 3110 est
1573 3071 1635 3110 ac
1663 3055 2009 3120 immortalis,
2036 3056 2142 3111 Do-

565 3138 749 3195 minus
785 3141 1006 3210 accipit,
1042 3158 1131 3197 cor
1160 3145 1261 3199 sibi
1292 3145 1551 3208 ablatum,
1583 3146 1792 3211 dicens,
1831 3147 1885 3200 in
1913 3163 2018 3200 uno
2053 3163 2143 3200 or-

568 3243 815 3286 namento
849 3234 974 3288 colli
998 3250 1240 3305 sponsae;
1268 3237 1426 3307 quasi
1465 3239 1755 3308 pellcctum
1796 3254 1855 3295 se
1888 3247 2051 3309 atque
2073 3237 2141 3293 ad

566 3338 804 3380 amorem
829 3341 1121 3383 accensum
1150 3328 1487 3400 signiﬁcans,
1512 3329 1802 3400 splendore
1827 3331 1893 3385 ab
1918 3331 2142 3385 interio-
2169 3315 2210 3373 (ἶ

564 3414 644 3469 ris
673 3414 913 3471 hominis
957 3418 1158 3473 vestitu
1200 3420 1490 3483 emicante,
1535 3419 1611 3473 uti
1650 3426 1706 3475 et
1733 3418 2023 3475 Psalmista
2056 3428 2142 3473 te-

564 3512 762 3573 statur,
790 3508 920 3562 dum
944 3525 1149 3564 omnem
1167 3511 1395 3582 gloriam
1420 3510 1549 3579 ﬁlia:
1577 3511 1714 3582 regis
1748 3508 1813 3564 ab
1842 3512 1985 3564 intus
2006 3525 2120 3564 esse

563 3598 639 3651 ait
662 3597 730 3653 “.

2250 2043 2556 2117 μασκοῦσαι
2586 2043 2757 2113 ψυχαὶ
2782 2042 2872 2095 τὸν
2904 2040 3157 2112 αἰσθητὸν
3201 2038 3407 2092 τουτονὶ⁵
3449 2037 3669 2106 κόσμον
3698 2034 3865 2106 ἀμφὶ

2246 2137 2337 2191 τὸν
2362 2134 2631 2208 τράχηλον
2676 2134 2769 2186 τὸν
2816 2131 2920 2199 ἔξω
2960 2133 3057 2204 τῆς
3089 2130 3288 2201 σαρκὸς
3321 2126 3669 2200 περιτιθέασι
3705 2125 3862 2198 πρὸς

2248 2228 2464 2299 ἀπάτην
2512 2226 2621 2280 τῶν
2661 2224 2981 2296 θεωμένων·
3031 2226 3086 2277 αἱ
3136 2222 3193 2276 δὲ
3238 2220 3566 2291 ἁγνεύουσαι
3616 2217 3857 2271 ἔνδοθεν

2248 2319 2483 2392 ἔμπαλιν
2509 2318 2601 2373 τὸν
2632 2318 2834 2389 κόσμον
2862 2317 3197 2384 ὲξάπτονται,
3227 2315 3316 2369 τὸν
3346 2313 3455 2368 ἀπὸ
3484 2313 3597 2366 τῶν
3629 2311 3853 2383 τιμίων

2248 2412 2344 2467 καὶ
2387 2411 2646 2465 ποικίλων
2694 2410 2770 2475 ὼς
2816 2408 3030 2481 άληθῶς
3073 2407 3429 2478 συγκείμενον
3476 2402 3643 2457 λίθων
3665 2443 3684 2466 ,
3737 2401 3850 2473 τῆς

2248 2503 2580 2576 ἐλευθερίας,
2610 2502 2709 2575 τῆς
2762 2499 3261 2573 μεγαλοφροσύνης,
3314 2499 3414 2569 τῆς
3466 2497 3686 2566 σοφίας,
3733 2495 3847 2564 τῆς

2246 2596 2466 2668 ἀγάπης
2499 2594 2631 2666 (95)·
2662 2593 2818 2662 ὀλίγα
2858 2592 3211 2664 φροντίσασαι
3257 2591 3365 2645 τῶν
3395 2589 3521 2661 τῇδε
3556 2586 3842 2659 προσκαί-

2250 2707 2357 2762 ρων
2389 2686 2782 2758 ποικιλμάτων,
2811 2684 2848 2740 ἃ
2886 2684 3098 2754 φύλλων
3130 2684 3285 2754 δίκην
3326 2683 3462 2755 πρὸς
3505 2681 3655 2752 ὤραν
3696 2678 3838 2733 θάλε-

2247 2782 2407 2836 λοντα
2454 2779 2936 2848 συναφαυαίνονται
2978 2776 3072 2831 τοῦ
3123 2775 3370 2846 σώματος
3413 2776 3533 2837 ταῖς
3571 2772 3833 2842 aperui;

2246 2871 2478 2936 Διπλοῦς
2503 2871 2611 2943 γὰρ
2658 2872 2687 2924 6
2734 2870 2860 2942 napi.
2886 2870 2977 2923 τὸν
3002 2869 3283 2940 ἄνθρωπον
3311 2866 3556 2938 φαίνεται
3597 2863 3832 2934 κόσμος,

2248 2959 2321 3020 ὧν
2353 2965 2445 3019 τὸν
2491 2963 2637 3018 ἔνδον
2676 2965 2705 3017 6
2744 2961 2948 3034 Κύριος
2991 2961 3355 3031 ἀποδέχεται,
3380 2958 3477 3011 τὸν
3525 2957 3829 3026 ἀκήρατον,

2259 3060 2343 3111 Ἐς
2394 3055 2523 3128 μιᾷ,
2557 3056 2749 3125 λέγων,
2783 3054 3102 3124 τραχήλων
3132 3051 3406 3122 ένθέματι
3436 3047 3548 3118 τῆς
3582 3050 3830 3117 νύμφης

2247 3148 2677 3219 κεκαρδιῶσθαι
2696 3167 2708 3179 ·
2741 3150 2925 3211 οἱονεὶ,
2955 3147 3048 3201 τοῦ
3077 3145 3279 3199 ἔσωθεν
3299 3142 3584 3214 ἀνθρώπου
3602 3140 3702 3210 τῆς
3731 3155 3828 3193 κα-

2245 3241 2509 3314 ταστολῆς
2540 3241 2735 3313 αἴγλην
2775 3239 3207 3297 ἀποστίλϐοντος.
3239 3235 3477 3308 ὠρέχθαι
3509 3231 3823 3304 σημαίνωνο

2245 3333 2321 3396 ὣς
2352 3349 2454 3385 που
2495 3332 2587 3385 καὶ
2629 3332 2658 3384 ό
2686 3329 2972 3402 ψαλμῳδὸς
3003 3331 3289 3401 μαρτυρεῖ,
3323 3324 3515 3391 Πᾶσα,
3549 3324 3747 3394 λέγων,
3782 3321 3824 3393 ἠ

2246 3422 2395 3489 δόξα
2417 3421 2527 3492 τῆς
2557 3422 2849 3494 θυγατρὸς
2874 3421 2980 3475 τοῦ
2995 3419 3303 3485 ,βασιλέως
3318 3418 3573 3490 ⁴ἔσωθεν.

1229 3714 1359 3771 CAP.
1390 3715 1480 3770 Ill.
1521 3715 1782 3787 Virgines,
1812 3716 1942 3785 ἔρδω
1964 3723 2248 3785 martyres,
2288 3714 2425 3767 inter
2445 3711 2646 3766 Christi
2682 3709 2915 3774 sodales,
2948 3708 3160 3779 primm.

634 3820 810 3877 Nolim
830 3840 960 3879 vero
979 3827 1251 3898 quispiam
1273 3829 1550 3883 existimet
1574 3828 1875 3898 improbari
1902 3843 1967 3882 ac
1987 3828 2142 3897 rejici

561 3914 723 3968 aliam
770 3917 1169 3971 multitudinem
1219 3919 1576 3984 credentium,
1611 3927 1810 3989 putans
1854 3935 1956 3975 nos
1996 3922 2143 3975 solas

561 4005 802 4075 virgines
824 4006 1189 4063 introductum
1224 4009 1311 4074 iri,
1350 4011 1619 4079 petituras
1643 4011 1802 4067 bonis
1828 4012 2139 4082 promissis,

563 4113 677 4151 non
720 4096 1050 4167 intelligens,
1080 4101 1256 4154 tribus
1297 4116 1517 4171 quoque
1551 4110 1604 4156 et
1636 4104 2014 4174 cognationes,
2049 4120 2142 4159 or-

563 4190 830 4258 dinesque
870 4198 924 4245 et
969 4192 1174 4246 classes
1220 4190 1457 4256 futuras,
1491 4208 1589 4262 pro
1618 4194 1887 4265 cujusque
1920 4195 2140 4249 illorum

565 4280 692 4336 lidei
717 4282 944 4337 ratione.
965 4281 1023 4336 ld
1048 4282 1190 4351 quod
1211 4290 1262 4336 et
1285 4281 1484 4336 Paulus
1508 4282 1774 4353 signiﬁcat
1795 4285 1924 4339 dum
1949 4284 2031 4339 ait
2052 4284 2095 4316 "’
2122 4302 2137 4339 :

565 4374 693 4428 Alia
722 4374 942 4428 claritas
987 4374 1137 4441 solis,
1168 4374 1282 4428 alia
1319 4374 1541 4429 claritas
1581 4374 1742 4440 (ante,
1774 4376 1887 4430 alia
1916 4378 2139 4431 claritas

565 4464 866 4520 stellarum.
895 4464 1066 4521 Stella
1093 4465 1273 4535 differt
1307 4483 1341 4519 a
1372 4465 1530 4521 stella
1557 4466 1612 4519 in
1642 4465 1890 4521 claritate
1922 4484 1941 4520 :
1980 4469 2056 4522 ita
2091 4478 2141 4523 et

2316 3827 2407 3899 Μὴ
2437 3822 2865 3895 ὑπολαμϐανέτω
2895 3821 2952 3875 δέ
2994 3838 3099 3885 τις,
3146 3819 3532 3893 ἀποκρίνεσθαι
3570 3818 3674 3892 (96)
3720 3820 3815 3875 τὸν

2246 3920 2430 3992 ἕτερον
2460 3917 2644 3990 ὅμιλον
2685 3915 2793 3969 τῶν
2842 3913 3303 3977 πεπιστευκότων,
3341 3911 3496 3977 δόξας
3534 3913 3672 3983 ἡμᾶς
3714 3914 3813 3978 τὰς

2248 4010 2549 4084 παρθένους
2595 4010 2760 4081 μόνας
2800 4003 3137 4088 εἰσηγεῖσθαι
3169 4002 3495 4074 τευξομένας
3524 4021 3615 4076 της
3641 4007 3810 4074 ἐπαγ..

2248 4103 2429 4173 γελίας
2448 4120 2462 4132 ο
2497 4103 2558 4155 οὐ
2590 4101 2908 4172 συννοήσας,
2942 4101 3025 4153 ὅτι
3053 4098 3148 4152 καὶ
3178 4097 3338 4166 φυλαὶ
3361 4097 3454 4150 καὶ
3483 4098 3694 4167 πατριαὶ
3716 4098 3807 4152 καὶ

2246 4194 2503 4265 τάγματα
2558 4195 2678 4247 κατ’
2708 4190 2998 4259 ἀναλογίαν
3049 4190 3277 4244 ἑκάστου
3332 4188 3541 4242 ἔσονται
3577 4189 3670 4260 τῆς
3717 4190 3805 4244 πί-

2248 4303 2434 4350 στεως.
2461 4287 2573 4340 Καὶ
2597 4284 2753 4338 τοῦτο
2778 4284 2872 4338 καὶ
2904 4281 3113 4346 Παῦλος
3138 4282 3638 4356 διαγράφει,Ἀλλη
3660 4281 3801 4348 δόξα

2246 4377 2447 4444 ἡλίου,
2481 4376 2579 4429 καὶ
2613 4374 2774 4442 ἄλλη
2804 4372 2953 4438 δόξα
2979 4372 3268 4442 σελήνης,
3315 4372 3508 4443 λέγων,
3536 4373 3625 4427 καὶ
3649 4371 3798 4444 ἄλλη

2247 4468 2397 4535 δόξα
2440 4469 2728 4536 ἀστέρων.
2746 4465 2956 4534 Ἀστὴρ
2993 4466 3103 4535 γὰρ
3148 4464 3402 4534 ἀστέρος
3438 4464 3683 4535 διαφέρει
3731 4465 3801 4519 ἐν

565 4560 880 4613 resurrectio
930 4570 1281 4613 mortuorum.
1336 4558 1402 4614 Et
1453 4557 1716 4639 Dominus
1763 4574 1874 4614 non
1920 4560 2140 4615 eosdem

2247 4562 2395 4633 δόξῃ
2417 4579 2429 4591 ³
2462 4561 2615 4614 οὕτω
2661 4559 2761 4615 καὶ
2787 4560 2826 4628 ἡ
2855 4558 3193 4624 ἀνάστασις
3229 4557 3348 4612 τῶν
3375 4557 3614 4626 νεκρῶν.
3642 4557 3740 4611 Καὶ
3764 4559 3794 4611 6

565 4652 822 4707 omnibus
848 4667 908 4707 se
947 4652 1183 4708 honores
1230 4653 1485 4707 daturum
1526 4655 1835 4724 profitetur,
1877 4652 1974 4708 sed
2003 4653 2142 4708 alios

2247 4654 2452 4726 Κύριος
2488 4652 2544 4706 δὲ
2574 4651 2634 4706 οὐ
2668 4654 2801 4705 πᾶσι
2820 4650 2918 4715 τὰς
2946 4650 3112 4714 αὐτὰς
3139 4650 3392 4721 ὁμολογεῖ
3408 4649 3600 4703 διδόναι
3621 4648 3787 4718 τιμὰς,

566 4744 827 4799 caelorum
847 4762 1011 4818 regno
1040 4754 1385 4815 annumerat,
1413 4749 1534 4804 aliis
1551 4757 1710 4803 terra:
1739 4747 2138 4818 possessionem

568 4836 873 4906 pollicetur,
903 4839 1041 4893 alios
1069 4840 1336 4909 promittit
1359 4841 1575 4895 visuros
1613 4839 1831 4895 Patrem
1861 4839 1926 4892 ³³.
1958 4838 2139 4905 Quare

565 4934 621 4981 et
655 4927 743 4980 hic
776 4929 1007 4996 primum
1037 4930 1287 4987 ordinem
1323 4939 1378 4987 et
1423 4932 1649 4988 chorum
1693 4938 2137 4988 consecratarum

566 5020 673 5092 ipsi
725 5022 993 5092 virginum
1045 5024 1101 5078 in
1155 5024 1399 5095 requiem
1466 5040 1730 5081 novorum
1789 5024 2138 5085 saaculorum.

564 5123 824 5185 tanquam
856 5116 910 5170 in
944 5117 1261 5181 thalamum,
1295 5120 1350 5174 in
1383 5135 1483 5175 suo
1516 5122 1774 5174 comitatu
1812 5132 1998 5174 secum
2049 5116 2138 5170 in—

563 5208 963 5265 troducendum
983 5226 1051 5266 ex
1080 5211 1304 5265 oraculo
1332 5213 1549 5282 promit.
1579 5210 1801 5267 Functae
1826 5210 1971 5266 enim
2000 5223 2142 5263 mar-

564 5302 708 5375 tyrio
735 5309 887 5367 sunt,
920 5317 1029 5357 non
1063 5303 1129 5357 ad
1168 5305 1331 5359 breve
1353 5304 1614 5375 temporis
1643 5310 1979 5359 momentum
2010 5316 2138 5355 sus-

2248 4746 2360 4800 ἁλλ’
2380 4746 2587 4816 ἑτέροις
2607 4744 2706 4817 μὲν
2723 4746 2779 4798 ἐν
2797 4742 3044 4815 βασιλεία
3057 4742 3165 4813 (97)
3183 4741 3593 4812 καταριθμεῖται
3607 4739 3701 4791 τῶν
3714 4741 3793 4793 ού-

2249 4835 2445 4908 ρανῶν,
2462 4835 2643 4899 ἄλλοις
2664 4834 3025 4906 κληρονομίαν
3043 4831 3432 4901 ἐπαγγέλλεται
3455 4831 3556 4902 γῆς
3606 4829 3787 4900 ἑτέροις

2240 4929 2467 4999 ὄψεσθαι
2492 4928 2584 4980 τὸν
2614 4927 2855 4999 Πατέρα.
2891 4928 3001 4980 Καὶ
3027 4926 3091 4996 δὴ
3115 4925 3210 4978 καὶ
3237 4922 3470 4978 ἐνταῦθα
3501 4922 3691 4994 πρῶτον
3731 4922 3785 4976 τὸ

2239 5014 2428 5091 τάγμα
2460 5018 2556 5072 καὶ
2582 5018 2672 5071 τὸν
2696 5018 2856 5090 χορὸν
2889 5017 2981 5071 τὸν
3012 5015 3165 5085 ἅγιον
3195 5014 3486 5093 αὑτῷητῶν
3512 5011 3778 5085 παρθένων,

2240 5111 2428 5183 ὥσπερ
2465 5113 2546 5175 εἰς
2570 5109 2856 5181 νυμφῶνα,
2883 5108 2979 5180 τὴν
3005 5108 3308 5162 ἀνάπαυσιν
3337 5107 3444 5161 τῶν
3472 5104 3653 5161 καινῶν
3672 5102 3782 5156 alii»

2241 5221 2348 5258 νων
2427 5198 2836 5273 ὲφομαρτοῦντα
2914 5196 3414 5252 συνεισελεύσεσθαι
3487 5192 3775 5268 χρησμῳδεῖ.

2255 5293 2672 5366 Ἐμαρτύρησαν
2703 5290 2813 5362 (98)
2842 5290 2970 5360 γὰρ,
3000 5291 3061 5344 οὐ
3084 5289 3224 5344 κατά
3244 5306 3297 5342 τι
3329 5287 3516 5361 μόριον
3539 5286 3702 5358 χρόνον
3725 5287 3778 5337 ὲν

669 5398 716 5431 ³⁸
751 5397 908 5454 Ρεαί.
952 5415 1101 5467 xuv,
1125 5400 1211 5455 M.
1287 5398 1330 5433 ³⁷
1373 5400 1403 5454 1
1437 5399 1559 5455 Cor.
1593 5417 1682 5467 xv,
1712 5391 1800 5454 41.
1880 5398 1926 5430 ³⁸
1965 5393 2159 5450 Matth.
2200 5409 2251 5447 v.

636 5491 748 5563 (95)
780 5492 1056 5561 Ἀγάπης.
1094 5491 1170 5546 lta
1198 5493 1371 5548 codex
1386 5491 1509 5547 Vat.
1544 5499 1599 5547 et
1631 5491 1937 5563 Possinins.
1978 5488 2131 5541 Alla-

565 5563 680 5633 ῑὶιις⁸
704 5560 832 5617 vero
848 5560 994 5618 cum?
1016 5580 1117 5619 ms.
1160 5563 1360 5621 Mazar.
1387 5603 1402 5626 ,
1440 5561 1810 5633 σωφροσύνης.
1837 5560 2131 5633 Cononis.

638 5631 749 5702 (96)
777 5634 1250 5702 ’Arroxplrwam.
1285 5633 1376 5688 Sic
1408 5629 1669 5701 All-alius;
1708 5629 1809 5689 nis.
1839 5629 1987 5695 Vat.,
2011 5641 2136 5682 cum
2199 5678 2208 5687 ,

570 5701 833 5776 l’ossinio,
866 5701 1282 5776 ἀποκρούεσθαι.
1314 5702 1390 5760 In.

640 5771 751 5836 (97)
793 5772 894 5826 Ἐν
930 5765 1215 5840 βασιλείᾳ
1270 5775 1718 5840 καταριθμεῖται.
1788 5770 2016 5828 Allatius
2050 5765 2139 5823 ἐπὶ

2238 5482 2307 5536 τὰ
2357 5481 2623 5552 βασίλεια.
2668 5477 2992 5552 ΔῙιςξειίοηοῑη
3029 5484 3283 5552 postram
3338 5493 3405 5533 ex
3495 5474 3772 5552 vat._c_od.

2241 5545 2831 5637 expressitPossinius.
2852 5549 2926 5602 In.
2942 5581 3009 5589 —
3028 5548 3188 5604 Forte
3206 5549 3308 5619 leg.
3343 5545 3770 5618 καταριθμεῖσθαι,

2246 5626 2934 5765 ωξὲἑόῃεὲἷιῗιρτύρησαν.
2993 5690 3159 5756 Quasi
3221 5690 3532 5760 martyrium
3559 5687 3766 5758 fecerunt.

4001 2016 4003 2063 Ι
