4056 6302
84 313 227 370 129
1182 314 1567 371 εοΝνινιυΜ
1604 316 1681 371 ΒΕ

1777 319 1837 374 ἰΜ
1882 318 2243 382 VlRGlNUM.
3257 335 3362 390 130

84 429 316 501 βραχεῖ
344 431 757 504 καρτερήσασαι
791 431 1059 501 σωμάτων
1088 430 1403 502 ἀχθηδόνας,
1437 429 1571 484 ἀλλά
1615 432 1681 485 an

1802 434 2039 493 tinentes
2080 453 2369 509 corporum
2407 442 2743 512 gravamiua,
2795 441 2889 498 sed
2918 444 3096 514 quoad
3134 445 3243 500 vita
3271 462 3366 501 su-

80 521 325 585 παντὸς
360 519 628 592 τλήσασαι
676 521 772 574 τοῦ
825 522 963 592 βίου,
997 523 1072 593 μὴ
1101 521 1575 576 ἀποδειλιάσασθαι
1604 523 1681 577 τοι

1800 537 2010 596 perstes
2056 525 2176 592 fuit,
2212 529 2503 586 tolerantes
2535 532 2801 600 laborum,
2835 532 3207 605 Olympiacum
3237 552 3367 593 vere

82 608 311 678 ἀγῶνα
383 610 475 663 τὸν
517 610 885 681 Ὀλυμπιακὸν
962 610 1175 684 ἀληθῶς
1243 610 1526 684 διαθλῆσαι
1598 614 1681 685 τῆς

1798 618 2134 675 castimoniae
2170 636 2396 692 agonem
2425 622 2636 679 fortiter
2662 625 2816 680 obire
2842 641 2949 680 non
2979 626 3361 695 formidarunt,

80 701 340 771 ἁγνείας
358 718 372 733 ·
404 701 661 773 βασάνοις
690 720 751 757 τε
778 703 886 775 γὰρ
919 705 1127 776 ἀγρίοις
1158 703 1361 776 ἡδονῶν
1390 705 1485 758 καὶ
1514 704 1681 776 φόϐοις

1799 709 2063 780 saevisque
2086 711 2423 782 voluptatum
2458 718 2744 773 tormentis
2775 724 2828 771 et
2859 721 3151 788 pavoribus
3184 736 3248 775 ac
3275 724 3368 778 do-

84 791 207 846 καἾ.
257 792 458 858 λύπαις
500 795 870 866 ἀντισχοῦσαι,
899 797 1134 862 καὶτοῖς
1164 797 1344 862 ἄλλοις
1385 796 1488 868 τῆς
1528 814 1681 870 πονη-

1799 800 2031 865 loribus,
2057 803 2287 874 aliisque
2312 805 2591 860 hominum
2626 809 2878 878 nequitiae
2918 811 3077 867 malis
3106 813 3367 869 resisten-

96 881 235 954 ρίας
287 883 399 937 τῶν
447 884 750 955 ἀνθρώπων
782 888 990 953 κακοῖς,
1022 887 1389 959 ἀποφέρονται
1436 886 1508 941 τὰ
1559 888 1681 961 γέρα

1797 899 1903 958 tes,
1938 895 2124 964 prima:
2143 906 2268 952 ante
2301 897 2436 954 alios
2466 913 2691 953 munera
2720 901 2773 954 in
2796 902 3111 959 melioribus
3140 907 3367 975 promis-

101 975 335 1045 πρῶται
383 976 494 1031 τῶν
538 978 733 1044 ἄλλων,
761 981 840 1044 είς
867 981 958 1034 τὸν
993 981 1199 1052 ἀμείνω
1229 982 1331 1052 τῆς
1368 981 1681 1051 ἐπαγγελίας

1798 987 1971 1043 sionis
1999 987 2134 1043 locis
2153 989 2431 1046 collocatae
2456 1001 2752 1063 reportant.
2780 995 3022 1067 Denique
3052 997 3153 1054 has
3188 999 3364 1055 solum

99 1066 516 1138 ὲκτασσόμεναι
548 1067 744 1141 χῶρον.
764 1071 977 1141 Ἀμέλει
1010 1070 1212 1136 ταύτας
1249 1071 1407 1143 μόνον
1436 1072 1681 1144 ὲκλεκτὴι

1798 1078 2029 1144 animas,
2059 1078 2295 1135 Verbum
2327 1083 2554 1139 electam
2599 1103 2853 1156 sponsam
2901 1097 3063 1159 atque
3094 1091 3365 1146 sinceram

101 1155 338 1230 νύμφην
371 1158 473 1223 re;
510 1159 708 1232 ψυχὰς,
741 1162 835 1215 καὶ
865 1162 1095 1234 γνησίαν
1121 1166 1150 1218 ό
1175 1163 1346 1233 Λόγος
1375 1163 1568 1218 ἑαυτοῦ
1597 1183 1700 1218 κα-

94 1249 188 1302 λεῖ
207 1266 223 1279 ο
257 1249 360 1314 τὰς
385 1250 443 1303 δὲ
470 1251 680 1317 λοιπάς,
710 1253 990 1319 παλλακὰς
1018 1255 1110 1308 καὶ
1140 1256 1388 1321 νεανίδας
1414 1257 1509 1310 καὶ
1533 1256 1697 1326 θυγα-

90 1341 300 1414 τέρας,
334 1341 511 1412 λέγων
532 1337 631 1397 ὦδε
650 1360 665 1374 ·
705 1342 1027 1411 Έξήκοντά
1049 1347 1167 1400 εισι
1188 1346 1578 1411 βασίλισσαι,
1598 1346 1696 1401 καὶ

86 1432 489 1508 ὀγδοήκοντα
550 1437 858 1490 παλλακαί
872 1454 886 1468 ·
938 1439 1039 1491 καὶ
1091 1438 1363 1505 νεανιδες
1383 1476 1398 1502 ,
1445 1433 1533 1494 ὧν
1584 1448 1692 1495 οἰκ

81 1528 288 1584 Eatur?
332 1526 594 1597 ἀριθμός.
624 1528 742 1583 Μία
781 1528 914 1582 ἐστὶ
942 1531 1259 1599 περιστερά
1307 1548 1449 1600 μου,
1496 1530 1681 1586 τελεία

1793 1530 1931 1600 {ecta
1966 1548 2079 1586 mea
2095 1549 2116 1598 ;
2147 1549 2254 1587 una
2276 1543 2354 1588 est
2383 1537 2545 1589 matri
2576 1553 2721 1601 sum;
2761 1539 2924 1593 electa
2959 1542 3198 1610 genitrici
3228 1559 3360 1599 sum.

98 1641 218 1692 μου
243 1637 269 1695 _'
289 1623 399 1691 μία
421 1622 549 1677 ἐστὶ
586 1620 662 1692 τῇ
700 1622 879 1691 μητρὶ
927 1620 1134 1689 αὐτῆς,
1169 1620 1427 1690 ἐκλεκτὴ
1480 1620 1554 1689 τῇ
1602 1638 1681 1674 τε·

1804 1622 2056 1678 Viderunt
2092 1641 2208 1678 eam
2254 1627 2414 1695 ﬁlia,
2457 1636 2506 1681 et
2550 1628 2753 1683 beatam
2786 1632 3150 1700 prwdicabunt
3192 1651 3308 1688 eam
3340 1651 3362 1690 :

111 1716 313 1785 θεούσῃ
358 1714 574 1783 αὑτήν
614 1714 933 1769 ὲνείδοσαν
980 1715 1174 1781 αὐτὴν
1226 1712 1561 1784 θυγατέρες,
1592 1713 1681 1767 καί

1796 1718 1985 1786 regina:
2016 1726 2068 1770 et
2098 1718 2400 1774 concubina:
2429 1719 2720 1775 laudabunt
2745 1739 2880 1778 eam.
2915 1722 3052 1778 Cum
3082 1727 3225 1780 enim
3259 1727 3366 1781 uti-

105 1803 509 1870 μακαριοῦσιν
529 1801 754 1870 αὐτήν·
790 1803 1161 1868 βασίλισσαι
1229 1803 1329 1856 και
1360 1819 1426 1873 γε
1457 1807 1681 1857 παλλα-

1794 1824 1899 1879 que
1924 1809 2106 1862 multae
2134 1809 2244 1863 sint
2268 1809 2524 1866 Ecclesiae
2552 1812 2693 1877 tiliae,
2726 1829 2831 1868 una
2854 1815 2969 1869 sola
3001 1816 3172 1870 electa
3199 1826 3284 1872 est
3310 1824 3366 1872 et

109 1892 213 1946 καὶ
262 1895 537 1949 αἰνοῦσιν
583 1894 796 1963 αὐτήν.
850 1894 1066 1948 Πολλῶν
1096 1893 1207 1966 γάρ
1242 1893 1416 1948 οὐσῶν
1452 1894 1681 1965 δηλονότι

1797 1900 2119 1954 charissima
2146 1901 2203 1954 in
2226 1902 2402 1958 oculis
2421 1902 2539 1974 ejus
2568 1919 2734 1975 supra
2766 1906 3020 1977 reliquas,
3051 1909 3186 1963 ordo
3214 1910 3366 1965 scili-

1797 1180 1952 1224 vocat
1981 1189 1997 1226 :
2033 1172 2271 1242 reliquas
2299 1182 2502 1241 autem,
2536 1180 2871 1235 concubinas
2903 1187 2955 1235 et
2987 1182 3369 1238 adolescentu-

1796 1261 1878 1317 las
1910 1272 2073 1332 atque
2117 1264 2273 1331 ﬁlias,
2308 1267 2389 1320 sic
2417 1266 2607 1323 dicens
2630 1269 2676 1301 ”
2707 1288 2721 1323 :
2753 1269 3042 1341 Sexaginta
3072 1282 3195 1327 sunt
3231 1275 3368 1344 regi-

1795 1366 1897 1415 nae,
1943 1361 1993 1406 et
2031 1353 2295 1423 octoginta
2329 1355 2667 1420 concubium;
2704 1367 2754 1413 et
2787 1360 3192 1417 adolescentulis
3232 1380 3366 1435 qua-

1795 1457 1913 1494 rum
1946 1459 2050 1496 non
2093 1452 2171 1496 est
2216 1460 2481 1500 numerus.
2523 1444 2641 1500 Una
2671 1458 2748 1502 est
2792 1448 3034 1503 columba
3073 1467 3209 1515 mea,
3242 1467 3364 1521 per-

107 1984 211 2056 τῆς
257 1987 581 2060 Ἐκκλησίας
610 1987 718 2041 τῶν
748 1986 1080 2059 θυγατέρων,
1112 1986 1212 2057 μία
1238 1985 1355 2039 ἐστὶ
1386 1986 1519 2058 μόνη
1549 1986 1694 2039 ὲκλε-

105 2074 212 2147 κτὴ
239 2075 334 2130 καὶ
363 2077 668 2148 τιμιωτάτη
705 2079 763 2131 ὲν
794 2075 1095 2148 ὀφθαλμοῖς
1122 2075 1292 2147 αὐτῆς
1322 2075 1463 2147 ὑπὲρ
1491 2076 1690 2142 πάσας,

103 2165 168 2220 τὸ
194 2167 382 2239 τάγμα
408 2168 519 2222 τῶν
552 2167 856 2240 παρθένων.

1795 1998 1881 2044 cet
1904 1990 2195 2062 virginum.

107 2282 238 2340 Car.
269 2283 361 2341 IV.
389 2284 560 2357 Locus
586 2282 746 2340 Cant.
778 2300 854 2346 Vl,
896 2284 946 2347 7,
969 2284 1023 2357 8,
1056 2283 1599 2357 expensumjiegina',
1629 2293 1829 2357 sancta:
1863 2291 1985 2337 ante
2015 2281 2274 2357 diluvium
2307 2283 2519 2357 animat.
2552 2274 2892 2345 Concubinw.
2914 2286 3106 2341 anima:
3138 2291 3361 2357 prop/ie-

220 2364 415 2411 tarum.
443 2356 691 2411 Divinum
721 2372 892 2411 semen
919 2354 990 2409 ad
1016 2353 1283 2426 spiritales
1323 2353 1485 2425 fetus,
1519 2358 1575 2481 i‘n
1622 2355 1991 2480 graphetgrum
2023 2354 2194 2410 libris.
2232 2353 2401 2419 Quasi
2429 2356 2772 2411 clandestina:
2807 2373 2923 2411 cum
2966 2353 3250 2428 prophetis,

1574 2443 1631 2482 er
1664 2444 1685 2481 ι
1722 2442 1825 2495 nup
1871 2442 1937 2481 ω.

192 2536 320 2590 Ἐἀν
337 2537 394 2591 δέ
426 2555 505 2608 τῳ
534 2538 662 2609 περὶ
685 2538 887 2592 τούτων
918 2540 1346 2614 ἀμφισϐήτησις,
1378 2542 1455 2606 ὡς
1474 2541 1687 2595 οὐδέπω

107 2627 223 2681 τῶν
283 2628 596 2698 κεφαλαίων
643 2629 840 2695 ἱκανῶς
885 2631 1424 2704 ἐπεξειργασμένων,
1464 2632 1560 2687 καὶ
1607 2632 1687 2687 ἔτι

111 2720 353 2793 βούλοιτο
397 2721 516 2774 κατ’
558 2720 850 2793 ἀναγωγὴν
898 2720 1078 2775 αὐτῶν
1121 2722 1492 2796 πνευματικὴν
1532 2724 1687 2798 διαρ-

108 2813 385 2887 θρωθῆναι
449 2814 852 2888 πληρέστερον,
899 2816 1043 2881 τίνες
1088 2818 1224 2873 είσὶν
1275 2818 1333 2871 αί
1380 2818 1686 2889 βασίλισσαι

107 2908 197 2961 καὶ
227 2909 280 2960 αί
310 2906 551 2972 νεάνιδες
571 2924 586 2938 ·
615 2905 860 2980 λέξομεν,
882 2906 1139 2964 δύνασθαι
1168 2909 1339 2963 ταῦτα
1363 2909 1685 2982 λελαλῆσθαι

103 2999 196 3052 καὶ
225 2998 319 3052 ἐπὶ
358 2996 476 3051 τῶν
514 2996 573 3064 ἐξ
606 2998 779 3070 ἀρχῆς
797 2999 939 3054 κατά
978 2998 1242 3073 πρόϐασιν
1275 3001 1481 3072 χρόνων
1513 3005 1570 3056 ὲν
1610 3001 1686 3055 δι-

1862 2538 1958 2595 Sin
1987 2539 2078 2595 cui
2112 2553 2243 2595 vero
2266 2538 2395 2593 hinc
2439 2537 2608 2593 lueret
2660 2541 2951 2610 scrupulus
2973 2580 2989 2607 ,
3038 2543 3193 2614 quasi
3241 2543 3360 2600 haec

1791 2634 1968 2690 adhuc
2025 2633 2093 2688 ad
2131 2649 2328 2704 purum
2377 2631 2661 2702 Scriptura
2697 2649 3041 2705 nequaquam
3080 2636 3360 2691 declarata

1790 2727 1882 2793 sit,
1926 2742 1991 2782 ac
2012 2736 2271 2797 praeterea
2297 2725 2363 2779 ad
2396 2726 2732 2797 spiritualem
2755 2742 2875 2781 eam
2903 2743 3122 2784 sensum
3153 2729 3364 2786 referre

1789 2821 1952 2885 velit,
1997 2820 2264 2890 juxtaque
2312 2818 2467 2873 illum
2522 2819 2836 2875 distinctius
2866 2821 3060 2890 exponi
3109 2837 3359 2892 quamam

1792 2911 1901 2966 sint
1918 2912 2141 2984 reginae,
2163 2927 2285 2983 qua:
2306 2927 2438 2967 vero
2458 2913 2777 2967 concubina:
2806 2928 2871 2967 ac
2899 2928 3018 2983 qua:
3046 2915 3361 2970 adolescen-

1791 3006 1918 3061 tulaa
1941 3046 1957 3072 ,
1992 3005 2238 3073 dicemus
2272 3004 2386 3061 ﬁeri
2434 3020 2596 3076 posse
2646 3015 2705 3060 ut
2742 3006 2848 3060 ista
2878 3006 3023 3061 dicta
3054 3006 3165 3061 sint
3194 3006 3262 3061 de
3288 3006 3361 3062 iis

107 3086 366 3161 καιοσύνῃ
415 3087 858 3160 διαπρεψάντωνο
903 3086 1014 3143 οἷον
1063 3090 1172 3143 τῶν
1222 3090 1329 3162 πρὸ
1371 3089 1465 3145 τοῦ
1516 3107 1681 3144 κατα-

1788 3099 1883 3169 qui
1915 3113 1945 3151 a
1964 3097 2248 3168 principio
2278 3112 2375 3169 per
2399 3097 2779 3153 successiones
2808 3106 3109 3168 temporum
3161 3100 3216 3154 in
3261 3114 3355 3169 Ju-

112 3179 349 3251 κλυσμοῦ
370 3218 384 3245 ,
427 3179 520 3234 καὶ
558 3180 666 3234 τῶν
698 3180 835 3252 μετά
869 3181 960 3235 τὸν
994 3181 1376 3254 κατακλυσμὸν
1393 3222 1407 3249 ,
1438 3184 1531 3238 καὶ
1574 3182 1683 3237 τῶν
1729 3213 1739 3222 -

112 3274 220 3329 ἀπὸ
261 3272 353 3328 τοῦ
385 3274 620 3347 Χριστοῦ
666 3276 917 3349 καθεξῆς.
964 3274 1116 3332 Εἶναι
1160 3278 1269 3351 γὰρ
1307 3278 1526 3351 νύμφην
1584 3278 1684 3351 μὲν

108 3367 207 3439 τὴν
238 3366 580 3439 Ἐκκλησίαν,
614 3366 930 3439 βασιλίσσας
958 3367 1014 3422 δὲ
1038 3369 1137 3433 τὰς
1166 3369 1448 3441 βασιλικὰς
1471 3369 1683 3433 ὲκείνας

112 3460 210 3523 τὰς
259 3459 362 3531 πρὸ
405 3457 498 3513 τοῦ
550 3459 938 3531 κατακλυσμοῦ
970 3461 1182 3532 ψυχὰς,
1240 3462 1568 3533 εὐαρέστους
1603 3460 1682 3534 τῷ

113 3552 227 3623 Θεῷ
253 3552 623 3623 γεγενημένας
641 3569 653 3582 ·
681 3553 927 3606 τουτέστι
962 3553 1062 3617 τὰς
1092 3554 1236 3625 ἀμφὶ
1260 3555 1351 3608 τὸν
1378 3553 1563 3621 Ἀϐελ,
1588 3555 1682 3609 καὶ

114 3646 201 3698 τὸν
229 3644 335 3717 Σὴθ
369 3647 463 3699 καὶ
487 3644 579 3699 τὸν
637 3644 807 3716 Ἐνῶχ
828 3662 843 3675 ’
881 3645 1160 3711 παλλακὰς
1193 3647 1249 3701 δὲ
1289 3647 1389 3712 τάς
1424 3647 1561 3718 μετὰ
1588 3647 1679 3701 τὸν

112 3736 521 3808 κατακλυσμὸν,
556 3735 664 3789 τῶν
715 3736 1042 3808 προφητῶν·
1106 3733 1230 3805 αἷς,
1286 3740 1392 3814 πρὸ
1436 3741 1528 3795 τοῦ
1580 3742 1680 3812 τὴν

125 3829 440 3900 Ἐκκλησίαν
486 3827 826 3900 ἁρμοσθῆναι
861 3826 941 3899 τῷ
965 3830 1187 3902 Κυρίῳ,
1221 3831 1561 3887 παλλακίδων
1600 3834 1680 3887 δί-

115 3939 211 3994 κην
264 3920 649 3993 συγγινόμενος
671 3961 687 3987 ,
749 3920 966 3993 ἀληθεῖς
1029 3924 1323 3996 ὑπέσπειρε
1373 3925 1563 3994 λόγους
1620 3929 1678 3981 ὲν

117 4017 325 4089 ἀφθόρῳ
371 4017 464 4071 καὶ
491 4013 711 4087 καθαρᾷ
744 4014 1065 4087 φιλοσοφίᾳ,
1109 4015 1196 4068 ῐνα
1232 4014 1491 4084 γεννῶσιν
1530 4016 1678 4088 αὐτῷ

121 4110 460 4166 συλλαϐοῦσαι
489 4111 699 4174 πίστιν,
729 4108 949 4182 πνεῦμα
974 4110 1267 4183 σωτηρίας.
1301 4110 1538 4165 Τοιαῦτα
1568 4111 1677 4184 γὰρ

120 4204 567 4276 ἀποϐλαστήματα
619 4201 845 4273 φύουσιν
887 4204 942 4256 αί
982 4202 1185 4274 ψυχαὶ,
1227 4203 1550 4275 ἀείμνηστον
1583 4204 1677 4274 φέ-

123 4313 270 4367 ροντα
289 4296 348 4350 τὸ
375 4296 548 4361 κλέος,
588 4295 816 4359 ὁπόσαις
852 4294 920 4349 ἂν
946 4294 974 4345 ὁ
1003 4295 1237 4367 Χριστὸς
1271 4296 1670 4369 συνανακραθῇ.

122 4390 179 4442 El
206 4389 309 4461 γὰρ
344 4388 591 4461 βούλεσθε
619 4390 701 4452 εἰς
729 4388 1008 4452 Μωῦσέως
1037 4388 1337 4459 ἀποϐλέψαι
1369 4389 1600 4460 βίϐλους,
1635 4390 1668 4462 ἢ

1788 3192 1937 3247 stitia
1969 3193 2285 3249 claruerunt
2317 3207 2330 3243 :
2368 3198 2519 3261 puta,
2555 3191 2648 3262 qui
2679 3198 2805 3245 ante
2836 3190 3121 3255 diluvium,
3151 3192 3357 3262 quique

1784 3292 1909 3354 post
1936 3284 2223 3350 diluvium,
2256 3292 2309 3339 et
2339 3286 2434 3355 qui
2474 3285 2733 3354 deinceps
2766 3292 2889 3355 post
2920 3283 3221 3339 Christum.
3252 3283 3357 3341 Ec-

1784 3376 1951 3431 clesia
1974 3376 2224 3432 videlicet
2252 3392 2454 3446 sponsa
2480 3385 2586 3432 est.
2619 3375 2841 3447 Regina:
2863 3390 2994 3430 vero
3018 3415 3032 3438 ,
3058 3376 3220 3445 regiae
3250 3376 3357 3430 illae

1783 3466 1980 3521 animae
2010 3481 2131 3535 quae
2176 3473 2303 3521 ante
2325 3466 2588 3520 diluvium
2632 3464 2743 3520 Deo
2766 3466 3122 3535 placuerunt,
3159 3477 3354 3534 nempe

1780 3559 1937 3623 Abel,
1975 3556 2128 3623 Seth,
2164 3556 2371 3613 Enoch.
2393 3557 2747 3620 Concubinaa,
2782 3571 2905 3626 quae
2930 3562 3054 3625 post
3086 3555 3354 3609 diluvium

1781 3651 1976 3706 animae
2006 3649 2246 3718 fuerunt,
2277 3664 2473 3718 nempe
2501 3649 2928 3719 pr0phetarum;
2958 3647 3159 3717 quibus
3199 3655 3354 3700 ante-

1779 3756 1942 3812 quam
1974 3738 2220 3795 Ecclesia
2266 3738 2497 3794 Domino
2553 3744 2869 3810 aptarctur,
2923 3736 3351 3791 concubinarum

1779 3848 1933 3888 more
1961 3847 2311 3903 congressus,
2342 3832 2398 3887 in
2432 3833 2747 3901 incorrupta
2771 3827 3082 3901 mundaque
3114 3829 3351 3898 philoso-

1778 3924 1907 3995 phia
1935 3939 2095 3980 veros
2131 3924 2527 3980 subseminavit
2556 3937 2837 3979 sermones
2862 3963 2876 3986 ,
2904 3930 2965 3978 ut
2993 3923 3118 3978 inde
3148 3938 3347 3978 conce-

1776 4026 1868 4089 pta
1895 4018 1999 4073 (ide
2024 4059 2040 4082 ,
2078 4017 2333 4087 spiritum
2375 4015 2570 4070 salutis
2598 4015 2646 4070 ei
2687 4026 2958 4085 parerent.
3004 4013 3164 4070 Tales
3197 4014 3345 4070 enim

1776 4110 1920 4167 fetus
1957 4110 2127 4166 edunt
2158 4108 2427 4179 ejusmodi
2458 4109 2673 4172 animae,
2699 4115 3050 4163 monumenta
3087 4109 3169 4163 sui
3192 4116 3346 4163 aeter-

1775 4217 1905 4256 num
1937 4215 2196 4256 mansura
2248 4199 2652 4268 relinquentes,
2715 4198 3040 4268 quibuscum
3090 4196 3343 4254 Christus

1774 4307 2105 4363 congressus
2135 4289 2318 4345 fuerit.
2354 4288 2410 4343 Si
2445 4290 2590 4346 enim
2617 4290 2673 4344 in
2716 4288 2921 4360 Moysis
2954 4294 3049 4343 aut
3084 4286 3341 4357 Davidis,

1773 4394 1868 4441 aut
1896 4384 2237 4448 Salomonis',
2268 4390 2361 4437 aut
2388 4383 2573 4447 Isaiae,
2602 4388 2695 4436 aut
2728 4381 2959 4449 aliorum
2998 4380 3340 4452 subsequen-

123 4479 328 4552 Δαυῒόἢ
361 4480 667 4554 Σολομῶνος
697 4480 731 4551 ἢ
769 4479 1011 4545 Ἡσαΐου,
1051 4479 1085 4549 ἢ
1111 4479 1219 4533 τῶν
1257 4479 1492 4550 καθεξῆς
1534 4497 1668 4552 προ-

1777 4478 1907 4529 tium
1936 4474 2323 4545 prophetarum
2357 4471 2527 4528 libros
2547 4472 2788 4527 animum
2826 4470 3131 4538 advertere,
3162 4486 3196 4524 o
3226 4472 3341 4529 vir-

124 4570 326 4640 φητῶν,
371 4564 414 4625 ὦ
466 4570 763 4643 παρθένοι,
806 4568 1049 4635 εἴσεσθε,
1082 4565 1171 4624 οἷα
1221 4569 1668 4626 καταλελοίπασιν

125 4661 315 4715 ἑαυτῶν
355 4661 543 4731 ῐκγονα
587 4661 667 4716 τῶ
697 4661 796 4732 βίῳ
839 4663 1081 4734 σωτήρια
1124 4661 1211 4716 διὰ
1254 4664 1354 4733 τὴν
1401 4662 1537 4735 πρὸς
1577 4663 1667 4716 τὸν

126 4753 240 4807 Υἱὸν
269 4753 358 4808 τοῦ
390 4752 517 4807 Θεοῦ
545 4754 847 4808 κοινωνίαν.
879 4753 1040 4809 Ὅθεν
1073 4753 1499 4827 τεθεωρημὲνως
1530 4756 1667 4809 παλ-

126 4841 281 4906 λακὰς
328 4842 720 4915 προσηγόρευσε
761 4843 860 4907 τὰς
906 4843 1085 4914 ψυχὰς
1125 4841 1225 4908 τάς
1269 4845 1609 4917 πῳφητικάς
1637 4848 1667 4900 ό

128 4932 304 5000 Λόγος,
332 4934 409 4986 ὅτι
441 4932 510 5004 μὴ
536 4932 779 5005 φανερῶς
810 4934 979 4997 αὑτὰς
1005 4933 1167 4997 οὕτω,
1200 4932 1451 5007 καθάπερ
1478 4933 1540 5006 δὴ
1570 4937 1665 4988 καὶ

128 5024 218 5096 τὴν
266 5024 571 5095 Ἐκκλησίαν
634 5024 978 5098 ἐπηγάγετο,
1030 5025 1198 5090 θύσας
1247 5026 1315 5080 δι’
1355 5028 1524 5100 αὐτὴν
1569 5027 1661 5081 τὸν

137 5120 314 5189 μόσχον
343 5116 431 5172 τὸν
458 5117 710 5172 σιτευτόν.

195 5270 236 5305 ³⁸
271 5269 419 5328 Cant.
447 5289 520 5341 vr,
552 5273 602 5340 7,
628 5274 683 5329 8.
757 5274 804 5307 “
842 5273 976 5331 Luc.
1000 5290 1092 5341 ιν,
1122 5274 1213 5331 2⁸5.

138 5422 328 5503 Possin.
363 5430 718 5503 Ἐμαρτύρησε
736 5428 866 5503 γὰρ.
896 5429 971 5493 ὡς
1004 5430 1086 5503 οὐ,
1109 5428 1414 5503 redditque,
1438 5434 1665 5503 attestam

143 5504 208 5569 tan
240 5500 365 5552 enim
381 5498 824 5569 eos,'etc.,'eujus'
848 5506 1031 5569 tamen
1072 5498 1341 5565 lectionis,
1380 5512 1483 5569 nec
1498 5498 1652 5569 Alta-7

143 5568 504 5655 tius’meminit,
536 5586 629 5627 nec
652 5568 762 5655 qui
790 5568 1131 5655 Possinianze
1173 5569 1392 5655 κυρίη..
1422 5568 1651 5655 editioni

145 5636 348 5709 prefuit.
377 5640 438 5694 Et
468 5651 605 5697 certe
629 5636 766 5696 nihil
792 5639 1063 5709 congruit,
1085 5646 1137 5694 et
1166 5636 1428 5707 particula
1458 5637 1536 5702 ὡς
1555 5653 1652 5707 pa-

1767 4567 1944 4638 gines,
1978 4564 2284 4631 volueritis,
2306 4563 2564 4620 videbitis
2602 4564 2792 4634 quales
2823 4576 3094 4633 quamque
3119 4565 3245 4618 vitae
3268 4580 3334 4619 ac

1764 4658 1968 4713 mundo
1996 4657 2267 4713 salutares
2296 4664 2419 4726 p0st
2442 4671 2502 4711 se
2526 4655 2670 4710 fetus
2691 4654 3034 4725 reliquerint,
3066 4669 3338 4711 commer-

1763 4753 1833 4807 cii
1861 4753 2009 4808 illius
2043 4753 2253 4807 ratione
2273 4751 2418 4823 quod
2455 4750 2564 4805 illis
2580 4765 2704 4805 cum
2732 4748 2869 4804 Filio
2886 4748 2981 4805 Dei
3003 4749 3335 4807 intercessit.

1761 4842 1943 4910 Quare
1969 4842 2313 4899 considerate
2344 4841 2635 4897 admodum
2668 4839 3011 4895 concubinas
3044 4840 3335 4910 appellavit

1763 4934 2002 4991 Verbum
2052 4936 2439 5007 prophetarum
2486 4933 2696 4987 animas
2722 4971 2737 4998 ,
2791 4930 2937 5002 quod
2984 4945 3095 4985 non
3129 4932 3211 4988 sic
3236 4949 3337 4989 eas

1760 5028 1975 5099 palam,
2033 5029 2109 5082 uti
2165 5028 2422 5082 nimirum
2453 5024 2795 5091 Ecclesiam,
2838 5023 3104 5091 duxerat,
3147 5025 3335 5083 occiso

1758 5119 1907 5175 illius
1940 5120 2115 5192 gratia
2142 5119 2317 5175 vitulo
2351 5118 2597 5190 saginata
2629 5116 2698 5170 “.

1757 5441 1890 5498 ergo
1908 5424 2138 5500 arduum
2166 5424 2403 5481 tenenda
2431 5426 2684 5483 castitate
2701 5429 3002 5500 virginibus
3023 5437 3323 5491 certamen,

1758 5498 2260 5579 martyribuspene
2292 5511 2536 5579 compar,
2589 5498 3169 5579 quodqmultis‘posma
3223 5513 3326 5553 sa:-

1756 5566 1918 5639 culis,
1947 5566 2015 5623 de
2047 5566 2135 5623 his
2162 5567 2253 5637 qui
2286 5566 2539 5639 religiosa
2572 5566 2824 5639 palaestra
2874 5573 2928 5625 in
2963 5566 3120 5625 tinem
3149 5582 3327 5639 usque

1754 5638 2008 5700 militant,
2045 5636 2283 5707 graviter
2314 5636 2606 5693 edisseruit
2639 5638 2947 5694 Bernartius
2976 5659 2989 5693 ε
3022 5638 3221 5708 quibus
3250 5636 3322 5692 ad

149 5710 236 5758 tam
262 5708 510 5776 adjectitia
543 5721 622 5768 est
669 5711 736 5766 ad
768 5706 1090 5766 servandam
1141 5706 1446 5781 syntaxim,
1483 5722 1646 5781 quam
1751 5706 2119 5781 virginitatem
2179 5723 2275 5781 seu
2327 5708 2658 5781 castitatem.
2695 5710 2906 5781 accedit
2930 5706 3094 5781 etiajn
3124 5706 3319 5758 volun-

151 5783 302 5831 tamen
330 5781 582 5839 inmeritus
610 5782 966 5852 interpolator
988 5776 1205 5836 servare
1235 5776 1647 5850 nequivit.’Vult

1753 5779 1904 5832 taria:
1930 5780 2262 5849 paupertatis
2293 5787 2357 5861 et
2378 5778 2697 5861 obedientia:
2729 5779 2981 5834 stadium.
3016 5778 3252 5832 Couoer.
