4056 6302
662 337 764 394 151

740 595 1095 663 Quaerendum
1147 610 1313 666 porro
1369 604 1625 667 praeterea
1684 594 1940 660 videtur,
2001 610 2068 649 ne
2103 592 2235 664 quid
2265 601 2312 657 Α

670 702 772 743 nos
802 687 948 741 dictu
979 687 1352 742 necessarium
1396 685 1599 757 fugiat,
1629 685 1760 756 quid
1800 700 1982 741 causa).
2027 685 2100 739 sit
2137 700 2237 740 cur

669 781 869 850 reginte
896 780 1114 849 quidem
1162 780 1438 850 sexaginta
1487 786 1874 843 numerentur,
1917 777 2238 834 concubinae

667 883 796 924 vero
850 868 1124 939 octoginta
1149 907 1164 933 ,
1218 869 1638 925 adolescentulaa
1698 875 1881 921 autem
1914 875 2023 922 tam
2057 867 2239 922 multte

664 962 1017 1027 inducantur,
1051 971 1110 1017 ut
1140 977 1324 1018 earum
1368 978 1633 1018 numerus
1671 969 1892 1033 propter
1935 960 2240 1021 multitudi-

664 1071 790 1112 nem
821 1056 947 1110 iniri
995 1063 1264 1126 nequeat;
1316 1070 1517 1126 sponsa
1561 1054 1796 1125 denique
1838 1062 2069 1124 ponatur
2106 1068 2234 1108 una.

667 1145 1002 1217 Incipiamus
1034 1162 1066 1201 a
1089 1147 1394 1219 sexaginta.
1436 1144 1754 1217 Sexaginta,
1779 1145 1995 1216 Opinor,
2024 1146 2238 1216 reginas

666 1238 796 1292 hinc
828 1237 1040 1293 vocavit
1059 1253 1155 1293 eos
1183 1238 1278 1308 qui
1324 1238 1393 1292 ab
1430 1238 1638 1292 Adamo
1668 1253 1840 1307 usque
1874 1237 1943 1291 ad
1970 1234 2085 1292 Noe
2107 1251 2240 1292 con-

664 1328 821 1381 tinua
851 1328 1202 1383 successione
1230 1335 1536 1398 temporum
1577 1326 1688 1383 Deo
1722 1329 2071 1397 placuerunt,
2103 1344 2240 1399 quo-

664 1419 816 1472 niam
845 1418 968 1474 aliis
996 1419 1052 1472 hi
1084 1420 1366 1489 preceptis
1402 1434 1466 1474 ac
1500 1418 1709 1489 legibus
1741 1419 1806 1474 ad
1846 1420 2078 1476 salutem
2109 1435 2241 1475 con-

669 1507 1007 1576 sequendam
1037 1521 1175 1577 Opus
1200 1523 1310 1563 non
1335 1508 1665 1571 habuerunt,
1694 1509 1995 1564 etiamnum
2021 1518 2239 1566 recente

673 1598 818 1670 apud
854 1614 948 1653 eos
979 1599 1240 1655 memoria
1285 1600 1576 1655 creationis
1622 1600 1847 1668 mundi,
1895 1616 1989 1657 sex
2046 1601 2239 1657 diebus

673 1692 900 1748 conditi.
935 1690 1409 1756 Recordabantur,
1445 1692 1687 1761 inquam,
1714 1707 1807 1747 sex
1837 1690 2045 1746 dierum
2068 1693 2241 1761 spatio

673 1799 857 1839 rerum
892 1784 1035 1838 hanc
1068 1782 1474 1838 universitatem
1506 1797 1536 1836 a
1562 1781 1672 1838 Deo
1696 1782 1869 1838 fuisse
1893 1781 2237 1847 fabricatam,

672 1891 970 1946 eorumque
989 1890 1110 1945 qua:
1133 1876 1188 1929 in
1216 1875 1473 1945 paradiso
1502 1875 1846 1945 contigerant
1879 1874 2099 1929 inﬁxam
2123 1890 2241 1931 sen-

673 1970 825 2024 sibus
874 1968 1159 2023 historiam
1210 1966 1482 2021 habebant
1536 1984 1549 2020 :

674 2062 835 2115 homo
861 2067 1087 2130 accepto
1116 2057 1373 2115 mandato
1398 2073 1506 2112 non
1524 2058 1806 2129 tangenda:
1831 2058 2045 2113 arboris
2068 2057 2241 2113 scien-

670 2150 777 2214 tite,
806 2149 1142 2219 impegisset,
1162 2147 1355 2203 fraude
1375 2147 1634 2202 inductus
1657 2147 1899 2202 auctoris
1929 2146 2236 2201 malitiae“.

666 2241 806 2298 Hinc
833 2257 926 2297 eas
947 2242 1159 2296 animas
1186 2256 1308 2311 quae
1345 2242 1527 2296 statim
1563 2254 1595 2292 a
1625 2239 1828 2294 mundo
1854 2238 2074 2293 condito
2106 2253 2241 2293 con-

665 2336 820 2389 tinua
850 2334 1204 2391 successione
1226 2331 1396 2387 Deum
1429 2330 1535 2386 sibi
1563 2331 1854 2385 amandum
1886 2329 2237 2401 delegerunt,

669 2425 934 2492 ferme,ut
956 2426 1036 2480 sic
1058 2427 1261 2490 dicam,
1300 2424 1456 2494 primi
1489 2422 1675 2477 saeculi
1700 2423 1933 2489 soboles,
1957 2432 2011 2478 et
2032 2423 2241 2478 vicinas

668 2518 855 2589 magni
886 2518 1088 2574 senarii
1112 2517 1345 2579 dierum,
1373 2515 1658 2586 sexaginta
1695 2515 1916 2586 reginas
1942 2515 2241 2588 symbolice

669 2618 850 2675 vocat,
875 2610 1026 2681 quia,
1058 2617 1119 2664 ut
1148 2608 1416 2673 dicebam,
1452 2625 1483 2663 a
1507 2624 1698 2665 senum
1726 2608 1939 2663 dierum
1962 2609 2240 2665 creatione

672 2702 858 2757 statim
888 2702 1240 2756 exstiterunt.
1284 2699 1480 2770 Magno
1525 2701 1723 2771 quippe
1776 2699 1980 2755 honore
2017 2700 2240 2770 praeel-

672 2795 913 2860 luerunt,
955 2791 1208 2846 familiari
1228 2791 1542 2862 angelorum
1576 2791 1811 2862 dignatae
1831 2791 2104 2860 colloquio
2127 2831 2143 2857 ,
2175 2805 2240 2846 ac

672 2898 793 2953 qua:
822 2880 988 2937 Deum
1020 2882 1220 2953 palam,
1268 2898 1376 2937 non
1412 2898 1508 2952 per
1564 2883 1875 2948 somnium,
1931 2899 2074 2955 saepe
2131 2883 2241 2938 sint

672 2974 952 3031 contuitte.
980 2973 1339 3030 Considerate
1362 2976 1506 3030 enim
1523 2984 1728 3043 quanta
1761 2974 1929 3031 Setho
1958 2976 2242 3032 familiari-

674 3078 757 3123 tas
795 3082 918 3122 cum
947 3064 1059 3121 Deo
1089 3066 1392 3133 exstiterit,
1428 3072 1632 3136 quanta
1663 3081 1786 3122 cum
1814 3067 2002 3134 Abele,
2038 3075 2241 3139 quanta

670 3174 796 3214 eum
829 3158 1028 3223 Enoso,
1054 3167 1257 3229 quanta
1290 3174 1417 3213 cum
1446 3157 1670 3214 Enocho
1693 3198 1707 3223 ,
1736 3167 1940 3229 quanta
1980 3175 2103 3214 cum
2128 3159 2243 3215 Ma-

1584 333 1642 388 S.
1687 328 2024 388 ΜΕΤΗΟΒΙῙ
2062 328 2240 385 EPISC

2341 328 2369 383 ’1
2407 325 2494 382 ΕΤ
2534 320 2892 380 MARTVRIS
3841 321 3965 376 152

952 479 1080 537 CAP.
1109 478 1175 535 ν.
1202 478 1493 551 Sexaginta
1520 479 1733 549 regiam,
1766 494 1861 532 cur
1902 478 2200 548 sexaginta,
2228 485 2278 531 et
2305 492 2402 530 cur
2435 476 2647 545 regiam.
2678 471 2852 525 Primi
2878 470 2975 524 ατί
2998 476 3298 523 sanctorum
3332 471 3679 538 prwstantia.

2420 587 2826 660 Ἐπαπορητέον
2843 586 2900 640 δὲ
2923 584 3189 641 καὶτοῦτο
3217 585 3352 658 πρὸς
3373 585 3607 651 τούτοις,
3636 586 3731 639 ῐνα
3769 588 3957 658 μηδὲν

2335 686 2482 756 ἡμᾶς
2530 682 2639 737 τῶν
2687 680 2996 750 ἀναγκαίων
3042 679 3338 751 ἀποδράναι
3367 677 3602 750 δυνηθῇ,
3637 680 3699 732 τί
3731 679 3954 751 δήποτε

2336 777 2435 840 τὰς
2469 775 2565 847 μέν
2613 772 2927 845 βασιλίσσας
2958 769 3218 841 ἐξήκοντα
3244 770 3367 842 ἐφη,
3404 770 3505 833 τὰς
3535 769 3594 823 δέ
3638 770 3956 835 παλλακὰς

2336 870 2692 940 ὀγδοήκοντα·
2736 865 2835 930 τὰς
2880 864 2937 918 δέ
2983 862 3229 927 νεάνιδας
3268 861 3536 926 τοσαύτας
3558 902 3574 927 ,
3610 864 3746 916 ὅσον
3798 864 3953 934 μηδὲ

2336 958 2683 1032 ἀριθμεῖσθαι
2713 955 2801 1011 διὰ
2846 956 2943 1026 τὴν
2986 953 3227 1026 πληθύνο
3262 953 3359 1024 τὴν
3395 953 3453 1006 δέ
3494 953 3728 1025 νύμφην
3779 956 3947 1024 μίαν.

2336 1052 2449 1106 Καὶ
2474 1050 2685 1122 πρῶτον
2729 1048 2827 1121 μὲν
2862 1046 2989 1119 περὶ
3029 1045 3136 1101 τῶν
3169 1045 3432 1116 ἐξήκοντα
3470 1045 3722 1099 λεκτέον.
3776 1046 3947 1115 'Eir';

2337 1160 2503 1199 κοντα
2529 1139 2843 1213 βασιλίσσας
2886 1137 3136 1192 ἐντεῦθεν
3158 1179 3173 1201 ,
3204 1138 3278 1201 ὡς
3313 1132 3467 1207 οἶμαι
3508 1136 3606 1208 δὴ,
3633 1138 3776 1201 τοὺς
3826 1140 3943 1191 ἀπὸ

2336 1232 2430 1286 τοῦ
2455 1231 2879 1302 πρωτοπλάστου
2910 1230 3070 1301 μέχρι
3095 1227 3218 1281 Νῶε
3261 1227 3403 1282 κατά
3442 1228 3701 1300 διαδοχὴν
3736 1231 3938 1302 εὐαρε-

2341 1327 2643 1399 στήσαντας
2668 1325 2895 1379 ἐκάλεσε
2927 1322 3005 1394 τῷ
3028 1321 3174 1393 Θεῷ·
3203 1321 3498 1393 ἐπειδήπερ
3521 1316 3676 1376 οὗτοι
3714 1339 3939 1395 παραγ-

2338 1420 2622 1492 γελμάτων
2658 1419 2753 1474 καὶ
2800 1417 3015 1489 θεσμῶν
3061 1416 3139 1479 εἰς
3182 1414 3244 1468 τὸ
3296 1414 3534 1486 σωθῆναι
3580 1416 3786 1488 χρείαν
3830 1420 3935 1471 οὐκ

2339 1515 2652 1584 ἐσχήκασιν,
2689 1510 2768 1563 ἐτι
2814 1510 3127 1583 προσφάτου
3166 1509 3266 1580 τῆς
3302 1505 3443 1560 κατὰ
3474 1507 3575 1576 τὴν
3620 1506 3933 1579 ἐξαήμερον

2338 1601 2505 1674 οὔσης
2535 1602 2718 1664 αὐτοῖς
2744 1599 2834 1653 τοῦ
2863 1600 3067 1670 κόσμου
3092 1598 3418 1661 συστάσεως.
3451 1595 3803 1667 Ἐμέμνηντο
3821 1598 3929 1666 γὰρ

2340 1689 2501 1759 οὗτοι,
2523 1693 2598 1758 ὼς
2619 1695 2675 1747 ἐν
2700 1693 2758 1760 ἒξ
2786 1692 3019 1764 ἡμέραις
3041 1694 3069 1745 ὁ
3093 1690 3226 1754 Θεὸς
3247 1690 3570 1760 ἐτεκτήνατο
3596 1690 3706 1762 τὴν
3732 1690 3925 1751 κτίσιν,

2339 1788 2407 1842 τά
2436 1804 2495 1840 τε
2521 1788 2578 1840 ἐν
2606 1785 2682 1857 τῷ
2716 1785 3027 1858 παραδείσῳ
3048 1782 3339 1853 γεγονόταο
3366 1781 3461 1835 καὶ
3494 1780 3617 1844 πῶς
3650 1784 3682 1835 ό
3717 1781 3924 1853 ἄνθρω-

2341 1897 2461 1943 πος,
2496 1877 2713 1949 ἐντολὴν
2746 1876 2885 1947 ἔχων
2918 1876 2993 1947 μὴ
3030 1873 3267 1945 ἅψασθαι
3303 1872 3398 1926 τοῦ
3434 1872 3606 1942 φυτοῦ
3655 1874 3765 1946 τῆς
3802 1891 3925 1944 φρο-

1627 1981 1735 2037 qua
1782 1980 1978 2035 nempe
2029 1968 2240 2021 ratione

2341 1973 2545 2042 νήσεως
2569 1969 2696 2041 (99),
2727 1967 3030 2035 ἐξώκειλεν,
3072 1966 3616 2036 ἀποϐουκολήσαντος
3643 1967 3814 2020 αὐτὸν
3834 1966 3919 2019 τοῖῦ

2339 2064 2437 2134 τῆς
2481 2063 2680 2126 κακίας
2740 2059 3014 2129 σοφιστοῦ.
3074 2056 3351 2111 Ἐντεῦθεν
3396 2057 3460 2128 δὴ
3499 2057 3605 2121 τάς
3669 2059 3787 2112 ἀπὸ
3830 2060 3924 2126 τῆς

2325 2155 2650 2217 συστάσεως
2698 2152 2899 2215 εὐθέως
2944 2149 3037 2204 τοῦ
3090 2150 3294 2220 κόσμου
3334 2150 3475 2203 κατά
3527 2150 3796 2223 διαδοχὴν
3838 2152 3919 2203 τὸν

2339 2247 2470 2300 Θεὸν
2504 2247 2686 2300 ποθεῖν
2735 2244 2994 2316 ἐλομένας
3044 2242 3222 2313 ψυχὰς
3249 2285 3263 2310 ,
3308 2244 3400 2295 καὶ
3459 2242 3675 2312 σχεδὸν,
3724 2246 3776 2296 εἰ
3821 2245 3920 2317 χρὴ

2341 2340 2526 2409 φάναι,
2546 2338 2636 2391 τοῦ
2664 2336 2881 2409 πρώτου
2905 2335 3097 2398 αἰῶνος
3117 2333 3282 2398 οὔσας
3306 2333 3525 2402 ἔκγονα,
3551 2335 3652 2388 καὶ
3678 2336 3918 2404 γείτονας

2338 2431 2440 2501 τῆς
2488 2429 2726 2501 μεγάλης
2765 2427 3100 2499 ἐξαημέρου,
3149 2426 3409 2498 ἐξήκοντα
3452 2425 3783 2497 βασιλίσσας
3822 2427 3917 2497 έςη

2342 2518 2701 2592 συμϐολικῶς,
2732 2518 2819 2571 διὰ
2848 2517 2909 2570 τὸ
2940 2517 3077 2588 μετά
3111 2518 3210 2590 τὴν
3241 2516 3544 2588 ἐξαήμερον
3577 2516 3812 2581 εὐθέως,
3840 2519 3914 2581 ὠς

2340 2612 2495 2684 ἔφην,
2529 2610 2831 2681 γεγονέναι.
2869 2609 3129 2681 Μεγάλην
3174 2608 3283 2681 γὰρ
3313 2608 3610 2679 ἐσχήκασιν
3653 2602 3805 2662 οὗτοι
3839 2626 3915 2660 τι-

2342 2705 2468 2776 μὴν,
2516 2701 2765 2771 ἀγγέλοις
2808 2702 3282 2779 συνομιλήσαντες,
3320 2700 3534 2754 καὶτὸν
3568 2699 3711 2753 Θεὸν
3758 2701 3910 2772 ὕπαρ,

2340 2797 2440 2849 οὐκ
2472 2796 2603 2868 ὄναρ
2625 2835 2639 2861 ,
2690 2795 2947 2859 πολλάκις
2985 2794 3327 2864 θεασάμενοι.
3379 2792 3788 2861 Ἐπισκέψασθε
3818 2794 3912 2864 γὰρ

2339 2889 2470 2960 ὅσην
2495 2887 2619 2957 ἐσχε
2653 2887 2963 2959 παρρησίαν
2994 2887 3023 2939 ὁ
3072 2884 3177 2956 Σὴθ
3214 2884 3350 2956 πρὸς
3392 2884 3481 2937 τὸν
3504 2870 3509 2875 ’
3530 2884 3696 2950 Θεὸν,
3730 2886 3852 2957 ὅσην
3886 2887 3911 2937 δ

2343 2977 2509 3032 Ἀδελ
2530 2979 2626 3050 (1),
2666 2979 2797 3049 ὅσην
2830 2980 2858 3031 ὸ
2897 2976 3084 3042 Ἐνὼς,
3119 2978 3251 3046 ὅσην
3280 2977 3308 3029 ὁ
3354 2975 3544 3047 Ἑνὼχ,
3580 2977 3724 3049 ὅσην
3754 2980 3782 3032 ι
3808 2978 3912 3032 Μα-

2341 3057 2594 3136 θουσάλα,
2628 3072 2760 3141 ὅσην
2787 3071 2816 3122 ὁ
2851 3068 2995 3134 Νῶε,
3026 3067 3232 3140 πρῶτοι
3257 3068 3605 3139 δικαιοσύνης
3636 3073 3911 3139 γεγονότες

2294 3214 2299 3219 ,
2340 3165 2585 3237 ἐρασταὶ,
2612 3164 2706 3217 καὶ
2733 3164 2936 3235 πρῶτοι
2959 3161 3067 3215 τῶν
3099 3162 3458 3234 πρωτοτόκων
3480 3161 3699 3216 τέκνων
3727 3164 3913 3232 ἀπογεο

672 3251 910 3317 thusala,
941 3257 1147 3321 quanta
1175 3265 1301 3305 cum
1337 3248 1541 3307 Noemo
1566 3251 1938 3307 necessitudo.
1980 3250 2147 3305 Primi
2184 3251 2239 3305 hi

2341 3258 2677 3331 γραμμένων
2712 3258 2768 3310 ἐν
2809 3257 3076 3328 οὐρανοῖς,
3111 3257 3209 3328 τῆς
3242 3255 3520 3327 βασιλείας
3550 3257 3910 3323 καταξανθέν-

671 3351 942 3400 amatores
969 3343 1229 3414 justitiaa,
1271 3342 1540 3414 primique
1574 3343 1715 3398 inter
1742 3343 2131 3414 primogenitos
2171 3343 2234 3397 li-

2341 3325 2650 3419 τες,ῶσπερ
2666 3325 2887 3419 ἀπαρχή
2914 3365 2998 3412 τις
3022 3348 3129 3401 τῶν
3155 3325 3513 3419 φυτευμάτων
3537 3349 3620 3412 είς
3647 3350 3911 3421 σωτηρίαν

668 3439 830 3493 heros
865 3435 960 3508 qui
989 3436 1288 3505 conscripti
1324 3446 1447 3491 sunt
1489 3435 1543 3489 in
1574 3436 1734 3492 caelis
1770 3434 1849 3501 “,
1883 3451 2107 3507 regnum
2148 3450 2239 3491 as-

669 3526 878 3591 secuti,
911 3541 1012 3581 reu
1054 3525 1309 3596 primitia:
1347 3529 1592 3594 quaedam
1621 3526 2017 3597 plantationqu
2063 3525 2120 3579 in
2148 3539 2240 3580 sa-

668 3618 858 3683 lutem,
896 3630 960 3672 ac
983 3617 1080 3687 qui
1109 3615 1217 3672 Deo
1240 3630 1451 3686 praecox
1496 3615 1707 3672 fructus
1748 3614 2117 3686 provenerint.
2159 3613 2239 3669 Ac

665 3707 736 3765 de
768 3708 855 3766 bis
888 3709 1107 3780 quidem
1139 3708 1294 3764 satis.

2345 3439 2591 3511 πρώῖμος
2635 3439 2713 3510 τῷ
2757 3439 2875 3509 Θεῴ
2909 3439 3306 3512 βλαστήσαντες
3356 3440 3589 3513 καρπός.
3631 3442 3753 3495 Καὶ
3796 3442 3911 3514 περὶ

2347 3531 2446 3603 μὲν
2473 3531 2674 3586 τούτων
2700 3530 3008 3603 αὐτάρκως.

1113 3825 1244 3882 CAP.
1285 3825 1374 3883 Vl.
1409 3825 1693 3898 Octoginta
1717 3826 2041 3893 concubinae,
2076 3826 2240 3896 qua?
2271 3820 2458 3877 Facta:
2481 3819 2747 3891 prcphetis
2784 3818 3179 3873 Incarnatianis
3201 3819 3461 3875 notiones.

738 3944 817 3999 De
841 3943 1165 3998 concubinis
1192 3950 1365 4000 restat
1411 3944 1612 4001 dicere.
1652 3942 1809 4014 Apud
1855 3959 1951 4000 eos
1982 3945 2073 4015 qui
2114 3948 2239 4013 post

670 4036 942 4094 diluvium
990 4036 1245 4103 fuerunt,
1277 4037 1370 4091 illa
1395 4037 1507 4107 jam
1553 4037 1650 4094 Dei
1694 4037 1933 4109 cognitio
1978 4036 2239 4092 remotior

673 4130 840 4195 facta,
868 4144 1002 4198 pene
1034 4129 1376 4196 exoleverat;
1414 4128 1629 4202 aliaque
1674 4129 1754 4185 eis
1801 4144 1939 4200 opus
1984 4127 2235 4183 doctrina

670 4226 790 4273 erat
818 4234 939 4287 qua:
966 4217 1227 4272 adversus
1255 4225 1601 4272 enascentcm
1635 4233 1699 4273 ac
1717 4216 1830 4288 jam
1855 4232 2077 4288 serpere
2100 4218 2239 4272 inci-

672 4310 909 4382 pientern
942 4307 1304 4363 idololatriam
1347 4308 1666 4364 mortalibus
1694 4308 1949 4379 praesidio
1991 4323 2056 4364 ac
2088 4308 2239 4385 auxj-

709 4463 756 4497 “
797 4463 924 4519 Gen.
957 4478 1042 4528 ur,
1072 4463 1125 4517 5.
1201 4462 1246 4495 δ’
1288 4460 1453 4516 Hebr.
1480 4476 1582 4530 xu,
1604 4462 1695 4517 25.

2413 3938 2551 4010 Περὶ
2594 3937 2651 3991 δέ
2694 3937 2802 3992 τῶν
2849 3937 3137 3992 παλλακῶν
3183 3935 3344 3990 πάλιν
3389 3936 3632 3991 λεκτέον.
3665 3939 3796 4004 Τοῖς
3829 3957 3917 4012 με-

2340 4032 2411 4087 τὰ
2441 4032 2530 4087 τὸν
2563 4031 2944 4102 κατακλυσμὸν
2994 4029 3259 4103 ἀπωτέρω
3302 4028 3375 4100 (2)
3422 4028 3609 4083 λοιπὸν
3647 4033 3681 4102 ἡ
3725 4033 3915 4102 γνῶσις

2339 4121 2408 4197 ἦν
2439 4122 2532 4178 τοῦ
2562 4123 2695 4176 Θεοῦ
2715 4140 2730 4154 ο
2770 4124 2866 4177 καὶ
2888 4122 3116 4194 ἔχρῃζον
3138 4122 3332 4193 ἐτέρας
3363 4120 3607 4192 διδαχῆς,
3645 4124 3916 4197 ἑρπούσης

2343 4218 2444 4290 ήδη
2474 4215 2573 4286 τῆς
2605 4214 3067 4286 εἰδωλολατρείας,
3111 4215 3231 4284 ἥτις
3262 4213 3445 4277 αὐτοῖς
3478 4210 3637 4278 αὖθις
3666 4216 3915 4283 ἀλεξίκα-

2343 4326 2438 4373 κος
2468 4308 2642 4361 ἐσοιτο
2679 4310 2773 4363 καὶ
2809 4306 3018 4379 βοηθός.
3072 4305 3130 4358 '0
3152 4302 3247 4359 οὖν
3288 4304 3441 4371 Θεὸς,
3481 4305 3571 4361 ῖνα
3618 4306 3697 4379 μὴ
3746 4309 3918 4377 πάντη

750 4580 863 4665 (Q9)
1008 4581 1299 4665 λᾶψιζσραι
1326 4581 1434 4665 toi?
1487 4581 1836 4665 gpvzoﬁntjc
1877 4580 2240 4665 φροηήσεως.

2350 4581 2686 4665 insipientia?)
2723 4596 2896 4665 quam.
2921 4583 3252 4665 φρονήσεως,
3284 4585 3595 4665 prudentiae.
3630 4585 3747 4665 Lac
3780 4588 3922 4665 Alla-

673 4651 768 4707 lta’
789 4653 972 4721 junxit
1006 4652 1288 4709 Possinius
1315 4669 1379 4707 ac
1418 4651 1554 4709 bene
1581 4651 1833 4716 reddidit,
1864 4651 2115 4707 mandato
2151 4669 2240 4706 ac-

674 4732 819 4790 cepto
863 4739 967 4777 non
999 4722 1270 4793 tangenda:
1311 4725 1517 4779 arboris
1556 4725 1818 4788 scientiae;
1851 4724 2009 4792 cujus
2041 4739 2241 4793 prawa-

674 4793 941 4865 ricatione
979 4796 1059 4848 sic
1097 4793 1371 4861 ἐξώκειλε,
1417 4797 1659 4865 impegit;
1699 4810 1799 4850 nec
1822 4810 1964 4865 opus
1993 4809 2117 4848 curn
2149 4794 2242 4847 illo

678 4864 954 4934 supplere,
979 4865 1032 4918 in
1062 4852 1281 4918 exitium
1322 4852 1503 4921 miser.
1536 4852 1628 4919 Sic
1642 4852 1790 4920 enim
1816 4852 1996 4919 Latini
2024 4878 2087 4919 ea
2110 4879 2243 4919 voce

679 4934 926 5006 absolute
962 4935 1292 5004 signiﬁcant,
1332 4937 1478 5006 quod
1513 4934 1688 4990 Graeci
1722 4937 1815 4990 illa
1852 4936 2043 4999 altera,
2073 4945 2244 5006 metao

679 5006 852 5075 phora
879 5004 1044 5059 ducta
1108 5020 1138 5058 a
1171 5004 1425 5071 navibus,
1454 5022 1575 5076 qua:
1606 5008 1687 5061 sic
1729 5008 1786 5061 in
1815 5013 2003 5061 cautes
2029 5011 2089 5076 et
2118 5005 2243 5076 bre-

677 5074 763 5127 via
787 5088 850 5126 ac
875 5076 991 5128 loca
1020 5089 1212 5145 aspera
1243 5074 1541 5147 impingere
1562 5078 1821 5133 dicuntur
1842 5085 1897 5131 et
1918 5074 2087 5147 allidi,
2112 5075 2243 5147 dum

678 5151 899 5266 portum
963 5153 1244 5214 tutamque
1300 5144 1591 5204 stationem
1663 5150 1925 5219 cogitant.
2001 5144 2233 5215 Hesych.

709 5213 903 5266 Εέπεσε
940 5216 1159 5266 exponit
1206 5236 1219 5266 :
1257 5217 1352 5266 sed
1376 5218 1490 5266 insa
1529 5233 1810 5266 exnnnens
1854 5232 1986 5266 vox.
2038 5215 2233 5266 obscu-

709 5213 903 5289 ξέπεσε
940 5213 1173 5285 exponit
1206 5236 1219 5271 :
1257 5217 1352 5272 sed
1376 5218 1491 5287 ipsa
1529 5213 1810 5289 exponens
1854 5232 1986 5289 vox,
2038 5213 2240 5269 obscu-

676 5286 792 5338 rior
816 5299 882 5359 e9
911 5300 1073 5359 sensu
1102 5301 1233 5359 voce
1252 5286 1522 5358 exposita,
1549 5286 1618 5343 ac
1642 5287 2061 5359 infrequentior,
2097 5294 2154 5338 ut
2181 5292 2236 5340 et

676 5369 830 5430 quas
850 5352 1048 5410 Suidas
1076 5354 1295 5430 adhibet
1317 5352 1341 5419 ξ
1361 5359 1454 5427 qui
1482 5366 1536 5413 et
1566 5361 1681 5428 ipse
1700 5352 1979 5430 ἀπὸ’νηός,
2015 5356 2080 5409 de
2104 5370 2239 5430 nave

676 5426 785 5499 dici
817 5425 960 5499 hanc
976 5440 1178 5499 _vocem
1207 5425 1430 5499 adnotat
1457 5446 1471 5482 :
1508 5425 1608 5483 nec
1631 5446 1769 5499 opus
1801 5425 1970 5484 altera
1995 5425 2231 5499 explica-

674 5498 825 5551 tione
855 5493 948 5569 r.
974 5493 1168 5569 Portie.
1199 5496 1463 5569 Φρόνησις
1490 5513 1620 5568 ergo
1646 5493 1766 5553 ἇντὶ
1798 5498 1896 5569 τῆς
1929 5493 2238 5569 ἐπιστήμης

677 5574 784 5627 est,
831 5566 948 5639 sive
991 5563 1264 5639 γνῶσεῳς,
1309 5563 1408 5639 pro
1453 5563 1809 5639 intelligentia
1855 5563 1929 5621 'ac
1979 5563 2229 5630 scientia,

678 5634 950 5708 quomodo
970 5636 1135 5691 vertit
1155 5634 1346 5692 Cicero
1369 5634 1892 5708 docetque'Budaeus
1914 5651 2054 5706 saepe
2079 5652 2239 5708 usur-

682 5707 831 5780 pari;
866 5722 973 5780 non
1006 5722 1105 5780 pro
1136 5707 1603 5780 prudentiaqua:
1622 5710 1800 5780 ,virtus
1830 5718 1934 5771 est,
1966 5707 2240 5780 quomodo

683 5776 861 5842 putius
891 5776 1200 5850 ἀφροσύνης
1234 5779 1397 5837 arbor
1438 5776 1668 5837 dicenda
1692 5778 1968 5836 videretur
1988 5776 2241 5848 (summa:

2351 4655 2460 4709 tius
2489 4655 2549 4707 τὸ
2579 4653 2688 4721 τῆς
2709 4653 3251 4726 φρονήσεωςὶυιιείι
3280 4653 3446 4713 verbo
3477 4656 3763 4724 ἐξώκειλε,
3804 4659 3923 4714 red-

2345 4726 2552 4796 ditque,
2597 4737 2748 4779 extra
2783 4736 3002 4796 mentem
3046 4725 3135 4796 ille
3175 4725 3459 4796 delapsus;
3490 4734 3791 4784 attendens
3821 4730 3923 4786 sci-

2344 4795 2472 4868 licet
2487 4795 2878 4868 expositionem
2902 4794 2996 4848 τοῦ
3011 4795 3283 4868 ἐξέπεσε,
3297 4794 3655 4868 gemmeique.
3683 4799 3795 4855 Sed
3822 4815 3923 4853 non

2346 4866 2560 4940 videtur
2586 4867 2699 4940 hac
2728 4866 3192 4940 visrnetaphoraa,
3220 4872 3376 4938 quasi
3409 4866 3619 4940 scilicet
3659 4885 3728 4924 ex
3764 4881 3922 4940 portu

2346 4935 2524 4989 delabi
2573 4935 2727 4990 navis
2772 4936 3020 5001 dicatur,
3073 4947 3127 4991 et
3178 4935 3283 4993 hoc
3331 4940 3404 4995 sit
3445 4935 3782 5006 ἐξοκέλλειν,
3821 4955 3922 4995 non

2345 5006 2465 5082 ejus
2498 5006 2991 5082 abet-ratione,__ita
3053 5014 3119 5082 ut
3168 5006 3373 5082 dictum
3439 5019 3561 5074 est,
3616 5010 3925 5082 impingere

2343 5077 2629 5146 frangique
2652 5084 2815 5146 atque
2842 5076 2991 5129 allidi
3018 5077 3085 5146 ad
3109 5077 3290 5131 brevia
3310 5087 3363 5134 et
3384 5089 3595 5134 cautes.
3619 5076 3921 5137 Coi-miris.

2411 5145 2489 5216 (1)
2525 5145 2772 5214 Ὅσηνό
2800 5148 2989 5200 Ἅϐελ.
3018 5145 3143 5201 Haec
3167 5150 3488 5204 exciderunt
3510 5166 3575 5205 ex
3598 5150 3751 5205 edito
3770 5152 3925 5208 Com-

2339 5216 2624 5287 belisiano.
2647 5232 2767 5287 quae
2790 5227 2970 5272 tamen
2996 5219 3254 5272 exhibent
3284 5220 3516 5276 Allatius
3539 5228 3595 5274 et
3612 5220 3922 5279 Possinius.

2338 5286 2495 5366 apud
2538 5286 2797 5366 Allatium
2845 5287 3090 5343 vicissim
3145 5288 3250 5366 ista
3281 5296 3668 5366 _omitt_untur_,_
3712 5294 3854 5366 ὃξην
3885 5292 3923 5366 *ὁ

2354 5356 2690 5428 Ἐνώςιιιυω
2729 5359 2985 5428 leguntur
3027 5374 3095 5412 ex
3124 5359 3248 5413 cod.
3281 5358 3402 5416 Vat.
3443 5362 3501 5418 in
3539 5361 3707 5418 editis
3737 5356 3922 5420 Possi-

2343 5427 2418 5480 nii
2448 5439 2502 5481 et
2534 5427 2870 5483 Combeﬁsii.
2899 5427 3069 5483 GALL.

2411 5497 2485 5567 (2)
2538 5498 2856 5567 Ἀπωτέρω.
2916 5497 3008 5554 Sic
3049 5497 3305 5557 Allatius.
3351 5500 3635 5557 Possinius
3682 5517 3823 5558 vero
3861 5516 3920 5558 ex

2338 5569 2461 5622 cod.
2505 5567 2624 5622 Vat.
2666 5570 3034 5641 ἀνωτέρω.....
3088 5569 3265 5641 Atque
3310 5574 3449 5627 lianc
3481 5570 3598 5626 Vat.
3627 5573 3919 5628 lectionem

2344 5641 2582 5709 retinere
2653 5639 2854 5695 maluit
2905 5640 3083 5696 editor
3149 5639 3463 5709 Lupareus.
3534 5644 3757 5698 etiamsi
3819 5657 3917 5698 nis.

2345 5707 2545 5833 ἓὲξέτ.
2582 5716 2636 5763 et
2673 5720 2924 5781 excerpta
2965 5707 3249 5766 Photiana‘
3267 5713 3531 5784 ἀπωτέρω
3572 5713 3914 5788 pratici-rent.

2498 5795 2631 5833 sris.

2392 5793 2631 5837 οηειηε.
