4056 6302
261 367 375 421 135

1329 352 1714 413 CONVIVIUM
1755 353 1980 409 DECEM
2021 351 2380 408 VIRGINUM.

3407 349 3512 404 ιδι

258 483 331 538 τὸ
356 482 510 551 γένος
560 479 670 534 τῶν
701 477 1004 549 ἀνθρώπων
1038 476 1276 547 ἀϊστωθῇ
1321 475 1458 546 λήθῃ
1507 472 1614 526 τῶν
1648 471 1848 536 καλῶν,

1977 472 2028 525 io
2067 471 2224 526 foret.
2274 470 2416 526 Deus
2448 471 2631 540 itaque
2655 510 2668 534 ,
2703 485 2771 524 ne
2803 469 3068 524 bonorum
3111 467 3381 523 obiivione
3414 469 3518 522 bu-

259 577 364 631 τὸν
407 575 539 629 ἴδιον
583 572 756 627 Παῖδα
804 574 917 635 τοῖς
961 570 1265 641 προφήταις
1311 567 1594 620 ἐκέλευσεν
1641 565 1850 634 ὑπηχῆ-

265 687 363 724 σαι
385 670 484 738 ('5),
509 667 608 738 τὴν
651 665 914 736 ἐσομένην
956 661 1144 716 ἑαυτοῦ
1189 659 1486 733 παρουσίαν
1533 658 1619 711 διὰ
1652 657 1850 728 σαρκὸς

265 764 354 826 είς
390 761 482 813 τὸν
525 759 636 830 βίον
662 797 677 821 ,
713 756 835 810 καθ’
876 756 941 826 ἣν
988 757 1020 826 ή
1052 754 1149 824 τῆς
1187 749 1556 821 πνευματικῆς
1605 747 1850 816 ὀγδοάδος

265 853 420 926 χαρά
465 852 560 906 καὶ
593 850 792 920 γνῶσις
843 847 1284 918 κηρυχθήσεται,
1324 843 1568 912 ἀφέσεως
1607 842 1854 911 ἁμαρτη-

273 945 467 1016 μάτων
498 939 632 997 οὗσα
661 943 754 995 καὶ
779 939 1126 1000 ἀναστάσεως
1154 935 1478 1007 παρεκτική·
1511 929 1852 1004 περιτμηθῆ-

272 1035 468 1088 σεσθαι
520 1033 627 1102 γὰρ
680 1031 744 1084 δι’
777 1031 944 1100 αὐτῆς
977 1027 1086 1080 τῶν
1136 1024 1436 1097 ἀνθρώπων
1470 1023 1538 1078 τά
1571 1024 1717 1094 πάθη
1761 1025 1854 1076 καὶ

269 1127 377 1198 τὴν
402 1124 627 1196 φθοράν.
661 1123 770 1175 Καὶ
810 1120 898 1174 διὰ
921 1120 1078 1174 τοῦτο
1124 1119 1214 1171 τὸν
1260 1115 1556 1186 κατάλογον
1591 1114 1698 1168 τῶν
1746 1114 1854 1167 ἀπὸ

269 1216 372 1271 τοῦ
408 1215 656 1288 Ἀὀραάμ
690 1212 980 1284 προφητῶν
1006 1210 1092 1264 διὰ
1123 1210 1221 1281 τὴν
1249 1209 1348 1280 τῆς
1389 1207 1690 1280 περιτομῆς
1723 1223 1856 1278 πρε-

275 1308 498 1372 σϐείαν,
563 1307 654 1360 τὸν
691 1304 834 1358 ὀκτὼ
884 1302 1242 1373 περιεχούσης
1293 1300 1555 1372 ἀριθμὸν,
1595 1296 1661 1371 ἦς
1699 1299 1856 1369 ἑξήρ-

275 1417 441 1472 τηται
485 1399 574 1454 καὶ
606 1401 634 1451 ὁ
667 1399 848 1468 νόμος,
893 1396 1220 1465 ὀγδοήκοντα
1255 1393 1533 1457 παλλακὰς
1561 1394 1815 1446 ἐκάλεσεν
1837 1410 1850 1422 ·

277 1491 366 1544 ὅτι
405 1491 640 1562 πρῶτοι,
675 1490 802 1560 πρὶν
849 1487 947 1559 τὴν
973 1486 1191 1557 νύμφην
1230 1486 1327 1556 τὴν
1367 1485 1690 1554 Ἐκκλησίαν
1724 1499 1856 1536 κατ-

280 1581 614 1653 εγγυηθῆναι
661 1580 738 1652 τῷ
772 1579 966 1650 Λόγῳ,
1015 1577 1083 1631 τὰ
1136 1577 1255 1631 θεῖα
1299 1575 1649 1638 συλλαϐόντες
1694 1573 1858 1645 σπέρ-

287 1691 453 1744 ματα,
493 1675 591 1744 τῆς
620 1672 819 1745 νοητῆς
852 1668 1277 1743 προεξήγγειλαν
1306 1668 1552 1737 ὀγδοάδος
1581 1665 1677 1738 τὴν
1708 1682 1861 1736 περι-

283 1767 476 1836 τομήν.

1956 574 2176 612 manum
2209 573 2379 628 genus
2426 573 2651 627 prorsus
2699 564 3068 620 everteretur,
3118 555 3312 610 Filium
3358 571 3518 610 suum

1955 651 2254 714 mandavit,
2283 667 2440 705 suum
2471 666 2565 720 per
2598 665 2818 703 carnem
2846 649 3088 702 futurum
3130 649 3183 702 in
3218 649 3479 703 mundum
3502 687 3516 710 ,

1958 743 2218 798 interiore
2266 743 2453 796 auditu
2514 742 2790 812 prophetis
2851 743 2999 811 loqui
3045 741 3371 807 adventum;
3427 755 3522 811 per

1957 850 2116 903 quem
2155 834 2414 903 spiritalis
2445 833 2713 886 octonarii
2753 834 3006 904 gaudium
3047 849 3110 886 ac
3151 833 3400 888 veritatis
3429 848 3524 887 co.

1960 927 2126 995 gnitio
2149 935 2332 980 essent
2352 925 2694 994 praedicanda
2721 925 2844 993 :qni
2881 925 3138 978 nimirum
3166 930 3524 993 peccatorum

1960 1018 2100 1072 foret
2124 1020 2372 1072 remissio
2410 1029 2462 1071 et
2493 1017 2947 1071 resurrectionem
2968 1024 3114 1071 esset
3144 1016 3524 1086 przestiturus;

1961 1107 2401 1162 circumcidenda
2436 1107 2637 1176 quippe
2669 1123 2767 1176 per
2794 1107 2972 1177 ipsum
3007 1107 3288 1162 hominum
3317 1107 3444 1160 vitia
3474 1113 3528 1160 et

1961 1200 2366 1269 corruptionem
2400 1199 2810 1268 amputandam.
2848 1197 3076 1268 Propter
3117 1199 3255 1259 hoc,
3293 1199 3529 1268 prophe-

1962 1301 2140 1345 tarum
2166 1291 2256 1359 qui
2288 1288 2356 1342 ab
2382 1289 2690 1341 Abrahamo
2712 1289 2949 1352 fuerunt,
2981 1288 3306 1342 subductum
3342 1275 3531 1340 nume-

1965 1396 2106 1444 rum,
2140 1386 2362 1449 pr0pter
2390 1377 2824 1432 circumcisionis
2855 1379 3196 1431 octonarium
3244 1391 3532 1430 numerum

1965 1474 2331 1535 continentis,
2375 1487 2440 1523 ex
2480 1485 2586 1539 qua
2616 1471 2700 1523 lex
2735 1469 2850 1540 ipsa
2887 1470 3119 1539 pendet,
3164 1469 3532 1538 angustiorem

1964 1564 2264 1627 honorem,
2301 1561 2575 1630 octoginta
2623 1561 2959 1614 concubinas
3000 1559 3288 1628 appellavit
3331 1577 3343 1612 :
3386 1557 3533 1628 quod

1967 1672 2160 1726 nempe
2183 1653 2376 1725 primi,
2410 1660 2700 1721 antequam
2733 1650 2975 1706 Ecclesia
3021 1649 3194 1705 Verbo
3228 1651 3532 1721 desponsa-

1968 1757 2138 1807 retur,
2191 1743 2392 1798 divinis
2438 1742 2714 1811 conceptis
2766 1742 3064 1796 seminibus
3095 1742 3359 1810 spiritalis
3386 1749 3536 1797 octo-

1967 1840 2108 1894 narii
2133 1837 2608 1892 circumcisionem
2643 1837 3098 1906 przenuntiarunt.

620 2009 753 2064 CAP.
794 2008 904 2063 Vll.
931 2008 1370 2073 Adolescentutaz,
1395 2008 1533 2078 justi
1563 2013 1777 2060 veteres.
1803 1999 2064 2062 Ecclesia,
2091 2011 2198 2048 una
2224 1993 2322 2048 illa
2353 2009 2565 2062 sponsa,
2595 1993 2808 2064 reliquis
2828 1995 3182 2062 prastantior.

356 2151 628 2215 Νεάνιδας
673 2150 730 2202 δὲ
781 2149 945 2203 πάλιν
982 2149 1061 2211 είς
1098 2146 1464 2220 ἀναρίθμητον
1517 2143 1870 2204 συντελούσας

2048 2132 2496 2188 Adolescentulas
2519 2138 2697 2186 autem
2717 2172 2730 2196 ,
2770 2148 2997 2187 numero
3030 2134 3338 2202 superiores
3359 2175 3374 2202 ,
3416 2153 3534 2193 eam

284 2246 495 2318 ὅμιλον,
528 2244 596 2298 τὰ
629 2243 734 2296 ὑπὸ
765 2247 880 2306 τοίς
906 2242 1175 2313 κρείττοσι
1209 2241 1285 2312 (4)
1327 2239 1869 2311 δικαιοπραγήσαντα

287 2331 492 2403 πλήθη,
514 2331 607 2384 καὶ
636 2329 899 2394 νεανικῶς
933 2330 1024 2382 καὶ
1050 2331 1309 2398 γενναίως
1341 2329 1704 2398 διαθλήσαντα
1735 2327 1871 2398 πρὸς

291 2425 392 2494 τὴν
421 2423 714 2494 ἁμαρτίαν,
761 2423 938 2477 καλεῖ.
989 2423 1148 2476 Ἀλλά
1197 2424 1400 2476 τούτων
1444 2422 1555 2475 οὗθ’
1609 2423 1664 2476 αἱ
1719 2422 1872 2492 βασί-

293 2513 501 2575 λισσαι,
535 2513 644 2564 οὗθ’
685 2515 741 2564 αἱ
776 2513 1065 2577 παλλακαὶ,
1116 2513 1227 2565 οὔθ’
1278 2515 1332 2566 αί
1380 2513 1616 2576 νεάνιδες
1651 2513 1875 2584 συγκρί-

297 2621 481 2658 νονται
527 2606 593 2674 τῇ
659 2603 974 2675 Ἐκκλησία.
1018 2605 1083 2657 Ἡ
1134 2605 1242 2675 γὰρ
1295 2604 1473 2656 τελεία
1505 2603 1598 2656 καὶ
1646 2601 1872 2674 ὲκλεκτὴ

298 2697 453 2768 παρὰ
497 2697 678 2759 πάσας
719 2696 888 2760 αύτάς
927 2694 1275 2767 νομιζομένη,
1311 2697 1344 2767 ή
1382 2698 1446 2748 ὲκ
1492 2695 1708 2748 πάντων
1750 2713 1874 2748 συν-

297 2788 514 2841 εστῶσά
545 2804 604 2840 τε
639 2790 733 2842 καὶ
762 2790 1111 2860 συνηνωμένη
1132 2789 1207 2860 (5)
1235 2789 1342 2841 τῶν
1372 2790 1680 2842 ἀποστόλων
1705 2787 1871 2851 ἐστὶν,

295 2885 331 2953 ἠ
371 2881 787 2954 ύπερὸἀλλουσα
829 2881 1012 2952 νύμφη
1045 2881 1123 2952 τῷ
1175 2882 1357 2936 κάλλει
1408 2878 1505 2954 τῆς
1554 2883 1736 2952 ἀκμῆς
1781 2882 1874 2934 καὶ

296 2976 398 3045 τῆς
460 2973 757 3047 παρθενίας
818 2975 1018 3038 πάσας.
1070 2975 1160 3027 Διὸ
1207 2974 1299 3027 καὶ
1359 2973 1720 3045 μακαρίζεται
1780 2974 1874 3027 καὶ

302 3069 537 3120 αίνείται
575 3065 709 3139 πρὸς
742 3063 849 3119 τῶν
882 3064 1054 3119 ἄλλων
1085 3064 1182 3134 (6),
1217 3065 1299 3118 ὃτι
1337 3063 1473 3136 αὕτη
1507 3065 1600 3118 καὶ
1638 3060 1744 3117 εἶδε
1779 3063 1875 3118 καὶ

299 3160 532 3228 ἤκουσεν
591 3156 872 3226 ἀφθόνως,
925 3157 961 3211 ἃ.
1012 3159 1217 3210 ἐκεῖναι
1270 3155 1626 3208 ὲπεπόθεισαν
1674 3156 1777 3210 κᾶν
1811 3157 1876 3210 ὲκ

303 3248 547 3320 βραχέως
589 3246 918 3309 θεάσασθαι,
954 3248 1049 3300 καὶ
1096 3247 1194 3300 ούκ
1253 3242 1392 3298 εἶδον
1419 3262 1433 3276 ο
1485 3247 1580 3299 καὶ
1623 3245 1873 3308 ἀκοῦσαι,

302 3342 396 3394 καὶ
425 3342 524 3394 οὐκ
551 3343 808 3412 ἤκουσαν.
845 3337 1133 3405 Μακάριοι
1164 3339 1295 3407 γὰρ,
1336 3339 1522 3409 φησὶν,
1564 3340 1618 3390 οἱ
1651 3337 1874 3406 ὀφθαλ-

296 3434 398 3504 μοὶ
429 3432 623 3502 ὑμῶν,
650 3433 678 3484 ὁ
721 3431 927 3502 Κύριος
969 3433 1079 3493 τοῖς
1122 3431 1407 3502 μαθηταῖς,
1451 3432 1502 3482 οἱ
1539 3428 1876 3493 ,βλέποντες

297 3525 334 3577 ἃ
361 3525 642 3590 βλέπετε.
675 3523 837 3594 Λέγω
863 3525 971 3593 γὰρ
997 3524 1160 3593 ὑμῖν,
1202 3523 1289 3576 ὅτι
1331 3521 1548 3576 πολλοὶ
1581 3519 1878 3590 προφῆται

303 3618 690 3686 ἐπεθύμησαν
717 3616 862 3670 ἰδεῖν
897 3615 935 3669 d
959 3615 1242 3680 βλέπετε,
1275 3614 1372 3668 καί
1407 3616 1518 3667 οὐκ
1554 3609 1716 3666 εἶδον
1735 3629 1749 3642 ·
1778 3611 1876 3664 καί

305 3708 564 3762 ἀκοῦσαι
601 3707 639 3761 ἂ
663 3709 934 3773 ἀκούετε,
965 3708 1063 3761 καί
1087 3708 1197 3760 οὐκ
1227 3705 1522 3774 ἤκουσαν.
1559 3703 1764 3758 Οὐκοῦν
1792 3702 1880 3756 διὰ

306 3800 481 3853 ταῦτα
517 3801 876 3872 μακαρίζουσι
922 3798 1125 3870 ταύτην
1155 3800 1205 3852 οἱ
1229 3798 1499 3868 προφῆται
1539 3799 1634 3851 καὶ
1672 3796 1880 3866 θαυμά-

309 3891 511 3955 ζουσιν,
546 3892 628 3943 ὅτι
653 3883 726 3942 ὧν
756 3890 908 3943 αὐτοὶ
939 3889 1013 3960 μὴ
1042 3890 1302 3960 ἐπέτυχον
1340 3889 1604 3960 ἀκροαταὶ
1629 3886 1878 3956 γενέσθαι

309 3984 405 4037 καὶ
434 3981 726 4053 θεάμονες,
784 3983 817 4052 ή
873 3979 1168 4051 Ἐκκλησία
1211 3977 1518 4050 κατηξιώθη
1565 3980 1658 4032 καὶ
1703 3977 1881 4048 μετεί-

308 4073 497 4144 ληφεν.
536 4072 860 4141 Ἐξήκοντα
886 4073 995 4144 γάρ
1027 4074 1145 4125 εἱσι
1168 4071 1533 4134 βασίλισσαι
1567 4069 1665 4122 καὶ
1711 4069 1882 4138 ὀγδο-

311 4165 537 4233 ήκοντα
587 4165 928 4228 παλλακαὶ,
973 4165 1070 4217 καὶ
1112 4161 1382 4229 νεάνιδες
1432 4157 1520 4215 ὧν
1570 4164 1680 4216 οὐκ
1712 4161 1884 4215 ἐστιν

311 4259 574 4328 ἀριθμός.
605 4259 734 4312 Μία
769 4257 898 4312 ἐστὶ
929 4255 1246 4326 περιστερά
1274 4273 1416 4326 μου,
1449 4255 1645 4310 τελεία
1669 4272 1808 4326 μου.

419 4501 468 4534 ⁸³
506 4499 700 4555 Matth.
731 4517 831 4555 xm
881 4500 972 4567 16,
1007 4501 1093 4556 17,
1170 4499 1216 4532 ⁵³
1253 4499 1408 4554 Cant.
1442 4516 1518 4564 vl,
1552 4499 1604 4554 'l.

1973 2224 2379 2280 multitudinem
2423 2233 2716 2292 vocatquae
2751 2223 2992 2278 inferiori
3017 2239 3044 2277 a
3071 2229 3542 2294 prmstantioribus

1973 2317 2453 2387 ordinejustitiam
2491 2325 2836 2380 consectata,
2875 2317 3102 2385 juvenili
3152 2321 3312 2387 quasi
3342 2322 3538 2377 robore

1973 2427 2036 2465 ac
2070 2419 2292 2465 strenue
2327 2409 2590 2462 adversus
2639 2420 2922 2478 peccatum
2966 2409 3285 2465 decertavit.
3327 2411 3404 2466 Ex
3445 2413 3542 2467 ho-

1973 2520 2093 2557 rum
2124 2512 2304 2558 tamen
2328 2499 2476 2554 omni
2507 2499 2682 2554 classe
2710 2517 2885 2570 neque
2909 2501 3126 2570 reginae.
3157 2517 3256 2557 nec
3283 2505 3544 2578 concubi-

1973 2609 2056 2648 na:
2101 2599 2194 2646 aut
2251 2591 2697 2655 adolescentulw,
2750 2607 2873 2645 cum
2932 2593 3170 2647 Ecclesia
3233 2598 3541 2665 comparari

1972 2687 2174 2742 valent.
2233 2683 2358 2739 Haec
2402 2685 2545 2740 enim
2591 2684 2831 2755 perfecta
2883 2700 2946 2738 ac
2994 2702 3160 2756 supra
3202 2701 3390 2742 omnes
3423 2689 3544 2745 illas

1973 2780 2143 2833 electa
2177 2777 2394 2839 habita,
2427 2792 2494 2830 ex
2523 2775 2778 2830 omnibus
2827 2775 3060 2829 conﬂata
3097 2778 3358 2846 apostolis
3399 2788 3448 2833 et
3484 2781 3542 2834 in

1975 2887 2144 2925 unum
2169 2876 2567 2940 coagmentata,
2605 2868 2696 2921 illa
2737 2883 2935 2938 sponsa
2964 2876 3082 2932 est,
3129 2870 3318 2924 vividae
3365 2873 3543 2927 aetatis

1973 2956 2107 3012 ﬂore
2131 2973 2196 3012 ac
2213 2957 2541 3028 virginitatis
2562 2957 2756 3012 decore
2775 2958 2988 3012 cunctis
3023 2959 3178 3028 longe
3206 2961 3540 3028 praecellens.

1975 3050 2246 3117 Quocirca
2303 3050 2464 3104 etiam
2518 3049 2586 3104 ab
2618 3048 2740 3102 aliis
2791 3049 2944 3103 beata
3005 3051 3328 3119 praedicatur
3383 3060 3545 3123 atque

1975 3147 2248 3210 laudatur,
2278 3148 2420 3216 quod
2453 3145 2568 3216 ipsa
2590 3145 2792 3198 alTatim
2819 3144 3014 3198 viderit
3033 3145 3372 3214 audieritque
3397 3145 3542 3214 quod

1977 3238 2081 3292 illa:
2106 3239 2189 3292 vel
2222 3235 2290 3290 ad
2338 3237 2500 3292 breve
2549 3241 2882 3290 momentum
2934 3232 3118 3288 videre
3168 3235 3455 3304 cupierunt
3491 3243 3544 3289 et

1977 3347 2086 3386 non
2114 3331 2385 3392 viderunt,
2415 3337 2576 3399 atque
2599 3329 2809 3389 audire.
2835 3336 2888 3380 et
2920 3342 3028 3380 non
3060 3326 3366 3381 audierunt.
3392 3327 3544 3380 Beati

1978 3426 2121 3479 enim
2149 3463 2163 3487 ,
2212 3424 2386 3494 inquit
2433 3421 2697 3477 Dominus
2740 3422 3026 3491 discipulis
3057 3420 3124 3483 “,
3159 3420 3299 3474 oculi
3347 3421 3543 3482 vestri,

1904 3495 1946 3552 (ἶ
1978 3519 2067 3587 qui
2097 3515 2271 3569 vident
2310 3531 2425 3586 quae
2456 3515 2660 3569 videtis.
2697 3514 2822 3568 Dico
2851 3515 2989 3568 enim
3025 3511 3188 3574 vobis,
3225 3511 3361 3581 quod
3394 3511 3547 3566 multi

1975 3611 2240 3681 propheta:
2265 3610 2536 3678 cupierunt
2571 3608 2741 3662 videre
2773 3624 2888 3677 qua:
2924 3606 3108 3660 videtis
3135 3645 3148 3668 ,
3179 3614 3228 3657 et
3269 3622 3370 3657 non
3409 3603 3548 3658 vide-

1976 3714 2099 3760 runt
2125 3713 2211 3759 :et
2239 3701 2427 3756 audire
2459 3718 2574 3772 qua:
2606 3701 2836 3762 auditis,
2873 3709 2922 3753 et
2972 3715 3075 3751 non
3122 3697 3423 3751 audierunt.
3467 3697 3549 3751 0b

1976 3798 2118 3851 hanc
2163 3796 2343 3866 itaque
2392 3810 2614 3849 causam
2657 3795 2852 3848 merito
2906 3792 3183 3864 prophetae
3246 3791 3545 3847 Ecclesium

1977 3888 2188 3942 beatam
2225 3885 2524 3955 praedicant
2555 3900 2783 3954 eamque
2834 3883 3201 3946 admirantur,
3252 3885 3396 3952 quod
3427 3898 3547 3951 qua:

1985 3979 2119 4048 ipsis
2134 3978 2317 4032 videre
2333 3976 2627 4045 audireque
2652 3991 2759 4029 non
2784 3975 2994 4045 obtigit,
3028 3974 3139 4028 luec
3166 3973 3279 4043 ipsa
3308 3971 3549 4028 Ecclesia

1986 4069 2301 4140 percipere,
2347 4083 2642 4138 eorumque
2693 4067 2928 4136 gaudere
2974 4065 3300 4120 commercio
3329 4065 3546 4119 meruit.

1989 4160 2278 4229 Sexaginta
2296 4159 2439 4213 enim
2461 4168 2581 4212 sunt
2605 4159 2792 4229 regiam
2813 4167 2862 4212 et
2884 4158 3144 4227 octoginta
3167 4155 3482 4218 concubinw,
3500 4165 3551 4210 et

1989 4251 2396 4305 adolescentulo:
2424 4268 2649 4321 quarum
2678 4267 2781 4304 non
2803 4259 2880 4305 est
2909 4265 3180 4305 numerus.
3211 4246 3326 4302 Una
3359 4257 3435 4302 est
3459 4263 3552 4301 co-

1991 4343 2170 4397 lumba
2199 4359 2334 4411 mea,
2366 4342 2598 4413 perfecta
2627 4358 2742 4397 mea
2779 4342 2848 4398 “.

390 4705 466 4775 (ὅ)
495 4703 609 4760 Τὸν
634 4706 788 4760 ἴδιον
805 4706 993 4761 Naida
1014 4707 1346 4777 ὑπηχῆσαι.
1377 4706 1682 4767 Possinius.
1709 4707 1870 4777 invito

1983 4709 2256 4764 numerari
2285 4724 2393 4763 non
2427 4709 2628 4764 decuit.
2659 4707 2770 4763 Nec
2799 4707 3012 4777 judices
3051 4709 3301 4763 dicantur
3333 4707 3550 4763 univer-

321 4786 494 4839 textu,
537 4777 814 4846 prephetis
863 4775 1421 4847 praeceptuinl'eddit,
1447 4793 1505 4833 ut
1539 4781 1616 4834 sic
1656 4778 1748 4832 Dei
1789 4775 1863 4833 Fi'

321 4850 453 4901 lium
493 4847 922 4918 insusurrarent,
960 4849 1238 4916 prwdicari
1301 4851 1500 4904 curavit
1546 4867 1578 4902 ιι
1617 4849 1878 4918 prophetis

321 4934 474 4988 suum
509 4915 725 4970 Filium.
764 4917 867 4972 Sed
901 4915 1008 4972 nan
1043 4919 1116 4972 ita
1146 4918 1469 4980 Methodius,
1517 4915 1626 4975 sed
1649 4915 1753 4988 ipsi
1787 4919 1871 4973 Fi-

321 4990 396 5042 lio
430 4987 664 5055 jussisse
697 4989 771 5042 ait
802 4998 858 5042 ut
887 4990 965 5043 sic
1001 4989 1260 5044 interiore
1292 4990 1481 5042 auditu
1511 4990 1625 5057 ipse
1652 4987 1713 5044 se
1751 5006 1870 5059 pro,

324 5059 525 5124 phetis.
572 5074 837 5129 suumque
889 5059 1230 5112 inmundum
1273 5060 1582 5129 adventum,
1621 5075 1729 5129 quo
1791 5082 1868 5114 sa-

324 5129 434 5199 lus?
462 5129 666 5183 mundo
711 5128 870 5199 foret,
922 5129 1234 5198 loqueretur
1282 5148 1294 5183 :
1357 5128 1498 5199 quod
1556 5128 1876 5198 praeceptum

325 5198 460 5252 nihil
501 5199 624 5253 laesa
672 5198 792 5267 ejus
821 5215 943 5253 cum
987 5199 1144 5252 Patre
1162 5198 1470 5268 aaqualitate
1501 5207 1676 5268 potest
1719 5200 1874 5256 intel-

323 5269 438 5338 ligi,
473 5268 754 5323 destinatae
780 5285 945 5323 causa
974 5267 1385 5325 lnearnationis.
1417 5267 1704 5323 Consus.

397 5339 472 5407 (4)
509 5341 585 5392 Τὰ
617 5341 733 5392 ὑπὸ
777 5339 899 5404 τοῖς
925 5339 1239 5408 κρείττοσι.
1294 5340 1483 5396 Plebes
1515 5339 1768 5393 nimirum
1799 5337 1884 5394 in-

326 5409 538 5480 telligit,
563 5410 654 5480 vel
697 5409 1022 5480 patriar-cluis
1056 5411 1140 5464 vel
1177 5411 1456 5480 prophetis
1504 5409 1799 5477 subiectas,
1823 5423 1887 5463 ac

323 5478 523 5548 quibus
552 5479 786 5549 majores
815 5479 889 5532 illi
918 5478 1008 5532 Dei
1039 5482 1187 5533 cultu
1253 5478 1504 5550 praeirent
1535 5498 1548 5533 :
1580 5496 1700 5548 quae
1729 5480 1889 5534 turba

325 5549 499 5618 major
547 5560 650 5612 est,
687 5551 803 5618 ipsa
856 5549 1285 5612 innumerabilis,
1331 5566 1451 5605 cum
1490 5552 1889 5618 praestantiores

325 5620 740 5690 sancti_ipsique
769 5621 936 5674 duces
969 5631 1130 5689 atque
1151 5621 1399 5690 auspices
1424 5622 1580 5686 longe
1603 5622 1886 5689 pauciores

326 5689 456 5743 sint.
507 5688 828 5762 Nihiliapte
881 5688 1058 5743 Allat.’
1109 5688 1426 5762 e_t_Mazar.,
1455 5692 1559 5762 ύπδ
1605 5688 1721 5753 τοῖς
1765 5708 1884 5762 κρι-

324 5763 463 5822 ταῖς,
489 5762 642 5829 quasi
682 5759 772 5816 ille
832 5776 1008 5815 novus
1057 5759 1272 5828 quidem
1321 5770 1493 5816 status
1521 5761 1609 5819 sit.
1636 5776 1743 5814 non
1768 5759 1883 5829 ipse

329 5831 755 5887 circumcisionis
791 5831 1018 5902 ejusque
1045 5846 1192 5902 pars,
1224 5845 1380 5899 quem
1404 5831 1627 5900 proinde
1651 5831 1726 5886 illi
1757 5847 1882 5887 con-

1985 4781 2084 4831 sim
2145 4781 2388 4848 primarii
2436 4779 2591 4848 justi,
2647 4779 2732 4834 vel
2773 4779 3105 4849 patriarchae
3137 4781 3217 4833 vel
3253 4781 3548 4849 prophetae,

1984 4849 2078 4903 ced
2107 4851 2452 4918 peculiariter
2487 4850 2673 4919 illi'qui
2707 4865 2736 4903 a
2770 4848 2915 4904 Mose
2944 4849 3009 4902 ad
3047 4848 3262 4903 Saulem
3301 4849 3553 4904 l-lebrwo-

1986 4934 2103 4972 rum
2137 4921 2403 4990 rempubl.
2437 4936 2676 4990 gessere,
2709 4929 2762 4974 et
2812 4927 3101 4987 antequam
3125 4919 3198 4974 illi
3241 4937 3417 4990 regem
3446 4937 3547 4990 ex-

1985 4989 2302 5056 poscerent;
2338 4989 2605 5059 qui’jam,
2646 5006 2752 5044 non
2784 4990 2937 5060 quasi
2974 4998 3196 5058 paterne
3223 5000 3276 5044 et
3306 4989 3408 5043 sub
3442 4989 3550 5046 Deo

1986 5061 2138 5117 uuasi
2178 5060 2438 5114 familiam
2469 5068 2677 5130 regeret
2732 5075 2796 5116 ac
2820 5061 3110 5130 judicaret,
3142 5061 3237 5117 sed
3267 5076 3416 5116 mero
3447 5061 3548 5115 im-

1987 5130 2136 5199 perio
2157 5131 2263 5184 illis
2293 5129 2564 5200 praeesset.
2596 5129 2671 5184 In.

2057 5200 2131 5268 (5)
2179 5199 2603 5268 Σ-υιληνωμένη.
2659 5199 2783 5256 Haec
2815 5207 2898 5254 est
2942 5201 3104 5256 lectio
3154 5200 3358 5256 codicis
3421 5199 3544 5256 Vat.

1987 5284 2148 5338 quam
2180 5271 2451 5335 expressit
2495 5269 2796 5327 Possinius.
2833 5270 2939 5326 Sed
2982 5289 3084 5327 ms.
3113 5270 3545 5325 Mazar.etAlla-

1985 5345 2117 5413 tius,
2149 5340 2573 5413 cumPhqtianis
2599 5343 2887 5411 excerptis,
2923 5340 3262 5413 συνημμένη.
3282 5339 3355 5392 In.

2059 5411 2134 5476 (ﬁl
2166 5411 2319 5477 Πρὸς
2347 5409 2464 5464 τῶν
2509 5411 2734 5468 ἄλλων.
2763 5409 2960 5466 Ἁιιαιὶο
3009 5409 3160 5466 deest
3208 5409 3544 5478 praepositio,

1989 5481 2125 5547 preli
2162 5482 2292 5534 vitio
2323 5491 2416 5534 aut
2444 5485 2596 5550 pueri
2626 5483 3005 5537 exscribentis.
3036 5481 3228 5534 Reddit
3261 5493 3388 5550 vero
3419 5495 3546 5534 cum

1993 5546 2266 5614 Possinio,
2320 5546 2622 5622 ante-ralias
2672 5551 3022 5622 praedicatur;
3069 5546 3386 5611 Possinius,
3441 5564 3555 5622 prta

1994 5621 2282 5695 atiis,_cu_m
2314 5623 2386 5695 sit
2414 5621 2477 5676 ab
2506 5625 2651 5683 aliis,
2673 5620 3130 5695 respondeatque
3159 5630 3322 5695 sacro
3355 5620 3554 5695 textui,

1990 5692 2084 5746 ubi
2111 5692 2189 5746 sic
2219 5693 2500 5748 laudantes
2531 5708 2593 5746 ac
2622 5688 2974 5762 praedicantes
3000 5700 3275 5762 Sponsam,
3311 5688 3557 5762 indican-

1987 5770 2098 5888 ἔρι’,
2162 5762 2387 5885 lipseque
2444 5753 2804 5833 sequentibus
2842 5753 3046 5813 diserte
3085 5753 3308 5826 exponit
3348 5756 3558 5811 Metho-

2025 5849 2128 5888 tllS.
2184 5849 2233 5886 ο.

2025 5849 2128 5889 lllS.
2162 5849 2233 5886 ID.
