4056 6302
217 381 326 436 1³57

1314 375 1695 434 CONVIVIUM
1730 376 1958 436 DECEM
2005 380 2359 439 VIRGINUM.

3345 384 3446 440 I38

211 502 391 558 ὀπίσω
417 501 514 571 τῆς
550 496 872 568 βασιλίσσης
891 536 906 560 ,
933 495 999 568 ἢν
1026 496 1296 567 ἀνήγαγεν
1331 496 1360 549 ὁ
1401 495 1623 569 Κύριος,
1655 499 1761 552 ἀναη

1893 501 2185 559 immunem
2216 506 2560 574 perornavit,
2589 506 2860 577 virginum
2896 503 3121 561 chorum
3165 510 3328 574 atque
3354 518 3447 558 or-
3486 541 3490 546 ι

213 595 496 666 μάρτητον
546 590 950 662 ἀποτορνεύσας
998 588 1074 660 τῷ
1109 590 1302 661 Πατρὶ,
1347 589 1440 644 τὸν
1483 592 1642 664 χορὸν
1678 593 1784 647 τῶν

209 687 500 759 παρθένων
533 685 629 739 καὶ
661 682 724 738 τὺ
765 683 950 755 τάγμα
993 683 1470 754 προσκομίζεσθαι,
1501 686 1568 739 τὰ
1604 685 1786 739 δευτεο

211 782 337 853 ρεῖα
373 777 472 850 τῆς
496 775 716 850 νύμφης
739 775 1170 848 κεκληρωμένον.
1204 775 1388 830 Ταῦτά
1422 793 1503 830 σοι
1533 777 1626 830 καὶ
1653 780 1783 849 παρ’

208 871 393 942 ἡμῶν,
427 865 472 924 ὦ
524 870 738 940 Ἀρετὴ,
777 867 846 920 τὰ
869 867 1234 940 γυμνάσματα
1280 865 1390 920 τῶν
1425 865 1598 937 λόγων
1643 869 1783 940 ὑπὲρ

209 963 440 1031 ἁγνείας
462 958 876 1033 ἐστηλιτεύσθω.

280 1055 558 1126 Εὶπούσης
597 1054 652 1108 δὲ
684 1052 852 1107 ταῦτα
893 1052 993 1122 τῆς
1024 1051 1342 1125 Προκίλλης,
1382 1053 1545 1124 Ἐμδς
1585 1055 1615 1106 ὁ
1653 1054 1782 1125 κλῆ-

206 1162 328 1218 ρος,
351 1149 386 1219 ή
412 1146 590 1201 Θέκλα
607 1146 732 1218 ἔφη,
765 1144 900 1216 μετά
926 1143 1130 1215 ταύτην
1157 1145 1354 1217 ἐφεξῆς
1386 1145 1778 1214 ἀγωνίζεσθαιο

203 1240 305 1294 καὶ
338 1239 515 1312 χαίρω
542 1239 878 1311 ξυνέμπορον
910 1236 1105 1308 ἔχουσα
1135 1237 1288 1308 κάγὼ
1318 1237 1416 1310 τὴν
1453 1239 1643 1308 σοφίαν
1673 1238 1780 1292 τῶν

201 1334 417 1403 λόγων,
476 1332 836 1404 αἰσθανομένη
883 1331 1114 1406 κιθάρας
1165 1332 1319 1404 δίκην
1360 1331 1559 1385 ἔσωθεν
1609 1333 1780 1403 ἁρμο-

201 1428 446 1500 ζομένην
494 1444 560 1498 με
611 1426 706 1479 καὶ
759 1425 1277 1498 παρασκευάζουσαν
1305 1427 1384 1488 είς
1437 1425 1498 1477 τὸ
1543 1425 1779 1497 μεμελη-

203 1519 392 1591 μένως
425 1519 598 1572 εἰπεῖν
622 1519 714 1572 καὶ
742 1518 1108 1590 εὐσχημόνως.

272 1611 476 1666 APET.
526 1613 772 1682 Ἀριστα,
837 1603 883 1663 ὦ
940 1609 1138 1673 Θέκλα,
1177 1609 1277 1680 τὴν
1314 1606 1620 1680 προθυμίαν
1671 1607 1776 1660 ἀπ-

198 1703 496 1776 εδεξάμην,
632 1703 722 1758 καὶ
778 1701 1018 1758 πιστεύω
1063 1703 1142 1765 είς
1191 1701 1416 1772 δύναμιν
1466 1699 1772 1772 πρέποντας

1884 593 2088 658 dinem,
2119 596 2358 652 secundo
2379 598 2559 653 statim
2586 605 2707 667 post
2745 611 3002 668 sponsam
3027 596 3231 652 honore
3255 594 3446 666 digne-

1885 695 1996 742 tur.
2030 687 2121 742 lla:
2154 690 2249 744 tibi
2281 706 2496 762 quoque
2525 706 2553 744 a
2588 691 2744 747 nobis
2763 705 3075 746 sermonum
3098 689 3445 744 exercitatio-

1883 793 2019 846 nes,
2061 796 2095 835 ο
2125 779 2325 845 Arete,
2377 800 2478 853 pro
2525 785 2841 854 virginitate
2883 784 3031 838 velut
3078 782 3133 836 in
3191 781 3351 852 cippo
3379 796 3445 836 ac

1884 874 2106 942 perenni
2137 890 2245 928 aere
2269 874 2556 948 insculpta:
2592 884 2778 934 sunto.

1952 1051 2104 1106 Talia
2132 1055 2221 1108 ubi
2247 1053 2476 1108 Procilla
2505 1063 2836 1125 perorasset,
2871 1055 3020 1110 Meus
3040 1055 3174 1124 jam,
3205 1054 3281 1108 ait
3306 1052 3443 1107 The-

1881 1157 1962 1199 cta
1985 1186 1998 1208 ,
2031 1148 2224 1218 agendi
2258 1149 2408 1203 locus
2441 1157 2525 1203 est
2569 1169 2584 1203 :
2627 1165 2801 1220 eoque
2853 1150 3134 1220 gratulans
3179 1161 3438 1212 occurro,

1881 1253 2001 1306 quae
2033 1245 2086 1291 et
2117 1253 2215 1307 ego
2238 1239 2556 1309 sapientiam
2583 1255 2894 1294 sermonum
2925 1239 3055 1310 (vim
3085 1237 3295 1294 scilicet
3329 1239 3443 1292 elo-

1879 1329 2132 1398 quentia)
2167 1328 2434 1385 faventem
2465 1331 2728 1398 habeam;
2761 1331 3102 1401 sentiamque
3131 1330 3356 1384 cithara:
3385 1328 3441 1382 in

1878 1419 2097 1474 modum
2148 1421 2376 1477 interius
2428 1432 2704 1494 aptantem
2759 1437 2823 1477 ac
2870 1423 3320 1486 concinnantem,
3384 1429 3442 1474 ut

1875 1513 2155 1570 elaborate
2187 1531 2252 1570 ac
2276 1516 2474 1573 decore
2502 1524 2838 1587 venustoque
2868 1514 3088 1585 eloquio
3114 1515 3380 1570 disseram

1945 1607 2153 1662 ARET.
2185 1608 2426 1680 Optime,
2471 1624 2506 1664 ο
2546 1609 2785 1674 Thecla,
2844 1617 2972 1664 tuus
3022 1607 3112 1662 hic
3157 1606 3323 1661 ardor
3376 1620 3439 1659 ac

1875 1701 2134 1758 alacritas
2165 1703 2297 1757 mihi
2329 1702 2563 1767 accidit,
2607 1719 2713 1773 qua
2735 1711 2790 1759 et
2818 1717 2999 1773 spero,
3045 1715 3144 1770 pro
3185 1700 3311 1754 data
3341 1699 3437 1754 tibi

199 1795 495 1850 ἀποδοῦναί
542 1795 601 1849 σέ
645 1812 733 1866 μοι
770 1796 895 1860 τοὺς
946 1795 1167 1864 λόγους·
1209 1792 1520 1862 φιλοσοφίας
1565 1809 1624 1844 τε
1667 1791 1761 1864 γὰρ

1878 1791 2169 1861 facultate,
2217 1811 2500 1853 sermones
2541 1803 2593 1850 te
2623 1798 2928 1852 habituram
2953 1839 2969 1859 ,
3026 1797 3116 1867 qui
3150 1812 3217 1850 ex
3277 1809 3439 1864 argu-

198 1888 304 1958 τῆς
333 1888 619 1957 ἐγκυκλίου
645 1861 748 1942 ’καὶ
779 1861 1029 1951 παιδείας
1045 1861 1255 1950 οὐδενὸς
1290 1886 1633 1958 ὑστερήσεις·

1878 1889 2047 1943 menti
2083 1890 2223 1944 mole
2251 1906 2315 1944 ac
2347 1891 2630 1960 majestate
2673 1907 2910 1962 congrue
2936 1892 3187 1946 instituto
3213 1904 3440 1958 respon—

198 1981 565 2050 εύαγγελικῆς
583 1998 642 2034 τε
671 1976 737 2034 αὖ
769 1981 860 2033 καὶ
886 1979 1056 2043 θείας,
1073 1979 1126 2031 τί
1152 1977 1258 2048 χρὴ
1285 1977 1379 2030 καὶ
1400 1975 1596 2045 λέγειν,
1627 1974 1776 2046 παρὰ

197 2074 412 2127 Παύλου
450 2072 870 2143 σεσοφισμὲνην;

1877 1980 2061 2037 deant.
2091 1979 2292 2052 Nempe
2327 1982 2672 2052 philosophia
2714 1983 2972 2052 variaque
3018 1981 3327 2036 eruditione
3373 1993 3438 2032 ac

1878 2069 2183 2124 liberalium
2229 2073 2426 2128 artium
2477 2074 2961 2143 comprehensione
2996 2073 3143 2128 cedis
3187 2071 3433 2126 nemini:

196 2164 518 2236 evangelica
572 2179 701 2221 vero
745 2172 800 2221 et
846 2163 1031 2219 divina
1071 2161 1323 2217 doctrina
1381 2159 1514 2231 quid
1566 2160 1761 2214 attinet
1817 2161 2032 2228 dicere,
2083 2179 2205 2219 cum
2237 2163 2404 2220 Paulo
2455 2167 2714 2237 magistro
2739 2167 2931 2221 edocta
2983 2166 3295 2235 imbutaque
3349 2181 3438 2222 sa-

193 2261 405 2332 pientia
437 2261 552 2318 sis?

710 2485 1068 2573 ΛΟΓΟΣ
1141 2485 1262 2571 H'.

847 2631 1099 2685 ΘΕΚΛΔ.

2239 2471 2698 2568 ORATIO
2770 2473 3044 2563 VIII.

2517 2621 2811 2678 THECLA.

337 2745 468 2805 CAP.
499 2747 540 2804 Ι.
582 2747 753 2814 Vocis,
784 2749 1077 2820 Παρθενία,
1113 2747 1511 2803 Methodianum
1542 2757 1761 2818 etymon,

1862 2761 1939 2802 ene
1979 2744 2183 2800 divina.
2227 2743 2428 2810 Virtus,
2473 2743 2665 2816 Ἀρετή
2691 2741 2889 2812 Grazce,
2919 2741 3056 2798 unde
3078 2743 3220 2798 dicta
3238 2747 3264 2799 7

271 2871 476 2925 Οὐκοῦν
508 2869 752 2940 λέγωμεν
793 2869 902 2940 δὴ,
928 2868 1141 2940 πρῶτον
1193 2866 1415 2922 αὐτόθεν
1458 2867 1552 2920 ἀπ’
1594 2865 1768 2938 ἀρχῆς

200 2963 578 3034 ἁπαρξάμεναι
611 2961 712 3032 τῆς
742 2959 1084 3030 ἐπωνυμίαςο
1128 2959 1194 3012 δι’
1235 2959 1300 3028 ἢν
1346 2957 1522 3012 αίτίαν
1563 2956 1764 3029 ἐκλήθη

1944 2863 2112 2934 Igitur
2140 2861 2390 2918 dicamus
2413 2860 2671 2932 primum,
2712 2861 2780 2915 ab
2814 2861 2932 2930 ipsa
2959 2859 3234 2916 ordientes
3257 2862 3432 2915 inomi-

1872 2957 1958 3013 nis
1985 2953 2362 3026 appellatione,
2395 2969 2496 3008 cur
2521 2954 2730 3009 scilicet
2753 2953 3267 3024 principalissimum
3285 2958 3428 3012 istud

197 3055 485 3122 παρθενία
512 3053 668 3108 τοῦτο
693 3053 752 3107 τὸ
777 3051 1199 3123 κορυφαιότατον
1234 3051 1325 3104 καὶ
1357 3049 1622 3123 μακάριον
1649 3051 1761 3103 ὲπι-

1869 3050 2197 3119 beatumque
2226 3063 2335 3120 quo
2371 3047 2438 3103 de
2488 3048 2732 3120 agimus,
2783 3048 3121 3113 institutum,
3161 3051 3427 3124 παρθενία

199 3145 458 3216 τήδευμα,
490 3138 600 3198 οἷόν
626 3161 685 3198 τε
723 3143 783 3196 ὃν
815 3143 1098 3213 τυγχάνει,
1131 3142 1226 3196 καὶ
1253 3141 1478 3212 δύναμιν
1527 3141 1594 3213 ἢν
1629 3139 1763 3211 ἔχει,

203 3237 294 3290 καὶ
337 3235 648 3308 είσύστερον
699 3235 917 3299 ὁποίους
964 3235 1209 3306 καρποὺς
1252 3233 1522 3287 ἀποτελεῖ.
1570 3233 1765 3286 Κινδυ-

203 3329 408 3384 νεύουσι
467 3330 575 3402 γὰρ
622 3330 802 3398 ὀλίγου
849 3329 1162 3400 σύμπαντες
1195 3330 1362 3400 αὐτὴν
1407 3329 1763 3400 ἠγνοηκέναι,

207 3420 406 3490 μυρίων
453 3419 810 3492 διαφέρουσαν
850 3419 957 3472 τῶν
1002 3419 1174 3473 ἄλλων
1223 3421 1320 3490 τῆς
1365 3420 1567 3492 ἀρετῆς
1610 3420 1766 3473 πλεο-

200 3512 565 3582 νεκτημάτων,
616 3513 788 3565 ὁπόσα
833 3513 913 3574 είς
946 3511 1209 3583 κάθαρσιν
1253 3513 1346 3566 καὶ
1391 3513 1594 3584 κόσμον
1646 3513 1764 3565 δια-

200 3603 500 3674 πονούμεθα
526 3605 626 3675 τῆς
650 3605 840 3676 ψυχῆς.
882 3603 1120 3675 Παρθεῖα
1156 3604 1232 3674 (8)
1274 3604 1379 3678 γὰρ
1428 3608 1462 3677 ἡ
1499 3605 1762 3678 παρθενία

201 3698 335 3749 κατὰ
391 3695 516 3764 μίαν
560 3695 875 3766 ὑπαλλαγὴν
937 3695 1180 3749 καλεῖται
1232 3697 1492 3766 στοιχείου
1517 3738 1532 3761 ,
1574 3697 1650 3760 ὡς
1696 3698 1760 3761 δὴ

203 3786 330 3855 μόνη
363 3787 456 3839 τὸν
489 3787 677 3856 ἔχοντα
713 3787 806 3839 καὶ
850 3786 1229 3858 τετελεσμένον
1254 3788 1424 3858 αὐτῆς
1463 3789 1560 3853 τὰς
1596 3789 1760 3858 ἀφθό-

204 3895 320 3948 ρους
347 3877 570 3942 τελετὰς
598 3878 714 3948 Θεῴ
752 3878 1186 3949 παρεικάζουσα,
1230 3872 1290 3932 οὗ
1337 3879 1516 3950 μεῖζον
1558 3880 1758 3947 ἀγαθὸν

200 3967 452 4022 ἀδύνατον
503 3970 710 4039 εὑρεῖν,
762 3967 950 4038 ἡδονῆς
994 3968 1088 4022 καὶ
1130 3965 1306 4040 λύπης
1347 3969 1752 4040 ἀπῳκισμένοΨ

199 4063 288 4114 καὶ
305 4061 362 4114 τὸ
385 4060 492 4131 τῆς
517 4060 690 4130 ψυχῆς
723 4059 1183 4131 καταρδευόμενον
1211 4059 1424 4130 ἀληθῶς
1453 4057 1671 4122 αύξεταί
1698 4075 1756 4111 τε

267 4264 336 4336 (8)
368 4263 648 4336 Παρθεῖα.
693 4259 1037 4336 Retinuimus
1065 4259 1271 4316 codicis
1304 4259 1422 4336 Yat.
1464 4257 1754 4336 lectionem

205 4335 258 4388 in
275 4329 401 4390 voce
435 4329 666 4387 πανθεία
691 4372 706 4396 ,
741 4348 903 4401 quam
947 4332 1217 4400 interpres
1250 4331 1341 4399 qui
1396 4329 1571 4401 solum
1602 4329 1754 4401 illum

203 4406 430 4460 codicem
465 4404 674 4468 habuit,
709 4398 930 4458 secutus
957 4410 1060 4458 est.
1094 4398 1388 4470 Geterunr
1419 4398 1755 4470 probabilior

208 4475 403 4531 videtur
435 4475 627 4538 altera,
662 4489 824 4544 quam
852 4482 904 4544 et
931 4474 1100 4544 codex
1125 4471 1260 4524 Maz.
1292 4477 1344 4544 et
1359 4469 1629 4544 Photiana
1654 4485 1752 4544 ex-

207 4556 378 4614 cerpta
415 4539 732 4616 suggerunt,
764 4542 1014 4616 παρθεία,
1061 4544 1176 4597 sive
1205 4542 1387 4616 potius
1420 4539 1567 4616 παρᾲ
1607 4539 1747 4606 θεία,

208 4611 406 4671 duolms
425 4611 725 4678 vocabulis,
748 4611 871 4685 quae
903 4614 958 4668 in
983 4612 1434 4685 unumconllata,
1468 4611 1582 4665 sola
1629 4627 1750 4665 mu-

211 4687 398 4741 tatione
422 4686 514 4739 τοῦ
545 4705 578 4740 α
601 4689 652 4740 in
677 4705 726 4750 ν,
758 4683 811 4739 et
841 4685 1003 4754 hujus
1027 4684 1283 4754 insitione
1315 4683 1503 4754 inter;
1533 4691 1585 4735 et
1621 4698 1636 4732 t
1667 4697 1752 4750 pe-

213 4757 454 4820 nultimae,
472 4771 656 4828 vocem
680 4756 885 4810 dabunt
905 4752 1186 4828 παρθενία.
1207 4752 1595 4828 Etymotogicus
1614 4767 1752 4828 quo-

212 4842 310 4895 que
336 4827 758 4897 prmpositionem
816 4823 996 4897 παρά’
1021 4827 1076 4897 in
1123 4823 1420 4897 παρθενίας
1451 4823 1750 4897 veriloquio

217 4893 459 4963 agnoscit,
517 4898 643 4950 dum
680 4893 911 4956 scribit.'
943 4893 1228 4967 παρθενίᾳ,
1259 4896 1368 4967 *ὅτι
1401 4893 1570 4967 Δσιτςιιρόι
1616 4893 1750 4967 Θεοῦ

217 4967 375 5044 ἐδόθη.
395 4967 484 5022 En.
512 4967 710 5044 Lupia.
739 4998 809 5008 —
833 4963 1086 5044 Παρθεῗᾳ
1114 4963 1562 5044 γάρᾟοξείηἰιιε,
1591 4966 1750 5036 quasi

215 5053 276 5091 ex
300 5036 429 5097 vam,
459 5037 708 5104 πανθεία,
740 5036 948 5093 omnino
963 5039 1163 5100 divina,
1193 5037 1311 5101 levi,
1344 5037 1538 5105 inquit,
1577 5045 1748 5088 mutae

219 5109 344 5180 tione
362 5109 577 5180 litterw;
607 5125 706 5180 nec
735 5111 830 5180 qui
864 5109 987 5180 ejus
1029 5109 1228 5178 Lupar.
1243 5106 1483 5180 editioni
1513 5105 1750 5175 praefuit,

218 5179 310 5233 etsi
369 5178 777 5235 reclamantibus
848 5179 1101 5235 omnibus
1157 5178 1481 5239 codicibus,
1537 5193 1750 5231 necnon

220 5245 412 5322 Illiotio,
447 5265 655 5322 aequum
684 5251 911 5322 putavit
958 5249 1032 5304 illi
1062 5256 1292 5315 mutare,
1320 5248 1476 5322 quod_
1501 5247 1546 5300 is
1577 5247 1750 5322 solum

222 5319 356 5372 illum
377 5315 591 5375 codicem
603 5315 861 5385 habitarit,
892 5337 1042 5391 quem
1068 5329 1276 5376 secutus
1305 5315 1404 5375 est.
1436 5315 1548 5388 Ego
1572 5319 1743 5389 magis

223 5398 383 5456 putem
432 5393 631 5446 nullum
692 5401 936 5448 secutum
972 5408 1114 5457 esse,
1168 5391 1264 5446 sed
1313 5391 1398 5445 vel
1447 5404 1628 5452 suum,
1659 5391 1744 5443 vel

227 5461 359 5534 pueri
385 5463 732 5518 exscribentis
781 5461 1191 5534 σφάλμα-Νίκη
1241 5460 1494 5534 Allatius,
1528 5460 1622 5534 qui
1651 5475 1744 5534 va-

226 5530 402 5599 riantes
427 5534 674 5589 lectiones
702 5551 770 5590 ex
789 5530 910 5590 Vat.
929 5530 1000 5588 ἐι
1029 5532 1186 5587 Barb.
1227 5532 1372 5586 serio
1393 5531 1630 5599 collegit,
1662 5531 1746 5583 ni-

228 5597 294 5654 hil
335 5602 479 5672 hujus
505 5604 837 5672 diversitatis
888 5603 1154 5669 meminit,
1206 5618 1391 5672 quam,
1426 5597 1742 5672 utiyidetur,

229 5669 414 5727 nullam
445 5669 704 5744 ejusmodi
758 5677 812 5730 in
867 5691 932 5731 eo
965 5674 1154 5730 codice
1194 5669 1438 5744 oll‘endit.
1463 5670 1546 5744 _ljlt
1574 5678 1743 5744 certe

230 5750 318 5796 vox
360 5741 566 5800 πανθεία
629 5763 736 5801 non
783 5747 1038 5817 congruit
1088 5743 1413 5817 expositio_ni
1463 5741 1741 5817 Methodii,

233 5823 324 5878 qna
353 5817 422 5872 sic
442 5817 536 5871 dici
566 5818 862 5890 παρθενίαν
894 5812 1011 5880 ἐὴ.
1042 5812 1186 5886 quod
1217 5814 1308 5869 illa
1343 5812 1453 5868 Deo
1477 5812 1742 5869 assimile--

493 5915 754 5976 Ρηιιοι..
792 5915 908 5975 Gn.
947 5911 1167 5975 XVIII.

1868 3139 2153 3204 vocitetur,
2201 3138 2345 3208 quod
2395 3136 2605 3194 Latinis
2656 3138 2928 3208 uirginitas
2983 3138 3182 3194 dicitur
3240 3160 3254 3194 :
3311 3149 3426 3197 tum

1865 3234 2260 3306 explicabimus
2293 3234 2454 3304 quale
2497 3235 2548 3288 id
2583 3235 2653 3289 sit
2676 3249 2950 3306 quamque
2969 3235 3166 3291 habeat
3197 3237 3335 3305 vim,
3367 3255 3432 3294 ac

1867 3334 2142 3396 postremo
2175 3341 2314 3397 quos
2360 3341 2428 3381 ex
2470 3341 2529 3382 se
2581 3326 2790 3381 fructus
2831 3327 2976 3380 edat.
3031 3327 3231 3382 Parum
3282 3331 3428 3386 enim

1865 3419 2019 3474 abest
2050 3419 2182 3489 quin
2212 3420 2457 3490 plerique
2489 3420 2629 3472 hanc
2659 3420 2933 3490 ignorent,
2981 3435 3103 3474 cum
3130 3421 3431 3478 innumeris

1865 3512 1987 3567 aliis
2033 3512 2306 3581 praecellat
2337 3512 2558 3566 virtutis
2591 3511 2936 3576 muneribus,
2973 3528 3308 3583 quaecunque
3345 3513 3430 3568 vel

1863 3603 1931 3657 ad
1991 3602 2185 3657 anima:
2247 3604 2623 3674 purgationem
2677 3619 3028 3673 usurpamus,
3061 3606 3144 3659 vel
3196 3604 3262 3658 ad
3308 3606 3428 3675 ejus

1861 3697 2295 3752 exornationem.
2331 3695 2574 3767 Παρθεῒα
2603 3695 2748 3750 enim
2781 3697 2868 3766 (ac
2911 3696 2957 3750 si
2989 3697 3140 3750 dicas
3170 3695 3274 3749 Deo
3315 3697 3430 3767 affi-

1863 3792 1944 3846 nis
1973 3805 2037 3846 ac
2058 3807 2186 3860 pene
2210 3788 2410 3861 divina)
2443 3788 2707 3861 παρθενία
2740 3787 2940 3843 dicitur
2960 3829 2974 3852 ,
2999 3789 3250 3844 elementi
3285 3791 3428 3845 dun-

1859 3891 2012 3938 taxat
2057 3883 2517 3944 commutatione,
2563 3888 2622 3934 ut
2663 3896 2784 3951 quae
2837 3881 2952 3935 sola
3003 3881 3090 3934 illa
3141 3882 3425 3952 praeditum

1857 3978 2091 4048 ejusque
2121 3975 2456 4046 incorruptis
2487 3975 2662 4030 sacris
2715 3974 2986 4029 initiatum
3046 3973 3157 4029 Deo
3191 3976 3424 4030 similem

1859 4065 2058 4130 reddit,
2089 4079 2195 4138 qua
2227 4065 2437 4119 nullum
2470 4066 2645 4134 majus
2675 4065 2876 4120 bonum
2903 4065 3226 4131 occurrerit,
3263 4081 3292 4119 a
3324 4083 3389 4120 vo
3409 4096 3421 4107 -

1857 4273 1998 4312 mur.
2033 4256 2289 4337 Respexit
2329 4271 2458 4337 ergo
2501 4259 2935 4329 prapositionem
2982 4261 3152 4331 παρὰ,
3188 4277 3307 4337 qua:
3341 4265 3421 4337 sic

1857 4328 2318 4401 comparationem
2365 4328 2626 4398 importat’
2647 4338 2700 4383 et
2728 4345 3010 4385 accessum
3035 4328 3321 4401 quemdam
3351 4334 3421 4389 ad

1859 4399 2055 4472 formae
2075 4397 2486 4472 perfectionem,
2540 4415 2661 4472 qua!
2699 4415 2793 4470 per
2815 4415 3003 4472 vocem
3051 4397 3417 4472 signiﬁcatur.

1857 4469 1966 4542 Sic
2008 4467 2372 4542 Etymologus,
2428 4467 2676 4539 pluribus
2700 4467 2862 4542 fquas
2907 4471 3062 4527 all'ert
3108 4467 3228 4542 ejus
3269 4476 3423 4531 vocis

1855 4539 2192 4614 notionibus,
2225 4540 2425 4614 ubique
2479 4539 2918 4614 praepositionem
2952 4545 3116 4614 παρὰ
3138 4539 3414 4614 ’θεειιηιὶι,

1853 4627 1919 4684 ex
1937 4626 2042 4680 qua
2061 4611 2194 4679 παρ’
2217 4610 2358 4663 κατὰ
2380 4613 2658 4684 συγκοπὴν
2687 4613 2889 4684 factum
2915 4613 3017 4684 ait;
3047 4610 3182 4668 eliso
3210 4613 3420 4670 scilicet

1855 4682 2120 4755 elemento
2144 4699 2178 4733 α
2207 4680 2398 4755 ,_quod
2445 4680 2626 4755 tamen
2661 4683 3099 4755 subintelligatur
3125 4723 3140 4747 ,
3174 4685 3420 4755 illudque

1857 4751 2135 4830 ipsumsit
2163 4753 2321 4821 cujus
2361 4753 2662 4808 mutatione
2696 4751 3248 4830 παρθείαᾟθιιιοᾷίο
3280 4751 3422 4830 πειρ-

1856 4821 2284 4898 θενία-όίᾳειιιινλ
2328 4821 2842 4898 nempehmutato'g
2886 4828 2943 4880 in
2983 4843 3033 4888 ν.
3067 4821 3418 4898 vicissimque

1854 4893 2180 4966 ejusqipsius
2219 4892 2476 4966 elisionef
2508 4892 2761 4966 Virgines
2793 4896 3051 4951 dicuntur
3099 4892 3418 4966 grandiores

1856 4964 2053 5038 puellze
2102 4965 2332 5038 necdum
2388 4973 2568 5038 tamen
2606 4964 2841 5038 jhorum
2901 4964 3135 5038 experta:
3179 4984 3193 5020 :
3235 4970 3413 5033 nobis,

1855 5033 1977 5104 quae
2004 5033 2246 5109 ulteriori
2295 5037 2577 5109 proposito
2606 5036 2717 5093 Deo
2750 5033 3082 5109 consecrata:
3135 5047 3297 5109 atque
3320 5041 3418 5095 de-

1855 5114 2013 5170 votae,
2059 5105 2128 5158 ab
2167 5107 2314 5159 omni
2349 5120 2407 5160 se
2431 5121 2632 5162 venere
2683 5108 2866 5162 animo
2891 5123 2955 5162 ac
2983 5105 3223 5179 corpore
3245 5111 3437 5166 absti--

1855 5187 2013 5242 nent,
2047 5183 2410 5247 utnunquam
2464 5189 2654 5247 sponte
2711 5180 2937 5233 luxuriae
2969 5181 3092 5235 ullis
3142 5181 3414 5236 illecebris

1854 5256 1954 5302 aut
1979 5246 2153 5320 turpis
2184 5247 2454 5320 _libidinis
2495 5246 2700 5304 dedant
2745 5251 3018 5313 animum,
3078 5258 3171 5306 aut
3213 5266 3415 5320 corpus
3461 5311 3465 5316 ,

1854 5318 2147 5391 mancipari
2174 5316 2459 5391 (quantum
2515 5320 2680 5374 animi
2715 5320 2882 5376 servit
2925 5321 3174 5391 nutibus)
3205 5316 3410 5377 sinaut.
3456 5331 3475 5353 λ

1851 5386 1985 5462 _Vide
2005 5386 2181 5457 Etym.
2208 5388 2481 5462 Thesauri,
2501 5391 2754 5462 append,
2773 5400 2879 5462 etc.
2904 5391 3054 5446 Κατὰ
3085 5386 3213 5462 μίαν
3245 5393 3416 5462 ὑπαλτ

1849 5458 2020 5530 λαγὴν
2077 5460 2357 5531 στοιχείου,
2405 5458 2549 5531 quod
2571 5458 2765 5517 _reddit
2808 5461 2994 5526 Allat.,
3027 5458 3134 5517 una
3171 5460 3412 5531 elementi

1847 5529 2259 5602 ejectioue,_non
2285 5529 2636 5602 satiswcapio;
2669 5549 2795 5587 nam
2828 5547 2891 5588 ea
2922 5550 3026 5590 vox
3057 5547 3165 5587 non
3186 5529 3413 5602 ejectio-

1848 5600 2296 5674 nem_sigpilicat,
2325 5602 2419 5658 sed
2451 5600 2826 5668 mutationem,
2860 5618 2924 5657 ac
2950 5619 3056 5674 qua
3092 5615 3199 5655 una
3232 5600 3412 5674 littera

1849 5671 2001 5723 alteri
2029 5667 2410 5736 substituatur,
2438 5674 2514 5729 uti
2545 5675 2761 5731 a.nobis
2792 5667 3100 5742 expositum
3130 5677 3234 5723 est.
3265 5667 3416 5725 COI-

1847 5757 2014 5798 BEHS.

3019 5907 3059 5968 5
