4056 6302
616 367 718 421 1’59

1593 371 1649 427 S.
1692 373 2017 431 METIIODll
2057 375 2361 434 EPISCOPI
2402 377 2486 433 ET
2529 378 2882 435 MABTYRIS

3716 384 3815 437 ΗΟ

546 499 556 574 ς
614 488 823 558 luptate
851 504 1001 560 teque
1029 505 1122 545 seu
1167 487 1391 546 libidine
1434 502 1599 563 atque
1647 493 1832 551 dolore
1879 505 2137 553 semotum

2235 500 2363 581 _-xal.
2387 500 2696 569 κουφίζεται
2743 501 3034 571 τπέρωμα,
3075 498 3184 552 τῶν
3214 461 3562 570 ἀνθρωπίνων
3599 497 3817 564 ἐξίπτα-

614 582 787 652 Cujus
819 583 1019 652 irriguo
1050 582 1245 638 animae
1281 599 1459 654 penna
1507 587 1654 642 ebria
1683 604 1806 644 vere
1833 592 2061 654 crescit,
2091 593 2169 646 le-

611 672 839 743 viorque
867 673 1075 741 eﬂ‘ecta,
1096 674 1163 730 ab
1192 675 1447 731 humanis
1469 678 1662 734 studiis
1690 681 1906 737 avolare
1928 683 2168 752 quotidie

614 763 899 817 assuescit.

682 852 944 918 Quoniam
990 857 1135 910 enim
1197 857 1508 929 panegyrim
1549 874 1670 916 esse
1718 861 1881 915 vitam
1925 873 2164 919 nostram

609 946 880 1015 sapientes
911 946 1191 1015 dixerunt;
1227 963 1324 1004 nos
1354 957 1531 1004 autem
1563 951 1718 1020 quasi
1744 968 2004 1022 personas
2031 955 2169 1010 veri-

607 1038 735 1092 tatis
764 1052 983 1092 scenam
1016 1039 1092 1107 (id
1123 1047 1206 1094 est
1229 1039 1520 1112 justitiam)
1552 1043 1606 1096 in
1630 1043 1897 1099 theatrum
1930 1045 2119 1103 dantes
2145 1089 2160 1113 ,

607 1127 1101 1183 contranitentibus
1126 1135 1178 1183 et
1205 1129 1271 1184 ad
1307 1145 1366 1185 se
1393 1132 1764 1200 spectaculum
1796 1133 2012 1190 trahere
2044 1150 2163 1190 cer-

606 1221 847 1276 tantibus
881 1221 1098 1274 diabolo
1141 1236 1204 1275 ac
1236 1221 1573 1279 daemonibus
1596 1262 1610 1287 ,
1641 1223 1697 1277 in
1729 1225 1927 1279 cmlum
1974 1226 2160 1282 oculos

606 1314 859 1368 tollamus
884 1327 1112 1369 necesse
1145 1321 1268 1377 est,
1304 1315 1708 1386 assumptisque
1757 1317 1856 1372 alis
1887 1316 1941 1370 in
1991 1317 2157 1371 altum

605 1407 880 1471 feramur,
912 1414 1075 1477 atque
1119 1421 1306 1462 earum
1360 1407 1542 1461 suavis
1578 1407 1729 1462 vocis
1773 1408 1947 1463 illices
1994 1424 2159 1465 sonos

601 1507 896 1571 gestusque
928 1498 1229 1569 impudicos
1248 1537 1263 1562 ,
1293 1499 1560 1555 castitatis
1588 1499 1827 1556 exterius
1871 1501 2158 1572 probatque

602 1591 905 1646 honestatis
934 1590 1201 1646 obductos
1230 1591 1442 1661 specie,
1475 1607 1584 1661 prae
1617 1590 1918 1648 Homericis
1951 1591 2156 1649 Sirenis

607 1681 898 1753 fugiamus.
935 1682 1087 1737 Multi
1134 1683 1275 1738 enim
1299 1723 1314 1749 ,
1371 1683 1573 1738 erroris
1611 1684 1879 1740 illecebris
1909 1683 2114 1740 deliniti
2137 1725 2151 1750 ,

605 1775 966 1831 deﬂuentibus
995 1775 1187 1846 pennis
1211 1776 1580 1846 'degravantur
1615 1777 1670 1830 in
1703 1777 1842 1830 hanc
1877 1776 2153 1832 venientes

2270 589 2390 643 σθαι
2414 592 2534 644 καθ’
2560 591 2768 663 ἡμέραν
2797 591 3102 660 ἐθιζόμενον
3131 590 3575 658 σπουδασμάτων.

2344 871 2555 942 Ἐπειδὴ
2601 872 2707 942 γάρ
2761 872 3060 943 πανήγυριν
3108 870 3198 924 τὸν
3247 870 3358 941 βίον
3417 869 3572 942 ἡμῶν
3634 868 3812 938 σοφῶν

2263 963 2447 1026 παῖδες
2475 964 2756 1034 εἰρήκασιν
2776 957 2912 1014 εῖναι
2932 1004 2948 1029 ,
2983 964 3128 1033 ἡμᾶς
3159 963 3215 1016 δὲ
3241 963 3302 1015 τὸ
3338 963 3518 1033 δρᾶμα
3547 962 3646 1032 τῆς
3682 963 3809 1032 ἀλη-

2261 1053 2426 1117 θείας,
2459 1053 2555 1124 τὴν
2591 1053 2950 1124 δικαιοσύνην,
2979 1054 3131 1123 ’ήκειν
3157 1052 3232 1116 ὼς
3260 1054 3337 1116 εἰς
3359 1053 3581 1123 θέατρον
3611 1052 3811 1105 ἐπιδει-

2260 1145 2532 1217 ξομένους,
2564 1145 3006 1216 ἀντιτεχνούντων
3029 1145 3157 1216 ἡμῖν
3182 1145 3273 1197 καὶ¹
3300 1144 3808 1215 ἀνταγωνιζομένων

2257 1239 2350 1291 τοῦ
2397 1239 2638 1292 διαϐόλου
2675 1239 2769 1292 καὶ
2809 1238 2917 1291 τῶν
2965 1238 3226 1308 δαιμόνων
3247 1278 3261 1303 ,
3309 1237 3663 1299 ἀνανεύοντας
3696 1237 3809 1290 ἄνω

2256 1330 2334 1383 δεῖ
2362 1332 2454 1383 καὶ
2482 1331 2878 1401 ἀνιπταμένους
2907 1328 3343 1402 μετεωρίζεσθαι,
3371 1316 3464 1381 καὶ
3493 1326 3712 1397 φεύγειν
3739 1328 3809 1380 τὰ

2257 1421 2525 1492 θέλγητρα
2558 1421 2658 1491 τῆς
2696 1417 3054 1490 καλλιφωνίας
3080 1419 3274 1484 αὐτῶν,
3307 1419 3397 1473 καὶ
3436 1419 3504 1473 τὰ
3553 1419 3806 1489 σχήματα

2255 1513 2450 1578 ἔξωθεν
2490 1513 2756 1583 φαντασίᾳ
2789 1509 3136 1583 σωφροσύνης
3161 1509 3623 1582 ἐπικεχρωσμένα,
3653 1509 3808 1581 nec;

2256 1603 2514 1674 Σειρῆνας
2565 1601 2760 1672 μᾶλλον
2811 1601 2908 1665 τὰς
2950 1600 3265 1673 Ὁμηρικὰς.
3312 1599 3647 1671 Κηλούμενοι
3697 1600 3807 1670 γὰρ

2254 1697 2372 1757 ταῖς
2410 1694 2618 1764 ἡδοναῖς
2649 1692 2746 1762 τῆς
2781 1687 3006 1762 πλάνης,
3048 1687 3436 1762 πτερορρυοῢσι
3476 1689 3681 1753 πολλοὶ,
3712 1691 3806 1743 καὶ

2257 1785 2572 1858 βαρύνονται
2600 1785 2679 1848 εἰς
2711 1784 2800 1837 τὸν
2839 1784 2959 1838 καθ’
2999 1784 3144 1854 ἡμᾶς
3177 1782 3286 1852 βίον
3315 1783 3554 1852 ἥκοντες,
3597 1799 3809 1851 χαυνω-

603 1868 791 1931 vitam,
818 1867 1072 1922 relaxatis
1090 1875 1142 1922 et
1160 1867 1412 1937 languida
1436 1867 1661 1922 mollitie
1682 1866 1933 1923 resolutis
1951 1867 2137 1932 nervis

2253 1876 2447 1929 θέντων
2486 1875 2666 1937 αὐτοῖς
2701 1874 2793 1928 καὶ
2820 1874 3188 1944 χαλασθέντων
3219 1872 3326 1925 τῶν
3355 1872 3540 1934 τόνων,
3562 1871 3686 1925 καθ’
3712 1871 3806 1936 οὓς

599 1961 800 2029 quibus
830 1961 1036 2015 alarum
1065 1960 1333 2015 castitatis
1363 1960 1572 2015 indoles
1603 1960 1908 2027 roboratur,
1939 1975 2003 2015 ea
2033 1976 2137 2016 sur!

2249 1969 2410 2040 ἡτῶν
2434 1967 2645 2038 πτερῶν
2680 1967 2778 2037 τῆς
2823 1965 3168 2036 σωφροσύνης
3213 1966 3589 2032 συγκρατεῖται
3620 1962 3805 2032 φύσις,

599 2067 718 2106 sum
769 2053 952 2108 levans
1007 2069 1126 2123 quae
1181 2053 1514 2121 corruptioni
1579 2068 1865 2121 corporum
1931 2053 2137 2108 libidini

2248 2063 2574 2132 κουφίζουσα
2625 2059 2692 2113 τὰ
2725 2060 2874 2112 κάτω
2907 2057 3129 2110 νεύοντα
3166 2056 3291 2127 περὶ
3337 2055 3432 2126 τὴν
3462 2054 3665 2125 φθορὰν
3697 2057 3809 2106 τῶν

597 2142 846 2198 deorsum
874 2151 1120 2212 vergunt.
1153 2141 1312 2204 Hinc,
1347 2157 1380 2196 ο
1411 2141 1604 2204 Arete,
1655 2143 1748 2196 tibi
1789 2158 1980 2197 nomen
2037 2152 2137 2199 est.

2248 2155 2530 2225 σωμάτων.
2583 2151 2776 2214 Ὅθεν,
2825 2144 2870 2204 ὦ
2914 2149 3140 2221 Ἀρετὴ,
3195 2148 3302 2201 εἴτε
3360 2149 3439 2200 ὅτι
3483 2147 3547 2200 δι’
3605 2147 3810 2216 ἑαυτὴν

595 2237 673 2291 sic
702 2237 858 2291 dictae
891 2237 1005 2291 sive
1031 2236 1174 2306 quod
1209 2250 1306 2304 per
1336 2243 1388 2288 te
1423 2235 1594 2304 ipsam
1633 2236 1860 2305 αἱρετή,
1907 2237 2137 2306 ειὶῃίὸίιίι

2244 2244 2464 2313 αἱρετὴ,
2499 2242 2606 2296 εἴτε
2660 2242 2745 2296 διὰ
2785 2242 2845 2294 τὸ
2894 2241 3081 2309 αἴρειν
3129 2240 3221 2294 καὶ
3274 2238 3616 2309 μετεωρίζειν
3671 2240 3808 2307 arpi;

592 2344 645 2381 es
665 2366 681 2392 ,
718 2326 988 2398 dignaque
1015 2341 1137 2396 qua:
1178 2325 1519 2396 praeopteris,
1551 2326 1692 2394 quod
1727 2325 1930 2396 αἴρεις,
1961 2326 2014 2380 id
2042 2334 2146 2390 est,

593 2417 796 2470 attollis
826 2425 880 2470 et
905 2416 960 2469 in
990 2416 1158 2470 cmlos
1191 2415 1371 2477 levas,
1407 2413 1461 2468 in
1498 2413 1902 2467 candidissimis
1935 2429 2150 2484 semper

592 2508 864 2562 mentibus
891 2506 1196 2561 incedens:
1231 2513 1291 2558 tu
1326 2505 1457 2560 mihi
1481 2520 1682 2575 auspex
1715 2505 1974 2560 orationis
2007 2513 2145 2572 esto,

593 2611 753 2666 quam
784 2597 901 2664 ipsa
933 2596 1130 2651 habere
1155 2595 1506 2666 praecepisti,

2247 2334 2498 2404 οὐρανὸν,
2528 2332 2726 2400 ταύτην
2764 2329 2999 2399 ἔσχηκας
3037 2328 3132 2398 τὴν
3175 2327 3513 2410 ἐπωνυμίαν,
3558 2327 3651 2378 ἐπὶ
3682 2325 3805 2377 λευ-

2248 2419 2488 2473 κοτάτων
2541 2418 2624 2471 ἀεὶ
2667 2417 2922 2487 βαίνουσα
2972 2414 3208 2486 φρενῶν·
3258 2415 3329 2468 rei
3368 2433 3455 2485 μοι
3492 2414 3809 2484 συναντιλη-

2245 2509 2453 2581 ψομένη
2495 2506 2587 2562 τοῦ
2619 2507 2796 2575 λόγου,
2822 2507 2880 2559 ὃν
2908 2505 3046 2576 αὑτὴ
3074 2503 3409 2575 προσέταξας
3436 2505 3627 2556 εἰπεῖν.

661 2714 788 2770 CAP.
819 2713 886 2770 Il.
917 2713 1041 2768 Alta
1064 2729 1336 2768 sacrarum
1357 2713 1615 2784 virginum
1643 2730 1784 2768 mens
1815 2723 1865 2767 et
1885 2713 2203 2768 constantia.
2239 2711 2512 2782 Virginum
2543 2710 2596 2764 in
2619 2708 2796 2762 beatas
2821 2706 2966 2762 sedes
2996 2716 3114 2761 ante
3140 2707 3365 2776 reliquos
3387 2708 3731 2763 introductzo.

659 2827 762 2895 Qui
791 2828 934 2882 enim
966 2826 1255 2895 deﬂuxum,
1285 2842 1444 2898 quem
1481 2827 1615 2893 dixi,
1647 2841 1942 2898 pennarum
1967 2826 2136 2897 passi,

591 2919 647 2973 in
677 2919 982 2990 voluptates
1004 2920 1243 2991 prolapsi
1268 2928 1415 2985 sunt,
1443 2935 1552 2975 non
1582 2921 1736 2991 prius
1768 2921 1948 2975 dolere
1979 2935 2042 2976 ac
2060 2921 2138 2973 la-

2311 2827 2373 2878 Οί
2400 2824 2507 2894 γὰρ
2537 2822 3036 2894 πτερορρυήσαντες
3067 2821 3160 2872 καὶ
3190 2821 3440 2883 πεσόντες
3460 2822 3538 2883 είς
3560 2820 3659 2883 τὰς
3682 2823 3802 2891 ἡδο-

2243 2917 2336 2980 νάς
2359 2917 2420 2969 ού
2455 2916 2714 2987 πρότερον
2745 2915 2968 2986 λήγουσι
2997 2915 3169 2985 λύπης
3201 2915 3296 2967 καὶ
3327 2915 3522 2978 πόνων,
3562 2914 3676 2965 ἔστ’
3711 2915 3798 2979 ἂν,

590 3010 814 3066 boribus
832 3009 1128 3066 conﬂictari
1153 3011 1409 3066 desinunt
1434 3027 1596 3082 quam
1621 3011 1862 3068 libidinis
1882 3012 2137 3081 concupi-

2243 3012 2308 3080 τῇ
2341 3008 2434 3062 τοῦ
2469 3009 2669 3072 πάθους
2702 3009 2961 3080 ἐπιθυμίᾳ
2989 3009 3088 3078 τὴν
3119 3008 3360 3076 ἀνάγκην
3399 3005 3798 3077 ἐκπληροῦντες

588 3101 795 3156 scentia
825 3101 1250 3172 intemperantiae
1308 3101 1630 3156 necessitate
1663 3102 1895 3172 expleta,
1927 3102 2137 3172 profani

2243 3102 2340 3171 τῆς
2367 3099 2652 3171 ἀκρασίας,
2677 3100 2908 3171 ἀμύητοι
2937 3100 3030 3152 καὶ
3055 3099 3257 3163 ἀτελεῖς
3290 3098 3380 3151 τοῦ
3411 3099 3509 3168 τῆς
3541 3099 3800 3169 ἀληθείας

587 3193 867 3263 sacrisque
887 3193 1112 3258 exclusi,
1141 3209 1172 3247 a
1193 3193 1434 3249 veritatis
1464 3208 1626 3249 scena
1643 3203 1888 3249 extorres
1918 3193 2137 3248 exstite-

2242 3161 2570 3263 ἀπομείνωσι
2615 3161 2923 3262 ήδράματος·
2979 3193 3099 3244 ἀντὶ
3292 3190 3428 3261 μετά
3466 3161 3653 3254 αἰδοῦς

586 3289 719 3352 rint,
755 3295 812 3342 ut
859 3303 967 3341 non
1007 3285 1211 3356 pudore
1257 3286 1532 3356 castisque
1562 3286 1765 3357 nuptiis
1797 3286 1984 3342 liberis
2020 3302 2137 3356 pro-

2243 3284 2588 3356 σωφροσύνης
2621 3285 3047 3351 παιδοποιήσεως
3077 3283 3294 3353 ἀγρίαις
3337 3281 3550 3352 ἐρώτων
3596 3281 3797 3352 λυττή-

582 3379 832 3436 creandis
859 3385 1061 3451 ponant
1078 3393 1317 3448 operam,
1338 3379 1433 3435 sed
1462 3378 1618 3433 saevis
1634 3393 1878 3432 amorum
1902 3378 2142 3448 volupta-

584 3470 728 3526 tibus
755 3468 938 3525 l‘urore
960 3469 1250 3525 insaniant.
1281 3467 1410 3534 Quae
1427 3483 1556 3524 vero
1581 3467 1704 3522 forti
1727 3468 1937 3538 levique
1961 3481 2138 3537 penna

581 3562 765 3618 saeculi
797 3569 1131 3632 emergentes
1160 3575 1338 3626 cceno,
1374 3561 1428 3615 in
1474 3561 1652 3616 locum
1677 3561 1936 3615 mundum
1972 3574 2136 3630 supe-

577 3656 775 3711 riorem
810 3654 998 3709 oculos
1028 3659 1372 3723 mentemque
1396 3653 1740 3719 extulerunt,
1771 3652 1962 3722 procul
1991 3653 2137 3722 aspi-

576 3747 779 3803 cientes
799 3761 918 3817 quze
945 3761 1102 3802 nemo
1115 3747 1255 3802 alius
1277 3746 1494 3810 viderit,
1529 3747 1645 3817 ipsa
1670 3746 1929 3800 nimirum
1955 3745 2138 3800 incor.

576 3837 844 3908 ruptionis
857 3844 1032 3907 prata,
1056 3836 1452 3892 inaestimabilia
1474 3836 1670 3892 decora
1691 3836 1958 3906 ﬂoresque
1977 3837 2135 3906 pleno

576 3928 682 3982 illis
708 3942 878 3982 cornu
901 3925 1197 3992 fundentia,
1225 3927 1291 3980 ad
1313 3928 1427 3996 ipsa
1447 3943 1568 3998 qua:
1588 3927 1699 3980 illic
1727 3935 1854 3981 sunt
1880 3927 2135 3981 continue

578 4012 759 4070 animo
788 4017 951 4071 erecti
979 4025 1104 4071 sunt
1135 4026 1462 4088 versantque
1484 4017 1794 4088 spectacula
1824 4034 1837 4082 ;
1866 4033 1974 4086 quo
1999 4017 2055 4071 lit
2075 4026 2131 4071 ut

578 4114 835 4176 tanquam
880 4121 1043 4176 parva
1068 4106 1366 4176 despiciant
1393 4124 1513 4177 qua:
1549 4109 1636 4163 hic
1671 4110 1897 4180 pulchra
1944 4109 2133 4164 existi-

574 4205 813 4264 mantur,
845 4213 996 4267 opes,
1036 4199 1291 4263 honores,
1339 4200 1696 4268 nobilitatem,
1746 4203 1986 4272 nuptias,
2030 4219 2132 4258 nec

571 4287 768 4342 horum
798 4288 1091 4358 quidquam
1120 4289 1343 4358 majoris
1375 4290 1574 4360 aliquid
1591 4292 1750 4360 pretii
1773 4294 2125 4350 arbitrentur.

573 4378 715 4446 Quin
740 4388 793 4434 et
814 4380 862 4435 si
892 4381 1012 4450 quis
1037 4395 1224 4434 earum
1259 4395 1485 4450 corpora
1520 4382 1646 4437 feris
1665 4383 1963 4440 ﬂammisve
1993 4385 2130 4455 obji-

2239 3392 2430 3439 σαντες
2475 3376 2706 3446 ἡδοναῖς.
2743 3377 2808 3427 Αἱ
2841 3375 2897 3429 δὲ
2944 3374 3196 3444 εῦπτεροι
3240 3373 3332 3426 καὶ
3364 3372 3561 3441 κοῦφαι
3592 3374 3676 3434 είς
3711 3373 3802 3428 τὸν

2237 3467 2599 3539 ὑπερκόσμιον
2630 3469 2792 3521 τόπον
2823 3466 3198 3537 ὑπερκύψασαι
3228 3465 3322 3519 τοῦ
3359 3465 3492 3535 βίου,
3527 3467 3623 3518 καὶ
3661 3467 3802 3520 ἰδοῦ-

2239 3576 2327 3612 σαι
2357 3558 2635 3630 πόρῤωθεν
2661 3558 2697 3612 ἀ
2726 3559 2797 3629 μὴ
2828 3558 3010 3628 ἕτερος
3032 3556 3330 3628 ἀνθρώπων
3359 3557 3641 3619 ἐθεάσατο,
3669 3561 3798 3621 τοὺς

2236 3651 2502 3722 λειμῶνας
2550 3651 2743 3714 αὐτοὺς
2787 3651 2887 3721 τῆς
2939 3649 3263 3721 ἀφθαρσίας,
3316 3651 3572 3720 ἀμήχανα
3617 3651 3792 3722 κάλλη

2236 3742 2329 3795 καὶ
2369 3741 2498 3812 ἄνθη
2549 3743 2838 3815 φέροντας,
2875 3741 2968 3794 καὶ
3003 3741 3481 3811 πεπληρωμένους,
3522 3743 3610 3795 ἀεὶ
3656 3744 3796 3813 πρὸς

2234 3833 2422 3897 αὑταῖς
2455 3835 2588 3886 εἰσιν
2635 3833 2992 3886 ἀναπολοῦσαι
3025 3834 3090 3886 τὰ
3118 3835 3232 3886 ἐκεῖ
3272 3833 3518 3903 θεάματα
3537 3850 3551 3863 ·
3580 3834 3676 3887 καὶ
3707 3835 3795 3888 διὰ

2233 3926 2388 3978 τοῦτο
2438 3925 2606 3996 μικρά
2654 3926 2904 3996 ἡγοῦνται
2936 3926 3002 3979 τὰ
3054 3924 3284 3980 ἐνταῦθα
3333 3926 3409 3996 (9)
3456 3926 3794 3996 νομιζόμενα

2235 4016 2390 4078 καλά,
2413 4016 2657 4082 πλοῦτον,
2683 4017 2774 4070 καὶ
2807 4017 2981 4081 δόξας,
3009 4017 3101 4069 καὶ
3127 4017 3276 4087 γένη,
3305 4017 3398 4070 καὶ
3428 4017 3662 4087 γάμους,
3698 4019 3795 4071 καὶ

2232 4109 2380 4161 οὐδέν
2407 4125 2457 4160 τι
2488 4109 2708 4161 ἐκείνων
2741 4109 2867 4178 περὶ
2898 4109 3135 4171 πλείονος
3165 4109 3459 4162 ποιοῦνται.
3503 4108 3664 4162 Ἀλλά
3698 4112 3793 4164 καὶ

2232 4197 2286 4250 εί
2311 4215 2393 4261 τις
2439 4198 2615 4250 αὐτῶν
2667 4198 2875 4270 θηρίοις
2920 4200 2952 4269 ἢ
3001 4200 3129 4269 πυρὶ
3165 4199 3400 4269 βούλοιτο
3440 4199 3507 4251 τὰ
3558 4198 3793 4269 σώματα

2233 4291 2575 4360 παραδιδόναι
2624 4291 2716 4343 καὶ
2758 4291 3135 4360 τιμωρεῖσθαι,
3181 4291 3408 4361 ἑτοίμως
3456 4289 3644 4360 ἔχουσι
3683 4291 3795 4343 τῶν

2229 4380 2532 4452 ἀλγηδόνων
2579 4382 2950 4451 ἀφροντιστεῖν
2995 4382 3080 4434 διὰ
3124 4382 3213 4434 τὸν
3247 4381 3466 4434 ἐκείνων
3499 4381 3665 4434 πόθον
3699 4381 3799 4435 καὶ

570 4488 694 4528 cere
709 4472 959 4536 voluerit,
973 4470 1216 4541 dirisque
1235 4471 1942 4543 excarniﬁcaresuppliciis,
1962 4492 2128 4546 quan-

2235 4475 2323 4543 τὴν
2357 4475 2573 4527 ἐκείνων
2603 4474 2888 4546 ἔκπληξιν
2920 4475 3056 4528 ὥστε
3086 4475 3257 4527 δοκεῖν
3287 4474 3472 4536 αὑτὰς,
3506 4476 3562 4526 ἐν
3597 4475 3798 4545 κόσμῳ

570 4567 761 4623 tamvis
825 4574 1218 4621 tormentorum
1272 4565 1620 4621 acerbitatem
1670 4573 2012 4620 contemnere
2067 4567 2123 4622 in

566 4665 819 4728 promptu
843 4659 1060 4723 habent,
1081 4655 1227 4728 quod
1242 4655 1456 4710 illorum
1470 4668 1654 4711 amore
1674 4671 1739 4712 ac
1758 4657 1938 4727 specie
1955 4673 2116 4728 quam

566 4750 699 4814 dixi,
733 4749 920 4805 deﬁxae
957 4757 1100 4813 sunt,
1129 4757 1185 4803 ut
1213 4749 1460 4820 quamvis
1481 4748 1536 4802 in
1569 4748 1773 4803 mundo
1811 4759 2115 4813 versentur,

2229 4565 2410 4630 οὔσας,
2463 4568 2535 4638 μὴ
2570 4563 2706 4620 εἶναι
2743 4569 2798 4620 ἐν
2834 4568 3038 4637 κόσμῳ,
3078 4566 3212 4620 ἀλλά
3245 4565 3320 4636 τῷ
3352 4567 3660 4637 φρονήματι
3697 4565 3822 4619 καὶ·

2224 4662 2289 4729 τῇ
2329 4662 2470 4731 ὁρμῇ
2509 4661 2608 4730 τῆς
2638 4660 2930 4730 ἐπιθυμίας
2967 4662 3045 4723 είς
3075 4659 3172 4730 τὴν
3220 4660 3413 4728 ἄγυριν
3441 4658 3543 4730 ήδη
3575 4659 3690 4711 τῶν
3733 4661 3798 4714 ἐν

2225 4753 2335 4814 τοῖς
2367 4753 2612 4822 οὐρανοῖς
2649 4752 2756 4823 (10)
2784 4752 3080 4822 τυγχάνειν.

565 4860 674 4899 non
706 4845 760 4899 in
794 4845 996 4900 mundo
1015 4859 1136 4900 esse
1163 4845 1468 4909 videantur,
1502 4843 1598 4900 sed
1653 4845 1850 4901 mentis
1896 4860 2058 4900 sensu
2116 4859 2180 4900 ac
2228 4846 2478 4902 desiderii
2518 4848 2611 4915 vi,
2665 4849 2717 4902 in
2759 4849 2934 4919 ipsum
2979 4847 3089 4918 jam
3138 4848 3379 4904 caelitum
3431 4855 3635 4904 emtum
3697 4861 3804 4901 as-

563 4946 811 5008 sumptae.

635 5091 710 5161 (9)
741 5093 843 5147 Διά
874 5093 1048 5147 τοῦτο
1079 5094 1257 5162 μικρὰ
1281 5095 1561 5163 ἡγοῦνται
1600 5097 1670 5150 τὰ
1705 5096 1826 5150 ἑντ.
1867 5096 2110 5161 Allatius,

558 5161 656 5236 διά
672 5163 829 5236 τοῦτο
862 5165 934 5234 μὴ
964 5161 1216 5234 (simum
1239 5161 1374 5236 πρὸς
1394 5165 1461 5218 τὰ
1489 5168 1664 5222 ἐντ....
1699 5167 1755 5220 In
1787 5166 1932 5221 edito
1954 5166 2115 5220 Com-

557 5232 831 5305 beﬂsianoj
860 5232 1136 5302 perperam
1160 5232 1496 5305 ‘adu'otatum
1544 5240 1598 5289 in
1656 5239 1926 5305 margine,
1963 5237 2112 5290 hanc

541 5318 680 5357 csse
716 5303 998 5356 lectionem
1031 5318 1128 5357 ius.
1160 5302 1352 5357 Mazar.
1392 5304 1558 5360 (λιιι,

628 5373 742 5445 (10)
781 5371 901 5445 Τῶν
925 5373 994 5424 ὲν
1019 5373 1140 5445 τοῖς
1160 5375 1450 5445 οὐρανοῖς.
1474 5377 1781 5445 lmportune
1819 5376 1979 5431 nimis
2005 5375 2114 5431 edi-

553 5441 669 5516 tum
705 5444 760 5497 in
799 5441 1152 5516 μυρίην-τῶν
1181 5443 1410 5516 ἄστρων,
1445 5445 1511 5499 de
1541 5441 1645 5514 qua
1683 5456 1860 5501 tamen
1901 5447 2110 5516 voceiis

551 5514 644 5585 qui
676 5511 897 5585 praefuit
922 5511 1165 5585 editioni,
1195 5528 1261 5585 ac
1286 5511 1574 5569 variantes
1593 5517 1847 5572 lectiones
1887 5515 2102 5584 adjecit,

559 5582 695 5654 πνοαί
716 5585 952 5654 ἄστρων,
975 5583 1196 5654 _inquit,
1227 5582 1402 5636 deerat
1434 5591 1486 5637 in
1526 5585 1643 5638 Vat.
1695 5587 1885 5641 codice.
1935 5582 2022 5647 Ᾱι,
2061 5587 2109 5640 si

553 5651 755 5723 deerat,
789 5651 933 5707 unde
974 5651 1218 5707 Possinio
1256 5656 1442 5713 ascita,
1495 5670 1598 5723 qua
1634 5655 1902 5710 reddenda
1944 5657 2109 5708 tantis

557 5719 762 5798 laborat
792 5723 1372 5798 verb.irum_phaleris_?
1407 5719 1565 5798 Ponit
1594 5725 1818 5798 Allatius
1854 5730 2111 5798 intcr_va-

551 5793 666 5846 tias
696 5793 949 5849 lectiones
981 5809 1046 5848 cx
1074 5793 1190 5850 Vat.
1223 5801 1275 5849 et
1318 5793 1476 5849 Barb.
1513 5795 1696 5861 codd.,
1727 5797 1954 5866 indeque
1979 5794 2111 5851 Pos-

2219 5095 2391 5151 sinius
2417 5094 2682 5162 habuerit,
2705 5110 2863 5164 quam
2885 5105 3062 5150 tamen
3085 5095 3199 5165 ipse
3225 5095 3279 5148 in
3309 5108 3410 5150 suo
3436 5107 3541 5148 non
3568 5093 3803 5165 habuit.

2219 5167 2337 5220 Meo
2369 5166 2604 5236 periculo
2636 5168 2850 5236 quidvis
2888 5166 3032 5219 aliud
3081 5164 3268 5236 potius
3303 5165 3525 5233 scripsit
3566 5164 3802 5220 Metho-

2218 5234 2554 5292 diusfF‘orte
2575 5234 2760 5302 ἁγίων,
2795 5236 2878 5290 vel
2906 5236 3084 5305 potius
3119 5235 3384 5304 ἀγγέλων,
3413 5244 3474 5305 ut
3513 5237 3806 5304 exprimat

2219 5307 2350 5360 illud
2377 5305 2537 5360 Hebr.
2569 5321 2666 5369 xu,
2697 5307 2787 5369 25,
2813 5304 2922 5359 ubi
2946 5305 3012 5360 de
3055 5306 3146 5359 illo
3187 5306 3304 5375 ipso
3343 5304 3583 5375 caelitum
3610 5316 3803 5370 cuitu,

2216 5377 2272 5430 in
2307 5393 2414 5447 quo
2433 5376 2554 5455 jam
2583 5377 2802 5455 versari
2840 5376 3077 5455 virgines
3124 5373 3285 5455 sensu
3320 5373 3516 5429 mentis
3557 5375 3806 5455 videan-

2217 5445 2338 5510 tur,’
2361 5447 2454 5499 καὶ
2499 5446 3020 5528 μυμάσινβγγέλῳν
3049 5445 3367 5528 πανηγύρει,
3392 5459 3563 5528 quam
3607 5445 3803 5528 {psmn

2212 5532 2397 5571 vocem
2427 5516 2705 5584 scripserit
2744 5515 3042 5572 Methodius
3090 5515 3195 5571 nisi
3247 5515 3478 5583 simplici
3526 5516 3807 5568 maluerit

2211 5586 2436 5641 reddere
2465 5583 2677 5655 ἄγυριν.
2733 5585 2961 5641 Perinde
3003 5588 3144 5642 enim
3196 5590 3298 5650 est,
3353 5583 3556 5655 concio,
3595 5595 3802 5648 catus,

2215 5655 2494 5710 multitudo
2521 5653 2758 5718 collecta,
2798 5671 2905 5710 non
2938 5655 3171 5712 siderum
3207 5653 3438 5724 (nugas),
3467 5654 3564 5708 sed
3614 5655 3808 5708 coeltk

2217 5728 2378 5796 stium
2407 5727 2689 5796 spirituum
2712 5733 2766 5781 et
2791 5727 3122 5796 angelorum,
3148 5727 3470 5796 quibuscum
3494 5726 3654 5796 beata
3684 5740 3809 5796 no-

2217 5795 2301 5852 bis
2330 5794 2561 5854 societas
2589 5795 2653 5871 nin
2682 5795 2844 5868 caelis
2869 5794 3267 5868 exspectatur;
3299 5794 3521 5866 jamque
3558 5795 3812 5871 virgini-
