4056 6302
194 405 294 463 1M

1284 402 1673 461 CONVIVIUM
1712 402 1944 461 DECEM
1984 404 2346 461 VIRGINUM.
2447 431 2453 438 ν

3331 404 3434 458 H2

266 514 343 567 οὐ
374 513 485 585 γάρ
530 513 688 585 θέμις
723 516 818 568 ἐπὶ
855 516 958 588 γῆς
1001 515 1204 586 βρίθειν
1250 515 1389 569 κατὰ
1433 514 1531 587 τὴν
1573 513 1764 567 ἑαυτοῦ

1941 513 2057 567 Non
2088 516 2232 568 enim
2261 515 2343 567 fas
2366 498 2449 568 est
2496 514 2824 584 virginitatis
2855 514 2992 568 alam
3034 521 3224 585 suapte
3253 514 3434 569 indole

191 604 361 678 φύσιν
390 607 451 660 τὸ
478 607 581 677 τῆς
609 607 907 679 παρθενίας
940 608 1157 680 πτερὸν,
1182 606 1295 660 ἀλλ’
1325 607 1438 661 άνω
1468 608 1653 679 φέρειν
1690 608 1769 670 εἰς

190 701 447 773 οὐρανὸν,
477 702 557 763 είς
586 698 826 771 καθαρὸν
867 699 1080 770 αἰθέρα,
1126 700 1219 752 καὶ
1255 699 1346 754 τὸν
1385 700 1769 772 τῶν·ἀγγέλων

194 792 417 863 γείτονα
453 791 587 862 βίον.
626 790 786 846 Ὅθεν
813 792 907 845 καὶ
932 789 1141 862 πρῶται
1168 790 1276 845 τῶν
1300 791 1475 845 ἄλλων
1510 793 1646 864 μετά
1672 795 1770 866 τὴν

193 882 503 951 ἀνάκλησιν
543 882 636 935 καὶ
660 882 759 953 τὴν
788 880 1035 936 ἐντεῦθεν
1071 881 1340 952 ἐκδημίαν
1377 884 1435 937 αἱ
1472 884 1646 955 ὀρθῶς
1679 888 1773 940 καὶ

195 964 409 1040 πιστῶς
438 974 869 1046 παρθενεύσασαι
894 973 974 1045 τῷ
1002 974 1220 1047 Χριστῷ
1248 975 1316 1029 τὰ
1349 980 1637 1050 νικητήρια
1672 981 1767 1048 φέ-

198 1084 387 1141 ρονται
434 1066 541 1121 τῶν
580 1067 784 1131 ἄθλων,
836 1068 948 1129 τοῖς
977 1067 1079 1137 τῆς
1104 1067 1413 1142 ἀφθαρσίας
1440 1069 1624 1123 ἄνθεσι
1654 1088 1773 1123 στε-

199 1160 424 1229 φθεῖσαι
459 1159 595 1232 πρὸς
639 1158 823 1214 αὑτοῦ.
861 1160 1014 1229 Ἀμα
1061 1158 1169 1229 γὰρ
1209 1158 1287 1229 τῷ
1329 1161 1650 1231 καταλεῖψαι
1682 1158 1772 1216 τὸν

201 1253 409 1324 κόσμον
443 1253 543 1317 τὰς
589 1252 784 1324 ψυχάς,
819 1251 974 1320 λόγος
998 1252 1118 1315 ταῖς
1160 1251 1448 1323 παρθένοις
1496 1255 1772 1308 ὑπαντῶν-

200 1364 304 1411 τας
336 1346 599 1415 ἀγγέλους
634 1342 773 1416 μετά
801 1342 1002 1414 πολλῆς
1032 1342 1304 1413 εὐφημίας
1330 1345 1410 1407 είς
1440 1346 1567 1409 τοὺς
1589 1364 1773 1418 προει-

203 1437 478 1510 ρημένους
504 1435 893 1509 παραπέμπειν
922 1430 1192 1504 λειμῶνας
1226 1434 1416 1499 αὑτὰς,
1448 1438 1526 1499 εἰς
1548 1435 1641 1501 οὓς
1677 1439 1769 1492 καὶ

204 1529 443 1603 πρόσθεν
473 1529 646 1583 ἐλθεῖν
686 1526 993 1598 ὲγλίχοντο,
1033 1525 1304 1597 μακρόθεν
1336 1529 1530 1592 αὐτοὺς
1568 1546 1771 1599 φαντα-

208 1620 486 1675 σιωθείσαι
520 1621 659 1684 τότε,
692 1621 873 1684 ὁπότε,
904 1618 985 1672 ἔτι
1017 1616 1412 1690 ὲπενδημοῦσαι
1444 1625 1555 1686 τοῖς
1588 1620 1772 1693 σῶμα⁹

208 1729 318 1782 σιν,
350 1713 644 1769 ἰνδάλλοντο
673 1712 741 1766 τά
770 1711 905 1767 θεῖα.

1868 605 1924 658 in
1962 612 2163 659 terram
2193 617 2436 672 vergere,
2460 604 2618 673 cujus
2646 606 2826 674 potius
2862 603 3101 659 muneris
3139 604 3211 658 sit
3236 603 3291 656 in
3324 618 3436 657 cai-

1871 697 1979 750 lum
2010 710 2314 765 purumque
2339 694 2539 749 atthera
2570 711 2633 749 ac
2662 696 2894 751 vicinam
2920 696 3233 766 angelorum
3269 695 3434 750 vitam

1869 786 2143 841 hominem
2167 786 2376 840 tollere.
2414 784 2657 858 Reliquis
2688 788 2870 857 itaque
2896 788 3105 856 priores
3142 787 3270 841 hinc
3298 801 3432 843 evo-

1871 889 2007 935 catae
2035 894 2098 933 ac
2131 880 2483 950 emigrantes,
2509 896 2629 951 quae
2657 889 2804 937 recte
2836 880 3173 951 ﬁdeliterque
3211 879 3437 936 Christo

1876 971 2114 1040 virgines
2157 970 2476 1034 militavere,
2509 971 2751 1026 victoriae
2800 971 3018 1042 praemia
3053 970 3317 1033 referunt,
3351 973 3436 1025 in-

1872 1062 2235 1133 corruptionis
2264 1062 2331 1116 ab
2364 1077 2428 1117 eo
2456 1062 2681 1123 ﬂoribus
2712 1066 2979 1133 sertisque
3009 1061 3291 1118 redimitae.
3311 1061 3438 1118 Mox

1870 1156 2013 1210 enim
2042 1171 2105 1209 ac
2136 1155 2329 1209 animm
2354 1158 2616 1209 mundum
2636 1157 2973 1226 reliquerint,
2991 1162 3188 1227 praesto
3204 1170 3326 1210 esse
3339 1170 3439 1210 an-

1870 1248 2020 1319 gelos
2076 1247 2279 1312 ferunt,
2313 1248 2405 1318 qui
2446 1247 2749 1319 virginibus
2791 1249 3007 1304 obviam
3054 1248 3433 1319 procedentes,

1871 1340 2159 1395 ambitioso
2186 1339 2447 1394 famulatu
2472 1339 2785 1410 ingentique
2810 1340 3105 1410 praeconio,
3137 1339 3204 1394 ad
3224 1353 3289 1393 ea
3318 1353 3439 1409 qum

1876 1433 2293 1490 memoravimus
2322 1440 2478 1505 prata
2513 1432 2785 1488 deducant
2814 1472 2829 1496 ,
2881 1439 3071 1502 quoet
3098 1441 3224 1487 ante
3251 1432 3440 1488 venire

1874 1527 2207 1598 gliscebant;
2245 1527 2433 1597 procul
2465 1525 2787 1582 tuncanimo
2811 1525 3188 1589 informantes,
3208 1541 3330 1581 cum
3350 1524 3443 1581 ad~

1876 1618 1982 1673 huc
2012 1619 2068 1673 in
2114 1620 2436 1689 corporibus
2471 1626 2781 1683 versantes,
2828 1617 3123 1674 simulacro
3183 1618 3443 1688 tenuique

1775 1787 1781 1791 ‘
1875 1713 2113 1784 imagine
2148 1713 2332 1768 divina
2365 1721 2544 1769 mente
2564 1712 3047 1784 repraesentabant.

1262 1826 1392 1882 Car.
1415 1827 1506 1885 ιιι.
1547 1827 1881 1898 Virginitatis
1902 1842 2017 1882 sors
2046 1837 2095 1883 et
2128 1828 2409 1885 hereditas.

294 1942 557 1998 Ἐνταῦθα
584 1943 649 2015 δὴ
682 1943 963 2008 ἐλθούσας,
991 1944 1279 2015 θαυμαστά
1308 1960 1428 1997 τινα
1459 1938 1776 2001 θεάσασθαι,

1948 1938 2069 1994 Jam
2086 1955 2215 1995 vero
2245 1941 2371 1995 illuc
2402 1939 2677 2010 perductis
2696 1977 2713 2004 ,
2759 1939 3005 1994 miranda
3034 1938 3287 2008 quietiam
3311 1941 3438 1997 illu-

205 2033 303 2084 καὶ
336 2032 626 2104 ἐκλαμπρα
672 2033 767 2086 καὶ
801 2032 1043 2103 μακάρια
1088 2032 1257 2103 κάλλη
1278 2070 1293 2095 ,
1326 2032 1420 2085 καὶ
1446 2032 1604 2084 ὁποῖα
1635 2030 1774 2095 ἐξει-

205 2124 328 2177 πεῖν
360 2126 442 2188 είς
482 2123 803 2195 ἀνθρώπους
841 2124 1119 2195 δυσχερές.
1156 2118 1307 2176 Εἶναι
1357 2122 1465 2195 γὰρ
1498 2121 1662 2193 αὐτὴν
1700 2121 1779 2175 δι-

206 2216 500 2287 καιοσύνην
550 2217 646 2271 καὶ
690 2217 972 2289 φρόνησιν,
1025 2216 1244 2288 ἀγάπην
1296 2216 1468 2287 αὐτὴν
1516 2217 1633 2269 ἐκεῖ
1683 2215 1778 2268 καὶ

206 2307 464 2381 ἀλήθειαν
513 2310 608 2364 καὶ
663 2310 1040 2383 σωφροσύνην,
1084 2310 1179 2363 καὶ
1226 2308 1295 2362 τά
1342 2308 1476 2363 ἀλλα
1517 2308 1778 2372 ὡσαύτως

208 2402 449 2473 ἐπιφανῆ
481 2404 578 2473 τῆς
606 2403 794 2473 σοφίας
814 2403 948 2476 ἄνθη
978 2404 1072 2457 καὶ
1100 2404 1272 2472 φυτά’
1299 2394 1376 2458 ὧν
1404 2404 1564 2473 ἡμεῖς
1596 2401 1778 2456 ἐνθάδε

212 2493 373 2555 σκιὰς
411 2494 576 2563 μόνας
621 2494 996 2565 φασματώδεις
1046 2494 1490 2566 ὀνειρώσσοντες,
1524 2493 1632 2548 ἀπὸ
1671 2493 1780 2549 τῶν

215 2582 473 2653 πράξεων
503 2585 783 2656 ἡγούμεθα
816 2587 924 2641 τῶν
951 2588 1303 2656 ἀνθρωπίνων
1333 2588 1671 2651 συνεστάναι,
1698 2589 1780 2642 ὅτι

223 2677 298 2748 μή
329 2677 475 2730 ἐστιν
496 2677 671 2730 αὐτῶν
691 2678 850 2751 δεῦρο
876 2679 1041 2750 μηδὲν
1063 2679 1279 2733 εἴδωλον
1304 2681 1632 2749 καταφανὲς,
1665 2681 1780 2735 ἀλλ’

220 2768 652 2839 ἀπεικονίσματα
695 2770 855 2841 μόνον
884 2770 1068 2842 ἀειδῆ,
1097 2771 1131 2826 ἃ
1175 2771 1239 2843 δὴ
1282 2772 1376 2826 καὶ
1402 2771 1541 2826 αὐτὰ
1569 2789 1781 2827 σκοτει-

218 2858 327 2923 νῶς
379 2859 635 2923 πολλάκις
677 2861 1069 2925 ἀπεικάζοντες
1113 2862 1495 2934 αίσθανόμεθα.
1552 2866 1627 2918 Οὐ
1673 2866 1782 2937 γάρ

216 2948 286 3003 ἂν
322 2949 548 3004 πώποτε
565 2951 904 3024 δικαιοσύνης
933 2954 1101 3025 αὐτῆς
1130 2954 1162 3026 ἢ
1198 2954 1463 3020 συνέσεως
1494 2956 1527 3027 ἢ
1561 2958 1783 3029 εἰρήνης

216 3038 514 3110 ὀφθαλμοῖς
542 3040 800 3093 ἐθεάσατό
827 3058 913 3104 τις
945 3041 1191 3112 μέγεθος,
1223 3043 1258 3115 ἢ
1294 3043 1531 3116 σχῆμαῆ
1563 3045 1777 3111 κάλλοςο

219 3130 336 3182 ἐκεῖ
363 3129 421 3182 δὲ
452 3132 509 3183 ὲν
536 3128 613 3200 τῷ
650 3131 816 3184 Ὄντι
849 3130 981 3201 (Η),
1012 3129 1090 3194 ὥς
1129 3133 1287 3197 εἰσιν,
1310 3132 1528 3204 ὁλοτελῆ
1563 3134 1783 3205 βλέπον-

218 3234 308 3275 ται
339 3221 432 3274 καὶ
461 3221 623 3292 σαφῆ.
659 3217 809 3275 Εἶναι
841 3221 950 3292 γὰρ
980 3222 1191 3294 δένδρον
1223 3240 1276 3276 τι
1303 3228 1657 3298 σωφροσύνης
1681 3227 1780 3280 αύ-

1880 2030 2261 2101 strissimaque
2285 2039 2339 2085 et
2366 2031 2545 2095 beata,
2577 2038 2630 2084 et
2662 2044 2827 2100 supra
2863 2045 3022 2099 quam
3057 2030 3301 2087 humano
3326 2035 3440 2087 elo-

1878 2121 2008 2191 quio
2028 2122 2259 2192 exprimi
2292 2122 2447 2175 facile
2480 2122 2650 2190 possit
2671 2120 2900 2176 fruenda
2921 2119 3103 2175 otl'erri
3135 2122 3442 2191 pulchritu-

1880 2214 2066 2268 dinum
2101 2214 2429 2284 spectacula.
2482 2214 2602 2284 Ipsa
2649 2215 2848 2285 quippe
2897 2214 3007 2268 illic
3055 2215 3290 2284 iustitia,
3325 2216 3442 2285 ipsa

1880 2306 2187 2375 prudentia,
2234 2307 2349 2375 ipsa
2396 2320 2516 2361 sese
2565 2306 2744 2375 palam
2781 2313 3052 2360 monstrat
3093 2305 3444 2377 indulgetque

1878 2412 2002 2452 cum
2055 2396 2315 2451 charitate
2354 2398 2553 2450 veritas
2588 2403 2642 2450 et
2662 2397 2920 2463 castitas,
2980 2398 3177 2469 aliique
3194 2398 3253 2452 id
3275 2414 3447 2469 genus

1880 2485 2272 2557 speciosissimi
2312 2485 2592 2556 sapientiae
2639 2484 2802 2540 ﬂores
2830 2499 2895 2540 ac
2941 2486 3137 2557 planta:
3164 2505 3177 2541 :
3209 2501 3443 2557 quorum

1880 2593 1983 2634 nos
2010 2579 2097 2634 hic
2115 2578 2336 2633 umbras
2368 2579 2515 2634 solas
2536 2578 2693 2649 quasi
2714 2593 2811 2649 per
2839 2581 3110 2635 somnium
3140 2581 3444 2654 imaginan.

1879 2677 1982 2734 tes,
2015 2677 2270 2741 putamus
2311 2684 2373 2725 ex
2415 2670 2669 2726 humanis
2715 2682 2971 2728 constare
3012 2673 3458 2743 operationibusa

1878 2764 2022 2834 quod
2046 2764 2255 2818 nullum
2284 2763 2445 2818 nobis
2465 2764 2553 2818 hic
2585 2779 2772 2819 eorum
2812 2766 3166 2837 conspicuum
3192 2775 3444 2836 suppetat

1880 2852 2254 2918 simulacrum,
2291 2853 2388 2907 sed
2420 2854 2669 2909 obseura:
2707 2856 2971 2911 duntaxat
3017 2856 3442 2927 designationes.

1878 2960 2015 3015 quas
2061 2956 2115 3002 et
2144 2946 2291 3016 ipsas
2318 2949 2514 3015 saepius
2542 2947 2773 3003 obscure
2804 2950 3136 3005 delineantes
3170 2948 3449 3018 densaque

1879 3036 2131 3107 caligine,
2168 3039 2450 3094 sentimus.
2480 3037 2588 3094 Nec
2626 3041 2769 3095 enim
2816 3042 2957 3097 ullus
2986 3057 3225 3113 unquam
3276 3042 3451 3111 ipsius

1876 3126 2124 3196 iustitiae,
2152 3137 2245 3184 aut
2260 3131 2581 3200 prudentiae,
2597 3140 2689 3186 aut
2712 3133 2884 3202 pacis,
2908 3131 3336 3203 magnitudinem
3354 3141 3448 3184 aut.

1883 3220 2133 3287 formam,
2168 3230 2328 3278 autve
2357 3223 2608 3279 decorem
2631 3224 2804 3277 oculis
2833 3224 3148 3293 usurpavit;
3186 3223 3296 3277 illic
3316 3239 3451 3277 veru

219 3312 338 3382 τῆς,
370 3308 507 3366 εἶναι
537 3312 779 3384 ἀγάπης,
820 3309 962 3368 εἶναι
998 3315 1293 3380 συνέσεως·
1318 3314 1507 3389 ὥσπερ
1550 3320 1644 3372 καὶ
1676 3319 1780 3373 τῶν

1886 3313 1941 3367 in
1993 3330 2061 3368 eo
2120 3314 2226 3381 Qui
2246 3326 2323 3369 est
2353 3317 2422 3380 υ,
2455 3316 2532 3369 uti
2572 3330 2697 3370 vere
2719 3323 2867 3379 sunt,
2892 3315 3099 3385 integra
3128 3330 3191 3368 ac
3230 3315 3454 3384 conspi-

221 3400 403 3454 ἐνθάδε
423 3403 493 3457 τὰ
515 3405 654 3472 φυτὰ
674 3404 921 3475 καρπῶν,
944 3400 1056 3459 οἷον
1073 3406 1365 3478 σταφυλῆς,
1390 3410 1543 3478 ῥοιᾶς
1569 3411 1662 3464 καὶ
1684 3413 1785 3482 μή-

220 3490 345 3556 λων,
374 3493 515 3547 οὕτω
535 3495 600 3567 δὴ
623 3496 889 3551 κάκείνων
913 3497 1205 3569 δρέπεσθαι
1236 3500 1347 3569 (12)
1373 3500 1471 3571 μὲν
1499 3502 1589 3554 καὶ
1614 3502 1786 3555 ἐσθίε-

223 3582 344 3639 σθαι
385 3588 512 3649 τοὺς
543 3589 805 3658 καρποὺς,
841 3590 900 3643 οὐ
940 3589 1044 3661 μὴν
1073 3590 1402 3646 ἀπόλλυσθαι
1436 3594 1530 3645 καὶ
1558 3592 1782 3661 φθίνειν,

220 3676 331 3730 ἀλλ’
354 3678 434 3742 είς
457 3677 752 3734 ἀθανασίαν
777 3679 959 3746 αὔξειν
986 3682 1078 3735 καὶ
1104 3680 1354 3754 θειότητα
1372 3684 1497 3746 τοὺς
1517 3683 1786 3755 δρεπομέ-

220 3785 345 3833 νους
364 3786 378 3800 ·
418 3769 603 3834 καθὼς
628 3772 877 3836 κάκεῖνος
905 3773 964 3839 ἐξ
1001 3768 1061 3827 οὖ
1105 3774 1304 3838 πάντες
1336 3775 1521 3845 ἐσμὲν,
1558 3776 1662 3847 πρὸ
1694 3775 1786 3829 τοῦ

225 3862 560 3932 παραπεσεῖν
589 3863 683 3915 καὶ
716 3863 1038 3934 πηρωθῆναι
1066 3865 1166 3928 τᾶς
1193 3864 1364 3934 ὄψεις,
1398 3866 1455 3918 ὲν
1499 3865 1575 3936 τῷ
1612 3883 1790 3938 παρα-

221 3949 379 4023 δείσῳ
408 3951 696 4022 τυγχάνων
715 3992 729 4016 ,
759 3952 1196 4024 ἁπεκαρπεύετο,
1227 3955 1320 4008 τοῦ
1351 3956 1487 4008 Θεοῦ
1512 3955 1792 4027 θεμιστεύ-

224 4059 371 4107 οντος
400 4045 491 4099 τὸν
520 4043 804 4116 ἄνθρωπον
825 4045 932 4098 τῶν
952 4046 1050 4114 τῆς
1080 4045 1269 4113 σοφίας
1296 4046 1533 4117 ἐργάτην
1562 4048 1785 4118 τεθῆναι

224 4136 316 4189 καὶ
355 4135 571 4205 φύλακα
603 4134 804 4205 φυτῶν.
848 4136 1133 4199 Τοιούτους
1159 4136 1269 4207 γὰρ
1298 4132 1365 4209 ἦν
1399 4138 1644 4209 καρποὺς
1690 4155 1783 4192 πε-

228 4229 574 4300 πιστευμένος
603 4230 865 4300 γεωργεῖν
913 4229 1006 4281 καὶ
1052 4229 1081 4280 ὁ
1125 4229 1337 4299 πρῶτος
1382 4230 1570 4299 Ἀδάμ.
1604 4231 1713 4283 Καὶ⁵
1756 4232 1785 4283 ὁ

237 4320 494 4390 Ἱερεμίας
537 4320 596 4374 δὲ
634 4320 804 4375 ταῦτα
856 4320 1142 4390 τυγχάνειν
1182 4320 1362 4385 ίδικῶς
1394 4320 1450 4375 ἔν
1482 4338 1588 4373 τινι
1634 4323 1783 4392 τόπῳ

232 4410 322 4461 καὶ
373 4410 638 4480 ἀφεστῶτι
692 4412 933 4483 μεγάλην
992 4411 1289 4464 ἀπόστασιν
1334 4411 1431 4482 τῆς
1480 4409 1601 4463 καθ’
1633 4413 1782 4481 ἡμᾶς

302 4562 344 4594 ’⁵⁷
388 4563 550 4621 Exod.
587 4581 669 4635 Ill,
700 4567 785 4621 u.

1891 3419 1989 3457 cua
2012 3406 2434 3475 perspiciuntur.
2470 3405 2564 3461 Est
2591 3406 2736 3460 enim
2773 3406 2946 3475 ipsius
2975 3405 3446 3465 castitatisarbor.

1889 3504 1974 3552 est
2003 3496 2268 3562 caritatis,
2324 3506 2408 3553 est
2463 3497 2779 3567 prudentiae,
2813 3497 2890 3550 uti
2923 3512 3053 3551 sane
3079 3507 3132 3551 et
3170 3496 3449 3551 fructuum

1890 3588 1980 3642 hic
2009 3598 2343 3642 terrenorum
2403 3590 2596 3658 planta:
2617 3590 2767 3659 (vitis
2809 3589 3038 3651 scilicet,
3070 3588 3448 3659 malogranati,

1891 3678 2156 3732 malorum
2186 3690 2580 3751 pomorumque
2594 3679 2879 3748 omnium),
2912 3680 2989 3733 sic
3009 3686 3061 3733 et
3094 3680 3307 3732 illarum
3330 3693 3453 3732 car-

1892 3777 2096 3839 puntur
2125 3769 2335 3825 fructus
2368 3779 2529 3841 atque
2562 3770 2819 3834 eduntur,
2854 3785 2961 3825 non
3004 3771 3096 3839 qui
3138 3777 3361 3840 pereant
3387 3783 3453 3823 ac

1894 3873 2254 3926 rrarcescant,
2285 3864 2380 3919 sed
2400 3863 2494 3933 qui
2532 3864 2770 3934 legentes
2792 3861 2860 3917 ad
2890 3863 3348 3917 immortalitatem
3369 3862 3475 3917 di-.

1892 3948 2279 4021 vinitatemque
2295 3953 2626 4023 adaugeant:
2651 3951 3107 4022 quemadmodum
3117 3958 3170 4008 et
3183 3951 3272 4007 ille
3293 3951 3454 4022 cujus

1891 4056 2082 4098 sumes
2115 4060 2304 4098 sumus
2347 4046 2586 4107 soboles,
2615 4055 2741 4100 ante
2764 4046 2975 4116 lapsum
3025 4060 3089 4099 ac
3134 4051 3335 4100 caecata
3362 4044 3450 4099 lu-

1892 4134 2061 4198 mina,
2096 4136 2150 4189 in
2198 4136 2450 4206 paradiso
2483 4136 2757 4191 fructuum
2795 4152 2963 4192 usura
2997 4134 3283 4207 gaudebat,
3320 4150 3453 4191 con-

1891 4227 2083 4282 stituto
2115 4243 2209 4296 per
2233 4227 2323 4281 Dei
2348 4227 2543 4282 scitum
2575 4227 2815 4297 homine,
2842 4239 2894 4285 ut
2916 4229 3218 4297 plantarum
3236 4228 3450 4297 sapien-

1892 4320 1979 4373 tiae
2004 4322 2182 4374 cultor
2214 4337 2277 4375 ac
2297 4330 2483 4376 custos
2511 4330 2677 4377 esset.
2711 4321 2870 4377 Tales
2893 4336 3122 4390 namque
3149 4319 3359 4374 fructus
3393 4328 3451 4371 ut

1890 4413 2113 4477 coleret,
2135 4415 2342 4484 primus
2380 4414 2550 4469 Adam
2577 4414 2630 4467 in
2653 4429 2805 4470 suam
2833 4414 2988 4469 ﬁdem
3021 4419 3333 4482 acceperat;
3353 4411 3451 4465 At-

232 4717 332 4797 bus
361 4720 513 4797 aciis
536 4737 762 4797 quorum
794 4739 917 4797 cum
954 4723 1119 4797 Paulo
1164 4726 1522 4792 conversatio,
1553 4725 1784 4779 mnnici—
1816 4730 1859 4788 ι)
1886 4714 2023 4781 ἰιοηι
2060 4726 2270 4779 Barurh
2320 4743 2424 4780 non
2472 4726 2537 4780 ad
2578 4727 2748 4797 ipsam
2794 4725 2887 4782 Dei
2939 4727 3199 4783 visionem
3238 4728 3456 4786 videtur

272 4796 385 4867 atus
412 4790 745 4864 (πολίτευμα)
778 4801 860 4848 est
890 4793 943 4847 in
974 4794 1147 4859 caelis,
1179 4803 1442 4865 occupato
1476 4790 1778 4867 praestatur.

279 4874 603 5011 0513????
620 4930 687 5011 δὲ
712 4932 781 4986 ἐν
802 4932 882 4999 τῷ
906 4935 1082 5011 Ὄντι.
1110 4933 1201 5011 Sic
1230 4935 1457 5011 accipio,
1481 4944 1546 5011 ut
1576 4934 1668 4991 Dei
1695 4951 1786 4990 no-

237 5011 357 5053 men
383 5000 726 5075 intelligatur,
758 5019 864 5071 quo
881 5018 957 5075 _se
1004 5006 1119 5074 ipse
1162 5002 1330 5060 Exod.
1349 5000 1453 5072 'm,
1488 5006 1573 5069 M,
1604 5015 1780 5070 vocat,

242 5069 502 5145 semelque
538 5069 591 5145 et
640 5069 831 5145 iterum
873 5070 982 5127 Jer.
1023 5069 1120 5145 'xiv
1169 5081 1221 5128 ct
1264 5069 1779 5145 xuii—compellat.

241 5135 350 5190 Illic
385 5135 509 5213 ergo
534 5141 589 5193 ἐν
620 5140 697 5213 τῷ
716 5144 883 5208 Ὄντι,
912 5146 966 5197 in
988 5144 1100 5198 illo
1128 5146 1216 5213 qui
1247 5153 1344 5207 est,
1381 5146 1435 5199 in
1484 5135 1613 5201 Deo.
1637 5147 1785 5201 fonte

240 5208 546 5285 ess_e_ndi_,_et
576 5208 679 5280 qui
710 5220 795 5268 est
837 5215 1012 5282 ipsum
1058 5208 1200 5278 esse,
1235 5216 1392 5285 cujus
1432 5231 1656 5272 munere
1697 5225 1801 5270 est.

214 5278 490 5358 quidquid
519 5278 617 5342 est,
648 5278 877 5358 cernunt
923 5284 1088 5358 animi
1138 5278 1482 5358 primigenias
1520 5287 1653 5342 istas
1692 5301 1781 5358 ra-

245 5353 409 5429 tiones
447 5356 498 5429 et
529 5353 892 5429 emanationes
941 5356 1084 5429 clare
1123 5368 1176 5410 et
1219 5353 1444 5429 integre,
1478 5372 1583 5411 non
1620 5365 1676 5409 ut
1719 5356 1781 5429 in

245 5416 393 5499 nobis
415 5418 653 5499 visuntur
685 5421 738 5475 in
766 5437 888 5478 esse
923 5425 1130 5499 caduco
1155 5434 1213 5499 et
1232 5416 1468 5499 mortali,
1494 5428 1784 5499 contrariis

246 5485 516 5562 admistar:
551 5505 880 5562 quaecunque
908 5494 1123 5549 tandem
1162 5496 1252 5549 illa
1289 5494 1383 5551 Dei
1414 5485 1568 5559 visio,
1608 5506 1663 5551 et
1691 5496 1782 5550 τοῦ

252 5555 529 5634 ξρντος-εὶι
565 5555 847 5634 Μθιιιοάίο,
875 5568 955 5619 vel
1001 5563 1171 5632 ipsius
1204 5565 1259 5619 in
1289 5580 1347 5619 se
1378 5555 1573 5621 divinae
1600 5583 1787 5621 essen-

252 5629 351 5700 tia,
380 5629 458 5700 vel
500 5632 703 5700 qualem
738 5642 889 5687 extra
928 5629 1072 5686 illam
1117 5635 1277 5688 animi
1313 5645 1538 5700 possunt
1567 5638 1784 5692 habere.

258 5691 362 5749 Non
388 5691 532 5769 loqui
546 5716 667 5756 vero
690 5701 1015 5757 Metliodium
1039 5703 1106 5757 de
1134 5704 1249 5773 ipsa
1275 5691 1327 5758 in
1352 5720 1412 5760 se
1441 5707 1532 5760 Dei
1557 5706 1785 5770 visione,

256 5774 565 5845 argumento
585 5781 663 5827 est
709 5774 1011 5845 exemplum
1046 5775 1360 5845 protoplasti
1380 5815 1394 5837 ,
1436 5778 1524 5830 cui
1557 5788 1682 5831 ante
1711 5776 1790 5830 la-

262 5844 403 5899 Ρειιω
424 5840 649 5900 eamdem
670 5840 1034 5914 cognitionem
1050 5840 1278 5902 'vid'et'ur
1314 5845 1570 5904 tribucre.
1612 5845 1791 5923 Locus

1886 4797 2113 4867 hortari,
2142 4803 2234 4851 sed
2269 4798 2332 4851 ad
2369 4800 2592 4852 virtutes
2614 4798 2802 4867 quales
2838 4800 3071 4851 humana
3100 4798 3355 4853 facultate
3388 4814 3453 4854 ac

1882 4864 1974 4920 Dei
2008 4882 2228 4921 munere
2259 4867 2421 4921 homo
2449 4864 2900 4922 viatur'nancisci
2939 4876 3133 4937 potest.
3170 4868 3453 4926 Possinius

1881 4952 2059 4989 coram
2088 4947 2137 4991 et
2170 4954 2280 4991 rere
2324 4938 2577 4997 reddidit,
2608 4952 2669 4991 ac
2700 4939 2745 4992 si
2779 4954 2843 4993 ea
2888 4939 3088 4992 locutio
3128 4940 3236 4992 vim
3277 4941 3454 4995 scium

1881 5006 2117 5077 adverbii
2156 5007 2373 5063 haberet
2402 5007 2536 5077 :qui
2563 5023 2755 5062 sensus
2784 5008 2935 5063 valde
2963 5008 3184 5065 humilis
3212 5017 3316 5066 est.
3344 5008 3456 5066 Me-

1882 5075 2001 5148 lius
2038 5077 2284 5141 Allatius,
2341 5078 2397 5130 in
2445 5075 2561 5143 ipsa
2600 5080 2835 5148 veritate,
2874 5094 3037 5148 quam
3079 5080 3236 5135 velim
3283 5079 3455 5136 Deum

1883 5144 2175 5220 Veritatem
2230 5148 2595 5220 intellexisse;
2637 5149 2760 5204 inde
2804 5144 3127 5216 Veritatem,
3172 5151 3320 5220 quod
3369 5157 3458 5220 est

1884 5217 2000 5287 ipse
2026 5219 2117 5286 qui
2144 5228 2246 5279 est,
2281 5219 2480 5286 datque
2508 5219 2760 5274 omnibus
2796 5234 2917 5275 esse
2955 5229 3009 5273 et
3042 5235 3169 5275 vere
3192 5217 3339 5277 esse.
3373 5219 3453 5275 In.
3491 5240 3501 5283 ξ

1957 5287 2067 5359 (12)
2101 5288 2445 5355 Δρέπεσθαι.
2472 5287 2716 5359 Proclive
2758 5288 2857 5343 fuit
2900 5296 3113 5343 mutare
3141 5289 3452 5359 βλέπεσθαι,
3491 5292 3498 5317 ’

1883 5357 2009 5414 cum
2050 5357 2257 5428 liqueat
2304 5359 2590 5428 scripsisse
2639 5357 2988 5421 Methodium,
3020 5357 3162 5428 quod
3204 5362 3277 5413 ita
3306 5374 3336 5412 a
3367 5374 3454 5428 me

1886 5425 2152 5483 mutatum
2201 5437 2316 5496 est;
2356 5425 2500 5498 quod
2546 5444 2771 5498 carpere
2825 5425 3086 5499 sequatur
3128 5430 3189 5482 τὸ
3243 5425 3454 5499 esseea;

1882 5500 1964 5554 vel
1992 5499 2284 5562 ἐσθίεσθαι,
2305 5495 2488 5553 rut—alii
2514 5508 2566 5554 et
2602 5495 2691 5552 alii
2719 5495 2934 5555 codices
2968 5501 3198 5562 habent;
3226 5506 3277 5548 et
3307 5495 3467 5564 quud'

1882 5584 2081 5639 augere
2110 5571 2175 5623 ad
2206 5570 2664 5626 immortalitatem
2689 5581 2743 5623 et
2770 5567 3304 5639 divinitatemaddat
3328 5566 3453 5639 τοὺς

1879 5636 2263 5711 δρεπομένους,
2295 5657 2381 5697 eos
2412 5641 2499 5711 qui
2524 5649 2764 5709 carpant,
2791 5654 2896 5693 non
2927 5641 3020 5706 qui
3044 5636 3278 5699 videant,
3306 5636 3455 5758 Knud

1883 5714 2146 5758 remotius
2175 5719 2259 5758 est
2288 5711 2352 5758 ad
2382 5711 2768 5758 metanhomm.
2800 5708 3007 5758 Vitiosa
3038 5720 3266 5758 nrorsus
3360 5704 3455 5758 lla-

1883 5704 2146 5765 r'emot'ius
2175 5719 2259 5765 est
2288 5711 2355 5764 ad
2382 5704 2768 5780 metaphoram.
2800 5704 3007 5780 Vitiosa
3038 5720 3266 5773 prorsus
3308 5704 3458 5761 Alla-

1887 5780 1948 5835 tii
1976 5780 2139 5848 edita,
2160 5796 2229 5838 ex
2257 5782 2459 5839 nostris
2489 5778 2845 5836 emendanda.
2880 5778 3166 5831 Consus.
