4056 6302
577 383 681 438 145

1558 383 1617 441 S.
1659 378 1989 439 METHODII
2016 376 2340 438 'EPISCOPI
2379 381 2464 437 ET
2506 381 2865 440 MARTYIUS

3727 390 3830 444 tu

573 516 684 573 que
711 501 826 557 haec
846 498 1106 558 Jeremias
1132 502 1368 573 quodam
1411 503 1532 558 loco
1565 519 1838 567 seorsum,
1866 504 2055 573 procul
2086 503 2140 557 al

2252 505 2575 576 οἰκουμένης
2626 502 2785 571 οἶδεν,
2842 506 2969 560 ἔνθα
3016 507 3145 571 τοὺς
3197 504 3653 579 ἐξολισθήσαντας
3720 508 3832 559 τῶν

576 593 712 649 orbe
744 602 932 649 nostro
964 595 1138 649 sensit
1168 595 1461 651 exsistere.
1494 593 1586 649 Sic
1616 610 1851 666 namque
1901 595 2001 661 ait,
2055 609 2152 650 eos

577 684 871 755 deplorans
929 684 1021 755 qui
1068 685 1213 739 beati
1251 686 1398 741 illius
1437 686 1536 741 δινί
1575 685 1737 740 bonis
1775 684 2093 740 exciderunt
2134 703 2148 740 :

580 775 780 834 Discite
800 775 891 830 ubi
929 779 998 832 sit
1029 775 1333 847 prudentia,
1358 776 1450 830 ubi
1470 777 1540 831 sit
1556 777 1753 842 uirtus,
1782 774 1873 830 ubi
1897 778 1966 831 sit
2000 777 2153 831 intel-

577 869 741 926 lectus
761 875 1042 929 :utsciatis
1070 869 1255 935 simul,
1283 868 1375 922 ubi
1398 869 1468 923 sit
1502 868 1778 940 longitudo
1801 869 1922 923 vitae
1941 876 1990 923 et
2008 870 2115 923 vita
2129 884 2152 933 ;

572 960 667 1016 ubi
689 962 759 1016 sit
789 961 962 1016 lumen
1009 962 1280 1016 oculorum
1325 970 1379 1016 et
1427 976 1552 1031 pax.
1594 962 1728 1029 Quis
1761 963 1955 1017 invenit
1981 962 2151 1017 locum

570 1053 729 1124 ejus?
747 1062 798 1108 et
830 1054 946 1125 quis
986 1054 1204 1110 intrauit
1232 1055 1287 1108 in
1310 1053 1588 1109 thesauros
1622 1071 1808 1109 eorum
1832 1055 1878 1087 "
1901 1059 1926 1112 ι
1952 1053 2012 1109 In
2051 1054 2152 1109 ho-

574 1163 694 1203 rum
724 1162 915 1217 nempe
954 1146 1246 1203 thesauros
1280 1149 1545 1217 ingressae
1572 1148 1835 1219 virgines,
1876 1147 2149 1203 “virtutum

573 1235 814 1291 rationes
836 1234 1162 1306 decerpunt;
1180 1236 1370 1291 multis
1387 1250 1451 1290 ac
1464 1237 1601 1293 bene
1620 1237 1889 1292 ordinatis
1911 1236 2151 1309 irrigatse

571 1327 894 1392 luminibus,
946 1326 1259 1383 aﬂundente
1301 1328 1409 1385 illis
1438 1327 1548 1384 Deo
1573 1328 1739 1386 fontis
1777 1330 1953 1386 instar
1977 1368 1994 1395 ,
2056 1330 2150 1400 qui

572 1421 834 1477 saeculum
869 1419 1023 1485 illud,
1058 1420 1212 1474 nullo
1237 1435 1475 1490 unquam
1498 1435 1699 1478 occasu
1734 1421 2149 1493 exstinguendis

570 1512 875 1569 luminibus
923 1510 1260 1582 splendidius
1300 1512 1554 1568 illustret.
1607 1511 1700 1567 Hae
1735 1528 1899 1584 porro
1937 1529 2152 1584 semper

572 1606 773 1661 choros
816 1611 985 1676 agunt
1018 1604 1314 1660 modulatis
1358 1605 1588 1662 vocibus
1632 1605 1918 1664 laudantes
1952 1606 2146 1664 Deum.

574 1697 960 1753 Circumfusus
983 1712 1217 1767 namque
1238 1696 1346 1752 illis
1373 1711 1661 1768 aerpurus
1687 1707 1794 1765 est,
1810 1706 1866 1756 et
1892 1715 2000 1772 quo
2015 1701 2148 1757 solis

573 1790 750 1844 orbita
784 1802 1065 1859 nunquam
1092 1788 1401 1844 invehatur.

2254 596 2485 651 αίωνίων
2534 597 2643 670 (15)
2693 598 2908 667 ἀγαθῶν
2957 597 3313 663 αατοικτίζων
3362 598 3541 668 λέγει·
3592 598 3832 654 Μάθετε

2253 689 2371 744 ποῦ
2390 690 2522 744 ἐστι
2554 693 2868 760 φρόνησις,
2905 691 3024 746 ποῦ
3059 692 3231 746 ἐστιν
3267 691 3469 760 ἰσχὺς,
3499 690 3621 745 ποῦ
3649 692 3829 745 ἐστιν

2231 772 2291 850 ’ἠ
2333 781 2614 849 σύνεσις,
2653 781 2760 836 τοῦ
2804 780 3025 852 γνῶναι
3087 782 3208 852 ἅμα
3259 782 3378 837 ποῦ
3421 783 3556 836 ἐστι
3593 800 3826 852 μακρο-

2253 874 2456 942 ϐίωσις
2486 875 2584 928 καὶ
2618 872 2750 943 ζωὴ,
2778 873 2896 928 ποῦ
2927 874 3057 929 ἐστι
3100 872 3225 944 φῶς
3250 871 3570 943 ὀφθαλμῶν
3598 873 3699 927 καί
3741 875 3825 926 el-

2241 966 2437 1036 ρήνη·
2490 968 2582 1033 τίς
2625 963 2763 1036 εὗρε
2804 967 2992 1020 τόπον
3040 964 3262 1035 αὐτῆς,
3312 964 3350 1033 ἢ
3395 964 3487 1030 τίς
3531 963 3827 1032 εἰσῆλθεν

2248 1062 2337 1126 εὶς
2396 1060 2737 1128 θησαυροὺς
2802 1058 3031 1123 αὐτῶν;
3093 1057 3308 1111 Τούτων
3358 1052 3451 1110 οὖν
3504 1054 3826 1120 διελθούσας
3878 1120 3890 1132 ¹

2250 1147 2330 1210 είς
2355 1147 2479 1210 τοὺς
2505 1144 2810 1217 θησαυροὺς
2835 1146 3315 1219 άποκαρπεύεσθαι
3338 1145 3530 1216 λόγους
3558 1144 3669 1199 τῶν
3700 1147 3828 1216 ἀρε-

2248 1240 2357 1295 τῶν
2382 1241 2481 1304 τὰς
2501 1239 2819 1312 παρθένους,
2843 1240 3121 1304 εὐτάκτοις
3153 1240 3293 1308 φωσὶ
3319 1239 3427 1293 καί
3442 1238 3657 1302 πολλοῖς
3688 1255 3826 1291 κατ-

2250 1331 2570 1404 αρδομένας,
2604 1331 2641 1386 ἃ.
2684 1331 2839 1403 δίκην
2873 1332 3053 1403 πηγῆς
3081 1332 3271 1395 αὑταῖς
3299 1333 3326 1385 ὁ
3354 1330 3486 1394 Θεὸς
3525 1329 3825 1401 ἀνερεύγε-

2249 1440 2358 1489 ται,
2420 1422 2790 1494 καταλάμπων
2853 1423 3061 1487 ἐκεῖνον
3107 1421 3197 1475 τὸν
3248 1420 3419 1476 αἰῶνα
3473 1421 3648 1490 φωσὶν
3693 1420 3825 1474 ἁδύ·

2249 1533 2360 1579 τοις
2386 1515 2496 1587 (14)
2513 1531 2527 1547 ο
2549 1516 2605 1568 αἱ
2632 1515 2688 1568 δὲ
2715 1514 3028 1587 χορεύουσιν
3052 1512 3307 1586 ἐμμελῶς
3339 1515 3698 1584 γεραίρουσαι
3731 1511 3827 1566 τὸν

2248 1608 2399 1663 Θεόν.
2433 1606 2793 1679 Περικέχυται
2821 1607 2930 1680 γὰρ
2957 1607 3147 1672 αὐταῖς
3174 1606 3282 1680 ἀὴρ
3306 1606 3566 1679 καθαρὸς,
3607 1606 3706 1661 καὶ
3747 1606 3822 1679 μὴ

2249 1700 2719 1772 καθιππευόμενος
2745 1700 2900 1773 ἡλίῳ.

705 1920 834 1978 Car.
863 1914 949 1976 IV.
981 1922 1282 1978 Purwnesis
1313 1923 1380 1977 ad
1409 1925 1758 1997 virginitatem
1790 1927 2151 1983 excolendam.
2189 1886 2513 2000 Proponitur
2540 1925 2892 1984 excutiendas
2923 1926 3070 1981 locus
3099 1923 3261 1993 Apoc.
3285 1937 3383 1988 xu,
3414 1921 3536 1979 1-6.

640 2071 794 2127 Nunc
824 2087 975 2143 ergo,
1008 2071 1269 2142 virgines,
1304 2071 1639 2143 incorrupta:
1688 2073 1962 2130 castitatis
1995 2073 2139 2139 ﬁliae,

2312 2074 2427 2128 Νῦν
2473 2069 2587 2139 οὖν,
2626 2067 2680 2127 ὦ
2724 2067 3378 2144 παρθένοι,σωφροσύνης
3416 2066 3690 2139 άχράντου
3725 2064 3829 2122 θυ-

568 2165 634 2221 de
667 2167 776 2219 vita
818 2166 979 2221 bonis
1020 2164 1277 2219 omnibus
1324 2163 1504 2230 beata,
1541 2164 1715 2235 deque
1753 2166 2021 2220 caelorum
2055 2181 2144 2221 re-

568 2274 673 2329 gno
705 2257 1129 2314 studium‘nobis
1154 2263 1240 2312 est
1273 2263 1326 2312 et
1360 2256 1661 2312 contentio.
1694 2255 1786 2311 Eia
1814 2256 1871 2311 in
1894 2258 2140 2313 eamdem

569 2351 904 2407 intemerata
936 2348 1267 2420 virginitatis
1306 2347 1542 2412 ,laudem
1571 2362 1697 2401 cum
1723 2347 2001 2417 prioribus
2041 2363 2140 2403 vos

567 2455 787 2513 quoque
832 2438 1001 2494 alacri
1048 2439 1231 2493 animo
1265 2439 1601 2508 conspirate,
1653 2454 1845 2509 parum
1881 2447 2141 2496 curantes

567 2532 674 2589 hoc
702 2530 961 2587 saeculum
985 2543 1054 2583 ac
1076 2529 1363 2584 mundum.
1411 2527 1529 2583 Non
1564 2543 1755 2599 parum
1785 2529 1930 2584 enim
1964 2530 2031 2585 ad
2060 2529 2140 2586 fe-

567 2624 830 2679 licitatem
863 2621 1137 2692 vitamque
1163 2620 1315 2676 curis
1365 2620 1589 2675 liberam
1616 2619 1957 2690 incorruptio
2004 2635 2138 2675 cou-

568 2715 722 2769 dncit
768 2727 832 2768 ac
864 2712 1207 2775 castimonia,
1239 2711 1438 2781 quippe
1459 2724 1581 2783 quae
1617 2725 1839 2766 carnem
1860 2710 2027 2765 humo
2062 2711 2139 2766 le-

567 2821 724 2873 vans,
744 2804 1034 2861 sublimem
1059 2802 1185 2859 ferri
1207 2802 1389 2867 iaciat,
1411 2802 1529 2873 ejus
1545 2803 1714 2858 nimio
1739 2803 2018 2860 exsiccato
2030 2803 2138 2857 hu-

563 2910 719 2951 more
770 2896 1023 2965 luteoque
1050 2906 1314 2964 expresso
1352 2892 1610 2961 pondere,
1643 2894 1851 2964 majore
1885 2894 2136 2950 trahendi

566 2988 621 3042 vi
667 3002 732 3042 ac
762 2987 1111 3057 impulsione.
1158 2983 1346 3056 Neque
1367 2999 1482 3042 vos
1512 2986 1638 3041 ulla:
1660 2986 1916 3042 audiendi
1946 2988 2136 3046 sordes

565 3086 817 3150 repentes
864 3078 921 3132 in
971 3086 1171 3133 terram
1204 3077 1532 3147 deprimant.
1564 3075 1749 3147 Neque
1768 3092 1974 3133 mceror
2004 3094 2138 3150 gau-

566 3172 716 3236 dium
739 3170 1044 3242 interpolet,
1084 3170 1232 3240 ipsas
1252 3186 1372 3241 qua:
1394 3170 1713 3227 melioribus
1735 3171 2004 3234 nitantur,
2035 3170 2137 3226 eli-

565 3266 702 3321 dens
722 3280 846 3336 spes
880 3284 892 3319 :
926 3264 1022 3320 sed
1051 3265 1201 3318 nulla
1242 3263 1562 3320 morositate
1605 3263 1921 3334 ingruentes
1951 3265 2005 3318 in
2037 3279 2135 3320 vos

555 3358 750 3415 clades
781 3357 1088 3427 damnaque
1118 3356 1376 3420 exculite,
1401 3356 1570 3412 nullis
1600 3355 1796 3411 mentis
1819 3354 2013 3411 faciem
2044 3355 2133 3410 fu-

2247 2166 2498 2238 γατέρες,
2552 2166 2693 2236 ὑπερ
2733 2162 2879 2235 ζωῆς
2931 2164 3060 2235 ἡμῖν
3112 2160 3344 2230 ἀφθόνου
3390 2159 3485 2213 καὶ
3540 2157 3824 2229 βασιλείας

2248 2257 2489 2328 οὐρανῶν
2519 2258 2552 2328 ἡ
2584 2256 2804 2327 σπουδή.
2835 2256 2930 2319 Είς
2955 2255 3054 2325 τὴν
3080 2253 3250 2324 αὐτὴν
3285 2250 3444 2319 δόξαν
3472 2250 3571 2321 τῆς
3593 2251 3823 2320 ἁγνείας

2248 2351 2342 2406 καὶ
2375 2352 2532 2422 ὑμεῖς
2562 2349 2858 2421 προθύμως
2883 2350 3003 2413 ταῖς
3045 2345 3151 2419 πρὸ
3184 2345 3337 2417 ὑμῶν
3378 2345 3821 2416 συμφρονήσατε,

2245 2443 2399 2513 ὀλίγα
2450 2442 2804 2513 φροντίσασαι
2852 2439 2945 2494 τοῦ
3008 2439 3144 2510 βίου.
3201 2438 3276 2493 Οὑ
3327 2437 3435 2510 γάρ
3491 2437 3689 2509 μικρὸν
3740 2439 3821 2500 εἰς

2247 2532 2526 2607 ῥᾳστώνην
2554 2532 2832 2605 άφθαρσία
2863 2532 2959 2586 καὶ
2990 2530 3202 2601 ἁγνεία,
3225 2528 3480 2601 ἀνωφερῆ
3507 2528 3605 2600 τὴν
3636 2527 3821 2599 σάρκα

2245 2628 2380 2699 πρὸς
2413 2626 2544 2697 ὕψος
2583 2625 2831 2699 αἴρουσα,
2862 2625 2957 2679 καὶ
2999 2623 3062 2677 τὸ
3105 2623 3378 2694 κάθυγρον
3415 2620 3584 2691 αὐτῆς
3617 2619 3823 2689 ἀναξη-

2247 2720 2503 2792 ραίνουσα
2551 2719 2645 2774 καὶ
2687 2717 2931 2790 πηλῶδες
2978 2715 3161 2789 βάρος,
3211 2715 3341 2785 ὁλκῇ
3393 2713 3625 2785 μείζονι·
3684 2711 3822 2784 μηδὲ

2247 2810 2477 2883 βριθέτω
2508 2812 2606 2881 τῆς
2649 2812 2817 2882 ἀκοῆς
2856 2812 2885 2863 ό
2936 2808 3126 2881 ῥύπος,
3174 2807 3354 2881 ῥέπων
3402 2806 3481 2869 είς
3524 2803 3621 2877 τὴν
3670 2803 3817 2875 γῆν·

2247 2903 2383 2975 μηδὲ
2413 2903 2823 2975 μετακοσμείτω
2849 2900 2993 2973 λύπη
3025 2901 3122 2972 τὴν
3150 2900 3344 2972 χαρὰν,
3377 2900 3686 2969 ἐκτήκουσα
3718 2895 3822 2962 τὰς

2243 2998 2335 3051 ἐπὶ
2385 2999 2499 3060 τοῖς
2546 2995 2848 3068 κρείττοσιν
2896 2994 3146 3058 ἐλπίδας·
3187 2992 3323 3049 ἀλλὰ
3376 2992 3626 3064 άτρύχως
3680 2990 3818 3043 ἀπο-

2245 3087 2454 3142 σείεσθε
2501 3086 2600 3150 τὰς
2647 3085 3143 3158 ἐπισυμϐαινούσας
3201 3085 3329 3155 ὑμῖν
3380 3081 3689 3155 συμφορὰς,
3741 3082 3817 3153 μὴ

2242 3176 2491 3232 θολοῦσαι
2530 3177 2678 3247 γόοις
2716 3176 2808 3230 τὸν
2839 3174 3115 3245 λογισμόν.
3164 3173 3385 3226 Νικάτω
3424 3170 3530 3243 γὰρ
3558 3173 3593 3242 ἡ
3630 3170 3816 3234 πίστις

2242 3270 2440 3342 πάντη,
2483 3270 2577 3323 καὶ
2616 3267 2938 3323 άπωθείσθω
2974 3267 3036 3320 τὸ
3083 3264 3199 3335 φῶς
3245 3265 3413 3336 αὐτῆς
3446 3264 3513 3317 τὰ
3540 3264 3820 3335 φερόμενα

2241 3360 2333 3415 τοῦ
2377 3358 2614 3431 πονηροῦ
2667 3358 2796 3431 περὶ
2844 3359 2943 3429 τὴν
2997 3356 3226 3428 καρδίαν
3272 3355 3554 3425 φάσματα.
3602 3354 3818 3427 Ὥσπερ

562 3460 843 3508 nestantes
866 3449 1113 3522 querulis
1150 3449 1461 3520 gemitibus.
1494 3447 1689 3504 Vincat
1718 3463 1945 3519 prorsus
1982 3448 2134 3512 ﬁdes,

2243 3451 2348 3524 γὰρ
2389 3453 2518 3506 ὅταν
2562 3454 2594 3523 ἡ
2631 3451 2826 3522 σελήνη
2859 3450 2951 3503 τὸν
2988 3448 3214 3522 οὐρανὸν
3258 3447 3450 3518 αἴγλης
3489 3445 3817 3518 ἐκλάμψασα

561 3545 790 3616 ejusque
820 3544 1022 3608 lumen,
1057 3558 1179 3615 quae
1204 3543 1352 3597 circa
1380 3557 1478 3596 cor
1499 3541 1752 3605 volitant,
1785 3542 1915 3595 mali
1964 3543 2140 3597 hostis

562 3636 707 3692 {teda
735 3636 1029 3692 simulacra
1069 3632 1325 3704 depellat.
1368 3630 1664 3701 Nimirum,
1700 3641 1761 3689 ut
1789 3634 2012 3704 quando
2047 3649 2139 3689 se-

560 3746 746 3786 renam
763 3738 976 3786 noctem
996 3731 1124 3784 luna
1145 3731 1303 3800 plena
1325 3729 1633 3794 illustrans,
1647 3724 1838 3783 allusis
1849 3728 1919 3782 ab
1937 3742 2140 3783 occasu

557 3824 745 3879 densis
772 3823 1014 3892 atrisque
1067 3822 1305 3879 nubibus
1338 3823 1402 3878 ad
1436 3831 1656 3892 tempus
1700 3820 1993 3884 occulitur,
2037 3834 2140 3874 nec

559 3924 746 3968 tamen
775 3911 1050 3978 aufertur;
1081 3912 1278 3982 quippe
1295 3912 1478 3967 statim
1507 3913 1558 3965 vi
1590 3910 1739 3966 venti
1780 3909 2001 3964 dilllatis
2038 3924 2140 3962 nu-

558 4006 746 4068 bibus,
786 4003 933 4058 clara
954 4003 1159 4058 mundo
1191 4004 1311 4058 luce
1341 4003 1626 4058 redditur:
1684 4000 1767 4057 sic
1805 4007 1859 4056 et
1904 4015 2023 4065 vos,
2054 4000 2140 4054 lu-

448 4162 454 4177 .
560 4110 681 4151 cem
699 4094 1029 4165 virginitatis
1052 4094 1411 4150 ostendentes
1427 4092 1652 4159 mundo,
1675 4093 1780 4149 etsi
1801 4093 2070 4164 angustiis
2085 4099 2140 4147 et

561 4187 1155 4252 laboribusvexamini,
1187 4203 1274 4252 ne,
1308 4203 1515 4258 quaeso.
1538 4187 1804 4257 virgines,
1824 4185 2139 4243 fatiscentcs

560 4298 716 4356 spem
736 4288 974 4338 vestram
1003 4281 1241 4351 abjicite.
1265 4280 1454 4336 Aderit
1477 4295 1606 4335 mox
1628 4278 1889 4350 Spiritus,
1922 4278 2018 4350 qui
2044 4294 2141 4332 ne-

559 4374 814 4447 quissimi
842 4373 1008 4429 dilllet
1044 4372 1255 4438 nubila,
1288 4372 1336 4429 si
1362 4387 1460 4427 vos
1491 4373 1949 4441 quemadmodum
1972 4369 2141 4426 Mater

560 4476 771 4530 vestra,
804 4482 925 4537 quae
946 4467 1000 4520 in
1032 4465 1172 4520 cwlo
1200 4466 1344 4536 parit
1377 4465 1683 4519 masculum
1720 4460 2022 4533 Virginem,
2058 4462 2140 4515 in-

560 4557 701 4613 fensi
732 4557 927 4628 anguis
976 4555 1206 4611 insidias
1239 4555 1462 4610 minime
1506 4552 1765 4609 timeatis.
1796 4552 1872 4609 De
1904 4568 2012 4623 qua
2039 4567 2139 4624 ego

545 4647 791 4703 rmuliere
841 4647 1157 4703 distinctius
1190 4647 1342 4702 vobis
1370 4643 1523 4716 loqui
1556 4643 1841 4711 constitui,
1885 4643 2047 4715 idque
2078 4650 2139 4698 ut

541 4752 719 4809 ~agam
746 4736 906 4792 modo
931 4748 1144 4809 tempus
1174 4736 1361 4808 exigit.

2241 3544 2524 3618 πληρώσῃ,
2560 3545 2653 3598 καλ⁵
2692 3546 2798 3607 πᾶς
2825 3545 2853 3596 ό
2890 3541 2998 3614 ἀὴρ
3039 3541 3248 3614 αἴθριος
3290 3540 3515 3611 γεηθῇ,
3561 3539 3721 3608 ἄφνω
3757 3538 3818 3592 δὲ

2240 3635 2456 3704 νεφέλαι
2493 3633 2656 3688 ποθὲν
2698 3635 2764 3688 ἐκ
2789 3634 3033 3704 δυσμιῖιν,
3079 3631 3489 3705 ὑποδραμοῦσαι
3526 3629 3812 3701 βάσκανοι,

2238 3728 2299 3782 τὸ
2330 3728 2443 3797 φῶς
2486 3728 2656 3799 αὐτῆς
2696 3727 2832 3799 πρὸς
2879 3726 3061 3796 ὀλίγον
3105 3725 3549 3790 ἐπισκιάζουσιν,
3593 3723 3653 3777 οὑ
3708 3723 3817 3793 μὴν

2239 3818 2630 3890 ἀφαιροῦνται,
2673 3817 2769 3873 άτε
2805 3819 3005 3884 εὐθέως
3043 3821 3109 3892 τῇ
3160 3818 3306 3891 ῥύμῃ
3354 3815 3449 3872 τοῦ
3505 3816 3815 3888 πνεύματος

2239 3910 2638 3982 ἐξωθούμεναι,
2660 3910 2808 3965 ὀὕτω
2844 3910 2909 3983 δὴ
2936 3913 3032 3966 καὶ
3060 3913 3237 3983 ὑμεῖς,
3269 3914 3327 3965 ἐν
3350 3911 3431 3983 τῷ
3456 3911 3650 3983 κόσμῳ
3683 3911 3819 3982 λάμ-

2240 4021 2437 4060 πουσαι
2473 4006 2573 4078 τὴν
2622 4005 2864 4074 ἁγνείαν,
2917 4005 3021 4059 ὑπὸ
3074 4004 3303 4075 θλίψεων
3350 4005 3664 4078 όχληθείσαι
3720 4004 3815 4060 καὶ

2239 4098 2438 4159 πόνων,
2468 4092 2514 4151 ὧ
2545 4096 2824 4168 παρθένοι,
2865 4096 2940 4168 μὴ
2976 4096 3240 4151 ὀκλάσατε
3274 4097 3409 4169 πρὸς
3438 4096 3537 4160 τὰς
3565 4095 3813 4161 ἐλπίδας.

2252 4188 2605 4255 Ἐξωθοῦνται
2644 4188 2752 4260 γὰρ
2780 4188 2860 4260 τῷ
2904 4188 3182 4260 Πνεῦματι
3226 4189 3296 4244 τὰ
3335 4191 3399 4243 ἐκ
3443 4188 3534 4242 τοῦ
3567 4188 3815 4263 πονηροῦ

2238 4281 2394 4354 νέφη,
2430 4281 2525 4335 ἐὰν
2563 4280 2750 4354 ὥσπερ
2791 4283 2823 4353 ή
2861 4282 3059 4353 Μήτηρ
3084 4280 3238 4351 ὑμῶν
3272 4281 3367 4334 καὶ
3400 4281 3591 4351 ὑμεῖς,
3622 4281 3657 4351 ἡ
3682 4296 3811 4349 γεν-

2239 4374 2385 4428 νῶσα
2417 4374 2507 4428 τὸν
2550 4373 2755 4447 ἄρσενα
2796 4372 3070 4446 Παρθένον
3112 4375 3170 4427 ἐν
3205 4372 3284 4445 τῷ
3312 4372 3546 4444 οὐρανῷ,
3593 4372 3669 4444 μὴ
3709 4372 3817 4425 δει-

2239 4467 2460 4538 λιάσητε
2509 4466 2750 4538 λοχῶντα
2803 4466 2897 4521 καὶ¹
2944 4464 3301 4538 ἐφεδρεύοντα
3341 4465 3433 4519 τὸν
3479 4465 3637 4536 ὅφιν·

2236 4553 2304 4631 ἦς
2338 4558 2448 4628 ἐγὼ
2487 4563 2624 4631 πρὸς
2658 4559 2801 4629 ὑμᾶς
2827 4557 3087 4629 ἀμηγέπη
3110 4555 3512 4628 διεξελεύσομαι
3538 4554 3810 4626 δηλοῦσαο

2238 4652 2426 4725 καιρὸς
2462 4649 2571 4723 γάρ
2606 4650 2675 4704 τά
2707 4648 2821 4704 νῦν.

636 4827 854 4899 Signum
876 4845 1126 4900 magnum
1177 4828 1425 4898 apparuit
1474 4825 1530 4882 in
1572 4826 1726 4889 cwlo,
1773 4824 1848 4879 ait
1895 4821 2133 4879 Joannes

2304 4830 2413 4886 Kal
2458 4829 2624 4899 ὤφθη
2668 4828 2824 4900 μέγα
2868 4845 3123 4899 σημειον
3167 4828 3238 4882 ἐν
3284 4826 3367 4894 τῷ
3411 4823 3670 4895 οὐρανῷ,
3710 4824 3818 4895 τὴν

546 4919 923 4992 Apocalypsin
951 4935 1216 4977 enarrans
1242 4920 1309 4987 ",
1338 4920 1527 4975 mulier
1557 4919 1753 4973 amicta
1778 4916 1907 4983 sole,
1929 4926 1978 4971 et
2008 4916 2133 4971 luna

550 5015 657 5069 sub
678 5012 892 5083 pedibus
927 5014 1077 5083 ejus;
1108 5022 1157 5067 et
1183 5014 1237 5068 in
1267 5017 1437 5084 capite
1463 5013 1578 5083 ejus
1627 5028 1824 5066 corona
1856 5009 2133 5065 stellarum

558 5107 870 5163 duodecim:
919 5117 969 5161 et
1001 5109 1057 5161 in
1086 5116 1233 5161 utero
1264 5108 1458 5162 habens
1508 5090 1776 5160 clamabat
1808 5104 2131 5172 parturiens,

540 5211 607 5257 »ει
631 5199 969 5255 cruciabatur
996 5210 1055 5253 ut
1073 5210 1301 5270 pareret.
1329 5199 1398 5253 Et
1421 5201 1590 5254 visum
1613 5207 1691 5253 est
1729 5196 1877 5251 aliud
1923 5197 2131 5268 signum

558 5295 614 5349 in
645 5293 809 5348 caelo:
844 5301 893 5347 et
924 5309 1039 5347 ecce
1062 5291 1228 5348 draco
1258 5308 1480 5363 magnus
1511 5292 1685 5361 rufus,
1731 5288 1925 5343 habens
1955 5289 2133 5358 capita

553 5396 750 5455 septem
777 5393 827 5440 et
848 5401 1045 5439 cornua
1070 5384 1264 5452 decem,
1278 5394 1327 5438 et
1348 5384 1407 5438 in
1420 5382 1676 5451 capitibus
1694 5380 1805 5451 ejus
1816 5379 2124 5434 diademata

503 5576 518 5623 ι⁴
628 5544 674 5577 ⁸⁸
706 5542 840 5598 Bar.
871 5558 955 5610 ιιι,
980 5542 1067 5605 14,
1094 5540 1181 5596 15.
1257 5539 1300 5573 ⁸⁸
1340 5540 1501 5607 Apoc.
1540 5552 1641 5604 xit,
1667 5538 1778 5591 l-‘ti.

632 5657 744 5729 (15)
771 5658 1065 5729 Αιωνιωιςἒ
1095 5655 1186 5710 Sic
1216 5668 1322 5729 nos
1365 5666 1488 5708 cum
1541 5651 1760 5717 Allatio,
1790 5663 1887 5720 pro
1919 5646 2129 5701 αἰώνων

560 5726 705 5797 quad
728 5726 820 5782 alii
852 5730 1002 5784 dant.
1025 5726 1183 5782 Εοιτ.
1216 5727 1453 5797 ΡΑτ-ιιοιι.

659 5797 743 5867 Η)
774 5800 971 5853 «ble
1018 5799 1273 5862 ἀδύτοις.
1320 5794 1487 5867 Paulo
1517 5791 1763 5867 inferius,
1810 5788 1870 5841 τὸ
1916 5785 2130 5867 φῷςιτὸ

632 5802 743 5910 SH)
774 5802 971 5853 Φωσὶν
1018 5802 1273 5862 ἀδύτοις.
1320 5802 1487 5847 Paulo
1517 5802 1763 5852 interius,
1810 5802 1870 5841 το
1916 5803 2045 5868 φως.
2068 5802 2128 5837 το

556 5871 856 5941 ἁν.σπερον
883 5877 1061 5939 vocat,
1100 5871 1281 5925 lumen
1331 5863 1474 5936 quod
1530 5863 1676 5919 nulla
1710 5875 1831 5935 nox
1874 5863 2128 5937 excipiat,

2250 4921 2615 4993 Ἀποκάλυψιν
2653 4919 2682 4973 ό
2734 4918 2986 4990 Ἰωάννης
3034 4916 3393 4990 ἐξηγούμενος
3430 4916 3606 4985 λέγει,
3650 4916 3817 4986 γυνὴ

2237 5010 2706 5082 περιϐεϐλημένη
2743 5010 2851 5065 τὸν
2896 5010 3101 5079 ἣλιον·
3149 5010 3249 5064 καὶ
3288 5011 3326 5077 ἠ
3374 5006 3609 5075 σελήνη
3657 5010 3822 5062 ὐπο-

2237 5103 2394 5158 κὰτω
2423 5101 2544 5157 τῶν
2584 5101 2783 5156 ποδῶν
2829 5099 3053 5169 αὐτῆς·
3099 5099 3197 5154 καὶ
3234 5097 3332 5152 ἐπί
3380 5095 3503 5166 τῆς-
3538 5096 3829 5165 κεφαλῆς

2236 5193 2424 5263 αὐτῆς
2452 5194 2752 5264 στέφανος
2773 5192 3040 5261 ἀστέρων
3081 5190 3335 5244 δώδεκα·
3369 5188 3467 5243 xui
3498 5187 3569 5241 ἐν
3594 5189 3825 5257 γαστρὶ

2236 5283 2469 5354 ἔχουσα
2522 5283 2714 5354 κράζει
2753 5284 3054 5338 ὠδίνουσα
3093 5280 3192 5336 καὶ
3230 5277 3675 5347 ,ϐασανιζομένη
3719 5295 3830 5332 τε-

2238 5377 2387 5432 κεῖν.
2430 5375 2543 5432 Καὶ
2588 5375 2753 5446 ὤφθη
2802 5375 2958 5429 ἄλλο
3005 5372 3256 5444 σημεῖον
3297 5372 3366 5426 ἐν
3411 5370 3496 5439 τῷ
3539 5367 3826 5437 οὐρανῷ·

2238 5643 2421 5698 nullus
2462 5656 2693 5697 occasus
2736 5640 3081 5709 exstinguat;
3114 5651 3214 5709 nec
3243 5651 3304 5691 re
3332 5633 3415 5709 sic
3449 5636 3597 5692 clara
3633 5638 3833 5707 potuit

2237 5714 2418 5770 doceri
2449 5712 2750 5775 Possinius,
2782 5719 2841 5765 ut
2883 5708 3292 5765 inaccessibilem
3321 5708 3487 5761 lucem
3513 5721 3671 5775 suam
3701 5723 3827 5767 me.

2238 5785 2362 5841 liori
2400 5784 2505 5839 alia
2530 5798 2663 5841 voce
2701 5770 2887 5854 reique
2916 5779 3183 5855 apposita,
3213 5785 3465 5834 mutaret.
3504 5770 3822 5843 τΟΟΙΒῑιτιδ.
