4056 6302
261 362 368 421 tts
484 326 491 331 id

1347 369 1732 428 CONVIVIUM
1768 367 2017 426 DECEM‘
2045 363 2406 422 VIRGINUM.

3405 361 3509 416 146

256 478 355 531 καὶ
401 476 528 532 ίδοὺ
569 477 806 548 δράκων
849 479 1075 551 πυέρὸς
1115 481 1324 552 μέγας,
1368 482 1526 554 ἔχων
1567 486 1793 554 κεεραλὰ

1892 506 1904 544 ι
1936 487 2159 547 septem;
2188 484 2237 529 et
2266 475 2438 530 cauda
2461 492 2561 531 sua
2586 476 2824 531 trahebat
2848 475 3054 530 tertiam
3084 483 3289 546 partem
3327 474 3510 528 stella’

254 567 407 625 ἐσττά
434 570 532 625 καὶ
563 569 783 640 κέρατα
811 570 978 637 δέκα,
1017 573 1117 626 καί
1149 574 1250 627 ἐπὶ
1281 575 1387 642 τὰς
1422 576 1691 645 κεφαλὰς
1720 577 1829 629 αὐ-

174 678 178 682 ‘
251 659 364 715 τοῦ
393 661 544 717 ἑπτὰ
569 661 928 733 διαδήμαται
975 664 1075 720 καὶ
1105 666 1144 735 ἠ
1174 667 1323 732 οὐρὰ
1348 667 1533 723 αὑτοῦ
1564 667 1734 736 σύρει
1760 666 1829 721 τὸ

250 752 459 819 τριτον
503 754 686 824 μέρος
738 753 859 809 τῶν
915 755 1185 825 ἀστέρων
1228 757 1335 812 τοῦ
1388 756 1650 825 ούρανοῦ
1671 793 1687 818 ,
1727 757 1826 812 καί

247 836 474 896 ἔϐαλεν
503 841 725 908 αὐτοὺς
745 844 831 909 είς
862 841 977 911 τὴν
1000 842 1119 914 γῆν
1137 860 1151 874 ·
1181 843 1280 897 καὶ
1313 846 1347 898 ό
1380 844 1615 913 δράκων
1649 844 1827 913 ἕστη-

252 946 365 986 κεν
407 931 662 988 ἐνώπιον
699 931 808 1001 τῆς
835 935 1121 1005 γυναικὸς
1145 932 1253 1004 τῆς
1276 939 1633 1006 μελλούσης
1664 938 1827 992 ἐκτε-

251 1024 405 1089 κεῖν,
430 1026 532 1079 ἵνα
561 1024 706 1079 ὅταν
732 1025 899 1096 τέκῃ,
930 1027 998 1081 τὸ
1032 1027 1247 1083 τέκνον
1273 1028 1463 1098 αὐτῆς
1490 1030 1822 1100 καταφάγῃ.

248 1114 361 1170 Kal
403 1113 610 1168 ἔτεκεν
654 1114 790 1169 υἱὸν
831 1115 1087 1184 ἄρσενα,
1128 1116 1197 1183 ὃς
1230 1119 1442 1189 μέλλει
1489 1124 1826 1192 ποιμαίνειν

250 1201 454 1258 πάντα
477 1200 567 1257 ’τὰ
611 1204 752 1272 ἔθνη
792 1205 862 1259 ἐν
904 1204 1105 1274 ῥάϐδῳ
1155 1208 1403 1279 σιδηρᾷο
1448 1212 1547 1265 καὶ
1584 1212 1822 1283 ἡρπάγη

254 1293 323 1347 τὸ
363 1293 581 1348 τέκνον
626 1295 816 1364 αὐτῆς
861 1298 1010 1366 πρὸς
1037 1299 1144 1355 τὸν
1188 1302 1357 1366 Θεὸν,
1388 1304 1486 1357 καὶ
1526 1304 1678 1375 πρὸς
1714 1303 1824 1359 τὸν

247 1390 469 1453 θρόνον
501 1387 715 1441 αὐτοῦ·
755 1389 853 1444 καὶ
889 1392 928 1459 ἡ
965 1393 1120 1461 γυνὴ
1155 1393 1378 1464 ἔφυγεν
1415 1399 1503 1462 εἰς
1533 1395 1650 1464 τὴν
1684 1397 1822 1465 ἕρη-

240 1493 380 1545 μον,
406 1478 557 1531 ὅπου
577 1479 700 1547 ἔχει
734 1480 863 1533 ἐκεῖ
879 1482 1066 1536 τόπον
1085 1484 1529 1556 ἡτοιμασμένον
1554 1486 1669 1541 ὐπὸ
1710 1485 1819 1541 τοῦ

246 1569 420 1635 Θεοῦ,
445 1570 543 1624 ἵνα
561 1570 691 1625 ἐκεῖ
710 1571 1005 1643 τρέφωσιν
1022 1575 1131 1648 (15)
1154 1577 1350 1647 αὐτὴν
1376 1580 1599 1650 ἡμέρας
1619 1579 1818 1650 χιλίας

243 1657 554 1727 διακοσίας
583 1661 901 1729 ἐξήκοντα.
934 1665 1014 1720 Τὰ
1059 1668 1157 1738 μὲν
1202 1666 1297 1724 οὖν
1331 1672 1460 1743 περὶ
1490 1672 1590 1744 τῆς
1629 1689 1817 1741 γυναι-

241 1753 343 1819 κὸς
376 1755 723 1827 ἱστορούμενα
760 1759 854 1813 καὶ
884 1758 979 1812 τοῦ
1007 1760 1317 1834 δράκοντος,
1353 1765 1438 1829 ὡς,
1468 1767 1527 1822 ἐν
1557 1767 1819 1838 ἐπιτομῇ,

1934 585 2050 622 rum
2073 566 2212 631 caeli,
2239 575 2290 621 et
2317 567 2463 621 misit
2479 582 2567 622 eas
2604 568 2656 621 in
2693 579 2888 622 terram
2910 582 2929 621 :
2957 577 3008 623 et
3033 566 3194 622 draco
3217 567 3360 622 stetit
3385 574 3508 620 ante

1932 658 2197 713 mulierem
2225 675 2341 729 qua:
2367 667 2484 712 erat
2511 659 2757 728 paritura
2785 701 2801 724 ,
2839 669 2896 714 ut
2922 677 3039 714 cum
3067 660 3382 729 peperisset,
3438 661 3507 727 ﬁ-

1928 750 2058 804 lium
2075 749 2190 813 eius
2213 754 2504 805 devoraret.
2544 750 2613 804 Et
2636 752 2832 821 peperit
2855 752 3030 822 ﬁlium
3057 752 3376 815 masculum,
3413 751 3505 820 qui

1929 856 2165 900 recturus
2205 854 2319 899 erat
2350 861 2527 899 omnes
2565 853 2738 916 gentes
2784 845 2840 899 in
2887 845 3031 916 virga
3083 844 3253 914 ferrea
3286 860 3304 897 .'
3334 852 3384 897 et
3412 860 3503 896 ra-

1927 947 2047 1007 ptus
2074 945 2153 990 est
2178 936 2325 1006 ﬁlius
2354 936 2469 1005 ejus
2499 934 2568 989 ad
2598 935 2765 990 Deum
2791 945 2842 991 et
2880 937 2949 990 ad
2983 936 3227 991 thronum
3258 936 3405 1007 ejus:
3445 947 3496 991 et

1926 1030 2116 1085 mulier
2142 1029 2273 1100 fugit
2298 1028 2353 1082 in
2380 1029 2742 1092 solitudinem,
2774 1029 2862 1082 ubi
2890 1028 3114 1083 habebat
3148 1028 3321 1082 locum
3346 1045 3502 1098 para-

1926 1135 2038 1177 tum
2068 1139 2100 1177 a
2124 1122 2250 1186 Deo,
2279 1129 2337 1174 ut
2368 1120 2442 1175 ibi
2468 1129 2695 1190 pascant
2722 1136 2838 1175 eam
2867 1120 3047 1175 diebus
3072 1120 3218 1175 mille
3264 1120 3499 1176 ducentis

1925 1214 2220 1286 sexaginta.
2260 1212 2387 1268 Illac
2438 1212 2512 1267 ibi
2568 1213 2883 1268 summatim
2933 1212 3000 1268 dc
3030 1212 3259 1267 muliere
3289 1218 3343 1266 et
3372 1213 3500 1267 dra-

1923 1321 2078 1362 cone.
2134 1304 2339 1360 llorum
2367 1320 2497 1361 vero
2534 1305 2863 1360 solutionem
2915 1303 3160 1358 nancisci
3208 1304 3500 1374 verbisque

1920 1414 2211 1469 exponere,
2241 1400 2419 1470 majus
2464 1399 2598 1470 quid
2629 1405 2714 1453 est
2747 1412 2912 1468 quam
2943 1412 3042 1468 pro
3082 1404 3270 1452 nostra
3327 1397 3500 1452 facu|~

1920 1498 2050 1546 tate.
2104 1490 2425 1546 Audendum
2484 1501 2702 1553 tamen,
2747 1489 2816 1544 de
2864 1488 2957 1543 illo
3004 1487 3154 1543 fretae
3202 1489 3296 1559 qui
3331 1488 3499 1559 jusSit

1918 1582 2508 1656 scrutari.Scripturas
2553 1583 2620 1636 ⁸ο.
2665 1581 2840 1652 Cujus
2889 1581 3174 1637 sententiae
3206 1581 3254 1636 si
3301 1590 3356 1637 et
3396 1597 3497 1639 vos

1915 1674 2071 1740 estis,
2101 1675 2238 1730 nihil
2260 1676 2488 1732 verebor
2528 1675 2595 1730 ad
2631 1690 2748 1731 rem
2789 1676 3030 1747 aggredi.
3074 1673 3310 1731 Omnino
3348 1677 3495 1731 enim

1917 1767 2240 1839 imoscetis,
2268 1769 2317 1826 si
2363 1770 2692 1841 exquisitam
2722 1769 2842 1840 ejus
2880 1769 2986 1824 loci
3038 1768 3480 1841 intelligentiam,

237 1841 391 1908 τέλος
409 1844 550 1917 ἔχει·
595 1847 724 1918 περὶ
750 1846 808 1903 δὲ
837 1847 941 1902 τοῦ
963 1848 1064 1921 τὴν
1092 1851 1340 1907 ἐπίλυσιν
1370 1853 1549 1909 αὐτῶν
1591 1855 1793 1929 ἀνεύρα

1915 1875 2016 1931 pro
2054 1859 2259 1931 ingenii
2287 1859 2551 1915 tenuitate
2574 1873 2682 1913 non
2711 1858 2845 1915 satis
2868 1858 3088 1929 assequi
3113 1859 3345 1915 valeam.

241 1936 368 1992 σθαι
405 1940 499 1994 καὶ
531 1943 728 2009 εἰπεῖν,
764 1942 1007 2017 μεῖζονῆ
1050 1945 1176 1999 καθ’
1237 1948 1420 2019 ἡμᾶς·
1463 1950 1615 2020 ὅμως
1674 1951 1997 2025 τολμητέον,
2058 1952 2427 2008 πιστεύσασαν
2467 1953 2546 2026 τῷ
2590 1953 2902 2006 κελεύσαντι
2933 1953 3033 2018 τὰς
3071 1954 3291 2026 Γραφὰς
3338 1956 3492 2027 ὲρευ-

228 2032 353 2101 νᾷν.
380 2028 557 2088 Είοῦν
591 2036 685 2089 καὶ
734 2036 884 2107 σφῷν
911 2037 980 2092 τὰ
1024 2039 1292 2113 λεγόμενα
1329 2043 1592 2112 συνδοκεῖ,
1633 2047 1866 2118 χαλεπὸν
1920 2049 2073 2104 οὐδὲν
2116 2050 2218 2122 ἤδη
2274 2048 2604 2103 στείλασθαι.
2657 2048 2882 2111 Πάντως
2928 2048 3041 2121 γὰρ
3094 2048 3488 2120 συγγνώσεσθε,
3542 2034 3558 2050 ’

229 2123 373 2194 πρὸς
430 2124 531 2197 τὴν
577 2125 863 2198 ἀκρίϐειαν
914 2128 1016 2201 τῆς
1063 2131 1287 2206 Γραφῆς
1335 2134 1430 2190 ἐὰν
1468 2136 1545 2209 μὴ
1584 2137 1797 2211 δυνηθῶ
1820 2140 2124 2213 διαρκέσαι.
3442 2138 3449 2143 ’

770 2243 899 2304 ϐυ».
928 2246 1007 2305 ν..
1029 2246 1230 2304 Mulier
1247 2253 1462 2322 pariens
1482 2255 1674 2326 infesto
1701 2255 1950 2341 dracone,
1989 2256 2229 2312 Ecclesia
2257 2275 2272 2313 :
2302 2257 2419 2326 ejus
2447 2257 2620 2313 cultus
2656 2265 2707 2314 et
2736 2260 2931 2328 gratia.

312 2356 382 2409 Ἥ
415 2356 639 2427 ὀφθεῖσα
682 2363 1121 2438 περιϐεϐλημένη
1148 2366 1240 2422 τὸν
1267 2366 1418 2439 ἥλιον
1452 2373 1511 2426 ἐν
1536 2370 1615 2444 τῷ
1646 2372 1811 2446 οὐρα-

332 2448 508 2537 γυνὴ,
529 2451 625 2504 καὶ
661 2455 922 2523 στέφανον
951 2459 1016 2512 ὲκ
1038 2458 1147 2513 τῶν
1177 2460 1420 2536 ἀστέρων
1451 2445 1806 2537 περικειμένη

228 2536 462 2601 δώδεκα,
478 2535 546 2612 ἧς
573 2542 671 2613 τὴν
701 2544 860 2617 ἕδραν
886 2543 1032 2620 εἶχεν
1058 2552 1092 2623 ἡ
1123 2535 1323 2627 σελήνη
1351 2555 1489 2627 πρὸς
1517 2535 1630 2622 τοῖς
1655 2535 1805 2623 ποσὶ,

227 2628 328 2723 καὶ
377 2628 646 2688 ὠδίνουσα
692 2637 787 2691 καὶ
839 2638 1236 2717 βασανιζομένη
1279 2652 1477 2717 τεκεῖν,
1525 2649 1664 2723 αὕτη
1708 2666 1809 2705 κυ-

230 2720 368 2813 ρίως
416 2724 552 2790 ἐστὶ,
600 2726 740 2781 κατά
772 2728 865 2783 τὸν
907 2731 1106 2806 ἀκριϐῆ
1137 2735 1313 2806 λόγον,
1341 2741 1374 2810 ἡ
1407 2741 1593 2813 μήτηρ
1622 2720 1802 2813 ἡμῶν,

227 2805 286 2908 ὦ.
300 2813 578 2908 παρθένοι,
605 2816 835 2890 δύναμίς
860 2839 945 2886 τις
973 2805 1105 2880 οὖσα
1127 2805 1251 2883 καθ’
1278 2805 1482 2904 ἑαυτὴν·
1503 2805 1803 2908 τῶν

225 2904 464 2997 τεκνων’
490 2907 558 2979 ῆν
589 2910 678 2963 ὁτὲ
718 2912 818 2983 μὲν
861 2914 1213 2991 Ἰερουσαλὴμ
1245 2924 1292 2975 οἱ
1326 2904 1621 2997 προφῆται,
1657 2927 1800 2983 κατά

224 2995 324 3067 τὴν
361 2996 579 3067 σύνοψιν
607 2999 716 3054 τῶν
755 2995 1601 3086 ὲπιφερομένων,ὁτὲδὲνύμιρην,
1624 3018 1714 3073 ὁτὲ
1739 3015 1809 3077 δὲ,

224 3086 532 3181 ξιὼν-ϐρος,
564 3091 653 3145 ὁτὲ
681 3092 737 3148 δὲ
766 3094 892 3148 ναὸν
922 3098 1013 3150 καὶ
1039 3104 1244 3173 σκηνὴν
1275 3103 1408 3158 Θεοῦ
1438 3107 1790 3181 κεκλήκασιν.

1913 2373 1953 2444 ς
1988 2372 2119 2439 Quae
2146 2371 2396 2443 apparuit
2429 2371 2482 2426 in
2507 2372 2649 2427 caelo
2676 2372 2873 2426 amicta
2900 2370 3014 2426 sole
3044 2371 3241 2426 mulier
3261 2412 3275 2434 ,
3318 2381 3482 2427 eteo.

1914 2477 2104 2517 ronam
2149 2462 2359 2519 habens
2407 2464 2688 2520 stellarum
2722 2462 3010 2519 duodecim
3032 2502 3047 2527 ,
3082 2462 3170 2516 cui
3205 2464 3270 2516 ad
3320 2464 3484 2532 pedes

1915 2554 2043 2609 luna
2075 2554 2342 2618 subsidet,
2367 2569 2489 2626 quae
2526 2555 2761 2625 parturit
2786 2564 2842 2611 et
2863 2554 3144 2610 cruciatur
3182 2554 3481 2624 utpariat,

1913 2648 2030 2718 ipsa
2060 2647 2277 2718 proprie
2297 2654 2404 2713 est,
2438 2655 2629 2704 exacta
2668 2648 2781 2704 veri
2823 2647 3039 2704 ratione
3077 2661 3143 2702 ac
3177 2647 3484 2724 intelligen-
3563 2708 3595 2722 ἡ,
3686 2683 3701 2697 ρ

1908 2740 2009 2805 tia,
2040 2754 2075 2795 ο
2104 2738 2362 2811 virgines,
2405 2748 2580 2796 mater
2611 2748 2799 2797 nostra
2820 2781 2835 2805 ,
2877 2754 3075 2811 nempe
3101 2740 3279 2796 virtus
3333 2756 3483 2810 qua:-

1907 2831 2035 2887 dam
2058 2833 2113 2888 in
2137 2848 2197 2890 se
2226 2832 2345 2904 ipsa
2378 2848 2444 2888 ac
2470 2848 2598 2890 vere
2625 2834 2901 2890 exsistens
2932 2847 2963 2888 a
3002 2831 3130 2887 ﬁliis
3168 2832 3431 2889 distincta
3462 2853 3477 2889 :
3522 2870 3527 2876 -

1904 2938 2068 2996 quam
2100 2926 2392 2997 prophetae,
2412 2940 2513 2996 pro
2534 2933 2830 2996 conspectu
2854 2939 2919 2980 ac
2947 2932 3267 2997 argumento
3287 2940 3479 2982 eorum

1904 3031 2025 3086 qua:
2052 3016 2321 3083 feruntur,
2348 3016 2675 3089 quandoque
2689 3016 2909 3088 quidem
2928 3014 3267 3071 Hierusalem
3290 3016 3479 3087 appel-

1900 3107 2337 3174 lant,,interdum
2365 3123 2496 3164 vero
2521 3107 2810 3179 Sponsam,
2833 3106 3127 3178 aliquando
3158 3105 3290 3161 Sion
3319 3121 3476 3162 mon-

232 3178 299 3274 ᾚ
320 3179 431 3253 γάρ
454 3185 866 3274 παρωρμημένη
890 3186 1218 3256 φωτίζεσθαι
1238 3194 1466 3268 δύναμις
1484 3199 1543 3252 ὲν
1564 3178 1642 3271 τῷ
1669 3218 1793 3274 προ-

1898 3210 2002 3255 tem
2024 3243 2039 3268 ,
2080 3215 2473 3272 nonnunquam
2515 3178 2777 3271 templum
2809 3207 2864 3254 et
2894 3198 3312 3255 tabernaculum
3352 3197 3467 3254 Dei.

220 3270 384 3343 φήτῃρ
428 3271 714 3339 Φωτίζου,
753 3279 1086 3349 κεκραγότος
1127 3284 1263 3355 αὐτῇ
1305 3286 1399 3340 τοῦ
1448 3270 1793 3361 Πνεύματος,

229 3362 644 3435 Ἰερουσαλήμ·
684 3367 814 3435 ἣκει
852 3369 963 3439 γάρ
996 3390 1113 3428 σου
1149 3375 1216 3429 τὸ
1252 3376 1400 3446 φῶς,
1433 3381 1531 3435 καὶ
1569 3383 1609 3451 ἠ
1643 3382 1796 3449 δόξα

214 3456 436 3525 Κυρίου
461 3458 564 3513 ἐπὶ
601 3459 677 3514 σὲ
710 3463 1141 3521 ἀνατέταλκεν.
1185 3469 1353 3525 Ἰδοὺ.
1380 3476 1643 3544 καλύψει
1680 3477 1791 3549 (16)

212 3549 437 3637 σκότος
473 3551 575 3607 καὶ
608 3553 833 3623 γνόφος
869 3554 1014 3626 γῆνο
1052 3561 1312 3630 καλύψει
1341 3563 1435 3617 ἐπ’
1474 3566 1655 3637 ἔθνη·
1693 3570 1791 3625 ἐπὶ

211 3636 280 3690 δὲ
311 3639 388 3693 σὲ
424 3641 760 3710 φανήσεται
787 3648 1020 3717 Κύριος,
1052 3651 1153 3705 καὶ
1179 3654 1218 3722 ἡ
1253 3653 1406 3721 δόξα
1439 3636 1662 3728 Κυρίου
1690 3661 1791 3717 ἐπὶ

209 3728 286 3781 σὲ
315 3731 664 3800 ὀφθήσεται.
694 3737 804 3790 Kal
824 3741 1221 3807 πορεύσονται
1240 3745 1521 3815 ,ϐασιλεῖς
1544 3749 1625 3817 τῷ
1643 3754 1790 3822 πυρί

210 3839 348 3887 σου,
389 3823 486 3877 καὶ
527 3822 674 3894 ἔθνη
706 3826 784 3896 τῇ
822 3833 1194 3900 λαμπρότητι
1237 3851 1376 3893 σου.
1421 3838 1788 3912 Ἀνάϐλεψον

206 3916 410 3984 κύκλῳ
449 3916 578 3984 τοῖς
625 3919 953 3991 ὀφθαλμοῖς
994 3939 1131 3991 σου,
1174 3926 1272 3981 καί
1309 3928 1400 3984 ἴδε
1436 3935 1791 4006 συνηγμένα

204 4007 277 4065 τὰ
299 4007 480 4063 τέκνα
511 4024 653 4065 σου.
686 4011 907 4067 "Hilam
933 4014 1156 4085 πάντες
1185 4023 1237 4075 οί
1272 4023 1394 4078 υἱοί
1419 4039 1537 4080 σου
1564 4031 1784 4099 μακρό-

204 4102 327 4164 θεν,
366 4100 465 4154 καὶ
501 4103 562 4155 αἱ
607 4104 928 4174 θυγατέρες
971 4122 1090 4162 σου
1128 4109 1222 4162 ἐπ’
1262 4111 1437 4184 ὤμων
1481 4117 1780 4187 ἀρθήσον-

356 4189 500 4284 ἐστιν
532 4195 565 4266 ή
613 4193 928 4268 Ἐκκλησία,
958 4192 1029 4270 ἦς
1060 4198 1127 4254 τά
1160 4199 1325 4258 τέκνα
1358 4209 1619 4263 πασσυδεὶ
1659 4212 1780 4284 ἥξει

202 4281 342 4375 μετά
385 4283 484 4357 τὴν
527 4285 848 4354 ἀνάστασιν,
892 4289 1159 4346 πάντοθεν
1203 4294 1342 4366 πρὸς
1393 4299 1565 4375 αὐτὴν
1611 4281 1779 4358 κατα-

201 4374 416 4470 θέοντα,
451 4379 584 4452 αὐτῇ
612 4394 626 4408 ·
673 4379 936 4455 δεχομένη
982 4401 1043 4438 τε
1093 4387 1156 4441 τὸ
1204 4389 1321 4461 φῶς
1361 4392 1423 4445 τὸ
1451 4394 1772 4470 ἀνέσπερον,

197 4466 296 4559 τὴν
321 4467 680 4544 λαμπρότητα
719 4473 909 4547 στολῆς
941 4476 1177 4549 σχήματι
1213 4466 1785 4559 περιϐεϐλημένη-τοῦ

1896 3292 2033 3348 Nam
2071 3306 2196 3364 quae
2231 3293 2406 3349 virtus
2443 3291 2629 3348 studet
2667 3292 2928 3363 cupitque
2966 3290 3266 3346 illuminari
3323 3292 3468 3362 apud

1895 3384 2239 3454 propinatum,
2270 3385 2543 3441 clamante
2571 3383 2639 3440 ad
2664 3398 2782 3439 eam
2817 3382 3024 3456 Spiritu
3044 3382 3466 3449 “,lltuminare,

1891 3475 2219 3540 illuminare,
2260 3475 2617 3543 Hierusalem,
2647 3475 2773 3545 quia
2804 3475 2937 3529 venit
2979 3474 3153 3531 luuten
3188 3484 3335 3528 tuum
3357 3514 3373 3538 ,
3417 3484 3470 3529 et

1889 3568 2063 3636 gloria
2091 3566 2304 3621 Domini
2326 3582 2480 3636 super
2499 3576 2548 3621 te
2574 3576 2692 3620 orta
2712 3577 2811 3622 est.
2839 3566 2973 3621 Ecce
2994 3567 3218 3621 tenebra’
3233 3567 3467 3635 operient

1890 3667 2088 3712 terram
2113 3696 2127 3721 ,
2157 3666 2208 3712 et
2238 3658 2409 3728 caligo
2445 3657 2664 3727 populos
2690 3673 2711 3711 :
2755 3673 2912 3727 super
2956 3667 3007 3713 te
3045 3666 3221 3712 autem
3268 3659 3466 3712 orietur

1888 3747 2147 3805 Dominus
2172 3789 2186 3815 ,
2219 3759 2267 3805 et
2297 3749 2468 3819 gloria
2495 3749 2609 3819 ejus
2650 3750 2706 3803 in
2739 3758 2788 3803 te
2813 3749 3088 3809 videbitur.
3123 3748 3194 3803 Et
3221 3749 3465 3804 ambula-

1887 3841 2014 3896 bunt
2040 3857 2183 3912 reges
2212 3842 2267 3896 in
2297 3841 2493 3897 lumine
2528 3852 2640 3909 tuo,
2671 3852 2721 3899 et
2739 3851 2915 3915 gentes
2941 3843 2997 3898 in
3018 3843 3292 3913 splendore
3313 3854 3461 3907 ortus

1885 3934 1983 3987 tui.
2033 3932 2171 3989 Leva
2202 3936 2257 3988 in
2305 3934 2532 3989 circuitu
2572 3935 2752 3990 oculos
2781 3945 2932 4002 tuos,
2973 3945 3025 3991 et
3060 3936 3175 3992 vide
3215 3953 3234 3992 :
3282 3955 3461 3994 omnes

1882 4023 1975 4077 isti
2003 4027 2305 4096 congregati
2332 4035 2491 4092 sunt;
2523 4036 2768 4081 venerunt
2794 4026 2908 4082 tibi.
2948 4025 3083 4089 Filii
3114 4029 3193 4082 tui
3213 4027 3276 4084 de
3309 4029 3462 4099 longe

1881 4117 2083 4170 venient
2105 4156 2119 4182 ,
2150 4127 2198 4172 et
2215 4118 2343 4188 ﬁlice
2367 4129 2472 4174 tute
2500 4134 2657 4188 super
2679 4119 2925 4174 humeros
2955 4119 3340 4185 sustollentur;
3371 4128 3458 4178 est

1879 4205 2148 4274 Ecclesia,
2185 4210 2344 4280 cujus
2379 4211 2471 4266 lilii
2513 4226 2711 4281 magno
2744 4210 2987 4281 undique
3026 4227 3299 4269 concursu
3331 4220 3455 4284 post

1879 4302 2339 4359 resurrectionem
2376 4302 2677 4369 venientes,
2702 4304 2758 4359 in
2787 4303 2909 4375 ejus
2934 4304 3211 4361 conﬂuent
3244 4306 3449 4362 sinum.

1879 4390 2005 4448 Haec
2029 4393 2311 4458 nimirum,
2343 4405 2624 4467 suscepto,
2658 4396 2803 4467 quod
2847 4397 3058 4452 nullum
3101 4399 3253 4452 novit
3290 4412 3451 4452 occa-

1879 4500 2023 4550 sum,
2064 4486 2289 4552 lumine,
2332 4488 2479 4543 velut
2517 4489 2679 4552 stola,
2726 4486 2889 4543 Verbi
2931 4491 3221 4561 splendore
3259 4491 3449 4545 induta

198 4557 369 4655 t‘kéyou
405 4560 607 4655 ἥδεται.
641 4564 790 4655 ῌοίιρ
818 4566 926 4639 γὰρ
954 4568 1099 4643 ἄλλῳ
1130 4574 1548 4650 τιμαλφεστέρῳ
1579 4557 1769 4654 κόσμῳ

1895 4585 2107 4633 letatur.
2163 4578 2283 4645 Quo
2338 4581 2483 4636 enim
2543 4580 2651 4634 alio
2690 4581 3005 4651 pretiosiori
3058 4583 3450 4655 speciosiorive

196 4643 232 4717 ἢ
270 4649 575 4721 τιμιωτέρῳ
617 4652 718 4724 τὴν
763 4652 1080 4723 βασίλισσαν
1133 4643 1341 4734 ἔπρεπε
1392 4643 1762 4737 κοσμηθεῖσαν

197 4737 693 4812 νυμφαγωγηθῆναι
721 4740 801 4813 τῷ
822 4744 1033 4819 Κυρίῳ,
1062 4748 1177 4819 φῶς
1206 4752 1281 4816 ὡς
1317 4753 1532 4825 ἱμάτιον
1567 4756 1763 4812 λαϐοῦ-

196 4839 328 4921 trav;
369 4825 448 4921 διὸ
488 4830 579 4921 καὶ
628 4833 798 4907 αὐτὴν
832 4836 938 4890 ὑπὸ
981 4838 1075 4893 τοῦ
1119 4842 1333 4915 Πατρὸς
1365 4846 1757 4921 ἀνακληθῆναι.

201 4916 307 5012 Ἴθιε
338 4917 467 5012 γὰρ,
515 4920 780 4980 ἀναϐᾶσαι
816 4926 896 4999 τῷ
940 4929 1117 5004 λόγῳ,
1154 4933 1419 4991 θεάσασθε
1451 4916 1643 5012 ὥσπερ
1661 4939 1761 5006 τὰς

195 5008 356 5104 πρὸς
376 5011 550 5082 γάμον
583 5016 914 5088 παρθένους,
947 5027 1181 5091 γυναῖκα
1214 5027 1456 5099 μεγάλην
1475 5069 1489 5092 ,
1520 5008 1730 5104 καθαρὺ

195 5102 287 5154 καὶ
327 5102 588 5175 ἄχραντον
628 5108 746 5165 ὅλον
791 5114 885 5168 καὶ
929 5117 1157 5188 μόνιμον
1204 5120 1428 5184 κάλλος,
1479 5124 1570 5177 καὶ
1603 5102 1755 5178 οὐδὲν

192 5191 575 5266 ἐλαττούμενον
596 5201 694 5272 τῆς
718 5202 1100 5279 λαμπρότητος
1126 5212 1234 5264 τῶν
1263 5211 1477 5282 φώτων,
1505 5215 1752 5270 ἀποστίλο

256 5533 304 5569 ⁸⁸
339 5535 501 5595 loan.
534 5556 585 5610 ν,
614 5542 701 5598 39.
777 5547 823 5580 ⁸¹
863 5546 978 5603 Ira.
1011 5566 1101 5614 1.x,
1136 5553 1246 5611 ιιι.

1866 4679 2061 4726 ornatu
2092 4679 2364 4743 comptam
2403 4672 2634 4730 decebat
2656 4689 2912 4745 sponsam
2947 4674 3183 4732 Domino
3208 4675 3403 4731 adduci
3427 4716 3443 4739 .

1864 4761 2048 4819 lumen
2080 4764 2223 4820 sicut
2245 4766 2635 4833 vestimentum
2676 4774 2894 4822 nactam
2920 4808 2936 4835 ,
2972 4768 3133 4839 cujus
3163 4776 3218 4826 et
3257 4770 3440 4826 cultus

1863 4856 2038 4928 gratia
2061 4854 2128 4910 ad
2160 4854 2280 4912 Filii
2312 4859 2534 4929 nuptias
2563 4874 2595 4913 a
2626 4856 2790 4915 Patre
2811 4861 3132 4917 vocaretur?
3152 4860 3250 4918 Eia
3272 4864 3439 4935 agite,

1862 4952 2075 5004 ratione
2111 4949 2312 5005 comite
2340 4951 2725 5016 ascendentes,
2761 4948 2907 5010 haud
2944 4969 3105 5011 secus
3135 4970 3200 5010 ac
3245 4958 3440 5027 nuptui

1860 5039 2151 5097 tradendas
2188 5041 2429 5113 virgines
2468 5049 2633 5114 atque
2683 5043 2955 5101 thalamos
3011 5055 3394 5118 exspectantes

1862 5134 2140 5191 mulierem
2188 5151 2438 5208 magnam
2468 5137 2806 5209 conspicile,
2858 5154 3051 5209 puram
3101 5142 3327 5214 undiqui

1861 5225 2123 5281 illibatam
2165 5229 2558 5301 stabilemque,
2600 5246 2705 5288 nec
2741 5232 3041 5305 quidquam
3082 5234 3223 5291 lucis
3264 5251 3321 5288 ra

1726 5343 1752 5354 -
1860 5316 2124 5388 imparem
2163 5319 2465 5376 vibrantem
2506 5316 2969 5394 pulchritudinem
3006 5344 3019 5380 :
3055 5333 3112 5381 et
3151 5342 3252 5397 pro
3292 5335 3351 5381 st-

1730 5436 1753 5451 -
1858 5408 2112 5479 quidem,
2154 5408 2274 5483 ipsa
2312 5411 2434 5471 luce
2472 5413 2724 5474 vestitam
2746 5431 2779 5484 ;,
2801 5429 2903 5491 pro
2939 5414 3213 5487 lapidibus
3249 5422 3352 5469 autr

261 5689 711 5786 gilATpafgcao'w.
739 5700 831 5786 δίο
861 5703 1023 5786 ambo
1054 5708 1409 5786 manuscripti
1442 5722 1493 5786 et
1517 5716 1735 5786 cptimre
1843 5718 2046 5775 Luna.

195 5774 411 5847 niuesque
439 5768 1100 5847 editiones__Apocalypsis
1141 5794 1239 5836 xu.
1274 5768 1353 5847 ϐξ
1375 5768 1734 5843 unde'curri:

195 5830 372 5896 gendte
422 5838 669 5897 videntur
700 5830 807 5899 illa;
840 5830 1731 5923 (1υαῖἸοέυῆέίἐκτρέᾐῲωσινῗυέϐ.

1913 5791 2022 5862 (l6)
2076 5794 2216 5850 Ἰδοὺ
2254 5801 2390 5853 καλ.
2424 5797 2562 5854 Sixt.
2594 5811 2647 5857 et
2673 5804 2849 5864 Alex.,
2889 5798 3018 5853 Ἰδοὺ
3045 5794 3233 5863 σκότος
3261 5800 3386 5857 καὶ..

1841 5861 1929 5933 835'-
1953 5865 2054 5934 γῆν
2093 5867 2185 5921 καὶ
2233 5870 2429 5939 γνόφος
2479 5871 2566 5923 ἐπ’
2601 5873 2747 5943 ἔθνη.
2778 5861 2963 5927 Clu..-
