4056 6302
565 369 673 427 m
1576 368 1632 426 s.
1673 351 2001 426 Heracon
2038 368 2346 427 EPISCOPI
2385 369 2471 424 er
2512 366 2869 425 MARTYRIS
3708 363 3827 420 us

567 484 848 558 pretiosis,
881 484 1290 556 Splendentibus
1320 484 1492 540 stellis
1523 484 1730 539 circum
1761 491 1924 554 caput
1964 498 2123 537 orna-

2237 483 2408 556 φαλὴν
2461 468 2896 554 κεκοσμημένην.
2961 482 3025 533 Ὃ
3076 480 3182 551 γὰρ
3231 480 3362 550 ἡμῖν
3404 478 3597 551 ἐσθὴς,
3648 479 3821 567 τοῦτο

571 589 703 631 tam.
765 576 919 642 Quod
947 577 1090 631 enim
1133 578 1293 632 nobis
1359 577 1560 640 vestis,
1601 576 1705 630 hoc
1764 577 1843 630 illi
1894 577 2021 644 lux;
2079 583 2123 631 el

2236 577 2419 647 ἐκείνῃ
2459 576 2606 644 φῶς·
2647 576 2675 627 ὂ
2719 575 2777 627 δὲ
2813 577 2945 645 ἡμῖν
2991 573 3188 645 χρυσὸς
3236 574 3268 644 ἢ
3322 574 3602 642 διαφανεῖς
3645 572 3817 638 λίθοι,

567 669 713 739 quod
739 668 894 723 nobis
924 683 1116 722 aurum
1143 675 1237 722 aut
1266 666 1520 737 pellucidi
1555 666 1744 736 lapilli,
1779 667 1882 722 hoc
1902 668 1980 721 illi
2010 668 2134 722 stel-

567 758 650 813 lin.
678 756 857 812 Stella:
881 772 1011 817 vero
1042 773 1153 811 non
1178 757 1427 827 vulgares
1456 756 1561 810 illae
1586 772 1708 827 quae
1734 756 1788 809 in
1812 757 2130 826 aspectabili

563 851 683 907 sitae
710 857 835 905 sunt
868 850 1009 914 loco,
1049 849 1140 903 sed
1178 849 1295 903 alia:
1324 848 1569 920 quaedam
1623 849 1866 919 potiores
1897 847 2128 902 lucidio-

564 957 790 1013 resque,
825 942 960 996 adeo
995 952 1051 995 ut
1091 942 1170 995 hae
1205 956 1338 1012 quas
1374 939 1674 1004 cernimus,
1699 938 1835 993 nihil
1865 939 1970 993 nisi
2009 939 2129 993 illa-

563 1047 684 1088 rum
727 1032 883 1102 picta:
922 1032 1183 1102 imagines
1223 1046 1284 1085 ac
1327 1028 1646 1100 imperfecta
1689 1030 1981 1085 simulacra
2009 1045 2130 1086 esse

561 1123 869 1178 videantur.
1216 1140 1219 1143 ‘

2234 665 2392 718 τοῦτο
2421 666 2600 736 ἐκείνῃ
2640 664 2707 718 τὰ
2744 666 2917 735 άστρα
2936 682 2949 695 ·
2986 664 3161 736 ἄστρα
3193 665 3270 728 δὲ,
3301 665 3399 735 οὐχ
3439 667 3600 717 ὁποῖα
3629 664 3817 718 ταῦτα

2232 759 2300 812 τὰ
2331 762 2388 813 ἐν
2426 758 2502 829 τῷ
2537 758 2717 829 ὁρατῷ
2750 759 2977 829 κείμενα
3027 757 3198 828 τόπῳ,
3245 758 3381 813 ἀλλά
3417 775 3537 811 τινα
3569 758 3819 828 κρείττω

2236 853 2330 904 καὶ
2357 852 2760 923 εὐφεγγέστερα
2779 869 2792 879 ·
2824 850 2964 904 ὥστε
2992 850 3205 914 εἰκόνας
3233 852 3454 905 ἐκείνων
3484 850 3691 921 μᾶλλον
3723 866 3818 904 νο-

2241 942 2491 1011 μίζεσθαι
2526 943 2700 999 ταῦτα
2724 944 2818 997 καὶ
2849 943 3256 1014 ἀπεικάσματα.

556 1241 690 1297 Car.
739 1240 828 1296 Vl.
874 1240 1121 1295 Ecclesia:
1155 1257 1337 1310 opera,
1379 1241 1616 1310 ﬁliorum
1661 1242 1716 1295 in
1766 1240 2022 1309 baptismo
2078 1241 2402 1325 parturitio.‘
2444 1238 2595 1294 Luna
2638 1241 2693 1294 in
2737 1242 3038 1309 baptismo:
3077 1239 3421 1308 plenilunium
3445 1236 3649 1293 Christi
3681 1255 3819 1308 pas-

2105 1330 2291 1368 ειοηιδ.

629 1403 748 1459 Jam
772 1405 915 1459 luna:
929 1405 1124 1460 mulier
1152 1406 1406 1460 insistere
1433 1407 1651 1462 dicitur.
1676 1407 1840 1462 Lunae
1861 1409 2124 1479 symbolo,

561 1499 807 1562 illorum,
840 1498 895 1551 ni
921 1496 1098 1561 fallor,
1133 1497 1412 1567 designata
1449 1498 1572 1566 ﬁde,
1601 1500 1693 1569 qui
1734 1515 1829 1568 per
1854 1501 2126 1553 lavacrum

562 1605 594 1643 a
626 1588 976 1658 corruptione
1006 1588 1373 1644 mundantur:
1411 1599 1695 1660 propterea
1723 1590 1867 1660 quod
1891 1591 2010 1659 ejus
2036 1593 2120 1644 lu-

562 1696 689 1736 men
732 1694 884 1749 aqua:
922 1679 1113 1748 tepida:
1152 1696 1319 1750 prope
1379 1682 1534 1737 aliine
1568 1682 1837 1747 videatur,
1876 1683 2129 1754 quodque

2303 1407 2598 1477 Βεϐηκέναι
2620 1405 2680 1459 τε
2709 1407 2802 1459 ἐπὶ
2836 1407 3084 1479 σελήνην,
3126 1405 3202 1469 ὡς
3235 1403 3498 1475 ἡγοῦμαι,
3524 1405 3817 1475 τροπικῶς

2228 1501 2327 1570 τὴν
2369 1500 2550 1553 πίστιν
2598 1498 2704 1550 τῶν
2754 1496 3272 1568 άποκαθαιρομένων
3317 1495 3416 1565 τὴν
3458 1495 3669 1566 φθορὰν
3737 1494 3819 1565 τῷ

2228 1592 2437 1665 λουτρῷ
2479 1592 2674 1660 λέγων,
2719 1591 2806 1644 δια
2847 1590 2907 1643 τὸ
2959 1588 3337 1661 προσεοικέναι
3383 1587 3444 1640 τὸ
3486 1587 3604 1656 φῶς
3637 1588 3817 1657 αὐτῆς

2233 1684 2434 1755 μᾶλλον
2468 1682 2618 1736 ὕδατι
2648 1680 2877 1753 χλιαρῷ,
2908 1681 3003 1733 καὶ
3035 1682 3212 1734 πᾶσαν
3242 1678 3299 1746 ἐξ
3332 1680 3502 1750 αὐτῆς
3531 1680 3814 1749 ἠρτῆσθαι

562 1786 631 1823 cx
668 1772 793 1824 luna
836 1770 1055 1825 humida
1096 1771 1274 1826 omnis
1317 1772 1621 1826 substantia
1662 1770 1909 1841 pendeat.
1955 1771 2123 1841 Super

2228 1773 2328 1842 τὴν
2364 1771 2537 1842 ὑγρὰν
2565 1769 2771 1824 οὐσίαν.
2827 1770 3155 1839 Ἐφέστηκεν
3193 1765 3285 1823 οὖν
3317 1769 3411 1821 ἐπὶ
3438 1769 3537 1838 τῆς
3567 1770 3815 1834 πίστεως

562 1863 747 1917 lunam
776 1863 958 1933 itaque
979 1871 1289 1934 sortemque
1313 1870 1552 1917 nostram
1581 1878 1644 1917 ac
1676 1864 1997 1918 electionem
2022 1872 2123 1918 stat

2234 1863 2328 1916 καὶ
2367 1861 2719 1933 προσλήψεως
2760 1859 2915 1931 ήμῶν
2956 1859 3121 1929 (17)ή
3176 1859 3488 1929 Ἐκκλησία,
3518 1859 3664 1912 κατὰ
3712 1860 3813 1931 τὴν

561 1952 827 2019 Ecclesia,
864 1970 963 2025 pro
991 1955 1133 2009 lunre
1163 1956 1316 2026 quasi
1341 1962 1654 2025 conspectu,
1690 1956 1908 2011 interim
1941 1965 2128 2027 partu-

558 2046 710 2101 riens
739 2047 918 2116 quoad
959 2047 1246 2103 intraverit
1276 2049 1554 2119 plenitudo
1592 2050 1870 2119 gentium,
1913 2065 1977 2105 ac
2016 2051 2129 2105 ani-

556 2139 726 2193 males
766 2139 822 2193 in
853 2139 1130 2209 spiritales
1163 2156 1527 2212 regenerans;
1559 2157 1669 2213 quo
1708 2142 1829 2213 ipso
1863 2152 1916 2198 et
1954 2154 2128 2199 mater

556 2240 659 2286 est.
697 2230 763 2286 Ut
791 2233 935 2286 enim
969 2235 1183 2297 mulier,
1221 2234 1438 2289 informi
1463 2235 1564 2288 viri
1593 2242 1850 2304 suscepto
1880 2236 2123 2300 semine,

554 2327 708 2373 certo
762 2322 1030 2375 mensium
1067 2324 1198 2377 orbe
1239 2326 1509 2393 integrum
1564 2323 1839 2380 hominem
1893 2327 2128 2396 concipit

554 2419 825 2482 partuque
854 2402 1111 2479 effundit,
1150 2414 1402 2471 similiter
1431 2422 1488 2469 et
1518 2416 1643 2485 quis
1685 2416 1886 2472 dixerit
1911 2433 2005 2474 eos
2033 2419 2126 2489 qui

555 2503 624 2557 ad
668 2503 904 2559 Verbum
955 2505 1303 2577 confugiant,
1355 2507 1615 2564 Ecclesia:
1674 2519 1830 2566 utero
1868 2513 2127 2566 continue

555 2598 949 2667 concipiendos
987 2611 1041 2654 et
1073 2600 1139 2653 ad
1178 2600 1385 2656 Christi
1425 2603 1840 2660 similitudinem
1874 2604 2127 2660 formam-

554 2703 664 2756 que
689 2688 1021 2757 ellingendos
1054 2692 1220 2745 certis
1272 2700 1576 2763 temporum
1612 2695 1883 2764 periodis,
1942 2696 2127 2751 beato-

553 2776 679 2834 rum
708 2781 923 2834 illorum
947 2784 1269 2837 saeculorum
1290 2783 1439 2841 cives
1455 2787 1725 2855 praestari.
1751 2786 1931 2854 Quare
1949 2799 2126 2844 astare

554 2873 704 2927 illam
734 2874 950 2928 lavacro
988 2889 1215 2930 necesse
1244 2888 1328 2931 est
1348 2916 1363 2941 ,
1395 2891 1490 2934 eos
1518 2889 1866 2950 generantem
1898 2881 1991 2951 qui
2032 2881 2126 2937 illo

554 2965 922 3036 intinguntur.
990 2964 1104 3021 Hoc
1141 2967 1284 3021 enim
1324 2969 1487 3023 modo
1524 2977 1578 3024 et
1613 2971 1807 3043 σελήνη
1850 2971 1869 3041 (
1902 2972 2006 3027 hoc
2043 2981 2127 3030 est

557 3055 708 3127 luna)
741 3064 968 3113 vocatur
995 3073 1059 3114 ea
1089 3075 1252 3131 quam
1276 3060 1422 3116 circa
1446 3062 1722 3117 lavacrum
1761 3064 1971 3120 obtinet
2008 3065 2122 3132 vis,

554 3149 815 3219 quoniam
846 3149 961 3204 νέον
987 3151 1149 3216 σέλας
1171 3152 1380 3223 (novum
1399 3152 1611 3209 scilicet
1631 3153 1816 3227 jubar)
1854 3156 2120 3222 renovati,
2151 3194 2194 3253 ϐ

554 3243 650 3311 qui
680 3250 1068 3313 rcgenerantur
1101 3244 1228 3315 (hoc
1256 3252 1361 3312 est,
1392 3263 1578 3301 novam
1614 3247 1810 3320 lucem)
1839 3257 2116 3319 spargunt.

556 3330 712 3388 Unde
744 3342 799 3389 et
824 3332 1170 3402 νεοφώτιστοι
1202 3333 1402 3405 (recens
1435 3335 1645 3391 scilicet
1674 3335 1989 3410 illuminati)
2026 3351 2124 3408 per

547 3427 842 3496 Quamdam
907 3426 1449 3483 circumlocutionem
1516 3436 1780 3483 vocantur
1828 3448 1842 3483 :
1884 3444 1992 3500 qua
2041 3430 2124 3484 ni-

548 3518 751 3573 :iirum
799 3517 1044 3589 spiritale
1071 3518 1180 3574 illis
1212 3518 1570 3589 plenilunium
1629 3520 1930 3576 secundum
1991 3537 2124 3593 pas-

553 3609 731 3665 sionis
770 3609 1055 3680 periodum
1095 3624 1159 3665 ac
1200 3611 1631 3666 recordationem
1673 3626 1886 3683 semper
1922 3627 2124 3667 novum

544 3702 800 3769 exhibet,
831 3702 1010 3775 quoad
1039 3709 1094 3758 et
1121 3701 1424 3773 perfectum
1453 3704 1636 3759 lumen
1675 3719 1886 3776 magna;
1906 3704 2014 3761 diei
2046 3704 2124 3759 illi

546 3796 782 3850 oriatur.

2233 1956 2331 2025 τῆς
2370 1953 2597 2025 σελήνης
2631 1952 2871 2022 σύνοψιν,
2917 1952 3183 2022 μέχριπερ
3213 1950 3278 2004 ἂν
3320 1951 3536 2024 εἰσέλθῃ
3569 1953 3634 2004 τὺ
3679 1952 3814 2023 πλή-

2237 2048 2401 2117 ρωμα
2438 2046 2545 2099 τῶν
2593 2045 2790 2108 ἐθνῶν,
2838 2045 3099 2098 ὠδίνουσα
3136 2046 3230 2097 καὶ
3282 2044 3633 2112 ἀναγεννῶσα
3678 2046 3813 2111 toil;

2232 2138 2492 2209 ψυχικοὺς
2518 2139 2599 2200 είς
2625 2134 3026 2206 πνευματικούς
3046 2152 3058 2165 ·
3094 2134 3214 2188 καθ’
3237 2134 3296 2187 ὃν
3313 2134 3470 2203 λόγον
3492 2135 3588 2187 καὶ
3623 2137 3811 2208 μήτηρ

2234 2229 2398 2283 ἐστίν.
2433 2229 2642 2300 ’Ὥσπερ
2670 2228 2780 2299 γὰρ
2826 2227 3033 2297 σποράν
3074 2227 3265 2299 ἀνδρὸς
3304 2228 3632 2299 ἀμόρφωτον
3670 2231 3808 2284 ὑπο-

2231 2320 2496 2393 δεξαμένη
2534 2322 2691 2393 γυνὴ,
2733 2321 2999 2393 περιόδοις
3039 2319 3240 2392 χρόνων
3271 2320 3553 2390 ἄνθρωπον
3579 2321 3807 2391 ὁλόκλητ

2237 2430 2325 2483 ρον
2360 2412 2589 2465 άποκύει
2609 2430 2622 2442 ·
2655 2412 2828 2485 ταύτῃ
2865 2412 2930 2483 δὴ
2963 2413 3056 2465 καὶ¹
3088 2412 3212 2475 τοὺς
3255 2411 3701 2483 προσφεύγοντας
3732 2414 3807 2483 τῷ

2232 2505 2409 2576 Λόγῳ,
2437 2506 2659 2576 φήσειεν
2698 2504 2763 2560 ἄν
2787 2522 2893 2569 τις,
2929 2504 3292 2581 συλλαϐοῦσαν
3325 2506 3412 2559 ἀεὶ
3441 2505 3540 2577 τὴν
3578 2507 3807 2577 Ἐκκληο

2234 2597 2373 2662 σίαν,
2408 2599 2503 2651 καὶ
2529 2597 2629 2668 τὴν
2672 2597 2793 2651 καθ’
2833 2597 3089 2668 ὁμοίωσιν
3125 2597 3268 2651 ἰδέαν
3303 2598 3500 2674 alb-toi);
3544 2600 3643 2652 καὶ
3674 2600 3806 2672 μόρ-

2232 2707 2402 2759 φωσιν
2433 2689 2743 2762 μορφοῦσαν
2774 2690 2866 2743 τοῦ
2896 2689 3154 2761 Χριστοῦ,
3183 2689 3451 2761 περιόδοις
3475 2691 3688 2762 χρόνων
3708 2708 3804 2744 πο-

2230 2779 2379 2843 λίτας
2420 2781 2702 2852 μακαρίων
2735 2781 2956 2833 ἐκείνων
3001 2778 3209 2834 αἰώνων
3243 2781 3593 2852 ἐργάζεσθαι.
3646 2782 3808 2839 Ὅθεν

2231 2871 2292 2937 ἐξ
2331 2873 2574 2945 ἀνάγκης
2611 2872 2776 2944 αὐτὴν
2820 2871 3111 2942 ἐφεστάναι
3146 2873 3228 2926 δεῖ
3271 2873 3348 2944 τῷ
3400 2874 3632 2946 λουτρῷ,
3682 2879 3805 2943 τοὺς

2230 2963 2554 3035 λουομένους
2603 2964 2898 3032 γεννῶσαν.
2937 2965 3121 3034 Τούτῳ
3154 2963 3262 3036 γὰρ
3308 2965 3502 3037 σελήνη
3543 2968 3803 3039 κέκληται

2230 3053 2309 3125 τῷ
2337 3053 2523 3125 τρόπῳ
2552 3056 2585 3126 ή
2615 3055 2742 3126 περὶ
2771 3055 2829 3107 τὸ
2851 3055 3073 3127 λουτρὸν
3105 3056 3273 3124 αὐτῆς
3302 3056 3579 3127 ἐνέργειαο
3615 3062 3806 3133 ἐπειδὴ

2233 3145 2350 3199 νέον
2379 3145 2536 3210 σέλας
2561 3146 2980 3211 ἀνανεασοέντες
3013 3150 3062 3202 οἱ
3089 3144 3520 3219 ἀναγεννὼμενοι
3556 3152 3807 3223 λάμπου-

2228 3253 2332 3303 σιν,
2371 3237 2401 3290 ὂ
2442 3238 2558 3291 ἐστι
2586 3238 2704 3292 νέον
2744 3238 2891 3308 φῶςο
2943 3244 2959 3263 ⁶
3005 3240 3126 3295 ὅθεν
3178 3242 3270 3295 καὶ
3306 3242 3659 3311 νεοφὼτιστοι
3707 3263 3810 3299 κα-

2226 3326 2464 3393 λοῦνται,
2500 3330 2968 3400 παραφραπικῶς
2998 3330 3093 3402 τὴν
3129 3333 3503 3405 πνευματικὴν
3536 3335 3807 3407 πανσέλη-

2230 3437 2317 3474 νον
2344 3422 2526 3486 αὺτοῖς
2554 3422 2653 3493 τὴν
2679 3421 2921 3493 περίοδον
2948 3423 3040 3476 τοῦ
3076 3424 3278 3488 πάθους
3310 3425 3402 3479 καί
3431 3425 3531 3496 τὴν
3562 3427 3806 3498 ἀνάμνη-

2230 3529 2335 3577 σιν,
2366 3512 2492 3567 νέαν
2530 3513 2616 3565 ἀεὶ
2642 3514 3112 3585 παραφαινούσης,
3146 3514 3255 3569 ἐστ’
3291 3515 3356 3568 ἂν
3381 3518 3414 3587 ἡ
3446 3515 3593 3588 αὐγὴ
3624 3518 3720 3572 καὶ
3746 3519 3806 3575 τὸ

2231 3603 2347 3674 φῶς
2378 3605 2440 3658 τὸ
2477 3604 2679 3659 τέλειον
2703 3607 2959 3681 ἀνατείλῃ
2988 3607 3084 3677 τῆς
3125 3607 3365 3678 μεγάλης
3393 3608 3629 3680 ἡμέρας,

935 3913 1064 3967 CAP.
1093 3911 1205 3969 VII.
1234 3913 1477 3969 .‘llulieris
1498 3922 1685 3984 partus
1708 3916 1762 3969 in
1789 3915 2131 3987 Apocalypsi,
2165 3935 2269 3973 non
2318 3919 2429 3988 ipse
2454 3919 2675 3983 Christi,
2707 3919 2795 3973 sed
2823 3920 3059 3988 ﬁdelium
3087 3920 3139 3972 in
3167 3919 3403 3975 lauacro.

625 4025 720 4080 Sin
744 4042 872 4082 vero
900 4029 1026 4099 quis
1048 4028 1245 4101 (neque
1274 4032 1418 4086 enim
1453 4048 1615 4102 grave
1639 4033 1711 4088 sit
1740 4035 1915 4103 palam
1942 4035 2122 4090 denuo

549 4118 723 4190 loqui)
762 4135 902 4192 aegre
942 4121 1125 4178 ferens
1159 4124 1322 4179 dictis
1360 4125 1582 4193 objiciat
1625 4147 1637 4181 :
1677 4126 1809 4193 Quae
1845 4135 1930 4183 est
1968 4129 2082 4184 haec
2105 4170 2118 4194 ,

550 4227 823 4282 quamque
852 4213 919 4268 ad
954 4221 1191 4270 mentem
1229 4212 1524 4285 Scriptura:
1559 4218 1722 4285 hujus
1759 4221 2049 4290 expositio,
2090 4237 2124 4276 ο

548 4306 808 4376 virgines,
844 4321 969 4361 cum
1000 4307 1190 4378 utique
1208 4309 1565 4381 Apocalypsis
1586 4313 1889 4366 masculum
1920 4314 1989 4369 ab
2021 4313 2126 4368 Ec-

547 4398 718 4454 clesia
749 4401 995 4469 generari
1027 4399 1252 4455 deﬁniat
1286 4419 1299 4455 :
1334 4416 1430 4458 vos
1462 4410 1642 4456 autem
1668 4403 1832 4458 istum
1861 4404 2120 4462 Ecclesiae

546 4500 763 4564 partum
794 4490 875 4546 sic
917 4492 1373 4562 inlcrpretamini,
1400 4500 1459 4547 ut
1490 4493 1547 4546 in
1575 4493 1644 4548 iis
1676 4495 1767 4563 qui
1812 4511 1908 4566 per
1937 4497 2120 4567 bapti-

548 4599 733 4638 smum
768 4594 1162 4656 rcgenerantur
1191 4584 1403 4655 impleri
1435 4585 1713 4643 doceatis?
1757 4587 1886 4642 huic
1924 4588 1996 4641 ita
2036 4604 2121 4645 re-

548 4675 980 4745 spondebimus:
1021 4677 1185 4749 Atqui
1236 4694 1304 4735 ne
1348 4680 1481 4746 tibi,
1516 4680 1860 4751 vitilitigator
1894 4689 2115 4753 argute,

544 4765 706 4823 *aeile
730 4767 898 4824 fuerit
935 4771 1243 4838 ostendere,
1271 4770 1553 4829 Christum
1587 4789 1711 4830 esse
1751 4774 1916 4830 istum
1957 4774 2116 4845 cujus

617 4900 730 4987 (ini)
765 4905 901 4987 ﬁeri
930 4907 1335 4977 προσλήψεως
1386 4910 1579 4987 ἡμῶν.
1631 4908 1744 4963 Vox
1790 4910 2113 4980 theologica,

544 4972 612 5052 de
650 4971 855 5052 Christi
889 4971 1127 5031 humana
1156 4971 1383 5033 'natura
1411 4971 1938 5052 'sarpiususurpata,
1972 4971 2118 5051 "quas

543 5043 624 5097 sic
653 5058 684 5095 a
718 5042 895 5121 Verbo
918 5057 1218 5121 assumpta,
1238 5065 1463 5121 nosque
1502 5042 1556 5104 in
1590 5050 1702 5105 illa.
1734 5042 1939 5121 illeque.
1959 5042 2115 5119 adeo,

541 5122 731 5200 nostra
767 5114 898 5200 ﬁdes
923 5123 979 5200 et
1009 5114 1331 5200 πρόσληψις,
1366 5114 1551 5200 ﬁdeles
1596 5130 1723 5200 sunt
1751 5135 1806 5177 et
1824 5114 1917 5200 qui
1956 5114 2117 5200 Chrif

540 5185 964 5262 sto_ac_cedunt,
1015 5185 1244 5262 ejusque
1283 5206 1404 5248 sors
1445 5201 1500 5247 et
1526 5194 1816 5249 baereditas
1843 5185 2116 5262 'baptismi

540 5255 851 5334 initiatione
875 5255 1241 5334 li_unt__;'qu'a_m
1288 5263 1427 5317 lunae
1456 5265 1701 5334 symbolo
1724 5255 1996 5334 designari
2019 5281 2116 5318 au-

538 5333 669 5407 ctor
683 5334 769 5381 est
801 5326 1126 5407 Metliodius,
1152 5331 1223 5407 ob
1252 5326 1511 5407 aquai-uni
1541 5349 1664 5407 cum
1694 5335 1813 5402 ejus
1844 5326 2116 5407 luce_alli-

538 5402 765 5451 nitatem
803 5413 868 5452 ac
894 5402 1376 5459 necessitudinem.
1399 5403 1736 5459 Fallentibus
1772 5406 1947 5459 oculis
1981 5405 2115 5461 Pos-

538 5467 873 5543 siuiu_s__ac_si
896 5481 1043 5525 esset
1066 5471 1403 5543 προλήψεως,
1428 5482 1476 5527 et
1505 5476 1931 5543 persuasionem;
1963 5477 2115 5531 item-

537 5553 644 5614 que
668 5538 1280 5614 Allatius,‘antercptant
1315 5546 1490 5597 animo
1505 5538 1960 5614 informationem,
1987 5562 2109 5600 cum

538 5608 698 5687 ambo
740 5610 1038 5687 ediderint,
1076 5608 1221 5687 quod
1259 5614 1361 5668 loci
1399 5616 1539 5668 ratio
1570 5608 1830 5685 postulat,
1869 5618 2108 5687 προσλή-

538 5634 698 5661 ειιιιυυ
745 5634 1038 5677 υυιυυι-ιιιι,
1076 5634 1221 5683 quou
1259 5634 1361 5668 IOCI
1399 5634 1539 5668 ratio
1571 5634 1830 5685 posrutat,
1869 5636 1908 5669 π

536 5675 705 5756 thing.
740 5679 948 5737 Felellit
976 5684 1037 5736 τὸ
1072 5686 1328 5748 πίστεως,
1360 5687 1515 5756 quasi
1542 5704 1601 5740 ea
1638 5701 1769 5741 voce
1805 5634 1974 5741 Μιξιῇ

539 5745 666 5827 ﬁde}
695 5763 1009 5827 assensum,
1048 5770 1157 5809 non
1184 5745 1331 5824 ipsos
1375 5745 1546 5825 inagis
1591 5757 1773 5812 ﬁdeles
1818 5758 2104 5827 signiﬁcet,

536 5829 603 5872 ea
635 5816 886 5888 baptismi
915 5816 1257 5892 intinctione,
1293 5816 1810 5898 quasiparturiente
1840 5816 2102 5892 Ecclesia,

2309 4036 2433 4089 Ἐὰν
2477 4035 2532 4088 δέ
2581 4052 2661 4099 τις
2714 4034 2902 4104 (οὐδὲν
2946 4034 3054 4106 γὰρ
3103 4033 3336 4103 χαλεπὸν
3377 4033 3458 4086 ἔτι
3501 4033 3800 4106 διαρρήδην

2224 4128 2415 4196 εἰπεῖν)
2446 4128 2827 4197 ἀγανακτήσας
2866 4125 3049 4197 φράσῃ
3090 4126 3225 4197 πρὸς
3261 4125 3329 4179 τὰ
3367 4126 3658 4195 εἰρημένα,
3695 4126 3797 4179 Καὶ

2225 4218 2341 4282 πῶς
2391 4220 2517 4290 ὑμῖν
2565 4221 2597 4291 ή
2657 4218 2934 4289 ἐξήγησις,
2984 4213 3029 4272 ὧ
3081 4218 3360 4290 παρθένοι,
3411 4219 3623 4286 γίνεται
3664 4219 3798 4273 κατὰ

2225 4311 2347 4365 νοῦν
2379 4312 2476 4382 τῆς
2509 4311 2747 4383 Γραφῆς,
2777 4310 2937 4363 ὁπότε
2989 4313 3023 4381 ὴ
3067 4311 3164 4381 μὲν
3203 4310 3570 4381 Ἀποκάλυψις
3600 4312 3799 4383 ἄρσενα

2230 4406 2326 4476 τὴν
2370 4403 2693 4475 Ἐκκλησίαν
2726 4403 3016 4476 διορίζεται
3050 4406 3263 4475 γεννᾷν,
3293 4405 3449 4475 ὑμεῖς
3473 4404 3530 4457 δὲ
3559 4405 3672 4457 ἀπὸ
3696 4407 3798 4457 τῶν

2222 4495 2635 4565 ἀπολουομένων
2671 4494 3043 4566 παρειλήφατε
3084 4494 3182 4559 τὰς
3216 4494 3575 4567 τελεσφόρους
3606 4496 3797 4559 ὠδῖνας

2226 4588 2395 4659 αὐτῆς
2442 4586 2776 4659 πληροῦσθαι
2826 4588 3151 4658 λουομένας;
3213 4587 3467 4658 λέξομεν·
3537 4588 3701 4652 Ἀλλ’,
3753 4582 3796 4642 ὧ

2228 4680 2489 4747 φιλαίτιε,
2527 4678 2639 4732 ἀλλ’
2675 4679 2796 4732 οὐδέ
2827 4696 2907 4731 σοι
2956 4680 3214 4750 πάρεστιν
3243 4679 3506 4744 ἐπιδεῖξαι
3544 4679 3636 4734 τὸν
3673 4681 3796 4751 Χρι-

2229 4772 2350 4825 στὸν
2394 4771 2554 4825 αὐτὸν
2602 4767 2740 4824 εἶναι
2773 4771 2865 4824 τὸν
2905 4769 3261 4841 γεννώμενον.
3308 4771 3481 4824 Πάλαι
3536 4771 3644 4843 γὰρ
3694 4773 3798 4843 πρὸ

2220 4909 2442 4965 Christo
2491 4915 2842 4961 renascentes
2880 4927 2891 4960 :
2929 4922 3093 4977 quam
3142 4906 3370 4977 proinde
3413 4905 3701 4962 ministros
3741 4917 3799 4964 et

2220 4980 2580 5035 bierarcbiam
2637 4978 2999 5048 perlicienlein
3054 4978 3335 5047 intelligat,
3385 4993 3481 5032 seu
3540 4978 3800 5033 sacerdo-

2218 5051 2382 5105 talem
2414 5050 2680 5112 ordinem,
2728 5049 2781 5102 in
2838 5048 3100 5118 apostolis
3133 5057 3371 5118 ereptum
3415 5048 3578 5118 inque
3607 5062 3801 5103 eorum

2222 5121 2638 5176 successoribus
2698 5119 2751 5172 in
2793 5116 2951 5173 tinem
2997 5134 3171 5190 usque
3222 5116 3423 5190 mundi
3446 5116 3797 5172 duraturum.

2222 5190 2389 5246 Lunae
2418 5193 2523 5245 ista
2565 5190 2879 5258 metaphora
2912 5197 2967 5244 et
3003 5187 3243 5258 etymum
3281 5187 3497 5258 longius
3531 5190 3801 5258 arcessita

2223 5263 2477 5317 videntur
2504 5278 2517 5313 :
2543 5257 2786 5330 planiora
2843 5276 2964 5330 qua:
2994 5257 3157 5315 habet
3206 5257 3518 5331 Dionysius,
3559 5257 3638 5331 De
3664 5260 3801 5314 eccl.

2222 5333 2441 5395 hieran,
2484 5329 2604 5402 cap.
2644 5332 2697 5393 5,
2736 5329 2957 5401 aliique,
2993 5346 3272 5401 exponens
3317 5329 3465 5402 quod
3497 5330 3573 5402 ita
3616 5329 3801 5402 bapti-

2224 5419 2375 5459 smus
2430 5400 2601 5457 luntén
2645 5400 2892 5466 vocatur,
2925 5400 3154 5471 ejusque
3186 5402 3323 5456 ritus
3362 5400 3714 5471 illuminatio,
3745 5411 3802 5456 et

2222 5475 2316 5544 qui
2336 5475 2427 5529 illo
2459 5474 2822 5542 intinguntur,
2849 5470 3022 5527 recens
3045 5470 3355 5544 illuminari,
3380 5470 3566 5544 Graece
3597 5472 3800 5544 νεοςςὼι

2218 5540 2408 5607 τιστοι,
2448 5540 2716 5614 ηυοᾱέει
2750 5551 3150 5598 sacramentum
3199 5542 3320 5614 ﬁdei
3351 5543 3635 5614 primaque
3667 5540 3800 5595 illu-

2219 5610 2481 5677 minatio,’
2501 5621 2554 5667 et
2583 5630 2691 5682 qua
2714 5613 2779 5667 ad
2803 5615 3041 5683 reliquas
3071 5613 3246 5666 idonei
3282 5610 3588 5683 reddiniur;
3614 5610 3669 5664 in
3699 5626 3801 5665 cu-

1951 5681 2110 5741 odiiis
2213 5687 2305 5755 jus
2345 5687 2517 5755 ipsius
2542 5681 2619 5738 rei
2672 5681 2974 5755 symbolum
3023 5699 3185 5753 super
3208 5681 3549 5755 baptizandis
3581 5683 3801 5755 lampas

2219 5752 2555 5819 accenditur,
2590 5752 2715 5810 sive
2739 5755 2900 5808 etiam
2947 5752 3207 5822 gestanda
3250 5753 3356 5805 illis
3391 5752 3647 5807 traditur.
3686 5752 3799 5808 Sed

2220 5827 2333 5883 h.cc
2357 5827 2579 5882 alterius
2604 5826 2698 5879 otii
2733 5834 2895 5896 atquc
2928 5841 3123 5894 opera).
3162 5825 3448 5879 COIBEFIS.
3550 5866 3551 5869 η
