4056 6302
293 324 394 406 iis
1369 343 1748 404 convmuu
1786 342 2015 402 DECEM
2050 341 2409 400 vmcmun.
2500 318 2527 329 "
3399 345 3500 401 ιω

287 462 388 534 τῆς
426 460 843 532 Ἀποκαλύψεως
869 459 1224 532 ἐπεπλήρωτο
1254 460 1546 531 μυστήριον
1570 461 1669 531 τῆς
1699 462 1848 515 ὲναν-

1951 456 2246 528 Scriptura:
2268 455 2447 525 verbis
2468 462 2655 527 partus
2681 455 2966 513 referatur.
2992 454 3199 512 Dudum
3235 458 3499 528 siquidem

288 550 621 623 θρωπήσεως
646 549 741 603 τοῦ
771 550 967 619 Λόγου.
1008 551 1067 603 Ὁ
1093 549 1151 603 δὲ
1191 548 1461 620 Ἰωάννης,
1497 549 1624 620 περὶ
1651 549 1849 620 παρόν-

239 682 250 707 ,
286 658 396 695 των
427 641 523 694 καὶ
559 641 855 711 μελλόντων
908 639 1189 710 θεσμῳδεῖ.
1246 639 1305 692 '0
1345 638 1403 691 δὲ
1450 639 1704 710 Χριστὸς,
1745 639 1849 693 πά-

290 732 378 788 λαι
419 732 663 807 κυηθεὶς,
697 735 796 805 οὐχ
830 732 1107 806 ἡρπάσθη,
1137 732 1298 788 ὁπότε
1329 731 1545 804 ἐτέχθη,
1579 733 1714 806 πρὸς
1756 734 1848 790 τὸν

290 824 478 897 θρόνον
516 824 612 878 τοῦ
669 824 824 889 Θεοῦ,
865 824 1012 896 φόϐῳ
1056 824 1149 880 τοῦ
1194 824 1270 896 μὴ
1315 825 1653 897 λυμήνασθαι
1687 826 1849 881 αὐτὸν

288 916 382 970 τὸν
423 917 576 987 ὄφινο
619 917 754 971 ἀλλά
797 916 885 970 διὰ
924 916 1078 971 τοῦτο
1120 917 1404 990 ἐγεννήθη,
1448 918 1541 971 καὶ
1584 918 1847 991 κατῆλθεν

292 1009 455 1074 αὐτὸς
481 1008 590 1064 ἀπὸ
614 1008 720 1063 τῶν
746 1008 952 1081 θρόνων
976 1009 1070 1066 τοῦ
1097 1011 1329 1082 Πατρὸς,
1357 1011 1445 1066 ἵνα
1473 1012 1562 1066 τὸν
1585 1012 1848 1088 δράκοντα

290 1101 643 1174 χειρὼσηται,
682 1100 868 1173 μείνας
925 1101 1276 1174 ἐπιτρέχοντα
1335 1104 1400 1174 τῇ
1452 1105 1637 1176 σαρκί.
1688 1105 1848 1159 Ὥστε

289 1190 504 1263 ἀνάγκη
549 1191 826 1263 ὁμολογεῖν
854 1191 919 1264 δὴ
963 1192 1057 1246 καὶ
1101 1191 1181 1258 σὲ,
1208 1190 1306 1264 τὴν
1349 1192 1672 1263 Ἐκκλησίαν
1711 1189 1847 1248 εἶναι

290 1282 390 1354 τὴν
440 1282 728 1339 ὠδίνουσαν
765 1284 858 1338 καὶ
915 1282 1188 1351 γεννῶσαν
1239 1284 1369 1349 τοὺς
1416 1284 1849 1357 ἀπολουτρουμέ-

292 1391 418 1438 νους
455 1374 564 1446 (I8)
588 1392 601 1405 ·
644 1374 719 1439 ῶς
744 1393 844 1429 που
886 1375 980 1430 καὶ
1008 1377 1066 1430 ἐν
1110 1375 1305 1456 Ἡσαΐᾳ
1335 1377 1397 1430 τὺ
1428 1376 1652 1448 Πνεῦμά
1679 1394 1842 1449 φησιο

290 1467 443 1534 Πρὶν
466 1465 579 1535 τὴν
613 1465 952 1522 ὠδίνουσαν
985 1466 1179 1521 τεκεῖν
1216 1467 1314 1522 καὶ
1342 1468 1484 1537 πρὶν
1510 1468 1708 1524 ἐλθεῖν
1742 1470 1848 1524 τόν

291 1557 483 1611 πόνον
524 1556 640 1611 τῶν
670 1558 897 1613 ὠδίνων
916 1599 931 1625 ,
968 1559 1241 1630 ἐξέφυγε,
1268 1560 1365 1615 καὶ
1408 1559 1612 1615 ἔτεκεν
1635 1561 1842 1629 ἄρσεν.

296 1648 391 1715 Τίς
415 1647 643 1717 ἤκουσε
670 1650 937 1713 τοιοῦτο;
974 1652 1072 1705 καὶ
1113 1652 1204 1718 τίς
1238 1653 1496 1721 ἑώρακεν
1534 1652 1752 1719 οὕτως;
1776 1654 1847 1705 El

289 1737 500 1794 ὤδινεν
528 1740 568 1809 ἡ
596 1741 672 1811 γῆ
696 1742 766 1796 ἐν
787 1742 888 1811 μιᾷ
914 1742 1121 1813 ἡμέρᾳ,
1141 1744 1235 1799 καί
1252 1745 1303 1797 εὶ
1326 1744 1654 1815 ἐγέννησεν
1672 1743 1847 1808 ἔθνος

285 1830 926 1902 είσάπαξ,ὅτιώδίνησε
941 1836 1109 1897 Σιὼν,
1129 1836 1226 1889 καὶ
1239 1836 1441 1890 ἔτεκεν
1454 1835 1701 1905 ἀρσενα;
1715 1837 1848 1888 Τίνα

289 1921 548 1993 ἐξέφυγεν
567 1941 583 1991 ;
605 1920 640 1997 ἦ
658 1925 753 1995 (al.
770 1926 832 1996 ἢ)
856 1927 1072 1990 πάντως
1092 1927 1181 1980 τὸν
1196 1926 1480 1999 δράκοντα,
1506 1928 1591 1981 ἵνα
1610 1928 1844 1999 γεννήσῃ

284 2012 376 2067 τὸν
405 2014 532 2071 λαὸν
559 2018 593 2088 ή
634 2017 796 2089 νοητὴ
827 2017 985 2083 Σιὼν,
1015 2018 1106 2071 τὸν
1151 2019 1371 2091 ἄρσενα,
1403 2018 1494 2073 τὸν
1523 2019 1632 2073 τῶν
1668 2035 1848 2088 γυναι-

284 2106 450 2161 κείων
482 2108 672 2163 παθῶν
704 2110 797 2166 καὶ
830 2111 927 2182 τῆς
959 2110 1229 2174 έκλύσεως
1255 2113 1335 2176 εἰς
1368 2111 1467 2183 τὴν
1498 2112 1723 2183 ἑνότητα
1749 2110 1846 2166 τοῦ

282 2200 492 2273 Κυρίου
510 2204 919 2274 καταντήσαντα
942 2204 1031 2257 καὶ
1048 2203 1503 2276 ἁπαρσενωθέντα
1531 2206 1597 2276 τῇ
1621 2201 1842 2274 σπουδῇ.

1949 558 2074 605 ante
2101 548 2480 621 Apocalypsim
2510 548 2791 621 impletum
2823 557 2907 606 est
2925 548 3316 607 Incarnationis
3338 548 3500 606 Verbi

1946 640 2285 713 mysterium.
2309 638 2480 695 Porro
2504 638 2743 697 Joannes
2782 640 2850 696 de
2886 639 2954 696 iis
2988 640 3229 709 loquitur
3262 655 3381 711 quae
3421 642 3503 696 vel

1935 720 2078 788 tunc
2099 732 2290 789 tierent
2311 732 2394 788 vel
2415 747 2534 803 qua:
2566 732 2692 787 olim
2714 739 2973 789 eventura
3009 739 3214 788 essent.
3236 728 3503 787 Praeterea

1945 825 2220 891 Christus,
2243 824 2447 881 dudum
2471 832 2784 895 conceptus,
2810 833 3097 896 postquam
3119 823 3310 880 deinde
3340 831 3503 878 natus

1947 925 2049 985 est,
2082 933 2192 972 non
2225 926 2309 972 est
2331 926 2517 987 raptus
2540 916 2606 970 ad
2640 916 2894 975 thronum
2934 915 3050 980 Dei,
3091 923 3237 970 metu
3275 930 3342 970 ne
3371 915 3503 985 quid

1948 1011 2026 1065 illi
2054 1024 2209 1065 noxa:
2238 1009 2510 1078 serpentis
2539 1008 2664 1063 dolo
2703 1006 2995 1064 inferretur
3021 1027 3034 1061 :
3066 1006 3196 1077 quin
3226 1006 3407 1076 potius
3446 1008 3502 1061 in

1947 1100 2050 1158 hoc
2071 1101 2247 1171 ipsum
2278 1106 2436 1155 natus
2462 1109 2565 1163 est,
2593 1108 2647 1154 et
2672 1115 2702 1156 e
2726 1098 2903 1155 Patris
2932 1099 3049 1170 ipse
3063 1099 3260 1153 throno
3278 1097 3505 1154 descen-

1948 1191 2048 1255 dit,
2091 1199 2151 1245 ut
2179 1189 2434 1245 draconis
2458 1192 2513 1243 in
2545 1204 2765 1245 carnem
2796 1198 3048 1260 suscepto
3090 1189 3293 1244 insultu
3322 1203 3385 1243 ac
3415 1194 3500 1245 to-

1948 1283 2140 1348 lerato,
2178 1281 2434 1337 draconis
2464 1280 2751 1350 potiretur.
2793 1280 2973 1347 Quare
3012 1289 3064 1337 te
3092 1296 3308 1352 quoque
3346 1279 3504 1334 fateri

1947 1389 2169 1429 necesse
2200 1383 2282 1427 est
2303 1413 2317 1437 ,
2348 1371 2644 1427 Ecclesium
2677 1386 2798 1428 esse
2830 1387 2951 1442 quae
2987 1372 3224 1443 parturit
3262 1387 3325 1427 ac
3364 1373 3506 1443 parit

1947 1481 2043 1522 eos
2069 1467 2159 1537 qui
2188 1481 2255 1521 ex
2304 1467 2519 1519 lavacro
2565 1465 2938 1535 suscipiuntur
2961 1504 2976 1529 ,
3034 1466 3112 1519 uti
3171 1466 3331 1521 etiam
3363 1466 3507 1536 apud

1946 1558 2139 1615 Isaiam
2197 1556 2431 1629 Spiritus
2467 1558 2700 1629 quodam
2748 1557 2867 1612 loco
2904 1556 3037 1612 dicit
3065 1558 3149 1612 u:
3184 1556 3507 1627 Priusquam

1947 1651 2274 1719 parturiret,
2333 1650 2560 1718 peperit;
2611 1657 2660 1704 et
2697 1658 2972 1719 antequam
3021 1649 3250 1703 venirent
3300 1647 3505 1724 dolores

1948 1752 2153 1812 partus,
2185 1744 2398 1814 e/fugit,
2426 1753 2475 1798 et
2522 1743 2720 1812 peperit
2768 1742 3079 1798 masculum.
3132 1744 3263 1808 Quis
3307 1742 3508 1811 audivit

1880 1868 1923 1928 Β
1950 1851 2181 1905 unquam
2224 1834 2364 1891 tale?
2403 1845 2496 1889 aut
2520 1836 2636 1904 quis
2671 1832 2799 1887 uidit
2829 1835 2948 1888 huic
2987 1836 3200 1891 simile?
3252 1834 3507 1906 Nunquid

1948 1927 2199 1994 parturiit
2224 1935 2366 1980 terra
2397 1926 2453 1980 in
2475 1925 2558 1981 die
2590 1930 2741 1982 una?
2766 1943 2827 1981 ac
2851 1928 2896 1982 si
2919 1938 3119 1999 gentem
3162 1928 3321 1989 simul
3355 1943 3508 1997 pepe-

1951 2020 2113 2083 rerit,
2174 2019 2301 2089 quia
2340 2018 2589 2086 parturiit
2640 2017 2798 2083 Sion,
2838 2028 2887 2073 et
2936 2021 3130 2090 peperit
3169 2020 3505 2077 masculum?

1951 2107 2123 2174 Quem
2162 2107 2392 2181 ell‘ugit?
2430 2124 2540 2164 non
2591 2124 2722 2166 sane
2757 2110 2922 2165 alium
2960 2125 3123 2180 quam
3178 2111 3507 2178 draconem,

1952 2209 2015 2258 ut
2065 2201 2323 2273 populum
2382 2202 2684 2257 masculum
2749 2209 2962 2272 pareret
3018 2203 3279 2273 spiritalis
3336 2202 3505 2271 Sion;

283 2296 381 2365 qui
444 2298 701 2353 nimirum
747 2315 815 2377 eg
856 2300 1213 2357 muliebribus
1269 2299 1417 2357 vitiis
1466 2300 1683 2370 vitaque
1739 2296 2002 2354 solutiore
2039 2295 2110 2351 ad
2149 2294 2363 2351 Domini
2431 2296 2696 2352 unitatem
2755 2295 3325 2368 necessitudinemque
3380 2312 3508 2353 eva-

286 2390 462 2457 serit,
484 2408 551 2449 ac
575 2395 792 2451 virtutis
817 2402 1166 2452 concertante
1189 2395 1375 2451 studio
1396 2395 1626 2451 masculi
1648 2394 1846 2450 robore
1873 2391 2226 2464 promoverit.

740 2507 869 2563 Cu.
890 2507 1025 2563 VIII.
1058 2507 1267 2565 Fideles
1289 2511 1346 2565 in
1376 2509 1633 2580 baptismo
1659 2524 1854 2575 mares,
1885 2505 2099 2563 Christo
2139 2507 2472 2579 configurati.
2509 2508 2712 2574 Sancti,
2737 2509 2836 2578 ipsi
2858 2507 3094 2565 Christi.“

365 2620 622 2693 Λέγωμεν
652 2617 743 2676 οῦν
765 2624 921 2680 πάλιν
952 2623 1011 2690 ἐξ
1035 2627 1209 2698 ἀρχῆς
1236 2628 1715 2693 ὲπαναποδίσασαι,
1755 2627 1850 2699 μέ-

282 2730 490 2786 Χρεπερ
516 2712 583 2767 ἂν
616 2714 848 2786 καθεξῆς
892 2717 1029 2789 πρὸς
1069 2718 1128 2773 τὸ
1158 2718 1308 2783 τέλος
1340 2718 1600 2792 ἔλθωμεν,
1628 2718 1853 2790 ἐξηγού-

283 2820 447 2873 μεναι
466 2802 533 2857 τὰ
559 2805 837 2877 είρημένα.
872 2807 1070 2860 Σκόπει
1102 2804 1194 2862 οὖν
1222 2809 1316 2862 ἐάν
1344 2826 1456 2872 πως
1481 2810 1574 2864 καὶ
1606 2809 1687 2862 σοὶ
1719 2808 1851 2879 δοκῇ

282 2896 425 2967 πρὸς
464 2896 702 2963 εὐδοξίαν
751 2899 779 2951 ό
831 2899 986 2968 λόγος
1029 2900 1381 2973 πληροῦσθαι.
1429 2898 1569 2970 Ἐγὼ
1611 2900 1718 2972 γὰρ
1761 2900 1851 2953 τὸν

283 2989 488 3063 ἄρσενα
528 2990 696 3063 ταύτῃ
730 2993 921 3065 γεννᾷν
952 2993 1201 3067 εἰρῆσθαι
1238 2977 1441 3065 νομίζω
1476 2993 1573 3065 τὴν
1616 2994 1847 3069 Ἐκκλη-

286 3081 442 3135 σίαν·
488 3082 671 3154 ἐπειδὴ
713 3084 837 3148 τοὺς
870 3085 1219 3158 χαρακτῆρας
1266 3086 1358 3141 καὶ
1406 3087 1505 3159 τὴν
1537 3087 1847 3145 ὲκτύπωσιν

283 3175 381 3231 καὶ
418 3174 520 3246 τὴν
561 3175 900 3247 ἀρῥενωπίαν
952 3176 1046 3231 τοῦ
1076 3176 1309 3246 Χριστοῦ
1343 3177 1846 3250 προσλαμϐάνουσιν

2019 2625 2275 2683 Dicamus
2307 2641 2436 2700 ergo
2474 2628 2587 2683 haec
2620 2643 2812 2686 rursus
2837 2611 3048 2692 eadem,
3072 2634 3126 2683 ct
3149 2627 3218 2683 ab
3237 2627 3390 2682 initio
3420 2641 3509 2681 re-

1951 2726 2248 2784 sumentes.
2278 2719 2535 2776 continua
2560 2720 2700 2776 serie
2725 2720 2793 2777 ad
2818 2720 2975 2775 linem
3008 2735 3178 2791 usque
3198 2719 3512 2776 distinctius

1949 2811 2300 2868 deducamus.
2338 2811 2570 2868 Attende
2617 2811 2811 2883 igitur,
2893 2826 3072 2866 annon
3154 2811 3233 2866 sic
3291 2810 3388 2866 tibi
3442 2809 3511 2863 ad

1950 2913 2153 2961 rectam
2183 2912 2237 2961 et
2268 2902 2597 2975 probabilem
2628 2903 2952 2959 sententiam
2983 2903 3141 2959 locus
3185 2904 3274 2958 hic
3313 2901 3509 2973 exponi

1950 2996 2219 3053 videatur.
2244 2994 2360 3067 Ego
2398 2994 2543 3051 enim
2583 2993 2685 3050 hac
2711 2994 2778 3051 de
2818 3008 2997 3071 causa
3037 2993 3236 3049 dictum
3261 2994 3512 3050 existimo

1950 3088 2096 3161 gigni
2127 3104 2329 3145 marem
2353 3088 2421 3144 ab
2443 3087 2703 3156 Ecclesia,
2737 3078 2879 3157 quod
2914 3102 3105 3157 nempe
3124 3087 3160 3141 ii
3194 3088 3286 3156 qui
3313 3088 3512 3142 illumi-

1952 3188 2172 3243 nantur,
2200 3180 2402 3237 Christi
2459 3179 2781 3235 lineamenta
2813 3176 3144 3249 effigiemque
3183 3192 3247 3233 ac
3301 3178 3508 3234 virilem

282 3265 340 3318 οἳ
363 3263 740 3337 φωτιζόμενοι,
767 3268 865 3339 τῆς
891 3266 1011 3321 καθ’
1040 3268 1296 3339 ὁμοίωσιν
1326 3256 1539 3343 μορφῆς
1576 3272 1634 3326 ὲν
1666 3274 1848 3339 αὐτοῖς

1950 3287 2075 3328 vere
2102 3272 2342 3327 animum
2375 3278 2762 3343 aspectumque
2793 3278 3098 3334 assumunt,
3124 3268 3281 3325 Verbi
3308 3270 3506 3335 forma,

282 3358 696 3430 ἐκτυπουμένης
725 3359 817 3413 τοῦ
846 3361 1015 3429 Λόγου
1038 3400 1052 3425 ,
1086 3361 1180 3414 καὶ
1212 3363 1269 3416 ὲν
1295 3363 1479 3427 αὐτοῖς
1507 3365 1849 3437 γεννωμένης

277 3447 423 3502 κατὰ
447 3447 548 3521 τήν
575 3450 773 3521 ἀκριϐῆ
800 3450 996 3519 γνῶσιν
1028 3452 1121 3505 καὶ¹
1144 3452 1325 3507 πίστιν
1345 3469 1362 3485 °
1383 3452 1524 3508 ὥστε
1551 3457 1608 3509 ὲν
1640 3456 1852 3529 ἑκάστῳ

276 3541 577 3611 γεννᾶσθαι
631 3542 727 3596 τὸν
763 3543 996 3614 Χριστὸν
1031 3543 1254 3614 νοητῶς.
1301 3545 1411 3599 Καὶ
1463 3544 1552 3600 διὰ
1606 3546 1762 3602 τοῦτο
1814 3549 1848 3620 ὴ

290 3631 595 3704 Ἐκκλησία
634 3635 854 3705 σπαργᾷ
884 3636 978 3689 καὶ
1007 3635 1205 3699 ῶδίνει,
1242 3636 1510 3709 μέχριπερ
1542 3636 1608 3692 ἂν
1650 3641 1679 3692 ό
1719 3640 1853 3712 Χρι-

279 3723 408 3787 στὸς
433 3725 494 3777 ὲν
521 3726 655 3794 ἡμῖν
701 3725 959 3797 μορφωθῇ
981 3726 1278 3798 γεννηθεὶς,
1306 3729 1454 3792 ὅπως
1490 3728 1717 3794 ἕκαστος
1745 3729 1854 3785 τῶν

276 3816 476 3885 ἁγίων,
510 3816 591 3889 τῷ
618 3818 862 3889 μετέχειν
891 3820 1148 3892 Χριστοῦ,
1183 3823 1415 3894 Χριστὸς
1439 3825 1692 3897 γεννηθῇ.
1714 3825 1851 3880 Καθ’

275 3906 337 3959 ὃν
371 3905 530 3976 λόγον
587 3907 681 3961 καὶ
725 3906 783 3960 ἐν
833 3925 934 3961 τινι
967 3909 1156 3982 Γραφῇ
1206 3910 1458 3981 φέρεται’
1496 3911 1591 3981 Μὴ
1617 3912 1855 3981 ἅψησΟε

276 3997 399 4053 τῶν
435 3998 701 4069 χριστῶν
720 4016 861 4069 μου,
887 3999 986 4054 καὶ
1015 4001 1085 4055 ἐν
1115 4000 1238 4068 τοῖς
1268 4001 1594 4072 προφήταις
1626 4021 1745 4072 μου
1765 4002 1852 4072 μὴ

275 4093 718 4161 amenaque.
765 4092 940 4146 Oiovei.
983 4092 1215 4164 χριστῶν
1251 4094 1548 4163 γεγονότων
1579 4093 1684 4146 τῶν
1716 4093 1853 4148 κατὰ

279 4183 578 4256 μετουσίαν
614 4182 709 4237 τοῦ
756 4182 1072 4255 Πνεύματος
1111 4185 1192 4248 είς
1228 4184 1460 4258 Χριστὸν
1489 4183 1852 4256 βεϐαπτισμέ-

273 4295 415 4333 νων·
462 4276 881 4350 συμϐαλλούσης
912 4276 1145 4330 ἐνταῦθα
1176 4276 1273 4349 τὴν
1306 4278 1365 4330 ἐν
1411 4276 1489 4349 τῷ
1530 4277 1687 4349 Λόγῳ
1726 4277 1854 4350 τρά-

275 4387 442 4425 νωσιν
484 4372 600 4445 (l9)
648 4370 828 4426 αὐτῶν
874 4372 966 4426 καὶ
1017 4370 1435 4443 μεταμόρφωσιν
1484 4370 1585 4442 τῆς
1629 4369 1854 4442 Ἐκκλησ-

280 4461 422 4526 σίας.
460 4463 682 4518 Βεδαιοί
720 4462 777 4515 δὲ
808 4462 900 4516 καὶ
938 4460 1111 4517 ταῦτα
1151 4459 1388 4525 Παῦλος,
1421 4459 1667 4532 φανερῶς
1707 4459 1850 4517 διδά-

282 4568 453 4618 σκων,
486 4553 619 4609 ἔνθα
664 4553 822 4627 φησί·
859 4552 1082 4609 Τούτου
1124 4552 1300 4623 χάριν
1343 4551 1586 4622 κάμπτω
1632 4552 1707 4607 τὰ
1750 4553 1848 4623 γό-

1953 3378 2073 3434 quae
2123 3363 2419 3419 secundum
2453 3362 2861 3420 similitudinem
2907 3370 3011 3425 est,
3070 3361 3177 3416 illis
3221 3362 3508 3431 impressa,

1951 3464 2007 3513 et
2032 3470 2127 3527 per
2153 3464 2356 3511 certam
2401 3446 2680 3512 scientiam
2717 3454 2983 3526 ﬁdemque
3008 3453 3061 3508 in
3093 3456 3174 3510 eis
3207 3455 3509 3525 progenita,

1953 3551 2029 3605 ita
2064 3556 2121 3603 ut
2158 3549 2212 3603 in
2241 3563 2567 3619 unoquoque
2590 3546 2906 3617 spiritaliter
2961 3554 3216 3600 nascatur
3238 3544 3510 3604 Christus.

1951 3640 2029 3695 Ac
2057 3650 2338 3711 propterea
2390 3638 2632 3695 Ecclesia
2686 3639 2834 3693 velut
2887 3636 3055 3692 fervet
3107 3644 3393 3708 turgetque
3446 3652 3546 3715 ac.

1952 3731 2184 3802 parturit
2211 3730 2279 3798 ⁸³,
2301 3730 2474 3785 donec
2524 3727 2787 3784 formetur
2825 3728 2881 3782 in
2927 3726 3085 3782 nobis
3114 3728 3327 3798 genitus
3354 3726 3514 3783 Chri-

1953 3834 2071 3881 stus
2097 3841 2110 3876 :
2139 3841 2247 3895 quo
2277 3823 2533 3878 nimirum
2562 3822 2793 3892 quisque
2814 3827 3149 3885 sanctorum,
3172 3835 3278 3890 qua
3294 3821 3514 3880 ratione
3623 3889 3626 3894 _

1952 3915 2152 3973 Christi
2214 3914 2484 3985 particeps
2545 3920 2657 3977 est,
2711 3911 2964 3967 Christus
3019 3921 3293 3967 nascatur.
3349 3906 3511 3983 Juxta

1954 4021 2112 4077 quem
2143 4020 2363 4062 sensum
2388 4004 2441 4057 in
2470 4003 2703 4074 quadam
2731 4000 3012 4072 Scriptura
3041 4001 3243 4057 dicitur
3272 4001 3320 4035 “
3353 4020 3367 4058 :
3404 3999 3515 4056 No-

1955 4100 2047 4154 lite
2067 4108 2275 4169 tangere
2307 4097 2526 4151 christos
2553 4111 2713 4161 meos,
2735 4095 2865 4149 etin
2892 4094 3151 4165 prophetis
3190 4095 3319 4149 meis
3353 4094 3512 4150 nolite

1954 4190 2254 4261 malignari.
2286 4187 2569 4259 Tanquam
2617 4186 2807 4242 christi
2839 4187 3131 4253 evaserint,
3166 4185 3399 4257 Spiritus
3430 4186 3514 4241 in-

1952 4282 2102 4337 dulto
2125 4279 2472 4343 commercio,
2499 4278 2591 4349 qui
2620 4277 2673 4332 in
2724 4276 2999 4332 Christum
3048 4276 3302 4348 baptizatt
3348 4283 3527 4343 sunt;

1953 4389 2083 4431 suas
2113 4373 2201 4428 hic
2230 4370 2471 4426 Ecclesia
2521 4368 2836 4432 conferente
2879 4377 3060 4439 partes
3111 4367 3179 4422 ad
3207 4382 3397 4422 eorum
3454 4368 3513 4422 in

1952 4462 2130 4521 Verbo
2157 4462 2301 4518 clara
2332 4459 2566 4531 imagine
2588 4458 2814 4530 elligiem
2867 4468 2921 4514 et
2951 4456 3511 4515 transformationem.

1951 4554 2249 4611 Conlirmat
2296 4560 2475 4608 autem
2501 4560 2557 4608 et
2580 4551 2695 4607 haec
2723 4550 2924 4606 Paulus
2943 4592 2958 4619 ,
2986 4551 3163 4621 palam
3209 4549 3410 4605 docens
3442 4550 3513 4597 “1

278 4643 436 4697 νατά
464 4663 585 4714 μου
609 4618 759 4715 πρὸξ»
784 4645 892 4700 τόν
924 4645 1072 4701 Θεὸν
1098 4618 1472 4714 καὶνηιιτέρα,
1503 4644 1572 4709 ἐξ
1594 4640 1666 4701 οὗ
1688 4618 1848 4700 πάσα

1955 4642 2130 4713 Hujus
2153 4643 2227 4697 rei
2254 4643 2431 4713 gratia
2458 4642 2609 4711 ﬂecto
2637 4656 2805 4712 genua
2826 4656 2943 4695 mea
3084 4638 3249 4693 Deum
3276 4638 3513 4704 Pa:rem,

279 4734 501 4803 πατριὰ
545 4737 615 4790 ἐν
658 4735 889 4806 οὐρανῷ
920 4737 1021 4792 καί
1064 4736 1164 4791 ἐπὶ
1200 4735 1313 4807 γῆς
1351 4734 1717 4805 ὀνομάζεται,
1751 4736 1848 4790 ἵνα

1955 4749 2020 4788 ea:
2044 4748 2144 4805 quo
2186 4732 2354 4787 omnis
2377 4732 2665 4801 paternitas
2690 4730 2745 4784 in
2770 4729 2910 4785 ccelis
2932 4738 2981 4784 et
3008 4729 3063 4784 in
3089 4738 3231 4783 terra
3271 4729 3514 4787 nomina-

279 4823 367 4892 δῷ
408 4827 573 4896 ὑμῖν,
606 4830 755 4885 κατὰ
810 4829 918 4885 τὸν
967 4830 1231 4888 πλοῦτον
1293 4827 1398 4898 τῆς
1444 4830 1848 4899 χρηστότητος

1958 4836 2082 4880 tur:
2111 4834 2169 4879 ut
2194 4824 2276 4879 det
2301 4822 2442 4880 vobis
2465 4821 2745 4879 secundum
2766 4821 2979 4879 divitias
3002 4821 3250 4878 bonitatis
3279 4838 3390 4877 sua:
3410 4822 3513 4876 ινξιπ-

353 4967 401 4999 "
443 4965 562 5023 Isa.
593 4984 739 5035 mn,
766 4969 816 5035 7,
839 4969 894 5025 8.
968 4969 1015 5002 ⁸³
1055 4968 1177 5024 Gal.
1209 4984 1282 5031 tv,
1322 4965 1408 5022 I9.
1518 4965 1564 4998 “
1598 4965 1745 5022 Psal.
1774 4981 1848 5022 cu

1948 4966 1997 5023 5.
2075 4964 2120 4996 ³⁸
2161 4960 2351 5031 Ephes.
2389 4974 2471 5025 lli,
2497 4958 2681 5014 14-17.

356 5105 473 5176 (I8)
504 5106 1133 5179 Ἀπολουτρουμένους.
1149 5106 1401 5175 Allatius,
1418 5107 1678 5179 ἀπολυτρ.
1702 5106 1848 5165 Cou-

280 5191 473 5317 nEiIsSl)
514 5244 823 5314 Τὴνέντῷ
862 5248 1029 5317 Λόγῳ
1076 5247 1391 5318 τράνωσιν.
1434 5247 1543 5303 Leo
1573 5245 1735 5306 Allat.
1767 5249 1849 5304 vi—

282 5316 445 5369 detur
508 5316 709 5369 legisse
754 5318 1049 5369 τελείωσιν.
1091 5334 1215 5369 cum
1239 5319 1600 5369 perfectionem
1646 5317 1844 5369 reddit.

320 5327 445 5413 etut
508 5316 709 5388 legisse
754 5316 1049 5400 τελείωσιν,
1091 5316 1215 5413 clum
1239 5319 1609 5400 perfectionem.
1646 5317 1844 5413 reddit,

282 5388 408 5467 etsi.
429 5396 786 5467 repraesentat
823 5397 878 5444 et
902 5389 1018 5458 ipse
1045 5388 1332 5460 τράνωσιν,
1365 5405 1466 5445 nec
1498 5389 1660 5444 varia:
1685 5389 1848 5446 ullius

289 5454 539 5528 lectionis
565 5459 833 5522 meminit,
873 5461 952 5513 uti
991 5473 1093 5514 nec
1124 5459 1322 5528 Lupar.
1359 5459 1617 5516 Methodii
1650 5458 1844 5514 editor.

282 5521 533 5599 Placeret
558 5528 715 5599 illud
759 5500 1054 5591 τελείωσιν,
1087 5529 1130 5583 si
1160 5499 1374 5585 codices
1398 5499 1844 5599 svull’ragar‘entur;

1955 5123 2118 5164 mam.
2151 5103 2243 5160 Sic
2283 5117 2414 5175 ergo
2437 5101 2614 5175 Ahic._i]
2651 5101 2710 5175 έν
2739 5100 2895 5172 Λόγῳ
2925 5101 3193 5175 τράνωσις
3233 5104 3326 5175 καὶ
3350 5090 3518 5173 pera-

1954 5178 2257 5250 pdpqioqtg,
2290 5170 2453 5250 verbi
2487 5170 3198 5250 imit'atio,_qua_ejusclare
3226 5170 3550 5250 gharacte-i

1947 5241 2044 5305 res
2062 5241 2361 5308 reddimus,
2393 5243 2676 5314 formaque
2703 5241 2850 5299 illius
2880 5241 3201 5314 imbuimur.
3232 5242 3516 5298 Possinius

1951 5318 2235 5373 transitum
2294 5315 2350 5368 in
2412 5311 2637 5369 Verbum
2686 5314 2896 5379 reddit;
2938 5312 3134 5368 viderit
3190 5312 3306 5382 ipse
3350 5327 3515 5381 quam

1949 5400 2117 5444 recte.
2147 5385 2266 5458 Yox
2291 5383 2565 5458 τρανόςει
2600 5382 2930 5458 τρανωτικός
2957 5398 3021 5458 ac
3043 5383 3251 5454 τρανόω
3273 5382 3518 5458 in_t_heo-

1950 5459 2114 5529 logia
2148 5449 2407 5529 Gregorio
2430 5524 2440 5529 Α
2453 5449 2683 5529 aliisque
2731 5454 3016 5529 familiaris
3050 5449 3258 5529 {utque
3296 5449 3516 5529 γλῶσσα

1953 5520 2168 5612 τρανός,
2194 5520 2380 5610 lingua
2406 5520 2625 5607 diserta,
2651 5541 2771 5594 qua:
2799 5523 2996 5603 mentis
3024 5520 3188 5612 sensa
3213 5520 3358 5612 clar‘e
3385 5521 3513 5575 τεᾶς

286 5602 339 5670 ει
390 5596 529 5670 nisi
557 5596 711 5653 brevi
770 5607 894 5670 post
938 5587 1133 5670 eadem?
1160 5614 1288 5653 voce
1318 5600 1504 5656 eodem
1538 5587 1651 5670 fere
1683 5587 1847 5670 sensu
1954 5587 2068 5664 dit,
2093 5587 2172 5654 sic
2193 5598 2247 5670 in
2277 5587 2511 5670 imagine
2542 5587 2981 5670 ct'eipressione
3017 5592 3286 5658 ductaque
3317 5587 3515 5670 forma,

289 5669 451 5733 atque
476 5667 569 5747 hic
589 5663 853 5751 uteretur,
880 5670 978 5741 τὴν
1010 5669 1313 5751 ἐκτύπωσιν
1334 5670 1424 5724 καὶ
1456 5670 1551 5751 τῂν
1573 5663 1845 5751 ἐκτράνω-

1952 5671 2015 5751 τδ
2044 5663 2235 5751 τρανόν
2264 5677 2317 5723 ει
2348 5663 2632 5751 τράνωσις,
2686 5663 2849 5719 semel
2886 5670 2938 5743 et
2970 5663 3161 5751 iterum
3195 5668 3514 5733 usurpatum

293 5726 376 5816 εξιν
410 5736 515 5816 ,τοῦ
538 5726 749 5816 “Ad-(ou
772 5783 788 5816 ,
832 5726 1212 5816 ἐειξρῖυεξὶυηεηι
1256 5749 1325 5816 _e_t
1364 5726 1843 5816 manifestationem
1918 5797 1925 5801 ,
1955 5726 2259 5816 Mclliodio,_
2303 5726 2461 5808 quasi
2505 5726 2651 5792 clara
2680 5733 2958 5803 expressio
2994 5726 3278 5798 lucidaque
3308 5728 3511 5799 reprae-

308 5800 474 5871 I‘crbi,
501 5808 592 5865 ubi
624 5800 853 5868 A'llatius
880 5800 1156 5882 imaginem
1178 5811 1374 5877 reddit,
1406 5800 1686 5867 Possinius
1737 5812 1847 5879 {or-
1920 5800 1923 5801 ⁷
1955 5812 2202 5868 sentatio.
2232 5800 2316 5865 In.

3656 2990 3707 3053 1
