4056 6302
605 303 700 358 un
1557 308 1616 366 ε.
1658 311 1988 368 usrnoon
2034 310 2340 366 EPISCOPI
2381 285 2468 363 Er
2508 308 2867 366 MARTYRIS
3757 316 3885 370 152

601 433 714 478 tute
764 424 1098 479 corroborari
1145 442 1236 495 per
1264 422 1523 496 Spiritum
1575 430 1741 498 ipsius
1780 432 1833 484 in
1863 433 2132 486 interiorem

2235 488 2236 493 η
2263 430 2467 494 αὐτοῦ,
2496 429 2741 500 δυνάμει
2771 427 3196 499 κραταιωθῆναι
3224 429 3322 486 διὰ
3356 429 3462 484 τοῦ
3487 431 3868 500 Πιοειτματος

600 517 893 581 hominem;
939 517 1173 571 habitare
1206 516 1474 575 Christum
1513 537 1603 590 per
1635 523 1789 591 ﬁdem
1820 524 1875 576 in
1917 523 2132 578 cordibu

2265 521 2451 575 αὐτοῦ
2496 525 2582 586 εὶς
2634 522 2738 575 τὸν
2787 521 2908 576 ἕσω
2951 521 3280 589 ἄνθρωπον,
3317 521 3684 591 κατοικῆσαι
3738 525 3869 577 τὼν·

599 611 806 664 uestris.
833 609 1037 663 Etenim
1075 625 1303 668 necesse
1330 623 1444 678 est,
1497 614 1550 668 in
1578 624 2013 686 regeneratornm
2041 617 2130 670 ani

2263 612 2520 682 Χριστὸν
2541 613 2639 667 διὰ
2677 613 2787 682 τῆς
2815 614 3071 679 πίστεως
3097 613 3167 666 ἐν
3188 613 3314 680 ταῖς
3343 615 3611 683 καρδίαις
3637 613 3856 684 ὑμῶν.

601 702 725 768 mis,
761 702 918 756 veluti
947 702 1112 772 sigilli
1148 704 1277 769 ritu,
1299 704 1535 760 Verbum
1571 706 1812 763 veritatis
1852 708 2077 778 exprimi
2106 724 2132 763 e

2269 708 2365 770 Εἰς
2428 705 2535 777 γὰρ
2600 703 2697 768 τὰς
2762 705 3215 775 ἀναγεννωμένων
3286 703 3461 774 ψυχὰς
3528 705 3856 775 ἀναγκαῖον

595 789 881 847 efformari.
2269 796 2727 868 ἐξομοργνύμενον
2772 794 3132 849 ἐκτυποῦσθαι
3185 793 3279 850 τὸν
3327 795 3498 864 Λόγον
3535 794 3637 866 τῆς
3697 796 3850 868 ἀλη-

2266 888 2434 950 θείας.

947 997 1076 1053 Csr.
1111 997 1282 1054 lX.-F
1282 1001 1409 1054 ilius
1449 1000 1566 1066 Dei,
1589 1003 1679 1071 qui
1704 1002 1814 1069 ipse
1833 1017 2030 1070 semper
2058 1009 2149 1067 sit,
2175 1001 2327 1057 hodie
2357 1002 2588 1072 gignitur
2608 1003 2660 1054 in
2694 1001 2886 1052 animis
2921 1014 3172 1068 sensuque
3208 999 3464 1068 ﬁdelium.

661 1119 884 1175 Videtur
913 1130 1090 1176 autem
1125 1124 1208 1177 vel
1239 1125 1471 1180 maxime
1497 1141 1797 1197 congruere
1843 1141 1968 1180 cum
1999 1127 2127 1181 dicti

2330 1127 2510 1178 Ἔοικε
2539 1124 2594 1176 δὲ
2619 1125 2729 1186 τοῖς
2754 1121 3061 1195 εἰρημένοις
3092 1122 3185 1175 καὶ
3215 1122 3372 1175 τοῦτο
3399 1122 3628 1192 μάλιστα
3658 1142 3846 1196 προσ-

589 1216 746 1286 eique
776 1216 932 1270 alline
979 1233 1122 1283 esse,
1157 1218 1302 1287 quod
1349 1234 1412 1273 ex
1447 1234 1679 1287 persona
1732 1219 1910 1275 Patris
1939 1218 2132 1275 (Σιιι-ἰειε

2257 1216 2487 1270 εοικέναι
2520 1215 2612 1268 καὶ
2655 1216 2982 1286 συμφωνεῖν,
3005 1212 3066 1266 τὸ
3099 1213 3586 1285 χρησμῳδούμενον
3617 1215 3838 1269 ἄνωθεν

587 1311 824 1364 venienti
855 1310 923 1364 ad
949 1308 1242 1365 Jordanem
1274 1319 1335 1364 ut
1387 1326 1527 1380 aqua
1582 1313 1926 1376 lustraretur,
1953 1329 1984 1367 e
2017 1314 2132 1368 cmle

2256 1308 2316 1373 ἐξ
2343 1307 2506 1362 αὐτοῦ
2537 1307 2630 1360 τοῦ
2678 1307 2889 1378 Πατρὺς
2939 1304 3018 1375 τῷ
3050 1305 3270 1378 Χριστῷ
3301 1305 3393 1358 ἐπὶ
3421 1305 3512 1359 τὸν
3557 1307 3836 1378 ἁγνισμὸν

586 1401 866 1453 oraculum
899 1399 1158 1462 defertur,
1191 1399 1367 1456 Filius
1417 1419 1559 1456 meus
1605 1419 1657 1456 es
1713 1411 1816 1456 tu:
1873 1402 1981 1474 Ego
2007 1403 2132 1457 hodi

2254 1402 2439 1469 ἥκοντι
2472 1399 2574 1464 τοῦ,
2615 1397 2950 1468 68410.3(20)
2997 1400 3054 1450 ἐν
3093 1395 3170 1467 τῷ
3219 1397 3484 1479 Ἰορδάνῃ·
3531 1401 3666 1464 Υἱός
3706 1417 3832 1468 μου

583 1491 737 1558 genui
763 1501 810 1542 te
843 1491 909 1542 ⁵⁸.
943 1489 1352 1546 Observandum
1409 1493 1550 1546 enim
1580 1500 1683 1558 est,
1714 1493 1907 1548 Filium
1940 1495 2154 1564 quidem

585 1593 748 1632 suum
775 1593 897 1634 esse
927 1579 1202 1635 indeﬁnite
1227 1579 1628 1650 pronuntiasse,
1656 1588 1710 1635 et
1735 1583 1855 1636 sine
1887 1581 1994 1635 ulla
2029 1591 2157 1635 tem-

584 1671 737 1743 poris
786 1672 1284 1729 determinatione:
1335 1691 1388 1728 es
1445 1674 1610 1738 enim,
1661 1675 1758 1738 ait,
1809 1688 1919 1728 non
1975 1681 2153 1728 autem

2252 1486 2311 1544 εἷ
2341 1489 2452 1544 σὺ·
2489 1488 2604 1559 ἐγὼ
2637 1488 2904 1558 σήμερον
2935 1485 3263 1556 γεγέννηκά
3290 1502 3381 1540 σε.
3400 1488 3831 1561 Παρατηρητέον

2251 1583 2380 1652 γὰρ,
2408 1583 2485 1635 ὅτι
2509 1582 2567 1634 τὸ
2601 1582 2698 1651 μὲν
2727 1581 2853 1634 Υἱὺν
2882 1579 3044 1635 αὐτοῦ
3067 1575 3204 1632 εἶναι
3228 1579 3489 1651 ἀορίστως
3508 1582 3828 1652 ἀπεφήνατο

2253 1676 2346 1728 καὶ
2377 1674 2647 1745 ἀχρόνως·
2677 1674 2748 1726 Εἴ
2795 1673 2904 1744 γὰρ
2957 1672 3105 1743 αὐτῷ
3150 1672 3273 1742 ἔφη,
3314 1672 3408 1727 καὶ
3444 1673 3513 1741 έοὺ
3549 1674 3820 1743 Γέγονας·

584 1762 762 1829 fuisti,
799 1773 890 1820 aut
919 1767 1092 1821 factus
1115 1782 1205 1833 es;
1262 1765 1606 1837 signiﬁcans,
1662 1780 1760 1820 nec
1803 1780 1926 1820 cum
1960 1780 2132 1820 recen:

2255 1767 2532 1837 ἐμφαίνων
2598 1766 2732 1836 μήτε
2791 1765 3098 1838 πρόσφατον
3157 1764 3315 1819 αὐτὸν
3372 1767 3652 1836 τετυχέναι
3727 1770 3824 1839 τῆς

584 1865 750 1921 esset,
799 1857 853 1911 in
905 1856 1242 1926 adeptionem
1295 1872 1417 1912 eum
1465 1855 1588 1910 Filii
1646 1856 1863 1911 venisse
1914 1874 1928 1910 :
1981 1869 2156 1924 neque

583 1965 780 2006 rursus
812 1966 934 2004 cum
965 1956 1089 2003 ante
1110 1949 1431 2013 exstitisset,
1465 1947 1810 2020 postmodum
1850 1947 2010 2002 ﬁnem
2059 1962 2152 2002 ac-

581 2044 792 2114 cepisse
825 2062 837 2097 :
871 2043 962 2099 sed
993 2044 1083 2114 qui
1128 2051 1252 2097 ante
1282 2044 1498 2114 genitus
1529 2045 1616 2105 sit,
1674 2043 1923 2100 eumdem
1950 2050 2004 2097 et
2040 2041 2155 2096 fore

578 2145 632 2191 et
659 2151 796 2191 esse.
825 2135 976 2201 Quod
1001 2151 1126 2190 vero
1152 2136 1322 2201 addit,
1353 2135 1461 2205 Ego
1483 2136 1634 2191 hodie
1653 2139 1804 2206 genui
1827 2145 1892 2199 te,
1915 2136 2016 2190 hoc
2047 2134 2152 2190 sibi

577 2227 691 2280 vult
719 2247 730 2284 :
763 2225 867 2293 Qui
899 2235 1022 2282 ante
1056 2227 1256 2283 saecula
1316 2227 1534 2296 illisque
1590 2226 1865 2296 antiquior
1909 2225 1961 2278 in
1996 2222 2151 2278 caelis

576 2339 717 2386 eras,
751 2323 899 2377 volui
931 2332 985 2378 et
1034 2321 1239 2375 mundo
1285 2320 1676 2391 gignere2boc
1722 2327 1826 2383 est,
1883 2320 1976 2389 qui
2025 2325 2150 2372 ante

577 2415 796 2484 ignotus
835 2429 992 2478 eras,
1045 2413 1101 2467 in
1140 2413 1419 2466 hominum
1463 2411 1829 2480 cognitionem
1881 2410 2148 2466 adducere

577 2515 740 2576 teque
767 2506 874 2560 illis
900 2504 1271 2560 manifestare.
1313 2503 1558 2575 Denique
1611 2504 1808 2574 quibus
1837 2504 2147 2560 hominibus

577 2600 806 2654 necdum
854 2613 1050 2653 sensus
1099 2598 1282 2653 illatus
1325 2605 1408 2652 est
1437 2579 1812 2651 multiformis
1871 2594 2146 2666 sapientia:

577 2689 694 2754 Dei,
725 2691 792 2746 iis
820 2690 1054 2744 necdum
1077 2690 1328 2745 Christus
1359 2697 1520 2745 natus
1545 2695 1649 2753 est,
1669 2688 1908 2742 nondum
1938 2688 2144 2742 scilicet

574 2786 828 2856 cognitus
855 2792 960 2846 est,
993 2785 1231 2839 nondum
1268 2784 1668 2848 manifestatus,
1701 2782 1941 2837 nondum
1979 2797 2145 2852 appa-

575 2877 708 2931 ruit.
735 2875 790 2931 Si
828 2893 958 2931 vero
989 2876 1257 2932 senserint
1289 2884 1342 2930 et
1395 2877 1496 2946 ipsi
1554 2876 1870 2946 mysterium
1919 2877 2138 2947 gratiae,

575 2977 708 3024 tunc
735 2977 787 3024 et
814 2969 942 3033 illis,
962 2985 1085 3024 cum
1118 2967 1576 3023 fuerintconversi
1597 2966 1863 3036 ﬁdemque
1894 2981 2142 3037 suscepe-

573 3063 705 3124 rint,
753 3076 858 3130 qua
891 3060 1116 3116 scientia
1141 3075 1205 3114 ac
1248 3059 1598 3128 intelligentia
1626 3057 1919 3120 donantur,
1952 3057 2136 3112 nasci-

2257 1858 2544 1923 υἱοθεσίας,
2575 1859 2711 1929 μήτε
2737 1853 2802 1912 αὖ
2835 1857 3275 1930 προῦπάρξαντα,
3308 1859 3443 1929 μετὰ
3473 1858 3644 1913 ταῦτα
3669 1861 3822 1923 τέλος

2253 1949 2572 2020 ἐσχηκέναι·
2629 1949 2767 2003 ἀλλὰ
2817 1948 3282 2022 προγεννηθέντα,
3335 1948 3428 2003 καὶ
3460 1949 3680 2003 ἔσεσθαι
3731 1955 3822 2004 καὶ

2251 2038 2388 2096 εἶναι
2418 2041 2509 2096 τὸν
2541 2042 2722 2096 αὐτόν.
2756 2043 2828 2096 Τὸ
2875 2043 2951 2106 δὲ,
2993 2043 3138 2111 Ἐγὼ
3179 2043 3446 2112 σήμερον
3488 2044 3821 2114 γεγέννηκά

2251 2149 2343 2197 σε,
2373 2133 2454 2186 ὅτι
2488 2133 2729 2205 Προόντα
2762 2133 2860 2204 ἤδη
2891 2133 2994 2205 πρὸ
3023 2132 3132 2186 τῶν
3164 2133 3374 2188 αἰώνων
3411 2137 3468 2188 ἐν
3502 2137 3614 2198 τοῖς
3652 2138 3821 2207 ούρα-

2249 2228 2378 2291 νοῖς,
2413 2225 2707 2295 ἐϐουλήθην
2739 2225 2833 2278 καὶ
2871 2223 2947 2295 τῷ
2981 2225 3169 2296 κόσμῳ
3204 2226 3484 2296 γεννῆσαι·
3513 2226 3542 2279 ὃ
3572 2227 3636 2298 δή
3676 2229 3815 2293 ἐστι,

2250 2316 2482 2388 πρόσθεν
2503 2316 2860 2387 ἀγνοούμενον
2884 2316 3166 2388 γνωρίσαι.
3206 2318 3420 2388 Ἀμέλει
3442 2321 3554 2380 τοῖς
3589 2319 3814 2388 μηδέπω

2247 2409 2354 2463 τῶν
2389 2408 2686 2480 ἀνθρώπων
2721 2408 3144 2481 συνῃσθημένοις
3172 2409 3269 2481 τὴν
3304 2409 3686 2463 πολυποίκιλον
3725 2429 3814 2464 σο-

2247 2503 2373 2571 φίαν
2417 2501 2511 2554 τοῦ
2539 2501 2674 2555 Θεοῦ
2701 2504 2729 2555 ό
2767 2501 2994 2570 Χριστὸς
3035 2501 3245 2555 οὐδέπω
3275 2503 3630 2573 γεγέννηται·
3679 2505 3812 2576 ὅπερ

2245 2594 2391 2646 ἐστὶν
2411 2634 2425 2658 ,
2455 2593 2665 2646 οὐδέπω
2703 2591 2946 2662 ἐγνώσθη
2966 2632 2980 2656 ,
3014 2591 3220 2645 οὐδέπω
3260 2593 3641 2664 πεφανέρωται
3664 2634 3679 2657 ,
3717 2595 3807 2647 ού-

2243 2687 2390 2740 δέπω
2422 2687 2613 2757 ἐφάνη.
2646 2687 2705 2739 Ei
2739 2685 2794 2739 δὲ
2831 2684 3099 2738 αἴσθοιντο
3139 2685 3234 2738 καὶ
3275 2680 3416 2739 οὗτοι
3461 2686 3561 2756 τῆς
3591 2686 3808 2757 χάριτος

2241 2778 2302 2832 τὺ
2339 2781 2668 2851 μυστήριον,
2701 2779 2821 2831 τότε
2872 2776 2935 2847 δὴ
2975 2776 3069 2829 καὶ¹
3116 2776 3323 2840 αὐτοῖς,
3352 2777 3512 2829 ὁπότε
3556 2777 3809 2847 ἐπέστρε-

2240 2869 2348 2940 ψαν
2379 2872 2472 2924 καὶ
2506 2871 2846 2933 ἐπίστευσαν,
2882 2867 3021 2921 κατὰ
3054 2867 3150 2938 τὴν
3185 2867 3384 2938 γνῶσιν
3417 2869 3510 2921 καὶ
3542 2868 3639 2939 τὴν
3688 2871 3808 2921 σύν-

2240 2979 2355 3016 εσιν
2377 2964 2646 3032 γεννᾶται.
2674 2962 2764 3014 Διὸ
2803 2961 3184 3034 προσηκόντως
3218 2959 3464 3014 ἐντεῦθεν
3499 2962 3532 3031 ή
3576 2961 3800 3031 Ἐκκληο

2242 3056 2333 3110 σία
2355 3056 2445 3109 τὸν
2467 3055 2669 3127 ἄρσενα
2695 3055 2864 3124 Λόγον
2898 3056 2956 3107 ἐν
2999 3055 3109 3116 τοῖς
3146 3052 3518 3125 ἁγνιζομένοις
3544 3055 3629 3107 ἀεὶ
3673 3073 3802 3126 μορ-

576 3162 684 3208 tnr.
715 3125 891 3219 Quare
922 3152 1048 3206 hinc
1078 3125 1460 3206 convenienter
1488 3148 1751 3215 Ecclesia,
1796 3149 1853 3203 in
1888 3147 1996 3203 illis
2041 3147 2132 3218 qui

2241 3148 2372 3218 φοῦν
2413 3125 2626 3218 λέγεται
2671 3148 2765 3202 καὶ
2811 3147 3024 3217 γεννᾷν.
3058 3147 3166 3198 Καὶ
3204 3145 3272 3199 τὰ
3303 3147 3400 3217 μὲν
3429 3146 3504 3223 ,δὴ
3538 3125 3805 3219 περὶτῶν

575 3247 875 3301 lustrantur
903 3243 1012 3317 (qui
1039 3245 1233 3300 scilicet
1271 3244 1527 3314 baptismo
1579 3242 1870 3313 tinguntur)
1892 3240 2132 3301 Verbum

570 3336 869 3393 maSculum
901 3353 1114 3408 semper
1155 3338 1393 3393 formare
1421 3352 1485 3391 ac
1513 3325 1734 3408 gignere
1785 3336 2006 3391 dicitur.
2067 3333 2134 3387 Et

569 3432 785 3501 quidem
819 3431 1082 3486 hactenus
1114 3431 1180 3486 de
1234 3431 1380 3486 illius
1418 3438 1576 3503 partu
1617 3447 1716 3502 pro
1751 3430 2010 3486 facultate
2049 3427 2134 3483 di-

568 3533 714 3579 ctum
739 3523 832 3578 sit.
883 3522 1145 3594 Deinceps
1192 3525 1256 3580 de
1289 3525 1544 3591 dracone,
1577 3524 1749 3596 deque
1781 3526 1904 3581 aliis
1952 3525 2007 3580 in
2041 3523 2133 3578 illa

569 3612 863 3688 Scriptura.
901 3616 1232 3681 memoratis,
1285 3615 1415 3672 ﬁdes
1468 3617 1745 3672 liberanda
1807 3625 1911 3672 est.
1953 3616 2132 3683 Quare

565 3706 762 3762 iterum
813 3723 1071 3763 conemur
1125 3724 1229 3774 ea,
1287 3726 1321 3765 o
1375 3710 1650 3781 virgines,
1719 3712 1912 3781 quovis
1970 3709 2130 3764 modo

565 3809 853 3865 exponere,
886 3797 1020 3851 nihil
1052 3799 1397 3868 aenigmatum
1427 3800 1799 3871 magnitudine
1822 3807 1915 3854 aut
1934 3799 2131 3854 obscu-

2240 3243 2440 3296 ὠδίνων
2483 3243 2648 3313 αὐτῆς
2695 3244 2774 3306 εἰς
2801 3241 3026 3313 δύναμιν
3059 3241 3300 3312 εἴρηται·
3343 3240 3411 3294 τὰ
3451 3241 3508 3295 δὲ
3539 3241 3664 3314 περὶ
3710 3242 3800 3295 τοῦ

2238 3333 2527 3404 δράκοντος
2559 3332 2651 3385 καὶ
2683 3331 2791 3384 τῶν
2813 3331 2987 3386 ἄλλων
3017 3331 3141 3403 τῇδε
3179 3329 3557 3402 μεταϐλητέον.
3595 3331 3802 3387 Οὐκοῦν

2240 3423 2558 3497 πειρώμεθα
2584 3424 2743 3478 πάλιν
2774 3422 2946 3486 ἄλλως
2979 3424 3041 3492 γέ
3071 3441 3184 3487 πως
3207 3422 3419 3495 δηλοῦν,
3441 3419 3485 3477 ὦ
3525 3424 3800 3496 παρθένοι,

2241 3518 2406 3590 μηδὲν
2446 3516 2824 3570 ἀποδειλιῶσαι
2858 3517 2992 3586 πρὸς
3029 3515 3088 3569 τὸ
3140 3516 3365 3586 μέγεθος
3402 3518 3508 3571 τῶν
3550 3521 3799 3590 αἰνιγμά-

2236 3627 2345 3664 των
2377 3609 2478 3680 τῆς
2525 3609 2779 3681 Γραφῆς·
2816 3611 2864 3661 ει
2895 3609 2951 3662 δέ
3005 3626 3057 3661 τι
3097 3609 3350 3664 δύσκολον
3393 3612 3652 3682 ἐμπίπτει
3691 3615 3798 3676 τοῖς

2236 3703 2453 3772 λόγοις,
2512 3701 2640 3771 ἐγὼ,
2675 3702 2832 3756 πάλιν
2882 3703 3023 3774 ὑμᾶς
3085 3702 3271 3775 ὥσπερ
3331 3705 3574 3776 ποταμὸν
3632 3706 3796 3759 διαῦι-

2239 3797 2411 3851 ϐάσω.

566 3890 725 3944 ritate
777 3890 1066 3946 deterritas.
1119 3892 1275 3958 Quod
1329 3893 1376 3949 si
1421 3894 1552 3964 quid
1605 3895 1921 3964 perplexum
1967 3900 2060 3947 aut
2108 3889 2331 3946 difﬁcile
2391 3888 2685 3955 inciderit,
2737 3904 2838 3962 ego
2882 3906 3101 3947 rursum
3155 3892 3308 3948 vobis
3362 3894 3518 3964 quasi
3577 3900 3794 3963 pontem

565 3991 828 4048 sternam,
885 3993 976 4040 aut
1021 3988 1298 4056 portitoris
1346 3990 1500 4059 quasi
1556 3989 1731 4045 cilicio
1764 4000 1916 4045 trans
1947 4003 2160 4044 amnem
2191 3987 2410 4042 veham.

565 4100 697 4155 CAP.
739 4099 801 4155 X.
839 4101 1032 4165 Draco,
1060 4101 1320 4158 diabolus.
1351 4103 1551 4170 Sleliw,
1583 4104 1830 4161 draconis
1860 4105 2032 4160 cauda
2054 4105 2181 4160 cwlo
2219 4119 2478 4162 excussis,
2509 4103 2762 4157 heretici.
2797 4102 3077 4160 Trinitatis
3106 4104 3329 4170 numeri,
3355 4103 3410 4159 id
3446 4114 3521 4158 est
3558 4119 3792 4173 persona:

1724 4186 2012 4231 numerata:
2033 4194 2052 4232 :
2081 4179 2223 4231 circa
2251 4192 2362 4239 eas,
2392 4191 2614 4229 errores.

635 4287 812 4342 Draco
847 4289 956 4356 ille,
993 4307 1242 4362 magnus,
1273 4293 1448 4358 rufus,
1482 4303 1754 4359 versutus,
1802 4295 2121 4361 multiﬁdus,

563 4383 853 4453 septiceps,
881 4385 1155 4456 corniger,
1185 4387 1400 4441 tertiam
1435 4385 1655 4443 trahens
1692 4388 1970 4444 stellarum
2003 4404 2130 4461 par-

469 4517 501 4542 ..
561 4487 695 4542 rem,
725 4476 780 4530 in
804 4475 1020 4534 insidiis
1047 4477 1268 4534 latitans
1306 4485 1365 4533 ut
1394 4478 1637 4536 mulieris
1666 4480 2019 4551 parturientis
2060 4481 2122 4538 ﬁ-

628 4631 676 4663 "
713 4629 864 4685 Psal.
893 4647 952 4698 ιι,
982 4632 1071 4690 l7.

2308 4295 2367 4348 '0
2398 4293 2632 4364 δράκων,
2677 4296 2704 4347 ό
2745 4294 2950 4366 μέγας,
2982 4295 3012 4348 ὁ
3048 4295 3282 4368 πυρρὸς,
3316 4296 3344 4348 ὁ
3377 4293 3733 4366 πολύτροπος,
3764 4295 3791 4346 ὁ

2228 4385 2575 4456 πολυσχιδὴς,
2615 4387 2642 4438 ό
2675 4387 3068 4457 ὲπτακέφαλος,
3097 4391 3125 4441 ό
3165 4387 3520 4460 κερασφόρος,
3557 4387 3585 4438 ό
3615 4385 3790 4456 σύρων

2228 4482 2291 4535 τὸ
2319 4483 2498 4555 τρίτον
2525 4480 2630 4535 τῶν
2671 4479 2936 4553 ἀστέρων,
2975 4481 3034 4544 ὃς
3062 4482 3206 4534 ἐστιν
3239 4479 3559 4551 ἐφεδρεύων,
3606 4479 3693 4532 ἵνα
3729 4477 3790 4532 τὸ

633 4783 1876 4877 refrigerandum}?Aﬁdatoqﬂoliin
1902 4793 2119 4877 σφάλμα
2153 4799 2191 4851 D
2224 4803 2370 4877 runt.
2430 4793 2612 4877 lenam.
2650 4749 2730 4877 ιιι,
2782 4797 2970 4877 ἐὰνμή
3017 4812 3102 4858 τις
3137 4795 3366 4877 γεννηθῇ
3415 4792 3650 4877 ᾀνωθεη
3693 4795 3785 4877 allii

562 4854 665 4935 hoc
703 4854 1029 4935 μνημονικόν
1057 4854 1328 4935 Methodio
1365 4861 1514 4935 dare,
1551 4862 1706 4935 quasi
1734 4862 1896 4935 verba
1922 4854 2058 4935 psal:
2081 4881 2117 4917 ιι

563 4929 679 5006 ipsa
717 4929 1023 5006 evangelica
1080 4931 1384 5006 putaverit:
1412 4931 1506 5006 sed
1535 4929 1737 5006 _I:na_lim
1790 4932 1889 5006 sibi
1922 4929 2121 5006 'indul-

562 5000 724 5060 sisse,
749 5003 809 5050 ut
863 5000 1182 5068 prophetica
1217 5003 1403 5065 verba,
1434 5002 1502 5056 de
1523 5001 1742 5057 Christo
1771 5004 1852 5058 sic
1873 5005 2030 5070 quasi
2053 5020 2114 5058 ex

561 5081 702 5146 aqua
733 5078 1009 5146 nascente,
1044 5081 1357 5140 exponeret,
1388 5073 1658 5146 quomodo
1688 5074 1852 5146 etiam
1878 5075 2120 5130 Ecclesia

560 5140 616 5188 in
646 5140 764 5205 ejus
817 5140 989 5211 natali
1027 5156 1088 5194 ea
1121 5151 1363 5210 usurpat,
1405 5140 1552 5198 velut
1596 5144 1662 5199 de
1701 5160 1767 5198 eo
1805 5145 1947 5200 dicta
1987 5148 2116 5211 sint,

556 5215 924 5285 aeternamque
947 5210 1064 5280 ejus
1079 5213 1410 5285 nativitatem
1432 5222 1485 5285 et
1501 5217 1874 5284 temporalem,
1896 5225 2120 5285 paterno

554 5278 712 5358 quasi
729 5278 1195 5358 oraculoﬁsonent.
1233 5283 1325 5349 Τὸ,
1357 5283 1557 5358 ἄνωθεν
1603 5278 2110 5358 ὶρησμῳδοῦμενον,

557 5349 698 5428 quod
731 5348 908 5428 reddit
929 5349 1244 5428 _Pos_sinius,
1275 5355 1553 5428 oraculum
1587 5348 1878 5426 diitiqitu'm,
1921 5348 2110 5428 parum

554 5419 695 5494 mihi
735 5421 1179 5494 ecclesiasticum
1237 5426 1447 5479 videtur
1506 5419 1935 5494 etrappositumf
1976 5427 2108 5480 Nam

557 5491 696 5563 quod
726 5490 927 5563 ἄνωθεν
956 5493 1094 5563 dixit
1121 5493 1439 5556 Methodius,
1466 5495 1515 5548 id
1539 5490 1723 5549 Matth.
1750 5513 1830 5563 ιιι,
1848 5506 1902 5551 ει
1916 5498 2043 5552 Mar.
2072 5513 2109 5558 ι,

633 5561 893 5638 οὐρανῶν,
932 5562 1078 5638 _Luc.
1136 5579 1220 5638 ιιι,
1252 5567 1310 5632 ἐξ
1346 5565 1594 5638 οὐρανοῦ,
1623 5583 1648 5619 e
1677 5559 1836 5632 caelis,
1872 5568 1935 5622 de
1961 5569 2109 5630 caelo,

557 5629 825 5694 dixerunt,
855 5634 1086 5707 indeque
1129 5629 1428 5706 delapsam'
1467 5637 1681 5691 Christo
1709 5629 1985 5707 paternam
2017 5629 2114 5692 v04

558 5713 671 5776 cent
696 5713 796 5777 ;_ut
827 5706 900 5777 sit2
939 5707 1252 5761 adverbium
1290 5708 1413 5768 loci,
1456 5721 1562 5759 non
1587 5706 1864 5777 temporis,
1899 5724 1962 5762 ac
1993 5709 2115 5761 ἀντὶ

556 5772 992 5841 τοῦωὐρανόθεν,
1021 5785 1078 5829 ιιι
1123 5779 1206 5831 hic
1251 5779 1502 5840 sumitur,
1528 5778 1668 5847 quod
1699 5772 1748 5833 et
1773 5781 1861 5834 alii
1893 5788 2112 5836 notave-

2221 4866 2409 4926 denuo,
2432 4866 2544 4928 alii,
2588 4864 2724 4921 forte
2770 4863 2986 4928 melius,
3022 4884 3050 4921 e
3102 4863 3365 4934 supernis,
3406 4866 3518 4919 sive
3561 4863 3623 4917 de
3655 4866 3787 4919 creto

2221 4936 2475 5004 (superna
2507 4935 2715 4992 scilicet
2747 4944 2800 4990 et
2827 4951 2890 4991 ex
2916 4937 3099 4991 divino
3123 4936 3327 4991 semine
3355 4934 3655 5004 nativitate)
3687 4950 3784 4990 ex-

2220 5013 2520 5076 posuerunt
2557 5008 2687 5062 :ubi
2743 5015 2920 5062 tamen
2983 5009 3121 5061 ratio
3168 5006 3345 5076 aliqua
3381 5005 3577 5076 estsic
3610 5021 3780 5076 expo-

2219 5076 2404 5147 nendi,
2438 5076 2491 5130 id
2547 5086 2629 5132 est
2676 5077 2864 5137 denuo,
2915 5078 3058 5147 quod
3107 5078 3180 5131 ita
3239 5083 3425 5132 craSse
3455 5075 3783 5132 Nicodemus

2219 5146 2499 5201 Dominica
2551 5148 2714 5202 verba
2775 5146 3119 5211 intellexerit,
3167 5161 3230 5200 ac
3269 5147 3427 5211 quasi
3469 5161 3662 5201 novam
3712 5163 3779 5202 ex

2221 5226 2376 5272 utero
2407 5217 2553 5272 senis
2607 5218 2843 5272 hominis
2885 5219 3220 5274 nativitatem
3272 5217 3497 5279 diceret,
3528 5233 3637 5272 non
3662 5232 3784 5286 quae

2219 5303 2283 5342 ex
2319 5287 2426 5342 Deo
2464 5295 2610 5358 esset
2643 5303 2722 5358 ac
2770 5288 3060 5356 spiritalis;
3097 5287 3240 5358 quod
3273 5290 3352 5342 sic
3389 5287 3644 5342 adverbio
3674 5292 3780 5344 loci

2219 5373 2318 5429 pro
2335 5366 2522 5412 nostra
2559 5357 3314 5429 ruditate,_przeeunteidivino
3348 5361 3589 5424 oraculo,
3617 5362 3784 5429 expli—

2220 5427 2343 5483 care
2372 5430 2635 5499 cogimur.
2667 5427 2774 5482 Nec
2802 5427 3040 5484 Joannes
3061 5427 3205 5484 aliud
3231 5430 3458 5484 voluerit
3487 5427 3780 5486 Dominum

2219 5500 2422 5554 dixisse
2453 5516 2570 5554 eam
2617 5499 2952 5570 nativitatem
2981 5516 3140 5569 quam
3169 5499 3312 5568 quod
3345 5500 3461 5570 ipse
3490 5516 3606 5554 eam
3642 5502 3782 5556 dixit

2219 5585 2337 5639 cap.
2365 5587 2400 5635 ι,
2435 5571 2498 5622 ἐκ
2521 5570 2612 5622 τοῦ
2637 5570 2791 5632 Θεοῦ,
2817 5583 2879 5641 ea:
2909 5569 3055 5634 Deo;
3089 5585 3207 5640 qua:
3239 5569 3624 5641 ipsa’secunda
3658 5573 3780 5641 qui-

2220 5642 2340 5694 dem
2372 5648 2525 5711 estet
2553 5656 2718 5698 nova:
2750 5640 2841 5694 sed
2877 5655 2938 5694 ea
2975 5656 3127 5711 voce,
3164 5656 3270 5694 non
3301 5640 3353 5695 id
3383 5641 3556 5710 primo
3585 5640 3762 5711 impor

2225 5719 2339 5764 tare
2365 5710 2596 5771 videtur,
2621 5711 2763 5779 quod
2791 5710 3023 5765 secunda
3049 5719 3101 5765 et
3124 5726 3259 5765 nova
3283 5721 3387 5775 est,
3412 5711 3504 5766 sed
3529 5710 3675 5780 quod
3699 5726 3750 5764 ta

2224 5782 2289 5836 lis
2313 5780 2537 5851 originis
2565 5784 2649 5852 (ex
2674 5780 2780 5836 Deo
2807 5781 3013 5838 scilicet
3039 5788 3089 5835 et
3112 5796 3138 5836 e
3163 5781 3336 5852 caelis)
3361 5788 3459 5836 est.
3485 5781 3757 5837 ϐοηθέεις
