4056 6302
282 351 388 409 155

1336 358 1717 416 CONVIVIUM
1756 355 1981 413 DECEM
2021 354 2377 412 VIRGINUM.

3402 356 3537 413 £36

275 469 463 522 τέκνον
497 470 590 540 τῆς
621 469 916 541 ὡδενοιίσης
942 473 1193 540 γυναικὸς
1217 475 1528 549 καταφάγῃ,
1559 478 1588 530 6
1611 474 1825 529 διάϐολοι

1950 473 2078 528 lium
2109 473 2347 538 devoret,
2377 469 2627 528 diabolus
2667 469 2756 526 hic
2809 475 2914 534 est,
2963 469 3017 525 in
3067 470 3169 526 hoc
3201 471 3415 526 locatus
3447 488 3511 530 ac

273 559 429 627 οὗτός
472 566 616 616 ἐστιν
657 565 686 616 6
726 563 1038 636 ἐνεδρεύων,
1073 567 1100 618 ὁ
1136 565 1306 637 λοχῶν
1345 566 1684 638 λυμήνασθαι
1731 566 1838 620 τῶν

275 653 651 725 φωτισθέντων
694 653 784 706 τὸν
816 655 1205 727 χριστόληπτον
1235 656 1378 723 νοῦν,
1416 659 1509 712 καὶ
1544 658 1642 730 τὴν
1676 657 1838 712 ἐκτύ-

274 759 448 800 πώσιν
474 746 566 798 καὶ
602 746 870 817 τράνωσιν
901 747 998 818 τὴν
1027 751 1083 802 ὲν
1124 749 1306 813 αὐτοῖς
1332 749 1717 820 ἀποτεχθεῖσαν
1742 749 1836 803 τοῦ

269 838 448 907 Λόγου
469 853 482 869 ·
515 837 627 892 ἀλλ’
656 839 872 910 ἀστοχεῖ
897 841 990 893 καὶ
1035 841 1328 910 σφάλλεται
1370 842 1469 913 τῆς
1496 842 1691 914 ἄγρας,
1727 842 1838 897 ἀνω

271 929 410 1002 πρὸς
460 928 592 1000 ὕψος
633 929 1024 1008 ἁρπαζομένων
1055 931 1161 987 τῶν
1203 933 1654 1005 ἀναγεννωμένων
1702 935 1838 1007 πρὸς

266 1023 362 1076 τὸν
399 1022 584 1094 θρόνον
633 1022 726 1076 τοῦ
768 1023 923 1077 Θεοῦ.
973 1026 1037 1077 Ὀ
1081 1023 1143 1096 δή
1176 1027 1354 1092 ἐστιν,
1407 1025 1518 1079 ἄνω
1564 1026 1689 1097 περὶ
1738 1025 1836 1097 τὴν

269 1111 423 1167 θείαν
468 1112 656 1185 ἕδραν,
697 1115 790 1168 καὶ
824 1115 922 1187 τὴν
965 1116 1383 1170 ἀσκανδάλιστον
1428 1117 1690 1171 ὑπόϐασιν
1737 1118 1836 1189 τῆς

268 1205 550 1278 ἀληθείας,
573 1207 787 1279 αἴρεται
815 1209 876 1262 τὸ
902 1209 1154 1281 φρόνημα
1183 1210 1288 1264 τῶν
1325 1211 1831 1276 ἀνακαινισθὲντων,

268 1294 338 1348 τὰ
362 1297 478 1348 ἐκεῖ
512 1295 725 1366 βλέπειν
759 1300 854 1352 καὶ
889 1299 956 1352 τὰ
987 1301 1102 1353 ἐκεῖ
1149 1299 1512 1368 φαντάζεσθαι
1559 1302 1831 1370 παιδαγω-

268 1389 570 1459 γουμένων,
602 1391 688 1445 ἵνα
717 1391 794 1462 μὴ
814 1393 1064 1464 ἀπατηθῇ
1089 1394 1225 1464 πρὸς
1258 1393 1350 1447 τοῦ
1390 1395 1677 1464 δράκοντος
1718 1395 1830 1467 βρίο

270 1483 452 1547 θοντος
482 1485 647 1540 κάτω.
685 1485 756 1539 Οὐ
785 1485 893 1557 γὰρ
924 1485 1070 1556 αὑτῷ
1098 1487 1255 1558 θέμις
1285 1489 1411 1552 τοὺς
1439 1488 1551 1542 ἄνω
1581 1489 1830 1554 νεύοντας

269 1577 364 1629 καὶ
393 1576 687 1648 βλέποντας
710 1579 986 1648 ἀφανίσαι.
1015 1583 1077 1634 Οί
1109 1580 1166 1634 δὲ
1190 1581 1414 1655 ἀστέρες
1443 1581 1601 1646 εἰσὶν,
1632 1580 1724 1645 οὒς
1754 1583 1830 1654 τῷ

268 1669 367 1740 τῆς
396 1669 560 1740 οὐρᾶς
581 1670 735 1741 ἄκρῳ
767 1671 905 1725 κατά
947 1673 1186 1745 κορυφῆς
1217 1674 1586 1744 ἐφαπτόμενος
1628 1675 1706 1738 είς
1732 1675 1830 1745 τήν

267 1764 368 1834 γῆν
403 1765 674 1834 κατασπᾷ,
708 1764 816 1818 τῶν
843 1758 1103 1836 αἱρέσεων
1123 1767 1179 1818 αἱ
1221 1766 1538 1837 συστροφαί.
1574 1766 1830 1836 Ἀστέρας

1945 566 2208 632 insidens,
2238 573 2298 619 ut
2323 579 2510 620 eorum
2535 563 2626 635 qui
2663 563 2952 618 illuminati
3006 571 3133 619 sunt
3161 563 3380 620 Christo
3423 565 3509 618 af-

1944 659 2124 714 ﬁatam
2151 660 2394 714 destruat
2423 666 2688 726 mentem,
2737 656 3009 726 Verbique
3057 657 3114 711 in
3160 656 3242 710 eis
3290 666 3508 712 enatam

1945 751 2172 805 formam
2232 765 2295 804 ac
2344 749 2569 820 efﬁgiem
2621 748 2938 819 lucidosque
2986 747 3106 818 ejus
3164 747 3509 805 characteres

1944 843 2174 897 abolent.
2203 840 2400 897 Verum
2432 842 2635 899 frustra
2688 851 2789 908 est,
2831 840 3129 912 praedaque
3176 840 3252 894 illi
3281 850 3510 898 conatus

1944 935 1997 988 in
2041 949 2256 990 cassum
2297 933 2517 998 cedunt,
2581 935 2725 1004 quod
2765 934 2817 987 hi
2863 933 2957 1003 qui
3015 943 3418 1002 regenerantur,
3449 934 3507 989 in

1941 1025 2170 1079 sublime
2198 1026 2482 1094 rapiuntur
2501 1025 2569 1080 ad
2606 1024 2699 1080 Dei
2737 1024 3008 1080 thronum.
3043 1022 3155 1078 Hoc
3181 1031 3286 1092 est,
3319 1039 3507 1080 eorum

1941 1133 2094 1173 mens
2123 1126 2176 1172 et
2205 1117 2462 1188 cogitatio
2508 1119 2600 1187 qui
2655 1119 2897 1174 renovati
2960 1124 3089 1174 sunt
3112 1158 3126 1183 ,
3157 1117 3509 1188 caelestiaque
3605 1114 3609 1120 ’

1940 1210 2122 1265 animo
2145 1208 2440 1264 informare
2463 1210 2717 1273 instituti,
2751 1211 2856 1266 alte
2887 1211 3094 1265 circum
3151 1210 3387 1265 divinam
3421 1227 3509 1267 se-

1939 1300 2060 1356 dem
2095 1317 2159 1356 ac
2190 1301 2509 1356 inollelisani
2539 1303 2784 1357 veritatis
2830 1303 3036 1367 basim,
3098 1304 3383 1368 attollitur,
3437 1318 3507 1358 ne

1937 1393 2193 1449 draconis
2219 1394 2273 1447 in
2308 1403 2507 1447 terram
2543 1395 2816 1464 gravantis
2858 1410 2922 1449 ac
2983 1395 3274 1451 detinentis
3317 1394 3507 1451 fraude

1937 1484 2170 1557 doloque
2195 1487 2554 1556 decipiantur.
2582 1485 2698 1541 Non
2727 1485 2870 1541 enim
2924 1485 3006 1541 fas
3035 1487 3112 1540 illi
3147 1495 3232 1542 est
3280 1495 3338 1541 ut
3384 1487 3508 1544 illos

1935 1580 2148 1650 perdat,
2174 1580 2264 1650 qui
2299 1579 2524 1635 intentis
2555 1592 2773 1633 sursum
2804 1576 3000 1632 animis
3021 1577 3088 1630 ad
3117 1577 3361 1632 coelestia
3388 1577 3505 1632 eni-

1937 1681 2147 1728 tuntur.
2175 1673 2354 1728 Stellae
2388 1690 2538 1737 vero,
2561 1687 2698 1743 quas
2729 1684 2939 1726 summa
2985 1669 3158 1724 cauda
3183 1669 3347 1725 draco
3373 1686 3506 1726 con-

1939 1764 2172 1834 tingens,
2227 1765 2281 1818 in
2329 1771 2529 1818 terram
2578 1762 2880 1834 praecipites
2923 1760 3180 1825 detrahit,
3234 1762 3504 1817 han-csum

262 1854 372 1927 γὰρ
407 1858 734 1920 σκοτεινοὺς,
769 1857 1041 1928 ἀμυδροὺς
1088 1858 1182 1911 καὶ
1209 1859 1702 1928 ταπεινοστρεφεῖς,
1735 1857 1825 1920 τὰς

1935 1870 2202 1925 perversae
2263 1866 2424 1910 scola:
2476 1861 2624 1909 sunt.
2685 1852 2881 1909 Stellas
2931 1860 3108 1906 autem
3162 1854 3502 1918 tenebrosas,

263 1947 608 2012 ὲπισυνόδους
643 1947 749 2002 τῶν
787 1949 1105 2019 ἑτεροδόξων
1143 1944 1280 2003 εἶναι
1315 1949 1611 2020 φραστέον·
1647 1949 1833 2019 ἐπειδὴ

260 2040 370 2095 τῶν
423 2041 690 2114 οὐρανίων
732 2044 1087 2114 ἐπιστήμονες
1137 2037 1275 2096 εἷναι
1316 2043 1380 2115 δὴ
1422 2043 1697 2113 βούλονται
1740 2043 1834 2095 καὶ

258 2132 439 2196 αὐτοὶ,
468 2135 562 2186 καὶ
593 2134 673 2197 είς
697 2133 928 2204 Χριστὸν
962 2134 1400 2202 πεπιστευκέναι,
1432 2135 1525 2190 καὶ
1553 2135 1650 2206 τὴν
1672 2135 1834 2206 ἕδραν

259 2222 407 2294 ἔχειν
455 2227 552 2297 τῆς
585 2225 762 2297 ψυχῆς
795 2227 852 2280 ἐν
899 2230 1010 2290 τοῖς
1063 2227 1342 2299 οὐρανοῖς,
1387 2228 1480 2283 καὶ
1516 2227 1832 2300 πλησιάζειν

259 2318 375 2378 τοῖς
403 2317 640 2388 ἄστροις,
671 2317 745 2381 ὡς
778 2317 956 2386 φωτὸς
997 2319 1181 2373 τέκνα.
1228 2319 1384 2373 Ἀλλά
1410 2319 1828 2392 κατασύρονται,

261 2406 358 2458 τοῦ
401 2408 688 2478 δράκοντος
746 2410 1113 2476 ἐκσεισθέντες
1149 2416 1266 2477 ταῖς
1319 2413 1568 2476 πλοκαῖς,
1620 2413 1700 2466 ὅτι
1755 2412 1828 2484 μὴ

260 2495 372 2548 τῶν
396 2497 672 2567 τριγώνων
691 2502 819 2553 εἴσω
840 2501 940 2570 τῆς
964 2503 1240 2567 εὐσεϐείας
1261 2504 1492 2564 ἔστησαν
1515 2504 1827 2573 σχημάτων,

265 2587 592 2651 πταίσαντες
639 2590 805 2661 αὐτῆς
854 2595 982 2666 περὶ
1029 2595 1126 2665 τὴν
1173 2595 1447 2667 ὀρθόδοξον
1501 2595 1825 2666 θρησκείαψ

262 2678 387 2733 ὅθεν
423 2681 514 2734 καὶ
547 2682 727 2752 τρίτον
759 2685 864 2738 τῶν
895 2687 1138 2759 ἀστέρων
1166 2687 1472 2758 ἐκλήθησαν
1507 2688 1690 2758 μέρος,
1721 2681 1829 2741 οἷον

266 2773 394 2844 περὶ
445 2773 536 2826 ἕνα
571 2774 677 2827 τῶν
716 2777 965 2848 ἀριθμῶν
1007 2780 1105 2850 τῆς
1162 2778 1386 2850 Τριάδος
1423 2778 1824 2850 διεσφαλμένοι,

260 2865 349 2919 ὁτὲ
391 2867 487 2936 μὲν
512 2868 604 2920 τὸν
654 2869 746 2922 τοῦ
782 2871 1026 2942 Πατρὺς,
1059 2871 1135 2935 ὡς
1187 2871 1500 2936 Σαϐέλλιος,
1533 2871 1691 2925 αὐτὸν
1735 2873 1826 2927 τὸν

261 2957 680 3031 Παντοκράτορα
703 2958 815 3030 (2|)
842 2960 998 3027 λέξας
1022 2963 1344 3016 πεπονθέναι
1365 2979 1378 2994 ⁸
1414 2964 1501 3017 ὁτὲ
1529 2964 1584 3017 δὲ
1614 2965 1705 3018 τὸν
1727 2966 1823 3020 τοῦ

261 3050 412 3114 Υίοῦ,
445 3050 522 3114 ὼς
563 3052 850 3124 Ἀρτεμᾶς,
887 3054 980 3107 καὶ
1009 3055 1058 3108 οἰ
1099 3055 1316 3128 δοκήσει
1348 3057 1508 3110 αὑτὸν
1539 3058 1823 3131 ἀποφηνά-

261 3159 414 3246 μενοι
450 3144 782 3246 πεφυκέναι·
827 3147 916 3201 ὁτὲ
957 3146 1014 3201 δὲ
1061 3148 1188 3220 περὶ
1232 3149 1323 3203 τὸν
1351 3150 1444 3204 τοῦ
1484 3151 1819 3224 Πνεύματος,
1848 3189 1890 3246 c

192 3281 195 3283 _
256 3234 332 3298 ὡς
397 3234 709 3302 Ἑὸιοναῖοι,
763 3237 823 3302 ἐξ
878 3238 1009 3302 ίδίας
1041 3240 1304 3311 κινήσεως
1352 3244 1478 3306 τοὺς
1541 3245 1824 3316 προφήτας

254 3325 605 3398 λελαληκέναι
664 3330 1107 3399 φιλονεικοῦντες.
1166 3335 1488 3405 Μαρκίωνος
1555 3335 1662 3407 γὰρ
1726 3337 1820 3389 καὶ

253 3421 626 3490 Οὐαλεντίνου,
649 3426 870 3481 καὶτῶν
900 3444 965 3481 πε
975 3429 1027 3501 pi
1048 3429 1138 3484 τὸν
1167 3429 1470 3485 Ἑλκεσαῖον
1493 3431 1585 3485 καὶ
1607 3431 1817 3496 ἄλλους,

253 3513 415 3567 καλὸν
444 3515 580 3586 μηδὲ
616 3519 1001 3589 μνημονεῦσαι.

1933 1945 2216 2009 obscuras,
2265 1945 2320 1998 in
2355 1944 2578 1997 humilia
2614 1943 2873 2011 deiectas,
2921 1942 3293 1997 conventicula
3353 1943 3507 1998 hete-

1933 2033 2259 2088 rodoxorum
2290 2041 2436 2087 recte
2463 2031 2763 2086 dixerimus
2806 2051 2817 2085 :
2869 2033 3086 2103 quando
3139 2041 3192 2088 et
3239 2033 3342 2102 ipsi
3388 2048 3506 2088 coe-

1933 2125 2148 2180 lestium
2211 2138 2393 2178 rerum
2454 2123 2556 2178 sibi
2620 2125 2901 2178 scientiam
2958 2125 3263 2188 vindicant,
3329 2133 3383 2179 et
3447 2128 3506 2180 in

1930 2218 2208 2274 Christum
2241 2233 2300 2274 se
2334 2217 2636 2274 credidisse
2660 2219 2984 2290 gloriantur,
3019 2218 3418 2288 stationemque
3449 2218 3503 2272 in

1930 2310 2086 2364 caalis
2116 2309 2315 2364 habere
2357 2317 2520 2380 atque
2571 2309 2712 2363 inter
2764 2316 2912 2365 astra
2963 2309 3209 2374 versari,
3262 2318 3321 2363 ut
3366 2310 3505 2365 lucis

1930 2405 2090 2460 ﬁlios.
2127 2401 2325 2458 Verum
2364 2402 2724 2457 detrahuntur
2777 2404 3032 2459 draconis
3083 2403 3298 2459 excussi
3339 2403 3506 2458 ﬂexi-

1929 2498 2052 2561 bus,
2083 2497 2226 2566 quod
2255 2496 2400 2550 intra
2425 2496 2784 2567 triangulares
2809 2496 3025 2566 pietatis
3057 2496 3257 2566 ﬁguras
3289 2512 3396 2550 non
3442 2513 3504 2552 se

1928 2589 2334 2652 continuerunt,
2361 2586 2709 2657 prolabentes
2734 2603 2800 2642 ex
2835 2588 2953 2658 ipsa
3005 2593 3060 2642 et
3090 2603 3154 2642 ex
3194 2587 3502 2643 orthodoxa

1928 2677 2021 2733 Dei
2052 2678 2200 2732 cultu
2225 2678 2621 2733 exorbitantes.
2661 2675 2815 2732 Unde
2843 2685 2898 2733 et
2946 2680 3106 2733 tertia
3149 2693 3275 2749 pars
3317 2679 3504 2732 stella-

1926 2785 2048 2824 rum
2078 2770 2256 2826 vocati
2286 2776 2436 2835 sunt,
2469 2770 2631 2825 veluti
2683 2769 2830 2825 circa
2877 2787 3044 2825 unum
3092 2786 3157 2825 ex
3213 2769 3500 2827 Trinitatis

1926 2864 2171 2920 numeris
2227 2864 2562 2919 deerrantcs.
2615 2863 2920 2932 Aliquando
2955 2863 3172 2932 quidem
3215 2863 3360 2917 circa
3396 2861 3500 2917 Pa-

1924 2961 2048 3026 tris,
2085 2970 2144 3016 ut
2176 2960 2464 3024 Sabellius,
2489 2963 2581 3031 qui
2617 2961 2793 3031 ipsum
2819 2957 3250 3029 Omnipotentem
3277 2973 3496 3028 passum

1925 3054 2197 3121 asseruit;
2227 3051 2520 3124 aliquando
2540 3067 2668 3106 vero
2699 3051 2846 3106 circa
2871 3048 3014 3116 Filii,
3048 3057 3107 3102 ut
3134 3047 3404 3110 Artemas,
3442 3054 3498 3102 et

1924 3148 2016 3218 qui
2061 3145 2210 3201 nudo
2235 3152 2453 3216 spectro
2484 3160 2582 3202 seu
2617 3143 2935 3214 apparentia
2987 3156 3108 3196 eum
3147 3148 3331 3195 natum
3373 3155 3498 3196 esse

1923 3239 2220 3305 dixerunt;
2268 3236 2594 3308 quandoque
2653 3235 2800 3289 circa
2866 3231 3106 3302 Spiritus
3167 3232 3378 3293 sancti,
3435 3239 3496 3284 ut

1925 3330 2186 3395 Ebionaai,
2229 3331 2321 3400 qui
2356 3329 2648 3400 prophetas
2679 3332 2826 3380 motu
2873 3321 3092 3391 proprio
3135 3321 3346 3376 locutos
3374 3333 3496 3374 esse

1925 3423 2281 3479 contendunt.
2337 3419 2631 3475 Marcionis
2681 3416 2826 3472 enim
2875 3421 2930 3469 et
2975 3411 3282 3472 Valentini,
3339 3409 3494 3462 Eli-e-

1926 3516 2127 3585 saeique
2165 3523 2220 3570 et
2250 3514 2509 3579 aliorum,
2543 3510 2808 3581 optimum
2857 3505 3021 3562 fuerit
3067 3521 3136 3560 ne
3180 3498 3494 3560 meminisse

1925 3609 2166 3679 quidem.

253 3734 384 3790 CAP.
421 3734 753 3818 δεμ-Μυκη
775 3756 902 3818 cum
930 3739 1043 3808 ﬁlio
1091 3745 1327 3818 masculo
1377 3745 1433 3799 in
1461 3745 1686 3818 deserto,
1717 3745 1978 3818 Ecclesia.
2021 3745 2316 3818 Virginum,
2347 3751 2762 3818 angelorumque
2784 3732 3188 3818 _dcsertum.'N
3194 3747 3490 3818 umerorum

323 3809 576 3876 perlectio
600 3805 1075 3888 ac__myste_rioru_m.
1109 3813 1318 3888 Senarii
1345 3816 1625 3888 aequalitas
1653 3805 1702 3871 et
1727 3817 1999 3888 perfectio.
2051 3805 2312 3873 senarius
2337 3817 2390 3869 in
2421 3805 2688 3868 Christum
2719 3812 2940 3863 relatus.
2982 3806 3064 3860 Ea:
3095 3805 3190 3859 hoc
3237 3805 3359 3857 item
3391 3819 3492 3856 nu-

320 3894 463 3932 mero
496 3879 684 3932 mundi
702 3881 896 3935 creatio
920 3895 970 3935 et
989 3881 1267 3938 harmonia
1295 3879 1413 3939 tota'
1432 3887 1680 3955 conﬂata.

331 3994 393 4047 'lI
423 3990 481 4047 δὲ
527 3995 776 4063 γεννῶσα
812 3997 906 4050 καὶ
945 3999 1252 4070 γεννήσασα
1284 4000 1373 4055 τὸν
1405 4003 1719 4076 ἀρρενωπὸν
1757 4007 1818 4058 ὲν

1988 4005 2118 4074 Qua:
2145 4012 2323 4060 autem
2359 4003 2498 4074 parit
2523 4001 2835 4072 peperitque
2869 3998 2922 4051 in
2957 3997 3192 4053 ﬁdelium
3231 3997 3487 4054 cordibus

244 4090 362 4151 ταῖς
395 4087 650 4160 καρδίαις
678 4087 786 4142 τῶν
821 4091 1182 4146 πιστευόντων
1207 4093 1396 4163 Λόγον,
1428 4096 1520 4150 καὶ
1555 4097 1818 4171 ἄχραντος

1927 4097 2155 4153 Verbum
2187 4094 2508 4156 masculum,
2544 4091 2908 4161 inviolataque
2959 4097 3012 4145 et
3043 4091 3206 4144 illaesa
3238 4105 3264 4141 a
3300 4090 3489 4146 bestiae

229 4181 338 4234 ’καὶ
362 4181 603 4251 ἀϐλαϐὴς
635 4181 742 4234 ἀπὸ
767 4181 861 4236 τοῦ
883 4181 1045 4254 θηρὸς
1071 4185 1170 4256 τῆς
1193 4185 1361 4257 ὀργῆς
1383 4188 1462 4252 είς
1493 4187 1592 4259 τήν
1614 4188 1816 4262 ἔρημον

1927 4189 1998 4244 ira
2040 4189 2096 4242 in
2128 4187 2402 4243 desertum
2427 4183 2649 4246 secedit,
2705 4190 2880 4237 mater
2907 4189 3094 4237 nostra
3147 4190 3250 4243 est,
3287 4181 3362 4235 uti
3390 4198 3487 4236 ex-

249 4270 736 4342 παραγεγενημένη
759 4314 772 4338 ,
807 4274 840 4342 ή
877 4273 1059 4345 μήτηρ
1093 4273 1247 4345 ήμῶν
1295 4277 1472 4343 ἐστιν,
1508 4279 1584 4342 ὼς
1625 4279 1816 4333 ἀποδε-

1927 4280 2223 4351 posuimus,
2271 4278 2323 4332 id
2355 4284 2437 4332 est
2464 4276 2726 4332 Ecclesia.
2763 4274 3045 4332 Desertum
3077 4290 3206 4329 vero
3236 4276 3288 4328 in
3337 4275 3484 4344 quod

247 4365 512 4439 δὼκαμεν,
544 4371 577 4440 ὴ
616 4368 934 4440 Ἐκκλησία.
972 4371 1037 4423 Ἦ
1061 4371 1118 4424 δὲ
1140 4371 1363 4443 ἔρημος,
1394 4376 1474 4437 εἱς
1497 4374 1562 4446 ἣν
1586 4374 1815 4429 ἐλθοῦσα

247 4459 499 4530 τρέφεται
526 4459 623 4524 τὰς
653 4458 832 4531 χιλίας
871 4462 962 4517 καὶ
995 4462 1272 4529 διακοσίας
1307 4465 1516 4537 ἡμέρας
1547 4468 1640 4522 καὶ
1683 4465 1809 4539 ἑξή-

249 4563 429 4617 κοντα,
449 4550 481 4618 ή
511 4548 696 4602 κακῶν
721 4548 924 4621 ἔρημος
946 4551 1158 4623 ἀληθῶς
1180 4555 1272 4608 καὶ
1296 4555 1485 4624 ἄγονος
1507 4557 1596 4610 καὶ
1625 4556 1811 4629 στείρα

251 4638 473 4710 φθορᾶς,
508 4641 597 4693 καὶ
636 4641 990 4712 δυσπρόσιτος
1025 4644 1117 4698 καὶ
1149 4645 1410 4708 δύσϐατος
1438 4648 1550 4710 τοῖς
1579 4646 1810 4710 πολλοῖς,

251 4728 523 4801 εὖκαρπος
556 4731 630 4796 δὲ,
663 4732 754 4787 καὶ
799 4733 1036 4799 εὔϐοτος,
1084 4737 1177 4789 καὶ¹
1213 4736 1462 4807 εὐθαλὴς,
1499 4737 1591 4791 καὶ
1633 4737 1815 4791 εὐεπί-

254 4820 412 4886 ϐατος
439 4823 627 4890 ἁγίοις,
657 4825 748 4877 καὶ
776 4826 1054 4897 πλήθουσα
1089 4831 1276 4899 σοφίας
1306 4831 1397 4884 καὶ
1445 4831 1814 4901 βλαστάνουσα
1851 4817 1856 4820 ³

256 4910 418 4986 ζωὴν,
451 4913 579 4967 αὐτὸ
615 4915 676 4988 δὴ
703 4917 859 4971 τοῦτο
881 4919 980 4990 τῆς
1023 4921 1245 4993 Ἀρετῆς
1277 4922 1392 4976 ἐστι
1429 4923 1488 4977 τὸ
1531 4925 1812 4980 κάλλιστον

254 5006 346 5056 καὶ
385 5003 744 5078 καλλίδενδρον
772 5009 864 5062 καὶ
911 5010 1234 5067 καλλίπνουν
1265 5014 1489 5087 χωρίον’
1526 5015 1653 5071 ἔνθα
1687 5016 1810 5082 Ἐξ·-

252 5095 465 5165 ηγέρθη
500 5100 533 5151 ὁ
571 5099 763 5166 νότος,
811 5103 909 5156 καὶ
954 5103 1314 5160 διέπνευσεν
1363 5108 1659 5177 ὀβορῤᾶς,
1711 5109 1811 5163 καὶ

245 5185 454 5253 ῥέουσι
487 5188 556 5242 τὰ
603 5188 904 5261 ἀρώματα,
957 5197 1050 5250 καὶ
1109 5198 1285 5252 πάντα
1333 5199 1440 5253 τῶν
1495 5185 1808 5273 ἀμϐροσίων

256 5279 602 5351 πεπλήρωται
631 5281 853 5354 δρόσων,
891 5286 1154 5345 ἀθανάτου
1184 5292 1328 5363 ζωῆς
1367 5292 1625 5363 βλάσταις
1664 5295 1810 5365 ἀμα-

258 5369 463 5439 ράντοις
495 5377 919 5446 κατεστεμμένα,
951 5380 1029 5444 είς
1055 5382 1084 5434 ὅ
1115 5383 1280 5452 ἐσμεν
1303 5385 1464 5456 ἡμεῖς
1490 5382 1807 5454 ἀνθολογοῦ-

321 5526 368 5558 ⁸⁷
407 5526 562 5585 Cant.
592 5545 674 5597 tv,
711 5531 796 5589 16.

327 5684 434 5753 (21)
467 5687 924 5760 Παντοκράτρρίι.
969 5689 1057 5745 Sic
1118 5691 1346 5746 Allatius
1394 5702 1446 5749 et
1490 5691 1793 5753 Possinius.

263 5751 438 5823 Neque
467 5761 622 5813 aliam
673 5751 846 5816 fuisse
896 5763 1181 5817 lectionem
1214 5763 1415 5818 codicis
1446 5751 1794 5822 Mazariniani

267 5836 436 5882 monet
454 5829 621 5885 editor
654 5830 944 5902 Lupareus.
985 5833 1340 5889 Combetisius
1373 5842 1550 5893 tamen
1581 5837 1797 5908 Πατέρα

1917 4372 2138 4433 veniens
2164 4369 2406 4441 pascitur
2431 4370 2546 4438 dics
2566 4370 2710 4425 mille
2742 4368 3006 4423 ducentos
3029 4367 3329 4436 sexaginta,
3359 4381 3486 4422 vere

1917 4479 1946 4517 a
1971 4463 2128 4518 malis
2151 4462 2426 4518 desertum
2455 4469 2508 4516 et
2531 4461 2916 4516 infecundum:
2943 4459 3146 4515 sterilis
3177 4457 3485 4525 corruptio-

1912 4555 2019 4620 nis,
2055 4569 2154 4610 nec
2186 4553 2336 4609 ferax
2371 4561 2514 4608 terra
2545 4552 2829 4607 noxiorum
2860 4551 3194 4620 germinum;
3248 4548 3483 4605 dillicilis

1913 4647 2062 4702 aditu
2094 4648 2304 4710 eadem,
2329 4660 2430 4701 nec
2459 4641 2741 4701 commode
2772 4643 2906 4698 satis
2951 4642 3112 4711 vulgo
3165 4639 3478 4707 calcabilis;

1913 4739 2164 4787 caeterum
2193 4730 2441 4802 frugibus
2473 4728 2852 4797 fructibusque
2873 4726 3172 4796 felix,quin
3190 4731 3243 4779 et
3263 4724 3482 4794 pascuis

1914 4829 2217 4893 abundans,
2249 4837 2302 4883 et
2327 4841 2539 4881 amoene
2565 4825 2765 4880 ﬂorens
2800 4821 3093 4894 perviaque
3131 4820 3356 4884 sanctis,
3381 4835 3479 4874 co-

1911 4928 2000 4992 pia
2031 4921 2342 4977 redundans
2377 4918 2671 4988 sapientiae,
2709 4931 2772 4970 ac
2820 4914 3129 4987 germinans
3149 4913 3351 4967 vitam:
3389 4911 3482 4968 hic

1914 5015 2031 5086 ipse
2051 5021 2136 5071 est
2159 5015 2215 5069 in
2233 5028 2341 5083 quo
2371 5027 2582 5070 sumus.
2615 5009 3034 5080 pulcherrimus,
3059 5005 3482 5077 speciosissimis

1915 5108 2205 5162 umbrosus
2270 5104 2422 5160 silvis
2471 5101 2920 5172 suavissimisque
2976 5100 3167 5154 halans
3219 5099 3478 5163 ﬂoribus,

1913 5199 2147 5254 Virtutis
2175 5199 2385 5254 hortus.
2410 5195 2512 5262 lbi,
2540 5195 2770 5250 surrexit
2791 5193 3000 5259 Auster,
3027 5201 3075 5247 et
3098 5192 3248 5262 ﬂavit
3266 5191 3474 5260 Aquilo,

1908 5302 1957 5346 et
2007 5292 2177 5361 ﬂuunt
2221 5300 2463 5343 aromata
2490 5288 2564 5356 l’7;
2601 5286 2997 5356 ambrosiisque
3023 5283 3203 5340 omnia
3261 5281 3478 5334 roribus

1910 5385 2152 5452 madent,
2198 5381 2518 5437 immortalis
2568 5380 2692 5436 vitae
2745 5393 2958 5450 semper
2986 5373 3288 5432 virentibus
3320 5384 3478 5424 coro-

1909 5697 2075 5753 tutius
2121 5712 2245 5755 esse
2298 5697 2592 5766 legendum
2644 5693 2877 5766 advert_it
2912 5692 2963 5744 in
3017 5679 3373 5744 emendandis
3402 5686 3469 5742 ad

1905 5769 2105 5824 calcem
2135 5780 2263 5824 tom.
2292 5763 2569 5822 [Auctor-ii
2595 5766 2785 5820 novisti.
2810 5763 2975 5818 GALL.
