4056 6302
519 4957 541 4992 \.

555 381 668 452 ’155

1498 389 1554 446 s.
1599 375 1925 444 METHODII
1965 387 2272 445 EPlSCOPl
2309 388 2396 444 ET
2435 387 2797 444 MARTYRIS

3663 393 3772 447 {56

560 521 685 567 nata
714 510 930 581 plantis.
957 508 1071 575 Quo
1097 508 1152 563 in
1178 485 1470 579 'horto'jam
1496 488 1594 564 nos
1626 525 1810 562 sumus
1834 508 1994 563 flores
2023 488 2100 562 le-

2204 527 2290 562 σαι
2321 507 2427 562 ’νῦν
2475 509 2568 562 καὶ
2621 509 2906 562 πλέκουσαι
2939 509 3005 580 τῇ
3047 506 3326 580 βασιλίσσῃ
3374 509 3464 561 τὸν
3523 507 3769 583 ἁλουργῆ

561 609 769 672 gentes,
801 609 853 656 et
881 617 945 655 ex
989 600 1055 654 iis
1096 614 1418 669 purpuream
1469 599 1732 668 longeque
1773 599 2103 667 splendidam

2210 601 2466 670 στέφανον
2513 601 2606 654 καί⁵
2665 601 2974 671 ἔκλαμπρον
3020 601 3118 670 τῆς
3172 601 3465 672 παρθενίας
3521 601 3771 666 ἀθίκτοις

563 693 854 762 impollutis
879 691 1056 760 digitis
1082 690 1281 760 reginae
1326 697 1566 744 texentes
1587 689 1910 759 virginitatis
1951 704 2108 743 coro-

558 799 706 840 nam.
746 781 903 836 Verbi
937 782 1079 836 enim
1120 795 1341 851 sponsa,
1378 781 1592 834 virtutis
1634 788 1860 834 ornatur
1914 779 2106 834 fructi-

560 875 680 930 bus.
712 873 851 929 Mille
911 889 1074 944 porro
1103 873 1318 928 ducenti
1375 872 1652 942 sexaginta
1684 871 1800 927 dies
1841 888 1934 942 per
1971 888 2107 942 quos

559 969 647 1022 hic
677 983 979 1031 versamur,
1009 967 1188 1022 Patris
1213 974 1316 1035 est,
1347 982 1378 1021 ο
1404 966 1662 1036 virgines,
1692 971 1746 1019 et
1770 963 1888 1016 Filii
1911 971 1963 1018 et
1987 963 2108 1033 Spi-

556 1060 693 1116 ritus
726 1061 897 1116 sancti
932 1061 1068 1114 citra
1107 1074 1318 1113 omnem
1350 1059 1625 1128 ambagem
1652 1063 1839 1110 exacta
1879 1057 2107 1125 optima-

556 1169 662 1223 que
691 1152 1064 1221 intelligentia,
1094 1166 1200 1220 qua
1233 1149 1428 1219 gaudet
1462 1157 1632 1203 mater
1656 1156 1856 1212 nostra,
1887 1165 1980 1218 per
2007 1149 2106 1202 hoc

556 1257 768 1315 tempus
797 1258 1095 1313 augescens
1133 1250 1292 1312 atque
1321 1241 1619 1303 exsultans,
1645 1241 1770 1295 dum
1805 1242 1857 1294 iu
1888 1241 2107 1295 restitu-

555 1337 700 1392 tione
751 1351 1012 1391 novorum
1053 1335 1390 1396 steculorum,
1448 1334 1502 1386 in
1535 1334 1846 1386 concionem
1890 1349 2008 1402 qua:
2052 1333 2105 1386 in

552 1430 708 1484 ctelis
733 1435 816 1483 est
845 1427 1088 1487 veniens,
1128 1441 1234 1480 non
1266 1425 1374 1494 jam
1402 1441 1498 1495 per
1527 1426 1760 1478 rationes
1807 1427 2109 1492 mentisque

555 1519 894 1574 contentioso
945 1524 1141 1572 conatu
1174 1516 1226 1570 id
1262 1517 1396 1586 quod
1425 1526 1524 1582 est,
1580 1515 1963 1575 considerabit,
2013 1514 2106 1569 sed

556 1613 702 1664 clare
729 1619 783 1664 et
812 1610 1119 1685 conspieue,
1155 1623 1261 1662 una
1312 1623 1434 1661 cum
1485 1606 1703 1663 Christo
1751 1606 1818 1659 ad
1851 1606 2105 1660 interiora

558 1697 816 1760 admissa,
849 1697 1186 1766 inspectabit.
1230 1695 1564 1752 Millenarius
1593 1697 1807 1766 quippe,
1834 1712 1895 1749 ex
1925 1703 2106 1749 cente-

558 1789 714 1843 nario
761 1789 939 1843 decies
974 1789 1325 1858 multiplicato
1351 1795 1627 1850 constans,
1659 1787 1952 1858 perfectmu
2003 1803 2103 1841 nu-

2206 687 2504 750 δακτύλοις.
2545 689 2763 758 Ἀρετῆς
2801 689 2908 758 γὰρ
2941 690 3218 757 κοσμεῖται
3252 692 3480 760 καρποῖς
3507 691 3541 761 ἡ
3575 688 3766 760 νύμφη

2205 781 2298 834 τοῦ
2331 782 2525 850 Λόγου.
2569 781 2635 833 Αἱ
2681 781 2736 833 δὲ
2774 781 2937 850 χίλιαι
2982 782 3074 834 καὶ
3115 781 3378 836 διακόσιαι
3429 783 3631 853 ἡμέραι
3668 783 3766 836 καὶ

2207 872 2481 943 ἐξήκοντα,
2507 872 2571 936 ἀς
2600 872 2783 926 ἐνθάδε
2813 873 2977 942 ὲσμὲν
3003 875 3081 936 είς
3106 873 3413 944 ἐπιδημίαν,
3443 875 3476 944 ἡ
3511 874 3639 945 περὶ
3665 875 3762 927 τοῦ

2205 964 2415 1035 Πατρός
2447 966 2622 1030 ἐστιν,
2668 957 2713 1017 ὧ
2746 963 3030 1036 παρθένοι,
3072 965 3166 1018 καὶ
3211 963 3304 1018 τοῦ
3356 965 3486 1017 Υἱοῦ
3519 966 3609 1018 καὶ
3665 966 3762 1018 τοῦ

2205 1056 2516 1126 Πνεύματος
2565 1057 2681 1109 κατ’
2716 1057 2925 1110 εὐθεῖαν
2976 1056 3205 1126 ἀκριδὴς
3251 1055 3359 1126 (22)
3416 1057 3511 1109 καὶ
3559 1057 3759 1128 ἀρίστη

2205 1147 2434 1210 σύνεσις,
2531 1146 2759 1217 γέγηθεν
2798 1147 3012 1217 ήμῶνὴ
3055 1147 3230 1217 μήτηρ
3271 1145 3625 1218 αὐξανομένη,
3665 1148 3761 1201 καὶ

2205 1237 2490 1306 ἀγάλλεται
2537 1241 2743 1292 τουτονὶ
2787 1240 2877 1292 τὸν
2937 1239 3160 1309 χρόνον,
3219 1239 3485 1310 μέχριπερ
3530 1239 3596 1292 ἂν
3659 1240 3758 1309 τῆς

2205 1329 2688 1393 ἀποκαταστάσεως
2718 1329 2826 1397 (25)
2871 1331 2979 1382 τῶν
3029 1330 3227 1384 καινῶν
3272 1329 3512 1394 αἰώνων,
3549 1333 3627 1393 εἰς
3660 1332 3763 1401 τὴν

2204 1422 2394 1492 ἅγυριν
2419 1421 2640 1474 ἐλθοῦσα
2673 1422 2811 1474 κατά
2841 1423 2964 1486 τοὺς
2994 1423 3268 1492 οὐρανοὺς,
3313 1423 3503 1493 μηκέτι
3534 1423 3600 1475 δι’
3634 1425 3760 1475 ἐπι-

2206 1516 2416 1585 στήμης
2461 1516 2899 1585 κατασκέπτηται
2961 1513 3023 1568 τὸ
3059 1517 3177 1580 Ὃν,
3229 1514 3359 1569 ἀλλά
3398 1515 3608 1585 τρανῶς
3655 1515 3759 1567 ὲπ-

2203 1607 2435 1678 οπτεύσῃ
2469 1608 2685 1680 Χριστῷ
2719 1607 3058 1661 συνεισόᾶσα.
3093 1608 3172 1661 Τὰ
3209 1608 3316 1680 γὰρ
3347 1608 3508 1678 χίλια,
3545 1611 3602 1661 ἐν
3630 1610 3760 1662 ἑκα-

2202 1699 2415 1751 τοντάσι
2491 1698 3050 1762 δεκαπλασιασθέντα,
3115 1698 3313 1752 τέλειον
3363 1699 3591 1770 ἀριθμὸν
3663 1701 3762 1753 καλ⁵

2203 1789 2382 1862 πλήρη
2444 1790 2712 1861 περιέχει·
2768 1789 2796 1841 ὃ
2845 1790 2908 1860 δή
2972 1792 3085 1843 ἐστι
3139 1790 3399 1861 σύμϐολον
3452 1791 3618 1844 αὑτοῦ
3657 1793 3757 1846 τοῦ

557 1897 765 1934 merum
814 1889 866 1935 et
920 1882 1133 1949 plenum
1163 1881 1446 1934 continet:
1481 1881 1621 1950 quod
1668 1888 1749 1935 est
1802 1880 2101 1950 symbolum

2204 1880 2430 1950 Πατρός,
2464 1881 2555 1932 τοῦ
2586 1880 2676 1948 ἀφ’
2709 1879 2902 1933 ἑαυτοῦ
2935 1880 3427 1952 δημιουργήσαντος
3453 1881 3544 1935 καὶ
3575 1883 3760 1952 ἑαυτῷ

556 1973 750 2035 Patris,
783 1973 873 2042 qui
927 1988 991 2026 ex
1043 1988 1101 2027 se
1131 1974 1246 2042 ipso
1295 1988 1473 2027 rerum
1527 1973 1662 2026 hanc
1705 1973 2104 2026 universitatem

555 2063 814 2128 condidit,
867 2072 920 2118 et
949 2063 1002 2116 in
1030 2079 1087 2117 se
1114 2063 1230 2133 ipso
1276 2064 1514 2118 continet
1561 2079 1624 2118 ac
1655 2070 1957 2117 conservat.
1993 2061 2105 2115 Du-

553 2162 706 2208 centa
737 2171 884 2219 vero,
913 2171 976 2207 ex
1003 2154 1212 2209 duobus
1244 2154 1497 2223 perfectis
1530 2170 1787 2209 numerus
1814 2152 2102 2215 conﬂatus,

554 2248 852 2318 symbolum
879 2256 963 2301 est
999 2247 1230 2316 Spiritus
1255 2250 1427 2302 sancti
1451 2289 1464 2310 ,
1489 2255 1756 2316 quatenus
1789 2249 1836 2301 is
1863 2246 1982 2300 Filii
2008 2263 2098 2301 no’

553 2343 635 2396 luis
666 2356 728 2394 ac
753 2340 930 2394 Patris
952 2340 1153 2394 notitiae
1183 2347 1370 2394 auctor
1399 2340 1632 2393 exsistit.
1663 2337 1900 2406 Denique
1945 2353 2103 2391 sexa-

552 2432 699 2502 ginta
723 2432 995 2486 seuarium
1021 2447 1302 2484 numerum
1339 2431 1391 2483 in
1415 2421 1706 2484 decadibus
1742 2429 2105 2498 habet,eoque

555 2522 854 2592 symbolum
882 2521 1079 2574 Christi
1109 2529 1192 2576 est
1229 2540 1243 2576 :
1280 2521 1484 2576 idcirco
1520 2519 1771 2572 nimirum
1792 2561 1806 2585 ,
1841 2519 1980 2590 quod
2014 2536 2102 2575 se-

555 2613 740 2666 narius
769 2627 1030 2667 numerus
1062 2628 1128 2666 ex
1150 2612 1356 2665 unitate
1387 2609 1754 2681 progrediens,
1779 2625 1841 2664 ex
1873 2611 2104 2680 propriis

555 2701 897 2771 componitur
918 2701 1181 2770 partibus,
1201 2700 1272 2753 ita
1304 2707 1363 2753 ut
1392 2699 1444 2752 in
1466 2715 1531 2754 eo
1552 2700 1682 2753 nihil
1712 2699 1925 2754 deﬁciat
1947 2708 2104 2755 autve

557 2793 814 2846 redundet
851 2812 864 2846 :
901 2793 952 2845 iu
1000 2808 1126 2846 suas
1166 2792 1306 2846 enim
1351 2799 1531 2860 partes
1561 2793 1832 2846 resolutus
1869 2793 2104 2862 comple-

558 2889 666 2936 tur.
708 2882 969 2936 Nimirum
1020 2883 1065 2936 si
1101 2898 1192 2936 sex
1233 2886 1286 2935 in
1329 2883 1463 2936 alios
1501 2891 1659 2951 atque
1707 2882 1842 2937 alios
1871 2883 2103 2952 aequales

557 2989 812 3030 numeros
845 2975 1136 3039 dividatur,
1187 2989 1409 3028 necesse
1437 2981 1520 3028 est
1549 2990 1613 3029 ex
1662 2975 1851 3029 iisdem
1907 2975 2101 3029 iterum

553 3065 760 3133 junctis
779 3069 1067 3136 segmentis
1087 3067 1332 3121 eumdem
1379 3080 1656 3120 numerum
1686 3067 1945 3136 reparari.
1986 3066 2104 3120 Pri-

560 3173 704 3211 mum
734 3159 945 3228 quidem
979 3158 1024 3212 si
1054 3159 1260 3212 medius
1289 3157 1576 3221 dividatur,
1606 3159 1706 3212 tria
1739 3159 1896 3213 ellicil
1919 3177 1934 3226 ;
1954 3193 1961 3200 -
1985 3174 2106 3212 rur-

559 3268 652 3306 sus
676 3253 719 3306 si
755 3254 808 3306 in
840 3260 951 3305 tres
979 3261 1158 3320 partes
1185 3251 1475 3314 dividatur,
1523 3249 1683 3304 eflicit
1724 3249 1864 3316 duo;
1913 3249 1957 3304 si
2010 3249 2103 3303 de-

558 3344 719 3412 nique
777 3344 829 3397 in
866 3360 958 3398 sex
992 3351 1171 3413 partes
1202 3342 1586 3405 distribuatur,
1620 3340 1907 3410 unicuique
1961 3340 2102 3409 parti

558 3437 730 3491 solum
764 3437 944 3490 unitas
965 3437 1239 3505 competit;
1273 3437 1521 3504 idemque
1553 3449 1740 3488 rursus
1776 3435 1831 3487 in
1865 3435 2101 3502 seipsum

556 3528 845 3597 colligitur.
867 3526 1000 3580 Nam
1023 3529 1077 3581 in
1105 3529 1186 3582 bis
1221 3528 1346 3594 tria,
1377 3537 1456 3581 ter
1475 3527 1601 3588 duo,
1627 3525 1801 3582 sexies
1827 3541 1988 3579 unum
2020 3525 2103 3578 di—

557 3619 724 3682 visus,
748 3618 1054 3688 conjunctis
1087 3615 1223 3672 inter
1264 3634 1322 3672 se
1352 3618 1524 3672 tribus
1559 3628 1611 3670 et
1658 3617 1869 3671 duobus
1897 3627 1948 3671 et
1973 3631 2100 3678 uno,

557 3724 744 3764 rursus
774 3710 1044 3764 senarium
1077 3709 1340 3778 integrum
1376 3708 1600 3778 perlicit.
1627 3706 1922 3762 Perfectum
1959 3706 2102 3760 enim

557 3801 862 3854 necessario
891 3808 993 3861 est,
1017 3800 1275 3870 quidquid
1305 3814 1476 3865 neque
1503 3799 1607 3852 alio
1647 3797 1714 3852 ad
1758 3797 1840 3851 sui
1870 3796 2105 3865 comple-

557 3901 792 3945 mentum
821 3901 957 3961 eget,
994 3907 1092 3946 nec
1120 3907 1354 3960 unquam
1394 3891 1657 3947 redundat
1706 3890 1986 3958 majusque
2020 3903 2104 3941 se-

559 3983 675 4050 ipso
740 3990 844 4036 est.
903 3982 1144 4036 Aliorum
1217 3990 1394 4038 autem
1467 3996 1812 4035 numerorum
1886 3977 2102 4049 quidam

558 4075 680 4144 plus
712 4088 872 4142 quam
923 4075 1148 4142 perfecti
1188 4083 1346 4140 sunt,
1378 4083 1436 4128 ut
1482 4071 1866 4127 duodenarius.
1932 4068 2105 4123 Media

557 4165 756 4233 quippe
790 4179 914 4232 pars
944 4164 1060 4233 ejus
1082 4165 1328 4220 senarius
1357 4172 1458 4228 est,
1485 4164 1639 4218 tertia
1667 4178 1791 4217 vero
1818 4169 2106 4232 quaterna-

556 4258 692 4317 rius,
720 4263 909 4324 quarta
951 4257 1235 4318 tertiarius,
1289 4263 1440 4311 sexta
1491 4254 1751 4317 binarius,
1790 4252 2106 4306 duodecima

559 4347 757 4402 unitas.
815 4346 936 4400 [hec
967 4355 1141 4401 autem
1174 4348 1227 4401 in
1259 4362 1379 4417 quae
1407 4345 1765 4399 duodenarius
1797 4352 1971 4412 potest
2024 4342 2106 4396 di-

556 4439 689 4503 vidi,
720 4440 763 4494 si
799 4456 989 4494 rursus
1014 4439 1065 4493 in
1095 4457 1152 4495 se
1183 4437 1876 4510 componantur,excedunt
1904 4435 2108 4490 duode-

2129 3203 2170 3260 C

2206 1970 2627 2042 σογκρατοῦντος
2663 1971 2722 2025 τὸ
2759 1974 2892 2025 πᾶν·
2932 1973 3000 2025 τὰ
3042 1973 3098 2025 δὲ
3148 1973 3393 2026 διακόσια
3436 1975 3525 2026 τὸν
3557 1976 3623 2026 ὲκ
3659 1975 3760 2027 δύο

2202 2059 2416 2114 τελείων
2441 2060 2684 2132 ἀριθμῶν
2713 2061 3148 2133 συνεζευγμένον,
3189 2063 3217 2114 ὃ
3242 2063 3304 2132 δή
3333 2065 3446 2116 ἐστι
3487 2063 3760 2133 σύμϐολον

2203 2153 2293 2206 τοῦ
2328 2153 2478 2222 ἁγίου
2522 2154 2862 2225 Πνεύματος,
2898 2155 3032 2208 καθὸ
3074 2156 3168 2226 τῆς
3213 2155 3464 2224 γνώσεώς
3512 2159 3629 2211 ἐστι
3658 2158 3755 2212 τοῦ

2203 2245 2332 2298 Υἱοῦ
2392 2245 2546 2298 τοῦτο
2603 2247 2694 2299 καὶ
2745 2248 2836 2300 τοῦ
2886 2247 3095 2317 Πατρὺς
3146 2251 3504 2319 περιεκτικόν.
3554 2252 3638 2305 Τά
3696 2252 3756 2304 δὲ

2203 2338 2480 2409 ἑξήκοντα,
2504 2340 2594 2391 τὸν
2626 2338 2684 2404 ἓξ
2712 2341 2937 2410 ἀριθμὸν
2968 2342 3026 2392 ἐν
3055 2341 3271 2394 δεκάσιν
3305 2343 3438 2412 ἔχει,
3463 2343 3491 2395 ὃ
3534 2344 3598 2414 δή
3636 2347 3756 2398 ἐστι

2205 2431 2465 2502 σύμϐολον
2514 2431 2606 2486 τοῦ
2657 2433 2921 2504 Χριστοῦ”
2958 2435 3246 2506 ἐπειδήπερ
3302 2437 3330 2488 ὁ
3381 2434 3485 2488 τῶν
3531 2434 3591 2499 ἒξ
3648 2436 3755 2489 ἀπὺ

2206 2525 2425 2594 μονάδος
2472 2525 2674 2596 προῖὼν
2728 2527 2971 2601 ἀριθμὸς,
3009 2529 3073 2580 ὲκ
3103 2519 3208 2579 τῶν
3265 2527 3404 2581 ἰδίων
3451 2529 3754 2583 συντίθεται

2205 2617 2402 2688 μερῶν,
2434 2617 2572 2671 ὥστε
2600 2620 2734 2689 μήτε
2776 2619 2982 2673 λείπειν
3017 2620 3074 2672 έν
3111 2619 3284 2691 ἑαυτῷ
3315 2638 3387 2685 τι,
3425 2622 3560 2691 μήτε
3598 2621 3755 2674 πλεο-

2201 2707 2406 2773 νάζειν·
2439 2711 2516 2773 είς
2547 2710 2615 2763 τὰ
2662 2710 2851 2763 ἑαυτοῦ
2881 2711 2989 2782 γὰρ
3026 2711 3163 2784 μέρη
3213 2711 3569 2782 ἀναλυόμενος
3622 2730 3756 2782 συμ-

2203 2801 2521 2870 πληροῦται.
2554 2797 2676 2855 Οἶον
2702 2801 2791 2854 τὸν
2815 2801 2874 2865 ἓξ
2905 2804 2983 2866 είς
3017 2802 3106 2854 ῐσα
3142 2803 3277 2874 μέρη
3316 2803 3372 2869 ἐξ
3397 2803 3523 2856 ἴσων
3564 2805 3756 2874 τεμνό-

2207 2909 2360 2962 μενον
2417 2892 2622 2963 μερῶν,
2653 2893 2860 2964 ἀνάγκη
2911 2893 3010 2962 τὴν
3053 2895 3218 2964 αὐτὴν
3254 2897 3317 2948 ἐκ
3351 2895 3457 2948 τῶν
3508 2897 3756 2967 διαμερι-

2206 2983 2436 3038 σθέντων
2499 2985 2796 3054 τμημάτων
2861 2984 3021 3038 πάλιν
3075 2988 3342 3057 ποσότητα
3395 2988 3752 3059 πληροῦσθαι.

2203 3075 2424 3145 Πρῶτον
2448 3076 2554 3145 γὰρ
2599 3076 2791 3146 μέρος,
2834 3076 2974 3128 κατά
3031 3075 3188 3146 μέσον
3220 3075 3587 3147 διαιρούμενος
3615 3081 3760 3130 ποιεί

2203 3166 2291 3220 τὸν
2316 3168 2439 3238 τρία
2457 3185 2470 3198 ο
2506 3163 2623 3221 εἶτα
2652 3170 2728 3230 είς
2752 3167 2876 3238 τρία
2909 3167 3275 3238 διαιρούμενος
3303 3169 3462 3240 μέρη,
3497 3176 3643 3224 ποιεῖ
3671 3172 3757 3225 τὸν

2201 3257 2321 3310 δύου
2355 3256 2471 3311 εἶτα
2503 3259 2580 3322 είς
2604 3259 2661 3324 ἓξ
2694 3260 2984 3329 μερισθεὶς,
3029 3262 3169 3313 ποιεῖ
3201 3261 3292 3312 τὸν
3320 3259 3432 3323 ἕνα,
3477 3263 3571 3314 καὶ
3615 3280 3758 3333 συμ-

2203 3349 2498 3421 πληρούται
2555 3349 2713 3404 πάλιν
2745 3353 2822 3414 εἰς
2867 3351 3072 3404 ἑαυτόν.
3105 3353 3197 3415 Εἰς
3230 3352 3335 3424 γὰρ
3377 3353 3458 3416 δὶς
3497 3353 3621 3424 τρία
3665 3356 3759 3410 καὶ

2202 3441 2318 3511 τρὶς
2342 3440 2432 3492 δύο
2465 3441 2555 3494 καὶ
2589 3439 2772 3503 ἑξάκις
2821 3441 2876 3493 ἒν
2916 3441 3282 3512 διαιρούμενος
3304 3484 3317 3506 ,
3363 3443 3759 3514 συντιθεμένων

2201 3532 2308 3584 τῶν
2339 3532 2501 3602 τριῶν
2522 3534 2614 3584 καὶ
2643 3532 2750 3585 τῶν
2777 3532 2868 3585 δύο
2889 3533 3090 3586 καὶτοῦ
3115 3535 3249 3597 ἐνὸς,
3272 3535 3430 3587 πάλιν
3457 3534 3758 3609 ἀναπληροῖ

2201 3623 2293 3675 τὸν
2321 3623 2397 3686 ἒξ.
2417 3622 2629 3676 Τέλειον
2658 3624 2712 3676 δὲ
2731 3626 2835 3677 πᾶν
2858 3624 2916 3688 ἐξ
2943 3625 3182 3695 ἀνάγκης
3211 3627 3324 3679 ἐστὶ
3347 3627 3404 3679 τὸ
3430 3629 3565 3698 μήτε
3589 3646 3755 3699 προσ-

2203 3713 2451 3782 δεόμενον
2482 3716 2561 3776 είς
2609 3714 2997 3787 συμπλήρωσιν
3031 3715 3216 3787 ἑτέρου
3238 3755 3252 3781 ,
3289 3717 3423 3785 μήτε
3465 3715 3756 3779 πλεονάζον

2204 3804 2392 3858 ἑαυτοῦ
2447 3805 2679 3859 πώποτε.
2739 3807 2858 3860 Τῶν
2910 3807 2966 3860 δὲ
3019 3808 3188 3862 ἄλλων
3245 3809 3493 3880 ἀριθμῶν
3548 3812 3599 3862 oi
3659 3812 3757 3880 μὲν

2206 3899 2532 3970 ὑπερτέλειοί
2579 3901 2732 3962 εἰσιν,
2775 3899 2848 3964 ὡς
2881 3902 2908 3953 ό
2939 3899 3164 3954 δώδεκα.
3200 3901 3272 3954 Τὸ
3311 3902 3419 3973 γὰρ
3443 3903 3557 3954 ἴσον
3592 3902 3756 3956 αὐτοῦ

2209 3991 2367 4062 μέρος
2407 3989 2476 4043 τὰ
2507 3990 2584 4056 ἒξ,
2619 3992 2709 4045 καὶ
2755 3992 2814 4045 τὸ
2849 3993 3025 4064 τρίτον
3057 3992 3123 4046 τὰ
3163 3994 3419 4065 τέσσαρα,
3453 3996 3546 4047 καὶ
3587 3997 3646 4048 τὸ
3672 3996 3761 4049 tt-

2203 4099 2398 4153 ταρτον
2430 4081 2496 4136 τὰ
2538 4084 2684 4154 τρία,
2731 4085 2822 4137 καὶ
2853 4083 2912 4136 τὸ
2945 4083 3098 4137 ἓκτον
3127 4086 3194 4138 τὰ
3226 4085 3340 4149 (Wo,
3369 4085 3460 4138 καὶ
3509 4086 3572 4139 τὸ
3598 4087 3760 4141 δωδέ-

2204 4189 2364 4231 κατον
2395 4172 2456 4225 τὸ
2502 4173 2578 4226 ἓν.
2611 4174 2704 4236 Είς
2736 4173 2771 4226 ἃ
2797 4174 3015 4228 δύναται
3062 4173 3402 4246 μερίζεσθαι,
3437 4177 3759 4231 συντεθέντα

2206 4262 2593 4332 ὑπερϐάλλουσι
2645 4265 2734 4317 τὸν
2784 4263 3025 4331 δώδεκα,
3076 4267 3136 4319 ού
3185 4268 3515 4338 τηρήσαντος
3566 4268 3759 4321 ἑαυτὸν

2208 4355 2318 4406 ἴσον
2348 4357 2458 4418 τοῖς
2487 4355 2647 4408 αὑτοῦ
2683 4355 2919 4426 μέρεσιν,
2952 4357 3026 4420 ὼς
3073 4359 3100 4410 ό
3131 4357 3209 4424 ἓξ.
3241 4360 3303 4411 Οἱ
3345 4358 3401 4411 δὲ
3434 4359 3757 4425 ὑποτέλειοι,

2205 4445 2280 4508 ὡς
2306 4446 2510 4500 ὀόκτώ.
2543 4447 2613 4500 Τὸ
2653 4447 2758 4518 γὰρ
2785 4449 2953 4518 ἥμισυ
2984 4448 3145 4502 αὐτοῦ
3177 4449 3243 4502 τὰ
3269 4450 3523 4520 τέσσαρα,
3568 4453 3663 4504 καί⁸
3697 4452 3758 4504 τὸ

557 4532 791 4595 narium,
840 4535 932 4602 qui
969 4548 1026 4586 se
1065 4531 1286 4602 proinde
1327 4547 1430 4586 non
1474 4537 1648 4584 servat
1690 4529 1944 4598 :nqualcm
1992 4527 2103 4580 suis

2209 4536 2460 4609 τέταρτον
2483 4538 2550 4590 τὰ
2574 4537 2684 4602 δύο,
2717 4537 2807 4590 καὶ
2835 4538 2894 4591 τὸ
2925 4538 3106 4607 ὄγδοον
3129 4540 3188 4591 τὸ
3217 4540 3290 4593 ἓν.
3324 4541 3414 4604 Εἰς
3439 4541 3472 4593 ἀ
3500 4543 3758 4610 τέμνεται

558 4625 822 4692 partibus,
857 4625 998 4678 sicut
1037 4626 1301 4678 senarius.
1349 4621 1451 4676 Alii
1492 4621 1824 4691 imperfecti,
1862 4629 1918 4674 ut
1955 4627 2105 4674 octo-

559 4717 761 4770 narius.
791 4715 962 4785 llujus
987 4717 1126 4770 enim
1149 4717 1447 4781 dimidium,
1478 4715 1884 4786 quaternarius;
1917 4723 2106 4783 quarta

559 4821 686 4861 vero
734 4822 876 4877 pars,
909 4809 1189 4877 binarius;
1234 4817 1444 4872 octava,
1491 4808 1690 4863 unitas.
1741 4807 1798 4860 ln
1849 4821 1986 4876 quas
2019 4806 2103 4860 di-

632 4960 742 5030 (22)
758 4964 888 5016 Κατ’
905 4963 1136 5018 εὐθεῖαν
1158 4964 1421 5031 ἀκριϐής.
1443 4963 1605 5030 Quasi
1629 4974 1769 5016 ’τινα
1797 4979 1857 5016 ac
1891 4964 2101 5030 directe,

559 5046 645 5095 ac,
679 5034 819 5100 quod
856 5034 1162 5094 reddebam,
1208 5037 1342 5088 citra
1368 5051 1566 5088 onmem
1591 5035 1878 5101 ambagem.
1905 5033 2105 5102 Nempe

557 5102 934 5175 xat’_e_t’iélaiav,
974 5105 1222 5167 subaudi,
1240 5106 1519 5175 γραμμήν,
1544 5105 1596 5157 id
1625 5113 1706 5159 est
1730 5105 1930 5175 lineam
1953 5122 1970 5166 ;
1996 5122 2104 5159 non

557 5172 700 5243 quod
718 5170 1016 5243 Possinius,
1032 5170 1307 5226 secundum
1329 5170 1516 5228 rectam
1534 5174 1708 5243 ﬁdem.
1726 5173 1918 5228 Dicunt
1932 5175 2103 5229 Graeci

559 5241 716 5322 fidem
741 5242 1187 5364 6pqu,.hinCt]ll.t:
1229 5245 1354 5324 illis.
1385 5241 1694 5315 ὀρθοσέομεῖν
1721 5255 1771 5299 ct
1805 5245 2098 5316 όρθοδοξία,

559 5327 619 5363 ac
651 5327 694 5364 su
742 5328 856 5364 uult
905 5315 1170 5364 eiusmodi
1203 5323 1307 5364 est.
1345 5330 1561 5364 inseque
1607 5316 1740 5364 adeo
1777 5317 2097 5364 Anoslulns:

556 5312 704 5385 ac_si_
742 5312 871 5380 quid
905 5313 1187 5385 ejusmodi
1203 5323 1307 5376 est,
1344 5312 1740 5382 ipseque'adeo
1777 5312 2097 5385 Apostolus:

494 5404 504 5449 έ
557 5380 792 5443 εὐθεῖαν,
825 5398 1119 5451 nunquam.
1151 5380 1441 5439 Comusrls.

621 5451 732 5520 (25)
750 5451 1107 5520 Μέχριπερ...
1126 5451 1228 5519 τῆς
1241 5454 1786 5520 ἀποκαταστάσεως.
1805 5453 1893 5508 Sic
1907 5455 2103 5523 ubique

559 5518 746 5575 Patres
773 5518 1210 5576 ἀποκατάστασιν
1252 5534 1465 5585 vocant,
1507 5525 1662 5592 quasi
1709 5518 2100 5592 reparationem

560 5599 753 5654 status,
783 5600 837 5646 et
873 5594 925 5647 in
962 5593 1224 5662 integrum
1257 5594 1687 5647 restitutionem:
1718 5609 1852 5647 sano
1884 5595 2099 5661 quidem

560 5676 743 5722 sensu,
803 5663 892 5731 qui
952 5679 1079 5717 sana
1138 5664 1270 5723 fide,
1321 5664 1526 5731 lapsum
1561 5663 1772 5731 quidem
1829 5663 2098 5717 hominem

562 5742 878 5802 agnoscunt,
927 5735 1018 5788 sed
1069 5735 1259 5788 Adami
1306 5733 1762 5802 praevaricatione,
1797 5748 1901 5801 qua
1945 5734 2099 5786 nobis

563 5799 762 5854 amissa
799 5804 1056 5859 rcctitudo
1097 5799 1356 5859 naturalis
1400 5813 1447 5860 et
1487 5802 1573 5856 Dei
1604 5804 1770 5872 gratia
1805 5799 1999 5872 jusque
2035 5803 2098 5855 ad

2211 4627 2371 4698 μέρη,
2417 4629 2732 4682 συντεθέντα
2786 4631 2928 4681 ποιεῖ
2968 4630 3056 4684 τὸν
3089 4629 3263 4696 ἑπτὰ,
3300 4634 3391 4684 καὶ
3445 4633 3759 4704 προσδεῖται

2211 4717 2430 4786 μονάδος
2465 4720 2545 4780 εἰς
2572 4719 2666 4789 τὴν
2712 4717 2902 4771 ἑαυτοῦ
2943 4719 3358 4791 συμπλήρωσινο
3395 4723 3490 4792 οὐχ
3524 4723 3598 4786 ὡς
3638 4727 3665 4776 ό
3696 4724 3763 4788 ἓξ

2208 4808 2471 4870 παντοίως
2495 4807 2665 4877 ἐαυτῷ
2698 4807 2982 4878 σύμφωνος
3008 4806 3100 4862 ὢν.
3128 4810 3216 4861 Διὸ
3241 4808 3331 4862 καὶ
3364 4809 3638 4880 ἀναφορὰν
3674 4813 3760 4874 εἰς

2206 4966 2430 5035 gloriam
2459 4981 2471 5028 ;
2507 4979 2734 5033 quorum
2774 4963 3008 5035 perfecta
3040 4963 3334 5035 restitutio,
3371 4963 3594 5033 ipsaque
3635 4965 3750 5035 glo-

2205 5037 2283 5088 ria
2316 5051 2378 5088 ac
2410 5034 2500 5086 Dei
2529 5036 2800 5104 possessio
2823 5037 2874 5087 in
2910 5034 3011 5087 fine
3046 5034 3201 5086 nobis
3234 5043 3611 5104 exspectetur;
3645 5034 3759 5091 non

2205 5103 3066 5175 Origeniano’delirio,rcujusquc
3098 5103 3560 5175 proprio_t!elicl0.
3601 5113 3761 5160 aliter

2244 5173 2363 5228 ua'm
2387 5173 2550 5226 animi
2580 5174 2898 5243 corporibus
2921 5173 3290 5243 alligarentur.
3331 5173 3447 5226 Non
3486 5182 3608 5243 apte
3625 5191 3759 5244 ergo

2244 5193 2363 5228 uam
2387 5193 2550 5226 animi
2580 5193 2898 5243 COI‘pOl‘lllllS
2921 5193 3290 5243 alligarentur.
3333 5193 3447 5226 non
3486 5193 3608 5243 apte
3625 5193 3755 5244 ergo

2204 5193 2506 5304 gessimus,
2558 5245 2717 5297 donec
2769 5245 3112 5297 instituantur
3142 5259 3271 5296 nova
3304 5245 3541 5306 swcula;
3593 5248 3755 5297 resti-

2207 5325 2421 5368 tuantur
2449 5313 2696 5376 dixisset,
2752 5315 2900 5367 nullo
2935 5312 3174 5381 periculo
3215 5311 3469 5366 Methodii
3511 5314 3756 5382 phrasim

2205 5393 2445 5445 secutus,
2479 5400 2581 5452 qua
2627 5384 2827 5438 Christi
2863 5385 3030 5453 gratia
3061 5383 3362 5453 reparativa
3411 5391 3464 5436 et
3503 5386 3756 5438 sanativa

2205 5459 2335 5523 (non
2371 5456 2485 5522 ipsa
2522 5453 2730 5521 prima,
2781 5452 3059 5522 primaque
3107 5453 3198 5505 Dei
3246 5452 3566 5507 liberalitate
3613 5469 3757 5506 cono

2205 5525 2377 5594 cessa)
2398 5523 2623 5594 ejusque
2653 5525 2914 5577 terminus
2948 5523 3245 5576 indicatur:
3268 5538 3380 5594 nec
3406 5537 3504 5594 nos
3538 5524 3760 5591 sapien-

2204 5591 2369 5647 tiores
2398 5591 2651 5647 Patribus
2702 5609 2909 5655 sumus,
2937 5599 2994 5646 ut
3024 5607 3209 5644 eorum
3244 5591 3569 5660 theologicas
3593 5607 3760 5648 voces

2205 5663 2473 5716 communi
2529 5679 2627 5714 usu
2685 5664 2880 5723 tritas,
2938 5678 3033 5716 nec
3078 5661 3332 5715 Ecclesia:
3374 5677 3600 5731 usquam
3653 5664 3761 5715 im-

2207 5733 2477 5853 proba;as,
2528 5749 2878 5802 respiramus,
2940 5741 3260 5802 nostrasque
3307 5733 3410 5786 illis
3456 5732 3763 5790 substitua-

2207 5817 2342 5853 mus.
2399 5818 2451 5853 ι).

2206 5817 2342 5856 lllllS.
2379 5817 2451 5857 ID.
