4056 6302
290 336 395 397 151
454 332 467 349 ’
956 402 959 404 _
1360 343 1743 404 CONVIVIUM
1782 339 2013 403 DECEM
2052 342 2412 402 VIRGINUM.
2572 332 2584 349 ’
3416 340 3521 397 158

284 462 377 522 τὸν
410 465 539 523 Υἱδν
583 468 842 542 ἀνείληφε
895 467 988 527 τοῦ
1019 464 1174 534 Θεοῦ,
1206 465 1315 521 ἀπὸ
1343 468 1437 522 τοῦ
1495 468 1855 541 πληρώματος

1979 468 2109 523 risus
2136 474 2321 538 partes
2366 465 2416 522 si
2458 478 2656 521 rursus
2683 479 2751 536 ex
2804 464 2939 537 ipsis
2963 470 3339 538 componatur,
3387 465 3522 520 nihil

286 559 384 630 τῆς
417 559 669 632 θεότητος
698 564 779 627 εἰς
813 561 905 616 τὸν
938 560 1050 632 βίον
1082 558 1416 630 ἐληλυθότος.
1451 563 1723 625 Κενωθεὶς
1748 561 1856 634 γάρ

1979 560 2065 615 nisi
2101 559 2465 629 septenarium
2513 557 2692 614 reddit
2735 577 2749 612 :
2791 558 3042 630 indigens
3073 559 3301 622 unitate,
3354 567 3414 613 ut
3454 558 3522 612 ad

290 652 386 706 ταὶ
433 652 530 725 τὴν
593 653 805 726 μορφὴν
851 652 943 707 τοῦ
1000 651 1185 705 δούλου
1230 650 1548 723 προσλαϐὼν
1566 690 1581 717 ,
1632 654 1711 716 εἰς
1762 652 1858 723 τὴν

295 742 487 799 δαυτοῦ
513 744 824 815 τελειότητα
850 744 1010 799 πάλιν
1036 740 1392 812 ἀνεπληρώθη
1428 742 1521 795 καὶ
1550 741 1651 813 τὴν
1678 740 1855 808 ἀξίαν.

293 834 465 898 Αὐτὸς
492 835 600 907 γὰρ
629 836 687 889 ὲν
708 834 881 906 ἑαυτῷ
908 833 1277 906 σμικρυνθεὶς,
1301 833 1395 886 καὶ
1422 833 1481 884 ὲν
1510 834 1621 896 τοῖς
1667 831 1859 885 ἑαυτοῦ

295 924 517 997 μέρεσιν
549 926 852 993 άναλυθεὶς,
882 929 945 980 ὲκ
976 927 1074 996 τῆς
1116 924 1303 979 ἑαυτοῦ
1358 925 1714 996 σμικρότητος
1766 923 1860 977 καὶ

290 1014 400 1069 τῶν
434 1017 625 1070 ἑαυτοῦ
657 1017 836 1090 μερῶν
866 1018 944 1081 εἰς
1002 1016 1101 1088 τὴν
1125 1013 1510 1086 συμπλήρωσιν
1555 1015 1714 1068 πάλιν
1760 1014 1860 1086 τὴν

292 1107 489 1162 ἑαυτοῦ
517 1110 690 1165 καὶτὸ
725 1108 949 1181 μέγεθος
990 1108 1246 1180 κατέστη,
1269 1109 1520 1164 οὐδέποτε
1542 1106 1637 1162 τοῦ
1660 1108 1860 1179 τέλειρς

295 1195 437 1254 εἶναι
474 1201 744 1271 μειωθεις.

1961 650 2044 705 sui
2071 649 2525 719 complementum
2559 648 2875 720 perveniat:
2912 664 3019 704 non
3076 650 3234 719 plane
3264 665 3330 705 ex
3374 649 3523 702 omni

1959 747 2113 807 parte
2135 739 2238 792 sibi
2264 737 2367 808 ipsi
2407 752 2733 803 consonans,
2775 748 2835 792 ut
2885 740 3155 793 senarius.
3185 738 3528 809 Quapropter

1961 830 2052 884 hic
2098 829 2165 883 ad
2195 828 2391 883 Filium
2416 828 2513 885 Dei
2559 829 2811 895 refertur,
2862 829 2954 901 qui
2994 844 3024 883 a
3058 828 3392 899 plenitudine
3437 828 3524 884 di-

1964 921 2204 977 rinitatis
2257 921 2312 974 in
2347 923 2610 977 mundum
2648 922 2875 978 venerit.
2926 921 3248 977 Exinanitus
3291 920 3436 975 enim
3472 929 3529 975 et

1964 1012 2136 1068 forma
2193 1013 2332 1067 servi
2396 1021 2648 1084 suscepta
2685 1014 2754 1080 ⁸⁸,
2820 1014 2877 1069 in
2936 1028 3092 1068 suam
3151 1027 3346 1067 rursus
3404 1026 3530 1080 per-

1966 1103 2250 1159 fectionem
2289 1118 2355 1159 ac
2390 1105 2705 1176 dignitatem
2740 1107 3055 1177 plenissime
3098 1105 3388 1161 restitutus
3416 1110 3521 1159 est.

1965 1194 2085 1266 lpse
2110 1196 2254 1251 enim
2294 1196 2350 1252 in
2390 1212 2450 1253 se
2485 1197 2606 1266 ipso
2642 1196 2967 1265 diminutus,
3005 1204 3060 1254 et
3090 1198 3148 1253 in
3179 1204 3362 1268 partes
3399 1210 3529 1253 suas

298 1292 571 1348 resolutus
600 1308 669 1348 ex
693 1308 791 1349 sua
822 1293 1182 1349 diminutione
1235 1293 1460 1364 suisque
1494 1291 1774 1364 ‘partibus,
1826 1292 1881 1345 in
1919 1290 2310 1361 plenitudinem
2340 1274 2560 1349 'rursus
2614 1292 2849 1363 priorem
2879 1307 2943 1348 ac
2983 1291 3408 1363 magnitudinem
3443 1306 3536 1347 re-

298 1396 520 1458 paratus
542 1397 663 1446 est:
699 1404 973 1461 nunquam
995 1389 1315 1453 diminutus,
1342 1398 1400 1443 ut
1416 1388 1687 1460 perfectus
1711 1402 1818 1444 non
1845 1395 2008 1443 esset.

390 1487 550 1541 Ἀλλὰ
569 1488 660 1542 καὶ
685 1490 718 1559 ἡ
742 1487 835 1542 τοῦ
860 1488 1064 1558 κόσμου
1090 1487 1265 1550 κτίσις
1300 1489 1365 1541 ὲκ
1403 1486 1594 1540 τούτου
1622 1485 1869 1556 φαίνεται

300 1581 448 1635 πᾶσα
476 1580 801 1651 συγκειμένη
826 1578 919 1632 τοῦ
954 1577 1189 1651 ἀριθμοῦ
1226 1578 1320 1631 καὶ
1359 1578 1458 1649 τῆς
1489 1577 1775 1650 ἁρμονίας,
1810 1579 1868 1631 ὲν

299 1670 360 1737 ἓξ
389 1672 620 1744 ἡμέραις
644 1672 970 1742 ποιήσαντος
1001 1670 1095 1724 τοῦ
1120 1668 1254 1723 Θεοῦ
1281 1670 1371 1723 τὸν
1397 1670 1620 1740 οὐρανὸν
1649 1669 1741 1722 καὶ
1767 1667 1866 1739 τὴν
1898 1703 1940 1758 Β

299 1765 422 1836 γῆν,
451 1766 544 1819 καὶ
573 1765 641 1819 τὰ
673 1767 731 1818 ὲν
760 1766 976 1830 αὐτοῖς·
1010 1764 1109 1835 τῆς
1144 1764 1427 1834 ποιητικῆς
1458 1762 1736 1833 δυνάμεως
1768 1760 1862 1815 τοῦ

298 1854 470 1924 Λόγου
494 1855 585 1908 τὸν
605 1855 664 1922 ἒξ
690 1854 1106 1927 ἐμπεριέχοντος
1123 1853 1375 1925 ἀριθμὸν,
1406 1852 1529 1906 καθ’
1559 1852 1616 1904 ὃν
1650 1853 1682 1922 ἡ
1712 1850 1867 1921 τριὰς

297 1947 563 2018 σωμάτων
590 1948 708 2000 ἐστὶ
735 1948 1011 2018 ποιητική.
1045 1946 1235 2016 Μῆκος
1264 1946 1373 2016 γὰρ
1415 1944 1510 1997 καὶ
1535 1942 1733 2006 πλάτος
1775 1943 1869 1996 καὶ

294 2040 461 2113 βάθος
495 2042 654 2115 σῶμα
685 2042 994 2115 ἐργάζεται.
1031 2042 1090 2093 '0
1139 2040 1195 2094 δὲ
1237 2039 1297 2104 ἓξ
1341 2040 1406 2092 ἐκ
1453 2036 1560 2091 τῶν
1591 2030 1869 2108 τριγώνων

292 2136 415 2193 ἐστὶ
459 2136 834 2206 συγκείμενος.
882 2136 991 2189 Καὶ
1036 2132 1164 2204 περὶ
1217 2132 1315 2202 μὲν
1362 2129 1566 2184 τούτων
1609 2129 1708 2182 οὐκ
1754 2127 1869 2182 ἔστι

293 2226 488 2299 καιρὸς
522 2228 747 2298 πρέπων
791 2228 849 2281 ὲν
883 2226 961 2297 τῷ
1004 2224 1231 2298 παρόντι
1281 2221 1566 2290 διεξελθεῖν
1603 2221 1670 2274 δι’
1713 2221 1870 2291 ἀκρι-

293 2318 474 2383 6είας,
509 2318 597 2373 ἴνα
629 2318 724 2391 μὴ,
752 2318 814 2374 τὸ
840 2318 1200 2391 προκείμενον
1220 2314 1585 2383 ὲάσαντες,τά
1615 2314 1867 2385 πάρεργα

296 2425 620 2481 σκοπωμεν.

2046 1484 2153 1540 Sed
2180 1492 2236 1541 et
2267 1485 2457 1541 mundi
2491 1487 2695 1542 creatio
2721 1493 2776 1542 et
2822 1487 3104 1541 harmonia
3152 1501 3223 1542 ex
3275 1485 3380 1540 hoc
3428 1501 3533 1539 nu-

1970 1590 2124 1632 mero
2156 1583 2271 1631 tota
2293 1576 2526 1632 conﬂata
2553 1577 2790 1633 videtur.
2832 1577 2937 1634 Sex
2968 1578 3169 1650 quippe
3196 1577 3408 1632 dierum
3437 1589 3536 1630 nu-

1971 1682 2122 1721 mero
2155 1666 2298 1724 Deus
2329 1669 2528 1723 caelum
2552 1678 2604 1725 et
2636 1676 2839 1724 terram
2869 1669 3113 1724 condidit
3149 1675 3204 1724 et
3229 1682 3291 1723 ea
3332 1681 3455 1737 qua:
3474 1666 3532 1721 in

1969 1757 2050 1813 eis
2084 1765 2245 1825 sunt;
2278 1760 2553 1815 senarium
2577 1760 2633 1813 in
2666 1775 2725 1816 se
2745 1775 3029 1815 numerum
3060 1759 3372 1814 continente
3387 1771 3540 1812 οτι-³η

1972 1848 2130 1903 tricis
2158 1848 2378 1905 virtutis
2421 1850 2658 1914 ratione,
2691 1850 2747 1917 in
2771 1864 2879 1919 qua
2920 1851 3196 1904 ternarius
3242 1862 3533 1918 corporum

1974 1938 2196 1994 eﬁ'ector
2227 1955 2291 1995 ac
2320 1954 2524 2010 parens
2580 1948 2852 1996 censetur.
2885 1940 3191 2011 Longitudo
3223 1941 3422 2011 quippe
3479 1947 3538 1995 et

1974 2029 2204 2084 latitudo
2258 2038 2314 2085 et
2377 2028 2724 2101 profunditas
2783 2046 2981 2102 corpus
3045 2030 3301 2087 eﬂiciunt.
3364 2031 3539 2088 Porro

1976 2120 2226 2177 senarius
2273 2136 2339 2177 ex
2382 2121 2615 2192 trigonis
2683 2131 2767 2177 est
2812 2122 3169 2192 compositus.
3221 2121 3299 2176 Ac
3341 2123 3408 2178 de
3452 2123 3540 2178 bis

1975 2212 2197 2283 quidem
2234 2213 2379 2269 haud
2432 2221 2799 2286 opportunum
2850 2215 2905 2269 in
2953 2230 3195 2284 praesens
3245 2221 3541 2285 aptumque

1973 2305 2286 2361 accuratius
2342 2305 2651 2363 disserendi
2698 2315 2950 2377 tempus;
3008 2322 3079 2361 ne
3135 2305 3343 2361 omisso
3394 2306 3536 2375 quod

1983 2395 2061 2449 rei
2094 2404 2257 2466 caput
2284 2411 2349 2452 ac
2364 2396 2666 2468 principale
2697 2404 3073 2468 argumentum
3096 2405 3200 2461 est,
3243 2395 3299 2448 in
3334 2395 3399 2451 iis
3422 2409 3543 2465 qua:

1979 2488 2217 2542 secunda
2267 2497 2394 2544 sunt
2435 2504 2500 2545 ac
2546 2497 2902 2546 consectanca
2945 2488 3184 2544 studium
3211 2502 3544 2558 operamque

1979 2586 2244 2637 teramus.
3228 2584 3233 2589 ’

380 2693 509 2748 Car.
545 2694 659 2749 XII.
689 2695 774 2750 Ad
798 2697 1149 2754 imitationem
1175 2697 1425 2755 Ecclesia:
1454 2701 1509 2754 in
1536 2698 1816 2754 solitudine
1835 2696 2066 2769 degentis
2098 2709 2149 2753 et
2170 2700 2453 2757 draconem
2486 2703 2803 2775 superantis,
2825 2709 3177 2772 provocamur
3209 2699 3451 2770 uirgines.

375 2805 584 2860 Οὐκοῦν
611 2806 768 2879 δεῦρο
794 2812 873 2874 εἰς
915 2810 1015 2883 τὴν
1047 2812 1250 2884 ἔρημον
1279 2813 1508 2868 ἐλθοῦσα
1543 2812 1747 2884 ταύτην
1779 2810 1874 2864 καὶ

301 2895 499 2965 ἄγονον
540 2899 725 2953 κακῶν
776 2902 808 2971 ἡ
855 2901 1150 2975 Ἐκκλησία
1199 2903 1493 2977 τρέφεται,
1534 2903 1871 2974 πτερουμένη

2049 2813 2106 2867 ln
2136 2815 2277 2871 hanc
2302 2818 2466 2888 igitur
2489 2820 2754 2874 malorum
2795 2818 3034 2874 sterilem
3064 2815 3413 2873 solitudinem
3450 2829 3546 2870 ve-

1980 2907 2137 2962 niens
2169 2906 2411 2965 Ecclesia
2462 2911 2727 2981 pascitur,
2761 2911 3016 2978 celsaque
3068 2910 3192 2964 σωιί
3235 2906 3543 2980 petentibus

300 2993 417 3054 τοῖς
453 2991 839 3065 οὐρανοπόροις
869 2996 969 3068 τῆς
1009 2998 1306 3071 παρθενίας
1336 3000 1576 3069 πτεροῖς,
1603 2997 1669 3061 ἃς
1694 2996 1873 3051 ἀετοῦ

1979 3001 2286 3071 grandescit
2331 3003 2661 3075 virginitatis
2707 3005 2830 3070 alis,
2869 3019 3009 3074 quas
3041 3001 3322 3073 Scriptura
3363 3002 3407 3033 ⁵³
3431 3016 3546 3053 ma-

298 3081 572 3152 μεγάλου
599 3085 894 3158 πτέρυγας
929 3090 957 3141 6
985 3089 1140 3160 λόγος
1168 3091 1291 3163 ἔφη,
1314 3093 1579 3164 νικήσασα
1618 3091 1709 3144 τὸν
1729 3090 1871 3160 ὅφιν,

1979 3108 2092 3162 grta:
2121 3093 2313 3163 aquin
2345 3094 2462 3149 alas
2517 3095 2893 3165 nuncupavit;
2928 3101 3082 3165 parta
3133 3093 3248 3165 jam
3302 3092 3369 3148 de
3422 3106 3540 3150 ser-
3568 3148 3569 3151 η

305 3175 405 3229 καὶ
432 3175 535 3257 τῆς
567 3178 967 3253 πληροσελήνου
1001 3184 1101 3255 τῆς
1141 3184 1342 3255 ἑαυτῆς
1376 3184 1475 3249 τὰς
1508 3183 1736 3253 νεφέλας
1777 3182 1876 3247 τὰς

302 3264 696 3339 δυσχειμέρους
718 3271 1105 3344 άπεωσαμένη.
1123 3273 1340 3328 Τούτων
1365 3274 1473 3346 γὰρ
1496 3274 1650 3345 χάριν
1673 3271 1876 3344 μεταξὺ

301 3357 511 3422 πάντες
537 3356 681 3414 οὗτοι
711 3363 1131 3436 παρηνέχθησαν
1148 3366 1315 3435 λόγοι,
1345 3365 1684 3429 διδάσκοντες
1713 3366 1875 3435 ὑμᾶς,

300 3441 351 3503 ὧ
400 3450 855 3523 καλλιπάρθενοι,
891 3457 1033 3510 κατὰ
1071 3458 1270 3529 κράτος
1312 3458 1593 3530 μιμεῖσθαι
1638 3457 1734 3530 τὴν
1778 3474 1880 3529 μη-

301 3540 459 3612 τέρα,
505 3542 581 3613 μὴ
619 3545 996 3601 ὲπιθολοῦσθαι
1028 3548 1085 3602 δὲ
1106 3552 1228 3614 ταῖς
1254 3550 1509 3623 άχθηδόσι
1534 3551 1628 3604 καὶ
1655 3552 1882 3623 τροπαῖς

302 3634 400 3686 καὶ
434 3633 648 3705 θλίψεσι
678 3638 771 3691 τοῦ
820 3640 955 3710 βίου,
994 3640 1081 3696 ἵνα
1125 3643 1494 3716 συνεισελθητε
1527 3643 1721 3716 γαῦροι
1765 3642 1882 3715 μετ’

302 3727 482 3798 αὐτῆς
514 3729 598 3792 εἰς
624 3728 715 3783 τὸν
741 3733 1002 3802 νυμφῶνα
1022 3772 1036 3797 ,
1073 3737 1511 3807 παραφαίνουσαι
1543 3738 1640 3803 τὰς
1663 3737 1882 3809 λαμπά-

301 3818 422 3883 δας.
448 3818 542 3891 Μὴ
569 3815 665 3875 οὖν
699 3822 1108 3896 ἀποδειλιάσητε
1151 3828 1288 3899 πρὸς
1315 3829 1414 3892 τὰς
1463 3828 1740 3900 μεθοδείας
1790 3831 1885 3885 καὶ

301 3910 564 3976 διαϐολὰς
605 3911 702 3966 τοῦ
743 3914 939 3988 θηρὸς,
982 3917 1116 3972 ἀλλὰ
1164 3920 1447 3993 καρτερῶς
1488 3924 1883 3978 ὲνσκευάσασθε

301 4004 447 4076 πρὸς
478 4005 582 4078 τὴν
613 4006 817 4079 μάχην,
870 4009 970 4082 τὴν
1001 4010 1166 4082 κόρυν
1212 4011 1307 4066 τοῦ
1343 4014 1609 4087 σωτηρίου
1656 4016 1750 4070 καὶ
1795 4016 1886 4070 τὸν

301 4095 535 4171 θώρακα
589 4100 690 4154 καὶ
736 4102 836 4166 τὰς
893 4103 1160 4174 κνημῖδας
1202 4101 1622 4177 ὲξωπλισμέναι.
1670 4108 1887 4180 Μυρίαν

303 4189 416 4263 γὰρ
446 4190 599 4261 αὐτῷ
644 4192 986 4264 κατάπληξιν
1033 4194 1307 4266 παράξετε
1336 4186 1480 4267 μετὰ
1512 4198 1708 4252 πολλοῦ
1746 4188 1887 4272 λήμ-
1922 4208 1925 4215 ’

305 4298 479 4353 ματος
512 4282 608 4337 καὶ
640 4283 907 4354 εὐψυχίας
956 4285 1422 4356 προσϐάλλουσαν
1465 4288 1587 4342 οὐδὲ
1633 4291 1889 4362 στήσεται

1980 3195 2136 3257 pente
2158 3187 2409 3253 victoria,
2441 3203 2506 3243 ac
2546 3204 2646 3245 suo
2683 3188 2983 3259 plenilunio
3015 3187 3353 3259 brumalibus
3383 3186 3546 3240 nubi-
3576 3248 3581 3257 ,

1980 3277 2083 3333 bus
2118 3277 2442 3350 infestisque
2471 3278 2739 3351 disjectis.
2782 3278 2987 3334 Horum
3021 3280 3164 3334 enim
3191 3278 3387 3348 gratia,
3407 3292 3545 3347 quos

1981 3364 2248 3421 hactenus
2283 3367 2669 3439 impendimus,
2706 3384 2897 3425 omnes
2932 3368 2987 3422 hi
3018 3384 3048 3421 a
3083 3368 3242 3423 nobis
3268 3382 3547 3423 sermones

1982 3456 2177 3527 prolati
2211 3464 2338 3511 sunt
2368 3476 2381 3512 :
2417 3459 2768 3527 adhortantes
2796 3475 2915 3527 vos,
2939 3475 2973 3514 o
3013 3459 3243 3530 egregia:
3285 3458 3546 3528 virgines,

1984 3554 2043 3604 ut
2067 3549 2197 3604 totis
2221 3548 2431 3605 viribus
2459 3557 2690 3607 matrem
2721 3551 3031 3618 imitemini,
3062 3566 3164 3605 nec
3200 3549 3388 3603 mundi
3421 3564 3540 3603 mo-

1983 3641 2156 3697 lestiis
2206 3641 2484 3712 variisque
2523 3650 2577 3699 et
2625 3642 2839 3698 aﬂlictis
2887 3641 3304 3706 vitae‘casihus,
3350 3641 3548 3697 mentis

1985 3748 2238 3789 serenum
2267 3734 2530 3803 turbetis;
2570 3741 2631 3789 ut
2669 3749 2779 3789 una
2814 3749 2938 3788 cum
2972 3734 3064 3788 illa
3096 3733 3452 3797 exsultantes,
3485 3747 3550 3787 ac

1985 3826 2230 3883 lucentes
2258 3825 2607 3897 praeferentes
2625 3826 2924 3897 lampades,
2943 3818 3013 3881 in'
3029 3827 3323 3880 thalamum
3353 3823 3553 3895 Sponsi

1985 3919 2248 3977 subeatis.
2276 3919 2355 3976 Ne
2407 3934 2538 3991 ergo
2591 3929 2814 3991 propter
2857 3919 3036 3974 varias
3085 3916 3355 3988 serpentis
3405 3923 3552 3972 artes

1984 4009 2213 4080 ejusque
2242 4008 2543 4063 calumnias
2572 4008 2813 4063 animum
2847 4006 3250 4078 despondeatis,
3282 4004 3378 4061 sed
3413 4019 3555 4076 pra:-

1986 4111 2174 4176 parate
2205 4119 2298 4158 vos
2322 4103 2521 4159 acriter
2548 4102 2614 4158 ad
2650 4117 2907 4174 pugnam,
2941 4102 3147 4172 galeam
3180 4102 3372 4158 salutis
3396 4108 3450 4157 et
3470 4100 3554 4157 lo-

1986 4187 2180 4260 ricam,
2210 4202 2323 4250 tum
2362 4209 2587 4250 crurum
2626 4194 3003 4264 femorumque
3047 4209 3198 4248 arma
3237 4194 3435 4249 bellica
3467 4192 3554 4249 in-

1987 4288 2214 4344 dutae”.
2260 4286 2640 4343 Incredibilem
2682 4288 2827 4342 enim
2857 4287 2934 4341 illi
2979 4294 3257 4357 stuporem
3287 4284 3550 4351 all'eretis,

301 4371 546 4439 πάντως,
570 4375 637 4427 ὲκ
662 4373 757 4431 τοῦ
787 4375 1094 4448 κρείττονος
1121 4376 1387 4449 όρῶνξτὰς
1418 4380 1741 4448 ἀντιπάλους
1784 4401 1877 4438 πα-

1990 4380 2120 4438 dum
2153 4397 2347 4454 magno
2370 4382 2424 4436 in
2460 4381 2637 4452 ipsum
2669 4380 2851 4435 animo
2885 4381 3218 4451 robustaque
3243 4378 3551 4435 constantia

303 4466 758 4538 ρατεταγμέναςο
819 4466 934 4522 ἁλλ’
998 4470 1226 4525 αὐτόθεν
1287 4470 1523 4544 ἄρασθαι
1572 4474 1681 4528 τῶν
1742 4476 1877 4531 ἑπτὰ

1990 4475 2229 4531 irruetis.
2282 4472 2469 4544 Neque
2523 4473 2747 4529 omnino
2799 4472 3088 4527 sustinebit
3140 4472 3425 4543 impetum,
3458 4469 3552 4541 qui

304 4559 710 4630 παλαισμάτων
734 4560 879 4633 ὑμᾶς
912 4566 1253 4637 συγχωρήσει
1286 4564 1357 4620 τά
1392 4566 1638 4639 ἀριστεῖα
1659 4570 1688 4623 6
1720 4571 1881 4626 πολυ-

306 4650 549 4722 κέφαλος
582 4652 676 4707 καὶ
706 4652 1134 4727 πολυπρόσωπος
1171 4654 1294 4728 θήρ.

1987 4568 2085 4624 Dei
2109 4569 2268 4639 jussu
2301 4566 2575 4637 ductuque
2613 4565 2911 4621 instructas
2949 4571 3110 4635 atque
3145 4564 3418 4619 accinctas
3452 4561 3552 4616 ad-

1989 4676 2207 4719 versum
2238 4675 2298 4716 se
2330 4658 2627 4730 procedere
2655 4658 2803 4713 acies
2846 4657 3047 4712 videat.
3082 4654 3189 4713 Sed
3231 4656 3412 4713 statim
3446 4655 3552 4710 tol-

310 4748 429 4803 lere
463 4760 564 4800 vos
620 4745 980 4801 certaminum
1038 4753 1244 4817 septem
1304 4747 1482 4817 opima
1519 4750 1694 4820 spolia
1722 4756 2073 4828 praemiaque,
2127 4751 2413 4821 multiceps
2463 4759 2519 4805 et
2561 4748 2875 4804 multil‘rons
2913 4748 3089 4806 bestia
3135 4748 3323 4804 volens
3360 4749 3552 4805 nolens

310 4840 474 4899 feret.

384 4974 623 5044 Πρόσθε
644 4969 800 5025 λέων
818 4970 952 5043 (24),
983 4971 1190 5027 ὄπιθεν
1221 4971 1288 5026 δὲ
1313 4972 1563 5044 δράκων,
1584 4975 1787 5044 μέσση
1823 4977 1891 5030 δὲ

277 5099 288 5185 λ
385 5115 599 5185 Δεινὸν
634 5113 1048 5185 duom-eloan
1077 5116 1266 5185 πυρὸς
1286 5115 1470 5184 μένος
1501 5043 1852 5185 άὶὶῖἓῗῖιῗέξαρὲἓ.

280 5180 289 5288 ὲ
386 5187 501 5243 Καὶ
527 5183 646 5253 τὴν
664 5180 781 5253 μὲν
813 5180 1224 5253 κατέπεφνάὸ
1240 5180 1736 5310 ’θεωροφιῖήὲς

282 5300 285 5310 -
1617 5273 1649 5310 τ
1694 5274 1732 5310 ν

1582 5254 1602 5329 [
1617 5256 1732 5325 τὴν

2024 4980 2221 5036 Fronte
2248 4982 2348 5048 leo,
2378 4978 2649 5050 caudaque
2666 4975 2848 5043 draco,
2878 4974 3147 5046 mediaque
3166 4974 3415 5030 chimwra

2027 5116 2130 5174 Ore
2158 5130 2365 5171 vomens
2392 5115 2543 5169 savis
2571 5113 2814 5167 incendia
2843 5112 3021 5167 lurida
3040 5111 3271 5181 ﬂammis
3297 5127 3315 5165 :

2027 5187 2096 5242 Et
2124 5188 2276 5243 illam
2319 5183 2527 5256 quidem
2562 5183 2909 5254 Bellerophon
2950 5183 3172 5239 sustulit
3202 5197 3221 5237 :
3256 5181 3390 5234 hanc
3434 5192 3554 5230 vero

277 5388 283 5398 ’
385 5418 433 5452 εκ
472 5412 621 5470 Phil.
649 5427 713 5478 ιι,
740 5409 792 5463 7.
870 5409 915 5442 ιο
955 5408 1141 5465 Ezech.
1171 5426 1302 5477 xvn,
1344 5412 1397 5467 3.
1474 5412 1520 5443 σθ
1564 5410 1754 5482 Ephes.
1785 5428 1861 5476 Vl,
1899 5413 1987 5468 17.

390 5576 504 5653 (2.1)
534 5574 774 5645 Πρόσθε
809 5574 870 5626 λ.
904 5569 1062 5629 Hom.
1127 5571 1291 5628 Iliad.
1331 5571 1392 5636 Ζ,
1424 5571 1547 5633 181..
1594 5571 1716 5627 190.
1746 5571 1881 5626 Con.

319 5665 505 5787 “lissi
541 5713 927 5787 Karénsgcrer
965 5716 998 5768 ό
1026 5713 1540 5787 Βελ.λῑ.ςροέ.ςί5ντηςιἒ
1576 5710 1890 5787 Leonis_A_l-

328 5790 443 5848 latii
472 5782 786 5854 lectionem,
814 5785 988 5856 ipsam
1022 5785 1380 5856 laborantem,
1401 5782 1544 5855 quod
1576 5784 1694 5838 loco
1721 5784 1747 5835 6
1775 5782 1896 5835 Βελ-

1996 5567 2320 5641 λεροφὸντης
2340 5572 2505 5641 esset,
2521 5567 2550 5620 6
2577 5564 2842 5638 Περσεύς,
2863 5563 3079 5641 praglixa
3108 5557 3271 5641 etiam
3290 5555 3557 5641 particula

1997 5629 2224 5706 np'iv'ad
2259 5629 2580 5706 esplendum
2619 5629 2851 5706 metrum
2865 5629 2891 5706 ',
2921 5634 3001 5706 sic
3032 5629 3174 5684 nulla
3207 5629 3282 5705 vi,
3308 5629 3560 5706 exigente

1997 5659 2038 5694 π
2080 5659 2125 5692 ιν
2160 5659 2224 5692 au
2259 5659 2323 5692 cx
2366 5659 2580 5691 ICIIUUIII
2619 5659 2887 5698 ιιιειιύιιι,
2921 5659 3001 5689 su:
3032 5659 3174 5684 "Ilua
3216 5659 3282 5688 vl,
3308 5659 3559 5697 ςιιδῠιιιῠ

1997 5659 2175 5765 [aquila
2202 5724 2295 5764 seu
2329 5659 2589 5780 historia,
2618 5705 2932 5780 emendavia
2956 5701 3135 5780 Longe
3158 5693 3330 5780 enim_
3353 5695 3559 5780 distant

2001 5780 2232 5837 l’crseus
2261 5785 2314 5833 et
2334 5767 2706 5847 Bellerophon,
2738 5771 3041 5839 diversique
3063 5767 3282 5846 illorum
3318 5767 3553 5829 labores,
3582 5816 3585 5817 ν
