4056 6302
540 381 646 439 ιςο

1485 382 1545 442 S.
1587 381 1914 440 METRODII
1945 382 2254 442 EPISCOPI
2290 382 2378 438 ET
2405 379 2763 438 MABTYRIS

3605 367 3617 380 '
3671 377 3801 434 tuo

570 498 816 558 Christus
839 515 930 555 rex
951 516 971 554 :
993 499 1171 554 muttis
1193 500 1380 571 quippe
1401 501 1564 555 exitio
1601 501 1725 571 fuit.
1756 518 1847 555 nec
1877 501 2076 570 ferendi

2262 498 2516 568 Χριστὸς
2545 496 2699 563 ἄναξ
2722 514 2734 526 ·
2771 492 3039 560 πολλοὺς
3091 493 3200 565 γὰρ
3243 493 3585 571 ἆπώᾼεσετ,
3613 492 3798 571 ⁸οὐδέ

1746 574 1825 626 uis
1846 582 1957 625 erat

1746 574 1825 626 uis
1846 582 1957 625 erat

569 638 746 706 Quam
777 655 841 694 ea:
869 640 1010 710 genis
1045 655 1258 694 noxiam
1283 656 1519 710 spumam
1543 571 1841 706 eructiztimt;
1965 613 1979 638 ’

533 776 639 832 nisi
671 775 1002 847 proﬂigatam
1031 774 1283 831 Christus
1302 777 1452 844 prius
1473 773 1817 833 debellassct,
1838 786 2094 840 prorsus-

531 885 638 938 que
683 868 954 923 infirmam
1005 877 1169 939 atque
1207 874 1569 937 contemptam
1601 864 1785 934 .nobis
1817 864 2090 920 reddidis-

531 970 634 1017 set.

527 1077 656 1134 CAP.
684 1076 822 1136 XIII.
853 1080 1049 1136 Bestia:
1070 1081 1375 1136 diademata
1402 1091 1622 1152 septem,
1649 1081 1860 1152 victrice
1889 1081 2137 1152 castitate

2262 639 2499 708 Λοίγιον
2549 638 2618 691 ἐκ
2665 637 2890 708 γενύων
2928 635 3119 704 ἀφρὸν
3161 563 3694 704 ἐρευγοὲξξαὲτβψ

2199 777 2248 829 εἰ
2282 773 2356 848 μὴ
2399 776 2662 847 πρότερον
2709 773 2941 837 ἐκλύσας
2984 773 3150 845 αὐτὴν
3191 773 3616 844 κατειργάσατο,
3669 773 3784 826 καὶ

2198 867 2397 938 ἀσθενῆ
2430 867 2525 921 καὶ
2550 866 3020 938 εὐκαταφρόνητον
3045 867 3175 936 ἡμῖν
3215 864 3501 928 παντελῶς
3540 865 3779 934 ἐποίησε

2197 959 2454 1031 Χριστός.

2191 1079 2444 1136 tollenda.
2483 1081 2741 1134 Draconis
2769 1096 2966 1134 cornua
2999 1079 3197 1143 decem,
3230 1077 3491 1150 Decalogo
3523 1077 3778 1146 opposita

1607 1153 1755 1208 uitia.
1789 1149 1918 1205 Fati
1941 1151 2134 1220 opinio,
2165 1151 2366 1226 malum
2397 1153 2708 1207 maximum.

595 1263 772 1330 Quare
803 1267 1048 1322 masculo
1079 1268 1373 1338 sobrioque
1422 1275 1705 1338 assumpto
1732 1268 1938 1333 _animo,
1974 1266 2088 1321 fru-

524 1364 634 1412 atra
669 1357 902 1428 ringenti
932 1359 1121 1412 bellua:
1151 1373 1215 1412 ac
1236 1361 1462 1414 tumenti
1488 1374 1637 1414 arma
1668 1361 1941 1431 opponite.
1958 1359 2088 1430 Ejus

521 1447 657 1501 nihil
689 1450 1187 1518 oppugnationibus
1208 1451 1400 1514 cedite,
1435 1461 1593 1505 autve
1618 1451 1742 1506 hinc
1771 1453 2084 1517 turbemini,

522 1539 666 1608 quod
699 1537 1048 1594 ferocientem
1078 1540 1328 1595 videatis.
1365 1539 1638 1596 Infinitam
1669 1542 1815 1597 enim
1839 1542 2087 1600 referetis

523 1630 775 1699 gforiam,
812 1630 857 1685 si
889 1631 1111 1685 victoria
1137 1633 1340 1702 potitae,
1365 1648 1502 1703 quas
1531 1641 1706 1704 gestat
1749 1643 1956 1706 septem
1987 1650 2084 1690 co-

524 1735 692 1774 ronas
716 1735 780 1775 ac
808 1721 1136 1786 diademata,
1160 1724 1226 1778 ab
1261 1725 1350 1778 illa
1383 1725 1752 1791 abstuleritis;
1788 1727 1858 1781 de
1887 1727 2084 1796 quibus

525 1811 684 1865 nobis
714 1820 989 1869 certamen
1026 1828 1088 1868 ac
1117 1814 1260 1868 lucta
1301 1818 1578 1887 proposita
1607 1826 1712 1884 cst,
1735 1825 1796 1872 ut
1831 1819 2088 1889 magister

525 1914 710 1959 noster
729 1903 928 1960 Paulus
955 1906 1136 1964 tradit.
1170 1907 1301 1975 Quae
1329 1911 1472 1965 enim
1494 1911 1762 1967 debellato
1789 1913 1942 1982 prius
1968 1912 2088 1966 dia-

519 1993 666 2058 bolo.
697 2005 900 2067 septem
943 1999 1120 2068 capita
1153 2005 1442 2066 necaverit,
1471 2011 1676 2074 septem
1718 2003 1936 2060 virtutis
1991 2019 2086 2059 co-

520 2102 682 2144 ronas
723 2089 1074 2160 adipiscetur,
1111 2102 1313 2162 septem
1362 2095 1572 2165 magnis
1600 2094 1882 2165 perfuncta
1916 2097 2083 2151 casti-

520 2179 646 2234 tatis
667 2183 1081 2238 certaminibus.
1116 2182 1292 2254 Caput
1315 2186 1457 2241 enim
1490 2187 1749 2243 draconis
1779 2195 1864 2242 est
1887 2188 2081 2242 intem-

517 2275 758 2342 perantia
789 2282 843 2328 et
875 2276 1069 2342 luxus;
1094 2277 1187 2346 qui
1211 2277 1312 2332 hoc
1339 2287 1502 2349 caput
1533 2279 1887 2351 confregerit,
1917 2281 2084 2336 casti-

515 2365 639 2420 tatis
663 2380 867 2420 corona
890 2369 1196 2422 ornabitur.
1231 2369 1401 2440 Caput
1431 2379 1516 2425 est
1537 2378 1590 2426 et
1623 2371 1856 2442 ignavia,
1896 2370 2084 2426 fracti-

517 2469 620 2524 que
650 2457 816 2510 animi
849 2458 1080 2514 imbellis
1108 2475 1309 2529 pavor;
1351 2463 1447 2530 qui
1495 2461 1783 2532 hoc'pede
1830 2479 2082 2534 premens

515 2547 742 2625 eliserit,
774 2561 1028 2602 coronam
1053 2549 1264 2605 auferet
1297 2552 1563 2622 martyrii.
1606 2551 1781 2623 Caput
1814 2562 1974 2609 estet
2001 2556 2082 2608 in-

517 2637 748 2700 fidelitas
780 2645 835 2692 et
865 2641 1117 2708 stultitia,
1143 2650 1197 2697 et
1239 2643 1444 2713 reliqua
1477 2644 1529 2698 id
1559 2661 1730 2716 genus
1760 2647 2083 2717 improbita-

513 2721 586 2785 tis
615 2738 892 2788 monstra:
923 2734 1016 2803 qui
1039 2749 1102 2788 ea
1142 2733 1433 2790 confecerit
1456 2751 1519 2791 ac
1551 2737 1869 2808 perdiderit,
1899 2740 2079 2809 opima

512 2818 580 2874 de
612 2822 719 2877 illis
749 2822 987 2878 vietoriae
1017 2828 1239 2895 praemia
1262 2831 1582 2900 reportabit,
1616 2833 1913 2889 multifarie
1946 2849 2080 2888 con-

512 2923 634 2968 tusa
661 2917 900 2985 potentia
938 2918 1214 2976 draconis.
1252 2921 1384 2984 Nam
1410 2931 1460 2979 et
1491 2924 1676 2980 decem
1713 2943 1919 2982 cornua
1954 2944 2080 2983 acu-

513 3004 690 3076 leique
714 3024 834 3078 quae
859 3009 912 3064 in
944 3011 1212 3080 capitibus
1237 3013 1377 3069 ferre
1400 3016 1566 3072 draco
1597 3017 1778 3073 dictus
1817 3027 1921 3083 est,
1945 3035 2076 3074 con-

512 3099 682 3152 traria
704 3099 888 3156 decem
925 3102 1191 3175 Decalogo
1218 3117 1537 3178 argumenta
1567 3117 1714 3174 sunt,
1744 3126 1776 3165 o
1802 3113 2074 3182 praeclarae
2101 3135 2143 3192 ο

512 3189 772 3261 virgines,
801 3197 996 3264 quibus
1034 3197 1266 3254 arietare
1313 3201 1602 3272 acriusque
1632 3211 1815 3272 petere
1843 3217 1905 3258 ac
1941 3203 2077 3272 deji-

512 3295 636 3336 cere
668 3284 1022 3353 plurimorum
1080 3291 1288 3347 animos
1337 3295 1659 3360 consuevit;
1703 3311 1895 3365 nempe
1942 3295 2072 3350 huic

510 3385 776 3445 praecepto
806 3397 818 3432 :
854 3377 1048 3450 Diliges
1082 3381 1364 3438 Dominum
1388 3385 1550 3439 Deum
1585 3398 1730 3439 tuum
1759 3387 1824 3452 εί,
1855 3403 1918 3442 ac
1947 3389 2076 3442 reli-

509 3468 631 3536 quis
647 3469 902 3541 deinceps
933 3475 1202 3530 mandatis
1233 3478 1503 3532 contraria
1536 3479 1753 3549 sapiens
1779 3480 2076 3550 ipse,aliis-

507 3574 614 3629 que
661 3562 951 3620 obtrudere
1002 3575 1273 3638 satagens.
1327 3568 1455 3624 Vide
1516 3572 1660 3625 enim
1713 3572 1858 3627 illius
1899 3588 2071 3627 cornu

508 3651 629 3720 igne
652 3670 942 3713 accensum
967 3675 1028 3714 ac
1063 3663 1480 3727 amarulentum,
1503 3663 1940 3727 fornicationem,
1960 3682 2070 3737 quo

506 3743 928 3816 intemperantes
959 3749 1079 3805 fcrit
1109 3773 1122 3808 :
1160 3754 1278 3809 vidc
1307 3755 1658 3821 adulterium,
1695 3757 1815 3812 vide
1846 3758 2070 3812 menda-

505 3837 670 3902 cium,
703 3841 824 3896 vide
868 3845 1168 3911 avaritiam,
1209 3849 1331 3904 vide
1383 3850 1614 3914 furtum,
1651 3858 1812 3920 atque
1857 3852 2068 3922 reliqua

504 3925 590 3981 his
615 3945 870 4000 germana
896 3943 950 3988 et
990 3935 1199 4005 afiiuia,
1228 3947 1428 4009 quanta
1477 3941 1625 3996 circa
1666 3942 1812 3998 illius
1844 3941 2072 4012 parrici-

575 4074 622 4106 ⁶¹
662 4053 819 4130 Deut.
851 4092 926 4141 v1,
948 4077 1008 4133 5.

503 4231 588 4314 vel
619 4233 752 4296 veri,
780 4233 863 4314 vel
894 4234 1034 4290 ﬁcti:
1071 4251 1172 4314 nec
1201 4244 1348 4314 tanta
1392 4236 1646 4314 Methodii
1687 4239 2058 4314 ἀνιστορησία,

507 4312 566 4357 ut
587 4320 706 4380 qua;
728 4305 888 4380 unius
913 4314 1040 4359 sunt
1056 4309 1154 4380 _(re
1173 4309 1250 4380 sic
1270 4309 1416 4380 trita,
1447 4319 1500 4362 et
1528 4311 1589 4380 in
1612 4313 1806 4378 patria.
1834 4305 2061 4380 cui'ipse

505 4374 720 4451 praefuit
762 4374 1090 4451 episcopus)
1124 4377 1376 4451 tribuerit
1404 4397 1415 4431 :
1449 4379 1542 4433 sed
1590 4374 1874 4451 a'ntiquarii
1914 4374 2058 4437 istud

507 4445 743 4520 plagiam
769 4445 981 4520 l'uit,iu:t_
1009 4445 1063 4520 et
1091 4449 1234 4517 quod
1261 4446 1554 4520 Vaticanus
1570 4445 2059 4520 antiquarius,ipse

509 4515 1125 4603 t'idifultis:'subdidit,_
1149 4518 1505 4603 [(ατέπεφνῇ.
1542 4515 1752 4601 ῌατρδς
1776 4515 2060 4602 τεράτέσσι
2095 4549 2138 4603 D

511 4586 742 4661 πιθήσας
771 4588 1003 4661 Χριστὸς
1042 4588 1226 4661 ἄναξ-ο
1259 4586 1414 4658 quasi
1448 4586 1698 4646 Christus
1738 4586 1862 4645 vere
1893 4592 2064 4661 ipsius

510 4656 776 4728 chimaera:
803 4656 1038 4714 domitor
1061 4659 1222 4714 fuerit
1249 4656 1476 4728 eamque
1505 4661 1787 4724 occiderit,
1818 4656 1930 4715 non
1945 4662 2062 4716 dia-

510 4725 692 4802 bolum
739 4737 793 4783 et
825 4731 1139 4802 draconem,
1179 4734 1340 4799 cuius
1366 4725 1452 4802 ille
1478 4740 1606 4802 typo
1631 4732 1943 4785 chimaeram
1973 4748 2064 4788 as-

510 4797 678 4873 sumit
706 4818 718 4853 :
744 4800 843 4873 qui
865 4816 1058 4873 sensus
1086 4797 1454 4869 perabsurdus
1482 4797 1587 4873 est,
1619 4819 1728 4873 quo
1756 4803 1920 4857 etiam
1957 4803 2066 4856 hiat

507 4867 703 4941 oratio,
735 4867 1040 4925 desiderata
1063 4867 1230 4926 altera
1256 4881 1408 4941 parte
1441 4867 1764 4928 adversante
1791 4892 1802 4926 :
1839 4888 1960 4925 nam
1982 4874 2062 4937 τὸ,

507 4939 606 5015 τὴν
637 4939 892 5015 μὲνλτὴν-
915 4941 970 4995 δέ
989 4943 1222 5012 postulat
1245 4939 1358 4997 sive
1381 4943 1542 5015 etiam
1574 4943 1663 4996 τὸν
1689 4944 1782 5015 δέ,
1801 4943 1942 5015 quod
1970 4943 2067 4996 lia-

511 5007 688 5089 Iiucrit
718 5007 895 5089 Alla'tii
919 5007 1122 5089 codex;
1155 5024 1344 5089 estque
1382 5014 1612 5089 indicio.
1645 5014 1790 5089 quod
1820 5007 2062 5089 "mascu-

508 5081 622 5154 lino
642 5096 837 5150 genere
867 5083 1222 5154 ἐρευγόμενον
1255 5081 1434 5148 habet,
1459 5086 1614 5154 quasi
1646 5081 1933 5140 referendo
1975 5085 2065 5137 τὸν

505 5151 777 5224 δράκοντα
809 5160 862 5224 et
887 5151 1192 5208 diabolum:
1229 5170 1391 5224 quam
1424 5151 1706 5211 lectionem
1734 5157 1916 5209 minus
1939 5171 2066 5224 pro-

509 5223 601 5278 bat
630 5223 807 5296 editor
839 5223 1066 5293 Lupar.,
1114 5241 1212 5296 ego
1243 5223 1414 5294 magis
1456 5228 1648 5296 probo,
1678 5223 1970 5295 malimque
1997 5226 2062 5279 ad

509 5307 628 5366 eam
661 5295 850 5366 omnia
873 5295 1274 5366 componi,etsi
1308 5295 1558 5352 feminine
1584 5298 1711 5352 ferri
1739 5304 2062 5366 potest,qua

509 5363 792 5418 Cbiuueraa
827 5363 1018 5434 figura,
1050 5366 1250 5421 Christi
1288 5367 1354 5421 de
1387 5366 1619 5421 dracone
1655 5377 1708 5422 et
1739 5363 2066 5421 diabolo’vi-

513 5435 741 5508 ctoriam
774 5435 1056 5502 describit,
1090 5437 1182 5507 qui
1226 5437 1296 5508 s_it
1325 5438 1554 5508 mystica
1583 5437 1866 5492 Chimaera.
1895 5435 2066 5491 Porro

510 5507 776 5560 Chimaera
833 5521 990 5578 mons
1018 5506 1182 5562 estin
1231 5506 1393 5578 Lycia
1445 5507 1770 5578 ignivomus,
1813 5509 1869 5561 in
1913 5508 2065 5577 cujus

513 5578 794 5648 cacumine
829 5577 1011 5634 leones
1041 5577 1377 5648 habitarent,
1418 5577 1483 5631 in
1511 5578 1687 5632 medio
1726 5579 1816 5633 ubi
1849 5579 2066 5648 pascuis

516 5647 772 5719 abundat,
797 5664 973 5717 capra-
998 5667 1012 5715 ;
1048 5649 1102 5703 in
1133 5647 1427 5710 radicibus,
1456 5647 2068 5719 serpentes,quemBel-

515 5717 773 5790 let-ophen
821 5720 1169 5790 habitabilem
1219 5719 1512 5774 reddiderit
1537 5717 1564 5787 ζ
1611 5717 1844 5790 hincque
1893 5720 2066 5788 poetis

514 5787 822 5861 edomuisse
843 5789 1164 5846 Chimaeram
1181 5798 1480 5846 monstrum
1503 5806 1597 5861 per
1625 5787 1859 5861 fabulam
1876 5787 2066 5861 dictus

518 5860 608 5914 sit.
644 5857 885 5914 Meminit
911 5863 1070 5916 etiam
1101 5862 1218 5933 ejus
1254 5861 1453 5920 montis
1478 5857 1732 5934 ignivomi
1763 5859 2065 5916 Methodius

2263 1267 2380 1332 Διὸ,
2415 1266 2587 1338 θυμὸν
2611 1267 2815 1339 ἄρρενα
2842 1264 3100 1318 λαϐοῦσαι
3129 1263 3223 1317 καὶ
3253 1264 3508 1333 νήφοντα,
3545 1263 3770 1316 ἐναντία

2193 1359 2349 1412 θέσθε
2393 1357 2470 1428 τῷ
2503 1357 2630 1428 θηρὶ
2669 1355 2963 1428 σφριγῶντι
3002 1353 3068 1408 τὰ
3109 1354 3276 1407 ὃπλα’
3315 1353 3435 1424 μηδ’
3477 1354 3776 1425 ὑποχωρήο

2192 1469 2323 1523 σητε
2373 1451 2432 1504 τὸ
2465 1449 2718 1511 σύνολον,
2764 1450 2846 1518 ἐφ’
2889 1442 2971 1511 οἷς
3016 1446 3338 1518 θρασύνεται
3370 1445 3765 1517 ταραχθεῖσαιο

2196 1543 2386 1615 μυρίον
2416 1542 2524 1614 γὰρ
2547 1540 2695 1606 ἕξετε
2719 1540 2896 1604 κλέος,
2928 1539 3022 1592 ἐὰν
3057 1538 3289 1610 ἀφέλητε
3319 1539 3609 1610 νικήσασαι
3636 1540 3768 1602 τοὺς

2191 1637 2275 1689 ἐπ’
2303 1634 2463 1690 αὑτοῦ
2495 1634 2788 1702 στεφάνους
2815 1631 2974 1695 ἑπτὰ,
3009 1631 3076 1684 δι’
3105 1630 3200 1693 οὒς
3225 1633 3252 1684 ὁ
3282 1628 3429 1698 ἀγὼν
3463 1632 3594 1700 ἡμῖν
3628 1631 3768 1702 πρό-

2189 1746 2364 1783 κειται
2393 1728 2486 1781 καὶ
2517 1729 2550 1798 ἡ
2575 1727 2740 1797 πάλη,
2772 1724 2910 1779 κατά
2937 1725 3028 1777 τὸν
3060 1723 3374 1777 διδάσκαλον
3418 1723 3651 1777 Παῦλον.
3700 1727 3764 1778 Ἦ

2189 1823 2296 1894 γὰρ
2345 1819 2824 1890 καταγωνισαμένη
2875 1815 2965 1870 τοῦ
3013 1815 3258 1870 διαϐόλου
3317 1815 3613 1888 πρότερον,
3666 1819 3768 1871 καὶ

2187 1911 2508 1984 νεκρὼσασα
2540 1910 2636 1974 τὰς
2675 1908 2812 1962 ἐπτά
2848 1908 3108 1978 κεφαλὰς,
3144 1909 3250 1962 τῶν
3297 1909 3436 1962 ἑπτὰ
3477 1910 3776 1977 στεφάνων

2185 2006 2284 2076 τῆς
2335 2004 2536 2075 ἀρετῆς
2586 2001 2856 2074 ἐγκρατὴς
2912 2001 3149 2070 γίνεται,
3210 2001 3478 2072 μεγάλους
3538 2002 3767 2068 ἀγῶνας

2184 2095 2516 2166 διαθλήσασα
2537 2094 2631 2164 τῆς
2668 2093 2908 2161 ἁγνείας.
2939 2092 3161 2163 Κεφαλὴ
3189 2093 3295 2164 γὰρ
3330 2092 3422 2145 τοῦ
3465 2093 3769 2166 δράκοντός

2185 2190 2331 2241 ἐστιν
2367 2189 2399 2258 ὴ
2428 2186 2666 2258 ἀκρασία
2705 2187 2798 2239 καὶ
2827 2187 2860 2256 ὴ
2909 2187 3086 2258 τρυφή
3113 2202 3126 2215 '
3163 2188 3191 2239 ὁ
3217 2185 3420 2257 ταύτην
3456 2187 3767 2250 συνθλάσας

2183 2280 2454 2333 ἀναδεῖται
2506 2280 2595 2332 τὸν
2641 2279 2900 2348 στέφανον
2955 2279 3055 2350 τῆς
3103 2279 3471 2352 σωφροσύνης.
3527 2281 3762 2350 Κεφαλή

2183 2374 2298 2425 ἐστι
2333 2373 2425 2427 καὶ
2454 2375 2486 2443 ἡ
2520 2371 2688 2425 δειλία
2721 2373 2814 2424 καὶ
2845 2373 2878 2442 ή
2921 2370 3116 2443 θρύψις
3137 2389 3150 2402 ·
3196 2375 3224 2424 ὁ
3258 2371 3460 2443 ταύτην
3503 2373 3767 2443 πατήσας

2180 2465 2271 2518 τὸν
2294 2466 2554 2533 στέφανον
2584 2466 2883 2536 ἀναιρεῖται
2911 2465 3001 2518 τοῦ
3038 2465 3354 2537 μαρτυρίου.
3382 2465 3605 2538 Κεφαλή
3635 2467 3762 2519 ἐστι

2182 2559 2275 2609 καὶ
2299 2557 2332 2626 ἡ
2361 2557 2585 2609 ἀπιστία
2617 2557 2709 2609 καὶ
2733 2558 2765 2627 ή
2795 2555 2966 2623 ἄνοια,
2996 2558 3089 2610 καὶ
3110 2556 3176 2609 τὰ
3206 2557 3337 2610 ἀλλα
3363 2559 3622 2620 ὡσαύτως
3652 2558 3760 2628 τῆς

2181 2649 2438 2722 πονηρίας
2483 2649 2956 2721 πλεονεκτήματα’
2993 2651 3021 2702 ὁ
3053 2648 3223 2702 ταῦτα
3274 2650 3762 2720 κατεργασάμενος

2180 2743 2273 2798 καὶ
2302 2742 2504 2796 ἀνελὼν
2530 2742 2630 2806 τὰς
2661 2742 2747 2795 ἐπ’
2789 2743 2972 2805 αὐτοῖς
3002 2741 3166 2812 τιμὰς
3199 2741 3553 2813 ἀποφέρεται,
3589 2743 3760 2794 πολυ-

2177 2837 2392 2907 τρόπως
2433 2835 2892 2906 ἐκκεραῖζομένης
2933 2833 3027 2886 τοῦ
3075 2833 3362 2905 δράκοντος
3405 2834 3505 2904 τῆς
3546 2835 3751 2905 ἰσχύος.

2178 2929 2287 2982 Καὶ
2311 2926 2418 2999 γὰρ
2457 2925 2637 2980 καὶτὰ
2668 2925 2797 2978 δέκα
2839 2925 3044 2995 κέρατα
3092 2925 3179 2977 καὶ
3215 2925 3436 2996 κέντρα,
3476 2924 3621 2996 ἅπερ
3657 2923 3758 2978 ἐπὶ

2174 3025 2294 3086 ταῖς
2319 3019 2574 3088 κεφαλαῖς
2602 3017 2794 3089 ἐλέχθη
2823 3017 3028 3089 φέρειν,
3045 3017 3100 3070 αἱ
3121 3017 3250 3070 δέκα
3271 3015 3568 3079 ἀντιθέσεις
3589 3016 3753 3079 εἰσὶν,

2174 3109 2218 3168 ὦ
2251 3109 2684 3182 καλλιπάρθενοι,
2723 3107 2815 3162 τοῦ
2853 3107 3175 3176 Δεκαλόγου,
3220 3102 3303 3170 αἷς
3339 3107 3756 3178 ἀνακερατὶζειν

2181 3205 2333 3258 εἴωθε
2386 3204 2478 3257 καὶ
2526 3201 2737 3271 βάλλειν
2788 3199 2882 3262 τὰς
2931 3199 3038 3252 τῶν
3097 3199 3360 3253 πλείστων
3407 3199 3610 3270 ψυχάς·
3642 3201 3707 3268 τῇ
3731 3239 3752 3262 ,

2194 3295 2572 3368 Ἀγαπήσεις,
2607 3293 2816 3364 ἐντολῇ,
2845 3291 2953 3345 τὸν
2983 3292 3200 3360 Κύριόν
3235 3308 3384 3350 σου,
3427 3292 3496 3345 τὰ
3528 3291 3751 3346 ἐναντία

2182 3389 2389 3462 φρονῶν
2421 3387 2515 3442 καὶ
2554 3385 2986 3455 τεκταινόμενος,
3015 3384 3108 3438 καὶ
3141 3387 3250 3448 τοῖς
3292 3384 3417 3453 ἑξῆς
3457 3385 3752 3456 νομοθετή-

2183 3498 2335 3554 μασι.
2387 3480 2482 3533 ’1δέ
2510 3479 2619 3550 γὰρ
2667 3477 2831 3548 κέρας
2879 3475 3044 3529 αὐτοῦ
3096 3476 3354 3546 διάπυρον
3387 3479 3482 3530 καὶ
3529 3478 3746 3549 πικρὸν,

2179 3573 2276 3644 τὴν
2308 3571 2598 3644 πορνείαν,
2729 3568 2854 3632 τοὺς
2899 3567 3210 3637 ἀκράτορας
3263 3566 3472 3638 βάλλει·
3528 3568 3602 3621 ίδὲ
3648 3569 3746 3623 τὴν

2173 3667 2442 3740 μοιχείαν,
2471 3663 2546 3716 ίδέ
2575 3663 2635 3716 τὸ
2664 3661 2876 3732 ψεῦδος,
2905 3660 2978 3714 ίδέ
3005 3659 3100 3731 τὴν
3131 3659 3509 3731 φιλαργυρίαν,
3546 3660 3618 3712 ἰδὲ
3646 3661 3746 3731 τὴν

2167 3758 2394 3830 κλοπὴν,
2441 3754 2633 3810 καὶτὰ
2680 3752 2814 3808 ἄλλα
2857 3750 3066 3815 τούτοις
3104 3751 3309 3820 ἀδελφά
3348 3752 3441 3804 καὶ
3484 3752 3740 3821 συγγενῆ,

2166 3852 2340 3906 ὁπόσα
2407 3845 2825 3919 ὑπερισχύουσιν
2887 3843 3031 3915 ἀμφὶ
3090 3846 3212 3906 ταῖς
3257 3843 3515 3912 κεφαλαῖς
3576 3841 3742 3897 αὑτοῦ

2167 3942 2286 4002 ταῖς
2335 3934 2796 4010 ἀνθρωποκτόνοις
2856 3932 3170 4002 πεφυκότα⁶
3230 3931 3296 3996 ἀς
3329 3933 3483 4003 ὑμεῖς
3522 3949 3744 4004 συμμα-

2171 4239 2310 4309 apud
2339 4237 2707 4310 Epiphaniam
2749 4233 2906 4310 I.__De
2933 4235 3346 4310 resurrectione;
3405 4233 3740 4310 plantasque

2169 4304 2314 4380 haud
2351 4304 2537 4380 procul
2571 4310 2640 4380 ab
2664 4307 3198 4380 ebullientibuscjus
3233 4304 3463 4380 flaminis
3483 4304 3737 4380 miratur.

2171 4379 2306 4434 Nota
2335 4377 2441 4434 alia
2473 4379 2538 4434 de
2571 4378 3006 4448 Bellerophonte,
3044 4377 3294 4445 datisque
3336 4377 3529 4431 litteris
3552 4387 3611 4431 ut
3637 4393 3740 4431 oc-

2169 4451 2461 4514 cideretur,
2521 4467 2644 4504 cum
2689 4448 3015 4519 impudicam
3058 4449 3340 4502 mulierem
3392 4461 3422 4498 a
3476 4462 3535 4501 se
3573 4462 3740 4515 repu-

2170 4521 2362 4592 lisset;
2415 4535 2520 4592 qua
2561 4530 2739 4592 tamen
2787 4519 3394 4592 molition_e_s_ic_cl_arus
3441 4521 3734 4592 evaserit;

2168 4591 2311 4645 haud
2337 4587 2560 4662 proinde
2585 4591 2933 4662 importunus
2961 4589 3046 4643 vel
3069 4588 3274 4662 Christi
3302 4587 3625 4662 figtI_r'.e,_vel
3668 4589 3738 4641 lio

2168 4662 2248 4715 bri
2280 4656 2598 4730 argumento
2628 4656 2692 4714 de
2717 4661 3024 4730 virginitate
3051 4668 3103 4715 et
3130 4656 3476 4730 castimdnia.
3498 4656 3736 4714 Perseus

2168 4732 2302 4786 nihil
2331 4729 2652 4803 e]usmodi,_
2671 4731 2786 4803 ipse
2810 4729 3030 4785 Danaes
3057 4744 3121 4785 ac
3153 4729 3304 4803 Jovis
3356 4737 3545 4803 stupro
3597 4744 3732 4803 con:-

2166 4798 2376 4872 ceptus,
2408 4813 2461 4857 et
2485 4803 2574 4873 qui
2605 4798 3182 4873 Medusanhunamex
3211 4800 3573 4870 Gorgonibus,
3610 4798 3729 4853 orci

2166 4869 2547 4944 clypeotectus
2563 4873 2840 4944 occiderit.
2866 4869 2966 4926 Ubi
2994 4869 3145 4926 Jovis
3165 4869 3504 4944 assumptum
3529 4884 3732 4944 nomen

2167 4940 2232 4996 ad
2258 4940 2541 5014 tegendam
2561 4943 2717 5014 proci
2754 4957 3064 5014 personant,
3093 4942 3186 5011 qui
3215 4940 3333 4994 auri
3367 4941 3414 5014 v_i
3451 4940 3728 5014 corruptis

2167 5011 2508 5076 custodibus,
2559 5011 2611 5066 in
2655 5011 2835 5068 arcem
2886 5028 2991 5083 qua
3032 5012 3216 5066 Danae
3262 5011 3568 5083 tenebatur,
3621 5011 3727 5065 sibi

2166 5085 2306 5137 viam
2341 5085 2528 5138 fecerit
2551 5079 3245 5153 puellamque-corruiperit.
3285 5079 3728 5150 Facessantergo

2167 5154 2518 5224 impudicitiae
2539 5154 2806 5224 exempla,
2843 5170 2911 5208 ne
2929 5169 3035 5208 non
3060 5153 3319 5208 illustrari
3345 5153 3598 5224 splendor
3620 5154 3731 5224 vir-

2169 5222 2413 5294 ginitatis
2439 5222 2941 5295 peroranteTliecla
2960 5225 3172 5294 virgine
3199 5222 3496 5293 earumque
3521 5223 3728 5295 princi-

2167 5292 2253 5364 pe,
2285 5292 2552 5360 videatur,
2584 5294 2679 5350 sed
2727 5292 2915 5348 ftedari
2955 5313 2968 5350 :
3003 5292 3365 5364 nfaneantque
3413 5292 3534 5363 quae
3569 5292 3728 5346 forti-

2168 5366 2375 5421 tudinis
2391 5382 2541 5434 aeque
2555 5381 2619 5420 ac
2633 5366 2901 5420 castitatis
2916 5366 3126 5421 illustre
3147 5365 3421 5434 specimen
3461 5364 3720 5426 habeant,

2166 5437 2214 5491 ei
2245 5432 2471 5508 prorsus
2511 5436 2744 5508 gemina,
2778 5435 2923 5508 quod
2968 5436 3035 5490 de
3082 5432 3272 5508 divino
3314 5432 3571 5508 Iosepho,
3600 5434 3724 5502 ipso

2167 5505 2366 5562 Christi
2395 5505 2562 5579 figura
2593 5505 2871 5579 prteuobili
2897 5547 2911 5572 ,
2953 5505 3397 5579 sacrisdoraculis
3439 5505 3724 5579 olim_p_ro-

2168 5579 2337 5632 ditum
2366 5573 2496 5634 est:
2531 5573 2676 5647 quod
2737 5577 2911 5647 ipsum
2950 5578 3083 5631 forte
3111 5576 3281 5630 Graeci
3315 5575 3368 5628 in
3398 5590 3496 5630 suo
3549 5573 3723 5629 Belle-

2169 5649 2432 5718 rophonte
2455 5657 2843 5719 repraesentare
2875 5648 3165 5708 voluerint,
3193 5654 3250 5719 ut
3281 5653 3410 5719 sunt
3450 5653 3638 5719 nostra
3666 5653 3722 5698 et

2169 5715 2323 5774 sacra
2356 5715 2779 5790 longe—profanis
2802 5719 3110 5773 Graecorum
3141 5716 3470 5786 antiquiora,
3503 5715 3721 5784 illisque

2170 5789 2494 5859 pneiverunt
2528 5809 2540 5844 :
2571 5804 2676 5859 qua
2713 5789 2780 5843 de
2821 5805 2879 5844 re
2908 5804 3030 5844 cum
3053 5796 3272 5859 veteres
3304 5795 3415 5840 tum
3447 5793 3500 5842 et
3524 5799 3719 5842 recen-

2169 5858 2334 5918 tiores
2358 5858 2655 5917 luculenter
2685 5866 3004 5916 tractavcre.
3035 5858 3321 5914 Couaerts.
