  <div class='ocr_page' id='page_1' title='image "/cluster/home/n/w/nwhite01/storage/ocr_20150623/18/mdp.39015008168943/088.png"; bbox 0 0 4056 6302; ppageno 0'>
   <div class='ocr_carea' id='block_1_1' title="bbox 293 396 393 453">
    <p class='ocr_par' dir='ltr' id='par_1_1' title="bbox 293 396 393 453">
     <span class='ocr_line' id='line_1_1' title="bbox 293 396 393 453; baseline 0.01 -1"><span class='ocrx_word' id='word_1_1' title='bbox 293 396 393 453; x_wconf 73' lang='grc' dir='ltr'><strong>1δί</strong></span> 
     </span>
    </p>
   </div>
   <div class='ocr_carea' id='block_1_2' title="bbox 1343 399 2396 458">
    <p class='ocr_par' dir='ltr' id='par_1_2' title="bbox 1343 399 2396 458">
     <span class='ocr_line' id='line_1_2' title="bbox 1343 399 2396 458; baseline 0 -2"><span class='ocrx_word' id='word_1_2' title='bbox 1343 399 1726 457; x_wconf 73' lang='lat' dir='ltr'><strong>CONVIVIUM</strong></span> <span class='ocrx_word' id='word_1_3' title='bbox 1767 399 1994 456; x_wconf 79' lang='lat' dir='ltr'><strong>DECEM</strong></span> <span class='ocrx_word' id='word_1_4' title='bbox 2035 399 2396 458; x_wconf 75' lang='lat' dir='ltr'><strong>VIRGINUM.</strong></span> 
     </span>
    </p>
   </div>
   <div class='ocr_carea' id='block_1_3' title="bbox 3421 412 3524 468">
    <p class='ocr_par' dir='ltr' id='par_1_3' title="bbox 3421 412 3524 468">
     <span class='ocr_line' id='line_1_3' title="bbox 3421 412 3524 468; baseline 0.039 -4"><span class='ocrx_word' id='word_1_5' title='bbox 3421 412 3524 468; x_wconf 74' lang='grc'><strong>162</strong></span> 
     </span>
    </p>
   </div>
   <div class='ocr_carea' id='block_1_4' title="bbox 284 513 1831 597">
    <p class='ocr_par' dir='ltr' id='par_1_4' title="bbox 284 513 1831 590">
     <span class='ocr_line' id='line_1_4' title="bbox 284 513 1831 590; baseline 0.006 -26"><span class='ocrx_word' id='word_1_6' title='bbox 284 513 558 584; x_wconf 81' lang='grc' dir='ltr'>χήσαντος</span> <span class='ocrx_word' id='word_1_7' title='bbox 583 513 819 584; x_wconf 75' lang='grc' dir='ltr'>Χριστοῦ</span> <span class='ocrx_word' id='word_1_8' title='bbox 848 516 1266 586; x_wconf 82' lang='grc' dir='ltr'>ὲκκερατσασαι,</span> <span class='ocrx_word' id='word_1_9' title='bbox 1304 517 1538 590; x_wconf 75' lang='grc' dir='ltr'><strong>λήψεσθε</strong></span> <span class='ocrx_word' id='word_1_10' title='bbox 1563 522 1676 583; x_wconf 85' lang='grc' dir='ltr'>τοῖς</span> <span class='ocrx_word' id='word_1_11' title='bbox 1711 520 1831 574; x_wconf 85' lang='grc' dir='ltr'>κατέ</span> 
     </span>
    </p>
   </div>
   <div class='ocr_carea' id='block_1_5' title="bbox 1929 513 3525 597">
    <p class='ocr_par' dir='ltr' id='par_1_5' title="bbox 1958 517 3525 597">
     <span class='ocr_line' id='line_1_5' title="bbox 1958 517 3525 597; baseline 0.008 -25"><span class='ocrx_word' id='word_1_12' title='bbox 1958 517 2114 574; x_wconf 85' lang='lat' dir='ltr'><strong>diosa</strong></span> <span class='ocrx_word' id='word_1_13' title='bbox 2139 517 2318 589; x_wconf 87' lang='lat' dir='ltr'><strong>capita</strong></span> <span class='ocrx_word' id='word_1_14' title='bbox 2351 527 2534 586; x_wconf 84' lang='lat' dir='ltr'><strong>enata,</strong></span> <span class='ocrx_word' id='word_1_15' title='bbox 2560 519 2764 592; x_wconf 91' lang='lat' dir='ltr'><strong>ingenti</strong></span> <span class='ocrx_word' id='word_1_16' title='bbox 2786 522 3026 592; x_wconf 88' lang='lat' dir='ltr'><strong>potentia</strong></span> <span class='ocrx_word' id='word_1_17' title='bbox 3049 523 3342 593; x_wconf 68' lang='lat' dir='ltr'><strong>praevalent</strong></span> <span class='ocrx_word' id='word_1_18' title='bbox 3368 543 3382 579; x_wconf 90' lang='lat'><strong>:</strong></span> <span class='ocrx_word' id='word_1_19' title='bbox 3404 542 3525 597; x_wconf 80' lang='lat' dir='ltr'><strong>qua:</strong></span> 
     </span>
    </p>
   </div>
   <div class='ocr_carea' id='block_1_6' title="bbox 283 603 1831 684">
    <p class='ocr_par' dir='ltr' id='par_1_6' title="bbox 283 603 1828 684">
     <span class='ocr_line' id='line_1_6' title="bbox 283 603 1828 684; baseline 0.006 -28"><span class='ocrx_word' id='word_1_20' title='bbox 283 603 383 657; x_wconf 81' lang='grc' dir='ltr'>τοῦ</span> <span class='ocrx_word' id='word_1_21' title='bbox 403 604 693 676; x_wconf 85' lang='grc' dir='ltr'>δράκοντος</span> <span class='ocrx_word' id='word_1_22' title='bbox 713 608 1126 680; x_wconf 79' lang='grc' dir='ltr'>κατανθεμῶσαι</span> <span class='ocrx_word' id='word_1_23' title='bbox 1149 615 1564 684; x_wconf 82' lang='grc' dir='ltr'><strong>στεφανώμασιν</strong></span> <span class='ocrx_word' id='word_1_24' title='bbox 1585 612 1615 665; x_wconf 84' lang='grc' dir='ltr'>ὑ</span> <span class='ocrx_word' id='word_1_25' title='bbox 1623 611 1737 683; x_wconf 81' lang='grc' dir='ltr'><strong>μῶν</strong></span> <span class='ocrx_word' id='word_1_26' title='bbox 1762 612 1828 666; x_wconf 85' lang='grc' dir='ltr'><strong>τὰ</strong></span> 
     </span>
    </p>
   </div>
   <div class='ocr_carea' id='block_1_7' title="bbox 1929 603 3526 684">
    <p class='ocr_par' dir='ltr' id='par_1_7' title="bbox 1959 611 3526 684">
     <span class='ocr_line' id='line_1_7' title="bbox 1959 611 3526 684; baseline 0.004 -18"><span class='ocrx_word' id='word_1_27' title='bbox 1959 611 2006 666; x_wconf 91' lang='lat' dir='ltr'><strong>si</strong></span> <span class='ocrx_word' id='word_1_28' title='bbox 2033 625 2150 677; x_wconf 90' lang='lat' dir='ltr'><strong>vos,</strong></span> <span class='ocrx_word' id='word_1_29' title='bbox 2185 611 2405 667; x_wconf 88' lang='lat' dir='ltr'><strong>Christo</strong></span> <span class='ocrx_word' id='word_1_30' title='bbox 2435 613 2656 682; x_wconf 84' lang='lat' dir='ltr'><strong>auspice</strong></span> <span class='ocrx_word' id='word_1_31' title='bbox 2684 626 2748 667; x_wconf 92' lang='lat' dir='ltr'><strong>ac</strong></span> <span class='ocrx_word' id='word_1_32' title='bbox 2777 612 3046 684; x_wconf 89' lang='lat' dir='ltr'><strong>adjutore,</strong></span> <span class='ocrx_word' id='word_1_33' title='bbox 3080 615 3355 682; x_wconf 88' lang='lat' dir='ltr'><strong>eliseritis,</strong></span> <span class='ocrx_word' id='word_1_34' title='bbox 3384 616 3526 673; x_wconf 83' lang='lat' dir='ltr'><strong>divi-</strong></span> 
     </span>
    </p>
   </div>
   <div class='ocr_carea' id='block_1_8' title="bbox 283 696 1857 776">
    <p class='ocr_par' dir='ltr' id='par_1_8' title="bbox 283 696 1857 776">
     <span class='ocr_line' id='line_1_8' title="bbox 283 696 1857 776; baseline 0.004 -26"><span class='ocrx_word' id='word_1_35' title='bbox 283 696 440 761; x_wconf 90' lang='grc' dir='ltr'>θείας</span> <span class='ocrx_word' id='word_1_36' title='bbox 461 699 720 767; x_wconf 77' lang='grc' dir='ltr'>κεφαλάς.</span> <span class='ocrx_word' id='word_1_37' title='bbox 753 700 1044 774; x_wconf 82' lang='grc' dir='ltr'>Ἦμέτερον</span> <span class='ocrx_word' id='word_1_38' title='bbox 1068 700 1175 773; x_wconf 85' lang='grc' dir='ltr'><strong>γὰρ</strong></span> <span class='ocrx_word' id='word_1_39' title='bbox 1199 704 1510 776; x_wconf 83' lang='grc' dir='ltr'>προκρίνειν</span> <span class='ocrx_word' id='word_1_40' title='bbox 1533 705 1600 759; x_wconf 83' lang='grc' dir='ltr'>τὰ</span> <span class='ocrx_word' id='word_1_41' title='bbox 1626 705 1857 776; x_wconf 79' lang='grc' dir='ltr'><strong>κρείττω</strong></span> 
     </span>
    </p>
   </div>
   <div class='ocr_carea' id='block_1_9' title="bbox 283 789 1855 870">
    <p class='ocr_par' dir='ltr' id='par_1_9' title="bbox 283 789 1855 870">
     <span class='ocr_line' id='line_1_9' title="bbox 283 789 1855 870; baseline 0.004 -26"><span class='ocrx_word' id='word_1_42' title='bbox 283 789 386 844; x_wconf 79' lang='grc' dir='ltr'>καὶ</span> <span class='ocrx_word' id='word_1_43' title='bbox 415 791 737 862; x_wconf 85' lang='grc' dir='ltr'>προτάσσειν</span> <span class='ocrx_word' id='word_1_44' title='bbox 756 810 770 823; x_wconf 88' lang='grc'><strong>·</strong></span> <span class='ocrx_word' id='word_1_45' title='bbox 802 794 906 865; x_wconf 83' lang='grc' dir='ltr'><strong>πρὸ</strong></span> <span class='ocrx_word' id='word_1_46' title='bbox 939 794 1046 847; x_wconf 85' lang='grc' dir='ltr'>τῶν</span> <span class='ocrx_word' id='word_1_47' title='bbox 1079 796 1326 867; x_wconf 84' lang='grc' dir='ltr'><strong>γηγενῶν</strong></span> <span class='ocrx_word' id='word_1_48' title='bbox 1352 796 1462 869; x_wconf 78' lang='grc'>(26)</span> <span class='ocrx_word' id='word_1_49' title='bbox 1483 799 1855 870; x_wconf 81' lang='grc' dir='ltr'>αὐτοκράτορα</span> 
     </span>
    </p>
   </div>
   <div class='ocr_carea' id='block_1_10' title="bbox 284 882 1855 962">
    <p class='ocr_par' dir='ltr' id='par_1_10' title="bbox 284 882 1855 962">
     <span class='ocr_line' id='line_1_10' title="bbox 284 882 1855 962; baseline 0.005 -26"><span class='ocrx_word' id='word_1_50' title='bbox 284 882 385 936; x_wconf 79' lang='grc' dir='ltr'>καὶ</span> <span class='ocrx_word' id='word_1_51' title='bbox 407 882 748 950; x_wconf 72' lang='grc' dir='ltr'><strong>αὐτεξούσιον</strong></span> <span class='ocrx_word' id='word_1_52' title='bbox 771 885 864 939; x_wconf 81' lang='grc' dir='ltr'>τὸν</span> <span class='ocrx_word' id='word_1_53' title='bbox 905 885 1162 957; x_wconf 81' lang='grc' dir='ltr'>λογισμὸν</span> <span class='ocrx_word' id='word_1_54' title='bbox 1202 888 1486 960; x_wconf 79' lang='grc' dir='ltr'><strong>εἰληφότας</strong></span> <span class='ocrx_word' id='word_1_55' title='bbox 1506 931 1520 954; x_wconf 93' lang='grc'><strong>,</strong></span> <span class='ocrx_word' id='word_1_56' title='bbox 1557 891 1650 944; x_wconf 76' lang='grc' dir='ltr'>καὶ</span> <span class='ocrx_word' id='word_1_57' title='bbox 1678 883 1855 962; x_wconf 72' lang='grc' dir='ltr'>πάσης</span> 
     </span>
    </p>
   </div>
   <div class='ocr_carea' id='block_1_11' title="bbox 283 974 1854 1056">
    <p class='ocr_par' dir='ltr' id='par_1_11' title="bbox 283 974 1854 1056">
     <span class='ocr_line' id='line_1_11' title="bbox 283 974 1854 1056; baseline 0.006 -29"><span class='ocrx_word' id='word_1_58' title='bbox 283 974 537 1046; x_wconf 79' lang='grc' dir='ltr'><strong>ἀνάγκης</strong></span> <span class='ocrx_word' id='word_1_59' title='bbox 585 977 771 1041; x_wconf 78' lang='grc' dir='ltr'>ἐκτὸς,</span> <span class='ocrx_word' id='word_1_60' title='bbox 815 980 894 1042; x_wconf 82' lang='grc' dir='ltr'>εἰς</span> <span class='ocrx_word' id='word_1_61' title='bbox 936 979 998 1032; x_wconf 85' lang='grc' dir='ltr'><strong>τὺ</strong></span> <span class='ocrx_word' id='word_1_62' title='bbox 1043 981 1448 1051; x_wconf 65' lang='grc' dir='ltr'>αὐτοδεσπότως</span> <span class='ocrx_word' id='word_1_63' title='bbox 1479 984 1748 1056; x_wconf 79' lang='grc' dir='ltr'>αἱρεῖσθαι</span> <span class='ocrx_word' id='word_1_64' title='bbox 1786 983 1854 1036; x_wconf 83' lang='grc' dir='ltr'>τὰ</span> 
     </span>
    </p>
   </div>
   <div class='ocr_carea' id='block_1_12' title="bbox 281 1067 1849 1148">
    <p class='ocr_par' dir='ltr' id='par_1_12' title="bbox 281 1067 1849 1148">
     <span class='ocr_line' id='line_1_12' title="bbox 281 1067 1849 1148; baseline 0.008 -29"><span class='ocrx_word' id='word_1_65' title='bbox 281 1067 614 1138; x_wconf 77' lang='grc' dir='ltr'><strong>ἀρέσκοντα,</strong></span> <span class='ocrx_word' id='word_1_66' title='bbox 646 1070 706 1122; x_wconf 81' lang='grc' dir='ltr'>οὐ</span> <span class='ocrx_word' id='word_1_67' title='bbox 757 1070 1101 1136; x_wconf 78' lang='grc' dir='ltr'>δουλεύοντας</span> <span class='ocrx_word' id='word_1_68' title='bbox 1150 1074 1456 1148; x_wconf 76' lang='grc' dir='ltr'>εἱμαρμένῃ</span> <span class='ocrx_word' id='word_1_69' title='bbox 1499 1077 1592 1130; x_wconf 75' lang='grc' dir='ltr'>καὶ</span> <span class='ocrx_word' id='word_1_70' title='bbox 1641 1075 1849 1146; x_wconf 72' lang='grc' dir='ltr'>τύχαις.</span> 
     </span>
    </p>
   </div>
   <div class='ocr_carea' id='block_1_13' title="bbox 293 1160 1848 1238">
    <p class='ocr_par' dir='ltr' id='par_1_13' title="bbox 293 1160 1848 1238">
     <span class='ocr_line' id='line_1_13' title="bbox 293 1160 1848 1238; baseline 0.005 -25"><span class='ocrx_word' id='word_1_71' title='bbox 293 1160 382 1224; x_wconf 81' lang='grc' dir='ltr'>Ὠς</span> <span class='ocrx_word' id='word_1_72' title='bbox 413 1162 514 1214; x_wconf 75' lang='grc' dir='ltr'>οὐκ</span> <span class='ocrx_word' id='word_1_73' title='bbox 553 1161 833 1233; x_wconf 79' lang='grc' dir='ltr'>ἄνθρωπος</span> <span class='ocrx_word' id='word_1_74' title='bbox 873 1164 1035 1217; x_wconf 78' lang='grc' dir='ltr'>αὑτοῦ</span> <span class='ocrx_word' id='word_1_75' title='bbox 1069 1165 1258 1238; x_wconf 82' lang='grc' dir='ltr'>κύριος</span> <span class='ocrx_word' id='word_1_76' title='bbox 1291 1167 1466 1221; x_wconf 74' lang='grc' dir='ltr'>ἔσοιτο</span> <span class='ocrx_word' id='word_1_77' title='bbox 1503 1170 1596 1222; x_wconf 74' lang='grc' dir='ltr'>καὶ</span> <span class='ocrx_word' id='word_1_78' title='bbox 1627 1168 1848 1237; x_wconf 77' lang='grc' dir='ltr'>ἀγαθὸς,</span> 
     </span>
    </p>
   </div>
   <div class='ocr_carea' id='block_1_14' title="bbox 281 1253 1849 1332">
    <p class='ocr_par' dir='ltr' id='par_1_14' title="bbox 281 1253 1849 1332">
     <span class='ocr_line' id='line_1_14' title="bbox 281 1253 1849 1332; baseline 0.006 -27"><span class='ocrx_word' id='word_1_79' title='bbox 281 1255 333 1306; x_wconf 85' lang='grc' dir='ltr'><strong>εί</strong></span> <span class='ocrx_word' id='word_1_80' title='bbox 372 1253 448 1324; x_wconf 84' lang='grc' dir='ltr'>μὴ</span> <span class='ocrx_word' id='word_1_81' title='bbox 491 1253 568 1325; x_wconf 84' lang='grc' dir='ltr'>τῷ</span> <span class='ocrx_word' id='word_1_82' title='bbox 621 1255 938 1328; x_wconf 85' lang='grc' dir='ltr'>ἀνθρωπείῳ</span> <span class='ocrx_word' id='word_1_83' title='bbox 984 1257 1384 1330; x_wconf 85' lang='grc' dir='ltr'>παραδείγματι</span> <span class='ocrx_word' id='word_1_84' title='bbox 1434 1260 1710 1332; x_wconf 83' lang='grc' dir='ltr'>χρώμενος</span> <span class='ocrx_word' id='word_1_85' title='bbox 1754 1260 1849 1314; x_wconf 82' lang='grc' dir='ltr'>τοῦ</span> 
     </span>
    </p>
   </div>
   <div class='ocr_carea' id='block_1_15' title="bbox 279 1345 1851 1423">
    <p class='ocr_par' dir='ltr' id='par_1_15' title="bbox 279 1345 1851 1423">
     <span class='ocr_line' id='line_1_15' title="bbox 279 1345 1851 1423; baseline 0.006 -27"><span class='ocrx_word' id='word_1_86' title='bbox 279 1345 542 1416; x_wconf 84' lang='grc' dir='ltr'>Χριστοῦ,</span> <span class='ocrx_word' id='word_1_87' title='bbox 575 1347 670 1399; x_wconf 81' lang='grc' dir='ltr'>καὶ</span> <span class='ocrx_word' id='word_1_88' title='bbox 695 1347 830 1418; x_wconf 86' lang='grc' dir='ltr'>πρὸς</span> <span class='ocrx_word' id='word_1_89' title='bbox 861 1350 1065 1404; x_wconf 81' lang='grc' dir='ltr'>ἐκεῖνον</span> <span class='ocrx_word' id='word_1_90' title='bbox 1093 1351 1282 1404; x_wconf 79' lang='grc' dir='ltr'>ἑαυτὸν</span> <span class='ocrx_word' id='word_1_91' title='bbox 1328 1351 1631 1423; x_wconf 80' lang='grc' dir='ltr'>ζωγραφῶν</span> <span class='ocrx_word' id='word_1_92' title='bbox 1666 1353 1851 1406; x_wconf 83' lang='grc' dir='ltr'>κάκεί-</span> 
     </span>
    </p>
   </div>
   <div class='ocr_carea' id='block_1_16' title="bbox 280 1439 1848 1515">
    <p class='ocr_par' dir='ltr' id='par_1_16' title="bbox 280 1439 1848 1515">
     <span class='ocr_line' id='line_1_16' title="bbox 280 1439 1848 1515; baseline 0.003 -23"><span class='ocrx_word' id='word_1_93' title='bbox 280 1455 375 1492; x_wconf 89' lang='grc' dir='ltr'><strong>νον</strong></span> <span class='ocrx_word' id='word_1_94' title='bbox 400 1440 726 1511; x_wconf 84' lang='grc' dir='ltr'>μιμούμενος</span> <span class='ocrx_word' id='word_1_95' title='bbox 750 1439 953 1510; x_wconf 81' lang='grc' dir='ltr'>βιώσει.</span> <span class='ocrx_word' id='word_1_96' title='bbox 982 1442 1207 1496; x_wconf 84' lang='grc' dir='ltr'>Πάντων</span> <span class='ocrx_word' id='word_1_97' title='bbox 1230 1442 1338 1514; x_wconf 81' lang='grc' dir='ltr'><strong>γὰρ</strong></span> <span class='ocrx_word' id='word_1_98' title='bbox 1370 1443 1555 1497; x_wconf 84' lang='grc' dir='ltr'>κακῶν</span> <span class='ocrx_word' id='word_1_99' title='bbox 1595 1444 1848 1515; x_wconf 86' lang='grc' dir='ltr'>μέγιστον</span> 
     </span>
    </p>
   </div>
   <div class='ocr_carea' id='block_1_17' title="bbox 279 1529 1845 1607">
    <p class='ocr_par' dir='ltr' id='par_1_17' title="bbox 279 1529 1845 1607">
     <span class='ocr_line' id='line_1_17' title="bbox 279 1529 1845 1607; baseline 0.005 -26"><span class='ocrx_word' id='word_1_100' title='bbox 279 1529 523 1600; x_wconf 82' lang='grc' dir='ltr'>ἔμφυτον</span> <span class='ocrx_word' id='word_1_101' title='bbox 548 1535 659 1596; x_wconf 90' lang='grc' dir='ltr'>τοῖς</span> <span class='ocrx_word' id='word_1_102' title='bbox 693 1532 904 1596; x_wconf 80' lang='grc' dir='ltr'>πολλοῖς</span> <span class='ocrx_word' id='word_1_103' title='bbox 933 1533 994 1586; x_wconf 87' lang='grc' dir='ltr'>τὸ</span> <span class='ocrx_word' id='word_1_104' title='bbox 1017 1533 1115 1598; x_wconf 85' lang='grc' dir='ltr'><strong>τὰς</strong></span> <span class='ocrx_word' id='word_1_105' title='bbox 1162 1535 1340 1598; x_wconf 80' lang='grc' dir='ltr'>αἰτίας</span> <span class='ocrx_word' id='word_1_106' title='bbox 1382 1535 1490 1588; x_wconf 84' lang='grc' dir='ltr'>τῶν</span> <span class='ocrx_word' id='word_1_107' title='bbox 1515 1535 1845 1607; x_wconf 84' lang='grc' dir='ltr'>ἁμαρτημά-</span> 
     </span>
    </p>
   </div>
   <div class='ocr_carea' id='block_1_18' title="bbox 273 1622 1847 1698">
    <p class='ocr_par' dir='ltr' id='par_1_18' title="bbox 273 1622 1847 1698">
     <span class='ocr_line' id='line_1_18' title="bbox 273 1622 1847 1698; baseline 0.004 -26"><span class='ocrx_word' id='word_1_108' title='bbox 273 1637 391 1673; x_wconf 73' lang='grc' dir='ltr'><strong>των</strong></span> <span class='ocrx_word' id='word_1_109' title='bbox 425 1623 502 1685; x_wconf 87' lang='grc' dir='ltr'><strong>είς</strong></span> <span class='ocrx_word' id='word_1_110' title='bbox 527 1622 622 1686; x_wconf 80' lang='grc' dir='ltr'><strong>τὰς</strong></span> <span class='ocrx_word' id='word_1_111' title='bbox 660 1623 768 1676; x_wconf 82' lang='grc' dir='ltr'>τῶν</span> <span class='ocrx_word' id='word_1_112' title='bbox 809 1624 1055 1694; x_wconf 85' lang='grc' dir='ltr'>ἀστέρων</span> <span class='ocrx_word' id='word_1_113' title='bbox 1101 1625 1342 1696; x_wconf 85' lang='grc' dir='ltr'>κινήσεις</span> <span class='ocrx_word' id='word_1_114' title='bbox 1383 1625 1706 1698; x_wconf 80' lang='grc' dir='ltr'>ἀναφέρειν,</span> <span class='ocrx_word' id='word_1_115' title='bbox 1754 1627 1847 1680; x_wconf 74' lang='grc' dir='ltr'>καὶ</span> 
     </span>
    </p>
   </div>
   <div class='ocr_carea' id='block_1_19' title="bbox 276 1711 1849 1788">
    <p class='ocr_par' dir='ltr' id='par_1_19' title="bbox 276 1711 1849 1788">
     <span class='ocr_line' id='line_1_19' title="bbox 276 1711 1849 1788; baseline 0.005 -26"><span class='ocrx_word' id='word_1_116' title='bbox 276 1711 374 1764; x_wconf 85' lang='grc' dir='ltr'>τὸν</span> <span class='ocrx_word' id='word_1_117' title='bbox 432 1712 542 1784; x_wconf 84' lang='grc' dir='ltr'>βίον</span> <span class='ocrx_word' id='word_1_118' title='bbox 588 1714 744 1782; x_wconf 83' lang='grc' dir='ltr'>ἡμῶν</span> <span class='ocrx_word' id='word_1_119' title='bbox 798 1713 1134 1777; x_wconf 75' lang='grc' dir='ltr'>οἰακίζεσθαι</span> <span class='ocrx_word' id='word_1_120' title='bbox 1185 1716 1283 1786; x_wconf 83' lang='grc' dir='ltr'>τῆς</span> <span class='ocrx_word' id='word_1_121' title='bbox 1330 1717 1672 1788; x_wconf 83' lang='grc' dir='ltr'>εἱμαρμένης</span> <span class='ocrx_word' id='word_1_122' title='bbox 1729 1719 1849 1782; x_wconf 84' lang='grc' dir='ltr'>ταῖς</span> 
     </span>
    </p>
   </div>
   <div class='ocr_carea' id='block_1_20' title="bbox 276 1802 1848 1880">
    <p class='ocr_par' dir='ltr' id='par_1_20' title="bbox 276 1802 1848 1880">
     <span class='ocr_line' id='line_1_20' title="bbox 276 1802 1848 1880; baseline 0.005 -25"><span class='ocrx_word' id='word_1_123' title='bbox 276 1802 541 1871; x_wconf 79' lang='grc' dir='ltr'>ἀνάγκαις</span> <span class='ocrx_word' id='word_1_124' title='bbox 565 1805 766 1874; x_wconf 87' lang='grc' dir='ltr'>λέγειν,</span> <span class='ocrx_word' id='word_1_125' title='bbox 797 1806 1045 1876; x_wconf 83' lang='grc' dir='ltr'>καθάπερ</span> <span class='ocrx_word' id='word_1_126' title='bbox 1068 1809 1116 1860; x_wconf 86' lang='grc' dir='ltr'><strong>οί</strong></span> <span class='ocrx_word' id='word_1_127' title='bbox 1149 1807 1284 1878; x_wconf 80' lang='grc' dir='ltr'>μετὰ</span> <span class='ocrx_word' id='word_1_128' title='bbox 1305 1808 1616 1873; x_wconf 75' lang='grc' dir='ltr'>ἀλαζονείας</span> <span class='ocrx_word' id='word_1_129' title='bbox 1650 1807 1848 1880; x_wconf 83' lang='grc' dir='ltr'>πολλῆς</span> 
     </span>
    </p>
   </div>
   <div class='ocr_carea' id='block_1_21' title="bbox 277 1895 1842 1974">
    <p class='ocr_par' dir='ltr' id='par_1_21' title="bbox 277 1895 1842 1974">
     <span class='ocr_line' id='line_1_21' title="bbox 277 1895 1842 1974; baseline 0.003 -24"><span class='ocrx_word' id='word_1_130' title='bbox 277 1895 868 1971; x_wconf 81' lang='grc' dir='ltr'>ἀστεροσκοπήσαντες·</span> <span class='ocrx_word' id='word_1_131' title='bbox 905 1900 1128 1972; x_wconf 80' lang='grc' dir='ltr'>ὑπονοίᾳ</span> <span class='ocrx_word' id='word_1_132' title='bbox 1156 1900 1262 1972; x_wconf 82' lang='grc' dir='ltr'>γὰρ</span> <span class='ocrx_word' id='word_1_133' title='bbox 1294 1902 1490 1972; x_wconf 80' lang='grc' dir='ltr'>μᾶλλον</span> <span class='ocrx_word' id='word_1_134' title='bbox 1533 1903 1565 1974; x_wconf 84' lang='grc' dir='ltr'>ἢ</span> <span class='ocrx_word' id='word_1_135' title='bbox 1595 1901 1673 1972; x_wconf 84' lang='grc' dir='ltr'><strong>τῷ</strong></span> <span class='ocrx_word' id='word_1_136' title='bbox 1711 1897 1842 1973; x_wconf 78' lang='grc' dir='ltr'>φρο-</span> 
     </span>
    </p>
   </div>
   <div class='ocr_carea' id='block_1_22' title="bbox 279 1991 1842 2064">
    <p class='ocr_par' dir='ltr' id='par_1_22' title="bbox 279 1991 1842 2064">
     <span class='ocr_line' id='line_1_22' title="bbox 279 1991 1842 2064; baseline 0.003 -20"><span class='ocrx_word' id='word_1_137' title='bbox 279 1992 390 2044; x_wconf 81' lang='grc' dir='ltr'>νεῖν</span> <span class='ocrx_word' id='word_1_138' title='bbox 420 1993 862 2056; x_wconf 83' lang='grc' dir='ltr'>πεπιστευκότες,</span> <span class='ocrx_word' id='word_1_139' title='bbox 887 1991 915 2045; x_wconf 79' lang='grc' dir='ltr'><strong>ὃ</strong></span> <span class='ocrx_word' id='word_1_140' title='bbox 951 1992 1151 2064; x_wconf 75' lang='grc' dir='ltr'>μεταξὺ</span> <span class='ocrx_word' id='word_1_141' title='bbox 1183 1995 1280 2064; x_wconf 82' lang='grc' dir='ltr'>τῆς</span> <span class='ocrx_word' id='word_1_142' title='bbox 1316 1993 1572 2064; x_wconf 81' lang='grc' dir='ltr'>ἀληθείας</span> <span class='ocrx_word' id='word_1_143' title='bbox 1598 1993 1716 2047; x_wconf 72' lang='grc' dir='ltr'>ἐστὶ</span> <span class='ocrx_word' id='word_1_144' title='bbox 1749 1995 1842 2048; x_wconf 69' lang='grc' dir='ltr'>καὶ</span> 
     </span>
    </p>
   </div>
   <div class='ocr_carea' id='block_1_23' title="bbox 275 2082 1844 2157">
    <p class='ocr_par' dir='ltr' id='par_1_23' title="bbox 275 2082 1844 2157">
     <span class='ocr_line' id='line_1_23' title="bbox 275 2082 1844 2157; baseline 0.003 -23"><span class='ocrx_word' id='word_1_145' title='bbox 275 2082 371 2135; x_wconf 84' lang='grc' dir='ltr'>τοῦ</span> <span class='ocrx_word' id='word_1_146' title='bbox 403 2083 646 2153; x_wconf 81' lang='grc' dir='ltr'>ψεύδους,</span> <span class='ocrx_word' id='word_1_147' title='bbox 665 2085 799 2137; x_wconf 79' lang='grc' dir='ltr'>πολὺ</span> <span class='ocrx_word' id='word_1_148' title='bbox 826 2086 925 2156; x_wconf 87' lang='grc' dir='ltr'>τῆς</span> <span class='ocrx_word' id='word_1_149' title='bbox 952 2084 1060 2138; x_wconf 84' lang='grc' dir='ltr'>τῶν</span> <span class='ocrx_word' id='word_1_150' title='bbox 1083 2085 1250 2149; x_wconf 78' lang='grc' dir='ltr'>ὅντως</span> <span class='ocrx_word' id='word_1_151' title='bbox 1281 2085 1446 2138; x_wconf 76' lang='grc' dir='ltr'>ὄντων</span> <span class='ocrx_word' id='word_1_152' title='bbox 1471 2084 1598 2149; x_wconf 87' lang='grc' dir='ltr'>θέας</span> <span class='ocrx_word' id='word_1_153' title='bbox 1643 2085 1844 2157; x_wconf 78' lang='grc' dir='ltr'>ἐξηπα-</span> 
     </span>
    </p>
   </div>
   <div class='ocr_carea' id='block_1_24' title="bbox 271 2171 1840 2250">
    <p class='ocr_par' dir='ltr' id='par_1_24' title="bbox 271 2171 1840 2250">
     <span class='ocr_line' id='line_1_24' title="bbox 271 2171 1840 2250; baseline 0.003 -23"><span class='ocrx_word' id='word_1_154' title='bbox 271 2175 700 2246; x_wconf 79' lang='grc' dir='ltr'>τήθησαν.”Οθεν</span> <span class='ocrx_word' id='word_1_155' title='bbox 722 2179 767 2230; x_wconf 85' lang='grc' dir='ltr'><strong>εἰ</strong></span> <span class='ocrx_word' id='word_1_156' title='bbox 788 2177 1038 2250; x_wconf 80' lang='grc' dir='ltr'>παρείης,</span> <span class='ocrx_word' id='word_1_157' title='bbox 1057 2171 1102 2230; x_wconf 80' lang='grc' dir='ltr'><strong>ὦ</strong></span> <span class='ocrx_word' id='word_1_158' title='bbox 1124 2177 1180 2230; x_wconf 78' lang='grc' dir='ltr'>Ἀ</span> <span class='ocrx_word' id='word_1_159' title='bbox 1191 2176 1335 2249; x_wconf 76' lang='grc' dir='ltr'>ρετὴ,</span> <span class='ocrx_word' id='word_1_160' title='bbox 1350 2177 1722 2249; x_wconf 89' lang='grc' dir='ltr'>πληρωθέντος</span> <span class='ocrx_word' id='word_1_161' title='bbox 1740 2178 1840 2250; x_wconf 80' lang='grc' dir='ltr'>ἧδη</span> 
     </span>
    </p>
   </div>
   <div class='ocr_carea' id='block_1_25' title="bbox 277 2247 1839 2340">
    <p class='ocr_par' dir='ltr' id='par_1_25' title="bbox 277 2247 1839 2340">
     <span class='ocr_line' id='line_1_25' title="bbox 277 2247 1839 2340; baseline 0.003 -23"><span class='ocrx_word' id='word_1_162' title='bbox 277 2283 368 2334; x_wconf 87' lang='grc' dir='ltr'><strong>μοι</strong></span> <span class='ocrx_word' id='word_1_163' title='bbox 395 2266 486 2319; x_wconf 77' lang='grc' dir='ltr'><strong>τοῦ</strong></span> <span class='ocrx_word' id='word_1_164' title='bbox 519 2267 696 2336; x_wconf 84' lang='grc' dir='ltr'>λόγου,</span> <span class='ocrx_word' id='word_1_165' title='bbox 724 2267 782 2319; x_wconf 80' lang='grc' dir='ltr'>ὃν</span> <span class='ocrx_word' id='word_1_166' title='bbox 811 2247 947 2338; x_wconf 53' lang='grc' dir='ltr'>αὕτη</span> <span class='ocrx_word' id='word_1_167' title='bbox 974 2247 1333 2339; x_wconf 80' lang='grc' dir='ltr'>προσέταξας,</span> <span class='ocrx_word' id='word_1_168' title='bbox 1356 2247 1628 2332; x_wconf 85' lang='grc' dir='ltr'>δέσποινα,</span> <span class='ocrx_word' id='word_1_169' title='bbox 1669 2247 1839 2340; x_wconf 56' lang='grc' dir='ltr'>ρηθῆέ</span> 
     </span>
    </p>
   </div>
   <div class='ocr_carea' id='block_1_26' title="bbox 271 2359 1841 2432">
    <p class='ocr_par' dir='ltr' id='par_1_26' title="bbox 271 2359 1841 2432">
     <span class='ocr_line' id='line_1_26' title="bbox 271 2359 1841 2432; baseline 0.004 -24"><span class='ocrx_word' id='word_1_170' title='bbox 271 2374 382 2422; x_wconf 87' lang='grc' dir='ltr'>ναι,</span> <span class='ocrx_word' id='word_1_171' title='bbox 414 2360 741 2430; x_wconf 80' lang='grc' dir='ltr'>πειράσομαι</span> <span class='ocrx_word' id='word_1_172' title='bbox 777 2359 840 2431; x_wconf 82' lang='grc' dir='ltr'><strong>δὴ</strong></span> <span class='ocrx_word' id='word_1_173' title='bbox 862 2360 1415 2432; x_wconf 56' lang='grc' dir='ltr'>,συναγωνιζομένης</span> <span class='ocrx_word' id='word_1_174' title='bbox 1447 2377 1540 2414; x_wconf 91' lang='grc' dir='ltr'><strong>σου</strong></span> <span class='ocrx_word' id='word_1_175' title='bbox 1584 2361 1676 2414; x_wconf 72' lang='grc' dir='ltr'>καὶ</span> <span class='ocrx_word' id='word_1_176' title='bbox 1704 2377 1841 2432; x_wconf 85' lang='grc' dir='ltr'>συμ-</span> 
     </span>
    </p>
   </div>
   <div class='ocr_carea' id='block_1_27' title="bbox 274 2450 1834 2524">
    <p class='ocr_par' dir='ltr' id='par_1_27' title="bbox 274 2450 1834 2524">
     <span class='ocr_line' id='line_1_27' title="bbox 274 2450 1834 2524; baseline 0.004 -25"><span class='ocrx_word' id='word_1_177' title='bbox 274 2450 541 2520; x_wconf 79' lang='grc' dir='ltr'>πνεούσης</span> <span class='ocrx_word' id='word_1_178' title='bbox 563 2491 575 2510; x_wconf 82' lang='lat'><strong>,</strong></span> <span class='ocrx_word' id='word_1_179' title='bbox 625 2452 758 2522; x_wconf 71' lang='grc' dir='ltr'>πρὸς</span> <span class='ocrx_word' id='word_1_180' title='bbox 793 2454 920 2515; x_wconf 82' lang='grc' dir='ltr'>τοὺς</span> <span class='ocrx_word' id='word_1_181' title='bbox 957 2453 1382 2523; x_wconf 84' lang='grc' dir='ltr'>χαλεπαίνοντας</span> <span class='ocrx_word' id='word_1_182' title='bbox 1421 2453 1516 2505; x_wconf 76' lang='grc' dir='ltr'>καὶ</span> <span class='ocrx_word' id='word_1_183' title='bbox 1558 2453 1834 2524; x_wconf 77' lang='grc' dir='ltr'>ἀμφισϐη-</span> 
     </span>
    </p>
   </div>
   <div class='ocr_carea' id='block_1_28' title="bbox 271 2539 1836 2615">
    <p class='ocr_par' dir='ltr' id='par_1_28' title="bbox 271 2539 1836 2615">
     <span class='ocr_line' id='line_1_28' title="bbox 271 2539 1836 2615; baseline 0.004 -24"><span class='ocrx_word' id='word_1_184' title='bbox 271 2539 501 2602; x_wconf 82' lang='grc' dir='ltr'>τοῦντας</span> <span class='ocrx_word' id='word_1_185' title='bbox 541 2542 614 2605; x_wconf 84' lang='grc' dir='ltr'>ὡς</span> <span class='ocrx_word' id='word_1_186' title='bbox 651 2543 749 2595; x_wconf 85' lang='grc' dir='ltr'>οὑκ</span> <span class='ocrx_word' id='word_1_187' title='bbox 791 2543 964 2615; x_wconf 83' lang='grc' dir='ltr'>ἀληθῆ</span> <span class='ocrx_word' id='word_1_188' title='bbox 1007 2544 1266 2614; x_wconf 85' lang='grc' dir='ltr'>λέγομεν,</span> <span class='ocrx_word' id='word_1_189' title='bbox 1309 2543 1650 2608; x_wconf 80' lang='grc' dir='ltr'>αὐτεξούσιον</span> <span class='ocrx_word' id='word_1_190' title='bbox 1700 2539 1836 2598; x_wconf 81' lang='grc' dir='ltr'>εἶναι</span> 
     </span>
    </p>
   </div>
   <div class='ocr_carea' id='block_1_29' title="bbox 271 2630 1667 2707">
    <p class='ocr_par' dir='ltr' id='par_1_29' title="bbox 271 2630 1667 2707">
     <span class='ocr_line' id='line_1_29' title="bbox 271 2630 1667 2707; baseline 0.003 -23"><span class='ocrx_word' id='word_1_191' title='bbox 271 2630 580 2700; x_wconf 77' lang='grc' dir='ltr'>φάσκουσαι</span> <span class='ocrx_word' id='word_1_192' title='bbox 604 2633 693 2686; x_wconf 84' lang='grc' dir='ltr'>τὸν</span> <span class='ocrx_word' id='word_1_193' title='bbox 724 2633 1027 2706; x_wconf 75' lang='grc' dir='ltr'>ἄνθρωπον,</span> <span class='ocrx_word' id='word_1_194' title='bbox 1051 2635 1547 2707; x_wconf 82' lang='grc' dir='ltr'>διευκρινήσασθαι,</span> <span class='ocrx_word' id='word_1_195' title='bbox 1585 2637 1667 2688; x_wconf 80' lang='grc' dir='ltr'>ὅτι</span> 
     </span>
    </p>
   </div>
   <div class='ocr_carea' id='block_1_30' title="bbox 1876 1867 1918 1922">
    <p class='ocr_par' dir='ltr' id='par_1_30' title="bbox 1876 1867 1918 1922">
     <span class='ocr_line' id='line_1_30' title="bbox 1876 1867 1918 1922; baseline 0 0"><span class='ocrx_word' id='word_1_196' title='bbox 1876 1867 1918 1922; x_wconf 91' lang='grc' dir='ltr'><strong>Β</strong></span> 
     </span>
    </p>
   </div>
   <div class='ocr_carea' id='block_1_31' title="bbox 1956 705 3525 777">
    <p class='ocr_par' dir='ltr' id='par_1_31' title="bbox 1956 705 3525 777">
     <span class='ocr_line' id='line_1_31' title="bbox 1956 705 3525 777; baseline 0.003 -21"><span class='ocrx_word' id='word_1_197' title='bbox 1956 719 2023 757; x_wconf 89' lang='lat' dir='ltr'><strong>na</strong></span> <span class='ocrx_word' id='word_1_198' title='bbox 2054 705 2230 774; x_wconf 91' lang='lat' dir='ltr'><strong>capita</strong></span> <span class='ocrx_word' id='word_1_199' title='bbox 2260 711 2460 769; x_wconf 87' lang='lat' dir='ltr'><strong>vestra,</strong></span> <span class='ocrx_word' id='word_1_200' title='bbox 2478 705 2596 775; x_wconf 86' lang='lat' dir='ltr'><strong>ejus</strong></span> <span class='ocrx_word' id='word_1_201' title='bbox 2612 705 2854 760; x_wconf 73' lang='lat' dir='ltr'><strong>victoriae</strong></span> <span class='ocrx_word' id='word_1_202' title='bbox 2876 706 3098 777; x_wconf 70' lang='lat' dir='ltr'><strong>praemio</strong></span> <span class='ocrx_word' id='word_1_203' title='bbox 3124 706 3331 765; x_wconf 85' lang='lat' dir='ltr'><strong>floridis</strong></span> <span class='ocrx_word' id='word_1_204' title='bbox 3359 722 3525 764; x_wconf 62' lang='lat' dir='ltr'><strong>exoro</strong></span> 
     </span>
    </p>
   </div>
   <div class='ocr_carea' id='block_1_32' title="bbox 1954 797 3522 866">
    <p class='ocr_par' dir='ltr' id='par_1_32' title="bbox 1954 797 3522 866">
     <span class='ocr_line' id='line_1_32' title="bbox 1954 797 3522 866; baseline 0.004 -16"><span class='ocrx_word' id='word_1_205' title='bbox 1954 805 2082 851; x_wconf 88' lang='lat' dir='ltr'><strong>nata</strong></span> <span class='ocrx_word' id='word_1_206' title='bbox 2112 797 2331 852; x_wconf 91' lang='lat' dir='ltr'><strong>coronis</strong></span> <span class='ocrx_word' id='word_1_207' title='bbox 2364 797 2630 854; x_wconf 80' lang='lat' dir='ltr'><strong>referetis.</strong></span> <span class='ocrx_word' id='word_1_208' title='bbox 2658 797 2915 854; x_wconf 85' lang='lat' dir='ltr'><strong>Nostrum</strong></span> <span class='ocrx_word' id='word_1_209' title='bbox 2941 801 3086 855; x_wconf 89' lang='lat' dir='ltr'><strong>enim</strong></span> <span class='ocrx_word' id='word_1_210' title='bbox 3120 808 3224 866; x_wconf 89' lang='lat' dir='ltr'><strong>est,</strong></span> <span class='ocrx_word' id='word_1_211' title='bbox 3258 811 3317 855; x_wconf 91' lang='lat' dir='ltr'><strong>ut</strong></span> <span class='ocrx_word' id='word_1_212' title='bbox 3349 803 3522 857; x_wconf 90' lang='lat' dir='ltr'><strong>virtu-</strong></span> 
     </span>
    </p>
   </div>
   <div class='ocr_carea' id='block_1_33' title="bbox 1954 888 3519 966">
    <p class='ocr_par' dir='ltr' id='par_1_33' title="bbox 1954 888 3519 966">
     <span class='ocr_line' id='line_1_33' title="bbox 1954 888 3519 966; baseline 0.004 -23"><span class='ocrx_word' id='word_1_213' title='bbox 1954 897 2061 944; x_wconf 85' lang='lat' dir='ltr'><strong>tem</strong></span> <span class='ocrx_word' id='word_1_214' title='bbox 2114 888 2466 959; x_wconf 65' lang='lat' dir='ltr'><strong>praeferamus</strong></span> <span class='ocrx_word' id='word_1_215' title='bbox 2515 890 2820 961; x_wconf 88' lang='lat' dir='ltr'><strong>potiorique</strong></span> <span class='ocrx_word' id='word_1_216' title='bbox 2882 891 3002 946; x_wconf 91' lang='lat' dir='ltr'><strong>loco</strong></span> <span class='ocrx_word' id='word_1_217' title='bbox 3049 892 3366 958; x_wconf 86' lang='lat' dir='ltr'><strong>habeamus,</strong></span> <span class='ocrx_word' id='word_1_218' title='bbox 3426 897 3519 966; x_wconf 88' lang='lat' dir='ltr'><strong>qui</strong></span> 
     </span>
    </p>
   </div>
   <div class='ocr_carea' id='block_1_34' title="bbox 1952 981 3516 1051">
    <p class='ocr_par' dir='ltr' id='par_1_34' title="bbox 1952 981 3516 1051">
     <span class='ocr_line' id='line_1_34' title="bbox 1952 981 3516 1051; baseline 0.004 -18"><span class='ocrx_word' id='word_1_219' title='bbox 1952 996 2064 1050; x_wconf 67' lang='lat' dir='ltr'><strong>prae</strong></span> <span class='ocrx_word' id='word_1_220' title='bbox 2094 981 2381 1051; x_wconf 77' lang='lat' dir='ltr'><strong>terrigenis</strong></span> <span class='ocrx_word' id='word_1_221' title='bbox 2411 990 2644 1037; x_wconf 89' lang='lat' dir='ltr'><strong>mentem</strong></span> <span class='ocrx_word' id='word_1_222' title='bbox 2684 982 2910 1038; x_wconf 87' lang='lat' dir='ltr'><strong>liberam</strong></span> <span class='ocrx_word' id='word_1_223' title='bbox 2946 999 3009 1038; x_wconf 91' lang='lat' dir='ltr'><strong>ac</strong></span> <span class='ocrx_word' id='word_1_224' title='bbox 3035 984 3248 1039; x_wconf 85' lang='lat' dir='ltr'><strong>arbitrii</strong></span> <span class='ocrx_word' id='word_1_225' title='bbox 3279 985 3516 1041; x_wconf 86' lang='lat' dir='ltr'><strong>faculta-</strong></span> 
     </span>
    </p>
   </div>
   <div class='ocr_carea' id='block_1_35' title="bbox 1956 1074 3515 1146">
    <p class='ocr_par' dir='ltr' id='par_1_35' title="bbox 1956 1074 3515 1146">
     <span class='ocr_line' id='line_1_35' title="bbox 1956 1074 3515 1146; baseline 0.006 -19"><span class='ocrx_word' id='word_1_226' title='bbox 1956 1084 2063 1128; x_wconf 91' lang='lat' dir='ltr'><strong>tem</strong></span> <span class='ocrx_word' id='word_1_227' title='bbox 2097 1074 2230 1128; x_wconf 88' lang='lat' dir='ltr'><strong>nulli</strong></span> <span class='ocrx_word' id='word_1_228' title='bbox 2255 1074 2545 1129; x_wconf 81' lang='lat' dir='ltr'><strong>obnoxiam</strong></span> <span class='ocrx_word' id='word_1_229' title='bbox 2572 1076 2907 1142; x_wconf 86' lang='lat' dir='ltr'><strong>necessitati,</strong></span> <span class='ocrx_word' id='word_1_230' title='bbox 2933 1092 2962 1130; x_wconf 92' lang='lat' dir='ltr'><strong>a</strong></span> <span class='ocrx_word' id='word_1_231' title='bbox 3005 1075 3114 1132; x_wconf 91' lang='lat' dir='ltr'><strong>Deo</strong></span> <span class='ocrx_word' id='word_1_232' title='bbox 3146 1080 3292 1133; x_wconf 88' lang='lat' dir='ltr'><strong>nacti</strong></span> <span class='ocrx_word' id='word_1_233' title='bbox 3320 1079 3515 1146; x_wconf 90' lang='lat' dir='ltr'><strong>simus,</strong></span> 
     </span>
    </p>
   </div>
   <div class='ocr_carea' id='block_1_36' title="bbox 1954 1169 3518 1246">
    <p class='ocr_par' dir='ltr' id='par_1_36' title="bbox 1954 1169 3518 1246">
     <span class='ocr_line' id='line_1_36' title="bbox 1954 1169 3518 1246; baseline 0.006 -25"><span class='ocrx_word' id='word_1_234' title='bbox 1954 1176 2014 1221; x_wconf 92' lang='lat' dir='ltr'><strong>ut</strong></span> <span class='ocrx_word' id='word_1_235' title='bbox 2043 1170 2202 1239; x_wconf 90' lang='lat' dir='ltr'><strong>pleno</strong></span> <span class='ocrx_word' id='word_1_236' title='bbox 2229 1169 2354 1238; x_wconf 85' lang='lat' dir='ltr'><strong>jure</strong></span> <span class='ocrx_word' id='word_1_237' title='bbox 2384 1184 2448 1223; x_wconf 89' lang='lat' dir='ltr'><strong>ac</strong></span> <span class='ocrx_word' id='word_1_238' title='bbox 2487 1171 2735 1235; x_wconf 89' lang='lat' dir='ltr'><strong>arbitrio,</strong></span> <span class='ocrx_word' id='word_1_239' title='bbox 2771 1187 2892 1241; x_wconf 67' lang='lat' dir='ltr'><strong>qua!</strong></span> <span class='ocrx_word' id='word_1_240' title='bbox 2921 1173 3162 1236; x_wconf 87' lang='lat' dir='ltr'><strong>libuerit,</strong></span> <span class='ocrx_word' id='word_1_241' title='bbox 3206 1174 3321 1228; x_wconf 74' lang='lat' dir='ltr'><strong>haec</strong></span> <span class='ocrx_word' id='word_1_242' title='bbox 3351 1175 3518 1246; x_wconf 79' lang='lat' dir='ltr'><strong>eliga-</strong></span> 
     </span>
    </p>
   </div>
   <div class='ocr_carea' id='block_1_37' title="bbox 1951 1261 3518 1326">
    <p class='ocr_par' dir='ltr' id='par_1_37' title="bbox 1951 1261 3518 1326">
     <span class='ocr_line' id='line_1_37' title="bbox 1951 1261 3518 1326; baseline 0.004 -10"><span class='ocrx_word' id='word_1_243' title='bbox 1951 1278 2094 1326; x_wconf 91' lang='lat' dir='ltr'><strong>mus,</strong></span> <span class='ocrx_word' id='word_1_244' title='bbox 2123 1277 2223 1317; x_wconf 89' lang='lat' dir='ltr'><strong>nec</strong></span> <span class='ocrx_word' id='word_1_245' title='bbox 2256 1261 2367 1316; x_wconf 92' lang='lat' dir='ltr'><strong>fato</strong></span> <span class='ocrx_word' id='word_1_246' title='bbox 2411 1261 2507 1315; x_wconf 90' lang='lat' dir='ltr'><strong>ulli</strong></span> <span class='ocrx_word' id='word_1_247' title='bbox 2556 1276 2618 1316; x_wconf 90' lang='lat' dir='ltr'><strong>ac</strong></span> <span class='ocrx_word' id='word_1_248' title='bbox 2665 1261 2898 1317; x_wconf 57' lang='lat' dir='ltr'><strong>fortuna}</strong></span> <span class='ocrx_word' id='word_1_249' title='bbox 2925 1263 3249 1321; x_wconf 89' lang='lat' dir='ltr'><strong>serviamus.</strong></span> <span class='ocrx_word' id='word_1_250' title='bbox 3285 1264 3518 1322; x_wconf 86' lang='lat' dir='ltr'><strong>Proinde</strong></span> 
     </span>
    </p>
   </div>
   <div class='ocr_carea' id='block_1_38' title="bbox 1949 1351 3516 1428">
    <p class='ocr_par' dir='ltr' id='par_1_38' title="bbox 1949 1351 3516 1428">
     <span class='ocr_line' id='line_1_38' title="bbox 1949 1351 3516 1428; baseline 0.002 -20"><span class='ocrx_word' id='word_1_251' title='bbox 1949 1369 2110 1409; x_wconf 88' lang='lat' dir='ltr'><strong>nemo</strong></span> <span class='ocrx_word' id='word_1_252' title='bbox 2156 1353 2237 1409; x_wconf 92' lang='lat' dir='ltr'><strong>sui</strong></span> <span class='ocrx_word' id='word_1_253' title='bbox 2298 1351 2552 1407; x_wconf 88' lang='lat' dir='ltr'><strong>dominus</strong></span> <span class='ocrx_word' id='word_1_254' title='bbox 2595 1353 2883 1420; x_wconf 92' lang='lat' dir='ltr'><strong>bonusque</strong></span> <span class='ocrx_word' id='word_1_255' title='bbox 2937 1355 3228 1421; x_wconf 77' lang='lat' dir='ltr'><strong>exstiterit,</strong></span> <span class='ocrx_word' id='word_1_256' title='bbox 3261 1355 3367 1410; x_wconf 90' lang='lat' dir='ltr'><strong>nisi</strong></span> <span class='ocrx_word' id='word_1_257' title='bbox 3423 1357 3516 1428; x_wconf 88' lang='lat' dir='ltr'><strong>qui</strong></span> 
     </span>
    </p>
   </div>
   <div class='ocr_carea' id='block_1_39' title="bbox 1947 1444 3517 1514">
    <p class='ocr_par' dir='ltr' id='par_1_39' title="bbox 1947 1444 3517 1514">
     <span class='ocr_line' id='line_1_39' title="bbox 1947 1444 3517 1514; baseline 0.002 -15"><span class='ocrx_word' id='word_1_258' title='bbox 1947 1445 2188 1499; x_wconf 90' lang='lat' dir='ltr'><strong>humano</strong></span> <span class='ocrx_word' id='word_1_259' title='bbox 2221 1444 2425 1498; x_wconf 88' lang='lat' dir='ltr'><strong>Christi</strong></span> <span class='ocrx_word' id='word_1_260' title='bbox 2475 1459 2608 1499; x_wconf 91' lang='lat' dir='ltr'><strong>usus</strong></span> <span class='ocrx_word' id='word_1_261' title='bbox 2653 1444 2922 1513; x_wconf 84' lang='lat' dir='ltr'><strong>exemplo,</strong></span> <span class='ocrx_word' id='word_1_262' title='bbox 2956 1459 3122 1514; x_wconf 90' lang='lat' dir='ltr'><strong>seque</strong></span> <span class='ocrx_word' id='word_1_263' title='bbox 3162 1446 3228 1498; x_wconf 91' lang='lat' dir='ltr'><strong>ad</strong></span> <span class='ocrx_word' id='word_1_264' title='bbox 3275 1447 3426 1501; x_wconf 90' lang='lat' dir='ltr'><strong>illum</strong></span> <span class='ocrx_word' id='word_1_265' title='bbox 3457 1455 3517 1502; x_wconf 86' lang='lat' dir='ltr'><strong>ut</strong></span> 
     </span>
    </p>
   </div>
   <div class='ocr_carea' id='block_1_40' title="bbox 1948 1533 3514 1607">
    <p class='ocr_par' dir='ltr' id='par_1_40' title="bbox 1948 1533 3514 1607">
     <span class='ocr_line' id='line_1_40' title="bbox 1948 1533 3514 1607; baseline 0.003 -18"><span class='ocrx_word' id='word_1_266' title='bbox 1948 1537 2298 1607; x_wconf 85' lang='lat' dir='ltr'><strong>archetypum</strong></span> <span class='ocrx_word' id='word_1_267' title='bbox 2329 1533 2588 1605; x_wconf 78' lang='lat' dir='ltr'><strong>efﬁngens</strong></span> <span class='ocrx_word' id='word_1_268' title='bbox 2617 1549 2682 1588; x_wconf 89' lang='lat' dir='ltr'><strong>ac</strong></span> <span class='ocrx_word' id='word_1_269' title='bbox 2715 1534 2890 1604; x_wconf 91' lang='lat' dir='ltr'><strong>ipsum</strong></span> <span class='ocrx_word' id='word_1_270' title='bbox 2924 1534 3120 1589; x_wconf 83' lang='lat' dir='ltr'><strong>imitari</strong></span> <span class='ocrx_word' id='word_1_271' title='bbox 3145 1537 3394 1604; x_wconf 86' lang='lat' dir='ltr'><strong>studens,</strong></span> <span class='ocrx_word' id='word_1_272' title='bbox 3427 1537 3514 1594; x_wconf 80' lang='lat' dir='ltr'><strong>vi-</strong></span> 
     </span>
    </p>
   </div>
   <div class='ocr_carea' id='block_1_41' title="bbox 1946 1625 3516 1697">
    <p class='ocr_par' dir='ltr' id='par_1_41' title="bbox 1946 1625 3516 1697">
     <span class='ocr_line' id='line_1_41' title="bbox 1946 1625 3516 1697; baseline 0.002 -16"><span class='ocrx_word' id='word_1_273' title='bbox 1946 1636 2056 1681; x_wconf 87' lang='lat' dir='ltr'><strong>tam</strong></span> <span class='ocrx_word' id='word_1_274' title='bbox 2090 1627 2480 1697; x_wconf 85' lang='lat' dir='ltr'><strong>composuerit.</strong></span> <span class='ocrx_word' id='word_1_275' title='bbox 2521 1625 2775 1680; x_wconf 85' lang='lat' dir='ltr'><strong>Omnium</strong></span> <span class='ocrx_word' id='word_1_276' title='bbox 2819 1640 3053 1695; x_wconf 89' lang='lat' dir='ltr'><strong>namque</strong></span> <span class='ocrx_word' id='word_1_277' title='bbox 3083 1628 3350 1681; x_wconf 86' lang='lat' dir='ltr'><strong>malorum</strong></span> <span class='ocrx_word' id='word_1_278' title='bbox 3398 1643 3516 1684; x_wconf 63' lang='lat' dir='ltr'><strong>ma«</strong></span> 
     </span>
    </p>
   </div>
   <div class='ocr_carea' id='block_1_42' title="bbox 1946 1716 3513 1788">
    <p class='ocr_par' dir='ltr' id='par_1_42' title="bbox 1946 1716 3513 1788">
     <span class='ocr_line' id='line_1_42' title="bbox 1946 1716 3513 1788; baseline 0.001 -16"><span class='ocrx_word' id='word_1_279' title='bbox 1946 1719 2150 1772; x_wconf 79' lang='lat' dir='ltr'><strong>ximum</strong></span> <span class='ocrx_word' id='word_1_280' title='bbox 2177 1718 2452 1788; x_wconf 90' lang='lat' dir='ltr'><strong>plerisque</strong></span> <span class='ocrx_word' id='word_1_281' title='bbox 2492 1717 2716 1771; x_wconf 89' lang='lat' dir='ltr'><strong>insitum</strong></span> <span class='ocrx_word' id='word_1_282' title='bbox 2751 1716 2894 1772; x_wconf 88' lang='lat' dir='ltr'><strong>istud</strong></span> <span class='ocrx_word' id='word_1_283' title='bbox 2930 1717 3020 1781; x_wconf 90' lang='lat' dir='ltr'><strong>sit,</strong></span> <span class='ocrx_word' id='word_1_284' title='bbox 3053 1717 3200 1787; x_wconf 87' lang='lat' dir='ltr'><strong>quod</strong></span> <span class='ocrx_word' id='word_1_285' title='bbox 3246 1719 3513 1774; x_wconf 86' lang='lat' dir='ltr'><strong>scelerum</strong></span> 
     </span>
    </p>
   </div>
   <div class='ocr_carea' id='block_1_43' title="bbox 1947 1809 3512 1883">
    <p class='ocr_par' dir='ltr' id='par_1_43' title="bbox 1947 1809 3512 1883">
     <span class='ocr_line' id='line_1_43' title="bbox 1947 1809 3512 1883; baseline 0.002 -17"><span class='ocrx_word' id='word_1_286' title='bbox 1947 1826 2145 1866; x_wconf 85' lang='lat' dir='ltr'><strong>causas</strong></span> <span class='ocrx_word' id='word_1_287' title='bbox 2183 1810 2248 1864; x_wconf 85' lang='lat' dir='ltr'><strong>ad</strong></span> <span class='ocrx_word' id='word_1_288' title='bbox 2295 1810 2573 1866; x_wconf 86' lang='lat' dir='ltr'><strong>stellarum</strong></span> <span class='ocrx_word' id='word_1_289' title='bbox 2625 1817 2804 1863; x_wconf 86' lang='lat' dir='ltr'><strong>motus</strong></span> <span class='ocrx_word' id='word_1_290' title='bbox 2855 1809 3118 1874; x_wconf 87' lang='lat' dir='ltr'><strong>referunt,</strong></span> <span class='ocrx_word' id='word_1_291' title='bbox 3152 1819 3512 1883; x_wconf 84' lang='lat' dir='ltr'><strong>asseruntque</strong></span> 
     </span>
    </p>
   </div>
   <div class='ocr_carea' id='block_1_44' title="bbox 1947 1901 3511 1974">
    <p class='ocr_par' dir='ltr' id='par_1_44' title="bbox 1947 1901 3511 1974">
     <span class='ocr_line' id='line_1_44' title="bbox 1947 1901 3511 1974; baseline 0.001 -18"><span class='ocrx_word' id='word_1_292' title='bbox 1947 1904 2111 1956; x_wconf 89' lang='lat' dir='ltr'><strong>vitam</strong></span> <span class='ocrx_word' id='word_1_293' title='bbox 2136 1910 2376 1956; x_wconf 88' lang='lat' dir='ltr'><strong>nostram</strong></span> <span class='ocrx_word' id='word_1_294' title='bbox 2413 1901 2506 1954; x_wconf 91' lang='lat' dir='ltr'><strong>fati</strong></span> <span class='ocrx_word' id='word_1_295' title='bbox 2537 1901 2957 1956; x_wconf 85' lang='lat' dir='ltr'><strong>necessitatibus</strong></span> <span class='ocrx_word' id='word_1_296' title='bbox 2981 1903 3292 1972; x_wconf 80' lang='lat' dir='ltr'><strong>gubernari,</strong></span> <span class='ocrx_word' id='word_1_297' title='bbox 3324 1920 3511 1974; x_wconf 87' lang='lat' dir='ltr'><strong>quem-</strong></span> 
     </span>
    </p>
   </div>
   <div class='ocr_carea' id='block_1_45' title="bbox 1945 1992 3508 2060">
    <p class='ocr_par' dir='ltr' id='par_1_45' title="bbox 1945 1992 3508 2060">
     <span class='ocr_line' id='line_1_45' title="bbox 1945 1992 3508 2060; baseline 0.003 -13"><span class='ocrx_word' id='word_1_298' title='bbox 1945 1993 2234 2047; x_wconf 86' lang='lat' dir='ltr'><strong>admodum</strong></span> <span class='ocrx_word' id='word_1_299' title='bbox 2270 1993 2360 2046; x_wconf 89' lang='lat' dir='ltr'><strong>isti</strong></span> <span class='ocrx_word' id='word_1_300' title='bbox 2404 1992 2606 2046; x_wconf 85' lang='lat' dir='ltr'><strong>faciunt</strong></span> <span class='ocrx_word' id='word_1_301' title='bbox 2641 1993 3066 2060; x_wconf 76' lang='lat' dir='ltr'><strong>arrogantissimi</strong></span> <span class='ocrx_word' id='word_1_302' title='bbox 3100 1993 3344 2048; x_wconf 85' lang='lat' dir='ltr'><strong>siderum</strong></span> <span class='ocrx_word' id='word_1_303' title='bbox 3407 1996 3508 2051; x_wconf 87' lang='lat' dir='ltr'><strong>ob-</strong></span> 
     </span>
    </p>
   </div>
   <div class='ocr_carea' id='block_1_46' title="bbox 1945 2082 3508 2155">
    <p class='ocr_par' dir='ltr' id='par_1_46' title="bbox 1945 2082 3508 2155">
     <span class='ocr_line' id='line_1_46' title="bbox 1945 2082 3508 2155; baseline 0.001 -17"><span class='ocrx_word' id='word_1_304' title='bbox 1945 2094 2270 2139; x_wconf 84' lang='lat' dir='ltr'><strong>servatores.</strong></span> <span class='ocrx_word' id='word_1_305' title='bbox 2305 2082 2516 2152; x_wconf 86' lang='lat' dir='ltr'><strong>Quippe</strong></span> <span class='ocrx_word' id='word_1_306' title='bbox 2566 2097 2703 2135; x_wconf 91' lang='lat' dir='ltr'><strong>vana</strong></span> <span class='ocrx_word' id='word_1_307' title='bbox 2764 2083 2948 2151; x_wconf 89' lang='lat' dir='ltr'><strong>potius</strong></span> <span class='ocrx_word' id='word_1_308' title='bbox 3005 2085 3317 2152; x_wconf 90' lang='lat' dir='ltr'><strong>suspicione</strong></span> <span class='ocrx_word' id='word_1_309' title='bbox 3348 2102 3508 2155; x_wconf 89' lang='lat' dir='ltr'><strong>quam</strong></span> 
     </span>
    </p>
   </div>
   <div class='ocr_carea' id='block_1_47' title="bbox 1944 2173 3506 2245">
    <p class='ocr_par' dir='ltr' id='par_1_47' title="bbox 1944 2173 3506 2245">
     <span class='ocr_line' id='line_1_47' title="bbox 1944 2173 3506 2245; baseline 0.002 -15"><span class='ocrx_word' id='word_1_310' title='bbox 1944 2183 2094 2231; x_wconf 89' lang='lat' dir='ltr'><strong>recta</strong></span> <span class='ocrx_word' id='word_1_311' title='bbox 2143 2189 2444 2244; x_wconf 90' lang='lat' dir='ltr'><strong>securaque</strong></span> <span class='ocrx_word' id='word_1_312' title='bbox 2474 2173 2761 2244; x_wconf 86' lang='lat' dir='ltr'><strong>prudentia</strong></span> <span class='ocrx_word' id='word_1_313' title='bbox 2793 2174 2860 2228; x_wconf 89' lang='lat' dir='ltr'><strong>de</strong></span> <span class='ocrx_word' id='word_1_314' title='bbox 2908 2174 3072 2229; x_wconf 91' lang='lat' dir='ltr'><strong>rebus</strong></span> <span class='ocrx_word' id='word_1_315' title='bbox 3117 2176 3506 2245; x_wconf 86' lang='lat' dir='ltr'><strong>conjectantes,</strong></span> 
     </span>
    </p>
   </div>
   <div class='ocr_carea' id='block_1_48' title="bbox 1943 2266 3506 2337">
    <p class='ocr_par' dir='ltr' id='par_1_48' title="bbox 1943 2266 3506 2337">
     <span class='ocr_line' id='line_1_48' title="bbox 1943 2266 3506 2337; baseline 0.001 -15"><span class='ocrx_word' id='word_1_316' title='bbox 1943 2282 2115 2337; x_wconf 88' lang='lat' dir='ltr'><strong>eaque</strong></span> <span class='ocrx_word' id='word_1_317' title='bbox 2151 2266 2294 2331; x_wconf 80' lang='lat' dir='ltr'><strong>freti,</strong></span> <span class='ocrx_word' id='word_1_318' title='bbox 2345 2267 2491 2336; x_wconf 91' lang='lat' dir='ltr'><strong>quod</strong></span> <span class='ocrx_word' id='word_1_319' title='bbox 2541 2267 2684 2321; x_wconf 91' lang='lat' dir='ltr'><strong>inter</strong></span> <span class='ocrx_word' id='word_1_320' title='bbox 2733 2267 3017 2321; x_wconf 75' lang='lat' dir='ltr'><strong>veritatem</strong></span> <span class='ocrx_word' id='word_1_321' title='bbox 3071 2281 3135 2320; x_wconf 89' lang='lat' dir='ltr'><strong>ac</strong></span> <span class='ocrx_word' id='word_1_322' title='bbox 3167 2268 3506 2324; x_wconf 88' lang='lat' dir='ltr'><strong>mendacium</strong></span> 
     </span>
    </p>
   </div>
   <div class='ocr_carea' id='block_1_49' title="bbox 1944 2359 3509 2429">
    <p class='ocr_par' dir='ltr' id='par_1_49' title="bbox 1944 2359 3509 2429">
     <span class='ocr_line' id='line_1_49' title="bbox 1944 2359 3509 2429; baseline 0 -15"><span class='ocrx_word' id='word_1_323' title='bbox 1944 2360 2180 2415; x_wconf 90' lang='lat' dir='ltr'><strong>medium</strong></span> <span class='ocrx_word' id='word_1_324' title='bbox 2223 2368 2327 2423; x_wconf 90' lang='lat' dir='ltr'><strong>est,</strong></span> <span class='ocrx_word' id='word_1_325' title='bbox 2360 2374 2390 2413; x_wconf 90' lang='lat' dir='ltr'><strong>a</strong></span> <span class='ocrx_word' id='word_1_326' title='bbox 2424 2373 2550 2412; x_wconf 91' lang='lat' dir='ltr'><strong>vera</strong></span> <span class='ocrx_word' id='word_1_327' title='bbox 2583 2373 2764 2413; x_wconf 89' lang='lat' dir='ltr'><strong>rerum</strong></span> <span class='ocrx_word' id='word_1_328' title='bbox 2806 2359 3116 2428; x_wconf 81' lang='lat' dir='ltr'><strong>cognitione</strong></span> <span class='ocrx_word' id='word_1_329' title='bbox 3155 2359 3312 2429; x_wconf 83' lang='lat' dir='ltr'><strong>longe</strong></span> <span class='ocrx_word' id='word_1_330' title='bbox 3351 2360 3509 2415; x_wconf 85' lang='lat' dir='ltr'><strong>aber-</strong></span> 
     </span>
    </p>
   </div>
   <div class='ocr_carea' id='block_1_50' title="bbox 1942 2451 3504 2522">
    <p class='ocr_par' dir='ltr' id='par_1_50' title="bbox 1942 2451 3504 2522">
     <span class='ocr_line' id='line_1_50' title="bbox 1942 2451 3504 2522; baseline 0.001 -16"><span class='ocrx_word' id='word_1_331' title='bbox 1942 2460 2154 2508; x_wconf 88' lang='lat' dir='ltr'><strong>rarunt.</strong></span> <span class='ocrx_word' id='word_1_332' title='bbox 2186 2451 2366 2518; x_wconf 84' lang='lat' dir='ltr'><strong>Quare</strong></span> <span class='ocrx_word' id='word_1_333' title='bbox 2396 2452 2440 2508; x_wconf 89' lang='lat' dir='ltr'><strong>si</strong></span> <span class='ocrx_word' id='word_1_334' title='bbox 2477 2451 2811 2521; x_wconf 89' lang='lat' dir='ltr'><strong>permiseris,</strong></span> <span class='ocrx_word' id='word_1_335' title='bbox 2841 2467 2874 2505; x_wconf 94' lang='lat' dir='ltr'><strong>o</strong></span> <span class='ocrx_word' id='word_1_336' title='bbox 2903 2452 3086 2516; x_wconf 83' lang='lat' dir='ltr'><strong>Arete,</strong></span> <span class='ocrx_word' id='word_1_337' title='bbox 3123 2452 3375 2507; x_wconf 85' lang='lat' dir='ltr'><strong>absoluto</strong></span> <span class='ocrx_word' id='word_1_338' title='bbox 3393 2453 3504 2522; x_wconf 83' lang='lat' dir='ltr'><strong>jam</strong></span> 
     </span>
    </p>
   </div>
   <div class='ocr_carea' id='block_1_51' title="bbox 1940 2543 3508 2614">
    <p class='ocr_par' dir='ltr' id='par_1_51' title="bbox 1940 2543 3508 2614">
     <span class='ocr_line' id='line_1_51' title="bbox 1940 2543 3508 2614; baseline 0 -18"><span class='ocrx_word' id='word_1_339' title='bbox 1940 2543 2070 2597; x_wconf 89' lang='lat' dir='ltr'><strong>mihi</strong></span> <span class='ocrx_word' id='word_1_340' title='bbox 2101 2559 2368 2607; x_wconf 87' lang='lat' dir='ltr'><strong>sermone,</strong></span> <span class='ocrx_word' id='word_1_341' title='bbox 2392 2559 2552 2614; x_wconf 92' lang='lat' dir='ltr'><strong>quem</strong></span> <span class='ocrx_word' id='word_1_342' title='bbox 2584 2544 2722 2612; x_wconf 89' lang='lat' dir='ltr'><strong>ipsa,</strong></span> <span class='ocrx_word' id='word_1_343' title='bbox 2749 2543 2992 2607; x_wconf 89' lang='lat' dir='ltr'><strong>domina,</strong></span> <span class='ocrx_word' id='word_1_344' title='bbox 3026 2553 3083 2598; x_wconf 90' lang='lat' dir='ltr'><strong>ut</strong></span> <span class='ocrx_word' id='word_1_345' title='bbox 3111 2543 3363 2599; x_wconf 80' lang='lat' dir='ltr'><strong>haberem</strong></span> <span class='ocrx_word' id='word_1_346' title='bbox 3405 2547 3508 2599; x_wconf 85' lang='lat' dir='ltr'><strong>im-</strong></span> 
     </span>
    </p>
   </div>
   <div class='ocr_carea' id='block_1_52' title="bbox 1947 2634 3506 2704">
    <p class='ocr_par' dir='ltr' id='par_1_52' title="bbox 1947 2634 3506 2704">
     <span class='ocr_line' id='line_1_52' title="bbox 1947 2634 3506 2704; baseline 0.001 -14"><span class='ocrx_word' id='word_1_347' title='bbox 1947 2636 2172 2704; x_wconf 79' lang='lat' dir='ltr'><strong>perasti,</strong></span> <span class='ocrx_word' id='word_1_348' title='bbox 2205 2635 2478 2702; x_wconf 92' lang='lat' dir='ltr'><strong>conabor,</strong></span> <span class='ocrx_word' id='word_1_349' title='bbox 2505 2634 2796 2703; x_wconf 84' lang='lat' dir='ltr'><strong>adjuvante</strong></span> <span class='ocrx_word' id='word_1_350' title='bbox 2829 2641 2903 2698; x_wconf 90' lang='lat' dir='ltr'><strong>te,</strong></span> <span class='ocrx_word' id='word_1_351' title='bbox 2943 2635 3106 2688; x_wconf 91' lang='lat' dir='ltr'><strong>alium</strong></span> <span class='ocrx_word' id='word_1_352' title='bbox 3142 2635 3398 2690; x_wconf 85' lang='lat' dir='ltr'><strong>inchoare</strong></span> <span class='ocrx_word' id='word_1_353' title='bbox 3439 2651 3506 2692; x_wconf 88' lang='lat' dir='ltr'><strong>ac</strong></span> 
     </span>
    </p>
   </div>
   <div class='ocr_carea' id='block_1_53' title="bbox 274 2707 3506 2797">
    <p class='ocr_par' dir='ltr' id='par_1_53' title="bbox 274 2724 3506 2797">
     <span class='ocr_line' id='line_1_53' title="bbox 274 2724 3506 2797; baseline 0.003 -21"><span class='ocrx_word' id='word_1_354' title='bbox 274 2724 857 2792; x_wconf 83' lang='lat' dir='ltr'><strong>pertexere,adversus</strong></span> <span class='ocrx_word' id='word_1_355' title='bbox 887 2741 980 2781; x_wconf 89' lang='lat' dir='ltr'><strong>eos</strong></span> <span class='ocrx_word' id='word_1_356' title='bbox 1006 2727 1098 2796; x_wconf 88' lang='lat' dir='ltr'><strong>qui</strong></span> <span class='ocrx_word' id='word_1_357' title='bbox 1122 2742 1262 2797; x_wconf 65' lang='lat' dir='ltr'><strong>aegre</strong></span> <span class='ocrx_word' id='word_1_358' title='bbox 1296 2727 1496 2791; x_wconf 89' lang='lat' dir='ltr'><strong>ferunt,</strong></span> <span class='ocrx_word' id='word_1_359' title='bbox 1523 2743 1623 2782; x_wconf 88' lang='lat' dir='ltr'><strong>nec</strong></span> <span class='ocrx_word' id='word_1_360' title='bbox 1666 2726 1854 2782; x_wconf 84' lang='lat' dir='ltr'><strong>faciles</strong></span> <span class='ocrx_word' id='word_1_361' title='bbox 1914 2743 2201 2784; x_wconf 78' lang='lat' dir='ltr'><strong>assensum</strong></span> <span class='ocrx_word' id='word_1_362' title='bbox 2265 2725 2700 2792; x_wconf 84' lang='lat' dir='ltr'><strong>accommodant,</strong></span> <span class='ocrx_word' id='word_1_363' title='bbox 2731 2726 2875 2797; x_wconf 90' lang='lat' dir='ltr'><strong>quod</strong></span> <span class='ocrx_word' id='word_1_364' title='bbox 2915 2727 3188 2782; x_wconf 86' lang='lat' dir='ltr'><strong>hominem</strong></span> <span class='ocrx_word' id='word_1_365' title='bbox 3231 2729 3388 2784; x_wconf 89' lang='lat' dir='ltr'><strong>liberi</strong></span> <span class='ocrx_word' id='word_1_366' title='bbox 3417 2744 3506 2784; x_wconf 86' lang='lat' dir='ltr'><strong>ar-</strong></span> 
     </span>
    </p>
   </div>
   <div class='ocr_carea' id='block_1_54' title="bbox 277 2815 2063 2895">
    <p class='ocr_par' dir='ltr' id='par_1_54' title="bbox 277 2815 2063 2895">
     <span class='ocr_line' id='line_1_54' title="bbox 277 2815 2063 2895; baseline 0.004 -26"><span class='ocrx_word' id='word_1_367' title='bbox 277 2815 421 2869; x_wconf 87' lang='lat' dir='ltr'><strong>bitrii</strong></span> <span class='ocrx_word' id='word_1_368' title='bbox 461 2816 718 2874; x_wconf 89' lang='lat' dir='ltr'><strong>facultate</strong></span> <span class='ocrx_word' id='word_1_369' title='bbox 745 2820 1028 2889; x_wconf 62' lang='lat' dir='ltr'><strong>praeditum</strong></span> <span class='ocrx_word' id='word_1_370' title='bbox 1051 2836 1173 2877; x_wconf 90' lang='lat' dir='ltr'><strong>esse</strong></span> <span class='ocrx_word' id='word_1_371' title='bbox 1201 2822 1469 2889; x_wconf 90' lang='lat' dir='ltr'><strong>dicimus;</strong></span> <span class='ocrx_word' id='word_1_372' title='bbox 1491 2838 1627 2892; x_wconf 91' lang='lat' dir='ltr'><strong>quos</strong></span> <span class='ocrx_word' id='word_1_373' title='bbox 1651 2839 1843 2892; x_wconf 85' lang='lat' dir='ltr'><strong>nempe</strong></span> <span class='ocrx_word' id='word_1_374' title='bbox 1875 2823 2063 2895; x_wconf 89' lang='lat' dir='ltr'><strong>liquet,</strong></span> 
     </span>
    </p>
   </div>
   <div class='ocr_carea' id='block_1_55' title="bbox 315 2905 1796 3055">
    <p class='ocr_par' dir='ltr' id='par_1_55' title="bbox 315 2905 1796 3055">
     <span class='ocr_line' id='line_1_55' title="bbox 315 2905 1796 3055; baseline 0.007 -96"><span class='ocrx_word' id='word_1_375' title='bbox 315 2905 444 2978; x_wconf 73' lang='lat'><strong>(27)</strong></span> <span class='ocrx_word' id='word_1_376' title='bbox 494 2907 731 2979; x_wconf 68' lang='grc' dir='ltr'>Σφῇσιν</span> <span class='ocrx_word' id='word_1_377' title='bbox 779 2913 1220 2981; x_wconf 77' lang='grc' dir='ltr'>ἀτασθαλίῃσιν</span> <span class='ocrx_word' id='word_1_378' title='bbox 1250 2913 1588 3055; x_wconf 55' lang='grc' dir='ltr'>ὑπέριίἓρον</span> <span class='ocrx_word' id='word_1_379' title='bbox 1633 2915 1796 2986; x_wconf 77' lang='grc' dir='ltr'>ἄλγε’</span> 
     </span>
     <span class='ocr_line' id='line_1_56' title="bbox 1486 3002 1724 3054; baseline 0.004 -16"><span class='ocrx_word' id='word_1_380' title='bbox 1486 3002 1724 3054; x_wconf 75' lang='grc' dir='ltr'>χουσιν,</span> 
     </span>
    </p>
   </div>
   <div class='ocr_carea' id='block_1_56' title="bbox 1486 3002 1724 3054">
    <p class='ocr_par' dir='ltr' id='par_1_56' title="bbox 1486 3002 1724 3054">
     <span class='ocr_line' id='line_1_57' title="bbox 1486 3002 1724 3054; baseline 0.004 -16"><span class='ocrx_word' id='word_1_381' title='bbox 1486 3002 1724 3054; x_wconf 75' lang='grc' dir='ltr'>χουσιν,</span> 
     </span>
    </p>
   </div>
   <div class='ocr_carea' id='block_1_57' title="bbox 267 3068 1534 3147">
    <p class='ocr_par' dir='ltr' id='par_1_57' title="bbox 267 3068 1534 3147">
     <span class='ocr_line' id='line_1_58' title="bbox 267 3068 1534 3147; baseline 0.005 -25"><span class='ocrx_word' id='word_1_382' title='bbox 267 3068 580 3141; x_wconf 79' lang='grc' dir='ltr'>ταίρούμενοι</span> <span class='ocrx_word' id='word_1_383' title='bbox 605 3071 672 3124; x_wconf 80' lang='grc' dir='ltr'>τὰ</span> <span class='ocrx_word' id='word_1_384' title='bbox 699 3073 834 3144; x_wconf 76' lang='grc' dir='ltr'>ἡδέα</span> <span class='ocrx_word' id='word_1_385' title='bbox 865 3073 971 3145; x_wconf 75' lang='grc' dir='ltr'><strong>πρὸ</strong></span> <span class='ocrx_word' id='word_1_386' title='bbox 996 3073 1102 3127; x_wconf 85' lang='grc' dir='ltr'><strong>τῶν</strong></span> <span class='ocrx_word' id='word_1_387' title='bbox 1131 3073 1534 3147; x_wconf 87' lang='grc' dir='ltr'>συμφερόντων.</span> 
     </span>
    </p>
   </div>
   <div class='ocr_carea' id='block_1_58' title="bbox 2010 2913 3342 2987">
    <p class='ocr_par' dir='ltr' id='par_1_58' title="bbox 2010 2913 3342 2987">
     <span class='ocr_line' id='line_1_59' title="bbox 2010 2913 3342 2987; baseline 0.003 -20"><span class='ocrx_word' id='word_1_388' title='bbox 2010 2913 2262 2987; x_wconf 80' lang='lat' dir='ltr'><strong>Nequitia</strong></span> <span class='ocrx_word' id='word_1_389' title='bbox 2295 2916 2396 2970; x_wconf 76' lang='lat' dir='ltr'><strong>sibi</strong></span> <span class='ocrx_word' id='word_1_390' title='bbox 2423 2915 2617 2970; x_wconf 87' lang='lat' dir='ltr'><strong>damna</strong></span> <span class='ocrx_word' id='word_1_391' title='bbox 2644 2933 2758 2981; x_wconf 75' lang='lat' dir='ltr'><strong>tua,</strong></span> <span class='ocrx_word' id='word_1_392' title='bbox 2776 2925 3089 2986; x_wconf 83' lang='lat' dir='ltr'><strong>mortemque</strong></span> <span class='ocrx_word' id='word_1_393' title='bbox 3121 2933 3296 2972; x_wconf 88' lang='lat' dir='ltr'><strong>creare</strong></span> <span class='ocrx_word' id='word_1_394' title='bbox 3323 2934 3342 2971; x_wconf 90' lang='lat'><strong><em>:</em></strong></span> 
     </span>
    </p>
   </div>
   <div class='ocr_carea' id='block_1_59' title="bbox 1933 3070 3115 3142">
    <p class='ocr_par' dir='ltr' id='par_1_59' title="bbox 1933 3070 3115 3142">
     <span class='ocr_line' id='line_1_60' title="bbox 1933 3070 3115 3142; baseline -0.002 -18"><span class='ocrx_word' id='word_1_395' title='bbox 1933 3071 2132 3141; x_wconf 86' lang='lat' dir='ltr'><strong>quippe</strong></span> <span class='ocrx_word' id='word_1_396' title='bbox 2161 3071 2252 3142; x_wconf 91' lang='lat' dir='ltr'><strong>qui</strong></span> <span class='ocrx_word' id='word_1_397' title='bbox 2287 3070 2464 3125; x_wconf 86' lang='lat' dir='ltr'><strong>dulcia</strong></span> <span class='ocrx_word' id='word_1_398' title='bbox 2505 3087 2616 3142; x_wconf 62' lang='lat' dir='ltr'><strong>pra:</strong></span> <span class='ocrx_word' id='word_1_399' title='bbox 2640 3070 2866 3126; x_wconf 85' lang='lat' dir='ltr'><strong>utilibus</strong></span> <span class='ocrx_word' id='word_1_400' title='bbox 2898 3071 3115 3140; x_wconf 81' lang='lat' dir='ltr'><strong>eligant.</strong></span> 
     </span>
    </p>
   </div>
   <div class='ocr_carea' id='block_1_60' title="bbox 343 3136 1831 3235">
    <p class='ocr_par' dir='ltr' id='par_1_60' title="bbox 343 3136 1831 3235">
     <span class='ocr_line' id='line_1_61' title="bbox 343 3136 1831 3235; baseline 0.005 -23"><span class='ocrx_word' id='word_1_401' title='bbox 343 3136 536 3213; x_wconf 63' lang='grc' dir='ltr'><strong>ᾸΡΕΤ.</strong></span> <span class='ocrx_word' id='word_1_402' title='bbox 572 3136 732 3214; x_wconf 77' lang='grc' dir='ltr'>Ἀλλᾶ</span> <span class='ocrx_word' id='word_1_403' title='bbox 766 3136 994 3235; x_wconf 64' lang='grc' dir='ltr'>πάρείμι</span> <span class='ocrx_word' id='word_1_404' title='bbox 1019 3163 1112 3216; x_wconf 72' lang='grc' dir='ltr'>καὶ</span> <span class='ocrx_word' id='word_1_405' title='bbox 1141 3136 1574 3235; x_wconf 72' lang='grc' dir='ltr'>συναγωνίζομαι</span> <span class='ocrx_word' id='word_1_406' title='bbox 1595 3183 1608 3195; x_wconf 91' lang='grc'>·</span> <span class='ocrx_word' id='word_1_407' title='bbox 1635 3163 1831 3230; x_wconf 83' lang='grc' dir='ltr'>τελέως</span> 
     </span>
    </p>
   </div>
   <div class='ocr_carea' id='block_1_61' title="bbox 1929 3136 3500 3235">
    <p class='ocr_par' dir='ltr' id='par_1_61' title="bbox 1951 3136 3500 3234">
     <span class='ocr_line' id='line_1_62' title="bbox 1951 3136 3500 3234; baseline 0 -16"><span class='ocrx_word' id='word_1_408' title='bbox 1951 3136 1965 3141; x_wconf 47' lang='grc'><strong><em>-</em></strong></span> <span class='ocrx_word' id='word_1_409' title='bbox 2005 3136 2214 3219; x_wconf 46' lang='lat' dir='ltr'><strong>ﬁll—{Ei</strong></span> <span class='ocrx_word' id='word_1_410' title='bbox 2247 3164 2378 3234; x_wconf 84' lang='lat' dir='ltr'><strong>Age,</strong></span> <span class='ocrx_word' id='word_1_411' title='bbox 2411 3136 2666 3234; x_wconf 75' lang='lat' dir='ltr'><strong>permitto</strong></span> <span class='ocrx_word' id='word_1_412' title='bbox 2685 3162 2830 3234; x_wconf 91' lang='lat' dir='ltr'><strong>quod</strong></span> <span class='ocrx_word' id='word_1_413' title='bbox 2866 3136 3048 3227; x_wconf 40' lang='lat' dir='ltr'><strong>vis,‘et</strong></span> <span class='ocrx_word' id='word_1_414' title='bbox 3081 3178 3165 3217; x_wconf 89' lang='lat' dir='ltr'><strong>me</strong></span> <span class='ocrx_word' id='word_1_415' title='bbox 3187 3161 3500 3218; x_wconf 85' lang='lat' dir='ltr'><strong>certaminis</strong></span> 
     </span>
    </p>
   </div>
   <div class='ocr_carea' id='block_1_62' title="bbox 273 3250 1827 3329">
    <p class='ocr_par' dir='ltr' id='par_1_62' title="bbox 273 3250 1827 3329">
     <span class='ocr_line' id='line_1_63' title="bbox 273 3250 1827 3329; baseline 0.005 -25"><span class='ocrx_word' id='word_1_416' title='bbox 273 3250 378 3322; x_wconf 79' lang='grc' dir='ltr'>γὰρ</span> <span class='ocrx_word' id='word_1_417' title='bbox 419 3254 446 3305; x_wconf 88' lang='grc' dir='ltr'>ὁ</span> <span class='ocrx_word' id='word_1_418' title='bbox 480 3252 634 3322; x_wconf 85' lang='grc' dir='ltr'>λόγος</span> <span class='ocrx_word' id='word_1_419' title='bbox 681 3257 1081 3327; x_wconf 85' lang='grc' dir='ltr'>κεκοσμήσεται</span> <span class='ocrx_word' id='word_1_420' title='bbox 1109 3255 1203 3308; x_wconf 73' lang='grc' dir='ltr'>καὶ</span> <span class='ocrx_word' id='word_1_421' title='bbox 1243 3255 1446 3310; x_wconf 82' lang='grc' dir='ltr'>τούτων</span> <span class='ocrx_word' id='word_1_422' title='bbox 1490 3257 1827 3329; x_wconf 83' lang='grc' dir='ltr'>προσαφθέν-</span> 
     </span>
    </p>
   </div>
   <div class='ocr_carea' id='block_1_63' title="bbox 273 3359 392 3396">
    <p class='ocr_par' dir='ltr' id='par_1_63' title="bbox 273 3359 392 3396">
     <span class='ocr_line' id='line_1_64' title="bbox 273 3359 392 3396; baseline 0.017 -2"><span class='ocrx_word' id='word_1_423' title='bbox 273 3359 392 3396; x_wconf 87' lang='grc' dir='ltr'>των.</span> 
     </span>
    </p>
   </div>
   <div class='ocr_carea' id='block_1_64' title="bbox 1935 3254 3496 3325">
    <p class='ocr_par' dir='ltr' id='par_1_64' title="bbox 1935 3254 3496 3325">
     <span class='ocr_line' id='line_1_65' title="bbox 1935 3254 3496 3325; baseline -0.004 -11"><span class='ocrx_word' id='word_1_424' title='bbox 1935 3258 2138 3314; x_wconf 88' lang='lat' dir='ltr'><strong>sociam</strong></span> <span class='ocrx_word' id='word_1_425' title='bbox 2189 3273 2257 3312; x_wconf 90' lang='lat' dir='ltr'><strong>en</strong></span> <span class='ocrx_word' id='word_1_426' title='bbox 2292 3257 2387 3312; x_wconf 89' lang='lat' dir='ltr'><strong>tibi</strong></span> <span class='ocrx_word' id='word_1_427' title='bbox 2444 3257 2632 3313; x_wconf 83' lang='lat' dir='ltr'><strong>oil&#39;ero.</strong></span> <span class='ocrx_word' id='word_1_428' title='bbox 2678 3257 2816 3310; x_wconf 78' lang='lat' dir='ltr'><strong>Nam</strong></span> <span class='ocrx_word' id='word_1_429' title='bbox 2867 3255 2967 3309; x_wconf 91' lang='lat' dir='ltr'><strong>hac</strong></span> <span class='ocrx_word' id='word_1_430' title='bbox 3028 3254 3282 3324; x_wconf 91' lang='lat' dir='ltr'><strong>adjuncta</strong></span> <span class='ocrx_word' id='word_1_431' title='bbox 3333 3271 3496 3325; x_wconf 88' lang='lat' dir='ltr'><strong>quam</strong></span> 
     </span>
    </p>
   </div>
   <div class='ocr_carea' id='block_1_65' title="bbox 1933 3344 3497 3419">
    <p class='ocr_par' dir='ltr' id='par_1_65' title="bbox 1933 3344 3497 3419">
     <span class='ocr_line' id='line_1_66' title="bbox 1933 3344 3497 3419; baseline -0.004 -14"><span class='ocrx_word' id='word_1_432' title='bbox 1933 3350 2206 3419; x_wconf 89' lang='lat' dir='ltr'><strong>polliceris</strong></span> <span class='ocrx_word' id='word_1_433' title='bbox 2249 3348 2640 3417; x_wconf 69' lang='lat' dir='ltr'><strong>disluttatione,</strong></span> <span class='ocrx_word' id='word_1_434' title='bbox 2675 3346 2943 3401; x_wconf 85' lang='lat' dir='ltr'><strong>illustrior</strong></span> <span class='ocrx_word' id='word_1_435' title='bbox 2983 3344 3347 3413; x_wconf 90' lang='lat' dir='ltr'><strong>omnibusque</strong></span> <span class='ocrx_word' id='word_1_436' title='bbox 3391 3359 3497 3398; x_wconf 85' lang='lat' dir='ltr'><strong>nu-</strong></span> 
     </span>
    </p>
   </div>
   <div class='ocr_carea' id='block_1_66' title="bbox 1930 3441 2936 3506">
    <p class='ocr_par' dir='ltr' id='par_1_66' title="bbox 1930 3441 2936 3506">
     <span class='ocr_line' id='line_1_67' title="bbox 1930 3441 2936 3506; baseline -0.002 -12"><span class='ocrx_word' id='word_1_437' title='bbox 1930 3443 2094 3496; x_wconf 90' lang='lat' dir='ltr'><strong>meris</strong></span> <span class='ocrx_word' id='word_1_438' title='bbox 2117 3442 2386 3506; x_wconf 90' lang='lat' dir='ltr'><strong>absoluta,</strong></span> <span class='ocrx_word' id='word_1_439' title='bbox 2411 3451 2501 3496; x_wconf 91' lang='lat' dir='ltr'><strong>tua</strong></span> <span class='ocrx_word' id='word_1_440' title='bbox 2524 3441 2716 3497; x_wconf 85' lang='lat' dir='ltr'><strong>evadet</strong></span> <span class='ocrx_word' id='word_1_441' title='bbox 2743 3441 2936 3495; x_wconf 84' lang='lat' dir='ltr'><strong>oratio.</strong></span> 
     </span>
    </p>
   </div>
   <div class='ocr_carea' id='block_1_67' title="bbox 271 3541 3502 3627">
    <p class='ocr_par' dir='ltr' id='par_1_67' title="bbox 271 3541 3502 3627">
     <span class='ocr_line' id='line_1_68' title="bbox 271 3541 3502 3627; baseline -0.001 -22"><span class='ocrx_word' id='word_1_442' title='bbox 271 3549 395 3606; x_wconf 73' lang='lat' dir='ltr'><strong>CAP.</strong></span> <span class='ocrx_word' id='word_1_443' title='bbox 418 3550 556 3606; x_wconf 77' lang='lat' dir='ltr'><strong>XIV.</strong></span> <span class='ocrx_word' id='word_1_444' title='bbox 583 3551 1081 3608; x_wconf 76' lang='lat' dir='ltr'><strong>Mathematicorum</strong></span> <span class='ocrx_word' id='word_1_445' title='bbox 1120 3553 1360 3608; x_wconf 81' lang='lat' dir='ltr'><strong>doctrina</strong></span> <span class='ocrx_word' id='word_1_446' title='bbox 1395 3572 1497 3609; x_wconf 85' lang='lat' dir='ltr'><strong>non</strong></span> <span class='ocrx_word' id='word_1_447' title='bbox 1526 3571 1742 3623; x_wconf 81' lang='lat' dir='ltr'><strong>prorsus</strong></span> <span class='ocrx_word' id='word_1_448' title='bbox 1773 3558 2086 3624; x_wconf 79' lang='lat' dir='ltr'><strong>spernenda,</strong></span> <span class='ocrx_word' id='word_1_449' title='bbox 2123 3557 2357 3627; x_wconf 88' lang='lat' dir='ltr'><strong>quandiu</strong></span> <span class='ocrx_word' id='word_1_450' title='bbox 2378 3557 2432 3610; x_wconf 88' lang='lat' dir='ltr'><strong>in</strong></span> <span class='ocrx_word' id='word_1_451' title='bbox 2458 3564 2723 3610; x_wconf 79' lang='lat' dir='ltr'><strong>astrorum</strong></span> <span class='ocrx_word' id='word_1_452' title='bbox 2756 3563 2994 3608; x_wconf 81' lang='lat' dir='ltr'><strong>uersatur</strong></span> <span class='ocrx_word' id='word_1_453' title='bbox 3021 3551 3229 3605; x_wconf 80' lang='lat' dir='ltr'><strong>notitia.</strong></span> <span class='ocrx_word' id='word_1_454' title='bbox 3280 3541 3502 3605; x_wconf 46' lang='lat' dir='ltr'><strong>DuodeQ</strong></span> 
     </span>
    </p>
   </div>
   <div class='ocr_carea' id='block_1_68' title="bbox 1352 3627 2414 3697">
    <p class='ocr_par' dir='ltr' id='par_1_68' title="bbox 1352 3627 2414 3697">
     <span class='ocr_line' id='line_1_69' title="bbox 1352 3627 2414 3697; baseline 0.003 -20"><span class='ocrx_word' id='word_1_455' title='bbox 1352 3631 1454 3678; x_wconf 85' lang='lat' dir='ltr'><strong>cim</strong></span> <span class='ocrx_word' id='word_1_456' title='bbox 1485 3627 1690 3679; x_wconf 79' lang='lat' dir='ltr'><strong>zodiaci</strong></span> <span class='ocrx_word' id='word_1_457' title='bbox 1715 3627 1890 3697; x_wconf 76' lang='lat' dir='ltr'><strong>signa,</strong></span> <span class='ocrx_word' id='word_1_458' title='bbox 1921 3629 2131 3681; x_wconf 83' lang='lat' dir='ltr'><strong>nomina</strong></span> <span class='ocrx_word' id='word_1_459' title='bbox 2164 3628 2414 3697; x_wconf 82' lang='lat' dir='ltr'><strong>mythica.</strong></span> 
     </span>
    </p>
   </div>
   <div class='ocr_carea' id='block_1_69' title="bbox 337 3738 1818 3813">
    <p class='ocr_par' dir='ltr' id='par_1_69' title="bbox 337 3738 1818 3813">
     <span class='ocr_line' id='line_1_70' title="bbox 337 3738 1818 3813; baseline 0.003 -21"><span class='ocrx_word' id='word_1_460' title='bbox 337 3740 536 3795; x_wconf 83' lang='grc' dir='ltr'><strong>ΘΕΚΛ.</strong></span> <span class='ocrx_word' id='word_1_461' title='bbox 571 3740 737 3794; x_wconf 82' lang='grc' dir='ltr'>Πάλιν</span> <span class='ocrx_word' id='word_1_462' title='bbox 761 3738 852 3796; x_wconf 78' lang='grc' dir='ltr'><strong>οὖν</strong></span> <span class='ocrx_word' id='word_1_463' title='bbox 886 3742 950 3813; x_wconf 84' lang='grc' dir='ltr'><strong>δὴ</strong></span> <span class='ocrx_word' id='word_1_464' title='bbox 979 3741 1191 3813; x_wconf 83' lang='grc' dir='ltr'>πρῶτον</span> <span class='ocrx_word' id='word_1_465' title='bbox 1222 3742 1352 3813; x_wconf 66' lang='grc' dir='ltr'>περὶ</span> <span class='ocrx_word' id='word_1_466' title='bbox 1374 3741 1575 3804; x_wconf 77' lang='grc' dir='ltr'>τούτων</span> <span class='ocrx_word' id='word_1_467' title='bbox 1610 3744 1688 3806; x_wconf 88' lang='grc' dir='ltr'><strong>εἰς</strong></span> <span class='ocrx_word' id='word_1_468' title='bbox 1725 3741 1818 3796; x_wconf 76' lang='grc' dir='ltr'><strong>δύ-</strong></span> 
     </span>
    </p>
   </div>
   <div class='ocr_carea' id='block_1_70' title="bbox 261 3827 1823 3906">
    <p class='ocr_par' dir='ltr' id='par_1_70' title="bbox 261 3827 1823 3906">
     <span class='ocr_line' id='line_1_71' title="bbox 261 3827 1823 3906; baseline -0.001 -21"><span class='ocrx_word' id='word_1_469' title='bbox 261 3848 426 3902; x_wconf 82' lang='grc' dir='ltr'>ναμιν</span> <span class='ocrx_word' id='word_1_470' title='bbox 458 3833 718 3901; x_wconf 72' lang='grc' dir='ltr'>εἴπωμεν,</span> <span class='ocrx_word' id='word_1_471' title='bbox 737 3831 832 3903; x_wconf 73' lang='grc' dir='ltr'>τὴν</span> <span class='ocrx_word' id='word_1_472' title='bbox 859 3833 1110 3903; x_wconf 81' lang='grc' dir='ltr'>γοητείαν</span> <span class='ocrx_word' id='word_1_473' title='bbox 1143 3832 1338 3895; x_wconf 75' lang='grc' dir='ltr'>αὐτῶν,</span> <span class='ocrx_word' id='word_1_474' title='bbox 1369 3827 1508 3906; x_wconf 74' lang='grc' dir='ltr'><strong>ὲφ³ᾖ</strong></span> <span class='ocrx_word' id='word_1_475' title='bbox 1535 3832 1823 3904; x_wconf 76' lang='grc' dir='ltr'>θρασύνον-</span> 
     </span>
    </p>
   </div>
   <div class='ocr_carea' id='block_1_71' title="bbox 271 3923 1822 3996">
    <p class='ocr_par' dir='ltr' id='par_1_71' title="bbox 271 3923 1822 3996">
     <span class='ocr_line' id='line_1_72' title="bbox 271 3923 1822 3996; baseline 0.001 -19"><span class='ocrx_word' id='word_1_476' title='bbox 271 3941 374 3988; x_wconf 88' lang='grc' dir='ltr'>ται,</span> <span class='ocrx_word' id='word_1_477' title='bbox 402 3923 895 3996; x_wconf 86' lang='grc' dir='ltr'>γυμνώσαντες,ὠς</span> <span class='ocrx_word' id='word_1_478' title='bbox 931 3925 1106 3994; x_wconf 86' lang='grc' dir='ltr'>μόνων</span> <span class='ocrx_word' id='word_1_479' title='bbox 1155 3925 1554 3995; x_wconf 74' lang='grc' dir='ltr'>κατειληφότων</span> <span class='ocrx_word' id='word_1_480' title='bbox 1593 3925 1652 3993; x_wconf 73' lang='grc' dir='ltr'><strong>ἐξ</strong></span> <span class='ocrx_word' id='word_1_481' title='bbox 1696 3927 1822 3980; x_wconf 83' lang='grc' dir='ltr'>οἴων</span> 
     </span>
    </p>
   </div>
   <div class='ocr_carea' id='block_1_72' title="bbox 261 4016 1820 4090">
    <p class='ocr_par' dir='ltr' id='par_1_72' title="bbox 261 4016 1820 4090">
     <span class='ocr_line' id='line_1_73' title="bbox 261 4016 1820 4090; baseline 0.001 -21"><span class='ocrx_word' id='word_1_482' title='bbox 261 4017 297 4069; x_wconf 79' lang='grc' dir='ltr'><strong>ό</strong></span> <span class='ocrx_word' id='word_1_483' title='bbox 325 4017 535 4090; x_wconf 80' lang='grc' dir='ltr'>οὐρανὸς</span> <span class='ocrx_word' id='word_1_484' title='bbox 576 4019 911 4088; x_wconf 86' lang='grc' dir='ltr'>κεκόσμηται</span> <span class='ocrx_word' id='word_1_485' title='bbox 944 4016 1234 4088; x_wconf 86' lang='grc' dir='ltr'>σχημάτων</span> <span class='ocrx_word' id='word_1_486' title='bbox 1255 4058 1270 4080; x_wconf 95' lang='grc'><strong>,</strong></span> <span class='ocrx_word' id='word_1_487' title='bbox 1299 4016 1474 4070; x_wconf 81' lang='grc' dir='ltr'>’κατὰ</span> <span class='ocrx_word' id='word_1_488' title='bbox 1516 4017 1615 4082; x_wconf 82' lang='grc' dir='ltr'><strong>τὰς</strong></span> <span class='ocrx_word' id='word_1_489' title='bbox 1655 4018 1820 4088; x_wconf 78' lang='grc' dir='ltr'>Αίγυο</span> 
     </span>
    </p>
   </div>
   <div class='ocr_carea' id='block_1_73' title="bbox 269 4108 1820 4182">
    <p class='ocr_par' dir='ltr' id='par_1_73' title="bbox 269 4108 1820 4182">
     <span class='ocr_line' id='line_1_74' title="bbox 269 4108 1820 4182; baseline 0 -20"><span class='ocrx_word' id='word_1_490' title='bbox 269 4109 429 4162; x_wconf 70' lang='grc' dir='ltr'>σιτίων</span> <span class='ocrx_word' id='word_1_491' title='bbox 456 4110 546 4164; x_wconf 80' lang='grc' dir='ltr'>καὶ</span> <span class='ocrx_word' id='word_1_492' title='bbox 571 4109 852 4164; x_wconf 82' lang='grc' dir='ltr'>Χαλδαίων</span> <span class='ocrx_word' id='word_1_493' title='bbox 879 4110 1182 4173; x_wconf 85' lang='grc' dir='ltr'>ὑποθέσεις.</span> <span class='ocrx_word' id='word_1_494' title='bbox 1212 4109 1482 4162; x_wconf 82' lang='grc' dir='ltr'>Φάσκουσι</span> <span class='ocrx_word' id='word_1_495' title='bbox 1505 4108 1611 4182; x_wconf 77' lang='grc' dir='ltr'><strong>γὰρ</strong></span> <span class='ocrx_word' id='word_1_496' title='bbox 1633 4109 1820 4182; x_wconf 82' lang='grc' dir='ltr'>ὥσπερ</span> 
     </span>
    </p>
   </div>
   <div class='ocr_carea' id='block_1_74' title="bbox 273 4200 1816 4274">
    <p class='ocr_par' dir='ltr' id='par_1_74' title="bbox 273 4200 1816 4274">
     <span class='ocr_line' id='line_1_75' title="bbox 273 4200 1816 4274; baseline 0.001 -19"><span class='ocrx_word' id='word_1_497' title='bbox 273 4203 490 4274; x_wconf 85' lang='grc' dir='ltr'>σφαίρας</span> <span class='ocrx_word' id='word_1_498' title='bbox 520 4203 773 4274; x_wconf 81' lang='grc' dir='ltr'>εὐτόρνου</span> <span class='ocrx_word' id='word_1_499' title='bbox 813 4205 1071 4274; x_wconf 81' lang='grc' dir='ltr'>στροφαῖς</span> <span class='ocrx_word' id='word_1_500' title='bbox 1099 4200 1494 4266; x_wconf 78' lang='grc' dir='ltr'>ἀπεικάζεσθαι</span> <span class='ocrx_word' id='word_1_501' title='bbox 1527 4202 1622 4274; x_wconf 79' lang='grc' dir='ltr'>τὴν</span> <span class='ocrx_word' id='word_1_502' title='bbox 1661 4219 1816 4274; x_wconf 91' lang='grc' dir='ltr'>περι-</span> 
     </span>
    </p>
   </div>
   <div class='ocr_carea' id='block_1_75' title="bbox 273 4293 1816 4367">
    <p class='ocr_par' dir='ltr' id='par_1_75' title="bbox 273 4293 1816 4367">
     <span class='ocr_line' id='line_1_76' title="bbox 273 4293 1816 4367; baseline 0.001 -20"><span class='ocrx_word' id='word_1_503' title='bbox 273 4295 477 4366; x_wconf 81' lang='grc' dir='ltr'>φέρειαν</span> <span class='ocrx_word' id='word_1_504' title='bbox 512 4296 604 4349; x_wconf 78' lang='grc' dir='ltr'>τοῦ</span> <span class='ocrx_word' id='word_1_505' title='bbox 645 4295 872 4365; x_wconf 88' lang='grc' dir='ltr'>κόσμου,</span> <span class='ocrx_word' id='word_1_506' title='bbox 907 4294 1006 4365; x_wconf 83' lang='grc' dir='ltr'>τῆς</span> <span class='ocrx_word' id='word_1_507' title='bbox 1047 4293 1149 4364; x_wconf 84' lang='grc' dir='ltr'>γῆς</span> <span class='ocrx_word' id='word_1_508' title='bbox 1196 4293 1421 4366; x_wconf 83' lang='grc' dir='ltr'>κέντρου</span> <span class='ocrx_word' id='word_1_509' title='bbox 1458 4295 1552 4348; x_wconf 80' lang='grc' dir='ltr'>καὶ</span> <span class='ocrx_word' id='word_1_510' title='bbox 1591 4295 1816 4367; x_wconf 88' lang='grc' dir='ltr'>σημείου</span> 
     </span>
    </p>
   </div>
   <div class='ocr_carea' id='block_1_76' title="bbox 273 4385 1813 4462">
    <p class='ocr_par' dir='ltr' id='par_1_76' title="bbox 273 4385 1813 4462">
     <span class='ocr_line' id='line_1_77' title="bbox 273 4385 1813 4462; baseline 0.006 -21"><span class='ocrx_word' id='word_1_511' title='bbox 273 4389 421 4443; x_wconf 84' lang='grc' dir='ltr'>τόπον</span> <span class='ocrx_word' id='word_1_512' title='bbox 445 4391 685 4462; x_wconf 78' lang='grc' dir='ltr'>ἐχούσης.</span> <span class='ocrx_word' id='word_1_513' title='bbox 708 4391 1017 4462; x_wconf 76' lang='grc' dir='ltr'>Περιφορᾶς</span> <span class='ocrx_word' id='word_1_514' title='bbox 1043 4388 1151 4460; x_wconf 70' lang='grc'><strong>(28)</strong></span> <span class='ocrx_word' id='word_1_515' title='bbox 1177 4388 1284 4460; x_wconf 79' lang='grc' dir='ltr'><strong>γὰρ</strong></span> <span class='ocrx_word' id='word_1_516' title='bbox 1309 4385 1473 4459; x_wconf 77' lang='grc' dir='ltr'>οὔσης</span> <span class='ocrx_word' id='word_1_517' title='bbox 1501 4387 1813 4459; x_wconf 76' lang='grc' dir='ltr'>σφαιρικῆς›</span> 
     </span>
    </p>
   </div>
   <div class='ocr_carea' id='block_1_77' title="bbox 1997 3741 3486 3814">
    <p class='ocr_par' dir='ltr' id='par_1_77' title="bbox 1997 3741 3486 3814">
     <span class='ocr_line' id='line_1_78' title="bbox 1997 3741 3486 3814; baseline 0.001 -17"><span class='ocrx_word' id='word_1_518' title='bbox 1997 3743 2241 3800; x_wconf 89' lang='lat' dir='ltr'><strong>THECL.</strong></span> <span class='ocrx_word' id='word_1_519' title='bbox 2266 3743 2627 3804; x_wconf 83' lang='lat' dir='ltr'><strong>Resumamus</strong></span> <span class='ocrx_word' id='word_1_520' title='bbox 2655 3743 2822 3814; x_wconf 87' lang='lat' dir='ltr'><strong>igitur</strong></span> <span class='ocrx_word' id='word_1_521' title='bbox 2849 3741 2916 3796; x_wconf 91' lang='lat' dir='ltr'><strong>de</strong></span> <span class='ocrx_word' id='word_1_522' title='bbox 2950 3741 3037 3795; x_wconf 91' lang='lat' dir='ltr'><strong>his</strong></span> <span class='ocrx_word' id='word_1_523' title='bbox 3071 3755 3399 3806; x_wconf 90' lang='lat' dir='ltr'><strong>sermonem,</strong></span> <span class='ocrx_word' id='word_1_524' title='bbox 3432 3753 3486 3798; x_wconf 86' lang='lat' dir='ltr'><strong>et</strong></span> 
     </span>
    </p>
   </div>
   <div class='ocr_carea' id='block_1_78' title="bbox 1927 3830 3492 3906">
    <p class='ocr_par' dir='ltr' id='par_1_78' title="bbox 1927 3830 3492 3906">
     <span class='ocr_line' id='line_1_79' title="bbox 1927 3830 3492 3906; baseline -0.001 -18"><span class='ocrx_word' id='word_1_525' title='bbox 1927 3843 2053 3890; x_wconf 90' lang='lat' dir='ltr'><strong>ante</strong></span> <span class='ocrx_word' id='word_1_526' title='bbox 2089 3836 2280 3890; x_wconf 88' lang='lat' dir='ltr'><strong>omnia.</strong></span> <span class='ocrx_word' id='word_1_527' title='bbox 2300 3835 2652 3906; x_wconf 89' lang='lat' dir='ltr'><strong>imposturam</strong></span> <span class='ocrx_word' id='word_1_528' title='bbox 2693 3833 2921 3887; x_wconf 92' lang='lat' dir='ltr'><strong>istorum</strong></span> <span class='ocrx_word' id='word_1_529' title='bbox 2953 3830 3286 3900; x_wconf 78' lang='lat' dir='ltr'><strong>delegamus,</strong></span> <span class='ocrx_word' id='word_1_530' title='bbox 3319 3833 3407 3901; x_wconf 91' lang='lat' dir='ltr'><strong>qui</strong></span> <span class='ocrx_word' id='word_1_531' title='bbox 3433 3849 3492 3888; x_wconf 92' lang='lat' dir='ltr'><strong>se</strong></span> 
     </span>
    </p>
   </div>
   <div class='ocr_carea' id='block_1_79' title="bbox 1926 3923 3489 3998">
    <p class='ocr_par' dir='ltr' id='par_1_79' title="bbox 1926 3923 3489 3998">
     <span class='ocr_line' id='line_1_80' title="bbox 1926 3923 3489 3998; baseline -0.001 -19"><span class='ocrx_word' id='word_1_532' title='bbox 1926 3927 2159 3998; x_wconf 85' lang='lat' dir='ltr'><strong>gloriose</strong></span> <span class='ocrx_word' id='word_1_533' title='bbox 2213 3934 2511 3989; x_wconf 87' lang='lat' dir='ltr'><strong>ostentant,</strong></span> <span class='ocrx_word' id='word_1_534' title='bbox 2563 3934 2820 3994; x_wconf 90' lang='lat' dir='ltr'><strong>tanquam</strong></span> <span class='ocrx_word' id='word_1_535' title='bbox 2860 3923 2960 3978; x_wconf 89' lang='lat' dir='ltr'><strong>soli</strong></span> <span class='ocrx_word' id='word_1_536' title='bbox 3017 3931 3355 3991; x_wconf 88' lang='lat' dir='ltr'><strong>compertum</strong></span> <span class='ocrx_word' id='word_1_537' title='bbox 3391 3923 3489 3978; x_wconf 89' lang='lat' dir='ltr'><strong>ha-</strong></span> 
     </span>
    </p>
   </div>
   <div class='ocr_carea' id='block_1_80' title="bbox 1928 4015 3486 4090">
    <p class='ocr_par' dir='ltr' id='par_1_80' title="bbox 1928 4015 3486 4090">
     <span class='ocr_line' id='line_1_81' title="bbox 1928 4015 3486 4090; baseline -0.002 -15"><span class='ocrx_word' id='word_1_538' title='bbox 1928 4021 2092 4075; x_wconf 88' lang='lat' dir='ltr'><strong>beant</strong></span> <span class='ocrx_word' id='word_1_539' title='bbox 2132 4019 2330 4090; x_wconf 86' lang='lat' dir='ltr'><strong>quibus</strong></span> <span class='ocrx_word' id='word_1_540' title='bbox 2389 4018 2588 4072; x_wconf 69' lang='lat' dir='ltr'><strong>caalum</strong></span> <span class='ocrx_word' id='word_1_541' title='bbox 2643 4015 2832 4088; x_wconf 89' lang='lat' dir='ltr'><strong>figuris</strong></span> <span class='ocrx_word' id='word_1_542' title='bbox 2885 4015 3273 4081; x_wconf 87' lang='lat' dir='ltr'><strong>concinnetur,</strong></span> <span class='ocrx_word' id='word_1_543' title='bbox 3331 4015 3486 4086; x_wconf 90' lang='lat' dir='ltr'><strong>juxta</strong></span> 
     </span>
    </p>
   </div>
   <div class='ocr_carea' id='block_1_81' title="bbox 1929 4105 3482 4180">
    <p class='ocr_par' dir='ltr' id='par_1_81' title="bbox 1929 4105 3482 4180">
     <span class='ocr_line' id='line_1_82' title="bbox 1929 4105 3482 4180; baseline 0.001 -17"><span class='ocrx_word' id='word_1_544' title='bbox 1929 4107 2277 4180; x_wconf 64' lang='lat' dir='ltr'><strong>IEgyptiacas</strong></span> <span class='ocrx_word' id='word_1_545' title='bbox 2308 4117 2361 4164; x_wconf 90' lang='lat' dir='ltr'><strong>et</strong></span> <span class='ocrx_word' id='word_1_546' title='bbox 2386 4107 2708 4164; x_wconf 89' lang='lat' dir='ltr'><strong>Chaldaicas</strong></span> <span class='ocrx_word' id='word_1_547' title='bbox 2741 4105 3088 4178; x_wconf 87' lang='lat' dir='ltr'><strong>hypotheses.</strong></span> <span class='ocrx_word' id='word_1_548' title='bbox 3146 4106 3312 4160; x_wconf 86' lang='lat' dir='ltr'><strong>Aiunt</strong></span> <span class='ocrx_word' id='word_1_549' title='bbox 3339 4109 3482 4164; x_wconf 88' lang='lat' dir='ltr'><strong>enim</strong></span> 
     </span>
    </p>
   </div>
   <div class='ocr_carea' id='block_1_82' title="bbox 1926 4201 3478 4272">
    <p class='ocr_par' dir='ltr' id='par_1_82' title="bbox 1926 4201 3478 4272">
     <span class='ocr_line' id='line_1_83' title="bbox 1926 4201 3478 4272; baseline 0 -15"><span class='ocrx_word' id='word_1_550' title='bbox 1926 4205 2111 4258; x_wconf 90' lang='lat' dir='ltr'><strong>orbem</strong></span> <span class='ocrx_word' id='word_1_551' title='bbox 2141 4201 2350 4265; x_wconf 90' lang='lat' dir='ltr'><strong>mundi,</strong></span> <span class='ocrx_word' id='word_1_552' title='bbox 2374 4201 2596 4272; x_wconf 63' lang='lat' dir='ltr'><strong>sphaera:</strong></span> <span class='ocrx_word' id='word_1_553' title='bbox 2618 4216 2768 4258; x_wconf 91' lang='lat' dir='ltr'><strong>more</strong></span> <span class='ocrx_word' id='word_1_554' title='bbox 2802 4201 3092 4265; x_wconf 86' lang='lat' dir='ltr'><strong>versatilis,</strong></span> <span class='ocrx_word' id='word_1_555' title='bbox 3119 4201 3324 4271; x_wconf 88' lang='lat' dir='ltr'><strong>rapidis</strong></span> <span class='ocrx_word' id='word_1_556' title='bbox 3353 4219 3478 4259; x_wconf 69' lang='lat' dir='ltr'><strong>con~</strong></span> 
     </span>
    </p>
   </div>
   <div class='ocr_carea' id='block_1_83' title="bbox 1926 4291 3479 4362">
    <p class='ocr_par' dir='ltr' id='par_1_83' title="bbox 1926 4291 3479 4362">
     <span class='ocr_line' id='line_1_84' title="bbox 1926 4291 3479 4362; baseline 0.003 -18"><span class='ocrx_word' id='word_1_557' title='bbox 1926 4291 2275 4346; x_wconf 88' lang='lat' dir='ltr'><strong>versionibus</strong></span> <span class='ocrx_word' id='word_1_558' title='bbox 2298 4291 2616 4362; x_wconf 87' lang='lat' dir='ltr'><strong>circumagi,</strong></span> <span class='ocrx_word' id='word_1_559' title='bbox 2641 4301 2784 4346; x_wconf 86' lang='lat' dir='ltr'><strong>terra</strong></span> <span class='ocrx_word' id='word_1_560' title='bbox 2815 4292 2987 4346; x_wconf 89' lang='lat' dir='ltr'><strong>centri</strong></span> <span class='ocrx_word' id='word_1_561' title='bbox 3014 4299 3066 4346; x_wconf 91' lang='lat' dir='ltr'><strong>et</strong></span> <span class='ocrx_word' id='word_1_562' title='bbox 3089 4292 3273 4360; x_wconf 91' lang='lat' dir='ltr'><strong>puncti</strong></span> <span class='ocrx_word' id='word_1_563' title='bbox 3302 4293 3479 4348; x_wconf 87' lang='lat' dir='ltr'><strong>locum</strong></span> 
     </span>
    </p>
   </div>
   <div class='ocr_carea' id='block_1_84' title="bbox 1920 4383 3473 4450">
    <p class='ocr_par' dir='ltr' id='par_1_84' title="bbox 1920 4383 3473 4450">
     <span class='ocr_line' id='line_1_85' title="bbox 1920 4383 3473 4450; baseline 0.002 -11"><span class='ocrx_word' id='word_1_564' title='bbox 1920 4386 2214 4440; x_wconf 89' lang='lat' dir='ltr'><strong>obtinente.</strong></span> <span class='ocrx_word' id='word_1_565' title='bbox 2243 4383 2379 4439; x_wconf 83' lang='lat' dir='ltr'><strong>Cum</strong></span> <span class='ocrx_word' id='word_1_566' title='bbox 2409 4385 2575 4448; x_wconf 90' lang='lat' dir='ltr'><strong>enim,</strong></span> <span class='ocrx_word' id='word_1_567' title='bbox 2612 4386 2785 4450; x_wconf 90' lang='lat' dir='ltr'><strong>aiunt,</strong></span> <span class='ocrx_word' id='word_1_568' title='bbox 2818 4383 3202 4440; x_wconf 79' lang='lat' dir='ltr'><strong>circumflexus</strong></span> <span class='ocrx_word' id='word_1_569' title='bbox 3236 4386 3473 4441; x_wconf 85' lang='lat' dir='ltr'><strong>circula-</strong></span> 
     </span>
    </p>
   </div>
   <div class='ocr_carea' id='block_1_85' title="bbox 342 4517 3478 4595">
    <p class='ocr_par' dir='ltr' id='par_1_85' title="bbox 342 4517 3478 4595">
     <span class='ocr_line' id='line_1_86' title="bbox 342 4517 3478 4595; baseline 0.001 -18"><span class='ocrx_word' id='word_1_570' title='bbox 342 4524 441 4594; x_wconf 71' lang='lat'><strong>(26)</strong></span> <span class='ocrx_word' id='word_1_571' title='bbox 472 4526 853 4594; x_wconf 67' lang='lat' dir='ltr'><strong>Hpocdco‘etr&#39;</strong></span> <span class='ocrx_word' id='word_1_572' title='bbox 887 4523 998 4592; x_wconf 79' lang='grc' dir='ltr'>πρὸ</span> <span class='ocrx_word' id='word_1_573' title='bbox 1032 4523 1160 4595; x_wconf 45' lang='grc' dir='ltr'><strong>τῶνῄ</strong></span> <span class='ocrx_word' id='word_1_574' title='bbox 1182 4522 1465 4595; x_wconf 66' lang='grc' dir='ltr'>γηγενῷν.</span> <span class='ocrx_word' id='word_1_575' title='bbox 1501 4520 1810 4595; x_wconf 83' lang='lat' dir='ltr'><strong>Lectionem</strong></span> <span class='ocrx_word' id='word_1_576' title='bbox 1843 4539 1887 4595; x_wconf 76' lang='grc' dir='ltr'><strong>ι)</strong></span> <span class='ocrx_word' id='word_1_577' title='bbox 1916 4520 2155 4595; x_wconf 76' lang='lat' dir='ltr'><strong>reliquas</strong></span> <span class='ocrx_word' id='word_1_578' title='bbox 2208 4518 2543 4595; x_wconf 61' lang='lat' dir='ltr'><strong>animantes,</strong></span> <span class='ocrx_word' id='word_1_579' title='bbox 2581 4519 2743 4574; x_wconf 91' lang='lat' dir='ltr'><strong>infert</strong></span> <span class='ocrx_word' id='word_1_580' title='bbox 2774 4517 3012 4595; x_wconf 80' lang='lat' dir='ltr'><strong>_Thecia,</strong></span> <span class='ocrx_word' id='word_1_581' title='bbox 3052 4520 3320 4589; x_wconf 86' lang='lat' dir='ltr'><strong>virginum</strong></span> <span class='ocrx_word' id='word_1_582' title='bbox 3355 4539 3478 4580; x_wconf 87' lang='lat' dir='ltr'><strong>esse</strong></span> 
     </span>
    </p>
   </div>
   <div class='ocr_carea' id='block_1_86' title="bbox 275 4592 1814 4666">
    <p class='ocr_par' dir='ltr' id='par_1_86' title="bbox 275 4592 1814 4666">
     <span class='ocr_line' id='line_1_87' title="bbox 275 4592 1814 4666; baseline -0.001 -19"><span class='ocrx_word' id='word_1_583' title='bbox 275 4592 523 4666; x_wconf 25' lang='lat' dir='ltr'><strong>All‘atiaui‘</strong></span> <span class='ocrx_word' id='word_1_584' title='bbox 553 4597 754 4663; x_wconf 84' lang='lat' dir='ltr'><strong>codicis</strong></span> <span class='ocrx_word' id='word_1_585' title='bbox 799 4611 1017 4666; x_wconf 89' lang='lat' dir='ltr'><strong>sequor,</strong></span> <span class='ocrx_word' id='word_1_586' title='bbox 1071 4593 1164 4666; x_wconf 83' lang='lat' dir='ltr'><strong>sed</strong></span> <span class='ocrx_word' id='word_1_587' title='bbox 1193 4592 1315 4646; x_wconf 86' lang='lat' dir='ltr'><strong>non</strong></span> <span class='ocrx_word' id='word_1_588' title='bbox 1350 4592 1470 4662; x_wconf 86' lang='lat' dir='ltr'><strong>ejus</strong></span> <span class='ocrx_word' id='word_1_589' title='bbox 1507 4593 1814 4666; x_wconf 74' lang='lat' dir='ltr'><strong>distinctio-</strong></span> 
     </span>
    </p>
   </div>
   <div class='ocr_carea' id='block_1_87' title="bbox 275 4663 1812 4735">
    <p class='ocr_par' dir='ltr' id='par_1_87' title="bbox 275 4663 1812 4735">
     <span class='ocr_line' id='line_1_88' title="bbox 275 4663 1812 4735; baseline -0.001 -18"><span class='ocrx_word' id='word_1_590' title='bbox 275 4679 411 4718; x_wconf 88' lang='lat' dir='ltr'><strong>nem.</strong></span> <span class='ocrx_word' id='word_1_591' title='bbox 453 4665 555 4720; x_wconf 87' lang='lat' dir='ltr'><strong>Nec</strong></span> <span class='ocrx_word' id='word_1_592' title='bbox 591 4676 738 4721; x_wconf 90' lang='lat' dir='ltr'><strong>certe</strong></span> <span class='ocrx_word' id='word_1_593' title='bbox 775 4663 892 4734; x_wconf 79' lang='lat' dir='ltr'><strong>ipsa</strong></span> <span class='ocrx_word' id='word_1_594' title='bbox 916 4675 1038 4735; x_wconf 86' lang='lat' dir='ltr'><strong>apta</strong></span> <span class='ocrx_word' id='word_1_595' title='bbox 1068 4665 1280 4718; x_wconf 87' lang='lat' dir='ltr'><strong>videtur</strong></span> <span class='ocrx_word' id='word_1_596' title='bbox 1306 4663 1644 4735; x_wconf 75' lang='lat' dir='ltr'><strong>constructio</strong></span> <span class='ocrx_word' id='word_1_597' title='bbox 1677 4680 1812 4734; x_wconf 84' lang='grc' dir='ltr'>προ-</span> 
     </span>
    </p>
   </div>
   <div class='ocr_carea' id='block_1_88' title="bbox 277 4733 1809 4860">
    <p class='ocr_par' dir='ltr' id='par_1_88' title="bbox 277 4733 1809 4860">
     <span class='ocr_line' id='line_1_89' title="bbox 277 4733 1809 4860; baseline 0 -74"><span class='ocrx_word' id='word_1_598' title='bbox 277 4735 478 4789; x_wconf 81' lang='grc' dir='ltr'>τάσσειν</span> <span class='ocrx_word' id='word_1_599' title='bbox 521 4737 617 4860; x_wconf 43' lang='grc' dir='ltr'>πίρὸ</span> <span class='ocrx_word' id='word_1_600' title='bbox 652 4737 760 4789; x_wconf 84' lang='grc' dir='ltr'><strong>τῶν</strong></span> <span class='ocrx_word' id='word_1_601' title='bbox 787 4733 1052 4806; x_wconf 75' lang='grc' dir='ltr'>γηγενῶν,</span> <span class='ocrx_word' id='word_1_602' title='bbox 1087 4735 1302 4788; x_wconf 79' lang='lat' dir='ltr'><strong>terrenis</strong></span> <span class='ocrx_word' id='word_1_603' title='bbox 1335 4733 1474 4788; x_wconf 81' lang='lat' dir='ltr'><strong>hisce</strong></span> <span class='ocrx_word' id='word_1_604' title='bbox 1493 4733 1809 4802; x_wconf 77' lang='lat' dir='ltr'><strong>prtcponere,</strong></span> 
     </span>
     <span class='ocr_line' id='line_1_90' title="bbox 282 4805 1808 4860; baseline 0 -5"><span class='ocrx_word' id='word_1_605' title='bbox 282 4809 335 4857; x_wconf 89' lang='lat' dir='ltr'><strong>nt</strong></span> <span class='ocrx_word' id='word_1_606' title='bbox 360 4808 464 4860; x_wconf 86' lang='lat' dir='ltr'><strong>inse</strong></span> <span class='ocrx_word' id='word_1_607' title='bbox 491 4822 541 4860; x_wconf 88' lang='lat' dir='ltr'><strong>re</strong></span> <span class='ocrx_word' id='word_1_608' title='bbox 580 4808 675 4860; x_wconf 87' lang='lat' dir='ltr'><strong>dit.</strong></span> <span class='ocrx_word' id='word_1_609' title='bbox 706 4816 932 4860; x_wconf 85' lang='lat' dir='ltr'><strong>vacante</strong></span> <span class='ocrx_word' id='word_1_610' title='bbox 963 4805 1184 4860; x_wconf 89' lang='lat' dir='ltr'><strong>omnino</strong></span> <span class='ocrx_word' id='word_1_611' title='bbox 1214 4806 1613 4860; x_wconf 66' lang='lat' dir='ltr'><strong>praepositione.</strong></span> <span class='ocrx_word' id='word_1_612' title='bbox 1646 4819 1808 4860; x_wconf 87' lang='lat' dir='ltr'><strong>auam</strong></span> 
     </span>
    </p>
   </div>
   <div class='ocr_carea' id='block_1_89' title="bbox 282 4805 1808 4885">
    <p class='ocr_par' dir='ltr' id='par_1_89' title="bbox 282 4805 1808 4885">
     <span class='ocr_line' id='line_1_91' title="bbox 282 4805 1808 4885; baseline -0.001 -28"><span class='ocrx_word' id='word_1_613' title='bbox 282 4809 335 4885; x_wconf 67' lang='lat' dir='ltr'><strong>ut</strong></span> <span class='ocrx_word' id='word_1_614' title='bbox 360 4805 685 4885; x_wconf 48' lang='lat' dir='ltr'><strong>ipsenrctldit,</strong></span> <span class='ocrx_word' id='word_1_615' title='bbox 706 4805 1184 4885; x_wconf 60' lang='lat' dir='ltr'><strong>vacanieomnioo</strong></span> <span class='ocrx_word' id='word_1_616' title='bbox 1214 4806 1613 4885; x_wconf 60' lang='lat' dir='ltr'><strong>praeposiiione,</strong></span> <span class='ocrx_word' id='word_1_617' title='bbox 1646 4819 1808 4885; x_wconf 68' lang='lat' dir='ltr'><strong>quam</strong></span> 
     </span>
    </p>
   </div>
   <div class='ocr_carea' id='block_1_90' title="bbox 283 4872 1808 4945">
    <p class='ocr_par' dir='ltr' id='par_1_90' title="bbox 283 4872 1808 4945">
     <span class='ocr_line' id='line_1_92' title="bbox 283 4872 1808 4945; baseline 0 -19"><span class='ocrx_word' id='word_1_618' title='bbox 283 4872 410 4928; x_wconf 85' lang='lat' dir='ltr'><strong>forte</strong></span> <span class='ocrx_word' id='word_1_619' title='bbox 436 4875 713 4931; x_wconf 86' lang='lat' dir='ltr'><strong>eliminavit</strong></span> <span class='ocrx_word' id='word_1_620' title='bbox 747 4876 1047 4940; x_wconf 85' lang='lat' dir='ltr'><strong>Possinius,</strong></span> <span class='ocrx_word' id='word_1_621' title='bbox 1092 4872 1340 4945; x_wconf 52' lang='lat' dir='ltr'><strong>sive&#39;qui</strong></span> <span class='ocrx_word' id='word_1_622' title='bbox 1383 4875 1527 4930; x_wconf 92' lang='lat' dir='ltr'><strong>illius</strong></span> <span class='ocrx_word' id='word_1_623' title='bbox 1554 4872 1808 4928; x_wconf 86' lang='lat' dir='ltr'><strong>Methodii</strong></span> 
     </span>
    </p>
   </div>
   <div class='ocr_carea' id='block_1_91' title="bbox 283 4945 1810 5014">
    <p class='ocr_par' dir='ltr' id='par_1_91' title="bbox 283 4945 1810 5014">
     <span class='ocr_line' id='line_1_93' title="bbox 283 4945 1810 5014; baseline 0.001 -18"><span class='ocrx_word' id='word_1_624' title='bbox 283 4945 483 4998; x_wconf 92' lang='lat' dir='ltr'><strong>editioni</strong></span> <span class='ocrx_word' id='word_1_625' title='bbox 513 4947 733 5014; x_wconf 73' lang='lat' dir='ltr'><strong>pra-fuit,</strong></span> <span class='ocrx_word' id='word_1_626' title='bbox 766 4957 825 5002; x_wconf 88' lang='lat' dir='ltr'><strong>ut</strong></span> <span class='ocrx_word' id='word_1_627' title='bbox 847 4947 1036 5001; x_wconf 83' lang='lat' dir='ltr'><strong>eodem</strong></span> <span class='ocrx_word' id='word_1_628' title='bbox 1066 4961 1128 5001; x_wconf 86' lang='lat' dir='ltr'><strong>ac</strong></span> <span class='ocrx_word' id='word_1_629' title='bbox 1157 4947 1246 5000; x_wconf 89' lang='lat' dir='ltr'><strong>ille</strong></span> <span class='ocrx_word' id='word_1_630' title='bbox 1274 4961 1435 5000; x_wconf 87' lang='lat' dir='ltr'><strong>sensu</strong></span> <span class='ocrx_word' id='word_1_631' title='bbox 1465 4945 1728 5005; x_wconf 88' lang='lat' dir='ltr'><strong>redderet,</strong></span> <span class='ocrx_word' id='word_1_632' title='bbox 1755 4951 1810 4998; x_wconf 86' lang='lat' dir='ltr'><strong>et</strong></span> 
     </span>
    </p>
   </div>
   <div class='ocr_carea' id='block_1_92' title="bbox 279 5015 1809 5087">
    <p class='ocr_par' dir='ltr' id='par_1_92' title="bbox 279 5015 1809 5087">
     <span class='ocr_line' id='line_1_94' title="bbox 279 5015 1809 5087; baseline 0 -20"><span class='ocrx_word' id='word_1_633' title='bbox 279 5015 480 5087; x_wconf 82' lang='lat' dir='ltr'><strong>quidem</strong></span> <span class='ocrx_word' id='word_1_634' title='bbox 507 5016 778 5071; x_wconf 90' lang='lat' dir='ltr'><strong>verborum</strong></span> <span class='ocrx_word' id='word_1_635' title='bbox 813 5033 1028 5087; x_wconf 90' lang='lat' dir='ltr'><strong>pompa,</strong></span> <span class='ocrx_word' id='word_1_636' title='bbox 1061 5031 1454 5086; x_wconf 76' lang='lat' dir='ltr'><strong>prceponereque</strong></span> <span class='ocrx_word' id='word_1_637' title='bbox 1488 5015 1703 5087; x_wconf 68' lang='lat' dir='ltr'><strong>meliora</strong></span> <span class='ocrx_word' id='word_1_638' title='bbox 1729 5031 1809 5068; x_wconf 81' lang='lat' dir='ltr'><strong>se-</strong></span> 
     </span>
    </p>
   </div>
   <div class='ocr_carea' id='block_1_93' title="bbox 284 5085 1806 5156">
    <p class='ocr_par' dir='ltr' id='par_1_93' title="bbox 284 5085 1806 5156">
     <span class='ocr_line' id='line_1_95' title="bbox 284 5085 1806 5156; baseline 0.001 -20"><span class='ocrx_word' id='word_1_639' title='bbox 284 5085 547 5152; x_wconf 81' lang='lat' dir='ltr'><strong>quioribus,</strong></span> <span class='ocrx_word' id='word_1_640' title='bbox 595 5085 828 5142; x_wconf 69' lang='lat' dir='ltr'><strong>cietestid</strong></span> <span class='ocrx_word' id='word_1_641' title='bbox 863 5085 1076 5142; x_wconf 76' lang='lat' dir='ltr'><strong>terrenis</strong></span> <span class='ocrx_word' id='word_1_642' title='bbox 1117 5103 1135 5141; x_wconf 94' lang='lat'><em>:</em></span> <span class='ocrx_word' id='word_1_643' title='bbox 1176 5087 1334 5156; x_wconf 87' lang='lat' dir='ltr'><strong>quasi</strong></span> <span class='ocrx_word' id='word_1_644' title='bbox 1372 5085 1656 5156; x_wconf 86' lang='grc' dir='ltr'>γηγενεῖς,</span> <span class='ocrx_word' id='word_1_645' title='bbox 1691 5085 1806 5153; x_wconf 90' lang='lat' dir='ltr'><strong>ipsa</strong></span> 
     </span>
    </p>
   </div>
   <div class='ocr_carea' id='block_1_94' title="bbox 285 5156 1804 5240">
    <p class='ocr_par' dir='ltr' id='par_1_94' title="bbox 285 5156 1804 5240">
     <span class='ocr_line' id='line_1_96' title="bbox 285 5156 1804 5240; baseline 0.001 -35"><span class='ocrx_word' id='word_1_646' title='bbox 285 5161 478 5209; x_wconf 89' lang='lat' dir='ltr'><strong>terrena</strong></span> <span class='ocrx_word' id='word_1_647' title='bbox 503 5158 619 5238; x_wconf 81' lang='lat' dir='ltr'><strong>sint,</strong></span> <span class='ocrx_word' id='word_1_648' title='bbox 653 5157 719 5211; x_wconf 78' lang='grc' dir='ltr'><strong>τὰ</strong></span> <span class='ocrx_word' id='word_1_649' title='bbox 747 5161 924 5240; x_wconf 63' lang='grc' dir='ltr'>γηῖνα,</span> <span class='ocrx_word' id='word_1_650' title='bbox 961 5173 1085 5240; x_wconf 80' lang='lat' dir='ltr'><strong>non_</strong></span> <span class='ocrx_word' id='word_1_651' title='bbox 1111 5158 1400 5239; x_wconf 66' lang='lat' dir='ltr'><strong>terrigenis,</strong></span> <span class='ocrx_word' id='word_1_652' title='bbox 1435 5156 1539 5237; x_wconf 71' lang='lat' dir='ltr'><strong>orti</strong></span> <span class='ocrx_word' id='word_1_653' title='bbox 1569 5172 1596 5208; x_wconf 89' lang='lat' dir='ltr'><strong>e</strong></span> <span class='ocrx_word' id='word_1_654' title='bbox 1633 5164 1804 5240; x_wconf 52' lang='lat' dir='ltr'><strong>terra;</strong></span> 
     </span>
    </p>
   </div>
   <div class='ocr_carea' id='block_1_95' title="bbox 284 5225 1803 5295">
    <p class='ocr_par' dir='ltr' id='par_1_95' title="bbox 284 5225 1803 5295">
     <span class='ocr_line' id='line_1_97' title="bbox 284 5225 1803 5295; baseline 0.002 -19"><span class='ocrx_word' id='word_1_655' title='bbox 284 5227 651 5293; x_wconf 83' lang='lat' dir='ltr'><strong>comparatione</strong></span> <span class='ocrx_word' id='word_1_656' title='bbox 699 5225 906 5282; x_wconf 90' lang='lat' dir='ltr'><strong>scilicet</strong></span> <span class='ocrx_word' id='word_1_657' title='bbox 951 5229 1018 5282; x_wconf 88' lang='lat' dir='ltr'><strong>ad</strong></span> <span class='ocrx_word' id='word_1_658' title='bbox 1072 5225 1367 5290; x_wconf 87' lang='lat' dir='ltr'><strong>hominem,</strong></span> <span class='ocrx_word' id='word_1_659' title='bbox 1421 5225 1577 5295; x_wconf 92' lang='lat' dir='ltr'><strong>cujus</strong></span> <span class='ocrx_word' id='word_1_660' title='bbox 1622 5225 1803 5279; x_wconf 90' lang='lat' dir='ltr'><strong>divina</strong></span> 
     </span>
    </p>
   </div>
   <div class='ocr_carea' id='block_1_96' title="bbox 282 5295 1804 5366">
    <p class='ocr_par' dir='ltr' id='par_1_96' title="bbox 282 5295 1804 5366">
     <span class='ocr_line' id='line_1_98' title="bbox 282 5295 1804 5366; baseline 0.003 -21"><span class='ocrx_word' id='word_1_661' title='bbox 282 5295 424 5366; x_wconf 82' lang='lat' dir='ltr'><strong>origo</strong></span> <span class='ocrx_word' id='word_1_662' title='bbox 455 5306 547 5366; x_wconf 86' lang='lat' dir='ltr'><strong>est,</strong></span> <span class='ocrx_word' id='word_1_663' title='bbox 591 5314 691 5366; x_wconf 92' lang='lat' dir='ltr'><strong>qua</strong></span> <span class='ocrx_word' id='word_1_664' title='bbox 740 5307 794 5354; x_wconf 86' lang='lat' dir='ltr'><strong>et</strong></span> <span class='ocrx_word' id='word_1_665' title='bbox 838 5297 991 5352; x_wconf 89' lang='lat' dir='ltr'><strong>liberi</strong></span> <span class='ocrx_word' id='word_1_666' title='bbox 1022 5297 1232 5352; x_wconf 85' lang='lat' dir='ltr'><strong>arbitrii</strong></span> <span class='ocrx_word' id='word_1_667' title='bbox 1268 5297 1522 5350; x_wconf 87' lang='lat' dir='ltr'><strong>facultate</strong></span> <span class='ocrx_word' id='word_1_668' title='bbox 1549 5295 1804 5363; x_wconf 61' lang='lat' dir='ltr'><strong>praeditus</strong></span> 
     </span>
    </p>
   </div>
   <div class='ocr_carea' id='block_1_97' title="bbox 283 5363 1804 5438">
    <p class='ocr_par' dir='ltr' id='par_1_97' title="bbox 283 5363 1804 5438">
     <span class='ocr_line' id='line_1_99' title="bbox 283 5363 1804 5438; baseline 0.003 -23"><span class='ocrx_word' id='word_1_669' title='bbox 283 5363 378 5438; x_wconf 73' lang='lat' dir='ltr'><strong>est,</strong></span> <span class='ocrx_word' id='word_1_670' title='bbox 399 5363 482 5418; x_wconf 92' lang='lat' dir='ltr'><strong>Dei</strong></span> <span class='ocrx_word' id='word_1_671' title='bbox 510 5363 702 5422; x_wconf 79' lang='lat' dir='ltr'><strong>scilicet</strong></span> <span class='ocrx_word' id='word_1_672' title='bbox 725 5369 954 5438; x_wconf 88' lang='lat' dir='ltr'><strong>insignis</strong></span> <span class='ocrx_word' id='word_1_673' title='bbox 981 5368 1246 5437; x_wconf 82' lang='lat' dir='ltr'><strong>imagine;</strong></span> <span class='ocrx_word' id='word_1_674' title='bbox 1281 5375 1338 5438; x_wconf 89' lang='lat' dir='ltr'><strong>ut</strong></span> <span class='ocrx_word' id='word_1_675' title='bbox 1363 5366 1506 5438; x_wconf 77' lang='lat' dir='ltr'><strong>sicut</strong></span> <span class='ocrx_word' id='word_1_676' title='bbox 1535 5367 1622 5438; x_wconf 87' lang='lat' dir='ltr'><strong>ille</strong></span> <span class='ocrx_word' id='word_1_677' title='bbox 1646 5367 1804 5438; x_wconf 67' lang='grc' dir='ltr'>αυτο-</span> 
     </span>
    </p>
   </div>
   <div class='ocr_carea' id='block_1_98' title="bbox 283 5431 1803 5505">
    <p class='ocr_par' dir='ltr' id='par_1_98' title="bbox 283 5431 1803 5505">
     <span class='ocr_line' id='line_1_100' title="bbox 283 5431 1803 5505; baseline 0.005 -22"><span class='ocrx_word' id='word_1_678' title='bbox 283 5431 514 5505; x_wconf 79' lang='grc' dir='ltr'>δέσποτος</span> <span class='ocrx_word' id='word_1_679' title='bbox 552 5438 803 5502; x_wconf 89' lang='lat' dir='ltr'><strong>absolute,</strong></span> <span class='ocrx_word' id='word_1_680' title='bbox 837 5431 930 5492; x_wconf 58' lang='lat' dir='ltr'><strong>&#39;sic</strong></span> <span class='ocrx_word' id='word_1_681' title='bbox 961 5445 1014 5492; x_wconf 89' lang='lat' dir='ltr'><strong>et</strong></span> <span class='ocrx_word' id='word_1_682' title='bbox 1047 5431 1207 5492; x_wconf 74' lang='lat' dir='ltr'><strong>homo</strong></span> <span class='ocrx_word' id='word_1_683' title='bbox 1234 5431 1337 5492; x_wconf 72' lang='lat' dir='ltr'><strong>Sub</strong></span> <span class='ocrx_word' id='word_1_684' title='bbox 1367 5435 1474 5490; x_wconf 91' lang='lat' dir='ltr'><strong>Deo</strong></span> <span class='ocrx_word' id='word_1_685' title='bbox 1509 5437 1579 5489; x_wconf 91' lang='lat' dir='ltr'><strong>sit</strong></span> <span class='ocrx_word' id='word_1_686' title='bbox 1605 5443 1657 5490; x_wconf 68' lang='lat' dir='ltr'><strong>et</strong></span> <span class='ocrx_word' id='word_1_687' title='bbox 1689 5437 1803 5505; x_wconf 82' lang='lat' dir='ltr'><strong>ipse</strong></span> 
     </span>
    </p>
   </div>
   <div class='ocr_carea' id='block_1_99' title="bbox 285 5504 1802 5572">
    <p class='ocr_par' dir='ltr' id='par_1_99' title="bbox 285 5504 1802 5572">
     <span class='ocr_line' id='line_1_101' title="bbox 285 5504 1802 5572; baseline 0.001 -17"><span class='ocrx_word' id='word_1_688' title='bbox 285 5504 650 5572; x_wconf 74' lang='grc' dir='ltr'>αὐτοδέσποτος,</span> <span class='ocrx_word' id='word_1_689' title='bbox 679 5517 807 5563; x_wconf 89' lang='lat' dir='ltr'><strong>tunc</strong></span> <span class='ocrx_word' id='word_1_690' title='bbox 831 5509 1079 5572; x_wconf 81' lang='lat' dir='ltr'><strong>maxime,</strong></span> <span class='ocrx_word' id='word_1_691' title='bbox 1105 5523 1225 5561; x_wconf 90' lang='lat' dir='ltr'><strong>cum</strong></span> <span class='ocrx_word' id='word_1_692' title='bbox 1250 5523 1377 5562; x_wconf 92' lang='lat' dir='ltr'><strong>suas</strong></span> <span class='ocrx_word' id='word_1_693' title='bbox 1405 5507 1457 5560; x_wconf 90' lang='lat' dir='ltr'><strong>in</strong></span> <span class='ocrx_word' id='word_1_694' title='bbox 1483 5505 1649 5560; x_wconf 90' lang='lat' dir='ltr'><strong>Deum</strong></span> <span class='ocrx_word' id='word_1_695' title='bbox 1673 5504 1802 5559; x_wconf 70' lang='lat' dir='ltr'><strong>cim-</strong></span> 
     </span>
    </p>
   </div>
   <div class='ocr_carea' id='block_1_100' title="bbox 286 5570 1802 5650">
    <p class='ocr_par' dir='ltr' id='par_1_100' title="bbox 286 5570 1802 5650">
     <span class='ocr_line' id='line_1_102' title="bbox 286 5570 1802 5650; baseline 0.003 -25"><span class='ocrx_word' id='word_1_696' title='bbox 286 5570 379 5650; x_wconf 81' lang='lat' dir='ltr'><strong>fert</strong></span> <span class='ocrx_word' id='word_1_697' title='bbox 407 5570 624 5650; x_wconf 85' lang='lat' dir='ltr'><strong>rationes</strong></span> <span class='ocrx_word' id='word_1_698' title='bbox 641 5570 704 5634; x_wconf 79' lang='lat' dir='ltr'><strong>ac</strong></span> <span class='ocrx_word' id='word_1_699' title='bbox 729 5580 912 5650; x_wconf 88' lang='lat' dir='ltr'><strong>pietati</strong></span> <span class='ocrx_word' id='word_1_700' title='bbox 945 5570 1145 5650; x_wconf 82' lang='lat' dir='ltr'><strong>studet,</strong></span> <span class='ocrx_word' id='word_1_701' title='bbox 1176 5577 1252 5632; x_wconf 90' lang='lat' dir='ltr'><strong>uti</strong></span> <span class='ocrx_word' id='word_1_702' title='bbox 1283 5593 1417 5647; x_wconf 83' lang='lat' dir='ltr'><strong>quas</strong></span> <span class='ocrx_word' id='word_1_703' title='bbox 1442 5575 1640 5650; x_wconf 75' lang='lat' dir='ltr'><strong>Thecla</strong></span> <span class='ocrx_word' id='word_1_704' title='bbox 1674 5577 1802 5650; x_wconf 84' lang='lat' dir='ltr'><strong>allo-</strong></span> 
     </span>
    </p>
   </div>
   <div class='ocr_carea' id='block_1_101' title="bbox 288 5644 1798 5720">
    <p class='ocr_par' dir='ltr' id='par_1_101' title="bbox 288 5644 1798 5720">
     <span class='ocr_line' id='line_1_103' title="bbox 288 5644 1798 5720; baseline 0.002 -25"><span class='ocrx_word' id='word_1_705' title='bbox 288 5644 453 5710; x_wconf 88' lang='lat' dir='ltr'><strong>quitur</strong></span> <span class='ocrx_word' id='word_1_706' title='bbox 490 5649 702 5720; x_wconf 81' lang='lat' dir='ltr'><strong>virgines</strong></span> <span class='ocrx_word' id='word_1_707' title='bbox 729 5644 745 5704; x_wconf 81' lang='grc' dir='ltr'>Ξ</span> <span class='ocrx_word' id='word_1_708' title='bbox 776 5649 984 5720; x_wconf 88' lang='grc' dir='ltr'>γηγενῆ</span> <span class='ocrx_word' id='word_1_709' title='bbox 1023 5663 1150 5719; x_wconf 87' lang='lat' dir='ltr'><strong>ergo</strong></span> <span class='ocrx_word' id='word_1_710' title='bbox 1188 5644 1592 5720; x_wconf 77' lang='lat' dir='ltr'><strong>comparatione</strong></span> <span class='ocrx_word' id='word_1_711' title='bbox 1619 5646 1798 5720; x_wconf 87' lang='lat' dir='ltr'><strong>homi-</strong></span> 
     </span>
    </p>
   </div>
   <div class='ocr_carea' id='block_1_102' title="bbox 289 5717 1798 5788">
    <p class='ocr_par' dir='ltr' id='par_1_102' title="bbox 289 5717 1798 5788">
     <span class='ocr_line' id='line_1_104' title="bbox 289 5717 1798 5788; baseline 0.005 -25"><span class='ocrx_word' id='word_1_712' title='bbox 289 5724 421 5776; x_wconf 90' lang='lat' dir='ltr'><strong>num,</strong></span> <span class='ocrx_word' id='word_1_713' title='bbox 450 5717 634 5788; x_wconf 84' lang='lat' dir='ltr'><strong>reliqua</strong></span> <span class='ocrx_word' id='word_1_714' title='bbox 654 5717 900 5774; x_wconf 87' lang='lat' dir='ltr'><strong>animalia</strong></span> <span class='ocrx_word' id='word_1_715' title='bbox 922 5717 1070 5782; x_wconf 84' lang='lat' dir='ltr'><strong>sunt,</strong></span> <span class='ocrx_word' id='word_1_716' title='bbox 1092 5717 1152 5772; x_wconf 79' lang='lat' dir='ltr'><strong>in</strong></span> <span class='ocrx_word' id='word_1_717' title='bbox 1176 5719 1373 5787; x_wconf 91' lang='lat' dir='ltr'><strong>quibus</strong></span> <span class='ocrx_word' id='word_1_718' title='bbox 1394 5718 1577 5788; x_wconf 87' lang='lat' dir='ltr'><strong>nullus</strong></span> <span class='ocrx_word' id='word_1_719' title='bbox 1602 5717 1798 5770; x_wconf 89' lang='lat' dir='ltr'><strong>mentis</strong></span> 
     </span>
    </p>
   </div>
   <div class='ocr_carea' id='block_1_103' title="bbox 290 5787 1791 5860">
    <p class='ocr_par' dir='ltr' id='par_1_103' title="bbox 290 5787 1791 5860">
     <span class='ocr_line' id='line_1_105' title="bbox 290 5787 1791 5860; baseline -0.003 -18"><span class='ocrx_word' id='word_1_720' title='bbox 290 5794 480 5860; x_wconf 60' lang='lat' dir='ltr'><strong>sensus.</strong></span> <span class='ocrx_word' id='word_1_721' title='bbox 507 5787 589 5843; x_wconf 86' lang='lat' dir='ltr'><strong>aut</strong></span> <span class='ocrx_word' id='word_1_722' title='bbox 614 5807 728 5845; x_wconf 88' lang='lat' dir='ltr'><strong>vera</strong></span> <span class='ocrx_word' id='word_1_723' title='bbox 757 5791 916 5860; x_wconf 88' lang='lat' dir='ltr'><strong>ratio,</strong></span> <span class='ocrx_word' id='word_1_724' title='bbox 948 5797 1008 5844; x_wconf 90' lang='lat' dir='ltr'><strong>ut</strong></span> <span class='ocrx_word' id='word_1_725' title='bbox 1038 5790 1195 5860; x_wconf 87' lang='lat' dir='ltr'><strong>quasi</strong></span> <span class='ocrx_word' id='word_1_726' title='bbox 1222 5806 1250 5841; x_wconf 90' lang='lat' dir='ltr'><strong>a</strong></span> <span class='ocrx_word' id='word_1_727' title='bbox 1279 5803 1337 5843; x_wconf 89' lang='lat' dir='ltr'><strong>se</strong></span> <span class='ocrx_word' id='word_1_728' title='bbox 1367 5788 1456 5860; x_wconf 80' lang='lat' dir='ltr'><strong>illa</strong></span> <span class='ocrx_word' id='word_1_729' title='bbox 1482 5787 1753 5860; x_wconf 82' lang='lat' dir='ltr'><strong>ducantur</strong></span> <span class='ocrx_word' id='word_1_730' title='bbox 1779 5804 1791 5839; x_wconf 87' lang='lat'><strong>:</strong></span> 
     </span>
    </p>
   </div>
   <div class='ocr_carea' id='block_1_104' title="bbox 293 5855 1798 5933">
    <p class='ocr_par' dir='ltr' id='par_1_104' title="bbox 293 5855 1798 5933">
     <span class='ocr_line' id='line_1_106' title="bbox 293 5855 1798 5933; baseline 0.001 -25"><span class='ocrx_word' id='word_1_731' title='bbox 293 5865 398 5919; x_wconf 66' lang='lat' dir='ltr'><strong>Quae</strong></span> <span class='ocrx_word' id='word_1_732' title='bbox 423 5855 556 5914; x_wconf 88' lang='lat' dir='ltr'><strong>liberi</strong></span> <span class='ocrx_word' id='word_1_733' title='bbox 591 5862 712 5918; x_wconf 90' lang='lat' dir='ltr'><strong>ratio</strong></span> <span class='ocrx_word' id='word_1_734' title='bbox 749 5870 850 5920; x_wconf 84' lang='lat' dir='ltr'><strong>est.</strong></span> <span class='ocrx_word' id='word_1_735' title='bbox 891 5859 968 5916; x_wconf 85' lang='lat' dir='ltr'><strong>Ex</strong></span> <span class='ocrx_word' id='word_1_736' title='bbox 1004 5855 1096 5918; x_wconf 61' lang='lat' dir='ltr'><strong>ill&#39;a</strong></span> <span class='ocrx_word' id='word_1_737' title='bbox 1127 5874 1256 5933; x_wconf 90' lang='lat' dir='ltr'><strong>ergo</strong></span> <span class='ocrx_word' id='word_1_738' title='bbox 1283 5857 1601 5914; x_wconf 74' lang='lat' dir='ltr'><strong>excellentia</strong></span> <span class='ocrx_word' id='word_1_739' title='bbox 1631 5870 1798 5928; x_wconf 89' lang='lat' dir='ltr'><strong>supra</strong></span> 
     </span>
    </p>
   </div>
   <div class='ocr_carea' id='block_1_105' title="bbox 1915 4589 3476 4661">
    <p class='ocr_par' dir='ltr' id='par_1_105' title="bbox 1915 4589 3476 4661">
     <span class='ocr_line' id='line_1_107' title="bbox 1915 4589 3476 4661; baseline 0.004 -19"><span class='ocrx_word' id='word_1_740' title='bbox 1915 4590 2227 4661; x_wconf 87' lang='grc' dir='ltr'>προκρίνειν</span> <span class='ocrx_word' id='word_1_741' title='bbox 2256 4590 2347 4642; x_wconf 77' lang='grc' dir='ltr'>καὶ</span> <span class='ocrx_word' id='word_1_742' title='bbox 2378 4589 2701 4661; x_wconf 85' lang='grc' dir='ltr'>προτάσσειν</span> <span class='ocrx_word' id='word_1_743' title='bbox 2728 4589 2798 4642; x_wconf 84' lang='grc' dir='ltr'><strong>τὰ</strong></span> <span class='ocrx_word' id='word_1_744' title='bbox 2826 4589 3084 4661; x_wconf 86' lang='grc' dir='ltr'>κρείττω,</span> <span class='ocrx_word' id='word_1_745' title='bbox 3116 4607 3236 4660; x_wconf 81' lang='lat' dir='ltr'><strong>qth</strong></span> <span class='ocrx_word' id='word_1_746' title='bbox 3262 4607 3366 4646; x_wconf 85' lang='lat' dir='ltr'><strong>vox</strong></span> <span class='ocrx_word' id='word_1_747' title='bbox 3396 4595 3476 4650; x_wconf 88' lang='lat' dir='ltr'><strong>sic</strong></span> 
     </span>
    </p>
   </div>
   <div class='ocr_carea' id='block_1_106' title="bbox 1913 4661 3473 4728">
    <p class='ocr_par' dir='ltr' id='par_1_106' title="bbox 1913 4661 3473 4728">
     <span class='ocr_line' id='line_1_108' title="bbox 1913 4661 3473 4728; baseline 0.004 -15"><span class='ocrx_word' id='word_1_748' title='bbox 1913 4662 2179 4724; x_wconf 86' lang='lat' dir='ltr'><strong>absolute,</strong></span> <span class='ocrx_word' id='word_1_749' title='bbox 2224 4662 2464 4713; x_wconf 83' lang='lat' dir='ltr'><strong>virtutem</strong></span> <span class='ocrx_word' id='word_1_750' title='bbox 2513 4669 2690 4724; x_wconf 83' lang='lat' dir='ltr'><strong>sonat,</strong></span> <span class='ocrx_word' id='word_1_751' title='bbox 2740 4675 2840 4714; x_wconf 88' lang='lat' dir='ltr'><strong>nec</strong></span> <span class='ocrx_word' id='word_1_752' title='bbox 2888 4675 3109 4716; x_wconf 86' lang='lat' dir='ltr'><strong>necesse</strong></span> <span class='ocrx_word' id='word_1_753' title='bbox 3149 4661 3473 4728; x_wconf 81' lang='lat' dir='ltr'><strong>quibusnam</strong></span> 
     </span>
    </p>
   </div>
   <div class='ocr_carea' id='block_1_107' title="bbox 1913 4730 3475 4803">
    <p class='ocr_par' dir='ltr' id='par_1_107' title="bbox 1913 4730 3475 4803">
     <span class='ocr_line' id='line_1_109' title="bbox 1913 4730 3475 4803; baseline -0.001 -19"><span class='ocrx_word' id='word_1_754' title='bbox 1913 4731 2144 4800; x_wconf 86' lang='grc' dir='ltr'>κρείττω</span> <span class='ocrx_word' id='word_1_755' title='bbox 2169 4731 2334 4803; x_wconf 77' lang='lat' dir='ltr'><strong>dicat,</strong></span> <span class='ocrx_word' id='word_1_756' title='bbox 2361 4730 2686 4803; x_wconf 83' lang='lat' dir='ltr'><strong>exprimere,</strong></span> <span class='ocrx_word' id='word_1_757' title='bbox 2709 4730 2996 4803; x_wconf 13' lang='lat' dir='ltr'><strong>cumisatis</strong></span> <span class='ocrx_word' id='word_1_758' title='bbox 3025 4731 3386 4803; x_wconf 84' lang='lat' dir='ltr'><strong>intelligatur;</strong></span> <span class='ocrx_word' id='word_1_759' title='bbox 3417 4743 3475 4790; x_wconf 81' lang='grc' dir='ltr'><strong>ιιι</strong></span> 
     </span>
    </p>
   </div>
   <div class='ocr_carea' id='block_1_108' title="bbox 1911 4799 3471 4872">
    <p class='ocr_par' dir='ltr' id='par_1_108' title="bbox 1911 4799 3471 4872">
     <span class='ocr_line' id='line_1_110' title="bbox 1911 4799 3471 4872; baseline 0.004 -17"><span class='ocrx_word' id='word_1_760' title='bbox 1911 4799 2086 4872; x_wconf 74' lang='lat' dir='ltr'><strong>neque</strong></span> <span class='ocrx_word' id='word_1_761' title='bbox 2114 4815 2236 4872; x_wconf 85' lang='lat' dir='ltr'><strong>cum</strong></span> <span class='ocrx_word' id='word_1_762' title='bbox 2265 4799 2405 4872; x_wconf 85' lang='lat' dir='ltr'><strong>Deus</strong></span> <span class='ocrx_word' id='word_1_763' title='bbox 2437 4800 2499 4853; x_wconf 85' lang='grc' dir='ltr'>τὸ</span> <span class='ocrx_word' id='word_1_764' title='bbox 2531 4803 2772 4872; x_wconf 86' lang='grc' dir='ltr'>κρεῖττον</span> <span class='ocrx_word' id='word_1_765' title='bbox 2802 4801 3022 4872; x_wconf 62' lang='lat' dir='ltr'><strong>dicitur,</strong></span> <span class='ocrx_word' id='word_1_766' title='bbox 3054 4799 3471 4862; x_wconf 54' lang='lat' dir='ltr'><strong>aliud&#39;additur.</strong></span> 
     </span>
    </p>
   </div>
   <div class='ocr_carea' id='block_1_109' title="bbox 1913 4869 3473 4941">
    <p class='ocr_par' dir='ltr' id='par_1_109' title="bbox 1913 4869 3473 4941">
     <span class='ocr_line' id='line_1_111' title="bbox 1913 4869 3473 4941; baseline 0.004 -18"><span class='ocrx_word' id='word_1_767' title='bbox 1913 4869 2202 4941; x_wconf 84' lang='lat' dir='ltr'><strong>Sequentia</strong></span> <span class='ocrx_word' id='word_1_768' title='bbox 2249 4871 2411 4925; x_wconf 91' lang='lat' dir='ltr'><strong>etiam</strong></span> <span class='ocrx_word' id='word_1_769' title='bbox 2456 4869 2604 4925; x_wconf 87' lang='lat' dir='ltr'><strong>nullo</strong></span> <span class='ocrx_word' id='word_1_770' title='bbox 2637 4886 2802 4941; x_wconf 90' lang='lat' dir='ltr'><strong>sensu</strong></span> <span class='ocrx_word' id='word_1_771' title='bbox 2839 4872 2892 4924; x_wconf 91' lang='lat' dir='ltr'><strong>in</strong></span> <span class='ocrx_word' id='word_1_772' title='bbox 2924 4869 3123 4934; x_wconf 85' lang='lat' dir='ltr'><strong>Vatic.,</strong></span> <span class='ocrx_word' id='word_1_773' title='bbox 3150 4873 3224 4936; x_wconf 83' lang='grc' dir='ltr'>ὡς</span> <span class='ocrx_word' id='word_1_774' title='bbox 3254 4875 3354 4929; x_wconf 84' lang='grc' dir='ltr'>οὐκ</span> <span class='ocrx_word' id='word_1_775' title='bbox 3382 4877 3473 4932; x_wconf 82' lang='grc' dir='ltr'><strong>ἄν·</strong></span> 
     </span>
    </p>
   </div>
   <div class='ocr_carea' id='block_1_110' title="bbox 1909 4940 3309 5013">
    <p class='ocr_par' dir='ltr' id='par_1_110' title="bbox 1909 4940 3309 5013">
     <span class='ocr_line' id='line_1_112' title="bbox 1909 4940 3309 5013; baseline 0.005 -18"><span class='ocrx_word' id='word_1_776' title='bbox 1909 4940 2141 5013; x_wconf 79' lang='grc' dir='ltr'>Θρωπος.</span> <span class='ocrx_word' id='word_1_777' title='bbox 2169 4940 2399 5013; x_wconf 75' lang='lat' dir='ltr'><strong>saniora</strong></span> <span class='ocrx_word' id='word_1_778' title='bbox 2427 4941 2656 5013; x_wconf 89' lang='lat' dir='ltr'><strong>mutuati</strong></span> <span class='ocrx_word' id='word_1_779' title='bbox 2682 4955 2748 4995; x_wconf 91' lang='lat' dir='ltr'><strong>ex</strong></span> <span class='ocrx_word' id='word_1_780' title='bbox 2777 4940 2992 5013; x_wconf 72' lang='lat' dir='ltr'><strong>Allatio.</strong></span> <span class='ocrx_word' id='word_1_781' title='bbox 3025 4943 3309 5002; x_wconf 56' lang='grc' dir='ltr'><strong>ϐοηθεῖ-ηις.</strong></span> 
     </span>
    </p>
   </div>
   <div class='ocr_carea' id='block_1_111' title="bbox 1978 5007 2966 5082">
    <p class='ocr_par' dir='ltr' id='par_1_111' title="bbox 1978 5007 2966 5082">
     <span class='ocr_line' id='line_1_113' title="bbox 1978 5007 2966 5082; baseline -0.005 -18"><span class='ocrx_word' id='word_1_782' title='bbox 1978 5012 2089 5082; x_wconf 71' lang='grc'><strong>(2⁸7)</strong></span> <span class='ocrx_word' id='word_1_783' title='bbox 2120 5010 2542 5082; x_wconf 40' lang='grc' dir='ltr'>Σερῇσινηειοη</span> <span class='ocrx_word' id='word_1_784' title='bbox 2570 5011 2783 5064; x_wconf 88' lang='grc' dir='ltr'>Ὀδυσσ.</span> <span class='ocrx_word' id='word_1_785' title='bbox 2816 5007 2881 5072; x_wconf 87' lang='grc' dir='ltr'>Α,</span> <span class='ocrx_word' id='word_1_786' title='bbox 2917 5007 2966 5082; x_wconf 72' lang='lat'><strong>7.</strong></span> 
     </span>
    </p>
   </div>
   <div class='ocr_carea' id='block_1_112' title="bbox 1979 5079 3470 5153">
    <p class='ocr_par' dir='ltr' id='par_1_112' title="bbox 1979 5079 3470 5153">
     <span class='ocr_line' id='line_1_114' title="bbox 1979 5079 3470 5153; baseline 0.004 -19"><span class='ocrx_word' id='word_1_787' title='bbox 1979 5079 2089 5153; x_wconf 72' lang='lat'><strong>(28)</strong></span> <span class='ocrx_word' id='word_1_788' title='bbox 2125 5079 2475 5153; x_wconf 68' lang='lat' dir='ltr'><strong>Hspcgoopdc.</strong></span> <span class='ocrx_word' id='word_1_789' title='bbox 2511 5080 2665 5148; x_wconf 87' lang='lat' dir='ltr'><strong>Quod</strong></span> <span class='ocrx_word' id='word_1_790' title='bbox 2697 5082 2766 5134; x_wconf 91' lang='lat' dir='ltr'><strong>ita</strong></span> <span class='ocrx_word' id='word_1_791' title='bbox 2798 5081 2962 5153; x_wconf 88' lang='lat' dir='ltr'><strong>semel</strong></span> <span class='ocrx_word' id='word_1_792' title='bbox 2994 5091 3046 5136; x_wconf 89' lang='lat' dir='ltr'><strong>et</strong></span> <span class='ocrx_word' id='word_1_793' title='bbox 3077 5081 3271 5138; x_wconf 89' lang='lat' dir='ltr'><strong>iterum</strong></span> <span class='ocrx_word' id='word_1_794' title='bbox 3306 5085 3470 5153; x_wconf 86' lang='lat' dir='ltr'><strong>paulo</strong></span> 
     </span>
    </p>
   </div>
   <div class='ocr_carea' id='block_1_113' title="bbox 1905 5151 3468 5226">
    <p class='ocr_par' dir='ltr' id='par_1_113' title="bbox 1905 5151 3468 5226">
     <span class='ocr_line' id='line_1_115' title="bbox 1905 5151 3468 5226; baseline 0.001 -20"><span class='ocrx_word' id='word_1_795' title='bbox 1905 5159 2029 5226; x_wconf 83' lang='lat' dir='ltr'><strong>post</strong></span> <span class='ocrx_word' id='word_1_796' title='bbox 2071 5152 2286 5222; x_wconf 88' lang='lat' dir='ltr'><strong>legitur,</strong></span> <span class='ocrx_word' id='word_1_797' title='bbox 2331 5151 2556 5226; x_wconf 85' lang='lat' dir='ltr'><strong>omnino</strong></span> <span class='ocrx_word' id='word_1_798' title='bbox 2603 5152 3000 5226; x_wconf 82' lang='lat' dir='ltr'><strong>emendandum</strong></span> <span class='ocrx_word' id='word_1_799' title='bbox 3047 5155 3204 5206; x_wconf 89' lang='lat' dir='ltr'><strong>velim</strong></span> <span class='ocrx_word' id='word_1_800' title='bbox 3243 5151 3468 5226; x_wconf 82' lang='grc' dir='ltr'>περιφε-</span> 
     </span>
    </p>
   </div>
   <div class='ocr_carea' id='block_1_114' title="bbox 1909 5222 3463 5294">
    <p class='ocr_par' dir='ltr' id='par_1_114' title="bbox 1909 5222 3463 5294">
     <span class='ocr_line' id='line_1_116' title="bbox 1909 5222 3463 5294; baseline 0.002 -19"><span class='ocrx_word' id='word_1_801' title='bbox 1909 5223 2085 5294; x_wconf 79' lang='grc' dir='ltr'>ρείας⁶</span> <span class='ocrx_word' id='word_1_802' title='bbox 2116 5238 2181 5276; x_wconf 85' lang='lat' dir='ltr'><strong>ex</strong></span> <span class='ocrx_word' id='word_1_803' title='bbox 2213 5237 2318 5292; x_wconf 92' lang='lat' dir='ltr'><strong>qua</strong></span> <span class='ocrx_word' id='word_1_804' title='bbox 2351 5222 2429 5294; x_wconf 85' lang='lat' dir='ltr'><strong>sic</strong></span> <span class='ocrx_word' id='word_1_805' title='bbox 2463 5223 2716 5294; x_wconf 84' lang='lat' dir='ltr'><strong>rotunda,</strong></span> <span class='ocrx_word' id='word_1_806' title='bbox 2746 5222 3167 5294; x_wconf 11' lang='lat' dir='ltr'><strong>haberegterram</strong></span> <span class='ocrx_word' id='word_1_807' title='bbox 3199 5222 3463 5279; x_wconf 86' lang='lat' dir='ltr'><strong>rationem</strong></span> 
     </span>
    </p>
   </div>
   <div class='ocr_carea' id='block_1_115' title="bbox 1904 5292 3468 5365">
    <p class='ocr_par' dir='ltr' id='par_1_115' title="bbox 1904 5292 3468 5365">
     <span class='ocr_line' id='line_1_117' title="bbox 1904 5292 3468 5365; baseline 0.001 -18"><span class='ocrx_word' id='word_1_808' title='bbox 1904 5292 2074 5365; x_wconf 83' lang='lat' dir='ltr'><strong>centri</strong></span> <span class='ocrx_word' id='word_1_809' title='bbox 2103 5307 2182 5365; x_wconf 77' lang='lat' dir='ltr'><strong>ac</strong></span> <span class='ocrx_word' id='word_1_810' title='bbox 2221 5292 2406 5363; x_wconf 86' lang='lat' dir='ltr'><strong>puncti</strong></span> <span class='ocrx_word' id='word_1_811' title='bbox 2445 5293 2597 5365; x_wconf 89' lang='lat' dir='ltr'><strong>aiunt</strong></span> <span class='ocrx_word' id='word_1_812' title='bbox 2648 5293 3015 5365; x_wconf 80' lang='lat' dir='ltr'><strong>mathematici</strong></span> <span class='ocrx_word' id='word_1_813' title='bbox 3054 5309 3192 5365; x_wconf 91' lang='lat' dir='ltr'><strong>quos</strong></span> <span class='ocrx_word' id='word_1_814' title='bbox 3229 5297 3468 5362; x_wconf 82' lang='lat' dir='ltr'><strong>exagitat</strong></span> 
     </span>
    </p>
   </div>
   <div class='ocr_carea' id='block_1_116' title="bbox 1907 5362 3463 5433">
    <p class='ocr_par' dir='ltr' id='par_1_116' title="bbox 1907 5362 3463 5433">
     <span class='ocr_line' id='line_1_118' title="bbox 1907 5362 3463 5433; baseline 0.001 -17"><span class='ocrx_word' id='word_1_815' title='bbox 1907 5362 2232 5425; x_wconf 77' lang='lat' dir='ltr'><strong>Methodius,</strong></span> <span class='ocrx_word' id='word_1_816' title='bbox 2259 5379 2433 5432; x_wconf 86' lang='lat' dir='ltr'><strong>exque</strong></span> <span class='ocrx_word' id='word_1_817' title='bbox 2479 5363 2564 5416; x_wconf 91' lang='lat' dir='ltr'><strong>illa</strong></span> <span class='ocrx_word' id='word_1_818' title='bbox 2597 5362 2859 5417; x_wconf 67' lang='lat' dir='ltr'><strong>malorum</strong></span> <span class='ocrx_word' id='word_1_819' title='bbox 2890 5364 3049 5418; x_wconf 84' lang='lat' dir='ltr'><strong>orbes</strong></span> <span class='ocrx_word' id='word_1_820' title='bbox 3075 5362 3336 5433; x_wconf 80' lang='lat' dir='ltr'><strong>pendere,</strong></span> <span class='ocrx_word' id='word_1_821' title='bbox 3370 5365 3463 5433; x_wconf 88' lang='lat' dir='ltr'><strong>qui</strong></span> 
     </span>
    </p>
   </div>
   <div class='ocr_carea' id='block_1_117' title="bbox 1903 5433 3467 5505">
    <p class='ocr_par' dir='ltr' id='par_1_117' title="bbox 1903 5433 3467 5505">
     <span class='ocr_line' id='line_1_119' title="bbox 1903 5433 3467 5505; baseline -0.001 -19"><span class='ocrx_word' id='word_1_822' title='bbox 1903 5434 1983 5488; x_wconf 92' lang='lat' dir='ltr'><strong>sie</strong></span> <span class='ocrx_word' id='word_1_823' title='bbox 2016 5435 2197 5487; x_wconf 88' lang='lat' dir='ltr'><strong>mundi</strong></span> <span class='ocrx_word' id='word_1_824' title='bbox 2237 5434 2396 5505; x_wconf 87' lang='lat' dir='ltr'><strong>quasi</strong></span> <span class='ocrx_word' id='word_1_825' title='bbox 2429 5433 2748 5505; x_wconf 80' lang='grc' dir='ltr'>περιφέρεια</span> <span class='ocrx_word' id='word_1_826' title='bbox 2791 5434 2920 5494; x_wconf 89' lang='lat' dir='ltr'><strong>sint,</strong></span> <span class='ocrx_word' id='word_1_827' title='bbox 2959 5436 3209 5505; x_wconf 72' lang='lat' dir='ltr'><strong>ambitus.</strong></span> <span class='ocrx_word' id='word_1_828' title='bbox 3242 5436 3467 5486; x_wconf 88' lang='lat' dir='ltr'><strong>circum-</strong></span> 
     </span>
    </p>
   </div>
   <div class='ocr_carea' id='block_1_118' title="bbox 1899 5504 3463 5573">
    <p class='ocr_par' dir='ltr' id='par_1_118' title="bbox 1899 5504 3463 5573">
     <span class='ocr_line' id='line_1_120' title="bbox 1899 5504 3463 5573; baseline 0.001 -15"><span class='ocrx_word' id='word_1_829' title='bbox 1899 5505 2088 5572; x_wconf 73' lang='lat' dir='ltr'><strong>ﬂexus,</strong></span> <span class='ocrx_word' id='word_1_830' title='bbox 2128 5513 2200 5563; x_wconf 90' lang='lat' dir='ltr'><strong>et,</strong></span> <span class='ocrx_word' id='word_1_831' title='bbox 2234 5512 2292 5557; x_wconf 83' lang='lat' dir='ltr'><strong>ut</strong></span> <span class='ocrx_word' id='word_1_832' title='bbox 2313 5504 2470 5573; x_wconf 88' lang='lat' dir='ltr'><strong>vulgo</strong></span> <span class='ocrx_word' id='word_1_833' title='bbox 2498 5504 2712 5570; x_wconf 86' lang='lat' dir='ltr'><strong>vocant,</strong></span> <span class='ocrx_word' id='word_1_834' title='bbox 2741 5504 3158 5572; x_wconf 81' lang='lat' dir='ltr'><strong>circumferentia</strong></span> <span class='ocrx_word' id='word_1_835' title='bbox 3186 5520 3203 5556; x_wconf 92' lang='lat'><em>:</em></span> <span class='ocrx_word' id='word_1_836' title='bbox 3231 5517 3292 5555; x_wconf 69' lang='lat' dir='ltr'><strong>ae</strong></span> <span class='ocrx_word' id='word_1_837' title='bbox 3326 5519 3463 5571; x_wconf 70' lang='lat' dir='ltr'><strong>pra:-</strong></span> 
     </span>
    </p>
   </div>
   <div class='ocr_carea' id='block_1_119' title="bbox 1901 5573 3460 5644">
    <p class='ocr_par' dir='ltr' id='par_1_119' title="bbox 1901 5573 3460 5644">
     <span class='ocr_line' id='line_1_121' title="bbox 1901 5573 3460 5644; baseline 0.001 -17"><span class='ocrx_word' id='word_1_838' title='bbox 1901 5585 2046 5629; x_wconf 88' lang='lat' dir='ltr'><strong>terea</strong></span> <span class='ocrx_word' id='word_1_839' title='bbox 2085 5584 2279 5628; x_wconf 87' lang='lat' dir='ltr'><strong>terram</strong></span> <span class='ocrx_word' id='word_1_840' title='bbox 2324 5576 2480 5644; x_wconf 9' lang='lat' dir='ltr'><strong>remlis</strong></span> <span class='ocrx_word' id='word_1_841' title='bbox 2522 5575 2882 5644; x_wconf 88' lang='lat' dir='ltr'><strong>antiquiorem</strong></span> <span class='ocrx_word' id='word_1_842' title='bbox 2913 5589 3052 5635; x_wconf 87' lang='lat' dir='ltr'><strong>esse,</strong></span> <span class='ocrx_word' id='word_1_843' title='bbox 3091 5573 3167 5644; x_wconf 83' lang='lat' dir='ltr'><strong>uti</strong></span> <span class='ocrx_word' id='word_1_844' title='bbox 3202 5582 3460 5644; x_wconf 82' lang='lat' dir='ltr'><strong>punctum</strong></span> 
     </span>
    </p>
   </div>
   <div class='ocr_carea' id='block_1_120' title="bbox 1900 5641 3458 5726">
    <p class='ocr_par' dir='ltr' id='par_1_120' title="bbox 1900 5641 3458 5726">
     <span class='ocr_line' id='line_1_122' title="bbox 1900 5641 3458 5726; baseline 0.001 -29"><span class='ocrx_word' id='word_1_845' title='bbox 1900 5661 1962 5698; x_wconf 86' lang='lat' dir='ltr'><strong>ac</strong></span> <span class='ocrx_word' id='word_1_846' title='bbox 1996 5656 2263 5706; x_wconf 87' lang='lat' dir='ltr'><strong>centrum,</strong></span> <span class='ocrx_word' id='word_1_847' title='bbox 2301 5643 2465 5698; x_wconf 92' lang='lat' dir='ltr'><strong>ducto</strong></span> <span class='ocrx_word' id='word_1_848' title='bbox 2498 5641 2860 5726; x_wconf 41' lang='lat' dir='ltr'><strong>circa—ipsum</strong></span> <span class='ocrx_word' id='word_1_849' title='bbox 2894 5641 3229 5726; x_wconf 60' lang='lat' dir='ltr'><strong>orbe,&quot;prius</strong></span> <span class='ocrx_word' id='word_1_850' title='bbox 3259 5641 3458 5726; x_wconf 62' lang='lat' dir='ltr'><strong>intelli:</strong></span> 
     </span>
    </p>
   </div>
   <div class='ocr_carea' id='block_1_121' title="bbox 1898 5711 3456 5783">
    <p class='ocr_par' dir='ltr' id='par_1_121' title="bbox 1898 5711 3456 5783">
     <span class='ocr_line' id='line_1_123' title="bbox 1898 5711 3456 5783; baseline 0.003 -17"><span class='ocrx_word' id='word_1_851' title='bbox 1898 5724 2074 5782; x_wconf 74' lang='lat' dir='ltr'><strong>gatur,</strong></span> <span class='ocrx_word' id='word_1_852' title='bbox 2107 5729 2329 5770; x_wconf 89' lang='lat' dir='ltr'><strong>necesse</strong></span> <span class='ocrx_word' id='word_1_853' title='bbox 2359 5722 2462 5770; x_wconf 91' lang='lat' dir='ltr'><strong>est.</strong></span> <span class='ocrx_word' id='word_1_854' title='bbox 2510 5714 2663 5780; x_wconf 88' lang='lat' dir='ltr'><strong>Quod</strong></span> <span class='ocrx_word' id='word_1_855' title='bbox 2706 5711 2890 5783; x_wconf 78' lang='lat' dir='ltr'><strong>ipsum</strong></span> <span class='ocrx_word' id='word_1_856' title='bbox 2926 5711 3140 5783; x_wconf 81' lang='lat' dir='ltr'><strong>refellit,</strong></span> <span class='ocrx_word' id='word_1_857' title='bbox 3178 5715 3456 5783; x_wconf 79' lang='lat' dir='ltr'><strong>communi</strong></span> 
     </span>
    </p>
   </div>
   <div class='ocr_carea' id='block_1_122' title="bbox 1897 5780 3458 5854">
    <p class='ocr_par' dir='ltr' id='par_1_122' title="bbox 1897 5780 3458 5854">
     <span class='ocr_line' id='line_1_124' title="bbox 1897 5780 3458 5854; baseline 0.003 -18"><span class='ocrx_word' id='word_1_858' title='bbox 1897 5780 2058 5837; x_wconf 71' lang='lat' dir='ltr'><strong>etiam</strong></span> <span class='ocrx_word' id='word_1_859' title='bbox 2075 5784 2386 5840; x_wconf 66' lang='lat' dir='ltr'><strong>Grmcorum</strong></span> <span class='ocrx_word' id='word_1_860' title='bbox 2407 5786 2710 5854; x_wconf 88' lang='lat' dir='ltr'><strong>sapientum</strong></span> <span class='ocrx_word' id='word_1_861' title='bbox 2726 5780 3156 5854; x_wconf 68' lang='lat' dir='ltr'><strong>existimatione,</strong></span> <span class='ocrx_word' id='word_1_862' title='bbox 3183 5780 3335 5854; x_wconf 77' lang='lat' dir='ltr'><strong>Nihil</strong></span> <span class='ocrx_word' id='word_1_863' title='bbox 3357 5796 3458 5840; x_wconf 88' lang='lat' dir='ltr'><strong>ter-</strong></span> 
     </span>
    </p>
   </div>
   <div class='ocr_carea' id='block_1_123' title="bbox 1896 5850 3459 5922">
    <p class='ocr_par' dir='ltr' id='par_1_123' title="bbox 1896 5850 3459 5922">
     <span class='ocr_line' id='line_1_125' title="bbox 1896 5850 3459 5922; baseline 0.002 -14"><span class='ocrx_word' id='word_1_864' title='bbox 1896 5871 2138 5910; x_wconf 77' lang='lat' dir='ltr'><strong>renarum</strong></span> <span class='ocrx_word' id='word_1_865' title='bbox 2171 5850 2729 5911; x_wconf 45' lang='lat' dir='ltr'><strong>calonibus—nobilius</strong></span> <span class='ocrx_word' id='word_1_866' title='bbox 2765 5865 2877 5911; x_wconf 69' lang='lat' dir='ltr'><strong>esse</strong></span> <span class='ocrx_word' id='word_1_867' title='bbox 2915 5859 3004 5905; x_wconf 85' lang='lat' dir='ltr'><strong>aut</strong></span> <span class='ocrx_word' id='word_1_868' title='bbox 3045 5850 3331 5922; x_wconf 79' lang='lat' dir='ltr'><strong>antiquius.</strong></span> <span class='ocrx_word' id='word_1_869' title='bbox 3366 5857 3459 5913; x_wconf 78' lang='lat' dir='ltr'><strong>Sic</strong></span> 
     </span>
    </p>
   </div>
  </div>
