4056 6302
539 295 649 352 ωδ

1473 289 1533 345 S.
1570 285 1896 345 ΜΕΤΗΟΒΙΙ
1930 284 2237 343 EPISCOPI
2277 284 2364 340 ET
2401 285 2755 343 MARTYRIS

3663 294 3805 348 Ισι

540 408 623 464 ris
648 405 740 470 sit,
768 403 993 461 servatis
1021 420 1229 474 semper
1254 404 1448 459 iisdem
1479 404 1712 474 partium
1760 403 2082 469 intervallis,

2196 402 2398 474 ἀνάγκη
2422 442 2438 467 ,
2492 404 2662 472 φασὶ,
2714 404 2852 457 κατά
2901 404 2999 468 τὰς
3039 405 3227 476 ὁμοίας
3289 403 3605 471 διαστάσεις
3654 406 3805 460 “Iw

542 499 775 555 mediam
820 497 1046 566 hujusce
1083 511 1262 551 rerum
1297 495 1664 550 universitatis
1685 503 1884 549 terram
1908 494 2094 550 consi-

546 591 677 646 dere
722 604 940 644 necesse
966 596 1072 655 est,
1101 588 1251 642 circa
1279 602 1441 657 quam
1470 587 1586 655 ipso
1617 585 1887 641 seniorem
1930 584 2096 639 verti-

543 684 637 734 tur
660 677 873 732 coelum.
928 674 1063 729 Nam
1113 675 1162 731 si
1216 691 1279 730 ex
1321 681 1518 745 puncto
1548 681 1603 730 et
1647 681 1836 730 centro
1878 681 2096 729 constat

542 771 762 843 sphaerae
790 767 1220 831 circumductus,
1265 768 1358 838 qui
1398 767 1582 837 utique
1618 766 1768 822 orbis
1801 781 1922 822 esse
1944 766 2096 823 vide-

543 872 634 918 tur
662 869 716 917 et
745 860 1019 916 circulus:
1043 873 1164 913 cum
1195 858 1309 913 ﬁeri
1339 873 1446 913 non
1468 858 1642 928 possit
1668 866 1725 912 ut
1753 858 1872 914 sine
1894 867 2094 930 puncto

539 954 780 1009 circulus
814 951 1176 1016 describatur,
1214 965 1313 1005 nec
1343 949 1587 1005 circulus
1615 964 1737 1005 esse
1767 952 1939 1020 possit
1968 953 2096 1007 abs-

537 1061 643 1116 que
691 1053 913 1115 puncto,
956 1033 1175 1113 quinam
1231 1042 1349 1096 ﬁeri
1404 1048 1616 1112 potest,
1653 1041 1826 1107 aiunt,
1871 1049 1929 1095 ut
1985 1057 2094 1097 non

502 1192 507 1200 ,
537 1137 792 1190 omnibus
819 1135 969 1205 prior
1000 1142 1142 1187 terra
1165 1132 1458 1195 exstiterit,
1483 1131 1711 1201 ejusque
1738 1132 1907 1201 ipsius
1927 1133 2094 1188 chaos

503 1294 509 1305 ν
536 1234 593 1281 et
617 1225 982 1297 profundum?
1008 1224 1173 1278 Plane
1194 1223 1338 1278 enim
1375 1222 1428 1276 in
1462 1225 1664 1278 erroris
1696 1222 2019 1293 profundum
2041 1232 2095 1279 et

537 1318 708 1373 chaos
737 1317 921 1372 miseri
966 1316 1203 1385 prolapsi
1256 1324 1400 1369 sunt.
1438 1314 1591 1381 Quod
1640 1331 1755 1368 cum
1804 1315 1964 1370 Deum
2005 1332 2093 1369 co-

538 1412 859 1482 gnovissent,
887 1427 991 1463 non
1028 1410 1166 1472 sicut
1201 1408 1362 1462 Deum
1393 1410 1836 1478 glorificaverunt,
1860 1420 1949 1464 aut
1970 1427 2095 1481 gra-
2137 1478 2144 1484 ε

505 1563 510 1566 _
543 1504 650 1556 tias
682 1510 930 1571 egerunt;
954 1499 1042 1553 sed
1080 1508 1399 1553 evanuerunt
1437 1502 1490 1554 in
1534 1502 1931 1570 cogitationibus
1959 1504 2091 1566 suis,

540 1598 596 1645 et
626 1591 960 1644 obscuratum
1005 1598 1080 1642 est
1118 1589 1365 1657 insipiens
1412 1605 1503 1642 cor
1538 1605 1715 1642 eorum
1736 1590 1811 1653 ⁶¹;
1860 1591 1944 1645 vel
1992 1590 2094 1646 hoc

545 1682 786 1736 maxime
814 1682 956 1751 quod
989 1697 1176 1737 eorum
1227 1680 1501 1750 sapientes
1527 1680 1660 1734 nihil
1691 1696 1814 1736 esse
1861 1681 2092 1737 terrenis

2194 496 2372 550 αὐτῶν
2415 497 2580 550 ὄντων
2624 496 3002 568 διαστημάτων
3019 537 3034 560 ,
3068 498 3238 569 μέσην
3280 497 3375 552 τοῦ
3431 500 3639 563 παντὸς
3666 502 3802 571 τὴν

2194 591 2298 661 γῆν
2330 589 2634 660 τυγχάνειν,
2669 590 2795 661 περὶ
2848 590 2913 661 ἢν
2943 591 2972 642 6
3002 590 3225 661 οὐρανὸς
3257 591 3590 663 περιδίνεται
3627 609 3797 664 προ-

2194 682 2515 753 γενεστέραν
2544 678 2728 736 οὖσαν.
2771 682 2971 757 Είγὰρ
3007 684 3071 735 ὲκ
3118 682 3343 753 σημείου
3388 684 3483 737 καὶ
3528 684 3793 754 κέντρου

2197 773 2514 845 περιφέρεια
2547 773 2893 843 συνέστηκεν.
2925 772 2954 825 6
2977 771 3040 844 δὴ
3066 773 3260 836 κύκλος
3282 774 3393 844 (9.9)
3427 770 3569 828 εἶναι
3610 775 3799 828 δοκεῖ

2195 865 2470 936 (ἀδύνατον
2514 865 2570 918 δὲ
2599 865 2782 936 ,χωρὶς
2826 865 3049 935 σημείου
3095 866 3494 938 περιγραφῆναι
3534 867 3787 929 κύκλον,

2196 956 2391 1011 κύκλον
2433 957 2478 1010 δ’
2505 956 2723 1009 ἔσεσθαι
2763 955 3018 1009 ἀδύνατον
3060 955 3186 1009 ἄνευ
3234 957 3507 1027 σημείου),
3539 957 3668 1020 πῶς
3703 959 3785 1011 οὗ

2194 1048 2302 1119 πρὸ
2324 1049 2537 1102 πάντων
2564 1051 2597 1118 ἡ
2621 1048 2712 1118 γῆ,
2732 1048 2883 1117 φησὶ,
2907 1047 3219 1116 συνέστηκε,
3242 1047 3416 1100 καὶτὸ
3442 1049 3565 1102 κατ’
3589 1048 3789 1120 αὐτὴν

2195 1140 2323 1210 χάος
2350 1139 2442 1193 καὶ
2464 1139 2659 1209 βάθος;
2689 1139 2781 1202 Εἰς
2808 1137 2968 1207 βάθος
2994 1138 3102 1208 γὰρ
3134 1138 3228 1191 καὶ
3257 1138 3388 1208 χάος
3418 1140 3594 1203 ὅντως
3622 1158 3784 1193 κατ..

2194 1229 2495 1299 ωλίσθησαν
2509 1229 2557 1281 οἱ
2572 1228 2800 1299 σχέτλιοι
2813 1228 3034 1299 πλάνης.
3053 1227 3121 1281 Οἳ
3135 1228 3229 1297 (αι.
3247 1229 3372 1295 ὅτι),
3385 1231 3639 1298 γνόντες
3657 1232 3787 1285 τὸν

2196 1322 2370 1386 Θεὸν,
2405 1324 2515 1391 οὐχ
2553 1322 2633 1388 ὡς
2668 1320 2815 1374 Θεὸν
2843 1320 3146 1385 ἐδόξασαν
3190 1321 3229 1388 ἢ
3270 1324 3776 1391 εὐχαρίστησαν,

2193 1412 2331 1466 ἀλλ’
2376 1408 2825 1479 ἐματαιώθησαν
2861 1408 2930 1462 ἐν
2981 1406 3105 1473 τοῖς
3161 1407 3609 1478 διαλογισμοῖς,
3662 1408 3776 1463 καὶ

2192 1503 2513 1571 ἐσκοτίσθη
2547 1503 2584 1570 ὴ
2609 1501 2903 1567 ἀσύνετος
2932 1498 3126 1553 αὐτῶν
3168 1498 3379 1567 καρδία
3395 1516 3409 1529 ⁸
3458 1501 3556 1553 καὶ
3586 1500 3777 1554 ταῦτα

2194 1595 2288 1648 καὶ
2330 1594 2438 1647 τῶν
2468 1595 2597 1666 παρ’
2630 1594 2812 1657 αὐτοῖς
2865 1592 3158 1664 εἰρηκότων
3202 1591 3414 1660 σοφῶν,
3467 1594 3544 1656 ὡς
3611 1593 3776 1647 οὐδὲν

2208 1685 2514 1757 Ὀλυμπίων
2574 1685 2916 1756 ἐντιμότερον
2979 1683 3207 1755 γηγενὲς
3256 1682 3289 1752 ἢ
3363 1683 3769 1755 πρεσϐύτερον.

543 1770 601 1826 in
619 1772 780 1827 rebus
802 1750 1111 1827 cinlestibus
1135 1772 1373 1827 nobilius
1402 1778 1495 1825 aut
1518 1773 1789 1842 antiquius
1815 1774 2087 1828 dixerunt.

2196 1750 2355 1828 Ὅθεν
2384 1775 2481 1828 οὐκ
2522 1774 2609 1827 ἀεὶ
2644 1750 2839 1837 παῖδες.
2865 1750 3110 1839 ὄντως-οἱ
3152 1750 3383 1847 Χριστὸν
3406 1750 3767 1844 ⁷ὲγνωκιὶίτες,

540 1861 710 1920 Plane
742 1865 906 1936 igitur
930 1880 1039 1931 non
1071 1880 1288 1935 semper
1312 1865 1460 1934 pueri
1501 1865 1592 1930 qui
1627 1864 1905 1920 Christum
1929 1880 2095 1936 agno-

541 1972 692 2021 vere,
721 1956 867 2011 velut
898 1954 1077 2030 Graci
1098 1955 1193 2026 qui
1240 1953 1433 2010 fabulis
1465 1956 1645 2024 potius
1683 1971 1748 2010 ac
1803 1956 2092 2026 ﬁgmentis,

538 2063 701 2118 quam
737 2045 1059 2104 eruditionis
1100 2055 1218 2103 arte
1251 2047 1357 2101 ulla
1387 2054 1480 2100 aut
1513 2046 1768 2102 facundia
1810 2050 2093 2105 veritatem

540 2138 866 2202 obruentes,
899 2136 1651 2210 humanasquecalamitates
1690 2138 1844 2192 ccelis
1887 2139 2097 2193 adscri-

536 2227 747 2293 bentes,
780 2241 881 2282 nec
902 2227 1251 2290 erubescunt,
1268 2227 1395 2281 dum
1416 2235 1577 2282 terra:
1605 2226 1864 2282 ambitum
1888 2245 2097 2300 geome-

537 2321 694 2374 tricis
737 2320 973 2375 inventis
1000 2319 1299 2390 ﬁgurisque
1330 2318 1736 2386 describentes,
1758 2319 1953 2376 coalum
1995 2321 2097 2377 do-

536 2418 686 2476 cent,
729 2413 1017 2466 volucrum
1047 2411 1468 2481 natatiliumque
1508 2426 1569 2465 ac
1608 2412 1945 2467 terrestrium
1975 2415 2095 2469 ani-

545 2504 771 2559 malium
821 2504 1130 2559 simulacris
1191 2512 1443 2557 ornatum
1494 2518 1649 2567 esse,
1710 2504 2096 2575 stellarumque

537 2596 831 2669 qualitates
859 2599 942 2651 "ex
983 2596 1286 2667 priscorum
1333 2595 1608 2649 hominum
1643 2595 1889 2650 cladibus
1920 2612 1982 2651 ac
2009 2599 2095 2652 in-

538 2688 797 2745 fortuniis
829 2686 1084 2743 habuisse
1128 2695 1305 2743 ortum
1337 2706 1349 2740 :
1380 2687 1513 2742 adeo
1543 2695 1602 2741 ut
1638 2702 1705 2742 ex
1750 2687 1941 2741 horum
1979 2706 2099 2746 sen-

539 2780 730 2845 tentia,
758 2779 860 2850 ipsi
889 2779 1222 2849 planetarum
1254 2785 1432 2833 motus
1469 2793 1536 2832 ex
1567 2777 1835 2847 ejusmodi
1862 2782 2099 2852 corpori-

541 2870 646 2934 bus
668 2869 956 2940 pendeant.
981 2867 1185 2940 Gyrare
1216 2867 1464 2922 videlicet
1495 2869 1638 2921 circa
1665 2871 1946 2941 signorum
1968 2874 2100 2927 duo-

541 2962 719 3019 decim
760 2968 1005 3015 naturam
1028 2959 1213 3015 stellas
1245 2959 1413 3022 aiunt,
1453 2959 1639 3028 rapida
1670 2961 1879 3016 zodiaci
1905 2963 2095 3019 circuli

542 3060 748 3108 tractas
793 3050 1098 3122 vertigine:
1146 3059 1310 3119 atque
1346 3064 1413 3105 ex
1461 3049 1652 3104 harum
1714 3056 2096 3123 temperatione

542 3142 814 3213 provideri
849 3120 971 3212 qua:
999 3141 1156 3211 vulgo
1184 3147 1443 3195 eventura
1480 3148 1607 3194 sunt
1640 3158 1653 3193 :
1682 3156 1780 3210 pro
1800 3120 1982 3196 earum
2013 3145 2096 3198 in-
2120 3120 2161 3176 (ἶ

540 3240 626 3288 ter
650 3247 708 3289 se
734 3233 950 3287 diversa
977 3231 1321 3297 cohaerentia,
1354 3230 1568 3301 alioque
1615 3237 1669 3285 et
1714 3231 1823 3287 alio
1867 3233 2093 3304 inﬂuxu,

538 3330 769 3393 ortuque
797 3330 851 3378 et
875 3337 1101 3377 occasu.
1389 3356 1392 3358 η
1612 3331 1619 3338 ’

607 3413 742 3470 Cum
770 3415 917 3470 enim
946 3415 1145 3469 cmlum
1194 3427 1355 3467 omne
1407 3412 1464 3467 in
1494 3411 1681 3468 orbem
1712 3415 2093 3485 conglobatum

537 3506 630 3572 sit,
675 3515 972 3578 centroque
1015 3520 1079 3560 ac
1109 3513 1313 3575 puncto
1345 3513 1489 3559 terra
1516 3512 1722 3569 utatur,
1763 3513 1823 3558 ut
1864 3506 1944 3559 illi
1978 3505 2095 3560 exi-

537 3597 781 3661 stimant,
809 3596 957 3667 quod
988 3611 1177 3651 omnes
1207 3595 1361 3651 lineae
1386 3602 1547 3649 rectae
1566 3594 1634 3649 ab
1663 3595 1869 3649 ambitu
1902 3596 1957 3649 in
1985 3607 2091 3650 ter-

536 3702 652 3741 ram
693 3688 1017 3753 incidentes,
1047 3687 1193 3743 inter
1230 3701 1290 3742 se
1323 3686 1563 3756 aequales
1596 3686 1726 3752 sint,
1760 3688 1829 3741 ab
1859 3687 2093 3741 ambien-

536 3778 683 3833 tibus
716 3779 894 3849 ipsum
942 3781 1164 3836 circulis
1220 3781 1465 3838 dominio
1516 3785 1773 3853 prmvalet
1817 3797 2092 3853 :quorum

537 3870 870 3926 meridianus
896 3870 1038 3926 inter
1060 3872 1325 3929 maximos
1357 3877 1610 3931 emineat.
1654 3876 1736 3931 Ab
1769 3876 1874 3929 hoc
1903 3889 2096 3930 secun-

538 3960 643 4014 dus
673 3961 763 4025 sit,
790 3961 884 4030 qui
918 3968 973 4015 et
1021 3962 1137 4031 ipse
1183 3964 1238 4016 in
1285 3972 1468 4032 partes
1509 3968 1745 4037 aequales
1776 3967 2087 4021 universum

538 4060 707 4115 secet,
732 4067 891 4121 quem
922 4051 1258 4107 horizontem
1295 4055 1372 4124 (id
1418 4066 1502 4111 est
1538 4059 1822 4128 ﬁnitorem)
1851 4065 2085 4113 vocant:

540 4141 736 4197 tertius
770 4142 869 4199 hos
892 4144 1248 4208 intersecans,
1272 4146 1683 4214 aequinoctialis.
1716 4147 1944 4203 Istorum
1970 4162 2092 4218 por-

544 4247 607 4286 ro
646 4232 771 4287 hinc
810 4232 936 4288 inde
964 4232 1033 4287 ad
1077 4233 1249 4288 latera
1280 4236 1471 4304 tropiei
1505 4236 1634 4303 duo,
1667 4240 1889 4294 aestivus
1927 4249 1979 4293 et
2010 4239 2091 4292 hi-

544 4320 778 4389 bernus;
813 4322 900 4377 hic
926 4339 957 4378 a
991 4322 1393 4395 Septentrione,
1414 4327 1503 4380 ille
1532 4327 1600 4380 ab
1633 4327 1852 4384 Austro.
1885 4330 1965 4384 Ad
1990 4324 2100 4384 hos

550 4444 555 4449 ’
612 4478 659 4512 οι
692 4477 843 4533 Rom.
874 4479 1031 4544 1,21.

2194 1863 2441 1936 καθάπερ
2466 1862 2741 1933 Ἕλληνες,
2771 1862 2844 1925 οἳ,
2874 1863 3061 1934 μύθοις
3092 1864 3287 1934 μᾶλλον
3320 1866 3411 1918 καὶ
3443 1865 3769 1935 πλάσμασιν

2194 1955 2227 2027 ἢ
2264 1955 2423 2026 τέχνῃ
2456 1955 2564 2009 τῶν
2591 1955 2761 2024 λόγων
2793 1954 2890 2026 τὴν
2913 1955 3165 2026 ἀλήθειαν
3192 1955 3487 2027 χώσαντες,
3514 1958 3617 2010 καὶ
3649 1962 3770 2021 τοῖς

2191 2049 2438 2120 οὐρανοῖς
2470 2047 2567 2112 τὰς
2595 2047 2703 2100 τῶν
2748 2046 3046 2119 ἀνθρώπων
3091 2048 3573 2120 προσαρμόσαντες
3626 2066 3770 2121 συμ-

2194 2138 2392 2210 φορὰς,
2450 2139 2599 2192 οὐδὲν
2646 2138 2985 2209 αἰσχύνονται
3019 2141 3457 2212 καταγράφοντες
3506 2141 3612 2213 τὴν
3664 2140 3765 2211 τῆς

2193 2230 2513 2301 οἰκουμένης
2543 2229 2842 2303 περιφορὰν
2867 2234 3255 2303 γεωμετρικοῖς
3294 2232 3615 2304 θεωρήμασι
3669 2235 3766 2286 καὶ

2197 2325 2457 2391 σχήμασι,
2492 2322 2586 2375 καὶ
2622 2322 2714 2375 τὸν
2753 2322 2977 2391 οὐρανὸν
3004 2321 3240 2385 εἰδώλοις
3276 2323 3493 2393 πτηνῶν
3527 2323 3627 2376 καὶ
3667 2340 3764 2392 νη-

2195 2410 2337 2463 κτῶν
2371 2411 2465 2465 καὶ
2490 2412 2755 2483 χερσαίων
2796 2412 3169 2483 εἰσηγούμενοι
3217 2413 3629 2484 κεκοσμῆσθαι,
3670 2414 3764 2466 καὶ

2196 2501 2293 2565 τάς
2330 2502 2616 2573 ποιότητας
2660 2503 2768 2557 τῶν
2808 2503 3050 2577 ἀστέρων
3084 2506 3146 2557 ἐκ
3175 2503 3281 2556 τῶν
3329 2505 3456 2575 περὶ
3480 2504 3612 2567 τοὺς
3663 2505 3761 2574 ἀρ-

2194 2592 2378 2662 χαίους
2423 2592 2736 2663 ἀνθρώπους
2781 2594 3069 2666 συμφορῶν
3108 2592 3567 2661 κατεσκευάσθαι,
3613 2594 3762 2647 ὥστε

2194 2685 2291 2748 τὰς
2317 2684 2423 2737 τῶν
2446 2685 2726 2756 πλανητῶν
2753 2685 2934 2749 αὐτοῖς
2958 2688 3195 2758 κινήσεις
3218 2688 3282 2740 ἐκ
3301 2685 3559 2739 τοιούτων
3588 2687 3741 2757 ήρτῆ

2198 2774 2320 2829 σθαι
2354 2778 2648 2848 σωμάτων’
2684 2776 3008 2831 είλίσσεσθαι
3040 2779 3145 2850 γὰρ
3187 2779 3314 2849 περὶ
3354 2777 3452 2849 τὴν
3500 2778 3611 2830 τῶν
3660 2779 3765 2831 δώ-

2196 2867 2319 2923 δεκα
2356 2866 2557 2932 ζωδίων
2590 2865 2748 2935 φύσιν
2782 2866 2915 2935 φασὶ
2970 2868 3095 2931 τοὺς
3128 2869 3382 2940 ἀστέρας,
3428 2868 3764 2939 ἑλκομένους

2195 2955 2288 3008 τοῦ
2330 2953 2590 3019 ζωδιακοῦ
2621 2954 2819 3008 κύκλου
2857 2958 2922 3026 τῇ
2964 2957 3123 3027 φορᾷ,
3150 2956 3225 3020 ὡς
3258 2956 3351 3010 καὶ
3385 2956 3474 3009 διὰ
3508 2961 3763 3029 συγκρά-

2198 3061 2333 3108 σεως
2369 3044 2545 3097 αὐτῶν
2593 3045 2816 3117 ὁρᾶσθαι
2845 3046 2912 3100 τά
2955 3047 3316 3101 ἀποϐαίνοντα
3350 3047 3587 3114 πολλοῖς,
3615 3050 3764 3103 κατά

2193 3135 2291 3197 τὰς
2337 3136 2473 3206 πρὸς
2501 3135 2759 3207 ἀλλήλους
2786 3137 2967 3191 αὐτῶν
3020 3140 3309 3208 συναφείας
3347 3156 3406 3192 τε
3447 3139 3540 3193 καὶ
3581 3141 3765 3213 ἀπορ-

2194 3227 2363 3297 ροίας,
2390 3228 2649 3292 ἀνατολάς
2679 3246 2737 3282 τε
2767 3228 2859 3282 καὶ
2888 3228 3083 3293 δύσεις.

2259 3409 2609 3483 Σφαιροειδὴς
2661 3408 2768 3482 γὰρ
2815 3409 3072 3481 ὑπάρχων
3119 3411 3147 3464 6
3194 3411 3301 3474 πᾶς
3338 3410 3566 3483 οὐρανὸς
3593 3455 3605 3474 ,
3660 3415 3761 3465 καὶ

2191 3503 2400 3577 κέντρῳ
2453 3504 2546 3557 καὶ
2587 3503 2794 3574 σημείῳ
2839 3505 2958 3556 κατ’
2998 3504 3192 3567 αὐτοὺς
3228 3507 3294 3575 τῇ
3338 3507 3408 3575 γῇ
3451 3503 3756 3576 χρώμενος,

2192 3595 2279 3649 διὰ
2302 3595 2361 3647 τὸ
2384 3595 2559 3657 πάσας
2597 3594 2701 3647 ἀπὸ
2730 3594 2825 3665 τῆς
2862 3595 3213 3667 περιφερείας
3239 3596 3344 3667 (50)
3384 3595 3483 3659 τὰς
3517 3613 3756 3667 προσπι-

2197 3689 2433 3751 πτούσας
2479 3686 2693 3751 ἐὐθείας
2736 3689 2827 3741 ἐπὶ
2855 3688 2952 3759 τὴν
2986 3689 3090 3760 γῆν
3128 3691 3245 3754 ἴσας
3287 3689 3545 3761 ἀλλήλαις
3590 3686 3756 3759 εἶναι,

2200 3783 2306 3837 ἀπὸ
2330 3780 2438 3835 τῶν
2475 3779 2831 3851 περιεχόντων
2860 3780 3022 3834 αὑτὸν
3070 3781 3348 3853 διακρατεῖ
3395 3781 3613 3835 κύκλων
3634 3801 3648 3813 ⁸
3682 3778 3758 3838 ὧν

2203 3871 2402 3943 μείζων
2457 3871 2553 3942 μὲν
2596 3871 2624 3922 6
2677 3870 3037 3942 μεσημερινὺς
3079 3870 3257 3924 δοκεῖ·
3294 3872 3386 3925 καὶ
3429 3871 3680 3946 δεύτερος
3728 3876 3757 3926 6

2195 3965 2274 4026 είς
2307 3963 2395 4016 ἴσα
2422 3963 2630 4031 τέμνων
2666 3962 2825 4032 μέρη,
2857 3961 3185 4031 καλούμενος
3217 3963 3411 4034 ὁρίζων
3432 3980 3446 3994 ’
3482 3966 3669 4035 τρίτος
3699 3966 3758 4018 δὲ

2196 4057 2225 4109 6
2262 4056 2479 4117 τούτους
2520 4051 2830 4122 ὲπιδιαιρῶν
2870 4052 3204 4124 ίσημερινὸςο
3252 4055 3382 4125 παρ’
3424 4054 3676 4126 ἑκάτερα·
3700 4056 3757 4108 δὲ

2196 4146 2382 4200 τούτου
2429 4145 2676 4217 τροτιεικο)⁸
2709 4143 2821 4207 δύο,
2852 4143 3058 4215 θερινὸς
3096 4145 3190 4197 καὶ
3217 4145 3554 4215 χειμερινόςο
3600 4147 3696 4199 καὶ
3728 4148 3757 4199 6

2200 4237 2296 4308 μὲν
2342 4236 2476 4307 πρὸς
2521 4237 2630 4298 τοῖς
2661 4232 2921 4304 ἀρκτίοις,
2948 4237 2975 4287 6
3015 4234 3072 4288 δὲ
3097 4235 3235 4306 πρὸς
3279 4237 3389 4299 τοίς
3420 4236 3617 4299 νοτίοις
3665 4237 3760 4307 μὲ-

2199 4342 2333 4397 ρεσι.
2353 4326 2566 4381 Τούτων
2581 4327 2610 4379 6
2628 4325 2914 4396 λεγόμενος
2929 4323 3090 4392 ἄξων,
3108 4325 3236 4396 περὶ
3261 4325 3319 4380 ὃν
3343 4326 3484 4381 αἵτε
3506 4327 3756 4399 Ἀρκτοι,

542 4596 687 4678 enim
706 4604 857 4678 certe
887 4613 1089 4678 sensus
1109 4596 1363 4678 postulat,
1391 4594 1742 4678 habebatque.
1760 4590 1879 4648 Vat.
1907 4600 1959 4678 et
1986 4602 2099 4678 red-
2129 4607 2172 4666 ι)
2199 4596 2542 4678 συνέστηκεν,
2576 4598 2644 4678 ad
2676 4599 2908 4678 alterum
2934 4598 3077 4669 quod
3105 4614 3233 4678 mox
3262 4596 3755 4678 subsequitur,_in-

544 4666 680 4737 didit
706 4666 1008 4737 Possinin‘s,
1043 4664 1148 4724 etsi
1179 4668 1338 4737 loogo
1373 4668 1662 4720 verborum
1694 4664 2091 4737 circumductu,

546 4736 680 4788 nihil
710 4736 829 4806 ipso
858 4740 1184 4793 necessario.
1220 4733 1418 4791 Aliatio
1448 4750 1579 4790 vero
1613 4736 1706 4806 qui
1734 4733 1992 4804 γηγενοῦς
2021 4734 2095 4788 le-

584 4813 658 4876 at,
681 4804 797 4857 ἀντὶ
818 4807 909 4860 τοῦ
930 4808 1177 4876 γηγενές,
1204 4806 1511 4862 contrarius
1539 4804 1760 4860 omnino
1779 4819 1970 4859 sensus
1991 4813 2093 4869 est,

608 4875 700 4927 iliil
719 4875 1188 4932 rerumcuelestium
1214 4877 1428 4931 terrenis
1455 4892 1566 4930 esse
1593 4875 1869 4944 pretiosius
1888 4883 1977 4927 aut
1998 4892 2096 4927 an-

546 4945 776 5016 tiquius;
809 4949 952 5016 quod
986 4948 1169 5003 nescio
1201 4963 1269 5001 an
1303 4948 1394 5001 ulli
1426 4942 1701 5015 sapientiae
1735 4942 1891 5016 laude
1917 4944 2093 5012 aliqua

545 5015 750 5071 Graecis
781 5015 1049 5072 celebrato
1083 5018 1141 5071 in
1180 5026 1413 5071 mentem
1457 5017 1682 5077 venerit,
1718 5023 1810 5068 aut
1849 5015 1922 5067 ita
1955 5016 2093 5069 scri-

542 5086 735 5156 pserit.
763 5085 921 5141 Certe
948 5104 1054 5141 non
1076 5085 1309 5151 Platoni,
1339 5102 1446 5140 non
1473 5086 1743 5140 Aristoteli
1772 5084 1958 5156 aliisve
1984 5085 2097 5154 phi-

545 5154 825 5225 losophis;
858 5172 956 5211 nec
985 5172 1081 5226 par
1124 5156 1355 5218 videtur,
1393 5156 1494 5226 levi
1545 5159 1627 5210 vel
1673 5154 1966 5224 antiquarii
2008 5156 2091 5208 vel

540 5224 902 5281 exsc’ribentis
933 5224 1107 5295 lapsu,
1142 5235 1236 5279 aut
1266 5226 1422 5278 etiam
1450 5224 1673 5295 fallente
1694 5226 1872 5285 oculo,
1898 5226 1952 5278 in
1981 5233 2090 5295 tam

544 5297 700 5350 devia
723 5294 1071 5365 interpretem
1099 5296 1207 5365 agi,
1237 5306 1329 5347 aut
1350 5310 1410 5350 ea
1433 5296 1639 5364 magnis
1657 5294 1907 5365 Patribus
1928 5294 2094 5349 ascri-

544 5365 670 5420 bere
698 5382 818 5437 qua:
844 5364 1003 5437 nemo
1022 5379 1169 5420 sanae
1189 5364 2087 5437 mentissomniaverit.Conseris.

612 5431 733 5506 (ξθῖ
769 5439 828 5488 Ὃ
861 5435 938 5505 δὴ
972 5437 1294 5506 suum}.
1320 5451 1370 5487 τ.
1397 5433 1445 5487 λ.
1489 5431 1755 5506 Suppleta
1784 5436 1871 5488 hic
1907 5435 2092 5506 mutila

542 5503 864 5560 cx'Leontio
894 5503 948 5562 et
969 5504 1178 5560 Joanne
1205 5503 1396 5557 Rerum
1428 5520 1699 5557 sacrarum
1730 5505 1820 5558 lib.
1858 5520 1912 5558 Il.
1950 5504 2095 5556 Alla-

547 5574 653 5646 tius
672 5584 725 5646 et
738 5575 1021 5632 Possinius
1039 5592 1105 5631 ex
1127 5572 1421 5646 cod._Yat.,
1446 5576 1762 5646 περιφέρεια
1779 5573 2091 5646 συνέστηκε,

549 5643 719 5719 agat-:6
744 5648 857 5698 κατ’
876 5648 1054 5719 ,αὐτὴν
1080 5645 1230 5716 χάος.
1253 5642 1528 5698 Nimirum
1548 5642 1801 5719 librarius
1829 5644 1975 5696 illius
2001 5657 2094 5719 eo-

542 5706 688 5791 'dicis
714 5706 1032 5787 exscriptor',
1069 5706 1258 5773 oculos
1298 5723 1615 5773 convertens
1657 5731 1685 5767 a
1716 5716 1896 5783 priore
1926 5713 2092 5767 verbo

2198 4665 2455 4748 ter-media
2481 4670 2768 4750 prasteriit.‘
2789 4665 3043 4750 Idemque
3068 4669 3257 4723 vitium
3293 4669 3347 4722 in
3376 4665 3621 4750 codicem
3645 4665 3758 4747 hia-

2195 4738 2534 4809 zarmianum
2583 4739 2877 4809 irrepsisse,
2907 4736 3119 4809 videtur
3151 4757 3164 4793 :
3193 4754 3368 4809 neque
3410 4738 3554 4793 enim
3592 4736 3760 4806 hujus

2195 4806 2506 4878 omissionis
2531 4806 2772 4878 meminit
2800 4808 2975 4863 editor
3006 4806 3299 4878 Luparens.
3325 4806 3404 4862 In.

2268 4875 2377 4945 (50)
2419 4877 2552 4929 Ἀπὸ
2574 4877 2678 4944 τῆς
2699 4875 3103 4946 περιφερείαςῖ
3118 4878 3181 4931 Ει
3199 4879 3286 4932 hic
3313 4876 3652 4946 ineptissime
3673 4894 3758 4930 πε-

2199 4948 2425 5016 ριφορᾶς
2454 4957 2604 5018 erat,
2624 4948 2861 5016 mihique
2896 4950 3212 5002 mutandum
3236 4949 3466 5018 indulsi:
3496 4948 3760 5018 graviori-

2196 5032 2302 5084 que
2319 5017 2512 5089 mendo
2528 5017 2756 5072 Allatius
2781 5019 2958 5081 πάσας
2985 5018 3082 5082 τὰς
3105 5017 3423 5089 περιφοράς,
3447 5017 3589 5089 οελεί
3616 5033 3764 5088 περι-

2199 5082 2359 5157 φοραί
2390 5086 2543 5140 linea:
2567 5095 2770 5149 essent,
2797 5103 2915 5156 quae
2939 5090 3017 5142 sic
3045 5082 3203 5142 recta":
3226 5082 3465 5157 aequales
3490 5086 3623 5152 sint,
3651 5082 3759 5140 non

2199 5156 2491 5226 circulares
2523 5157 2622 5224 ipsr
2652 5168 2829 5212 motus
2851 5166 2903 5212 et
2935 5157 3183 5212 lationes.
3222 5156 3305 5210 Ex’
3328 5173 3392 5211 eo
3423 5157 3588 5226 igitur
3616 5157 3761 5225 quod

2199 5225 2283 5295 sic
2313 5226 2458 5278 circa
2492 5234 2688 5280 terram
2720 5237 2777 5280 ut
2811 5236 3051 5281 centrum
3082 5228 3277 5281 ccelum
3314 5225 3475 5281 omne
3504 5228 3759 5287 volvitur,

2198 5292 2556 5366 c‘ujusineam
2581 5304 2638 5349 ut
2656 5297 2724 5350 ad
2755 5306 2999 5351 centrum
3018 5299 3251 5366 aequales
3273 5298 3383 5351 sint
3399 5297 3573 5366 lineae,
3600 5304 3763 5365 atque

2199 5363 2335 5439 adeo
2359 5364 2674 5439 inﬂuentize,
2697 5366 2812 5439 ἀπὸ
2838 5367 2951 5439 τῶν.
2976 5363 3332 5439 περιεχόντων
3354 5366 3514 5439 αὑτὸν
3534 5363 3762 5439 διακρα-

2199 5437 2284 5486 τεῖ
2309 5434 2517 5489 κύκλων
2547 5436 2713 5506 (quod
2740 5436 2916 5505 ipsum
2940 5436 3010 5489 ita
3037 5434 3319 5491 emendavi
3350 5436 3477 5506 ὑπό)
3508 5434 3758 5506 continet,

2202 5506 2526 5575 dominatur,
2551 5504 2840 5575 iitﬂueniiis
2863 5507 3011 5575 regit,
3034 5523 3065 5559 a
3086 5506 3297 5559 circulis
3327 5504 3497 5573 ipsum
3527 5504 3764 5557 ambien-

2199 5574 2378 5644 tibus:
2404 5589 2525 5644 qua:
2558 5574 3060 5629 mathematicOrum
3099 5575 3346 5629 doctrina
3394 5582 3504 5628 tam
3552 5574 3766 5629 erudite

2200 5642 2471 5716 Methodio
2506 5644 2794 5716 explicata,
2844 5659 3004 5716 quam
3057 5647 3255 5702 misere
3285 5644 3550 5699 Vaticano
3593 5646 3764 5701 inter-

2199 5714 2336 5785 preti
2365 5714 2655 5784 discerpta.
2698 5715 2770 5769 In.
2864 5714 2874 5716 ⁷
3770 5726 3778 5740 '
