4056 6302
262 375 374 440 165
1315 393 1691 454 CONVIVIUM
1729 398 1788 453 D]

1885 399 1954 456 ΕΜ
1995 398 2348 463 νικριΝυΜ.
3369 422 3473 476 166

254 505 288 558 ὃ
335 522 394 558 τε
433 505 691 578 ἀρκτικὸς
724 509 921 576 ἔξωθεν
972 511 1106 583 ἔχων
1160 514 1252 567 τὸν
1295 519 1568 588 τροπικόν.
1620 519 1724 574 Καὶ
1769 539 1788 574 c

1885 526 2157 594 Lpertinet
2204 529 2295 597 qui
2353 530 2471 584 axis
2517 531 2733 598 dicitur,
2765 533 2910 589 circa
2963 552 3120 606 quem
3153 546 3472 610 torquentur

259 595 364 666 μὲν
401 599 643 670 Ἀρκτοι,
690 603 816 674 περὶ
845 603 1011 666 αὐτὰς
1041 605 1394 676 στρεφόμεναι
1426 609 1519 661 καὶ
1542 608 1788 680 βρίθουσα

1923 613 2076 671 Ursae
2107 634 2170 672 ac
2199 621 2436 676 circulus
2473 625 2730 690 arcticus,
2761 634 2914 681 extra
2949 644 3106 698 quem
3147 637 3358 699 positus
3390 641 3472 686 est

239 688 352 741 κτὸν
381 689 467 743 διὰ
502 691 610 745 τῶν
644 694 817 748 πόλων
858 694 1040 760 ἄξονα,
1071 697 1169 768 τὴν
1215 699 1308 751 τοῦ
1347 701 1548 764 παντὸς
1578 704 1788 775 ἀπεργά

1921 708 2181 775 tropicus.
2218 709 2284 763 Et
2326 710 2474 766 Ursae
2507 688 2724 783 quidem
2779 732 2901 773 sese
2944 688 3305 791 mutuo'gyro
3349 737 3468 792 pero

253 777 444 843 ζονται
488 783 700 855 κίνησιν
750 786 950 856 κόσμου
974 827 988 852 ,
1050 789 1190 843 κατὰ
1231 791 1327 854 τὰς
1371 791 1612 864 ἀλλήλων
1668 793 1788 858 ίξύαχ

1919 806 2082 868 petuo
2117 810 2429 871 sequentes,
2468 808 2627 875 quasi
2678 809 2889 877 pondus
2935 812 3074 865 mole
3119 828 3216 867 sua
3263 823 3468 868 motum

255 870 482 940 ἔχουσαι
515 875 612 939 τὰς
649 877 906 946 κεφαλὰς,
941 881 1035 934 καὶ
1087 882 1340 954 άχραντοι
1372 886 1464 939 τοῦ
1508 887 1628 941 καθ’
1671 890 1788 960 ὴμᾶη

1917 891 2036 945 orbi
2094 894 2350 950 universo
2404 897 2740 967 imprimunt,
2795 901 2950 970 cujus
3004 905 3148 957 velut
3203 906 3470 974 gravitate

255 963 531 1034 ὁρίζοντος
563 963 736 1022 οὖσαι.

1916 983 2062 1040 circa
2097 986 2277 1056 polum
2308 1003 2568 1060 axemque
2593 1003 2803 1049 rotatur
2832 1015 2844 1049 :
2871 1013 3063 1066 nempe
3098 999 3287 1064 altera,
3313 999 3467 1068 juxta

255 1060 484 1117 alterius
513 1063 628 1130 ilia,
656 1067 832 1135 capita
875 1067 1137 1125 habentes
1163 1087 1177 1136 ;
1213 1071 1434 1127 intaetae
1461 1087 1613 1144 aeque
1639 1075 1808 1131 ambae
1837 1092 1868 1133 a
1901 1080 2224 1149 pervadente
2247 1083 2432 1138 orbem
2456 1086 2542 1139 cui
2568 1102 2669 1141 nos
2721 1087 3042 1156 insistimus,
3096 1092 3303 1147 circulo
3351 1093 3468 1146 ﬁni-

251 1161 398 1212 tore.

329 1250 435 1304 Τὸν
463 1253 722 1318 ζωδιακὸν
744 1256 799 1308 δὲ
832 1257 1045 1313 πάντων
1076 1261 1409 1329 ἐφάπτεσθαι
1438 1265 1545 1318 τῶν
1572 1267 1804 1332 κύκλων,

246 1339 415 1413 λοξὴν
457 1347 768 1418 ποιούμενον
815 1351 912 1423 τὴν
965 1353 1202 1425 κίνησιν·
1257 1352 1396 1410 εἷναί
1443 1376 1501 1411 τε
1550 1362 1606 1413 ἐν
1661 1361 1806 1432 αὐτῷ

249 1433 464 1497 ζωδίων
493 1439 737 1510 ἀριθμὸν,
767 1443 802 1497 ἃ
833 1444 1073 1499 καλεῖται
1107 1447 1547 1522 δωδεκατημόρια
1581 1450 1802 1517 δώδεκα,

245 1527 364 1580 ἀπὸ
411 1529 578 1600 Κριοῦ
602 1531 698 1602 τὴν
739 1533 912 1607 ἀρχὴν
947 1537 1136 1608 ἔχοντα
1169 1541 1327 1612 μέχρι
1362 1543 1467 1596 τῶν
1507 1545 1742 1616 Ἰχθύων,
1772 1546 1808 1600 ἃ

249 1620 668 1703 κατηστερίσθαι
721 1630 1043 1698 παριστᾶσιν
1094 1631 1375 1703 ἐχεμύθοις
1437 1636 1665 1700 αἰτίαις’
1715 1637 1806 1693 τὸν

1978 1265 2095 1322 Jam
2148 1267 2421 1324 zodiacum
2457 1287 2553 1342 per
2578 1288 2767 1329 omnes
2807 1290 2864 1330 se
2892 1278 3168 1348 porrigere
3193 1285 3464 1350 circulos,

1909 1372 2109 1427 eosque
2141 1359 2386 1428 amplexu
2415 1363 2744 1431 contingere,
2768 1365 2986 1434 obliquo
3010 1368 3114 1422 late
3139 1378 3318 1425 meatu
3339 1389 3466 1444 pro-

1910 1449 2186 1504 cedentem
2219 1469 2232 1504 :
2277 1465 2504 1521 esseque
2538 1453 2590 1507 in
2627 1455 2716 1508 illo
2742 1455 3058 1510 animalium
3089 1458 3330 1531 insignes
3353 1462 3464 1518 for-

1909 1554 2048 1606 mas,
2077 1556 2195 1610 quaa
2227 1542 2378 1612 signa
2403 1544 2688 1598 duodecim
2734 1555 3013 1612 vocantur,
3051 1549 3116 1602 ab
3158 1551 3337 1607 Ariete
3361 1554 3464 1608 du-

1907 1638 1994 1686 cto
2024 1632 2290 1703 principio
2313 1635 2366 1687 in
2390 1633 2572 1690 Pisces
2603 1637 2904 1692 desinentia
2933 1659 2945 1692 :
2997 1655 3116 1709 quae
3137 1641 3190 1695 in
3223 1643 3461 1699 siderum

253 1701 363 1777 μὲν
386 1711 550 1779 Κριὸν
578 1714 872 1783 φάσκοντες
893 1721 982 1774 τὸν
1008 1722 1106 1793 τὴν
1136 1701 1332 1798 Ἕλλην
1360 1722 1498 1780 εἶναι
1521 1729 1618 1799 τὴν
1656 1729 1788 1784 Ἀθά

1904 1724 2210 1792 pervenisse
2231 1740 2452 1780 censum
2479 1734 2721 1795 narrant,
2743 1727 3001 1784 fabulosis
3021 1746 3086 1784 ex
3102 1733 3305 1786 causis.
3325 1732 3457 1787 Nam

255 1816 456 1869 μαντος
486 1802 868 1876 διακομίσαντα
897 1813 990 1865 καὶ
1015 1813 1218 1885 Φρύξον
1264 1819 1343 1881 εἰς
1383 1819 1610 1882 Σκύθας·
1643 1823 1704 1874 τὸ
1748 1823 1788 1876 δε

1902 1813 2137 1869 Arietem
2173 1817 2322 1870 illum
2363 1817 2538 1886 ipsum
2580 1834 2701 1874 esse
2746 1820 2898 1874 aiunt
2931 1822 3021 1891 qui
3058 1821 3244 1878 Hellen
3291 1825 3463 1879 Atha«

251 1889 554 1962 Βούκρανον
585 1898 664 1960 εἰς
690 1899 850 1971 τιμὴν
881 1903 1020 1966 Διὸς,
1052 1905 1144 1958 τοῦ
1173 1907 1268 1978 τὴν
1295 1909 1562 1980 Εὐρώπην
1590 1912 1633 1962 Τ
1637 1912 1788 1983 αύροι

1905 1905 2102 1960 mantis
2147 1906 2306 1960 filiam
2335 1923 2458 1960 cum
2505 1909 2719 1980 Phryxo
2745 1927 2838 1982 per
2868 1889 3024 1967 Ponti
3053 1913 3247 1970 fretum
3278 1919 3469 1973 trans—'

248 1982 741 2055 διαπεραιώσαντος
772 1994 849 2055 είς
877 1993 972 2065 τὴν
1002 1998 1253 2069 Κρήτην·
1287 2001 1377 2053 καὶ
1413 2002 1504 2055 τὸν
1537 1982 1802 2074 καλούμε-

246 2090 338 2127 νον
368 2076 424 2129 δὲ
453 2079 714 2145 Γαλαξίαν
743 2083 958 2148 κύκλον,
997 2087 1055 2150 ὃς
1084 2090 1181 2160 τὴν
1214 2091 1386 2161 ἀρχὴν
1431 2092 1538 2146 ἀπὸ
1563 2094 1654 2148 τοῦ
1681 2112 1802 2150 συν-

245 2166 446 2240 δέσμου
493 2172 598 2225 τῶν
651 2175 867 2245 Ἰχθύων
897 2177 988 2230 ἐπὶ
1032 2179 1122 2232 τὸν
1159 2181 1326 2252 Κριὸν
1368 2187 1530 2248 ποιεῖ,
1561 2185 1667 2238 ἀπὸ
1693 2187 1799 2240 τῶν

243 2253 345 2323 τῆς
385 2257 559 2329 ’Ἥρας
607 2261 791 2329 μαζῶν
835 2263 1089 2334 Ἡρακλεῖ
1121 2268 1453 2339 προχῦθῆναι
1485 2271 1638 2340 λόγος
1676 2275 1796 2340 Διὸς

239 2349 456 2412 παγαῖς.
497 2349 652 2404 Ὥστε
684 2352 802 2424 κατ’
833 2355 1026 2420 αὐτοὺς
1057 2357 1162 2428 πρὸ
1186 2359 1283 2428 τῆς
1307 2361 1572 2433 Εὐρώπης
1599 2364 1631 2434 ἢ
1657 2365 1795 2434 Φρύ-

249 2432 363 2499 Eon,
403 2438 494 2490 καὶ
541 2444 650 2494 τοῖν
693 2443 1048 2516 Διοσκούροιν,
1080 2449 1172 2501 καὶ
1204 2448 1312 2502 τῶν
1355 2450 1524 2505 ἄλλων
1567 2452 1789 2520 ζωδίων,

246 2521 357 2575 τῶν
393 2524 450 2590 ἐξ
503 2527 796 2596 ἀνθρώπων
859 2535 952 2586 καὶ
1000 2535 1179 2607 θηρῶν
1243 2543 1789 2612 καταστερισθέντων,

247 2614 404 2670 οῦπω
455 2620 661 2687 γένεσις
706 2619 804 2695 ἦν·
850 2627 983 2681 ἀλλὰ
1039 2631 1204 2702 χωρὶς
1259 2634 1520 2701 γενέσεως
1565 2636 1793 2691 ἐϐίωσαν

249 2708 405 2797 ημῶν
437 2711 484 2762 οί
523 2711 877 2786 παλαιότεροι.
923 2719 1319 2792 Ἐπιχειρητέον
1351 2725 1457 2796 γὰρ
1502 2727 1696 2797 μήπως
1733 2729 1794 2781 τὸ

245 2795 434 2889 ψεῦδος
487 2803 811 2876 ἰσχύσωμεν,
854 2808 1038 2881 ὥσπερ
1093 2813 1280 2885 ἰατροὶ,
1324 2795 1631 2889 φαρμάκοις
1681 2821 1788 2875 τῶν

245 2886 416 2955 λόγων
444 2893 809 2963 ἀμϐλύναντες
826 2900 1084 2972 ἰατρικοῖς
1105 2903 1312 2972 σϐέσαι,
1491 2912 1782 2968 σκοποῦσαι

241 2979 337 3051 τὴν
370 2981 637 3054 ἀλήθειαν.

1906 1997 2051 2050 vexit
2100 2000 2166 2051 ad
2225 1999 2472 2069 Scythas.
2519 2000 2683 2055 Tauri
2715 2012 2912 2072 caput,
2945 2004 3093 2060 Jovis
3132 2010 3303 2077 gratia
3332 2012 3456 2064 coeli

1906 2087 2113 2143 honore
2160 2103 2223 2144 ac
2268 2093 2498 2147 statione
2545 2093 2801 2147 donatum
2839 2135 2852 2158 ,
2890 2098 3034 2166 quod
3073 2099 3119 2154 is
3163 2100 3252 2153 illa
3285 2101 3456 2156 forma

1904 2174 2153 2251 Europen
2188 2182 2241 2235 in
2271 2181 2487 2237 Cretam
2519 2186 2807 2253 trajecerit.
2831 2187 3088 2242 Lacteum
3116 2207 3332 2261 quoque
3351 2195 3458 2247 cir-

1901 2273 2083 2326 culum
2120 2273 2330 2328 initium
2365 2274 2650 2330 ducentem
2679 2293 2707 2330 a
2731 2278 2873 2332 nodo
2900 2279 3158 2347 Piscium,
3180 2282 3308 2336 hinc
3337 2300 3457 2339 sese

1899 2363 2134 2420 Arietem
2181 2383 2372 2422 versus
2418 2370 2800 2438 porrigentem,
2846 2385 2876 2423 a
2923 2371 3151 2426 Junonis
3197 2373 3455 2430 uberibus

1899 2457 2186 2511 candorem
2243 2459 2441 2513 habere
2483 2468 2804 2525 memorant,
2847 2477 2971 2514 cum
3020 2464 3133 2516 haec
3170 2461 3454 2518 Herculem

1899 2547 2100 2603 lactare
2121 2548 2271 2604 Jovis
2307 2551 2551 2620 imperiis
2584 2551 2772 2605 adacta
2801 2560 2963 2608 esset.
3001 2552 3184 2623 Itaque
3201 2554 3356 2624 juxta
3383 2557 3451 2608 il-

1899 2639 1998 2704 los,
2043 2648 2167 2695 ante
2201 2641 2452 2712 Europen
2477 2650 2529 2697 ct
2553 2643 2824 2714 Phryxum
2852 2653 2904 2699 et
2931 2645 3206 2709 Castores,
3239 2647 3453 2718 aliaque

1900 2739 2086 2801 postea
2118 2733 2172 2786 in
2216 2734 2498 2788 zodiacum
2520 2751 2586 2788 ex
2617 2735 2924 2790 hominibus
2953 2745 3045 2790 aut
3089 2738 3276 2793 bestiis
3320 2754 3452 2794 con-

1897 2824 2129 2890 stellata,
2164 2826 2312 2880 nulla
2345 2826 2520 2880 adhuc
2552 2835 2668 2881 erat
2696 2829 2892 2883 natalis
2913 2827 3174 2896 fatalitas;
3229 2838 3283 2885 et
3333 2832 3450 2886 sine

1891 2911 2108 2969 fortuna
2164 2916 2423 2970 nascendi
2461 2915 2709 2971 vixerunt
2743 2918 2900 2988 primi
2944 2919 3018 2971 illi
3053 2920 3225 2974 nostri
3257 2935 3450 2997 proge-

1886 3007 2109 3064 nitores.
2138 3008 2332 3075 Quaeso
2361 3010 2526 3075 enim,
2551 3012 2884 3080 argumentis
2913 3019 3201 3075 tentemus,
3245 3009 3289 3066 si
3335 3026 3460 3080 qup-

245 3073 403 3127 modo
432 3074 936 3136 liceatmedicorum
972 3097 1122 3139 more
1151 3085 1458 3144 salubribus
1496 3104 1806 3148 sermonum
1843 3098 2120 3163 remediis,
2171 3099 2437 3154 mendacii
2499 3099 2607 3152 vim
2665 3114 3030 3170 compressam
3064 3102 3443 3170 exstinguere,

246 3166 368 3221 hinc
395 3167 505 3224 fere
531 3170 838 3229 adoriendo.

245 3282 366 3340 CAP.
391 3285 504 3342 XV.
536 3289 850 3358 Argumenta
881 3311 912 3347 a
943 3293 1045 3364 fati
1085 3304 1137 3350 et
1175 3314 1416 3370 geneseos
1446 3303 1692 3424 nguitate.
1725 3304 1955 3360 Aureum
1986 3321 2165 3429 genus,
2201 3286 2361 3374 prisci
2396 3306 2648 3360 homines.
2677 3307 2999 3379 Arg‘umenta
3030 3306 3280 3360 adversus
3324 3325 3442 3362 ma-

1455 3383 1472 3426 t
1509 3377 1776 3429 ematicos.
1808 3393 1934 3429 sane
1974 3377 2074 3429 soi
2112 3394 2166 3429 a.

1455 3377 1776 3440 thematicos,
1808 3393 1934 3430 sane
1974 3377 2166 3430 solida.

307 3475 369 3529 Εί
395 3480 642 3548 κρεῖσσον
667 3476 734 3551 ἦν
765 3483 824 3535 τὸ
856 3485 960 3538 ὑπὸ
988 3485 1196 3554 γένεσιν
1225 3483 1360 3542 εἶναι
1405 3493 1530 3554 τοὺς
1579 3492 1785 3565 ἀνθρὼ-

1961 3494 2016 3548 Si
2048 3494 2240 3550 melius
2274 3503 2408 3562 erat,
2445 3511 2478 3550 o
2509 3494 2719 3560 miseri,
2745 3495 2897 3549 nasci
2917 3495 3162 3551 homines
3195 3497 3442 3554 subditos

245 3584 390 3634 πους,
437 3565 482 3624 ὧ
530 3573 781 3641 σχέτλιοι,
815 3575 908 3628 τοῦ
958 3578 1030 3648 μὴ
1067 3575 1224 3644 εἶναι,
1253 3582 1319 3635 δι’
1354 3583 1419 3654 ἢν
1458 3586 1635 3639 αἰτίαν
1683 3588 1784 3640 οὐκ

241 3659 480 3726 αὐτόθεν,
532 3663 622 3731 ἀφ’
669 3659 839 3734 οὗπερ
877 3665 976 3733 ἔφυ
1024 3668 1083 3721 τὸ
1125 3669 1277 3737 γένος
1305 3673 1413 3726 τῶν
1464 3675 1780 3746 ἀνθρώπων,

243 3751 449 3818 γένεσις
478 3751 574 3823 ἧνς
602 3754 665 3805 Ei
700 3754 755 3806 δέ
784 3751 873 3826 ἦν,
907 3757 989 3820 τίς
1017 3760 1050 3829 ἡ
1079 3761 1234 3832 χρεία
1257 3760 1362 3812 τῶν
1385 3758 1640 3826 ὑπόγυιον
1659 3777 1780 3813 κατ-

239 3845 660 3917 αστερισθέντων
683 3889 697 3913 ,
748 3847 991 3912 Λέοντος,
1025 3851 1318 3921 Καρκίνου,
1349 3853 1610 3924 Διδύμων,
1635 3859 1782 3929 Παρ-

241 3929 406 4000 θένου,
453 3933 684 4006 Ταύρου,
736 3939 928 4008 Ζυγοῦ,
969 3942 1254 4012 Σκορπίου,
1304 3946 1494 4015 Κριοῦ,
1534 3949 1776 4016 Τοξότου,

255 4021 480 4093 Ἰχθύων,
530 4026 825 4099 Αίγόκερω,
874 4031 1174 4103 Ὑδροχόου,
1226 4036 1492 4108 Περσέως,
1543 4041 1780 4094 Κασσιο-

247 4116 409 4180 πείας,
438 4121 691 4190 Κηφέως,
725 4123 998 4193 Πηγάσου,
1037 4127 1256 4198 “Υδρου,
1310 4130 1576 4202 Κόρακος,
1630 4135 1779 4205 Κρα-

241 4207 410 4278 τῆρος,
452 4211 654 4283 Δύρας,
706 4216 1021 4286 Δράκοντος,
1073 4222 1166 4272 καὶ
1214 4221 1321 4274 τῶν
1367 4223 1559 4287 ἄλλων,
1595 4225 1651 4292 ἐξ
1701 4219 1775 4280 ὧν

247 4298 532 4369 εἰσηγεῖσθε
562 4307 1074 4377 κατακοσμηθέντας
1115 4311 1240 4376 τοὺς
1274 4312 1499 4378 πολλοὺς
1527 4316 1777 4388 ,κατειλη-

247 4389 386 4457 φέναι
431 4393 527 4465 τὴν
571 4393 949 4467 μαθηματικὴν
999 4398 1219 4469 ταύτην,
1272 4401 1468 4472 μᾶλλον
1509 4404 1565 4457 δὲ
1612 4423 1776 4460 κατα-

245 4478 522 4554 θεματικὴν
560 4484 895 4555 πρόγνωσιν;
941 4487 1096 4542 Ἤτοι
1125 4484 1216 4542 οὖν
1269 4491 1362 4544 καὶ
1411 4493 1630 4547 ἐπὶτῶν
1678 4495 1774 4564 ἒμ-

249 4572 459 4641 προσθεν
487 4574 696 4645 γένεσις
720 4573 807 4648 ἦν,
833 4579 924 4631 καὶ
952 4579 1176 4650 μάταιος
1207 4582 1240 4652 ἡ
1269 4582 1468 4636 τούτων
1493 4584 1769 4649 σύστασις

250 4661 404 4732 ἢούκ
435 4661 514 4738 ἦν,
550 4669 642 4721 καὶ
690 4669 768 4732 είς
813 4671 908 4740 τὴν
960 4672 1245 4743 κρείσσονα
1302 4675 1629 4730 κατάστασιν
1679 4678 1772 4731 καὶ

251 4753 492 4828 διαγωγὴν
523 4761 550 4812 ό
578 4760 706 4825 Θεὸς
730 4763 818 4815 τὸν
854 4763 964 4832 βίον
994 4765 1308 4836 μετέστησε,
1334 4766 1440 4819 τῶν
1470 4767 1769 4839 ἔμπροσθεν

1884 3588 2051 3641 natali
2083 3587 2348 3652 fatalitati,
2368 3603 2529 3658 quam
2556 3588 2623 3642 ab
2652 3588 2743 3641 illa
2769 3587 2991 3654 liberos,
3015 3589 3203 3658 quidni
3235 3591 3302 3646 ab
3322 3591 3440 3660 ipso

1883 3679 2132 3749 protinus
2178 3679 2365 3743 initio,
2405 3694 2528 3733 cum
2569 3679 2803 3749 primum
2845 3681 3088 3734 homines
3115 3696 3235 3735 esse
3268 3697 3441 3752 coepe-

1880 3778 2028 3836 runt,
2081 3770 2276 3824 natalis
2325 3771 2415 3824 illa
2453 3770 2566 3839 jam
2612 3769 2846 3825 fatalitas
2885 3771 3025 3823 fuit?
3062 3771 3214 3836 Quod
3239 3773 3282 3826 si
3327 3774 3438 3841 jam

1881 3869 2030 3924 crat,
2064 3861 2191 3931 quid
2223 3862 2331 3916 illis
2363 3877 2532 3931 opus,
2559 3877 2680 3933 qua:
2721 3877 2866 3915 nunc
2900 3876 3089 3914 recens
3120 3861 3261 3915 inter
3292 3873 3437 3917 astra

1881 3953 2083 4010 relata:
2116 3951 2242 4017 Leo,
2263 3953 2488 4017 Cancer,
2511 3952 2746 4018 Gemini,
2769 3951 2952 4022 Virgo,
2986 3950 3220 4016 Taurus,
3252 3952 3432 4019 Libra,

1881 4039 2158 4110 Scorpius,
2187 4043 2364 4105 Aries,
2413 4043 2758 4112 Sagittarius,
2797 4042 3004 4105 Pisces,
3036 4041 3430 4111 Capricornus,

1877 4133 2173 4203 Aquarius,
2217 4133 2447 4190 Perseus
2467 4175 2481 4198 ,
2517 4135 2829 4204 Cassiopea,
2862 4135 3129 4204 Cepheus,
3156 4134 3430 4206 Pegasus,

1876 4223 2077 4298 Hydra,
2105 4227 2334 4292 Corvus,
2366 4227 2573 4290 Crater,
2610 4227 2769 4299 Lyra,
2796 4227 3000 4290 Draco,
3050 4238 3102 4282 et
3135 4228 3237 4281 alia
3282 4229 3430 4298 ejus-

1874 4317 2054 4381 modi,
2113 4333 2342 4387 quorum
2373 4320 2846 4374 observationibus
2887 4319 3130 4375 eruditos
3162 4336 3270 4374 non
3299 4337 3432 4390 pau-

1875 4421 1968 4461 cos
1995 4406 2201 4463 docetis
2231 4409 2663 4465 mathematicam
2699 4410 2856 4464 istam
2887 4410 3032 4482 (imo
3071 4412 3250 4481 potius
3284 4422 3431 4466 cata-

1872 4498 2212 4554 thematicam
2241 4500 2481 4572 dirisque
2501 4502 2753 4557 omnibus
2784 4502 3184 4573 devovendam)
3214 4519 3452 4573 pra-nor

1871 4591 2071 4647 tionem
2114 4602 2304 4649 nactos
2341 4596 2502 4650 esse?
2546 4595 2654 4647 Aut
2692 4595 2854 4666 igitur
2913 4597 3207 4665 primorum
3264 4597 3425 4651 etiam

1869 4685 2177 4738 mortalium
2221 4666 2336 4740 aevo
2364 4686 2560 4742 natalis
2589 4686 2702 4756 jam
2731 4695 2849 4741 erat
2879 4686 3143 4754 fatalitas;
3173 4688 3427 4758 proinde-

1870 4786 1972 4840 que
2017 4773 2222 4830 inutilis
2262 4775 2364 4829 fuit
2402 4777 2516 4832 haec
2547 4778 2863 4832 animalium
2894 4780 2948 4834 in
2975 4783 3143 4836 caelos
3169 4784 3374 4836 evectio
3406 4802 3422 4836 :

253 4847 445 4916 χείρονα
473 4849 770 4918 βιωσάντων
804 4855 1009 4924 χρόνον.
1057 4855 1215 4909 Ἀλλὰ
1261 4858 1536 4927 κρείττους
1578 4859 1627 4911 οί
1661 4875 1765 4911 πα-

1885 4869 1961 4915 nit
1983 4878 2111 4919 sane
2139 4880 2246 4919 non
2275 4875 2425 4931 erat,
2461 4855 2655 4938 resque
2714 4868 2857 4925 Deus
2908 4872 3171 4926 humanas
3217 4873 3425 4928 meliori

253 4933 491 5007 λαιότεροι
544 4939 650 4992 τῶν
703 4941 824 4994 νῦνο
875 4944 996 4997 ὃθεν
1049 4947 1142 5000 καὶ
1187 4946 1417 5018 χρυσοῦν
1466 4948 1764 5021 ἐκλήθησαν

255 5026 411 5093 γένος.
433 5029 534 5083 Οὐκ
561 5032 665 5105 ἄρα
689 5036 722 5106 ἡ
754 5034 982 5103 γένεσις.

1869 4960 2012 5007 statu
2037 4955 2265 5012 subinde
2289 4959 2536 5021 mutavit,
2569 4975 2633 5013 ac
2665 4963 2872 5031 potiore
2908 4965 3294 5035 gubernatione
3322 4972 3422 5023 do-

1872 5046 2051 5111 navit,
2101 5063 2225 5102 cum
2261 5049 2426 5118 prisci
2465 5052 2562 5105 aevi
2602 5052 2848 5110 homines
2868 5052 3322 5115 miserabiliorem
3351 5061 3426 5114 vi-

256 5127 352 5173 tam
393 5121 686 5186 duxissent,
735 5127 897 5198 Atqui
941 5130 1150 5185 lclicior
1189 5131 1401 5185 illorum
1446 5131 1576 5199 fuit,
1634 5147 1797 5204 quam
1851 5145 2038 5193 nostra
2083 5149 2338 5211 nepotum
2385 5144 2663 5199 conditio:
2715 5147 2857 5202 unde
2888 5157 2942 5203 ct
2980 5164 3203 5206 aureum
3253 5163 3425 5220 genus

256 5216 527 5271 audierunt.
552 5217 668 5276 Non
725 5237 853 5292 ergo
888 5232 970 5280 est
999 5227 1190 5281 natalis
1229 5228 1487 5283 fatalitas.

319 5305 371 5356 Εἰ
413 5307 438 5358 ό
475 5307 634 5378 ἥλιος,
681 5314 1029 5368 καθιππεύων
1075 5317 1200 5380 τοὺς
1249 5317 1478 5382 κύκλους
1514 5319 1624 5392 (31)
1668 5322 1762 5376 καὶ

258 5397 670 5473 ἐπιπορευόμενος
718 5407 950 5477 ἐτησίοις
999 5409 1066 5462 τὰ
1109 5410 1271 5475 ζῴδια
1324 5414 1610 5484 περιόδοις,
1663 5416 1762 5481 τὰς

318 5533 416 5609 (5i)
438 5539 791 5618 Habinngdwv
804 5543 928 5618 τοὺς
943 5544 1191 5618 κύκλους.
1209 5546 1569 5618 Perequitans,
1589 5549 1763 5605 obiens

264 5621 418 5662 zonas.
441 5608 621 5696 Insigni
641 5611 922 5696 Possinius
954 5608 1236 5696 μαθήσεως
1260 5608 1512 5696 ᾁκριὸείᾳ
1533 5608 1566 5684 ,’
1596 5621 1763 5696 δξιξοί

263 5681 600 5755 superequitans
629 5683 853 5755 circulos
872 5725 887 5746 ,
936 5681 1096 5754 quasi
1127 5688 1314 5741 circuli
1335 5681 1390 5742 et
1412 5681 1561 5744 zona
1582 5729 1597 5755 ,
1631 5691 1763 5746 illis-

263 5758 352 5809 que
372 5750 583 5819 ascriptaa
593 5754 780 5830 stellaa,
797 5755 900 5830 soli
925 5750 1159 5830 subsint,
1176 5757 1392 5826 haecque
1413 5760 1494 5815 sol
1518 5762 1570 5814 in
1585 5750 1759 5830 equo—

264 5826 367 5869 rum
393 5833 566 5877 morem
591 5824 892 5896 inscendat,
921 5825 1258 5897 subindequc
1287 5824 1388 5884 alia
1411 5840 1464 5886 et
1491 5831 1598 5888 alia
1636 5824 1757 5888 inu-

1749 5920 1810 5939 η».

1939 5317 1996 5374 Si
2018 5321 2098 5374 sol
2116 5323 2459 5392 perequitans
2477 5325 2728 5392 circulos,
2750 5333 2803 5380 et
2819 5328 3013 5382 annuis
3042 5329 3196 5398 signa
3228 5330 3419 5387 obiens

1866 5411 2104 5482 periodis
2123 5452 2136 5478 ,
2173 5414 2498 5471 mutationes
2521 5415 2700 5482 elficit,
2733 5420 3223 5490 conversionesque
3245 5427 3421 5479 statas

1871 5559 1964 5634 tet,
2001 5553 2078 5634 uti
2122 5552 2232 5634 fere
2261 5569 2535 5634 cursores,
2569 5571 2664 5624 per
2693 5555 2828 5634 alias
2862 5557 3102 5634 aliasque
3133 5555 3416 5634 stationes.

1864 5623 2076 5696 Atquis
2096 5625 2259 5678 solem
2281 5625 2545 5696 planetam
2567 5623 2793 5687 nesciat,
2826 5625 3081 5696 stellifero
3107 5624 3225 5696 orbi
3263 5625 3418 5696 longe

1864 5691 2190 5775 subjectum,
2207 5691 2409 5775 quique
2430 5695 2565 5749 adeo
2582 5711 2688 5749 non
2714 5694 3101 5775 snperequitet,
3126 5691 3219 5746 sed
3245 5691 3418 5775 magis
3441 5713 3446 5720 ·

1862 5761 2169 5832 subequitet
2210 5761 2464 5829 circulos,
2511 5761 2896 5835 percurratqne
2933 5761 3148 5835 oblique
3188 5761 3291 5816 sub
3335 5761 3416 5822 eis

1862 5829 2102 5906 gyrando
2127 5835 2339 5907 aliaque
2366 5851 2432 5894 ex
2462 5829 2583 5892 aliis
2612 5836 2765 5905 signa
2799 5829 3056 5904 legendo!
3088 5829 3376 5919 Comensis.
