4056 6302
567 388 667 444 {67
1480 383 1543 439 S.
1586 381 1910 439 ΜΕΤΗΟΒΙΙ
1952 382 2134 442 EPISC

2239 386 2258 441 l
2299 385 2383 443 ET
2430 382 2788 442 MARTYBIS
3707 380 3856 434 £68

569 512 873 578 temporum
913 505 1145 572 reducit;
1180 503 1403 576 quinam
1424 519 1591 576 ergo,
1621 503 1713 574 qui
1747 511 2034 574 antequam
2061 506 2134 560 si—

2241 484 2537 577 μεέαὸολάς
2573 503 2822 560 ἀποτελεί
2851 504 2946 556 καὶ
2975 501 3074 564 τάς
3103 499 3308 571 τροπάς
3341 495 3451 551 τῶν
3491 495 3726 568 καιρῶν,
3764 494 3852 549 οε

570 613 675 670 gna
700 599 753 651 in
778 597 913 652 cmio
927 597 1345 661 collocarentur,
1374 595 1551 667 iisque
1576 595 1705 650 illud
1722 605 2128 666 perornaretur,

2239 597 2345 668 πρὸ
2388 595 2482 649 τοῦ
2531 591 3019 665 καταστερισθῆναι
3058 591 3126 644 τά
3159 589 3322 654 quam
3354 588 3662 658 γεγονότες,
3714 588 3850 641 καὶ

569 691 909 753 exstiterunt,
951 688 1132 744 vivere
1171 697 1490 760 potuerunt;
1523 705 1646 743 eum
1675 688 1904 744 necdum
1935 697 2130 755 aestas,

2237 687 2572 758 κοσμηθῆναι
2616 685 2822 748 τούτοις
2862 685 2954 738 τὸν
3006 682 3251 756 οὐρανὸν,
3318 681 3436 745 πῶς
3483 681 3840 753 διήρκεσαν,

569 789 881 842 autumnus,
916 780 1111 846 hiems,
1139 797 1234 836 ver
1254 781 1486 836 discreta
1501 787 1704 848 essent,
1730 795 1959 850 quorum
1993 788 2134 834 tem-

2237 779 2460 851 μηδέπω
2501 778 2711 849 θέρους,
2765 775 3102 848 μετοπώρου,
3155 774 3442 846 χειμῶνος,
3483 772 3648 845 ἔαρος
3689 772 3843 826 δια-

569 882 820 945 peratura
853 873 1099 944 corporis
1145 873 1351 928 indoles
1377 881 1608 944 augetur
1631 887 1696 926 ac
1747 872 2133 926 conﬁrmatur?

2237 870 2590 944 κεκριμένων,
2624 870 2689 923 δι’
2711 863 2787 923 ὧν
2817 869 2850 939 ἡ
2887 867 2979 921 τοῦ
3015 865 3260 938 σώματος
3292 864 3516 930 αὔξεται
3552 866 3648 918 καὶ
3676 881 3836 932 συγ-

569 967 726 1038 Atqui
744 967 1014 1029 vixerunt,
1041 966 1492 1038 longaevioresque
1513 980 1578 1020 ac
1604 964 1943 1020 robustiores
1968 964 2134 1018 dura.

2237 965 2511 1036 κρατεῖται
2545 962 2740 1032 φύσις;
2796 961 2917 1014 Ἀλλ
2967 957 3284 1030 ἐξήρκεσαν.
3319 959 3413 1012 καὶ
3443 958 3840 1028 πολυχρονιώ-

569 1069 716 1124 runt,
748 1077 910 1132 quam
937 1060 1032 1129 qui
1081 1074 1226 1114 nunc
1271 1059 1504 1113 vivimus
1533 1077 1547 1113 :
1578 1057 1741 1113 simili
1773 1057 1980 1111 ratione
2020 1065 2133 1110 tum

568 1168 782 1223 quoque
813 1153 922 1207 Deo
955 1161 1198 1223 tempora
1225 1151 1565 1222 disponente.
1598 1147 1714 1203 Non
1742 1149 1907 1220 igitur
1937 1148 2134 1202 ccelum

566 1244 897 1316 ejuseemodi
916 1244 1104 1316 ﬁguris
1122 1259 1186 1298 ac
1211 1258 1306 1314 per
1323 1258 1416 1298 eas
1439 1241 1772 1307 occasiones,
1796 1240 2023 1296 subinde
2050 1239 2136 1292 in-

569 1337 911 1392 terstinctum
937 1350 1001 1388 ac
1033 1334 1302 1388 variatum
1332 1334 1454 1388 fuit.

642 1423 699 1479 Si
733 1426 814 1481 sol
842 1433 897 1479 et
923 1424 1050 1478 luna
1079 1439 1142 1478 ac
1171 1424 1338 1478 stellae
1358 1424 1475 1478 aliae
1496 1431 1770 1493 astraque.
1787 1422 1851 1477 ad
1878 1423 2137 1492 temporis

569 1516 988 1587 distinguendos
1037 1515 1443 1585 servandosque
1471 1530 1723 1569 numeros
1740 1515 1806 1578 ⁵⁸,
1841 1525 1896 1568 ct
1923 1515 1987 1567 ad
2014 1513 2138 1568 cceli

571 1615 826 1664 ornatum
850 1609 1107 1678 vicesque
1134 1615 1514 1676 tempestatum
1541 1605 1873 1661 inducendus
1901 1605 2135 1667 condita,

571 1699 756 1754 divina
791 1708 940 1765 sunt,
977 1711 1030 1755 et
1063 1715 1224 1769 quam
1257 1715 1354 1768 pro
1396 1698 1631 1752 humana
1672 1697 1982 1753 conditione
2004 1713 2140 1768 prae-

573 1793 872 1858 stantiora;
904 1793 1211 1847 necessario
1231 1791 1305 1856 tit,
1331 1791 1757 1860 praestantiorem
1783 1790 1894 1844 hzec
1924 1805 2138 1860 quoque

2234 1075 2380 1129 τεροι
2418 1057 2672 1125 γεγόνασι
2717 1055 2810 1109 καὶ
2862 1050 3275 1125 ῥωμαλεώτεροι
3325 1049 3478 1122 παρὰ
3524 1052 3651 1113 τοὺς
3681 1050 3826 1111 νῦν,

2235 1147 2435 1216 ὁμοίως
2465 1147 2560 1199 καὶ
2587 1146 2709 1200 τότε
2730 1144 3098 1206 διευθύναντος
3125 1143 3247 1204 τοὺς
3275 1141 3499 1209 καιροὺς
3523 1141 3615 1194 τοῦ
3643 1141 3826 1194 Θεοῦ-

2231 1240 2350 1293 Οὐκ
2381 1239 2488 1309 ἀρα
2517 1240 2581 1292 ἐκ
2609 1237 2864 1292 τοιούτων
2895 1239 2924 1291 ὁ
2955 1235 3177 1306 οὐρανὸς
3207 1233 3553 1288 πεποίκιλται
3587 1235 3826 1304 σχημάο

2234 1347 2362 1384 των.

2309 1425 2370 1476 Εί
2412 1425 2441 1478 ὁ
2481 1423 2628 1494 ἥλιος
2669 1424 2762 1476 καὶ
2794 1425 2826 1494 ἡ
2865 1423 3058 1495 σελήνη
3092 1421 3282 1475 καὶτὰ
3328 1421 3465 1476 ἀλλα
3507 1421 3709 1492 ἄστρα,
3742 1421 3822 1475 τὰ

2236 1518 2315 1580 είς
2339 1516 2611 1588 διορισμὸν
2637 1517 2728 1570 καὶ
2757 1515 2999 1586 φυλακὴν
3029 1513 3275 1586 ἀριθμῶν
3295 1513 3484 1584 χρόνου
3517 1513 3815 1581 γεγονότα,

2238 1611 2332 1664 καὶ
2359 1609 2558 1680 κόσμον
2603 1607 2856 1681 ούρανοῦ,
2889 1609 2982 1662 καὶ
3013 1607 3217 1678 τροπὰς
3264 1605 3492 1677 καιρῶν,
3525 1605 3650 1657 θεῖά
3692 1606 3815 1657 ἐστι

2237 1705 2332 1757 καὶ
2364 1704 2594 1776 κρείττω
2625 1703 2730 1756 τῶν
2761 1702 3060 1774 ἀνθρώπων
3078 1742 3093 1765 ,
3139 1703 3349 1770 ἀνάγκη
3380 1700 3473 1754 καὶ⁸
3517 1700 3815 1770 κρείττονα.

2242 1797 2356 1868 βίον
2405 1797 2497 1850 καὶ
2538 1796 2804 1868 μακάριον
2845 1794 2987 1849 αύτά
3028 1795 3121 1847 καὶ
3162 1791 3458 1864 εἰρηνικὸν,
3495 1791 3588 1844 καὶ

570 1884 738 1940 vitam
774 1893 828 1940 et
864 1884 1075 1939 beatam
1103 1892 1265 1953 atque
1292 1883 1658 1952 tranquillam,
1685 1884 1945 1952 longeque
1969 1882 2134 1952 justi-

2237 1887 2327 1940 τοῦ
2359 1887 2621 1960 ἡμετέρου
2647 1888 2760 1958 βίου
2782 1887 3158 1941 διαλλάττοντα
3177 1883 3490 1954 δικαιοσύνῃ
3512 1883 3607 1936 καὶ
3633 1885 3812 1954 ἀρετῇ

571 1977 662 2034 tia:
677 1993 738 2032 ac
755 1978 968 2032 virtutis
991 1978 1228 2042 dotibus,
1252 1985 1442 2031 nostra
1460 1977 1562 2030 hac
1579 1976 1875 2038 meliorem,
1903 1976 2096 2044 degere
2116 1994 2129 2031 :

572 2084 693 2139 qua:
718 2069 1018 2138 composito
1049 2067 1302 2137 l'elieique
1337 2074 1486 2120 motu
1521 2082 1581 2122 se
1611 2075 1879 2122 moveant.
1917 2065 2010 2120 Sin
2045 2083 2136 2120 au-

571 2168 679 2215 tem
716 2159 1040 2215 mortalibus
1081 2157 1316 2213 cladium
1359 2157 1734 2227 malorumque
1779 2159 2131 2213 consiliorum

569 2259 816 2308 auctores
837 2261 986 2315 sunt,
1016 2259 1319 2322 vaeantque
1340 2251 1695 2322 impudicitiis
1726 2267 1789 2305 ac
1809 2253 1932 2307 vita:
1963 2262 2135 2305 muta-

569 2343 808 2400 tionibus
845 2344 1180 2416 tragicisque
1209 2343 1430 2398 casibus
1471 2342 1813 2412 ingerendis;
1846 2344 2004 2413 plane
2036 2344 2138 2398 mi-

569 2437 886 2493 serabiliore
917 2436 1229 2492 hominibus
1255 2443 1400 2491 sorte
1425 2442 1575 2499 sunt,
1606 2451 1726 2505 qua:
1749 2437 1800 2490 in
1826 2444 2025 2491 terram
2054 2435 2135 2490 fa-

573 2528 818 2597 talesque
835 2542 900 2582 ac
926 2526 1163 2584 nefarios
1199 2534 1355 2583 actus
1387 2527 1683 2590 attendant,
1714 2543 1811 2581 nec
1841 2527 2133 2597 quidquam

575 2621 767 2677 melius
787 2620 946 2677 nobis
967 2619 1129 2674 vitam
1152 2629 1364 2690 regant,
1386 2619 1823 2690 quandoquidem
1851 2620 1919 2675 ah
1945 2635 2132 2675 eorum

569 2709 789 2768 deﬂuxu
817 2727 882 2768 ac
909 2721 1060 2767 motu
1089 2719 1278 2768 nostra
1305 2711 1572 2782 dependet
1587 2712 1719 2767 vita.

2231 1981 2457 2049 διάγειν,
2491 1981 2781 2052 κινούμενα
2810 1980 3022 2052 κίνησιν
3051 1978 3309 2032 εὔτακτον
3354 1976 3447 2029 καὶ
3476 1976 3810 2046 εὐδαίμων

2235 2077 2282 2127 εἰ
2311 2073 2364 2126 δὲ
2388 2073 2495 2126 τῶν
2527 2072 2735 2144 θνητῶν
2767 2070 3050 2142 συμφοράς
3079 2071 3170 2123 καὶ
3213 2068 3621 2140 κακοφροσύνας
3672 2066 3814 2120 αύτά

2233 2165 2592 2228 τεκταίνεται,
2636 2165 2730 2218 καὶ
2773 2166 2984 2234 ἐνεργεί
3027 2163 3151 2235 περὶ
3184 2163 3282 2226 τάς
3326 2160 3612 2230 ἀσελγείας
3644 2159 3816 2228 ἀσχοο

2234 2255 2488 2328 λούμενα,
2539 2257 2634 2310 καὶ
2673 2255 2770 2319 τὰς
2815 2255 3112 2326 μεταϐολὰς
3155 2255 3248 2308 καὶ
3280 2253 3482 2324 τροπὰς
3524 2250 3621 2306 τοῦ
3656 2251 3810 2321 βίου,

2237 2347 2346 2419 ἄρα
2389 2345 2690 2419 ἀθλιώτερα
2720 2345 2827 2399 τῶν
2870 2345 3170 2418 ἀνθρώπων
3215 2346 3380 2426 ἐστὶν,
3427 2345 3507 2406 είς
3549 2343 3652 2412 τὴν
3704 2340 3810 2409 γῆν

2243 2439 2526 2510 βλέποντα,
2555 2438 2650 2492 καὶ
2679 2437 2778 2501 τὰς
2809 2438 3105 2507 ὲπικήρους
3128 2437 3222 2490 καὶ
3244 2435 3514 2506 ἀθέσμους
3545 2432 3803 2504 πράξεις.

2241 2530 2337 2584 καὶ
2377 2529 2542 2601 μηδὲν
2588 2533 2829 2601 κρεῖττον
2876 2528 2983 2582 τῶν
3020 2528 3319 2599 ἀνθρώπων
3367 2527 3642 2594 διάγοντα,
3693 2525 3809 2592 εῐγε

2237 2625 2336 2694 τῆς
2365 2623 2582 2677 ἐκείνων
2613 2621 2907 2695 ἀπορροίας
2934 2621 3027 2676 καὶ
3050 2622 3314 2692 κινήσεως
3351 2621 3380 2674 ὁ
3407 2619 3676 2691 ἡμέτερος
3712 2619 3809 2689 ᾕρ-

2236 2732 2394 2786 τηται
2427 2715 2556 2786 βίος.

1299 2827 1429 2882 CAP.
1463 2825 1602 2882 XVI.
1633 2825 1759 2881 Alia
1796 2828 2067 2895 complura
2091 2827 2145 2880 in
2173 2829 2377 2884 eosdem
2412 2831 2807 2886 mathematicos
2837 2832 3054 2884 intorta.

647 2922 782 2978 Cum
809 2922 993 2978 nullus
1021 2923 1226 2994 absque
1254 2923 1454 2994 praevio
1483 2922 1798 2993 cupiditatis
1823 2921 2014 2978 ail'ectu
2043 2937 2137 2976 ac-

571 3023 667 3072 tus
695 3015 785 3070 ﬁat
806 3057 820 3081 ,
852 3030 1025 3086 neque
1050 3031 1178 3070 vero
1218 3015 1489 3086 cupiditas
1528 3014 1745 3069 aliunde
1774 3016 1845 3069 sit
1875 3029 2035 3084 quam
2069 3015 2138 3068 ab

2312 2927 2374 2980 Εἰ
2401 2929 2550 2981 πᾶσα
2583 2927 2781 2999 πρᾶξις
2809 2926 2978 2997 χωρὶς
3006 2923 3297 2993 ἐπιθυμίας
3326 2924 3387 2978 ού
3422 2924 3653 2992 γίνεται,
3683 2925 3807 2980 οὐδὲ

2244 3020 2346 3091 μὴν
2379 3019 2641 3092 ἐπιθυμία
2681 3019 2845 3091 χωρὶς
2878 3018 3116 3082 ἐνδείας·
3162 3017 3404 3080 ἀνενδεὲς
3429 3016 3483 3068 δὲ
3516 3015 3576 3070 τὸ
3607 3016 3766 3069 Θεῖον
3787 3035 3799 3046 ο

576 3104 909 3176 indigentia;
974 3103 1113 3160 Deus
1164 3112 1344 3160 autem
1367 3105 1483 3174 ipse
1543 3104 1746 3158 nullius
1793 3111 1976 3173 egeat.
2037 3118 2134 3157 nec

2239 3113 2555 3184 ἀνεννόητον
2604 3113 2711 3183 ἄρα
2757 3110 3054 3184 πονηρίας·
3107 3110 3201 3162 καὶ
3251 3112 3298 3163 εί
3343 3110 3375 3180 ἠ
3431 3108 3538 3162 τῶν
3584 3110 3806 3181 ἄστρων

571 3194 799 3268 proinde
824 3195 991 3249 ullius
1030 3203 1218 3250 auctor
1242 3205 1335 3250 aut
1365 3195 1705 3251 machinator
1738 3195 2018 3265 pravitatis
2043 3212 2138 3249 ex-

571 3288 764 3354 sistat;
786 3302 1020 3357 cumque
1042 3303 1234 3344 rursus
1263 3288 1501 3342 siderum
1527 3297 1717 3342 natura
1737 3287 1934 3341 divina:
1963 3287 2138 3342 allinis

570 3379 644 3434 sit
677 3379 867 3448 illique
890 3380 1119 3434 vicinior
1148 3382 1368 3450 '(nempe
1398 3379 1828 3450 praestandorum
1858 3379 2136 3433 hominum

568 3473 768 3528 virtute
817 3473 1219 3545 praestantior),
1257 3489 1358 3528 nec
1400 3474 1518 3544 ipsa
1562 3475 1702 3528 mala
1735 3473 2022 3528 molientur
2043 3481 2138 3528 aut

567 3565 754 3634 aliquo
782 3565 1124 3637 indigebunt.

636 3655 922 3721 Praterea,
950 3673 1111 3713 nemo
1134 3673 1320 3713 eorum
1343 3657 1544 3728 quibus
1567 3667 1744 3714 ratum
1773 3669 1856 3716 est
1881 3660 2050 3715 solem
2083 3669 2139 3714 et

565 3746 752 3803 lunam
787 3757 842 3804 et
884 3750 1069 3806 stellas
1091 3749 1305 3804 divinas
1335 3765 1424 3804 res
1456 3764 1597 3813 esse,
1629 3759 1719 3804 eat
1750 3751 1991 3819 profecto
2017 3749 2140 3803 inti-

567 3843 694 3906 tias,
717 3844 902 3912 procul
935 3844 1098 3899 etiam
1127 3859 1156 3897 a
1181 3845 1388 3900 malitia
1414 3843 1527 3898 hac
1549 3842 1865 3905 abhorrere,
1893 3852 1948 3899 et
1976 3858 2005 3896 a
2037 3852 2142 3898 ter-

569 3951 824 3991 renorum
850 3937 1064 3991 actibus
1089 3948 1292 3991 remota
1321 3953 1467 4001 esse,
1499 3937 1554 3992 in
1572 3951 1693 4007 quae
1722 3951 1821 3990 nec
1847 3935 2140 4004 voluptatis

567 4028 806 4092 atl‘ectio,
835 4043 936 4083 nec
959 4028 1163 4085 doloris
1184 4030 1342 4085 cadat
1370 4050 1383 4084 :
1417 4047 1519 4087 nec
1541 4033 1684 4087 enim
1709 4031 2018 4086 coelestibus
2046 4046 2141 4100 pu-

570 4117 753 4174 denda
783 4118 896 4174 haec
925 4119 1194 4175 desideria
1221 4130 1542 4192 competunt
1571 4131 1624 4178 et
1657 4123 2008 4179 exsecranda
2049 4138 2142 4192 ap-

574 4210 880 4282 petitiones.
907 4210 963 4265 Si
995 4221 1176 4267 autem
1199 4222 1351 4269 extra
1373 4231 1437 4270 ea
1461 4227 1608 4279 sunt,
1634 4232 1733 4270 nec
1755 4217 1862 4271 ulla
1889 4217 2141 4271 laborant

569 4311 832 4375 egestate,
858 4305 985 4374 quid
1019 4320 1202 4361 causa:
1229 4314 1314 4361 est
1344 4322 1443 4361 cur
1474 4309 1794 4372 mortalibus
1824 4325 2011 4364 eorum
2041 4324 2140 4363 au-

568 4405 754 4454 ctores
790 4399 920 4461 sint,
965 4414 1086 4468 qua:
1118 4415 1220 4454 nec
1262 4400 1370 4454 illis
1420 4400 1694 4455 arrideant
1721 4409 1774 4456 et
1825 4413 1977 4457 extra
2018 4417 2137 4473 qua:

570 4488 748 4560 posita
777 4489 1044 4544 nobiliore
1073 4490 1254 4545 indole
1279 4499 1535 4561 pmstent

642 4579 706 4634 Hi
739 4595 904 4651 porro
926 4579 1018 4650 qui
1043 4579 1312 4634 hominem
1343 4579 1556 4634 arbitrii
1589 4578 1842 4633 facultate
1864 4594 1972 4633 non
1999 4595 2135 4648 prae-

568 4671 742 4728 ditum
773 4688 894 4728 esse
915 4680 1198 4737 statuunt,
1234 4671 1330 4728 sed
1362 4672 1656 4728 inevitabili
1686 4672 1781 4726 fati
1813 4673 2133 4728 necessitate

567 4765 846 4836 iussisque
879 4782 988 4821 non
1017 4768 1238 4838 scriptis
1267 4766 1398 4823 ferri
1424 4767 1618 4838 agique
1645 4767 1938 4820 humanam
1966 4766 2128 4819 vitam

570 4859 836 4923 sentiunt,
870 4858 924 4914 in
949 4860 1121 4930 ipsum
1145 4861 1294 4930 impii
1328 4874 1391 4914 ac
1413 4859 1598 4929 injurii
1616 4866 1744 4914 sunt
1761 4856 1949 4921 Deum,
1967 4873 2129 4927 quem

571 4951 840 5008 malorum
900 4953 1260 5009 humanorum
1315 4960 1593 5009 auctorem
1620 4959 1674 5008 et
1700 4951 2006 5007 etl‘ectorem
2046 4951 2130 5006 fa-

567 5044 742 5100 ciunt.
787 5043 844 5100 Si
877 5046 1021 5100 enim
1050 5046 1288 5102 siderum
1317 5047 1634 5102 universum
1664 5046 1986 5100 circularem
2016 5059 2132 5099 mo-

568 5141 721 5198 tum,
772 5134 916 5190 Deus
957 5135 1104 5205 ipse,
1146 5151 1251 5206 qua
1281 5151 1441 5191 nemo
1471 5135 1736 5207 sapientia
1781 5134 1929 5188 dicat
1955 5143 2048 5188 aut
2076 5134 2126 5187 vi

567 5225 766 5282 mentis
793 5226 1076 5297 intelligat,
1112 5225 1383 5281 modulate
1415 5225 1715 5298 dispensat,
1750 5223 1990 5280 universi
2015 5223 2129 5276 ela-

565 5335 691 5376 vum
710 5320 1014 5376 rectissime
1029 5319 1366 5390 gubernans;
1392 5329 1535 5374 astra
1549 5335 1676 5375 vero
1697 5319 1810 5372 vitii
1833 5323 1995 5388 atque
2018 5315 2130 5370 vir-

563 5413 699 5470 tutis
727 5413 1020 5484 qualitates
1057 5418 1305 5466 humanze
1333 5411 1458 5466 vitae
1491 5412 1764 5481 ingerunt,
1794 5425 1914 5480 qua:
1937 5406 2128 5464 videli-

563 5515 650 5560 cet
683 5505 1024 5562 necessitatis
1045 5503 1277 5559 vinculis
1304 5501 1549 5557 homines
1579 5503 1632 5556 in
1659 5517 1723 5556 ea
1752 5501 1993 5563 trahant,
2021 5500 2124 5552 uti-

564 5615 672 5668 que
727 5600 994 5654 malorum
1042 5606 1320 5652 auctorem
1361 5611 1425 5650 ac
1465 5594 1729 5666 originem
1760 5593 1926 5648 Deum
1958 5591 2120 5647 ascri‘

567 5687 732 5753 bunt;
770 5689 1013 5744 omnium
1063 5695 1248 5743 tamen
1275 5685 1518 5758 judicio,
1548 5685 1752 5740 nullius
1802 5698 1955 5738 noxae
1990 5681 2130 5737 Deus

567 5785 758 5832 auctor
789 5786 892 5835 est.
924 5778 1258 5848 Explodatur
1283 5792 1412 5850 ergo
1441 5775 1620 5832 fatalis
1647 5775 1962 5830 necessitas.

637 5891 683 5924 ⁸³
712 5889 836 5944 Cen.
863 5907 901 5956 ι,
934 5891 1022 5948 Π,

2239 3206 2399 3277 φύσις
2441 3205 2718 3277 ἐγγυτέρω
2759 3204 3012 3257 τέτακται
3041 3201 3195 3265 Θεοῦ,
3233 3199 3492 3273 κρείττων
3529 3195 3666 3254 οὖσα
3703 3201 3804 3267 τῆς

2236 3298 2344 3355 τῶν
2370 3297 2691 3369 κρειττόνων
2707 3293 3005 3366 ἀνθρώπων
3029 3291 3254 3364 ἀρετῆς·
3286 3289 3579 3360 ἀνεννόητα
3605 3288 3806 3349 κακίας

2237 3390 2354 3443 ἐστὶ
2377 3391 2470 3444 καὶ
2501 3389 2718 3460 ἀνενδεῆ
2751 3387 2818 3441 τὰ
2847 3387 3038 3457 ἄστρα.

2309 3657 2419 3714 Καὶ
2449 3655 2643 3717 ἄλλως,
2686 3653 2792 3714 πᾶς
2835 3651 2964 3720 ἡμῖν
3005 3645 3325 3718 ὁμολογήσει
3351 3642 3456 3697 τῶν
3492 3643 3802 3714 πεπεισμέ-

2237 3768 2342 3805 νων
2371 3749 2460 3802 τὺν
2505 3746 2653 3817 ἥλιον
2702 3743 2794 3796 καὶ
2835 3740 2930 3811 τὴν
2976 3739 3200 3809 σελήνην
3255 3737 3346 3789 καὶ
3393 3735 3517 3798 τοῦς
3565 3734 3800 3806 ἀστέρας

2239 3839 2376 3897 εἶναι
2405 3841 2542 3904 θεῖα,
2580 3836 2672 3891 καὶ
2713 3832 2925 3906 μακρὰν
2961 3829 3262 3901 ἀπῳκίσθαι
3296 3827 3510 3890 κακίας,
3553 3827 3651 3879 καὶ
3694 3825 3800 3878 τῶν

2238 3930 2484 4004 γηγενῶν
2529 3926 2778 4000 πράξεων
2821 3923 3143 3978 ἀνεπίδεκτα
3186 3919 3386 3982 πάθους
3431 3917 3627 3989 ἡδονῆς
3679 3919 3803 3971 ὄντα

2238 4021 2331 4075 καὶ
2354 4019 2554 4090 λύπηςο
2585 4017 2646 4071 ού
2670 4015 2778 4087 γάρ
2807 4015 3083 4086 προσεῖναι
3109 4014 3220 4074 τοῖς
3249 4007 3515 4082 οὐρανίοις
3545 4007 3804 4069 τοιαύτας

2237 4112 2442 4186 ὀρέξεις
2476 4110 2781 4182 βδελυκτάς.
2829 4107 2890 4160 El.
2922 4105 2978 4158 δὲ
3022 4103 3223 4158 τούτων
3266 4100 3422 4162 ἐκτὸς
3451 4099 3545 4152 καὶ
3579 4098 3802 4170 άνενδεῆ

2238 4205 2534 4275 πεφύκασι,
2568 4202 2683 4267 πῶς
2713 4203 2824 4264 τοῖς
2851 4197 3176 4270 ἀνθρώποις,
3215 4194 3250 4249 ὃ.
3285 4193 3357 4265 μὴ
3395 4192 3547 4246 αὐτοὶ
3585 4191 3806 4262 βούλον-

2236 4315 2346 4361 ται,
2383 4297 2475 4349 καὶ
2506 4288 2580 4348 ὧν
2606 4293 2762 4355 ἐκτός
2786 4291 2911 4355 εἱσι,
2948 4285 3344 4347 τεκταίνονταις

2309 4565 2372 4619 Οἱ
2401 4563 2457 4616 δὲ
2489 4558 2792 4632 ὁριζόμενοι
2820 4555 2910 4608 τὸν
2941 4553 3221 4626 ἄνθρωπον
3269 4550 3342 4622 μὴ
3379 4544 3515 4602 εἶναι
3549 4545 3805 4613 αὐτεξού-

2241 4675 2374 4717 σιον,
2412 4652 2523 4707 ἀλλ’
2556 4651 2818 4718 ἀνάγκαις
2859 4645 3120 4716 ἀφύκτοις
3166 4639 3516 4714 Εἱμαρμένης
3554 4639 3806 4707 λέγοντες

2239 4744 2570 4812 οἰακίζεσθαι
2610 4743 2702 4796 καὶ
2745 4737 3012 4812 ἀγράφοις
3049 4734 3482 4808 προστάγμασιν,
3530 4732 3610 4794 είς
3643 4728 3806 4783 αὐτὸν

2238 4845 2493 4902 ἀσεϐοῦσι
2531 4841 2620 4894 τὸν
2657 4837 2810 4898 Θεὸν,
2859 4830 3187 4907 παρεκτικὸν
3237 4828 3396 4882 αὐτὸν
3440 4825 3546 4879 τῶν
3594 4822 3804 4894 ἀνθρω-

2240 4937 2408 4991 πίνων
2443 4932 2624 4989 κακῶν
2651 4929 2744 4983 καὶ
2777 4924 3002 4997 ποιητὴν
3029 4921 3424 4994 εἰσηγούμενοι.
3462 4918 3524 4970 Εἰ
3557 4914 3666 4986 γάρ
3692 4913 3804 4965 τῶν

2239 5031 2482 5102 ἀστέρων
2532 5028 2745 5082 ἃπασαν
2788 5019 3050 5089 κυκλικὴν
3097 5015 3305 5086 κίνησιν
3339 5008 3588 5082 ἐμμελῶς
3635 5005 3800 5102 gaza;

2236 5098 2499 5196 ἀφράστῳ
2538 5119 2697 5189 σοφίᾳ.
2747 5117 2841 5169 καὶ
2883 5110 3184 5180 ἀνεννοήτῳ
3223 5105 3416 5166 διέπει,
3460 5098 3799 5196 κατευθύνων

2357 5216 2518 5270 οἴακα
2553 5214 2652 5285 τῆς
2683 5207 3004 5280 οἰκουμένης
3023 5221 3036 5234 ·
3071 5205 3120 5256 οἱ
3161 5202 3218 5255 δὲ
3247 5196 3473 5270 ἀστέρες
3516 5195 3615 5258 τὰς
3647 5193 3797 5246 ποιό-

2236 5329 2403 5384 τητας
2431 5310 2531 5381 τῆς
2567 5307 2762 5369 κακίας
2800 5303 2892 5357 καὶ
2921 5300 3021 5371 τῆς
3053 5297 3251 5370 ἀρετῆς
3278 5290 3554 5348 ἐκτελοῦσι
3573 5287 3652 5359 τῷ
3673 5287 3797 5384 ptui,

2235 5380 2720 5476 ἀνάγκηςδεσμοῖς
2747 5397 2870 5459 τοὺς
2896 5391 3211 5464 ἀνθρώπους
3233 5388 3478 5447 έλκοντες
3499 5385 3578 5446 εἰς
3605 5380 3793 5434 ταῦτα·

2233 5498 2404 5553 αἴτιον
2432 5475 2539 5547 τῶν
2569 5490 2750 5546 κακῶν
2782 5489 2870 5541 τὸν
2909 5486 3040 5539 Θεὸν
3078 5481 3462 5551 ἀποφαίνονται
3494 5479 3587 5530 καὶ
3617 5475 3793 5544 δῧτην·

2235 5589 2349 5644 ἀλλ’
2384 5587 2622 5648 ἀναίτιος
2657 5584 2786 5636 πᾶσι
2821 5581 2999 5651 πάσης
3047 5573 3249 5648 βλάϐης
3281 5575 3309 5627 ὁ
3345 5570 3495 5632 Θεὸς.
3540 5568 3656 5622 Ούκ
3693 5567 3800 5641 ἄρα

2236 5697 2469 5753 γενεσις.
