4056 6302
244 327 344 385 169

1314 320 1693 379 CONVIVIUM
1734 316 1962 375 DECEM
2000 313 2359 372 VlRGlNUM.

3363 320 3465 376 ΠΟ

307 445 422 508 Πᾶς
450 443 595 507 ὅστις
618 441 723 497 κᾶν
759 440 933 513 βραχὺ
968 437 1183 501 συνετὸς
1203 437 1524 509 ὁμολογήσει
1546 436 1637 491 τὸν
1666 436 1795 490 Θεον

1966 428 2224 500 Quisquis
2245 429 2329 484 vel
2357 428 2580 484 minima
2608 429 2738 485 boni
2761 445 2955 487 sensus
2986 432 3250 503 particula
3281 448 3470 505 asper—

237 537 458 605 ἀγαθὸν,
505 534 732 597 δίκαιον,
783 532 964 601 σοφὸν,
1016 528 1208 599 ἀληθῆ,
1243 528 1534 599 ὠφέλιμον,
1567 527 1804 581 ἀναίτιον

238 628 443 691 κακῶν,
471 626 817 698 ἀσύμπλοκον
840 625 1061 688 πάθους,
1091 624 1184 679 καὶ
1210 625 1316 677 πᾶν
1342 622 1393 676 εί
1416 640 1470 675 τι
1497 621 1606 693 (52)
1626 619 1803 674 τοιού-

1907 524 2119 583 sus‘est,
2142 518 2397 574 fatebitur
2415 521 2595 576 statim
2614 519 2823 575 Numen
2837 522 3076 578 divinum
3101 525 3300 580 bonum
3324 541 3466 589 esse,

1900 613 2109 682 justum
2129 651 2143 676 ,
2181 612 2399 680 sapiens
2420 651 2435 675 ,
2463 628 2626 667 verax
2650 653 2665 679 ,
2694 629 2878 668 rerum
2916 615 3239 672 utilitatibus
3269 632 3471 673 consu-

237 738 348 777 τον.
378 721 487 775 Καὶ
513 721 561 773 εἰ
587 721 633 772 oi
663 718 858 771 δίκαιοι
886 716 1170 790 κρείσσους
1198 716 1303 769 είσὶ
1324 716 1432 769 τῶν
1466 714 1683 777 ἀδίκων,
1713 714 1806 768 καὶ

1912 703 2043 766 lens,
2080 703 2499 774 haudquaquam
2532 706 2798 760 malorum
2832 713 3108 761 auctorem
3129 749 3145 774 ,
3173 709 3340 765 nullis
3369 710 3473 764 ima

238 812 384 867 ἐστιν
412 813 594 875 αὐτοῖς
625 813 657 881 ἡ
693 809 875 865 ἀδικία
902 808 1160 879 βδελυκτή
1183 824 1195 837 ·
1227 807 1407 878 χαίρει
1441 806 1499 858 δὲ
1526 807 1553 859 6
1581 805 1712 867 Θεὸς
1737 806 1802 874 τῇ

236 906 554 979 δικαιοσύνῃ
597 904 800 967 δίκαιος
849 902 957 967 ὢν,
1021 900 1259 972 στυγητὴ
1311 898 1457 970 αὐτῷ
1511 899 1546 968 ὴ
1602 897 1803 961 ἀδικία,

236 999 479 1053 ἐναντίον
518 992 651 1051 οὖσα
690 997 782 1050 καὶ
827 993 1017 1067 ἐχθρὸν
1060 995 1126 1064 τῇ
1169 991 1477 1062 δικαιοσύνῃ
1501 1007 1514 1021 ο
1556 991 1652 1043 οὐκ
1698 990 1805 1061 ἄρα

235 1090 450 1155 ἀδικίας
480 1088 647 1152 αἴτιος
674 1090 703 1142 6
730 1086 878 1152 Θεός.

312 1355 377 1408 Et
405 1354 466 1407 τὸ
499 1351 739 1421 ὠφελοῦν
769 1351 982 1413 πάντως
1014 1349 1161 1403 ἐστὶν
1188 1346 1385 1416 ἀγαθόν
1403 1363 1417 1377 ·
1450 1346 1720 1418 ὠφέλιμον
1748 1347 1804 1401 δὲ

244 1443 564 1517 σωφροσύνη
607 1444 699 1496 καὶ¹
745 1441 898 1509 οἴκῳ,
948 1441 1041 1495 καὶ
1087 1440 1185 1510 βίῳ
1226 1441 1319 1493 καὶ
1359 1438 1564 1508 φίλοις·
1605 1439 1804 1507 ἀγαθὸν

247 1537 356 1609 ἄρα
378 1538 576 1607 suam
617 1534 957 1606 σωφροσύνη.
1000 1535 1124 1598 Καὶ,
1150 1535 1198 1586 εί
1230 1534 1262 1604 ἡ
1296 1530 1614 1605 σωφροσύνη
1647 1531 1804 1599 φύσει

241 1629 464 1698 ἀγαθὸν,
487 1627 745 1681 ἀκολασία
769 1626 825 1679 δὲ
851 1625 1089 1679 ἐναντίον
1123 1624 1461 1696 σωφροσύνῃο
1487 1624 1547 1676 τὸ
1575 1625 1631 1678 δὲ
1658 1626 1806 1677 ὲναν-

239 1720 354 1776 τίον
393 1720 468 1792 τῷ
500 1719 684 1790 ἀγαθῷ
725 1719 920 1772 κακόνο
967 1718 1134 1772 κακὸν
1177 1717 1282 1790 ἄρα
1313 1719 1346 1788 ἡ
1381 1717 1660 1771 ἀκολασία.
1696 1716 1805 1769 Καὶ

1905 796 2163 864 plicatum
2193 795 2408 850 vitiosis
2441 796 2754 862 affectibus,
2791 812 2853 852 ac
2883 799 2927 853 si
2954 799 3082 868 quid
3111 800 3229 868 ejus
3257 802 3473 869 generis

1905 897 2008 943 est.
2037 886 2153 940 Jam
2184 887 2227 941 si
2251 888 2450 955 etjusti
2470 890 2718 945 meliores
2742 892 2961 962 injustis
2993 901 3140 958 sunt,
3166 895 3355 964 eisque
3377 911 3475 951 ex-

1906 978 2199 1033 secrationi
2233 978 2500 1047 iujustitia
2553 980 2813 1049 habetur;
2847 982 3114 1054 Deusque,
3148 985 3347 1055 quippe
3379 980 3473 1057 qui

1900 1070 2083 1139 justus
2106 1069 2199 1134 sit,
2218 1072 2413 1140 gaudet
2438 1073 2683 1141 justitia;
2715 1077 2873 1144 plane
2899 1077 3222 1144 iniustitiam
3252 1096 3471 1136 exosam

1905 1160 2090 1225 habet,
2117 1175 2237 1230 quae
2264 1161 2490 1229 justitia:
2520 1164 2859 1228 adversetur,
2890 1165 3069 1235 sitque
3100 1165 3178 1220 illi
3212 1166 3431 1223 inimica
3457 1185 3473 1222 :

1906 1268 2016 1306 non
2047 1261 2130 1307 est
2165 1254 2329 1323 igitur
2355 1252 2497 1309 Deus
2524 1265 2716 1309 auctor
2749 1256 3050 1327 injustitiae.

1980 1342 2037 1398 Si
2089 1343 2235 1413 quod
2285 1344 2571 1400 utilitatem
2609 1355 2854 1417 prmstat,
2888 1351 3075 1420 utique
3116 1353 3317 1409 bonum
3349 1364 3474 1414 est:

1905 1445 2123 1507 przestat
2139 1447 2315 1493 autem
2340 1440 2567 1494 castitas
2589 1448 2643 1494 et
2664 1440 2849 1496 domui
2873 1451 2927 1498 et
2950 1447 3154 1501 mundo
3171 1455 3225 1501 et
3245 1450 3472 1506 amicis:

1906 1529 2049 1583 bona
2098 1530 2286 1600 utique
2332 1539 2415 1586 est
2452 1534 2698 1589 castitas.
2748 1534 2901 1600 Quod
2925 1535 2972 1590 si
3001 1544 3194 1592 natura
3224 1540 3364 1595 bona
3394 1548 3478 1598 est

1905 1620 2147 1683 castitas,
2168 1622 2404 1677 castitati
2427 1638 2556 1679 vero
2572 1624 2783 1678 luxuria
2799 1627 3071 1681 contraria
3094 1636 3197 1694 est,
3216 1630 3269 1685 id
3295 1640 3477 1689 autem

1906 1717 1991 1767 est
2016 1712 2239 1778 malum,
2270 1714 2413 1782 quod
2442 1714 2586 1769 bono
2616 1718 2947 1772 contrarium
2971 1727 3074 1786 est,
3101 1722 3347 1792 sequitur
3362 1738 3480 1779 ma-

241 1814 293 1866 εί
328 1814 359 1878 ἡ
388 1810 649 1866 ἀκολασία
690 1809 850 1879 φύσει
892 1807 1080 1871 κακὸν,
1109 1807 1249 1862 κατά
1278 1806 1569 1860 ἀκολασίαν
1600 1805 1656 1859 δὲ
1694 1822 1809 1876 μοι·

1912 1802 2017 1856 lam
2039 1818 2161 1860 esse
2183 1806 2471 1859 luxuriam.
2492 1805 2644 1871 Quod
2674 1808 2718 1862 si
2748 1809 2962 1864 luxuria
2980 1822 3175 1866 natura
3197 1815 3339 1869 mala
3361 1821 3478 1884 est;

241 1907 383 1976 χεῖαι
445 1905 682 1972 γίνονται
726 1902 818 1956 καὶ
870 1900 1069 1954 κλοπαὶ
1111 1898 1205 1953 καὶ
1253 1899 1413 1970 ὀργαὶ
1469 1898 1563 1951 καὶ
1620 1896 1768 1966 φόνοι
1787 1913 1802 1927 ο

240 1996 397 2065 φύσει
426 1996 532 2067 ἄρα
563 1994 732 2048 κακόν
758 1995 903 2046 ἔστιν
927 1994 954 2044 6
989 1990 1282 2052 ἀκόλαστος
1313 1988 1444 2058 βίος.
1476 1986 1549 2039 Τὸ
1578 1986 1633 2039 δὲ
1655 1986 1807 2039 Θεῖον

238 2087 425 2141 κακῶν
454 2087 806 2157 ἀσύμπλοκον
836 2083 1098 2153 πέφυκεν.
1136 2081 1247 2134 Οὐκ
1271 2079 1379 2151 ἄρα
1410 2079 1621 2148 γένεσις

308 2267 374 2318 Ei
408 2268 456 2320 oi.
492 2265 766 2338 σώφρονες
800 2263 1040 2336 βελτίους
1079 2262 1184 2315 εἰσὶ
1228 2260 1336 2314 τῶν
1382 2260 1654 2334 ἀκρατῶν,
1715 2260 1806 2313 καὶ

236 2357 388 2411 ἔστιν
431 2358 612 2420 αὐτοῖς
643 2359 675 2428 ἡ
717 2356 954 2428 ἀκρασία
984 2354 1274 2425 βδελυκτή·
1315 2352 1492 2424 χαίρει
1520 2352 1576 2405 δὲ
1617 2353 1644 2403 6
1676 2352 1808 2416 Θεὸς

233 2454 302 2521 τῇ
333 2449 679 2521 σωφροσύνῃ,
710 2449 894 2502 παθῶν
929 2447 1241 2519 ἀνεννόητος
1280 2444 1353 2498 ὢν
1373 2463 1386 2476 ο
1433 2444 1672 2515 στυγητὴ
1700 2443 1809 2517 ἄρα

240 2542 339 2595 καὶ
363 2540 443 2611 τῷ
466 2540 583 2610 Θεῷ
610 2543 643 2610 ὴ
682 2541 941 2610 ἀκρασία.
982 2541 1102 2593 ’Ὁτι
1128 2541 1186 2594 δὲ
1217 2541 1249 2611 ἡ
1286 2537 1428 2594 κατὰ
1455 2534 1808 2608 σωφροσύνην

243 2628 472 2702 πρᾶξις,
509 2628 675 2701 ἀρετὴ
715 2626 869 2696 οὖσα,
899 2629 1160 2700 κρείττων
1198 2630 1313 2682 ἐστὶ
1341 2629 1439 2698 τῆς
1470 2625 1610 2680 κατά
1641 2627 1811 2695 ἀκρα-

245 2721 389 2783 σίαν,
422 2719 617 2782 κακίας
647 2717 834 2789 οὔσης,
875 2718 1063 2789 μαθεῖν
1093 2718 1238 2771 ἔστιν
1262 2717 1368 2770 ἀπὺ
1402 2714 1678 2786 βασιλέων,
1704 2713 1811 2767 ἀπὸ

240 2811 542 2883 ἀρχόντων,
578 2810 687 2862 ἀπὸ
730 2808 1066 2881 στρατηγῶν,
1105 2808 1211 2863 ἀπὸ
1251 2807 1541 2877 γυναικῶν,
1575 2805 1682 2860 ἀπὸ
1720 2805 1810 2858 τέ-

240 2920 409 2967 κνων,
437 2903 544 2955 ἀπὸ
565 2900 816 2965 πολιτῶν,
848 2902 955 2954 ἀπὸ
977 2901 1269 2967 δεσποτῶν,
1300 2900 1406 2954 ἀπὸ
1431 2898 1674 2964 οἰκετῶν,
1702 2898 1809 2952 ἀπὸ

239 2994 627 3065 παιδαγωγῶν,
657 2993 764 3047 ἀπὸ
798 2993 1127 3047 διδασκάλων
1151 3010 1163 3024 ·
1214 2994 1442 3057 ἕκαστος
1466 2993 1574 3065 γὰρ
1603 2991 1807 3046 τούτων

240 3090 338 3142 καὶ
360 3087 538 3157 ἑαυτῴ
560 3087 652 3141 καὶ
677 3086 753 3156 τῷ
780 3084 940 3156 κοινῷ
967 3085 1238 3157 ὠφέλιμος
1264 3085 1470 3155 γίνεται
1492 3085 1804 3157 σωφρονῶν*

1907 1910 2004 1965 per
2033 1911 2150 1950 eam
2184 1907 2362 1953 autem
2399 1897 2533 1953 fiunt
2585 1900 2884 1963 adulteria,
2921 1901 3064 1956 furta
3085 1943 3100 1967 ,
3125 1904 3304 1975 jurgia
3326 1947 3341 1972 ,
3373 1921 3482 1964 cat-

1907 1986 2042 2041 des:
2095 1994 2289 2042 natura
2332 2003 2459 2059 ergo
2514 1992 2714 2045 malum
2756 2000 2840 2047 est
2870 1995 2980 2048 vita
3014 1995 3291 2052 luxuriosa
3313 2006 3364 2054 et
3394 2001 3483 2054 in-

1908 2081 2237 2145 temperans.
2291 2076 2543 2131 Divinum
2585 2087 2762 2135 autem
2805 2079 3016 2137 Numen
3046 2085 3203 2140 malis
3234 2087 3481 2157 implica-

1911 2172 2025 2220 tum
2058 2183 2166 2222 non
2197 2176 2301 2224 est.
2331 2167 2667 2238 Explodatur
2695 2186 2826 2241 ergo
2855 2170 3037 2229 fatalis
3068 2177 3387 2234 necessitas.

1983 2255 2038 2310 Si
2066 2259 2203 2313 casti
2240 2260 2493 2315 meliores
2520 2270 2648 2315 sunt
2672 2260 3000 2328 luxuriosis,
3029 2265 3246 2335 illisque
3273 2269 3481 2324 abomi-

1907 2348 2107 2403 nabilis
2149 2359 2233 2405 est
2288 2350 2526 2415 luxuria,
2562 2352 2869 2423 gaudetque
2922 2353 3064 2411 Deus
3097 2358 3378 2425 castitate,
3422 2360 3479 2415 in

1908 2455 2068 2511 quem
2119 2440 2266 2495 nulla
2317 2442 2476 2495 cadat
2520 2442 2811 2499 libidinosa
2846 2460 2909 2499 ac
2938 2446 3068 2500 vitio
3101 2447 3311 2504 haerens
3333 2450 3484 2521 cogi-

1908 2528 2061 2592 tatio,
2115 2544 2281 2583 exosa
2329 2531 2518 2601 utique
2553 2532 2716 2586 etiam
2770 2531 2879 2589 Deo
2928 2534 3322 2592 incontinentia
3371 2546 3478 2596 est.

1909 2619 2080 2674 Porro
2110 2621 2380 2715 actiqnem
2414 2639 2537 2701 quae
2562 2640 2628 2678 ex
2664 2626 2880 2680 ratione
2918 2629 3187 2686 castitatis
3222 2633 3284 2687 fit
3322 2632 3483 2704 (quae

1909 2719 2053 2765 certe
2091 2712 2265 2767 virtus
2302 2713 2419 2785 est)
2459 2715 2725 2785 potiorem
2760 2733 2883 2772 esse
2915 2719 3004 2772 illa
3031 2735 3150 2788 quae
3192 2735 3259 2775 ex
3288 2722 3483 2778 incon-

1910 2801 2134 2857 tinentia
2183 2811 2267 2858 est
2304 2811 2358 2860 et
2390 2805 2457 2859 ad
2489 2807 2679 2860 vitium
2710 2810 2947 2877 pertinet
2977 2828 2990 2863 :
3024 2810 3324 2882 intelligere
3353 2814 3483 2872 licet

1910 2909 1975 2948 ex
2003 2895 2242 2965 regibus,
2272 2912 2337 2951 ex
2362 2898 2597 2968 politicis
2613 2906 2666 2954 et
2692 2900 3020 2958 militaribus
3046 2905 3479 2974 magistratibus,

1911 3001 1975 3040 ex
2027 2987 2345 3043 mulieribus
2367 3029 2381 3053 ,
2414 3005 2478 3045 ex
2510 2990 2724 3055 liberis,
2752 3008 2818 3048 ex
2845 2994 3074 3059 civibus.
3102 3011 3169 3051 ex
3203 2996 3351 3053 heris
3371 3036 3388 3063 ,
3414 3014 3483 3054 ex

1912 3075 2151 3145 famulis,
2179 3095 2244 3135 ex
2277 3080 2606 3153 paedagogis,
2645 3098 2709 3138 ex
2739 3086 3017 3157 magistris
3049 3107 3061 3142 ε
3101 3089 3482 3162 unusquisque

241 3179 647 3235 ἀκολασταίνων
668 3179 743 3243 δὲ,
780 3179 873 3232 καὶ
897 3178 1072 3249 ἑαυτῷ
1099 3180 1192 3232 καὶ
1214 3179 1293 3250 τῷ
1325 3176 1487 3249 κοινῷ
1520 3177 1801 3251 βλαϐερός.

1912 3171 2060 3226 enim
2107 3172 2301 3227 horum
2358 3182 2461 3228 tam
2515 3175 2620 3229 sibi
2674 3191 2836 3245 quam
2869 3178 3087 3248 publico
3108 3181 3259 3237 utilis
3285 3190 3405 3247 est,
3434 3183 3484 3238 si

239 3273 353 3326 Καὶ
377 3273 425 3325 εί
453 3270 567 3324 ἔστι
601 3270 832 3342 διαφορά
863 3287 947 3334 τις
974 3271 1225 3325 κιναίδων
1255 3271 1347 3324 καὶ
1372 3270 1651 3342 ἀνδρείων,
1681 3271 1813 3323 ἀκο-

236 3361 453 3417 λάστων
504 3361 599 3414 καὶ
644 3360 972 3432 σωφρόνων·
1020 3360 1114 3413 καὶ
1156 3358 1272 3412 ἔστι
1317 3359 1584 3430 κρείσσων
1627 3360 1660 3429 ἡ
1706 3357 1813 3412 τῶν

235 3454 503 3527 ἀνδρείων
539 3452 633 3507 καλ⁹
667 3451 976 3523 σωφρόνων,
1017 3452 1213 3523 χείρων
1237 3451 1292 3504 δὲ
1327 3451 1488 3521 ἡτῶν
1522 3451 1808 3503 ἐναντίωνο

234 3547 286 3600 οἱ
318 3546 376 3600 δὲ
405 3546 507 3615 τῆς
539 3542 852 3616 κρείσσονος
885 3541 1050 3611 ἐγγύς
1082 3544 1188 3595 είσι
1234 3541 1328 3594 καὶ
1356 3540 1496 3610 φίλοι
1537 3538 1692 3603 Θεοῦ,
1723 3540 1815 3593 καὶ

233 3640 286 3693 οἱ
317 3639 420 3708 τῆς
449 3636 694 3709 χείρονος
738 3634 952 3707 μακρὰν
980 3634 1074 3709 καί
1106 3633 1287 3705 ἐχθροί
1307 3649 1320 3663 ο
1364 3633 1412 3685 οἱ
1450 3631 1698 3700 λέγοντες
1724 3631 1817 3701 γέ-

232 3745 385 3786 νεσιν
410 3730 471 3783 τὸ
504 3728 636 3782 αὐτὸ
667 3728 762 3799 τὴν
795 3727 1005 3781 ἀδικίαν
1037 3708 1173 3780 εἶναι
1206 3726 1298 3779 καὶ⁹
1326 3725 1422 3798 τὴν
1450 3724 1812 3794 δικαιοσύνην,

232 3822 297 3876 οὐ
326 3820 659 3893 διορίζονται
691 3819 954 3873 κιναιδίαν
984 3819 1076 3872 καὶ
1107 3818 1376 3889 ἀνδρείαν,
1410 3817 1679 3888 ἀκρασίαν
1722 3816 1817 3869 καὶ

235 3912 624 3985 σωφροσύνην,
655 3912 790 3982 ὅπερ
820 3909 1094 3963 ἀδύνατον.
1135 3910 1198 3961 Et
1229 3909 1335 3981 γὰρ
1367 3907 1443 3978 τῷ
1468 3907 1622 3978 κακῷ
1648 3909 1818 3975 τάγα-

236 4005 332 4061 θὸν
366 4005 639 4069 ἐναντίον,
670 4004 731 4057 τὸ
757 4002 815 4056 δὲ
845 4002 1029 4056 ἄδικον
1056 4001 1223 4055 κακόν
1244 4018 1257 4030 ·
1295 4000 1451 4053 τοῦτο
1478 4000 1534 4053 δὲ
1575 3999 1815 4053 ἐναντίον

233 4098 313 4170 τῷ
333 4097 532 4168 δικαίῳ
548 4112 562 4126 ο
591 4094 654 4148 τὸ
674 4095 730 4148 δὲ
749 4094 972 4159 δίκαιον,
1003 4093 1224 4163 ἀγαθόν·
1248 4091 1308 4145 τὸ
1322 4091 1377 4144 δὲ
1396 4090 1596 4158 ἀγαθὸν
1625 4089 1816 4161 ἐχθρὸν

233 4190 330 4247 τοῦ
367 4189 542 4245 κακοῦ
562 4205 576 4219 '
613 4187 866 4257 ἀνόμοιον
904 4186 961 4240 δὲ
988 4185 1049 4239 τὸ
1080 4185 1248 4240 κακον
1281 4182 1357 4254 τῷ
1383 4180 1569 4253 ἀγαθῷ
1588 4198 1601 4211 ⁸
1633 4181 1817 4252 ἕτερον

234 4284 347 4357 ἀρα
378 4283 440 4336 τὸ
468 4282 683 4335 δίκαιον
713 4276 807 4332 τοῦ
834 4278 1043 4332 ἀδίκου.
1091 4279 1206 4331 Οὐκ
1244 4277 1349 4348 ἄρα
1381 4275 1551 4337 αἴτιος
1577 4272 1760 4327 κακῶν
1789 4274 1818 4326 6

235 4376 393 4439 Θεὸς,
425 4375 549 4429 οὐδὲ
581 4372 766 4445 χαίρει
797 4374 908 4435 τοῖς
931 4373 1141 4435 κακοῖς.
1177 4370 1252 4423 Ού
1286 4369 1595 4438 συνίστησιν
1623 4366 1818 4429 αὐτοὺς

234 4470 264 4523 6
304 4469 501 4538 Λόγος,
531 4464 743 4536 ἀγαθὸς
776 4463 870 4518 ῶν.
905 4463 975 4517 Εἴ
998 4464 1105 4516 εἰσι
1134 4463 1190 4516 δὲ
1227 4461 1450 4533 πονηροί
1479 4477 1640 4524 τινες,
1677 4455 1816 4511 κατά

1917 3272 2103 3320 castus
2136 3265 2242 3331 sit;
2297 3267 2380 3321 sin
2415 3266 2758 3332 luxuriosus,
2797 3275 2908 3322 tam
2944 3270 3048 3324 sibi
3081 3287 3242 3341 quam
3264 3275 3484 3343 publico

1916 3355 2135 3412 noxius.
2161 3356 2227 3410 Et
2252 3359 2298 3412 si
2328 3366 2409 3413 est
2441 3358 2738 3413 discrimen
2768 3360 3037 3428 quoddam
3072 3363 3214 3419 inter
3245 3365 3486 3425 cinaedos

1916 3447 2172 3518 virosque
2203 3448 2371 3503 fortes
2394 3489 2408 3515 ,
2442 3450 2693 3520 interque
2718 3451 3021 3521 impudicos
3049 3461 3103 3507 et
3136 3463 3341 3522 castos,
3370 3465 3485 3515 est-

1917 3556 2022 3611 que
2047 3543 2237 3597 melior
2268 3543 2487 3599 fortium
2517 3555 2679 3616 atque
2707 3553 2981 3601 castorum
3015 3548 3197 3618 natio,
3246 3549 3488 3607 deterior

1916 3648 2046 3687 vero
2091 3649 2277 3689 eorum
2307 3637 2402 3705 qui
2450 3636 2810 3692 adversantur
2843 3657 2856 3691 :
2892 3640 3159 3709 siquidem
3195 3642 3358 3697 etiam
3387 3644 3483 3714 qui

1917 3726 2086 3794 partis
2119 3727 2360 3782 melioris
2406 3736 2554 3793 sunt,
2605 3729 2714 3785 Deo
2741 3730 2905 3784 vicini
2939 3717 3096 3802 eique
3127 3734 3291 3788 amici
3320 3742 3482 3804 sunt;

1919 3818 2010 3887 qui
2041 3833 2168 3873 vero
2199 3819 2266 3873 ad
2297 3821 2603 3890 sequiorem
2648 3822 2958 3892 pertinent,
3013 3825 3172 3897 longe
3205 3841 3233 3880 a
3266 3824 3377 3883 Deo
3407 3829 3487 3884 di-

1918 3916 2099 3974 stant,
2127 3919 2182 3965 et
2211 3919 2338 3966 sunt
2375 3912 2580 3968 inimici
2614 3932 2627 3967 :
2663 3913 2756 3984 qui
2785 3913 2974 3970 dicunt
3023 3917 3189 3972 natali
3224 3918 3485 3977 fataiitate

1914 4000 2138 4071 perinde
2178 4003 2500 4071 injustitiam
2531 4011 2692 4075 atque
2713 4005 2984 4075 justitiam
3023 4007 3215 4074 afﬂari,
3239 4026 3347 4066 non
3371 4012 3486 4068 dis-

1915 4091 2170 4161 tinguunt
2204 4093 2536 4148 cinaedorum
2571 4095 2852 4150 mollitiem
2896 4111 2925 4150 a
2957 4095 3304 4163 fortitudine,
3330 4109 3383 4156 et
3408 4101 3488 4156 lu-

1915 4183 2128 4237 xuriam
2151 4198 2179 4237 a
2215 4186 2495 4241 castitate:
2525 4200 2645 4256 quae
2683 4192 2744 4240 ut
2788 4187 2844 4240 in
2863 4203 3030 4241 unum
3059 4196 3342 4259 cogantur,
3368 4191 3486 4247 ﬁeri

1916 4288 2026 4327 non
2060 4280 2259 4344 potest.
2300 4276 2358 4330 Si
2407 4276 2551 4331 enim
2601 4277 2804 4331 bonum
2829 4279 2971 4333 malo
3002 4282 3340 4336 contrarium
3366 4290 3483 4351 est,

1918 4366 2182 4438 injustum
2222 4378 2403 4427 autem
2446 4372 2647 4426 malum
2688 4379 2771 4428 est
2807 4392 2819 4427 :
2852 4379 2905 4427 et
2934 4374 3056 4439 hoc,
3087 4383 3238 4444 ως)ιο
3270 4389 3488 4431 contra-

1915 4460 2058 4515 rium
2086 4481 2098 4516 :
2124 4477 2288 4534 porro
2308 4463 2453 4534 quod
2472 4463 2704 4533 justum,
2731 4464 2871 4519 idem
2901 4464 3132 4521 bonum:
3159 4467 3362 4522 bonum
3388 4484 3485 4522 au-

235 4561 448 4616 ἐνδειαν
505 4557 725 4631 φρενῶν
767 4557 902 4609 εἰσιν
943 4549 1084 4609 οὗτοι
1133 4553 1380 4626 πονηροὶ,
1434 4551 1527 4605 καὶ
1571 4551 1631 4605 ού
1676 4549 1810 4604 κατά

1921 4559 2029 4609 tem
2061 4554 2344 4610 inimicum
2377 4556 2519 4610 malo
2548 4574 2561 4611 :
2610 4556 2874 4612 dissimile
2913 4573 3041 4612 vero
3068 4559 3267 4612 malum
3298 4560 3440 4613 bono
3467 4578 3482 4613 :

235 4653 476 4725 γένεσιν.

1925 4645 2072 4701 aliud
2105 4646 2328 4701 omnino
2350 4648 2454 4702 erit
2480 4648 2747 4720 longeque
2765 4648 3037 4703 diversum
3055 4651 3266 4718 justum
3300 4650 3368 4705 ab
3397 4651 3485 4706 in-

235 4747 411 4819 justo.
446 4743 567 4797 Non
596 4743 762 4814 igitur
795 4750 986 4796 auctor
1014 4740 1278 4794 malorum
1321 4737 1462 4793 Deus
1484 4777 1499 4802 ,
1535 4753 1636 4792 nec
1659 4736 1818 4793 malis
1853 4738 2170 4795 delectatur.
2196 4740 2380 4811 Neque
2411 4741 2550 4796 ratio
2580 4742 2700 4797 illos
2745 4742 3115 4811 commendat,
3164 4757 3284 4813 quae
3342 4743 3488 4800 bona

239 4844 334 4900 sit.
373 4839 536 4908 Quod
560 4841 605 4894 si
640 4838 859 4908 quidam
888 4837 1017 4891 mali
1050 4846 1211 4900 sunt,
1268 4834 1466 4890 mentis
1492 4834 1670 4905 inopia
1696 4836 1826 4890 mali
1867 4843 2014 4901 sunt,
2046 4853 2154 4891 non
2185 4839 2351 4892 natali
2375 4839 2485 4892 ulla
2514 4837 2796 4892 fatalitate.

313 4935 562 5007 Σερῇσιν
613 4933 1055 5002 ἀτασθαλίῃσιν
1094 4929 1428 5029 ιξπέρμορον
1460 4928 1620 4998 ἄλγε’
1649 4931 1822 4999 ἕχον-

242 5050 341 5100 τες
375 5032 512 5100 (55).

311 5030 726 5178 ἓέἷῖοάνελεῖν
749 5134 886 5183 τινα,
927 5118 1020 5171 καὶ
1062 5116 1205 5188 φόνῳ
1242 5115 1339 5179 τάς
1371 5117 1555 5187 χεῖρας
1589 5116 1818 5186 αἱμάξαι

238 5216 460 5288 γένεσις
486 5194 817 5284 ἐργάζεταισ
852 5208 1006 5262 τοῦτο
1043 5208 1100 5260 δὲ
1129 5208 1290 5279 νόμος
1326 5206 1542 5272 κωλύει,
1576 5205 1818 5271 κολάζων

238 5309 371 5371 τοὺς
412 5301 748 5372 ἀλάστορας,
792 5298 887 5352 καὶ
927 5297 991 5351 δι’
1038 5297 1265 5368 ἀπειλῆς
1308 5297 1582 5369 ἀπείργων
1611 5293 1680 5349 τά
1718 5297 1817 5367 τῆς

241 5398 512 5472 γενέσεως
541 5393 788 5464 δόγματα
815 5408 826 5420 ·
873 5385 982 5443 οἷον
1017 5389 1078 5443 τὸ
1109 5390 1380 5461 ἀδικῆσαι,
1412 5386 1817 5461 μοιχεύσασθαι,

244 5490 464 5561 κλέψαι,
492 5482 884 5558 φαρμακεῦσαι
902 5500 915 5514 ⁸
940 5482 1178 5536 ἐναντίον
1202 5482 1308 5554 ἄρα
1331 5484 1360 5536 6
1390 5482 1549 5553 νόμος
1577 5480 1815 5550 γενέσει.

248 5584 389 5639 Ὀσα
433 5582 532 5655 μὲν
560 5577 674 5650 γὰρ
711 5576 922 5645 γένεσις
960 5574 1145 5645 ὥρισε,
1178 5573 1347 5628 ταῦτα
1384 5574 1545 5646 νόμος
1587 5571 1816 5626 κωλύει·

322 5720 433 5793 (52)
463 5717 533 5774 ει
557 5732 635 5770 τι.
661 5710 931 5793 uaccae:
953 5708 1154 5793 Nazar.
1183 5715 1237 5763 et
1258 5708 1503 5765 Allatius.
1528 5704 1811 5764 Possinius

251 5782 493 5859 vero,'ex
523 5803 629 5844 ms.
664 5783 815 5846 Vat.,
846 5783 875 5835 ὅ
906 5798 975 5835 τι.
999 5782 1287 5836 (Ζοιιεειι-ιε.

572 5882 854 5942 Pyram“
885 5878 1002 5942 Gn.
1039 5875 1266 5939 XVIII.

2001 4928 2262 5002 Nequitiis
2304 4934 2403 4987 sibi
2435 4932 2631 4985 damna
2673 4932 2783 4984 suis
2815 4939 3129 4999 mortemque
3156 4938 3412 4988 creantes.

1997 5108 2054 5165 Si
2096 5112 2367 5167 hominem
2415 5109 2722 5165 interﬁcere
2768 5116 2821 5163 et
2862 5122 3009 5163 caece
3042 5122 3238 5163 manus
3286 5122 3485 5162 cruen-

1921 5210 2059 5266 tare,
2097 5203 2295 5259 natalis
2328 5202 2563 5258 fatalitas
2592 5201 2792 5274 adigit;
2820 5201 2961 5256 idem
2990 5208 3172 5255 autem
3206 5201 3293 5275 lex
3313 5205 3481 5259 vetat,

1921 5295 2133 5351 sicariis
2161 5295 2425 5364 supplicia
2456 5294 2777 5354 decernens,
2803 5291 3075 5361 minisque
3097 5290 3353 5361 gravibus
3382 5287 3479 5341 de-

1925 5396 2139 5443 terrcns
2161 5388 2230 5442 ab
2262 5387 2329 5442 iis
2356 5403 2474 5457 quae
2514 5385 2712 5440 natalis
2765 5383 3001 5439 fatalitas
3037 5383 3306 5452 injungit;
3352 5385 3482 5448 puta

1925 5480 1992 5534 ab
2017 5480 2215 5550 injuria
2254 5479 2551 5541 inferenda,
2596 5477 2665 5531 ab
2706 5476 2995 5539 adulterio,
3043 5489 3074 5525 a
3109 5472 3280 5535 furto,
3323 5485 3354 5523 a
3391 5483 3484 5524 ve-

1928 5571 2137 5627 neﬁciis
2182 5590 2194 5625 :
2232 5572 2504 5627 contraria
2553 5584 2682 5640 ergo
2728 5568 2925 5623 natalis
2981 5564 3221 5619 fatalitas
3267 5570 3323 5619 et
3370 5560 3484 5621 ἱει.

1989 5704 2101 5776 (55)
2138 5703 2389 5776 Σερῇσιν.
2436 5703 2643 5759 Ὀδυσσ.
2675 5695 2743 5764 Α,
2778 5695 2829 5754 7.
