4056 6302
3700 335 3730 388 1
3741 331 3858 387 τε

576 395 673 449 171
1554 373 1613 429 S.
1653 365 1984 426 METHODII
2023 359 2330 418 EPlSCOPl
2368 355 2453 411 ET
2498 347 2856 409 MARTYRIS

576 511 929 577 Quaecunque
962 502 1102 559 enim
1132 497 1330 555 natalis
1369 492 1606 550 fatalitas
1636 489 1848 552 statuit,
1893 487 1976 542 lex
2008 499 2134 556 pro-

2255 485 2332 535 ica
2364 480 2420 533 δὲ
2453 477 2612 546 νόμος
2637 470 2854 532 κωλύει,
2892 463 3068 520 ταῦτα
3091 464 3300 534 γένεσις
3334 460 3509 514 ποιεῖν
3537 452 3855 527 βιάζεταιο

2314 572 2327 577 -
2357 571 2370 577 -
2532 566 2555 577 -ν
2760 561 2772 577 ο
2903 558 3001 577 νιηκ
3029 575 3041 577 -
3095 557 3156 577 tu
3189 555 3238 577 ιιι
3260 552 3513 577 _-\1...-..
3564 546 3666 577 ιη’...
3697 544 3849 577 1',-

578 544 835 577 ηυωυυ...
864 544 928 561 ..υ
1132 544 1329 555 ....--..-
1369 544 1603 550 ,πη----π-
1636 544 1683 547 _,
1760 544 1765 545 ,
1836 544 1847 552 ,
2008 544 2024 556 _

578 604 767 665 hibet;
801 544 1138 669 qiizecunque
1171 607 1302 646 vero
1334 590 1421 644 lex
1463 585 1733 658 prohibet,
1770 578 1967 634 natalis
1998 576 2137 630 fata-

2255 571 2498 642 πολέμιον
2520 544 2633 638 ἀρα
2651 561 2860 633 γενέσει
2880 558 3061 629 νόμος.
3095 557 3159 609 Εἰ
3185 555 3241 608 δὲ
3257 552 3535 621 πολέμιον,
3564 546 3669 599 οὐκ
3696 544 3855 614 ἄρα.

2351 661 2361 669 ·
2449 660 2460 669 -
2670 655 2683 669 ο
2828 650 2992 669 nu---
3022 665 3034 669 -
3066 648 3132 669 -ι-
3164 644 3268 669 ηε-
3300 640 3516 669 in-.-“
3547 635 3855 669 smmum;

580 635 729 657 ιιιυευ
753 642 767 665 ,
801 635 1138 669 ιιιιωυυυιμιν
1181 635 1300 646 ...ην
1336 635 1421 644 ,νη
1466 635 1733 658 r---____,,

580 695 702 748 litas
729 692 905 745 facere
936 687 1104 757 adigit
1137 704 1152 740 :
1188 680 1500 738 adversaria
1535 691 1660 746 ergo
1689 673 1856 727 natali
1884 668 2135 725 fatalitati

2255 635 2609 729 ιατάγένεσιν
2637 655 2686 708 οἱ
2713 650 2999 723 νομοθέται
3021 665 3034 678 ο
3064 648 3133 701 τά
3163 644 3271 718 γὰρ
3299 640 3519 697 ἐναντία
3546 635 3858 708 δογματξ-

2573 749 2584 757 ‘
2781 745 2793 757 '
2981 742 3001 757 λ
3029 741 3040 755 ’
3130 756 3135 757 γ
3192 756 3197 757 γ
3258 737 3411 757 It"---
3460 727 3553 757 Αἵ-.
3588 727 3853 757 --λιιροτρ

581 727 702 748 luna
730 727 905 745 ...νων
936 727 1104 757 ...υδη
1138 727 1152 740 .
1188 727 1500 738 sum---”
1541 727 1624 746 --σ

578 789 684 841 lex.
717 783 774 838 Si
803 790 982 837 autem
1026 780 1103 834 illi
1147 774 1480 836 adversaria,
1513 785 1622 825 non
1652 767 1820 838 igitur
1852 777 1948 835 per
1980 767 2138 816 nata-

2255 759 2420 820 ζοντες
2464 749 2697 820 γενέσει,
2731 745 2944 815 γένεσιν
2981 741 3218 795 λύουσιν.
3258 737 3415 790 Ἤτοι
3458 727 3554 786 οὖν
3588 727 3853 799 γένεσίς

2777 839 2800 841 μ
2900 832 2925 841 ..
3078 833 3091 841 ,
3297 830 3321 841 _
3388 831 3401 841 _
3549 827 3561 841 ,
3652 840 3659 841 7
3776 822 3841 841 4

2237 851 2371 913 ἐστι,
2409 845 2503 899 καὶ
2541 843 2641 895 οὐκ
2673 839 2841 912 ἐχρῆν
2872 832 3009 891 εἶναι
3035 833 3261 904 νόμους·
3295 830 3328 901 ἡ
3354 831 3460 882 εἰσι
3505 827 3686 896 νόμοι.
3720 822 3848 875 καὶ

2236 941 2336 993 οὐκ
2376 939 2481 992 εἰσὶ
2510 934 2652 989 κατά
2680 932 2911 1002 γένεσιν.
2966 926 3104 981 Ἀλλ’
3136 926 3413 995 ἀμήχανον
3453 919 3627 991 χωρὶς
3654 915 3850 984 γενέ-

2241 1048 2377 1095 σεως
2405 1027 2568 1098 φῦναί
2599 1042 2740 1087 τινα,
2775 1023 2868 1076 καὶ
2894 1014 3290 1090 διαπράξασθαί
3314 1029 3388 1066 τι’
3413 1010 3535 1065 οὐδὲ
3560 1009 3674 1080 γάρ
3720 1006 3842 1058 τὸν

2238 1121 2494 1179 δάκτυλον
2544 1117 2740 1183 ἐξεῖναί
2784 1130 2915 1184 φασι
2959 1112 3128 1183 χωρὶς
3181 1103 3537 1179 Εἱμαρμένης
3584 1100 3843 1171 κινῆσαι

2238 1233 2364 1269 τινι.
2397 1211 2555 1267 Κατὰ
2587 1211 2799 1280 γένεσιν
2828 1207 2935 1278 ἄρα
2977 1204 3072 1257 καὶ
3108 1202 3291 1263 Μίνως
3318 1198 3415 1271 και
3442 1194 3675 1267 Δράκων
3717 1191 3844 1244 καὶ

2240 1306 2551 1376 Λυκοῦργος
2593 1302 2686 1355 καὶ
2713 1299 2887 1353 Σόλων
2924 1296 3018 1351 καὶ
3061 1294 3326 1355 Ζάλευκος
3355 1287 3647 1360 νομοθέται
3682 1283 3843 1354 φύν.

2241 1417 2351 1464 τες,
2373 1397 2682 1463 διετάξαντο
2700 1393 2825 1455 τοὺς
2847 1389 3064 1460 νόμους,
3086 1383 3518 1455 ἀπαγορεύοντες
3542 1377 3835 1451 μοιχείας,

2246 1494 2457 1564 φόνους,
2490 1490 2629 1561 βίας,
2673 1484 2946 1558 ἁρπαγὰς,
2985 1478 3211 1545 κλοπὰς,
3241 1476 3315 1539 ὡς
3344 1475 3444 1527 οὐκ
3487 1472 3663 1525 ὄντων
3695 1467 3838 1521 τού-

2244 1561 2351 1640 των
2379 1584 2473 1638 καὶ
2503 1580 2799 1652 γινομένων
2824 1576 2966 1631 κατά
2990 1573 3222 1643 γένεσιν.
3259 1569 3323 1622 Et
3354 1566 3410 1620 δὲ
3433 1563 3577 1618 κατά
3598 1561 3833 1631 γένεσιν

2246 1677 2338 1731 καὶ
2382 1673 2575 1741 ταῦτα,
2628 1651 2688 1726 οὑ
2733 1668 2875 1723 κατά
2912 1668 3123 1736 γένεσιν
3173 1664 3221 1716 οἱ
3259 1660 3435 1731 νόμοι.
3494 1656 3571 1711 Οὐ
3604 1653 3724 1725 γὰρ
3755 1651 3833 1706 ἂν

576 881 682 936 lem
737 876 1057 933 fatalitatem
1108 869 1492 941 legumlatores
1542 869 1752 934 agunt,
1801 858 2000 928 quippe
2042 853 2136 924 qui

576 967 850 1026 contraria
894 963 1063 1018 natali
1109 958 1360 1015 fatalitati
1407 952 1726 1014 sanciendo,
1769 947 2013 1004 eamdem
2043 944 2138 998 de-

578 1069 817 1120 struunt.
880 1058 988 1111 Aut
1043 1056 1208 1126 igitur
1265 1048 1465 1106 natalis
1524 1044 1832 1101 admittitur
1879 1037 2135 1100 fatalitas,

576 1156 834 1223 nullaque
857 1152 1037 1222 legum
1061 1154 1177 1203 erat
1201 1141 1505 1200 necessitas
1533 1156 1546 1190 :
1577 1142 1671 1190 aut
1698 1135 1846 1204 leges
1868 1136 2016 1193 sunt,
2040 1142 2140 1182 nec

570 1265 645 1306 ex
677 1247 846 1303 natali
888 1245 980 1298 illa
1013 1240 1300 1301 fatalitate,
1335 1242 1389 1288 et
1418 1229 1580 1303 quasi
1626 1228 1717 1282 illa
1747 1234 1967 1279 auctore
1991 1228 2136 1276 sunt.

580 1340 747 1411 Atqui
774 1337 893 1393 ﬁeri
919 1351 1029 1389 non
1060 1337 1241 1402 potest
1276 1335 1336 1381 ut
1371 1325 1578 1393 absque
1605 1320 1696 1374 illa
1724 1316 1849 1388 quis
1882 1320 2142 1369 nascatur

578 1403 688 1491 θυι·
709 1429 915 1501 aliquid
946 1433 1223 1497 operetur.
1260 1418 1392 1473 Nam
1427 1430 1496 1470 ne
1525 1412 1757 1483 digitum
1780 1406 2000 1478 quidem
2025 1403 2144 1458 sine

581 1528 695 1582 fato
727 1499 887 1596 posse
919 1520 1150 1589 aliquem
1184 1526 1402 1567 movere
1442 1508 1617 1562 aiunt.
1651 1503 1727 1557 Ex
1763 1501 1930 1555 natali
1959 1499 2145 1567 itaque

586 1589 851 1675 fatalitate
882 1613 1084 1681 illaque
1111 1613 1335 1662 auctore
1370 1601 1481 1657 nati
1515 1596 1919 1669 legumlatores,
1948 1589 2142 1651 Minos,

584 1713 783 1771 Draco,
830 1705 1131 1776 Lycurgus,
1185 1696 1373 1757 Solon,
1423 1691 1711 1752 Zaleucus,
1758 1685 1904 1754 leges
1949 1693 2146 1736 sanxe-

585 1811 717 1859 runt
755 1772 1122 1872 prohibentes,
1147 1788 1433 1850 adulteria,
1482 1781 1678 1843 caedes,
1719 1775 1968 1846 injurias,
2002 1772 2148 1842 rapi-

2247 1769 2384 1841 αὑτὴ
2403 1768 2494 1838 ἀφ’
2525 1765 2725 1835 ἑαυτῆς
2750 1763 3001 1834 ἀνῃρεῖτο
3027 1758 3262 1829 γένεσις,
3290 1752 3426 1824 αὐτὴ
3457 1749 3661 1820 ἑαυτὴν
3688 1748 3835 1801 ἀκυ-

589 1838 717 1859 m...
756 1838 1122 1872 ν.υ....,υ...ν.,,
1148 1838 1433 1850 --____-__,,,
1666 1838 1675 1843 _
1775 1838 1793 1846 _
1955 1838 1963 1841 _
2066 1838 2080 1842 _

589 1911 711 1960 nas,
747 1894 919 1955 furta;
944 1887 1090 1944 haud
1115 1883 1280 1940 dubie
1315 1874 1583 1936 arbitrati,
1608 1885 1783 1941 neque
1804 1882 1945 1931 esse,
1970 1879 2148 1934 neque

2255 1838 2438 1937 ροῦσα,
2472 1858 2567 1914 καὶ
2594 1857 2731 1928 αὐτὴ
2760 1857 2926 1925 ἑαυτῇ
2967 1850 3250 1924 μαχομένη
3269 1864 3283 1878 ·
3310 1846 3405 1900 καὶ
3437 1841 3677 1898 ἐνταῦθα
3727 1838 3834 1910 μὲν

2261 1958 2269 1960 ⁴
2649 1952 2660 1960 ⁵
2900 1945 2912 1960 ’
3072 1944 3085 1960 ‘
3167 1942 3181 1960 '
3314 1931 3804 1960 -.ι-.-..--.ο-...ι...

589 1986 872 2045 ﬁeri-talia
898 1997 994 2053 per
1032 1978 1269 2035 natalem
1304 1969 1643 2026 fatalitatem.
1678 1961 1775 2019 Sin
1804 1968 1986 2015 autem
2032 1959 2148 2013 haec

589 2095 802 2153 quoque
841 2092 936 2147 per
976 2072 1209 2128 natalem
1249 2064 1567 2121 fatalitatem
1594 2098 1609 2122 ,
1666 2071 1776 2111 non
1824 2060 1956 2110 sunt
2000 2053 2148 2123 leges

588 2146 686 2245 per
711 2146 945 2225 natalem
976 2164 1298 2220 fatalitatem
1329 2154 1555 2224 {neque
1583 2150 1728 2207 enim
1752 2150 1871 2220 ipsa
1894 2161 1953 2202 se
1975 2146 2148 2215 ipsam

586 2238 785 2322 natalis
818 2260 1057 2316 fatalitas
1101 2256 1428 2312 destrueret,
1455 2248 1575 2316 ipsa
1623 2244 1726 2297 sibi
1771 2238 2152 2296 auctoritatem

586 2359 900 2417 detrahens,
952 2364 1016 2404 ac
1045 2361 1229 2405 secum
1276 2344 1396 2413 ipsa
1443 2351 1695 2410 pugnans
1727 2354 1739 2389 :
1769 2333 1897 2388 hinc
1929 2327 2147 2400 quidem

587 2451 734 2522 leges
772 2454 1040 2508 statuens,
1073 2437 1341 2495 adulteria
1378 2433 1661 2500 caedesque
1693 2426 2060 2498 prohibentes,
2098 2427 2153 2476 et

589 2544 863 2600 ulciscens
884 2536 1152 2605 malisque
1173 2532 1445 2586 mulctans
1491 2512 1683 2579 talium
1706 2520 1997 2577 criminum
2046 2531 2171 2570 reos

2248 1931 2709 2027 ἀπαγορευτικοὺς
2737 1945 2981 2021 μοιχείας
3002 1944 3096 1998 καὶ
3118 1942 3292 2013 φόνων
3314 1938 3510 2007 νόμους
3529 1931 3827 2002 τιθεμένη,

2250 2049 2343 2101 καὶ
2362 2022 2743 2117 τιμωρουμένη
2810 2040 2903 2093 καὶ
2949 2032 3346 2106 ὲπεξερχομένη
3405 2029 3530 2091 τοὺς
3586 2022 3825 2086 κακούςο

2251 2116 2483 2194 ἐνταῦθα
2514 2116 2572 2189 δὲ
2606 2136 2797 2204 φόνους
2827 2132 2921 2186 καὶ
2957 2128 3199 2202 μοιχείας
3234 2121 3598 2198 ἐργαζομένη.
3662 2116 3835 2170 Ἀλλὰ

2252 2232 2409 2286 τοῦτο
2445 2231 2725 2285 ἀδύνατον.
2765 2227 2931 2282 Οὐδὲν
2967 2224 3077 2296 γάρ
3110 2222 3392 2277 ἀλλόκοτον
3425 2216 3557 2272 αὐτὸ
3601 2210 3829 2274 ἑαυτοῦ,

2254 2327 2348 2380 καὶ
2371 2323 2502 2378 αὐτὸ
2525 2320 2701 2391 ἐαυτῷ
2723 2318 3175 2390 ἀπεχθανόμενον,
3207 2313 3299 2367 καὶ
3323 2310 3451 2366 αὐτὸ
3468 2308 3632 2362 ἑαυτὸ
3655 2321 3834 2360 κατα-

2257 2416 2403 2482 λύον,
2435 2416 2528 2469 καὶ
2557 2413 2879 2485 ἀσύμφωνον
2913 2410 3042 2464 αὐτὸ
3065 2405 3257 2478 ἑαυτῷ.
3285 2404 3398 2459 Ούκ
3427 2403 3534 2474 ἄρα
3560 2401 3804 2470 γένεσις.

2210 2534 2221 2567 :
2265 2511 2484 2567 aliunde
2521 2518 2701 2564 autem
2732 2507 2800 2563 ad
2849 2506 3024 2562 caedes
3057 2514 3220 2573 atque
3265 2500 3531 2556 adulteria
3567 2497 3830 2553 homines

592 2641 851 2711 adigens;
882 2633 1028 2706 quod
1053 2592 1168 2687 lieri
1190 2628 1341 2684 nullo
1374 2624 1533 2680 modo
1563 2629 1759 2692 potest.
1811 2617 1957 2671 Nihil
1979 2614 2122 2669 enim
2174 2627 2203 2665 a
2234 2628 2293 2667 se
2337 2610 2458 2681 ipso
2507 2608 2743 2664 alienum
2780 2614 2945 2676 atque
2993 2604 3318 2662 abhorrens,
3374 2600 3669 2670 ipsumque
3725 2592 3830 2649 sibi

593 2690 805 2711 “"'O'"'
838 2690 851 2703 ι
900 2690 916 2706 .
1564 2690 1575 2692 _

593 2735 699 2806 ipsi
742 2730 1028 2796 adversum
1070 2739 1133 2777 ac
1176 2736 1235 2777 se
1272 2718 1581 2778 destruens,
1629 2712 1843 2780 sibique
1889 2705 2317 2760 dissentaneum.
2359 2697 2516 2753 Nulla
2548 2708 2631 2753 est
2666 2696 2830 2767 igitur
2865 2694 3062 2749 natalis
3089 2690 3345 2746 fatalitas.

667 2828 725 2883 Si
774 2840 871 2897 per
910 2819 1144 2877 natalem
1186 2814 1512 2870 fatalitatem
1547 2800 1898 2876 ﬁtquidquid
1938 2797 2157 2852 tandem

596 2929 702 2988 est,
749 2932 851 2973 nec
890 2913 1009 2970 sine
1050 2911 1143 2964 illa
1186 2906 1477 2978 quidquam
1517 2911 1745 2971 prorsus
1793 2892 2027 2955 exsistit,
2064 2903 2158 2943 ne-

597 3025 753 3067 cesse
781 3014 866 3063 est
889 3013 942 3061 et
971 3004 1144 3072 legem
1175 2999 1267 3053 illa
1306 3001 1528 3050 auctore
1556 3003 1699 3046 esse.
1734 2982 1899 3054 Atqui
1929 2982 2014 3036 lex
2041 2992 2159 3033 eam

599 3104 761 3167 tollit,
795 3114 916 3170 quae
959 3069 1168 3150 addisci
1209 3091 1467 3147 virtutem
1512 3099 1576 3138 ac
1625 3076 1845 3137 suaderi
1874 3088 2037 3146 posse
2063 3069 2165 3125 doa

600 3162 758 3261 ceat,
791 3162 1174 3258 diligentiaque
1211 3197 1274 3235 ac
1307 3176 1610 3233 attentione
1654 3184 1772 3227 eam
1819 3162 2157 3236 comparari;
2187 3198 2229 3257 Ο

600 3288 764 3347 vitari
805 3297 1024 3356 quoque
1066 3294 1227 3351 posse
1279 3274 1490 3337 vitium,
1543 3276 1597 3323 et
1646 3282 1713 3321 ex
1756 3257 2160 3329 indisciplinata

599 3389 782 3438 mente
803 3350 1078 3448 proli—cisci
1102 3389 1118 3438 ;
1154 3367 1304 3423 nulla
1332 3378 1460 3434 ergo
1485 3368 1569 3416 est
1604 3354 1808 3412 natalis
1830 3350 2087 3406 latalitas.

673 3472 730 3527 Si
760 3480 818 3524 ut
857 3467 947 3522 alii
976 3465 1113 3519 alios
1143 3459 1340 3529 injuria
1369 3452 1686 3516 adiciamus,
1715 3463 1777 3503 ac
1800 3443 2042 3501 vicissim
2074 3439 2161 3494 af-

601 3566 869 3625 ﬁciamur,
917 3562 1139 3629 praestat
1185 3549 1383 3606 natalis
1440 3543 1716 3605 fatalitas,
1773 3535 1904 3608 quid
1949 3532 2161 3603 legibus

600 3655 781 3730 opus?
813 3624 1127 3708 Sin-autem
1157 3660 1222 3700 eo
1263 3643 1407 3713 leges
1435 3641 1682 3709 spectant
1710 3640 1771 3687 ut
1797 3624 2163 3697 delinquenti-

598 3717 705 3806 bus
733 3760 890 3819 poena
921 3745 1254 3813 imponatur,
1292 3733 1404 3788 Deo
1444 3730 1553 3785 illis
1584 3724 1902 3799 providente
1939 3719 2031 3791 qui
2074 3717 2160 3770 in-

597 3810 750 3914 juria
786 3810 1056 3893 laeduntur
1093 3848 1108 3885 :
1142 3843 1273 3885 sane
1309 3822 1600 3895 prmstabat
1641 3816 1793 3871 fatali
1838 3810 2165 3868 necessitate

601 3904 778 3989 malos
808 3944 918 3984 non
943 3926 1080 3990 ﬁeri,
1111 3934 1273 3993 quam
1303 3917 1394 3971 ubi
1423 3913 1547 3969 facti
1571 3918 1720 3973 sunt,
1744 3904 1956 3978 legibus
1981 3915 2165 3957 emen-

604 4025 746 4084 dari.
779 4020 940 4090 Atqui
978 4016 1125 4071 Deus
1165 4014 1341 4067 bonus
1384 4014 1468 4062 est
1506 4011 1560 4060 et
1604 3999 1848 4071 sapiens,
1888 3995 2051 4064 idque
2080 3992 2165 4045 fa-

610 4123 764 4178 ciens
793 4115 937 4188 quod
970 4108 1334 4184 praestabilius
1365 4106 1475 4171 sit;
1502 4101 1652 4157 nulla
1692 4111 1825 4169 ergo
1848 4103 1932 4152 est
1967 4091 2167 4148 natalis

610 4210 869 4267 fatalitas.

679 4305 788 4357 Aut
825 4294 1164 4355 educationis
1208 4304 1378 4362 genus
1405 4285 1781 4354 contractique
1828 4293 2029 4344 mores,
2071 4292 2169 4332 seu

607 4397 817 4454 imbuta
849 4390 1082 4450 indoles,
1109 4399 1289 4440 causae
1311 4388 1438 4437 sunt
1462 4390 1840 4449 peccatorum;
1874 4380 1968 4427 aut
2000 4368 2169 4424 animi

608 4484 1070 4561 perturbationes,
1112 4485 1166 4533 et
1195 4488 1316 4545 quae
1354 4486 1451 4543 per
1478 4483 1678 4539 corpus
1712 4464 1981 4520 desideria
2013 4474 2169 4516 exer-

2326 2793 2390 2846 Εί
2421 2792 2563 2878 κατά
2603 2792 2813 2861 γένεσιν
2844 2790 2949 2842 πᾶν
2978 2788 3005 2841 ὅ
3025 2804 3078 2839 τι
3097 2782 3291 2838 ποτοῦν
3326 2782 3558 2850 γίνεται,
3587 2780 3687 2833 καὶ
3716 2779 3831 2832 ἐστι

2255 2886 2377 2957 δίχα
2408 2872 2669 2954 γενέσεως
2699 2880 2848 2935 οὐδέν
2867 2898 2881 2913 ·
2920 2880 3129 2949 ἀνάγκη
3165 2875 3258 2930 καὶ
3287 2874 3377 2927 τὸν
3418 2872 3583 2943 νόμον
3619 2872 3831 2940 γενέσει

2257 2978 2557 3050 γεγονέναι.
2618 2975 2779 3031 Ἀλλά
2820 2974 2980 3045 νόμος
3017 2972 3229 3041 γένεσιν
3274 2968 3509 3039 ἀναιρεῖ,
3569 2964 3830 3035 διδακτὴν

2257 3075 2524 3130 διδάσκων
2554 3071 2651 3143 τὴν
2695 3068 2913 3141 ἀρετὴν,
2938 3067 3031 3121 καὶ
3079 3062 3138 3128 ἐξ
3181 3060 3494 3134 ἐπιμελείας
3536 3075 3835 3133 προσγινο-

2264 3162 2459 3234 μένην·
2500 3158 2738 3230 φευκτὴν
2784 3158 2841 3212 δὲ
2875 3155 2972 3227 τὴν
3000 3154 3214 3218 κακίαν,
3245 3152 3338 3206 καὶ
3372 3150 3431 3218 ἐξ
3471 3148 3833 3211 ἀπαιδευσίας

2264 3252 2558 3325 φυομένην.
2585 3251 2697 3305 Οὐκ
2726 3249 2834 3322 ἀρα
2861 3248 3093 3318 γένεσις.

2331 3440 2396 3493 Εἰ
2435 3439 2496 3492 τὸ
2525 3436 2783 3507 ἀλλήλους
2825 3434 3029 3489 ἀδικεῖν
3068 3432 3162 3487 καὶ
3200 3433 3262 3485 τὸ
3301 3431 3392 3485 ὑπ’
3442 3429 3691 3501 ἀλλήλων
3724 3428 3838 3483 ἀδι-

2264 3531 2476 3586 κεῖσθαι
2507 3529 2719 3599 γένεσις
2764 3529 2927 3592 ποιεῖ,
2970 3526 3055 3590 τίς
3087 3524 3246 3597 χρεία
3288 3522 3600 3594 νόμων;ιΕἰ
3642 3519 3703 3573 δὲ
3747 3521 3836 3573 ἴνα

2263 3625 2388 3689 τοὺς
2452 3622 2862 3695 ἁμαρτάνοντας
2925 3617 3256 3691 ἀμύνωνται,
3315 3615 3696 3687 φροντίζοντος
3737 3611 3834 3665 τοῦ

2263 3714 2397 3771 Θεοῦ
2418 3715 2526 3770 τῶν
2557 3712 2921 3784 ἀδικουμένων
2942 3727 2957 3742 ο
2996 3711 3213 3782 ἄμεινον
3246 3703 3313 3780 ἦν
3341 3706 3542 3769 κακοὺς
3570 3704 3649 3776 μὴ
3683 3703 3835 3775 ποιῆ-

2266 3818 2355 3854 σαι
2398 3798 2520 3854 καθ’
2579 3797 2939 3869 εἱμαρμένην,
2977 3794 3010 3866 ἢ
3069 3794 3208 3866 μετὰ
3253 3792 3315 3845 τὸ
3353 3791 3600 3861 ποιῆσαι,
3645 3789 3833 3859 νόμοις

2266 3890 2713 3964 ἐπανορθοῦσθαι.
2756 3889 2891 3943 Ἀλλ’
2928 3887 3129 3956 ἀγαθὸς
3169 3887 3197 3938 ὁ
3231 3884 3362 3948 Θεὸς
3398 3883 3491 3937 καὶ
3521 3880 3713 3951 σοφὸς,
3741 3877 3831 3934 καῖ

2264 3986 2334 4040 τὰ
2357 3985 2593 4040 κοείσσω
2617 3981 2802 4037 ποιῶν.
2834 3981 2947 4035 Ούκ
2972 3980 3079 4051 ἄρα
3111 3977 3342 4039 γένεσις.

2342 4276 2498 4329 Ἤτοι
2540 4268 2839 4343 ἀνατροφαὶ
2887 4267 2981 4321 καὶ
3022 4265 3089 4319 τὰ
3129 4262 3227 4333 ἔθη
3267 4261 3375 4314 τῶν
3419 4257 3837 4330 ἁμαρτημάτων

2271 4370 2404 4423 εἰσὶν
2426 4365 2596 4427 αἴτια,
2629 4363 2663 4434 ἢ
2692 4360 2760 4414 τὰ
2792 4357 2937 4430 πάθη
2967 4356 3065 4428 τῆς
3097 4353 3296 4426 ψυχῆς,
3325 4352 3418 4404 καὶ
3443 4349 3495 4401 at
3527 4348 3618 4402 διὰ
3646 4346 3837 4419 σώμα-

2272 4482 2363 4529 τος
2399 4460 2701 4531 ἐπιθυμίαι.
2746 4455 3034 4526 Ὀπότερον
3065 4452 3110 4506 δ’
3154 4452 3220 4505 ἂν
3248 4438 3511 4515 τούτωνῇ
3547 4442 3607 4496 τὸ
3635 4441 3833 4501 αἴτιον,

609 4544 822 4643 centur,
879 4590 976 4632 seu
1029 4569 1373 4640 cupiditates.
1414 4558 1690 4630 Quidquid
1746 4564 1927 4611 autem
1974 4554 2159 4607 horum

2272 4553 2352 4622 οἷς
2380 4555 2446 4611 ἂν
2550 4551 2742 4616 αἴτιον,
2768 4548 2898 4611 Θεὸς
2930 4544 3188 4606 ἀναίτιος.

609 4688 775 4731 causa
805 4670 897 4731 sit,
932 4673 1079 4722 certe
1111 4662 1251 4717 Deus
1273 4664 1463 4713 auctor
1486 4671 1548 4710 ac
1570 4666 1733 4707 causa
1763 4649 1987 4703 minime
2008 4645 2097 4701 sit.

680 4764 741 4820 Si
771 4762 965 4817 melius
995 4757 1300 4826 estjustum
1331 4766 1453 4807 esse
1473 4762 1636 4819 quam
1661 4742 1950 4812 injustum,
1982 4735 2170 4809 quidni

610 4857 738 4911 talis
785 4853 853 4909 ab
909 4852 1029 4922 ipso
1080 4848 1331 4919 protinus
1372 4852 1496 4897 ortu
1545 4851 1721 4907 exque
1775 4831 1959 4904 genesi
2010 4830 2173 4884 homo

613 4945 875 5003 creatur?
904 4919 1004 4999 Sin
1038 4951 1217 4996 autem
1250 4945 1459 5008 postea,
1497 4939 1556 4986 ut
1580 4928 1649 4984 ad
1672 4926 1951 4981 meliorem
1980 4919 2173 4977 evadat

614 5041 847 5109 frugem,
872 5033 1177 5103 disciplinis
1207 5030 1424 5100 cogitur
1448 5036 1611 5095 atque
1634 5018 1847 5091 legibus
1882 5035 1895 5069 :
1923 5015 2084 5084 plane
2114 5018 2174 5067 ut

614 5107 824 5188 arbitrii
852 5128 1108 5183 facultate
1141 5122 1398 5194 praeditus
1427 5120 1495 5174 iis
1527 5116 1739 5186 cogitur
1772 5116 1827 5167 et
1854 5107 2170 5177 castigatur,

612 5238 723 5278 non
759 5220 905 5275 velut
937 5216 1032 5288 qui
1058 5216 1232 5269 malus
1260 5229 1291 5267 a
1320 5218 1513 5266 natura
1542 5208 1633 5264 sit.

685 5309 747 5366 Si
768 5310 916 5374 mali,
948 5286 1114 5362 natali
1146 5303 1428 5364 fatalitate,
1462 5294 1797 5353 ineluctabili
1824 5286 2176 5363 providentiae

611 5406 835 5461 decreto
884 5399 1013 5455 mali
1052 5402 1376 5456 nascuntur,
1423 5389 1571 5444 omni
1622 5388 1782 5455 culpa
1814 5391 2035 5443 vacant,
2074 5394 2177 5433 nec

613 5494 763 5567 digni
801 5499 932 5550 sunt
975 5489 1070 5561 qui
1114 5488 1294 5558 legum
1339 5482 1515 5553 pmnis
1551 5485 1936 5540 coerceantur;
1977 5473 2175 5544 quippe

615 5588 708 5656 qui
733 5586 919 5640 vivant
960 5589 1021 5636 ut
1066 5581 1175 5635 illis
1209 5593 1240 5631 a
1267 5584 1464 5631 natura
1493 5577 1867 5640 comparatum
1895 5575 2015 5629 est;
2048 5578 2174 5618 nam

617 5700 716 5740 nec
748 5700 806 5740 se
829 5685 978 5754 ipsos
1002 5686 1213 5733 mutare
1241 5679 1555 5745 potuerunt.

688 5775 924 5839 Rursus,
977 5773 1022 5827 si
1063 5770 1214 5834 boni,
1246 5782 1311 5822 eo
1354 5763 1498 5835 quod
1539 5762 1691 5821 iuxta
1732 5764 1984 5813 naturam
2024 5763 2176 5805 suam

620 5869 746 5923 vitae
772 5867 1008 5921 rationes
1032 5832 1347 5925 instituunt,
1373 5832 1541 5912 laude
1568 5852 1716 5922 digni
1740 5856 1888 5913 sunt,
1925 5832 2055 5900 cum
2079 5857 2178 5896 ua.

2340 4738 2405 4791 Εἰ
2446 4731 2696 4807 κρεῖσσόν
2736 4729 2851 4783 ἔστι
2888 4724 2948 4778 τὸ
2979 4723 3182 4777 δίκαιον
3216 4714 3353 4771 εἶναι
3379 4712 3473 4767 τοῦ
3506 4709 3723 4772 ἀδίκου,
3748 4703 3838 4758 διὰ

2272 4830 2324 4885 τί
2360 4795 2598 4887 τοιούτος
2644 4818 2864 4876 αὐτόθεν
2901 4816 2929 4868 ὁ
2956 4812 3240 4884 ἄνθρωπος
3279 4805 3387 4861 ἀπὸ
3432 4800 3531 4872 τῆς
3568 4795 3838 4868 γενέσεως

2273 4924 2334 4976 οὐ
2375 4920 2611 4991 γίνεται;
2656 4914 2719 4966 Εἰ
2747 4911 2805 4964 δὲ
2850 4909 3093 4978 ὕστερον,
3134 4903 3279 4962 ὃπως
3321 4895 3558 4967 ἀμείνων
3608 4887 3833 4958 γενηθῇ.

2276 4981 2662 5084 σωιρρονίζεται
2709 5003 2989 5075 μαθήμασι
3018 4996 3112 5051 καὶ
3149 4993 3359 5064 νόμοις·
3390 4987 3465 5050 ὡς
3493 4981 3838 5047 αὐτεξούσιος

2275 5072 2382 5178 ἄρα
2400 5072 2953 5173 ’σωφρονίζεταμκαὶ
2976 5091 3076 5145 οὑκ
3100 5090 3164 5140 ὲκ
3187 5083 3398 5155 φύσεως
3429 5077 3504 5131 ὢν
3539 5072 3732 5136 κακός.

2346 5287 2410 5340 Εἰ
2434 5286 2484 5337 οἱ
2510 5279 2735 5352 πονηροὶ
2758 5272 2980 5346 πονηροὶ
3003 5268 3141 5324 κατὰ
3165 5266 3373 5335 γένεσιν
3395 5259 3551 5330 φύσει
3574 5251 3839 5331 Προνοίας

2274 5366 2497 5448 ταγαῐς,
2520 5376 2618 5428 οὐκ
2635 5344 2749 5425 ἐἰσὶ
2789 5344 3023 5439 μεμπτοὶ
3054 5361 3148 5414 καὶ
3179 5357 3316 5422 ἄξιοι
3349 5349 3616 5423 τιμωρίας
3647 5344 3745 5415 τῆς
3776 5344 3840 5394 ἐκ

2277 5474 2384 5527 τῶν
2431 5471 2630 5541 νόμων,
2675 5464 2871 5528 ζῶντες
2913 5458 3029 5514 κατ’
3070 5452 3236 5524 αὐτὴν
3271 5447 3368 5519 τὴν
3409 5442 3616 5498 οἰκείαν
3656 5436 3835 5507 φύσινσ

2279 5566 2399 5619 ἐπεὶ
2426 5563 2500 5634 μὴ
2530 5557 2836 5627 δεδύνηνται
2864 5546 3276 5619 μεταϐληθῆναι.

2348 5741 2457 5793 Καὶ
2489 5736 2663 5797 ἄλλως
2683 5750 2694 5761 ·
2724 5732 2773 5783 εἰ
2812 5729 2860 5781 οί
2906 5724 3098 5794 ἀγαθοὶ
3136 5717 3275 5774 κατά
3302 5715 3399 5786 τὴν
3433 5708 3643 5766 οἰκείαν
3682 5703 3840 5776 φύσιν

2282 5834 2480 5901 ζῶντές
2518 5796 2655 5884 εἰσιν
2696 5822 2987 5884 ὲπαινετοὶ,
3021 5809 3121 5888 τῆς
3162 5810 3426 5883 γενέσεως
3465 5803 3630 5875 οὔσης
3664 5796 3840 5860 dicta;
