4056 6302
264 348 367 405 175
1338 344 1716 402 GONVIVIUM
1754 343 1833 399 DE

1934 344 1981 399 Μ
2020 342 2375 400 VIRGINUM.
3374 341 3478 396 174

259 465 353 521 τοῦ
385 460 520 519 εἶναι
549 464 675 528 τοὺς
711 462 967 532 ἀγαθους·
1013 464 1134 518 οὐδὲ
1174 464 1224 516 οἱ
1256 465 1481 537 πονηροὶ
1516 465 1643 536 ἄρα,
1688 463 1829 520 κατά

1934 463 2057 518 talis
2078 462 2314 519 fatalitas
2352 463 2459 520 illis
2488 472 2678 520 auctor
2701 462 2772 520 sit
2797 471 2856 520 ιιι
2887 462 3013 519 boni
3041 461 3151 518 sint
3176 479 3190 517 :
3223 460 3383 531 plane
3416 478 3483 517 ne

259 558 356 632 τὴν
401 559 606 612 οἰκείαν
650 558 811 628 φύσιν
858 557 1078 624 ζῶντες,
1126 556 1384 611 αἰτιατέοι
1436 557 1586 628 παρά
1635 557 1827 629 δικαίῳ

1934 554 2054 608 mali
2081 554 2323 624 quidem,
2358 555 2451 625 qui
2495 554 2597 625 ipsi
2626 571 2844 627 quoque
2873 556 2954 611 sic
2991 556 3176 610 vivant
3207 562 3265 609 ut
3292 568 3482 608 earum

263 653 443 724 κριτῇ.
502 649 612 703 Καὶ
668 650 718 702 εί
762 648 865 720 χρὴ
918 649 1210 720 διαρρήδην
1247 649 1438 711 εἰπεῖν,
1485 649 1513 700 ὁ
1546 648 1686 701 κατὰ
1726 648 1824 720 τὴν

1934 651 2122 699 natura
2152 652 2319 716 atque
2349 647 2560 703 indoles
2590 648 2788 719 poscit,
2821 647 3078 718 culpandi
3102 655 3262 702 erunt
3285 660 3313 699 a
3336 645 3485 714 justo

262 740 568 814 προσοῦσαν
597 739 744 811 αὐτῷ
769 739 926 809 φύσιν
949 737 1055 804 ζῶν
1082 738 1234 793 οὐδὲν
1262 739 1582 812 ἁμαρτάνει.
1621 741 1694 809 Οὐ
1716 740 1823 811 γὰρ

1934 737 2124 806 iudice.
2156 737 2389 804 Etenim,
2425 740 2471 795 si
2509 740 2655 796 clare
2687 741 3017 813 loquendum
3047 746 3153 803 est,
3184 740 3278 810 qui
3305 741 3379 794 ita
3404 739 3488 792 vi-

263 832 452 886 ὲαυτὸν
480 831 700 902 ἐποίησε
730 829 987 893 τοιοῦτον,
1037 828 1149 884 ἀλλ’
1190 831 1223 900 ἡ
1263 831 1594 903 εἱμαρμένη·
1639 833 1731 885 καὶ
1756 833 1820 904 ζῇ

1934 830 1999 884 vit
2037 837 2096 886 ut
2136 830 2215 884 illi
2260 846 2328 886 ex
2365 839 2561 888 natura
2600 834 2832 889 inditum
2864 840 2969 901 est,
3006 833 3140 887 nihil
3167 832 3284 903 ipse
3312 831 3489 888 delin-

264 923 405 978 κατά
438 923 536 995 τὴν
570 922 770 995 ταύτης
811 922 1043 993 κίνησιν,
1086 922 1346 993 ἀγόμενος
1370 922 1627 991 ἀφύκτοις
1659 924 1823 993 ἀνάγ-

264 1029 409 1080 καις.
458 1015 644 1079 Οὺδείς
686 1010 777 1069 οὖν
827 1014 1015 1077 κακός.
1070 1013 1209 1066 Ἀλλ’
1252 1014 1360 1067 εἰσὶ
1412 1016 1599 1068 κακοί⁶
1637 1018 1750 1070 ’καὶ
1788 1018 1821 1087 ἡ

269 1107 369 1178 μὲν
409 1106 575 1161 κακία
603 1106 797 1179 ψεκτὴ,
825 1106 919 1161 καὶ
952 1103 1120 1178 ἐχθρά
1139 1103 1374 1177 τῷξΘεῷ,
1399 1105 1474 1169 ὡς
1501 1107 1823 1180 συνέστησεν

265 1200 295 1252 ό
318 1199 504 1269 λόγος·
553 1200 667 1271 ἠδὲ
713 1199 875 1272 ἀρετὴ
905 1198 1205 1271 προσφιλὴς
1238 1198 1333 1252 καὶ
1371 1200 1648 1274 ἐπαινετὴ,
1690 1200 1820 1255 Θεοῦ

265 1291 612 1358 διατάξαντος
647 1291 808 1363 νόμον
835 1291 1076 1363 τιμωρὸν
1111 1289 1315 1344 κακῶν.
1346 1290 1458 1343 Οὐκ
1495 1290 1602 1362 ἄρα
1638 1294 1827 1365 εἱμαρ-

268 1384 432 1456 μένη-

1928 921 2066 992 quit.
2097 920 2215 977 Non
2251 923 2396 978 enim
2428 924 2542 995 ipse
2566 940 2625 981 se
2662 925 2861 996 ipsum,
2900 927 2995 982 sed
3023 924 3193 981 fatum
3215 926 3378 980 talem
3405 924 3488 980 fee

1928 1015 2000 1069 cit
2026 1033 2039 1068 :
2073 1029 2249 1085 exque
2271 1015 2416 1072 illius
2440 1026 2619 1074 motus
2650 1017 3022 1088 compulsione
3043 1018 3194 1086 vivit,
3223 1018 3490 1073 inelucta-

1925 1106 2021 1162 bili
2073 1094 2399 1165 neceSsitate
2450 1116 2677 1188 tractus.
2719 1109 2889 1166 Nemo
2935 1109 3098 1180 igitur
3154 1117 3239 1166 est
3290 1110 3487 1166 malus.

1927 1197 2091 1269 Atqui
2147 1199 2275 1253 mali
2322 1207 2468 1255 sunt.
2505 1199 2572 1253 Et
2630 1201 2839 1256 malitia
2893 1200 3112 1271 quidem
3163 1200 3489 1271 vituperium

1929 1291 2114 1357 habet,
2147 1306 2211 1346 ac
2247 1290 2358 1346 Deo
2390 1291 2610 1347 inimica
2654 1298 2762 1357 est,
2784 1298 2845 1347 ut
2889 1291 3141 1361 superius
3176 1290 3353 1345 evici:
3384 1289 3492 1345 vir-

1929 1389 2022 1439 tus
2052 1397 2184 1438 vero
2212 1382 2461 1438 amabilis
2497 1389 2553 1437 et
2581 1382 2742 1437 laude
2774 1382 2955 1452 digna,
2997 1397 3121 1436 cum
3153 1381 3295 1438 Deus
3319 1383 3491 1453 legem

1928 1473 2259 1530 ulciscendis
2278 1473 2437 1539 malis
2460 1473 2825 1529 constituerit.
2853 1471 2974 1527 Non
3002 1473 3171 1544 igitur
3190 1480 3273 1529 est
3297 1471 3491 1529 fatum.

924 1587 1055 1645 CAP.
1090 1587 1255 1644 XVII.
1287 1589 1722 1660 Concupiscentia
1752 1591 1932 1646 carnis
1950 1600 2004 1646 et
2030 1592 2247 1661 spiritus
2272 1608 2289 1645 :
2322 1592 2507 1645 vitium
2527 1600 2577 1645 et
2604 1592 2789 1645 virtus.

339 1707 448 1761 Καὶ
471 1707 523 1760 τί
548 1705 797 1762 τοσοῦτον
844 1708 1284 1782 ὲπιδιατρίϐουσα
1318 1711 1430 1770 τοῖς
1457 1710 1717 1781 ἐλέγχοις,
1756 1710 1833 1773 εἰς

2005 1708 2074 1762 At
2110 1708 2241 1778 quid
2294 1723 2393 1779 ego
2450 1706 2780 1779 stringendis
2821 1706 3174 1762 elenchorum
3223 1704 3496 1761 machinis

269 1801 443 1871 μῆκος
469 1799 643 1868 ἐξάγω
666 1800 756 1854 τὸν
786 1799 964 1870 λόγον,
990 1801 1062 1855 τὰ
1083 1802 1478 1874 ἀναγκαιότερα
1503 1804 1638 1874 πρὸς
1661 1801 1832 1855 πειθὼ

270 1893 362 1946 καὶ
402 1891 793 1961 συγκατάθεσιν
837 1892 931 1946 τοῦ
982 1894 1347 1965 συμφέροντος
1393 1894 1694 1964 ὲκθεμένη;
1739 1893 1833 1947 καὶ

268 1983 532 2055 πρόδηλον
577 1985 732 2048 πᾶσι,
779 1984 874 2037 καὶ
915 1984 975 2048 ἐξ
1016 1984 1231 2050 ὀλίγων,
1275 1986 1372 2056 τὴν
1416 1984 1712 2054 διαφωνίαν
1738 1983 1832 2037 τοῦ

262 2076 605 2146 τεχνήματος
637 2075 815 2129 αὐτῶν
842 2076 1272 2148 ὲξεργασαμένη,
1299 2075 1438 2130 ὥστε
1463 2078 1649 2149 διορᾷν
1696 2076 1834 2144 ἐξεῖ-

263 2181 355 2218 ναι
384 2166 476 2220 καὶ
515 2166 939 2222 ἐπαισθάνεσθαι
969 2166 1067 2238 τὴν
1107 2167 1315 2238 πλάνην
1361 2168 1462 2239 ἤδη
1502 2168 1596 2221 καὶ
1621 2167 1833 2238 παιδίῳ,

262 2256 344 2321 ὡς
371 2259 456 2329 ἐφ’
483 2263 613 2332 ἡμῖν
640 2261 755 2314 ἐστι
786 2261 847 2314 τὸ
875 2260 1272 2331 διαπράξασθαι
1298 2261 1359 2314 τὸ
1386 2260 1567 2326 καλὸν,
1605 2260 1637 2332 ἢ
1662 2260 1722 2314 τὸ
1746 2278 1837 2314 κα-

263 2348 385 2413 κὸν,
419 2352 513 2404 καὶ
543 2352 640 2406 οὐκ
686 2355 743 2407 ὲν
777 2354 888 2417 τοῖς
926 2352 1175 2424 ἀστράσι.
1224 2350 1327 2404 Δύο
1369 2350 1475 2422 γὰρ
1525 2353 1741 2422 κινήσεε
1778 2353 1835 2405 ὲν

262 2441 402 2512 ἡμῖν
422 2443 597 2508 ἐστὸν,
620 2444 878 2516 ἐπιθυμία
895 2445 1163 2515 πεφυκότε
1182 2446 1292 2517 (54)
1313 2445 1511 2518 σαρκδς
1528 2443 1832 2514 ωὶψυκῆςν

262 2529 585 2602 διαφέρετον
611 2532 875 2604 ἀλλήλοιν·
905 2535 1024 2588 ὅθεν
1059 2535 1154 2587 καὶ
1184 2533 1276 2588 δύο
1304 2533 1533 2604 λαϐέτην
1568 2532 1798 2601 ὀνόματε
1816 2547 1831 2562 ⁸

264 2622 306 2695 ἡ
338 2622 437 2692 μὲν
470 2624 577 2694 γὰρ
612 2624 834 2696 ἀρετῆς,
863 2625 974 2695 ἡδὲ
1008 2626 1222 2689 κακίας.
1262 2626 1380 2678 Δεῖν
1404 2624 1461 2676 δὲ
1486 2626 1553 2694 τῇ
1579 2621 1837 2695 καλλίστῃ

268 2716 367 2769 καὶ
415 2718 624 2791 χρηστῇ
670 2718 764 2771 καὶ
810 2717 1090 2772 πείθεσθαι
1132 2718 1233 2789 τῆς
1277 2718 1478 2791 ἀρετῆς
1519 2720 1727 2789 ἀγωγῇ,
1769 2718 1836 2772 τὰ

269 2805 524 2879 βέλτιστα
552 2807 659 2879 πρὸ
689 2808 797 2861 τῶν
840 2808 1056 2878 φαύλων
1082 2811 1459 2881 αἱρουμένους.
1518 2810 1675 2864 Ἀλλά
1709 2810 1836 2881 περὶ

265 2896 475 2951 τούτων
502 2897 623 2962 ἃλις
658 2900 782 2971 ἤδη,
814 2901 906 2954 καὶ
931 2900 1107 2969 ἐφέξω
1130 2902 1219 2956 τὸν
1247 2901 1422 2971 λόγον.
1452 2900 1709 2973 Αἰδοῦμαι
1728 2901 1835 2974 γὰρ

1934 1799 2142 1855 diutius
2172 1800 2455 1864 immoror,
2507 1814 2632 1853 cum
2665 1799 2732 1854 ad
2763 1799 3100 1855 suadendum
3136 1813 3201 1852 ac
3237 1805 3498 1869 praestan-

1934 1893 2061 1948 dum
2108 1907 2391 1948 assensum
2447 1892 2620 1962 magis
2656 1892 2967 1948 necessaria
3014 1891 3498 1962 commodioraque

1936 1985 2235 2051 ediderim;
2264 1984 2509 2054 artisque
2537 1984 2848 2041 vanissimae
2888 1999 2918 2037 a
2958 1984 3165 2053 se.ipsa
3197 1983 3498 2040 dissensio~

1934 2093 2081 2142 nem,
2117 2078 2367 2149 quamvis
2389 2078 2579 2148 paucis
2608 2091 2675 2132 ex
2702 2076 2974 2147 capitibus
3008 2076 3215 2130 nemini
3246 2090 3356 2130 non
3377 2090 3498 2130 ma-

1934 2166 2190 2224 nifestam
2246 2167 2580 2223 reddiderim
2622 2187 2636 2222 :
2682 2176 2741 2222 ut
2799 2167 2911 2236 jam
2967 2181 3207 2222 errorem
3263 2167 3496 2221 istorum

1937 2262 2098 2332 plane
2135 2261 2339 2316 sentire
2370 2275 2435 2315 ac
2479 2261 2786 2330 perspicere
2823 2260 2908 2314 vel
2937 2258 3091 2332 pueri
3135 2258 3379 2329 possint;
3414 2260 3500 2313 in-

1942 2353 2312 2423 telligereque,
2343 2356 2401 2406 in
2445 2360 2636 2408 nostra
2673 2350 2897 2407 omnino
2924 2351 3089 2406 situm
3120 2350 3292 2406 libera
3323 2349 3495 2404 facul-

1933 2451 2047 2500 tate
2074 2461 2218 2510 esse,
2244 2461 2351 2499 non
2380 2452 2559 2500 autem
2597 2444 2653 2498 in
2697 2443 2890 2509 stellis,
2927 2443 3131 2498 bonum
3167 2451 3261 2495 aut
3294 2442 3499 2497 malum

1934 2536 2181 2593 edicere?
2212 2536 2330 2593 Duo
2357 2537 2558 2608 quippe
2584 2544 2766 2591 motus
2810 2536 2865 2590 in
2894 2536 3056 2590 nobis
3084 2541 3233 2598 sunt,
3264 2540 3496 2604 uterque

1935 2628 2376 2699 concupiscentia
2416 2628 2624 2688 vocati;
2653 2627 2825 2681 altera
2865 2626 3072 2690 carnis,
3121 2627 3292 2680 altera
3335 2625 3501 2696 spiri-

1935 2728 2029 2776 tus
2056 2720 2101 2752 “
2126 2739 2139 2774 :
2177 2720 2320 2776 unde
2352 2726 2407 2775 et
2436 2718 2750 2775 nominibus
2777 2717 3249 2782 discriminantur,
3278 2716 3500 2772 virtutis

1936 2821 2099 2885 atque
2129 2812 2264 2867 vitii.
2292 2810 2482 2883 Operae
2510 2812 2744 2883 pretium
2770 2821 2949 2866 autem
2994 2819 3078 2866 est
3100 2817 3160 2865 ut
3190 2809 3499 2881 pulcherri-

1934 2921 2036 2961 mzn
2079 2914 2134 2961 et
2183 2921 2362 2964 aureae
2398 2906 2834 2976 obtemperemus
2882 2903 3102 2959 virtutis
3146 2901 3500 2964 institutioni.

270 2987 413 3059 μετά
455 2991 579 3054 τοὺς
613 2991 712 3062 τῆς
758 2992 976 3061 ἁγνείας
1019 2991 1229 3061 λόγους,
1273 2993 1367 3046 καὶ
1402 2992 1832 3066 ἐγκαλύπτομαι,

1934 2997 2142 3068 Optima
2183 3012 2283 3068 pro
2326 2997 2502 3063 malis,
2532 3004 2589 3052 et
2627 3011 2747 3066 quae
2773 2996 2899 3050 vitae
2932 2995 3191 3059 haereant,
3225 2992 3495 3063 eligendo.

264 3081 369 3146 τὰς
408 3082 516 3135 τῶν
563 3084 975 3158 μετεωρολόγων
1016 3084 1049 3157 ἢ
1095 3086 1506 3157 ματαιοσκόπων
1543 3085 1833 3158 ἀνθρώπων

1944 3087 2053 3145 Sed
2076 3088 2145 3145 de
2178 3089 2268 3145 his
2294 3090 2406 3160 jam
2437 3090 2589 3146 satis.
2612 3088 2830 3146 Tenebo
2855 3088 2999 3143 enim
3027 3102 3115 3143 me
3136 3103 3204 3143 ne
3227 3087 3385 3157 plura
3417 3085 3503 3141 di-

267 3174 691 3247 ἀναγκαζομένη
731 3176 885 3241 δόξας
920 3176 1311 3250 ἐξηγήσασθαι,
1346 3176 1395 3231 οἳ
1434 3180 1527 3231 τὸν
1563 3178 1662 3248 τῆς
1698 3176 1833 3249 ζωῆς

1944 3195 2085 3246 cam,
2115 3181 2444 3237 verecundia
2475 3181 2710 3253 quadam
2743 3180 2928 3246 ducta,
2960 3195 3030 3235 ne
3062 3180 3325 3236 hactenus
3355 3176 3506 3234 habi-

269 3267 390 3339 μετ’
431 3269 657 3340 οἰήσεως
696 3269 1045 3323 ἀναλίσκουσι
1083 3270 1293 3341 χρόνον,
1325 3270 1560 3342 οὐδενὶῆ
1593 3269 1833 3342 μυθικοῖς

1941 3279 2029 3329 tos
2054 3273 2121 3329 de
2145 3273 2461 3345 virginitate
2483 3288 2785 3338 sermones,
2814 3274 2917 3328 hac
2943 3288 3136 3344 parum
3168 3282 3505 3343 congruente

263 3359 693 3434 ἐνδιατρίϐοντες
714 3363 1013 3435 πλάσμασι.
1057 3365 1242 3421 Ταῦτά
1279 3384 1358 3421 σοι
1402 3366 1497 3420 καὶ
1526 3365 1633 3419 τῶν
1661 3366 1833 3439 ἡμῶν,

1942 3381 2210 3438 nugarum
2247 3366 2765 3422 commemoratione
2808 3364 3196 3420 contaminem.
3246 3362 3314 3416 Et
3356 3372 3506 3417 certe

263 3444 311 3504 ὦ
343 3451 600 3506 δέσποινα
639 3456 852 3526 Ἀρετὴ,
873 3454 980 3509 ἀπὺ
1001 3455 1307 3529 θεορῤήτων
1342 3441 1833 3528 συγκαθυφάσμένα

1942 3456 2130 3527 pudet,
2161 3456 2309 3526 quod
2351 3455 2636 3511 hominum
2682 3464 3045 3511 meleororum
3093 3454 3506 3522 etelestiumque

263 3541 464 3614 λόγων,
488 3546 938 3618 προσκομιζέσθω
972 3545 1042 3601 τά
1070 3547 1239 3621 δῶρα.

1944 3547 2229 3603 scientiam
2261 3547 2382 3617 (seu
2410 3549 2584 3618 magis
2615 3548 2832 3603 inanem
2878 3545 3340 3618 observationem)
3377 3559 3508 3615 pro-

263 3639 565 3708 ﬂtentium,
590 3644 874 3715 opiniones
900 3644 1105 3700 referre
1153 3660 1379 3703 necesse
1436 3645 1756 3713 habuerim;
1793 3645 1889 3716 qui
1937 3643 2192 3699 videlicet
2235 3644 2367 3700 solis
2413 3643 2610 3699 fabulis
2642 3650 2805 3714 atque
2842 3642 3113 3715 ﬁgmentis
3146 3641 3336 3697 dantes
3375 3653 3508 3710 ope-

263 3751 408 3801 ram,
448 3737 604 3793 inani
651 3737 795 3794 fastu
845 3754 909 3794 ae
935 3739 1217 3809 iactantia,
1251 3742 1375 3798 vita:
1406 3749 1622 3813 tempus
1676 3743 1983 3798 insumunt.
2018 3740 2197 3810 Atque
2223 3739 2339 3795 haec
2368 3739 2468 3795 tibi
2507 3755 2537 3792 a
2562 3738 2741 3805 nobis,
2776 3752 2810 3792 ο
2838 3736 3056 3793 domina
3100 3736 3282 3799 Arete,
3304 3748 3370 3789 ex
3420 3732 3509 3789 di-

260 3831 412 3891 vinis
439 3839 696 3888 contexta
717 3834 1076 3900 sermonibus,
1101 3851 1166 3890 en
1194 3836 1290 3892 tibi
1311 3839 1574 3894 sistantur
1594 3838 1759 3894 dona.

335 3927 638 3981 ΕΥΒΟΥΛ.
722 3928 809 3990 Ὠς
857 3927 975 3981 λίαν
1020 3930 1388 3999 ἀγωνιστικῶς
1440 3934 1474 4005 ἡ
1520 3933 1695 3987 Θέκλα
1745 3932 1839 3989 καὶ

262 4019 517 4083 ἐνδόξως,
553 4012 598 4072 ὧ
638 4019 970 4091 Γρηγόριονς
1444 4088 1449 4092 Α

1941 4035 2048 4092 que
2078 4019 2364 4092 magniﬁce
2388 4019 2686 4091 disputavit
2710 4019 2946 4075 Thecla?

334 4110 629 4163 ΓΡΗΓΟΡ.
665 4088 878 4173 Τί-οὖν,
924 4109 957 4182 ἢ
988 4112 1155 4182 αὐτῆς
1191 4111 1405 4183 ἐκείνης
1433 4088 1706 4183 ἀκηκόεις,
1739 4115 1833 4186 ῥύ-

1957 4088 1977 4092 —
2012 4088 2217 4168 GREG.
2250 4112 2391 4179 Quid
2442 4088 2495 4167 si
2538 4126 2654 4167 eam
2706 4110 2879 4182 ipsam
2913 4109 3133 4178 copiosa
3156 4108 3506 4181 versatilique

259 4202 359 4274 δην
387 4203 482 4255 καὶ
514 4200 758 4272 εὐτρόχῳ
780 4204 844 4273 τῇ
870 4201 1081 4275 γλώττῃ
1111 4201 1247 4274 μετά
1274 4202 1472 4275 πολλῆς
1501 4204 1716 4274 χάριτος
1743 4204 1833 4258 καὶ

1941 4204 2269 4274 eloquentia,
2323 4219 2444 4259 cum
2482 4216 2711 4258 (summa
2767 4201 2940 4271 gratia
2977 4208 3032 4255 et
3059 4200 3335 4270 voluptate
3372 4216 3508 4255 con-

259 4294 459 4365 ἡδονῆς
498 4292 920 4365 διαλεγομένης;
960 4292 1099 4348 ὥστε
1146 4295 1451 4366 ἀγασθῆναί
1481 4312 1606 4350 τινα
1645 4296 1833 4370 προσέ-

1937 4296 2151 4365 juncta,
2202 4293 2589 4350 edisserentem
2623 4291 2927 4348 audiisses?
2959 4296 3019 4344 ut
3047 4289 3395 4344 admirationi
3422 4297 3507 4344 at-

260 4401 457 4457 χοντα,
487 4383 584 4438 καὶ
625 4384 724 4453 τῆς
771 4385 981 4457 μορφῆς
1019 4385 1354 4459 ἐπανθούσης
1385 4389 1499 4451 τοῖς
1538 4387 1732 4457 λόγοις,
1760 4388 1833 4453 ὡς

1935 4385 2284 4442 tendentibus
2299 4395 2460 4452 esset,
2480 4384 2734 4456 splendor
2750 4383 2895 4438 omni
2911 4389 3104 4438 ornatu
3119 4381 3505 4437 emorescentis

260 4475 585 4540 ὲνδιαθέτως
620 4475 717 4528 καὶ
749 4472 826 4545 τῷ
852 4474 963 4528 ὄντι
998 4476 1413 4549 φανταζομένως
1438 4481 1565 4551 περὶ
1593 4474 1667 4535 ὧν
1699 4482 1833 4553 ἀφη-

1944 4477 2231 4543 dictionis;
2264 4479 2340 4532 ita
2384 4493 2450 4532 ex
2482 4476 2663 4530 animo
2714 4490 2777 4531 ac
2826 4474 3025 4531 mentis
3052 4490 3217 4544 penu,
3247 4472 3505 4542 verisque

2013 3925 2264 3982 EUBUL.
2307 3927 2479 3994 Quam
2507 3925 2849 3998 pugnaciter,
2884 3940 2918 3981 o
2948 3923 3287 3998 Gregorium,
3313 3940 3509 3998 quam-

260 4570 413 4637 γεῖτο
464 4567 717 4632 διετέλει,
775 4565 1306 4642 ὑπερυθραινομένης
1362 4574 1497 4646 αὐτῇ
1555 4575 1693 4630 αίδοῖ
1741 4578 1840 4649 τῆς

261 4654 472 4727 ὅψεως
516 4656 614 4726 ὅλη
652 4654 764 4728 γὰρ
793 4652 929 4711 εἴναι
963 4659 1171 4729 πέφυκε
1209 4658 1376 4733 λευκὴ
1419 4664 1513 4717 καὶ
1555 4664 1712 4736 σῶμα
1744 4666 1837 4720 καὶ

265 4748 476 4820 ψυχήν-

337 4900 638 4983 ΕΥΒΟῨΛ.
690 4928 914 4999 Ὀρθῶς,
941 4925 986 4984 ὦ
1015 4932 1334 5005 Γρηγόριον,
1368 4934 1540 4989 ταῦτα
1588 4938 1712 5009 φῂς,
1745 4939 1839 4993 καὶ

264 5021 421 5076 οὐδὲν
451 5017 634 5107 αὐτῶν
658 5018 869 5089 ψεῦδος.
899 5022 1106 5092 Ἔγνων
1135 5024 1243 5096 γὰρ
1271 5025 1364 5078 καὶ
1398 5024 1505 5078 ἀπὸ
1528 5026 1633 5080 τῶν
1667 5027 1839 5083 ἀλλων

267 5109 779 5185 ἀνδραγαθημάτων
826 5112 985 5184 μῆτιν
1028 5115 1214 5187 αὐτῆς,
1251 5116 1344 5169 καὶ
1391 5115 1564 5186 λέγειν
1591 5120 1700 5191 ,ὅσα
1749 5123 1841 5174 καὶ⁵

343 5273 390 5305 ⁸⁵
421 5268 544 5327 Gal.
578 5286 635 5335 ν,
664 5267 753 5323 17.

342 5428 457 5502 (54)
488 5424 815 5495 Πεφυκότε.
838 5423 943 5502 _Sic
968 5426 1256 5497 aliquando
1287 5443 1352 5483 ex
1377 5429 1691 5500 conjectura
1717 5447 1838 5487 cor-

270 5496 586 5573 rigebamus
639 5496 940 5573 πεφυκότεξ
992 5505 1051 5573 ut
1098 5513 1293 5573 genere
1345 5496 1666 5573 congrueret
1712 5517 1835 5556 cum

272 5565 419 5627 diali
453 5566 796 5641 praecedente
822 5565 1239 5641 ὲττιθυμίαίὸθά
1272 5579 1412 5638 post,
1450 5565 1727 5625 Mazarino
1746 5587 1840 5626 co—

272 5644 394 5698 dice
428 5636 484 5696 et
525 5641 660 5710 ipso
682 5638 954 5710 πεφυκότε
989 5636 1327 5710 praeferente,
1359 5642 1837 5696 animadvertimus

274 5708 563 5782 ejusmodi
587 5708 953 5782 σολοικοφανῆγ
988 5708 1225 5780 antiquis
1264 5724 1368 5782 non
1415 5712 1725 5782 displicere.
1759 5711 1839 5768 Ita

274 5777 502 5840 Photius
526 5782 704 5853 primo
733 5777 1074 5835 Bibliotheca
1104 5777 1216 5835 suae
1248 5780 1434 5837 codice
1461 5777 1651 5839 scribit
1670 5782 1836 5854 αὐξη-

1939 4569 2268 4641 imaginibus
2326 4582 2631 4625 sermonem
2684 4565 3126 4636 exsequebatur,
3183 4564 3251 4619 de
3302 4563 3504 4634 quibus

1941 4663 2306 4719 narrationem
2343 4661 2674 4727 instituerat,
2696 4674 2821 4715 cum
2846 4659 3061 4713 interim
3092 4658 3238 4713 illius
3282 4672 3504 4728 quoque

1939 4755 2106 4812 iacies
2134 4754 2204 4810 ob
2234 4753 2616 4809 verecundiam
2646 4752 2846 4807 rubore
2887 4749 3289 4807 suﬂ‘underetur
3313 4765 3327 4801 :
3386 4757 3501 4804 tota

1937 4862 2171 4917 namque
2202 4853 2257 4902 et
2283 4860 2510 4916 corpore
2524 4851 2578 4900 et
2604 4844 2784 4899 animo
2806 4844 3042 4899 candore
3068 4841 3394 4899 eollucebat.

2010 4936 2258 4993 EUBUL.
2315 4936 2481 4994 Recte
2518 4937 2633 4991 haec
2668 4935 2871 5001 eﬂ‘aris,
2928 4935 3269 5008 Gregorium,
3327 4948 3506 5006 neque

1939 5031 2029 5086 hic
2051 5032 2318 5089 mendacii
2343 5032 2612 5104 prehendi
2640 5032 2865 5102 poteris.
2888 5030 3025 5087 Novi
3054 5031 3197 5088 enim
3222 5037 3277 5087 et
3300 5045 3367 5085 ex
3401 5041 3507 5085 ce-

1940 5122 2074 5180 teris
2096 5123 2330 5180 heroicis
2359 5125 2496 5180 actis
2534 5122 2682 5180 illius
2725 5123 3046 5196 sapientiam
3068 5164 3083 5190 ,
3114 5131 3169 5180 et
3219 5138 3339 5194 quae
3367 5137 3505 5191 qua-

1941 5435 2143 5508 θέντων
2176 5436 2539 5508 παραδόσεων.
2574 5439 2745 5506 Quem
2778 5438 2836 5492 in
2866 5437 3045 5493 locum
3078 5430 3418 5490 Hoeschelius
3446 5429 3503 5508 in

1938 5501 2481 5582 no_t_i_s‘sui_s'si_milia
2525 5501 2876 5582 probatorum
2922 5514 3205 5582 auctorum
3255 5501 3501 5582 exempla

1939 5576 2166 5651 colligit.
2188 5576 2373 5651 _Paulo
2419 5574 2544 5651 post
2582 5574 2690 5634 δεῖν
2735 5578 2971 5649 positum
2998 5590 3096 5646 pro
3121 5575 3221 5651 δεῖ,
3266 5579 3323 5651 ιιι
3360 5585 3503 5651 saepe

1940 5639 2158 5705 alias'in
2188 5648 2292 5706 hoc
2326 5639 2489 5722 ope-rc
2521 5639 2819 5707 inﬁnitivus
2842 5662 2940 5718 pro
2965 5639 3238 5715 praesenti.
3270 5641 3368 5695 En.
3396 5639 3500 5697 Lu-

1940 5732 2061 5774 ΡΑιι.
