4056 6302
597 365 700 424 175

1578 370 1633 423 S.
1676 367 2004 424 HETHODII
2048 365 2352 423 EPISCOPI
2390 366 2477 422 ET
2519 366 2873 423 MARTYRIS

3718 373 3825 429 ηε

590 493 776 563 liaque
803 491 947 545 illam
972 504 1224 561 perorare
1252 488 1561 558 contigerit,
1591 486 1907 543 excellentis
1936 499 2149 555 semper

2249 478 2338 539 οἶα
2388 482 2765 556 κατώρθωσεν,
2811 465 3247 559 ύπερὸαλλούσης
3296 487 3516 561 ἀγάπης
3557 488 3828 557 ἐπίδειξιν

596 589 652 641 in
703 586 974 640 Christum
1021 583 1306 638 charitatis
1353 586 1674 637 documenta
1716 579 2150 635 luculentissima

592 677 773 734 cdenti
796 695 809 730 :
836 682 1001 745 utque
1023 674 1191 729 decus
1215 688 1321 727 una
1351 672 1662 743 multiplicis
1685 670 1929 743 martyrii
1949 669 2149 738 smpius

594 765 804 821 iteratis
835 764 1133 835 ingentium
1172 762 1525 818 certaminum
1555 762 1719 816 claris
1755 760 1999 815 victoriis
2029 759 2149 829 glo-

591 859 736 914 riose
758 857 961 921 tulerit,
990 858 1045 910 in
1069 857 1265 926 quibus
1290 863 1345 911 et
1370 853 1786 925 magnanimitas
1804 850 2150 923 aggrediendi

589 958 643 1007 et
673 951 833 1006 ardor
861 964 975 1004 rem
1014 950 1255 1021 gerendi,
1292 948 1442 1019 paria
1484 947 1728 1008 fuerunt,
1758 943 2148 1015 magnitudini-

588 1061 693 1115 quc
720 1042 1071 1099 consiliorum
1103 1050 1157 1095 et
1188 1041 1402 1105 mentis,
1421 1057 1487 1095 ex
1514 1054 1670 1110 aequo
1691 1053 1905 1108 semper
1931 1051 2150 1107 respon-

587 1137 667 1192 dit
699 1136 927 1191 ﬁrmitas
955 1134 1228 1205 roburque
1266 1135 1532 1203 corporis.

656 1225 863 1284 GREG.
902 1227 1196 1284 Verissime.
1229 1237 1281 1280 et
1311 1236 1367 1279 tu
1400 1238 1623 1288 narras;
1677 1222 1773 1279 sed
1815 1237 1884 1277 ne
1934 1221 2018 1276 his
2048 1220 2150 1273 im-

586 1339 883 1381 inoremur.
916 1321 1050 1376 Nam
1080 1322 1147 1377 de
1171 1320 1367 1374 talibus
1415 1325 1469 1373 et
1508 1317 1642 1371 alias
1670 1331 1830 1386 saepe,
1862 1329 1988 1370 cum
2018 1314 2150 1368 lice-

581 1417 687 1481 bit,
720 1431 882 1487 agere
930 1415 1073 1469 inter
1104 1428 1203 1467 nos
1230 1410 1547 1481 poterimus.
1591 1408 1746 1463 Nunc
1789 1415 1915 1462 ante
1969 1405 2151 1461 omnia

583 1508 815 1565 reddere
855 1522 941 1561 me
991 1505 1089 1559 tibi
1133 1505 1307 1567 decet,
1342 1518 1478 1573 quos
1518 1501 1775 1572 promisi,
1820 1499 2151 1569 reliquarum

587 1615 807 1674 quoque
843 1600 1111 1669 virginum
1158 1611 1454 1663 sermones,
1496 1595 1753 1649 nimirum
1785 1589 2152 1664 TysianasDo—

589 1694 935 1763 mniumque:
975 1692 1056 1745 ha:
1084 1689 1348 1760 siquidem
1380 1695 1588 1743 restant
1620 1687 1765 1743 solae.
1794 1682 1864 1739 Ut
1900 1683 2063 1754 igitur
2088 1680 2152 1735 li-

590 1803 715 1844 nem
738 1783 952 1841 dicendi
978 1782 1176 1838 Thec—la
1200 1782 1345 1844 fecit,
1373 1782 1439 1835 iis
1467 1790 1573 1834 tam
1612 1779 1796 1833 multis
1826 1791 1944 1848 qua:
1964 1790 2143 1830 recen-

2252 578 2541 650 ποιουμένη
2596 577 2844 649 Χριστῷ·
2901 578 2994 631 καὶ
3063 578 3140 643 ὡς
3190 581 3495 653 διαπρεπὴς
3557 582 3828 648 πολλάκις

2249 669 2419 741 ἐφάνη
2449 674 2558 735 τοῖς
2598 672 2852 742 μεγάλοις
2886 673 2979 726 καὶ
3012 673 3246 746 πρώτοις
3276 662 3456 738 ἄθλοις
3494 674 3823 740 ὑπαντῶσα,

2248 762 2355 815 τῶν
2396 765 2684 836 μαρτύρων
2724 764 2843 836 ἴσην
2889 767 2954 836 τῇ
3001 764 3275 837 προθυμίᾳ
3307 763 3404 838 τὴν
3438 766 3680 838 σπουδὴν
3726 784 3826 821 κε-

2249 853 2511 924 κτημένη,
2540 853 2632 906 καὶ
2663 856 2727 925 τῇ
2771 855 2920 926 ἀκμῇ
2946 853 3054 907 τῶν
3089 854 3466 928 βουλευμάτων
3488 856 3590 930 τὴν
3620 854 3824 931 ῥώμην

2249 945 2341 1000 τοῦ
2373 945 2639 1018 σώματος.

2317 1233 2602 1287 ΓΡΗΓΟΡ.
2650 1231 3007 1305 Ἀληθέστατα
3043 1233 3136 1287 καὶ
3166 1233 3229 1285 σὺ
3261 1230 3363 1302 φῄς
3384 1229 3557 1284 ’ἀλλὰ
3590 1227 3667 1302 μὴ
3699 1229 3820 1283 δια-

2248 1325 2539 1397 τρίϐωμεν.
2582 1324 2796 1378 Τούτων
2837 1324 2944 1395 γὰρ
2987 1324 3111 1396 πέρι
3156 1325 3247 1378 καὶ
3291 1323 3398 1377 τῶν
3445 1318 3604 1385 αὖθις
3660 1322 3820 1377 ἔσται

2251 1416 2506 1481 πολλάκις
2535 1419 2679 1487 ἡμᾶς
2707 1416 3064 1481 διαλέξασθαι.
3099 1415 3211 1471 Νῦν
3243 1415 3299 1469 δὲ
3331 1413 3545 1488 πρῶτον
3575 1415 3674 1469 καὶ
3709 1414 3821 1470 τῶν

2251 1508 2377 1580 ἑξῆς
2416 1508 2695 1578 παρθένων
2735 1507 3043 1577 ἐξαγγεῖλαι
3086 1525 3152 1579 με
3182 1508 3264 1561 δεῖ
3300 1524 3381 1560 σοι
3420 1507 3545 1571 τοὺς
3595 1506 3817 1576 λόγους,

2251 1600 2433 1665 καθὼς
2465 1602 2735 1672 ὑπέστηνο
2774 1598 2969 1670 μᾶλλον
3000 1599 3056 1653 δὲ
3090 1599 3359 1668 Τυσιανῆς
3392 1598 3486 1651 καὶ
3511 1596 3816 1670 Δομνίνηςο

2250 1686 2407 1749 αὗται
2453 1694 2560 1766 γὰρ
2598 1694 2678 1747 ἔτι
2732 1692 3151 1764 περιλείπονται.
3205 1694 3291 1757 Ὠς
3323 1688 3417 1746 οὖν
3454 1691 3821 1747 ἀπεπαύσατο

2251 1789 2346 1843 καὶ
2389 1790 2421 1859 ή
2453 1787 2628 1841 Θέκλα
2670 1787 2904 1841 τοσαῦτα
2940 1785 3193 1851 εἰποῦσα,
3230 1785 3333 1856 ἔφη
3369 1784 3674 1855 προστάξαι
3722 1785 3820 1858 τὴν

590 1879 677 1936 sui
710 1876 994 1948 peroratis,
1040 1873 1303 1930 referebat
1333 1871 1638 1941 Theopatra
1688 1872 1985 1941 imperasse
2015 1867 2147 1922 Are-

2264 1857 2484 1951 Ἀρετὴν
2522 1880 2555 1950 ή
2603 1875 2886 1948 Θεοπάτρα
2933 1879 2999 1948 τῇ
3032 1876 3269 1946 Τυσιανῇ
3319 1875 3537 1944 λέγειν·
3587 1876 3690 1947 τὴν

591 1980 681 2028 ten
724 1970 990 2043 Tysianaa,
1023 1975 1081 2023 ut
1118 1968 1293 2022 locum
1348 1963 1538 2021 orandi
1578 1972 1827 2035 caperet;
1860 1962 1993 2017 hanc
2026 1974 2154 2015 vero

588 2063 759 2118 levius
785 2059 1154 2117 subridentem
1180 2066 1304 2113 ante
1325 2056 1499 2129 ipsam
1530 2069 1897 2128 progressam,
1938 2053 1995 2108 in
2036 2051 2151 2107 haec

585 2155 747 2211 verba
775 2153 997 2208 dixisse.

1018 2320 1475 2414 ORATIO
1559 2324 1724 2410 IX.

1206 2448 1529 2505 TYSIANA.

2253 1968 2622 2043 μειδιάσασαν,
2656 1967 2962 2042 ἔμπροσθεν
2987 1968 3155 2039 αὐτῆς
3180 1966 3487 2041 παρελθεῖν,
3510 1968 3607 2023 καὶ
3628 1967 3817 2039 φάναι.

2757 2320 3118 2408 ΛΟΓΟΣ
3174 2320 3283 2411 Θ.

2873 2447 3194 2504 ΤΥΣΙΑΝΗ.

583 2551 714 2607 CAP.
741 2546 788 2619 ι.
821 2544 1079 2619 Ca_sti_tas,
1110 2537 1225 2619 veri
1254 2540 1585 2619 tabernaculi
1615 2548 1833 2619 ornatus
1859 2536 2297 2619 praecipuum-Ad
2335 2537 2795 2619 tabernaculorum
2829 2537 3020 2619 festa-nt
3050 2537 3435 2619 celebrandum2
3476 2549 3680 2612 septem
3706 2541 3818 2598 dia

658 2617 842 2674 indicti
875 2614 1102 2677 luditis,
1138 2610 1264 2684 quid
1293 2612 1610 2684 signiﬁcent.
1655 2608 1947 2684 septenarii
1987 2609 2142 2684 hujus
2179 2610 2377 2662 incerta
2416 2624 2622 2662 summa
2651 2624 2670 2663 .‘
2698 2626 2790 2663 nec
2827 2610 2925 2663 ulli
2957 2611 3137 2681 liquet,
3163 2611 3372 2682 quando
3403 2608 3593 2682 futura
3630 2613 3816 2669 mundi

654 2687 1037 2745 consummatio
1060 2678 1160 2740 sit;
1183 2678 1369 2736 Mundi
1398 2678 1601 2751 fabrica
1628 2678 1913 2735 etiamnum
1938 2678 2241 2748 completur.

654 2785 700 2839 Ο
750 2782 950 2845 Arete,
985 2778 1375 2834 amabilissima
1428 2777 1757 2849 virginitatis
1806 2775 2142 2830 amatoribus
2213 2777 2216 2781 ’

582 2875 854 2948 gloriatio,
891 2887 991 2943 ego
1019 2885 1233 2942 quoque
1273 2869 1530 2923 auxilium
1556 2876 1708 2921 tuum
1753 2867 1805 2920 in
1840 2882 1950 2921 rem
1981 2880 2143 2936 quam

580 2969 762 3038 jubes,
797 2964 1059 3034 imploro:
1092 2976 1159 3015 ne
1190 2960 1319 3013 mihi
1341 2959 1486 3030 quod
1506 2957 1678 3013 dicam
1698 2958 1860 3020 desit,
1880 2957 2145 3012 exhausto

2316 2770 2387 2828 Ὦ
2442 2776 2656 2847 Ἀρετὴ,
2700 2777 2995 2848 παρθενίας
3042 2778 3296 2850 ἐρασταῖς
3334 2778 3641 2851 ἐπέραστον
3685 2780 3817 2835 καύ-

2248 2885 2398 2939 χημα
2441 2868 2568 2941 (55),
2602 2870 2754 2939 κάγὼ
2788 2871 3310 2943 συναντιληψομένην
3344 2890 3432 2944 μοι
3462 2875 3815 2946 παραστῆναῖ

2252 2978 2305 3014 σε
2352 2962 2670 3031 παρακαλῶ,
2716 2966 2907 3036 μήπως
2937 2964 3197 3036 ἀπορήσω
3240 2964 3435 3034 λόγων,
3464 2965 3559 3019 ἆτε
3607 2966 3815 3021 πολλῶν

586 3068 664 3113 tot
694 3067 912 3129 tamque
956 3039 1192 3127 copiosis
1234 3052 1463 3107 aliorum
1504 3053 1842 3108 orationibus
1889 3052 2146 3120 subjectae

2251 3056 2351 3127 ἤδη
2407 3057 2498 3109 καὶ
2553 3056 2904 3111 παντοδαπῶν
2957 3057 3277 3128 εἰρημένων.
3328 3058 3421 3110 Διὸ
3464 3057 3560 3112 καὶ
3610 3077 3812 3133 παραι-

583 3151 916 3206 laudationis
952 3156 1292 3219 argumento.
1330 3143 1509 3210 Quare
1537 3145 1593 3199 in
1623 3144 1903 3215 prommiis
1943 3158 2148 3198 sermo-

586 3247 777 3316 nisque
812 3241 1276 3300 insinuationibus
1315 3249 1523 3308 tempus
1550 3236 1798 3308 equidem
1823 3250 2149 3306 Operamque

581 3354 691 3395 non
712 3336 955 3408 perdam,
980 3350 1049 3389 ne
1073 3333 1199 3388 dum
1222 3331 1551 3387 exornandis
1569 3344 1689 3400 qua:
1717 3329 1823 3385 illis
1848 3334 2149 3399 congruant

582 3443 786 3485 moram
820 3434 1061 3490 traxero,
1091 3423 1231 3495 quod
1265 3422 1596 3492 praecipuum
1622 3426 1705 3474 est
1748 3417 2017 3484 elabatur,
2051 3431 2146 3471 ac—

581 3521 824 3577 cessoria
856 3531 1257 3589 supervacanee
1287 3514 1551 3584 captanti,
1582 3512 1716 3568 adeo
1746 3510 2002 3566 nimirum
2031 3509 2145 3580 glo-

579 3615 747 3679 riosa,
770 3612 1134 3684 praaclaraque
1156 3624 1221 3663 ac
1248 3607 1534 3679 magniﬁca
1566 3621 1654 3661 res
1681 3612 1766 3661 est
1790 3602 2097 3674 virginitas.

647 3706 813 3771 Deus,
849 3720 973 3759 cum
997 3701 1335 3758 celebrandae
1362 3715 1502 3755 verae
1534 3696 1845 3754 festivitatis
1875 3694 2150 3749 Tabernas

578 3799 824 3854 culorum
852 3796 997 3853 veris
1020 3794 1281 3852 lsraelitis
1308 3794 1610 3865 legitimum
1632 3793 1799 3847 ritum
1830 3792 1886 3845 in
1905 3789 2148 3845 Levitico

576 3890 977 3961 praescriberet.
1018 3904 1130 3958 prae
1171 3888 1397 3957 reliquis
1429 3885 1804 3941 exornandum
1845 3883 2042 3953 cuique
2065 3889 2148 3935 ta.

580 3981 931 4036 bernaculum
987 3995 1145 4035 suum
1186 3981 1435 4033 castitate
1475 3978 1667 4032 sancit.
1718 3976 1999 4045 Apponam
2030 3975 2146 4045 ipsa

537 4064 545 4075 ’
582 4072 879 4144 Scriptura:
897 4072 1084 4135 verba,
1119 4087 1183 4125 ex
1206 4072 1405 4141 quibus
1430 4070 1550 4126 sine
1571 4072 1680 4125 ulla
1701 4069 2038 4127 dubitatione
2059 4070 2149 4124 de-

579 4165 975 4221 monstrabitur
1022 4178 1184 4234 quam
1229 4161 1337 4216 Deo
1390 4162 1718 4219 conveniens
1768 4163 1954 4233 illique
1992 4177 2148 4217 acce—

579 4265 733 4329 ptum
786 4257 991 4313 sithoc
1033 4254 1365 4326 virginitatis
1417 4270 1634 4310 munus.
1694 4256 1889 4323 Quinto
1945 4256 2145 4310 decimo

579 4352 666 4409 die
690 4354 879 4407 mensis
893 4353 1123 4422 septimi,
1147 4352 1356 4423 quando
1379 4351 1864 4405 consummaveritis
1880 4351 2145 4420 genimina

2249 3149 2444 3221 τοῦμαι
2470 3149 2537 3203 τὰ
2561 3148 2891 3221 προοιμιώδη
2921 3148 3090 3203 ταῦτα
3117 3152 3210 3204 καὶ
3231 3155 3813 3222 προκατασκευαστικά

2247 3238 2354 3293 τῶν
2386 3240 2577 3308 λόγων,
2611 3242 2695 3294 ἵνα
2726 3241 2821 3313 μὴ,
2865 3240 3184 3312 χρονίζουσα
3220 3242 3564 3313 προσήκοντα
3605 3243 3812 3308 τούτοις

2248 3332 2625 3403 ἐφαρμόττειν,
2648 3331 2821 3385 αὐτῶν
2841 3330 3058 3384 ὲκπέσω
3082 3329 3187 3383 τῶν
3214 3332 3585 3404 προκειμένων
3604 3350 3617 3363 ·
3641 3334 3813 3399 οὕτως

2247 3421 2451 3488 ἔνδοξόν
2482 3424 2627 3475 ὲστιν
2653 3424 2686 3493 ή
2721 3421 2985 3495 παρθενία
3013 3421 3106 3476 καὶ
3138 3422 3315 3493 τίμιον
3349 3424 3440 3477 καὶ
3472 3425 3813 3497 μεγαλοπρε-

2248 3512 2367 3576 πές.

2328 3694 2387 3746 '0
2436 3691 2567 3756 Θεὸς
2607 3692 2705 3765 τὴν
2754 3693 2945 3765 ἑορτὴν
2990 3693 3087 3765 τῆς
3132 3692 3514 3765 Σκηνοπηγίας
3546 3692 3809 3748 διδάσκων

2246 3786 2344 3858 τῆς
2379 3784 2637 3857 ἀληθινῆς
2666 3787 2790 3850 τοὺς
2824 3784 3107 3857 ἀληθινοὺς
3149 3785 3506 3858 Ἰσραηλίτας,
3547 3788 3667 3853 πῶς
3696 3789 3810 3860 ἑορ-

2245 3880 2428 3945 τάζειν
2476 3882 2556 3935 δεῖ
2597 3881 2688 3935 καὶ
2727 3881 2910 3951 τιμᾷν,
2943 3882 3000 3936 ὲν
3042 3879 3119 3952 τῷ
3163 3880 3446 3948 Λευῖτικῷ
3494 3882 3788 3954 παρίστησι

2250 3976 2447 4048 μᾶλλον
2484 3975 2588 4028 τῶν
2620 3973 2793 4028 ἄλλων
2839 3975 3029 4047 ἁγνείᾳ
3076 3976 3296 4046 φάσκων
3325 3975 3433 4029 δεῖν
3467 3974 3567 4048 τὴν
3612 3977 3803 4030 ἐαυτοι

2247 4069 2449 4139 σκηνὴν
2494 4067 2720 4120 ἕκαστον
2770 4068 3013 4137 κοσμεῖν.
3058 4065 3452 4138 Παραθήσομαι
3502 4065 3560 4120 δὲ
3609 4066 3707 4121 καὶ
3744 4065 3811 4121 τὰ

2245 4161 2350 4215 ἀπὸ
2370 4161 2468 4232 τῆς
2498 4159 2739 4230 Γραφῆς,
2782 4157 2873 4227 ἀφ’
2902 4153 2975 4214 ὧν
3011 4157 3502 4230 ἀναμφισϐητήτως
3530 4157 3809 4230 δειχθήσε-

2244 4271 2332 4309 ται
2372 4253 2554 4319 πᾶσιν,
2577 4253 2698 4305 ὅσον
2719 4251 2811 4305 καὶ
2842 4249 2960 4321 Θεῷ
2991 4250 3294 4323 πρόσφορον
3321 4252 3434 4304 ἐστι
3462 4252 3556 4305 καὶ
3581 4268 3811 4324 προσφι-

2244 4346 2332 4410 λὲς
2359 4346 2421 4399 τὸ
2450 4343 2781 4418 κατόρθωμα
2804 4341 2961 4397 τοῦτο
2989 4344 3088 4414 τῆς
3133 4343 3372 4413 ἁγνείας.
3411 4343 3524 4397 Καὶ
3558 4343 3636 4413 τῇ
3670 4360 3808 4398 πεν-

582 4458 758 4512 terrte,
808 4420 999 4515 festum
1038 4420 1368 4499 celebrabitis
1419 4442 1649 4497 Domino
1689 4451 1879 4511 septem
1912 4441 2092 4495 diebus
2125 4458 2143 4495 :

2247 4436 2629 4506 τεκαιδεκάτῃ
2659 4435 2849 4506 ἡμέρᾳ
2880 4435 2984 4490 τοῦ
3004 4420 3196 4506 μηνδς
3232 4437 3338 4492 τοῦ
3363 4434 3637 4508 ἑϐδόμου,
3668 4437 3811 4492 ὅταν

579 4548 626 4592 et
650 4538 733 4593 die
759 4547 939 4592 octavo
964 4538 1063 4591 erit
1093 4537 1312 4607 requies.
1351 4534 1416 4589 Et
1445 4535 1660 4591 sumetis
1693 4533 1775 4587 die
1801 4534 1968 4603 primo
2027 4535 2143 4604 fru-

587 4638 727 4681 ctum
741 4626 869 4699 ligni
884 4629 1194 4696 speciosum,
1211 4639 1259 4684 et
1284 4627 1523 4699 spatulas
1545 4626 1865 4697 palniarum,
1896 4635 1945 4679 et
1965 4641 2140 4679 ramos

581 4719 709 4786 ligni
731 4718 944 4783 densos,
972 4728 1019 4772 et
1044 4719 1253 4786 salices,
1285 4729 1335 4773 et
1357 4737 1534 4775 ramos
1563 4719 1687 4789 agni
1708 4718 1771 4771 de
1805 4727 2052 4780 torrente,
2073 4716 2140 4770 ad

583 4808 869 4864 limandum
900 4827 1077 4865 coram
1116 4812 1335 4865 Domino
1365 4811 1473 4866 Deo
1503 4822 1671 4865 vestro
1720 4819 1911 4878 septem
1958 4809 2137 4863 diebus

581 4902 707 4953 anni
737 4918 753 4955 :
788 4902 1077 4973 legitimum
1108 4905 1479 4974 sempiternum
1507 4903 1573 4974 .in
1607 4902 1875 4973 progenies
1917 4911 2137 4956 vestras.

578 4991 757 5048 Mense
786 4995 1001 5064 septimo
1030 4995 1357 5051 celebrabitis
1387 4996 1769 5051 solemnitatem
1800 4993 1977 5048 istam.
2011 4994 2140 5064 Sep-

2245 4530 2655 4599 συντελέσητε
2691 4528 2764 4584 τὰ
2795 4526 3134 4600 γεννήματα
3166 4526 3272 4597 τῆς
3318 4525 3448 4598 γῆς,
3497 4527 3811 4598 ἑορτάσει-ε

2244 4622 2438 4691 Κυρίῳ
2466 4623 2616 4678 ἑπτὰ
2636 4621 2857 4694 ἡμέρας
2874 4639 2886 4653 ⁸
2922 4622 3021 4676 καὶ
3042 4618 3117 4691 τῇ
3144 4621 3334 4691 ἡμέρᾳ
3360 4619 3433 4689 τῇ
3459 4619 3641 4690 ὀγδόῃ
3670 4620 3811 4675 ἀνὰρ

2244 4733 2467 4784 παυσις
2525 4718 2713 4773 ἔσται.
2772 4716 2882 4772 Καὶ
2927 4716 3200 4786 λήψεσθε
3248 4714 3324 4783 τῇ
3379 4713 3578 4784 πρώτῃ
3623 4714 3813 4785 ήμέρᾳ

2243 4809 2476 4879 καρπὸν
2509 4810 2698 4875 ξύλου
2725 4808 2958 4879 ὡραῖον,
2997 4808 3096 4862 καὶ
3124 4806 3469 4876 κάλλυντρα
3500 4807 3808 4875 φοινίκων,

2241 4905 2341 4959 καὶ
2370 4903 2632 4970 κλάδους
2667 4903 2856 4969 ξύλου
2897 4900 3124 4970 δασεῖς,
3164 4900 3263 4956 καὶ
3286 4898 3464 4968 ὶτέας,
3490 4901 3587 4955 καὶ
3624 4899 3811 4971 ἄγνου

2242 4995 2506 5063 κλάδους
2535 4996 2603 5050 ἐκ
2640 4995 2981 5066 χειωρῤου,
3019 4992 3424 5064 εὐφρανθῆναι
3459 4994 3661 5049 ἔναντι
3693 4996 3811 5049 Κυ-

577 5096 681 5139 tem
701 5084 882 5140 diebus
913 5087 966 5139 in
997 5088 1347 5142 tabernaculis
1396 5086 1728 5141 habitabilis.
1762 5084 1953 5141 Omnis
1999 5084 2140 5139 indi-

2247 5089 2373 5157 plov
2400 5088 2506 5142 τοῦ
2543 5087 2688 5143 Θεοῦ
2722 5085 2890 5158 ὑμῶν
2919 5087 3070 5142 ἑπτὰ
3106 5085 3330 5157 ἡμέρας
3359 5085 3465 5140 τοῦ
3494 5082 3775 5139 ἐνιαυτοῦ

573 5197 708 5251 gena
745 5181 801 5234 in
831 5179 1004 5235 Israel
1053 5180 1313 5234 habitabit
1352 5181 1406 5233 in
1436 5178 1790 5236 tabernaculis
1821 5195 1838 5232 :
1870 5188 1929 5232 ut
1970 5179 2140 5232 sciant

572 5275 842 5345 progenies
866 5283 1070 5339 vestris,
1101 5272 1237 5345 quod
1270 5274 1326 5326 in
1355 5272 1706 5327 tabernaculis
1747 5270 1984 5325 habitare
2008 5271 2142 5341 fece—

574 5371 676 5423 rim
699 5371 840 5439 [ilics
866 5367 1058 5430 Israel,
1083 5384 1200 5421 cum
1220 5366 1486 5420 educerem
1522 5383 1607 5420 eos
1633 5364 1697 5420 de
1720 5373 1861 5418 terra
1896 5363 2137 5436 .Egypti.

575 5460 687 5533 Ego
714 5460 973 5516 Dominus
1013 5458 1153 5513 Deus
1175 5467 1340 5511 vester
1371 5457 1436 5511 ⁸⁸.

2241 5182 2493 5250 νόμιμον
2518 5180 2758 5235 αἰώνιον
2780 5183 2866 5248 εις
2889 5180 2995 5249 τὰς
3013 5182 3219 5252 γενεὰς
3242 5178 3427 5251 ὑμῶν.
3459 5177 3555 5232 Ἐν
3568 5175 3650 5242 τῷ
3663 5175 3810 5246 μηνὶ

2243 5242 2327 5338 τιῖὶ
2352 5242 2577 5344 ἑϐδόμῳ
2602 5242 2918 5343 ἑορτάσετε
2958 5242 3172 5343 αύτήν.
3194 5242 3306 5328 ³Εᾶ
3323 5269 3578 5341 σκηναῖς
3613 5242 3821 5323 κᾷτά-⁸

2246 5363 2464 5433 κήσετε
2493 5367 2645 5422 ἑπτὰ
2674 5369 2916 5439 ἡμέρας.
2946 5365 3072 5435 Πᾶς
3110 5368 3417 5436 αὐτόχθων
3452 5365 3523 5420 ἐν
3562 5360 3818 5431 Ἰσραὴλ

2247 5459 2718 5529 κατοικήσουσιν
2755 5461 2824 5514 ἐν
2866 5459 3143 5528 σκηναῖς,
3182 5458 3342 5527 ὅπως
3378 5457 3588 5512 ἴδωσιν
3622 5457 3684 5509 al
3716 5471 3815 5524 γε·

573 5561 700 5613 νεαὶ
735 5557 920 5624 ὑμῶν,
952 5553 1041 5610 ὅτι
1087 5555 1156 5608 ἐν
1186 5552 1442 5622 σκηναῖς
1471 5550 1773 5618 κατῴκισα
1798 5554 1938 5620 τοὺς
1969 5552 2138 5619 υἱοὺς
2183 5553 2435 5625 Ἰσραὴλ,
2467 5557 2536 5611 ἐν
2566 5557 2876 5628 ἐξαγαγεῖν
2901 5575 2976 5628 με
3014 5556 3168 5629 ὑμᾶς
3198 5556 3265 5610 ἐκ
3324 5552 3435 5625 τῆς
3486 5552 3814 5624 Alﬁum.

588 5656 734 5720 Ἐγὼ
764 5656 979 5724 Κύριος
1014 5655 1047 5706 ό
1085 5647 1228 5714 Θεὸς
1263 5646 1445 5719 ὑμῶν.

637 5770 681 5802 "
708 5768 868 5823 Levit.
901 5782 1056 5830 χχιιι,
1088 5764 1275 5821 59-45.

651 5867 759 5936 (55')
789 5866 1093 5935 Καύχημα.
1124 5862 1214 5919 Sic
1246 5861 1493 5917 Allatius.
1526 5857 1650 5915 Vat.
1677 5859 1846 5931 codex
1879 5865 1930 5913 et
1965 5855 2150 5914 Possin

2249 5896 2264 5924 ,
2298 5855 2506 5919 κάλλος.
2541 5855 2828 5913 Conseris.
