4056 6302
278 427 385 485 I77

1366 422 1745 483 CONVIVIUM
1782 421 2010 478 DECEM
2049 419 2404 479 VlRGINUM.

3391 422 3496 478 178

350 546 570 612 Πάντως
599 545 960 618 ὑπολήψονται
1003 545 1112 617 (56)
1140 547 1189 601 οἱ
1245 545 1481 600 Ἰουδαῖοι
1524 544 1697 618 (ψιλῷ
1739 547 1831 617 τῆς

2004 541 2103 599 Hic
2120 559 2339 614 prorsus
2356 540 2523 598 Judaei
2549 541 2717 614 (circa
2733 540 2931 597 nudam
2951 540 3241 610 Scripturae
3258 541 3492 596 litteram

275 638 499 711 Γραφῇ
528 636 607 707 τῷ
637 647 924 709 γράμματι
960 635 1393 709 περιπετόμενοι,
1422 636 1609 708 ὥσπερ
1651 637 1745 690 καὶ
1772 636 1840 690 τὰ

276 729 585 800 καλούμενα
628 727 818 798 φύκια,
860 726 968 781 τῶν
999 726 1243 797 λαχάνων
1285 729 1397 790 τοῖς
1431 726 1667 796 φύλλοις,
1702 724 1841 781 ἀλλὰ

281 821 357 896 μὴ
386 825 498 886 τοῖς
526 820 710 875 ἄνθεσι
736 821 829 873 καὶ
859 821 1108 891 καρποῖς,
1140 818 1214 883 ὡς
1240 820 1274 890 ἡ
1306 817 1589 889 μέλισσα,)
1618 818 1840 882 τούτους

275 914 404 979 τοὺς
435 914 624 983 λόγους
656 914 748 966 καὶ
781 911 879 976 τάς
910 910 1226 983 νομοθεσίας
1263 910 1390 983 περὶ
1420 911 1624 982 σκηνῆς
1654 910 1837 964 τοιαύ-

276 1024 395 1080 της,
430 1007 546 1071 οἵας
571 998 715 1060 οὗτοι
747 1005 1131 1070 τεκταίνονται,
1167 1003 1431 1075 λελέχθαι,
1467 1005 1541 1068 ὡς
1573 1005 1666 1058 τοῦ
1701 1003 1836 1058 Θεοῦ

276 1099 555 1170 χαίροντος
593 1098 711 1161 ταῖς
752 1095 1010 1168 ὲξιτὴλοις
1042 1096 1537 1171 κμτακοσμὴσεσιν,
1572 1089 1659 1158 αἷς
1687 1094 1838 1147 αὐτοὶ

276 1188 744 1261 κατακοσμοῦντες
764 1186 1180 1268 σμσκευάζουσιν
1202 1190 1266 1241 ὲκ
1288 1187 1396 1241 τῶν
1420 1185 1754 1259 ἀκροδρύων,
1774 1186 1834 1239 οὐ

277 1282 670 1356 συνῃσθημένοι
715 1281 818 1335 τῶν
854 1281 1150 1353 μελλόντων
1189 1281 1406 1351 ἀγαθῶν
1435 1281 1526 1339 τὸν
1576 1280 1830 1335 πλοῦτονυ

273 1375 349 1439 ὡς
383 1370 523 1448 αὖρα
566 1375 735 1428 ταῦτα
774 1375 868 1429 καὶ
921 1375 1069 1429 σκιαὶ
1101 1373 1512 1445 φασματὼδεις,
1567 1370 1833 1446 προεξαγ-

275 1465 557 1534 γέλλουσαι
597 1465 694 1538 τὴν
723 1464 1015 1519 ἀνάστασιν
1047 1466 1141 1519 καὶ
1171 1464 1333 1536 πῆξιν
1363 1463 1456 1518 τοῦ
1490 1464 1833 1527 πεπτωκότος

273 1561 355 1623 είς
380 1559 481 1631 γῆν
513 1559 665 1630 ἡμῶν
701 1557 1072 1631 σκηνώματοςο
1106 1560 1135 1612 δ
1156 1562 1223 1631 τῇ
1252 1559 1451 1633 ἑϐδόμῃ
1480 1559 1834 1630 χιλιονταετη-

275 1652 380 1725 ρίδι
422 1652 580 1707 πάλιν
624 1650 886 1706 ἀθάνατον
926 1653 1308 1725 ἀπειληφότες,
1360 1654 1687 1725 ἐορτάσομεν
1733 1653 1831 1723 τὴν

274 1742 512 1815 μεγάλην
559 1741 750 1814 ἑορτὴν
784 1742 885 1814 τῆς
929 1742 1183 1815 ἀληθινῆς
1237 1743 1611 1815 Σκηνοπηγίας
1655 1745 1713 1796 ὲν
1762 1744 1829 1813 τῇ

271 1838 429 1907 καινῇ
474 1836 568 1889 καὶ
611 1835 791 1908 ἀλύτῳ
833 1834 1005 1889 κτίσει
1041 1836 1174 1907 (⁸57),
1221 1835 1671 1890 συντελεσθέντων
1721 1834 1831 1889 τῶν

1941 637 2252 699 volitantes,
2278 636 2424 690 velut
2446 634 2556 689 fuci
2588 636 2734 690 circa
2763 635 2970 691 olerum
3003 634 3152 689 folia:
3179 650 3286 689 non
3306 634 3496 705 utapis

1940 729 2085 784 circa
2111 726 2270 784 ﬂores
2320 734 2373 783 et
2402 725 2610 782 fructus
2640 728 2787 796 operi
2822 725 3032 797 sedula)
3081 725 3494 789 existimabunt,

1938 820 2101 875 verba
2133 818 2248 873 hate
2299 817 2502 888 basque
2545 817 2981 888 praescriptiones
3012 816 3077 871 ad
3121 816 3240 885 ejus
3282 817 3489 887 generis

1937 911 2343 968 tabernaculum
2367 920 2632 982 spectare,
2650 913 2809 983 quale
2827 911 2927 981 ipsi
2953 918 3309 967 construunt:
3337 910 3493 980 quasi

1937 1006 2079 1062 Deus
2110 1005 2342 1061 exilibus
2390 1005 2510 1061 istis
2562 1004 2836 1059 frondium
2894 1018 3278 1073 ramorumque
3332 1016 3495 1057 ornas

1936 1098 2132 1154 mentis
2157 1095 2342 1167 qualia
2374 1096 2450 1150 illi
2475 1112 2539 1151 ex
2558 1096 2850 1151 arboribus
2875 1097 3233 1159 concinnant,
3261 1093 3497 1149 delecte-

1938 1196 2044 1252 tur,
2066 1202 2175 1242 non
2208 1187 2568 1257 intelligentes
2594 1187 2902 1241 futurorum
2930 1186 3197 1240 bonorum
3230 1186 3451 1240 divitias
3478 1202 3492 1239 :

1935 1289 1988 1337 et
2022 1280 2129 1336 ista
2157 1281 2290 1334 nihil
2319 1296 2438 1336 esse
2462 1281 2570 1335 nisi
2601 1281 2771 1337 levem
2793 1295 2980 1334 auram
3001 1278 3330 1349 umbrasque
3359 1281 3494 1334 inta-

1935 1375 2174 1446 ginarias
2203 1375 2623 1446 praenuntiantes
2642 1374 3116 1437 resurrectionem,
3137 1374 3496 1428 erectionem-

1933 1488 2038 1542 que
2071 1472 2318 1528 stabilem
2364 1471 2504 1541 lapsi
2542 1470 2696 1541 prius
2726 1469 2780 1522 in
2812 1474 3015 1521 terram
3044 1466 3217 1522 nostri
3243 1468 3497 1522 taberna-

1932 1566 2043 1620 culi
2079 1584 2093 1621 :
2154 1565 2299 1636 quod
2357 1566 2588 1635 septimo
2626 1563 2844 1618 demum
2874 1561 3178 1617 millenario
3226 1576 3495 1617 annorum

1933 1673 2126 1715 rursus
2170 1658 2475 1713 immortale
2508 1663 3153 1726 resumentesrmagnam
3184 1669 3327 1708 vera:
3361 1652 3496 1709 See.

1932 1751 2172 1821 nopegite
2200 1751 2618 1813 solemnitatem,
2666 1748 2721 1802 in
2770 1762 2911 1804 nova
2941 1761 3005 1801 ac
3028 1745 3310 1801 insolubili
3342 1760 3498 1800 crea-

1932 1843 2103 1909 tione,
2149 1842 2540 1898 consummatis
2594 1841 2949 1910 collectisque
3009 1846 3169 1893 terrae
3204 1837 3492 1901 fructibus,

267 1927 368 1999 τῆς
394 1904 497 1999 γῆς
526 1904 773 2000 καρπῶν,
803 1929 898 1982 καὶ
923 1927 1033 1981 τῶν
1050 1904 1362 2000 ⁷ἀνθρώπων
1390 1926 1583 1997 μηκέτι
1604 1926 1831 1995 γεννών-

1932 1935 2361 2001 celebrabimus;
2414 1934 2631 1988 nemine
2682 1932 2963 1987 hominum
3017 1931 3250 2000 amplius
3290 1940 3383 1985 aut
3415 1930 3498 2002 gi-

265 2037 373 2074 των
397 2020 491 2075 καὶ
519 2019 868 2091 γεννωμένων
887 2037 901 2051 ο
935 2018 1070 2075 ἀλλά
1101 2018 1550 2082 καταπαύσαντος
1590 2017 1697 2072 ἀπὸ
1726 2015 1831 2072 τῶν

265 2112 441 2185 ἔργων
474 2113 575 2184 τῆς
604 2113 959 2184 κοσμοποιίας
993 2112 1085 2167 τοῦ
1119 2112 1274 2167 Θεοῦ.

350 2203 568 2275 Ἐπειδὴ
607 2202 715 2276 γάρ
749 2204 807 2256 ὲν
854 2200 914 2268 ἒξ
951 2204 1184 2277 ἡμέραις
1230 2206 1258 2258 6
1298 2204 1428 2268 Θεος
1468 2203 1832 2259 κατεσκεύασε

262 2298 356 2356 τὸν
391 2297 619 2370 οὐρανὸν
646 2298 737 2351 καὶ
770 2297 870 2369 τὴν
902 2298 1029 2369 γῆν,
1063 2298 1156 2350 καὶ
1187 2296 1495 2350 συνετέλεσε
1535 2297 1712 2352 πάντα
1742 2298 1832 2350 τὸν

269 2393 490 2462 κόσμον,
533 2392 629 2445 καὶ
673 2392 981 2446 κατέπαυσε
1018 2394 1083 2464 τῇ
1129 2390 1310 2464 ἡμέρᾳ
1350 2395 1416 2465 τῇ
1473 2392 1673 2466 ἑϐδόμῃ
1727 2392 1833 2446 ἀπὸ

267 2482 373 2536 τῶν
399 2484 573 2556 ἔργων
598 2482 760 2538 αὑτοῦ
789 2478 863 2538 ὧν
889 2485 1131 2556 εποίησε,
1164 2485 1257 2538 καὶ
1285 2484 1544 2556 εὐλόγησε
1577 2485 1674 2558 τὴν
1700 2486 1835 2557 ἡμέ-

270 2591 372 2646 ραν
405 2575 502 2646 τὴν
531 2575 782 2647 ἑϐδόμην,
817 2578 912 2630 καὶ
934 2578 1155 2647 ἡγίασεν
1190 2576 1359 2646 αὐτήν
1379 2593 1392 2607 ·
1422 2576 1668 2631 ἐντεῦθεν
1697 2595 1833 2648 συμ-

264 2667 502 2732 6ολικῶς
532 2667 610 2739 τῷ
643 2670 771 2741 μηνὶ
802 2669 1031 2740 ἑϐδόμῳ,
1059 2669 1258 2724 ὁπόταν
1289 2669 1386 2741 ἡδη
1414 2670 1833 2725 συντελεσθῶσιν

264 2760 317 2816 οἱ
343 2760 544 2831 καρποὶ
571 2760 670 2830 τῆς
691 2760 813 2830 γῆς,
839 2758 1114 2832 ἑορτάζειν
1140 2760 1589 2832 προστασσόμεθα
1718 2763 1831 2814 Κυ-

269 2852 401 2925 ρίῳ*
434 2851 463 2905 ὁ
496 2852 558 2924 δή
592 2854 759 2916 ἐστιν,
792 2851 995 2905 ὁπόταν
1018 2854 1046 2905 ό
1091 2851 1295 2922 κόσμος
1326 2845 1478 2915 οὗτος
1514 2851 1830 2923 συντελεσθῇ

266 2947 333 3017 τῇ
370 2944 568 3016 ἐϐδόμῃ
615 2944 1088 3016 χιλιονταετηρίδιο
1135 2944 1245 3008 ὅτε,
1276 2943 1352 3006 ὡς
1393 2941 1606 3014 ἀληθῶς
1636 2944 1664 2995 ὁ
1701 2942 1833 3006 Θεὸς

269 3037 589 3102 συντελέσας
610 3036 708 3109 τὴν
736 3036 1079 3108 οἰκουμένην,
1110 3037 1195 3106 ἐφ’
1222 3038 1351 3108 ἡμῖν
1377 3035 1828 3108 εὐφρανθήσεται.

266 3129 380 3188 Νῦν
404 3130 510 3203 γὰρ
538 3129 718 3201 ἀκμὴν
741 3129 820 3183 ἔτι
843 3128 911 3183 τὰ
937 3129 1112 3183 πάντα
1143 3128 1557 3202 δημιουργεῖται
1580 3132 1646 3201 τῇ
1675 3130 1829 3202 διαρ-

266 3224 353 3275 κεῖ
386 3220 632 3293 βουλήσει
678 3219 843 3274 αὐτοῦ
891 3222 983 3275 καὶ
1029 3222 1330 3294 ἀνεννοὴτῳ
1362 3220 1609 3293 δυνάμει,
1645 3221 1828 3276 ἀναδι-

265 3310 462 3383 δούσης
507 3310 588 3364 ἒτι
620 3311 717 3382 τῆς
756 3311 859 3381 γῆς
891 3313 1017 3375 τοὺς
1049 3312 1329 3384 καρποὺς,
1364 3311 1458 3367 καὶ
1487 3311 1594 3366 τῶν
1626 3311 1832 3367 ὑδάτων

265 3402 642 3474 συναγομένων
666 3404 744 3466 είς
777 3402 878 3466 τὰς
912 3405 1259 3474 συναγωγάς·
1291 3405 1384 3458 καὶ
1420 3403 1516 3458 τοῦ
1546 3405 1723 3474 φωτὸς
1749 3405 1830 3460 ἔτι

262 3493 715 3568 διαχωριζομένου
736 3535 750 3562 ,
783 3497 875 3549 καὶ
899 3495 992 3549 τοῦ
1022 3494 1255 3567 ἀριθμοῦ
1284 3495 1393 3548 τῶν
1421 3493 1720 3567 ἀνθρώπων
1749 3494 1829 3548 ἔτι

263 3587 761 3662 δημιουργουμένου
786 3605 800 3618 ο
837 3587 931 3641 καὶ
956 3586 1049 3641 τοῦ
1092 3585 1240 3659 ἡλίου
1283 3589 1364 3652 εἰς
1407 3586 1580 3659 ἀρχὰς
1611 3586 1833 3642 ἀνατέλ-

263 3682 444 3747 λοντος
463 3682 561 3752 τῆς
581 3682 812 3754 ἡμέρας,
835 3681 927 3734 καὶ
953 3680 1051 3751 τῆς
1076 3680 1304 3750 σελήνης
1327 3680 1408 3744 εἰς
1431 3680 1605 3752 ἀρχὰς
1627 3680 1708 3734 ἔτι
1731 3680 1830 3752 τῆς

263 3774 485 3837 νυκτός·
523 3773 619 3828 καὶ
656 3773 763 3826 τῶν
791 3771 1135 3845 τετραπόδων
1172 3773 1267 3827 καὶ
1299 3772 1500 3843 θηρίων
1539 3773 1634 3826 καὶ
1667 3774 1830 3845 ἑρπε-

262 3868 370 3920 τῶν
397 3858 462 3920 ὲκ
487 3864 593 3936 τῆς
624 3865 728 3935 γῆς
757 3863 1168 3934 ἀναδιδομένων,
1208 3865 1302 3918 καὶ
1334 3864 1549 3936 πτηνῶν
1592 3866 1685 3920 καὶ
1730 3883 1827 3938 νη-

262 3957 406 4014 κτῶν
439 3961 503 4013 ὲκ
536 3957 636 4030 τῆς
674 3957 846 4029 ὑγρᾶς
871 3954 1076 4019 οὐσίας.
1108 3954 1239 4010 Τότε
1274 3955 1338 4028 δὴ
1362 3957 1562 4012 ὁπόταν
1589 3957 1830 4013 συντελε-

321 4118 366 4151 ⁶⁶
389 4115 516 4173 Gen.
558 4132 618 4182 ιι,
650 4114 702 4170 1.
772 4113 815 4146 ⁸⁷
842 4112 992 4170 Psal.
1026 4128 1147 4179 cur,
1181 4112 1269 4168 51.

331 4232 443 4307 (56)
471 4231 718 4307 Πάντως
741 4230 1180 4307 ὑπολήψονται.
1203 4229 1318 4285 Meo
1340 4224 1582 4307 periculo
1601 4223 1826 4307 mutavi,

263 4300 734 4377 quod'ediderunt
759 4316 840 4377 ac
879 4300 1231 4377 reddiderunt
1270 4300 1436 4377 ambo
1465 4300 1826 4377 interpretes,

265 4368 481 4440 πάντες.
527 4374 643 4429 Nec
683 4372 829 4427 enim
880 4372 959 4427 sic
1009 4372 1239 4427 inscitus
1267 4368 1683 4440 Methodius,_ut
1713 4380 1830 4419 om-

263 4450 412 4502 nium
444 4436 509 4500 id
548 4444 862 4501 Judaaorum
902 4443 1049 4507 velit,
1096 4459 1206 4498 non
1252 4442 1475 4497 omnino
1519 4436 1831 4507 Judworum

263 4519 459 4589 quibus
475 4516 704 4589 necdum
721 4506 1119 4589 all’ulsitlumen
1135 4512 1356 4589 Christi.
1383 4511 1602 4589 unaque
1619 4508 1732 4563 haec
1752 4506 1830 4560 illi

1929 2035 2126 2100 gneute
2153 2034 2247 2081 aut
2275 2027 2367 2097 qui
2395 2025 2670 2097 gignatur,
2704 2024 2795 2078 sed
2828 2022 3065 2093 Deojam
3092 2024 3249 2093 plene
3270 2022 3497 2078 feriante

1931 2135 1963 2175 a
1986 2120 2174 2176 mundi
2200 2119 2420 2176 fabricae
2437 2133 2621 2190 Opere.

1999 2213 2265 2280 Quoniam
2302 2214 2446 2268 enim
2480 2211 2624 2268 Deus
2649 2227 2745 2268 sex
2766 2211 2959 2268 diebus
2989 2211 3186 2267 coelum
3213 2221 3268 2265 et
3293 2218 3495 2267 terram

1931 2304 2229 2362 fabricatus
2252 2312 2359 2369 est,
2395 2319 2459 2359 ae
2506 2303 2767 2358 mundum
2801 2303 3115 2357 universum
3144 2301 3395 2364 absolvit,
3419 2317 3500 2357 re-

1930 2397 2241 2470 quievitque
2265 2398 2352 2452 die
2370 2397 2600 2467 septimo
2625 2396 2693 2450 ab
2708 2394 2964 2465 operibus
2981 2394 3097 2449 suis
3122 2409 3242 2463 qua:
3272 2392 3495 2461 fecerat,

1930 2500 1984 2546 et
2030 2489 2308 2545 benedixit
2340 2488 2428 2544 die
2471 2486 2724 2559 septimo,
2773 2495 2822 2542 et
2856 2486 3211 2543 sanctiﬁcavit
3250 2500 3373 2542 eum
3407 2486 3493 2542 ⁶⁶ι

1929 2581 2056 2638 inde
2069 2581 2368 2654 symbolice
2388 2595 2572 2636 mense
2602 2579 2855 2650 septimo,
2875 2578 3092 2649 quando
3103 2579 3215 2645 jam
3239 2593 3497 2633 consum-

1930 2674 2061 2728 mati
2094 2673 2414 2743 collectique
2443 2678 2569 2728 sunt
2602 2671 2811 2727 fructus
2840 2679 3018 2735 terrae,
3047 2670 3209 2726 ferias
3242 2670 3497 2742 agereju-

1930 2763 2122 2819 bemur
2154 2761 2414 2829 Domino;
2445 2761 2550 2815 hoc
2579 2769 2661 2815 est
2691 2775 2818 2815 cum
2854 2760 3089 2815 mundus
3118 2758 3234 2829 ipse
3261 2758 3497 2828 septimo

1932 2869 2199 2909 annorum
2234 2854 2539 2909 millenario
2585 2860 2997 2908 consummatus
3029 2850 3191 2906 fuerit
3220 2867 3235 2902 :
3273 2848 3495 2921 quando

1932 2948 2074 3005 Deus
2103 2949 2352 3005 absoluto
2384 2963 2509 3004 vere
2554 2947 2742 3003 mundi
2781 2961 2965 3017 opere,
3004 2946 3059 2999 in
3088 2944 3245 3000 nobis
3289 2942 3497 2997 laetabi-

1931 3049 2021 3098 tur
2049 3043 2113 3096 ⁸⁷.
2148 3042 2305 3098 Nunc
2336 3042 2481 3098 enim
2505 3042 2683 3097 adhuc
2712 3042 2893 3097 omnia
2916 3047 3245 3110 praepotente
3264 3045 3400 3092 nutu
3428 3036 3493 3091 ιι-

1932 3131 2037 3189 lius
2068 3142 2423 3198 procreantur
2445 3173 2460 3197 ,
2493 3145 2819 3200 omnemque
2850 3130 3045 3185 mentis
3078 3130 3371 3200 cogitatum
3400 3141 3496 3182 su-

1931 3231 2155 3294 perante
2176 3224 2419 3295 potentia
2436 3224 2492 3278 in
2513 3224 2686 3280 lucem
2719 3224 2974 3285 eduntur,
3008 3229 3151 3276 terra
3183 3220 3290 3274 huc
3318 3233 3495 3288 usque

1937 3314 2147 3371 fructus
2175 3316 2508 3386 producente
2529 3314 2950 3387 aquisqueintra
2977 3327 3074 3369 sua
3105 3310 3495 3382 conceptacula

1935 3417 1988 3463 et
2019 3414 2240 3477 paratos
2271 3408 2509 3464 alveolos
2538 3421 2597 3463 se
2622 3405 3010 3475 recipientibus
3048 3423 3060 3458 :
3099 3403 3237 3458 lucis
3275 3414 3495 3471 quoque

1935 3497 2202 3556 divisione
2236 3515 2266 3554 a
2292 3501 2536 3557 tenebris
2572 3500 2838 3554 hactenus
2867 3498 3117 3560 durante,
3159 3506 3497 3563 numeroque

1937 3596 2141 3645 statuto
2164 3590 2447 3646 hominum
2470 3589 2713 3645 nondum
2742 3589 2977 3659 expleto,
2998 3585 3093 3643 sed
3120 3585 3243 3641 aliis
3264 3583 3498 3653 aliisque

1935 3680 2176 3751 quotidie
2210 3679 2278 3735 ad
2308 3693 2576 3736 summam
2605 3677 2985 3735 absolvendum
3004 3673 3493 3733 subnascentibus:

1934 3775 2049 3833 sole
2070 3789 2285 3845 quoque
2306 3773 2416 3829 diei
2441 3772 2607 3839 ortui,
2629 3781 2683 3828 et
2707 3772 2832 3826 luna
2846 3770 3022 3828 noctis
3041 3765 3491 3839 praesidentibus:

1931 3885 1963 3925 e
1996 3877 2141 3924 terra
2165 3867 2292 3923 item
2314 3866 2707 3939 prodeuntibus
2728 3863 3168 3936 quadrupedibus
3196 3859 3496 3929 bestiisque

1932 3967 1988 4016 et
2018 3960 2326 4031 reptilihus,
2357 3959 2778 4031 volucribusque
2805 3967 2860 4015 et
2886 3957 3198 4013 natatilibus
3221 3969 3288 4010 ex
3315 3950 3496 4008 humi-

1933 4232 2185 4303 ceptpros
2197 4240 2313 4303 Διιοε
2338 4225 2489 4303 dicit,
2522 4227 2770 4303 αζωνίους
2794 4230 2997 4303 σκηνὰς
3017 4230 3198 4285 οὐκέτι
3231 4228 3494 4303 θνηξομέ-

1936 4312 2029 4376 νας
2064 4295 2497 4376 ᾓιλυθησομένας
2533 4300 2613 4376 είς
2646 4299 2763 4376 γῆνΔ
2777 4295 3029 4374 χώματος
3056 4316 3237 4376 aquae;
3257 4295 3357 4357 est
3375 4295 3496 4369 ejus

1937 4364 2026 4419 hic
2065 4364 2257 4431 ἄλυτος
2292 4364 2523 4431 creatio;
2568 4364 2683 4439 ipsa
2703 4364 2934 4437 ἀλύπὸς,
2979 4364 3033 4427 in
3082 4364 3169 4429 his
3207 4364 3492 4434 duntaxat,

1936 4452 2166 4514 quorum
2188 4445 2560 4514 erunt‘ornata
2582 4441 2952 4509 tabernacula,
2975 4452 3028 4498 et
3047 4445 3137 4514 qui
3162 4444 3308 4514 digni
3336 4449 3498 4514 erunt

1938 4523 2062 4561 cum
2093 4507 2313 4582 Christo
2352 4508 2553 4569 feriari,
2590 4524 2865 4580 praeeunte
2902 4507 3108 4580 judicio
3142 4534 3153 4568 :
3186 4507 3308 4569 aliis
3337 4513 3497 4582 plena

266 4579 388 4659 apta
413 4587 711 4668 expressio,
754 4584 1161 4667 τάμαλούμενα
1193 4584 1380 4664 φύκια,
1420 4582 1707 4673 fucinquos
1738 4593 1831 4673 ςα-

2284 4579 2358 4673 De
2404 4579 2999 4673 selptiniormilleuario,
3045 4579 3498 4673 quo-suscitanda

264 4650 422 4713 cont:
449 4650 632 4712 notum
661 4654 855 4712 insecti
880 4650 1073 4725 genus,
1106 4650 1284 4726 ipsum
1315 4650 1482 4726 iners,
1522 4659 1577 4707 et
1594 4650 1719 4726 apis
1748 4650 1832 4726 la-

265 4730 488 4785 boribus
538 4727 812 4782 infestum.
862 4720 1233 4788 A'llatiusf'rclt
1279 4724 1586 4795 καλούμενα
1639 4720 1827 4792 ψυχία,

268 4799 731 4868 redditque,‘qute
772 4796 988 4868 psychia
1034 4811 1426 4868 nuncupatum;
1458 4796 1523 4868 in
1573 4809 1683 4864 quo
1720 4807 1829 4846 non

270 4867 601 4926 satis‘laudo
629 4867 743 4922 ’viri
776 4867 1111 4938 religionem.
1157 4867 1371 4921 Nullius
1415 4867 1505 4920 hic
1538 4879 1731 4938 sensus
1766 4878 1830 4938 ea

269 4956 395 5004 vox,
442 4955 542 4995 nec
584 4939 691 5009 nisi
738 4933 903 5009 pueri
934 4938 1319 5003 exscribentis,
1363 4936 1655 5009 seu_etiam_
1686 4933 1831 5009 anti-

269 5012 445 5081 quarii
480 5008 714 5079 σφάλμα.
738 5006 975 5080 Ψυχεῖα,
1008 5024 1104 5063 seu
1125 5012 1295 5081 etiam
1346 5007 1525 5081 LIIUX£G_
1546 5014 1599 5081 et
1630 5006 1828 5081 ψυγεῖα

269 5076 378 5137 alio
419 5076 683 5149 spectant,
729 5076 1005 5134 nec'sunt
1050 5076 1387 5136 animalium.
1424 5076 1530 5133 sed
1578 5077 1705 5140 loci,
1745 5076 1830 5131 vel

269 5152 431 5207 etiam
462 5149 677 5204 fomenti
708 5149 946 5204 nomina.
985 5149 1271 5206 Constans.

341 5220 584 5293 (57)Kal
637 5221 1092 5293 ἀλύτῳ-κτίσει.
1150 5220 1215 5293 Et
1264 5219 1370 5281 hic,
1402 5216 1825 5293 _I_neo_pe_riculo,

270 5285 446 5363 ἀλύτῳ
469 5300 616 5345 muto
640 5306 737 5360 pro
766 5289 971 5361 ἀλύπῳ.
1005 5289 1078 5344 De
1104 5288 1438 5346 tabernaculi
1460 5285 1602 5363 enim
1628 5289 1833 5363 instau-

269 5359 479 5418 ratione
516 5359 697 5416 seruio
736 5369 840 5419 est,
876 5359 935 5416 et
975 5376 1111 5414 nova
1136 5364 1412 5416 creatione
1460 5360 1525 5412 ad
1572 5373 1731 5428 quam
1767 5359 1829 5411 τὸ

270 5434 479 5498 ἄλυτον,
507 5434 622 5487 sive
651 5431 983 5485 ἀκατάλυτον
1019 5446 1116 5500 per
1155 5447 1214 5487 se
1257 5437 1485 5501 spectat,
1520 5431 1828 5501 epposiluin

270 5504 345 5576 τῷ
364 5502 832 5576 καταπεπτωκότι,
859 5502 1148 5576 insolubile
1174 5512 1227 5576 et
1247 5500 1582 5576 immortale,
1607 5500 1825 5576 _n_mrtali

272 5572 328 5629 et
360 5577 408 5629 ei
438 5574 582 5644 quod
624 5572 845 5635 decidit,
877 5573 1044 5644 Amos
1077 5588 1153 5634 Ix,
1197 5573 1257 5626 ll
1282 5590 1296 5640 ;
1325 5574 1444 5626 Act.
1478 5587 1567 5633 xv,
1600 5572 1827 5644 16,7non

272 5644 344 5698 ita
373 5645 431 5699 τὸ
458 5642 678 5709 ἄλυπον,
701 5644 793 5700 sed
823 5642 983 5713 quasi
1013 5659 1079 5697 ex
1106 5644 1457 5712 consequenti
1485 5662 1497 5697 :
1523 5649 1577 5697 et
1609 5649 1666 5695 ut
1684 5643 1831 5713 Δρο-

275 5717 453 5787 είοιυεί
488 5717 719 5787 loquitur
770 5714 931 5787 llehr.
979 5729 1075 5778 vn,
1130 5713 1215 5775 ib',
1259 5713 1398 5787 κατὰ
1423 5713 1830 5787 Αδύναμινῃζωῆς

277 5783 621 5852 ἀκαταλύτου,
663 5785 947 5840 secundum
978 5788 1220 5839 virtutem
1260 5786 1379 5838 vita:
1415 5783 1732 5842 insolubilis,
1765 5783 1828 5837 uc

277 5855 404 5928 sicut
430 5856 536 5910 die:
567 5858 907 5928 mternitatis:
948 5855 1125 5921 καθὼς
1155 5858 1209 5909 αξ
1237 5855 1445 5928 ἡμέραι
1478 5853 1822 5928 τοῦιαὶῶνος.

278 5926 436 5981 Amos
465 5936 676 5985 citatus.
716 5927 807 5985 Sic
847 5930 963 6000 ipse
1004 5925 1366 6000 postmodum
1393 5925 1695 5984 Methodius
1737 5941 1824 5982 re-

1936 4657 2120 4703 nostra
2160 4651 2509 4707 tabernacula
2539 4668 2603 4706 ac
2645 4654 2879 4709 futuram
2913 4651 3363 4712 resurrectionem
3400 4669 3498 4707 au-

1935 4728 2162 4797 guratur
2192 4720 2496 4797 Methodius
2530 4738 2597 4777 ex
2622 4725 2879 4796 mysterio
2907 4736 2959 4782 et
2988 4728 3171 4797 requie
3200 4727 3305 4782 diei
3336 4726 3501 4790 septi-

1933 4792 2322 4873 nnenhumana
2363 4792 2693 4873 conjectura
2715 4805 2815 4873 est,
2858 4800 2943 4852 cui
2977 4792 3091 4868 ipse
3121 4798 3381 4873 Dominus
3404 4812 3498 4873 oc-

1931 4863 2122 4944 currit,
2169 4863 2296 4918 dum
2341 4872 2554 4944 tempus
2581 4866 2732 4944 illud
2782 4863 3023 4944 ignotum
3069 4884 3190 4944 esse
3234 4868 3495 4944 decrevit.

1930 4936 2156 5009 ejusque
2183 4936 2821 5009 noscend[desiderium
2846 4940 2897 4993 in
2932 4940 3192 5007 apostolis
3216 4939 3495 5009 repressit.

1930 5003 2091 5086 Certe
2118 5006 2411 5086 qupdﬂillos
2444 5004 2584 5086 Deus
2624 5010 2837 5086 celavit,
2883 5003 3116 5064 humana
3158 5003 3357 5086 temere
3387 5009 3498 5063 dis-

1931 5076 2098 5144 quirit
2121 5077 2403 5131 sedulitas.
2449 5076 2589 5132 Fore
2631 5080 2748 5134 dies
2778 5079 2901 5137 illos
2933 5097 3039 5135 non
3080 5098 3202 5137 cum
3241 5081 3499 5136 observa-

1931 5149 2099 5218 tione,
2128 5146 2241 5217 ipse
2263 5146 2526 5203 Dominus
2557 5152 2907 5218 praemonuit;
2941 5152 3034 5207 sed
3060 5161 3189 5207 tunc
3214 5167 3336 5206 cum
3364 5150 3497 5205 nihil

1931 5217 2167 5271 mundus
2199 5218 2265 5272 de
2298 5219 2405 5272 illis
2445 5217 2724 5289 cogitabit,
2770 5223 2864 5276 sed
2896 5217 3050 5279 totus
3083 5224 3311 5279 terrenis
3342 5221 3496 5275 addi-

1930 5295 2067 5369 ctus.
2081 5289 2205 5353 erit,
2223 5290 2314 5369 ‘uti
2347 5306 2405 5369 se
2438 5306 2524 5346 res
2553 5292 2607 5345 in
2638 5291 3077 5369 diluvithabnit.
3106 5294 3358 5350 Nostrum
3379 5300 3493 5369 _cs_t,

1932 5366 1989 5413 ut
2021 5358 2140 5427 ejus
2173 5358 2442 5434 adventus
2468 5358 2871 5433 exspectatione
2901 5381 3111 5434 semper
3142 5361 3392 5433 suspensi
3423 5363 3500 5416 si-

1931 5446 2073 5493 mus,
2110 5429 2255 5500 quod
2292 5432 2394 5487 etsi
2423 5429 2790 5490 forte'mnndi
2827 5429 3357 5492 consurinnatio‘nos
3388 5446 3499 5486 non

1929 5501 2328 5577 apprehendet;
2378 5511 2434 5557 at
2479 5505 2843 5573 apprehendet
2890 5508 3131 5577 proxima
3176 5518 3346 5577 mors,
3390 5517 3500 5570 qua

1929 5573 2146 5627 demum
2192 5575 2418 5629 subruta
2461 5583 2647 5631 nostra
2691 5573 3057 5642 tabernacula,
3092 5577 3145 5629 id
3177 5573 3501 5627 nanciscen—

1929 5651 2037 5707 tur,
2071 5652 2127 5697 ut
2157 5646 2240 5698 vel
2279 5646 2344 5700 ad
2384 5647 2548 5699 vitam
2594 5647 2806 5711 ἄλυτον,
2855 5654 2932 5703 vel
2986 5636 3053 5699 ad
3084 5653 3313 5699 mortem
3346 5636 3539 5707 mter-ﬁ

1928 5731 2140 5785 nosque
2163 5718 2439 5774 cruciatus
2469 5718 2578 5772 sint
2608 5717 2925 5787 reparanda,
2954 5731 3061 5786 quo
3091 5724 3332 5787 tempore
3352 5712 3502 5787 Deus

1928 5787 2230 5910 prtillliitivil,
2266 5803 2328 5843 ac
2360 5789 2450 5845 ubi
2476 5789 2586 5859 jam
2614 5785 2912 5844 electorum
2946 5785 3180 5841 niundus
3213 5785 3502 5844 absolutus

1928 5875 2004 5910 ert
2040 5900 2051 5910 .
2103 5874 2131 5910 υ

1927 5866 2051 5913 erit.
2078 5866 2131 5911 ID
