4056 6302
278 344 391 438 {si

1377 384 1754 442 CONVIVIUM
1798 385 2023 442 DECEM
2063 387 2436 445 VIRGINUM.‘

3416 392 3519 447 182

276 497 437 553 δέπω
460 498 520 552 τὸ
548 498 751 552 τέλειον
780 493 914 569 ἧκεν
941 498 960 572 (
1003 502 1035 571 η
1074 500 1316 571 βασιλεία
1343 500 1451 556 τῶν
1482 487 1723 574 οὐρανῶν
1760 503 1847 557 καὶ

1958 505 2255 574 perfectum
2283 515 2368 562 est
2395 506 2670 577 (nimirum
2701 506 2961 565 malorum
2989 521 3213 578 regnum
3246 514 3301 562 et
3332 523 3518 563 resur-

277 593 320 663 ἠ
356 590 706 658 άνάστασις,)
742 592 821 654 είς
866 593 1030 663 ἡμᾶς,
1066 593 1164 647 ὅτε
1208 594 1640 665 καταργήσεται
1688 596 1754 650 τὸ
1785 598 1854 651 ἐκ

275 680 528 754 μέρους.
577 682 711 736 Τότε
757 684 866 756 γὰρ
918 687 973 738 αί
1029 687 1224 757 σκηναὶ
1285 688 1581 759 πήγνυνται
1639 690 1852 744 πάντων

283 775 469 848 ἡμῶν,
494 777 678 842 ὁπότε,
703 778 810 832 τῶν
838 778 1008 832 ὀστῶν
1035 780 1491 854 συγκολλωμένων
1515 785 1610 840 καὶ⁴
1647 803 1856 858 συμπη-

240 907 248 915 .
284 866 572 936 γνυμένων
620 869 741 931 ταῖς
781 868 988 939 σαρξὶν,
1029 870 1311 927 ἀνίσταται
1361 873 1538 946 σῶμα.
1595 875 1725 929 Τότε
1758 877 1854 948 τὴν

287 956 502 1029 ἡμέραν
552 958 653 1030 τῆς
701 962 875 1031 χαρᾶς
926 962 1256 1034 ἑορτάζομεν
1298 966 1488 1036 Κυρίῳ
1529 966 1850 1039 εἰλικρινῶς,

286 1049 451 1102 ὁπότε
470 1049 570 1114 τὰς
594 1051 798 1122 σκηνὰς
820 1054 1069 1119 αἰωνίους
1094 1056 1502 1129 ἁποληψόμεθα,
1523 1060 1704 1114 οὐκέτι
1729 1059 1854 1130 θνη-

290 1139 524 1213 ξομὲνας
568 1143 601 1214 ἢ
636 1141 1008 1215 λυθησομὲνας
1037 1148 1116 1210 είς
1147 1148 1251 1219 γῆν
1299 1149 1571 1220 χώματος.
1603 1148 1714 1228 fil?
1746 1152 1853 1225 γὰρ

286 1233 445 1305 ημῶν
480 1236 573 1289 καὶ
602 1235 834 1308 πρόσθεν
859 1237 1106 1302 ἄπτωτος
1143 1241 1176 1309 ἡ
1208 1243 1378 1313 σκηνή
1421 1240 1532 1313 (40)
1551 1260 1565 1273 ⁶
1597 1227 1733 1298 ἆλλᾶ
1767 1244 1851 1297 διὰ

288 1326 388 1397 τὴν
442 1326 747 1398 παράϐασιν
784 1329 1045 1403 ἐσαλεύθη
1091 1332 1184 1384 καὶ
1220 1332 1429 1406 ἐκλίθη,
1484 1333 1577 1388 τοῦ
1623 1335 1756 1388 Θεοῦ
1792 1336 1855 1388 τὸ

288 1416 589 1487 ἁμάρτημα
608 1416 862 1482 λύσαντος
886 1418 1118 1491 θανάτῳ,
1144 1422 1228 1474 ἴνα
1256 1422 1350 1493 μὴ,
1375 1422 1653 1489 ἀθανάτως
1674 1424 1855 1495 ἁμαρ-

289 1510 456 1575 τωλὸς
481 1513 509 1565 ό
532 1512 813 1583 ἄνθρωπος
839 1511 937 1577 ὣν,
966 1513 1146 1586 ζώσης
1170 1518 1229 1568 ὲν
1256 1515 1403 1586 αὐτῷ
1427 1516 1528 1586 τῆς
1557 1519 1849 1588 ἁμαρτίας,

292 1604 520 1667 αἰωνίως
543 1604 866 1676 κατάκριτος
888 1605 1110 1677 γενηθῇ.
1135 1607 1239 1661 Καὶ
1264 1607 1351 1661 διὰ
1374 1608 1530 1663 τοῦτο
1548 1612 1640 1664 καὶ
1660 1610 1851 1681 τέθνη-

292 1711 384 1749 κεν
419 1695 479 1748 οὐ
522 1696 811 1767 γενόμενος
846 1696 1037 1769 θνητὸς
1082 1698 1115 1770 ἢ
1168 1698 1423 1772 φθαρτὸς,
1471 1702 1565 1755 καὶ
1608 1702 1849 1774 διεκρίθη

289 1787 385 1858 τῆς
414 1787 668 1860 σαρκὸςή
698 1788 865 1860 ψυχὴ,
899 1789 985 1843 ἵνα
1010 1791 1255 1863 νεκρωθῇ
1284 1792 1372 1847 διὰ
1408 1792 1500 1847 τοῦ
1534 1793 1762 1848 θανάτου
1790 1797 1850 1851 τὸ

1954 599 2145 666 rectio)
2178 598 2385 669 quando
2421 599 2758 654 evacuabitur
2787 598 2925 670 quod
2963 615 3027 654 ea:
3068 609 3216 668 parte
3239 608 3340 655 est.
3365 599 3519 657 Tunc

1954 692 2097 747 enim
2128 690 2283 745 ﬁrma
2308 691 2427 747 basi
2474 691 2728 761 erigenda
2762 692 3003 746 omnium
3032 698 3281 748 nostrum
3334 692 3519 748 taber-

1954 783 2169 846 nacula,
2208 782 2445 852 quando,
2480 783 2671 837 iterum
2724 782 3071 854 agglutinatis
3126 789 3181 836 et
3217 783 3518 853 compactis

1953 889 2078 929 cum
2118 890 2282 930 carne
2308 874 2547 938 ossibus,
2576 882 2823 944 resurget
2872 887 3093 943 corpus.
3136 871 3290 927 Tunc
3322 873 3514 929 festam

1953 963 2135 1036 gaudii
2165 964 2339 1021 lucem
2368 966 2579 1021 sincere
2617 963 2845 1018 Domino
2898 963 3294 1019 celebrabimus
3314 1004 3330 1030 ,
3390 978 3517 1018 cum

1951 1065 2153 1114 aeterna
2180 1058 2531 1114 tabernacula
2558 1060 2946 1129 receperimus,
2975 1073 3085 1113 non
3133 1056 3366 1127 amplius
3394 1070 3517 1110 mo-

1952 1149 2125 1203 ritura
2151 1155 2245 1203 aut
2269 1147 2612 1203 dissolvenda
2644 1148 2700 1201 in
2740 1148 3016 1218 pulverem
3072 1146 3269 1201 tumuli
3289 1146 3356 1197 τ’.
3386 1142 3519 1198 Erat

1950 1241 2094 1295 enim
2126 1246 2372 1294 nostrum
2403 1239 2664 1294 immobili
2691 1240 2842 1309 prius
2888 1246 3030 1295 statu
3068 1238 3233 1293 ﬁxum
3264 1236 3518 1291 taberna-

1951 1332 2132 1386 culum
2165 1350 2177 1385 :
2209 1330 2300 1386 sed
2349 1345 2445 1399 per
2476 1332 2964 1402 transgressionem
2991 1337 3222 1394 motum,
3250 1337 3305 1384 et
3331 1328 3385 1383 in
3413 1336 3520 1384 ter-

1949 1441 2064 1480 ram
2088 1425 2406 1480 inclinatum
2431 1433 2548 1492 est;
2579 1424 2689 1480 Deo
2715 1439 2814 1494 per
2839 1431 3065 1479 mortem
3091 1429 3373 1493 peccatum
3402 1419 3518 1478 dis-

1951 1510 2214 1584 solvente,
2236 1534 2305 1573 ne
2335 1519 2657 1573 immortalis
2694 1519 2857 1573 homo
2894 1525 3148 1589 peccator
3194 1514 3406 1584 vivens,
3434 1514 3517 1569 vi-

1946 1619 2106 1666 vente
2135 1611 2189 1664 in
2215 1625 2280 1666 eo
2311 1619 2532 1681 peccato
2555 1652 2567 1673 ,
2598 1609 2654 1663 in
2684 1609 3072 1681 sempiternum
3101 1604 3391 1659 maledicto
3417 1604 3518 1658 ob-

1950 1702 2145 1757 noxius
2168 1700 2326 1757 foret.
2355 1700 2648 1772 PrOpterea
2670 1701 2832 1755 etiam
2881 1706 3107 1753 mortem
3157 1695 3329 1759 obiit,
3389 1709 3513 1748 cum

1952 1797 2109 1850 morti
2135 1795 2404 1850 obnoxius
2431 1803 2648 1850 creatus
2674 1808 2783 1847 non
2815 1791 3004 1845 fuisset
3028 1795 3122 1843 aut
3144 1788 3514 1858 corruptioni:

290 1876 653 1949 παράπτωμα,
686 1880 880 1950 μηκέτι
899 1881 1190 1951 δυνάμενον
1215 1883 1312 1955 ζῇν
1354 1885 1411 1937 ὲν
1443 1885 1519 1956 τῷ
1549 1886 1847 1959 τεθνηκότι.

1952 1889 2306 1960 seiunctaque
2331 1897 2415 1945 est
2441 1905 2471 1942 a
2500 1902 2666 1943 carne
2690 1885 2890 1946 anima,
2908 1891 2965 1937 ut
2992 1881 3238 1937 interiret
3262 1896 3358 1951 per
3377 1895 3518 1936 mor-

290 1967 466 2029 Ὅθεν,
490 1968 850 2034 ἀποθανόντος
880 1970 974 2024 τοῦ
1010 1973 1452 2045 παραπτώματος
1472 1978 1566 2031 καὶ
1596 1978 1850 2050 διεφθαρ-

288 2058 467 2130 μένου,
492 2062 651 2116 πάλιν
672 2062 934 2130 ἀθάνατος
954 2067 1267 2140 ἀνίσταμαι,
1297 2060 1396 2124 καῖ
1415 2070 1566 2141 ὑμνῶ
1584 2072 1674 2125 τὸν
1695 2071 1847 2136 Θεὸν,

284 2153 373 2206 τὸν
398 2154 488 2209 διὰ
518 2155 747 2210 θανάτου
780 2159 848 2213 τὰ
885 2160 1049 2215 τέκνα
1078 2164 1142 2215 ὲκ
1184 2162 1413 2217 θανάτου
1455 2163 1717 2229 σώζοντα·
1755 2166 1849 2219 καὶ

279 2244 525 2317 ἑορτάζει)
552 2249 797 2319 νομίμως
818 2251 986 2321 αὐτῷ,
1016 2254 1337 2325 κοσμήσασα
1362 2256 1459 2327 τὴν
1495 2256 1698 2327 σκηνήν
1724 2272 1846 2326 μου,

279 2335 381 2408 τὴν
410 2339 605 2411 σάρκα,
638 2344 750 2405 τοῖς
790 2342 991 2407 καλοῖς,
1020 2343 1208 2418 ὥσπερ
1227 2347 1388 2401 κάκεῖ
1415 2350 1535 2412 ταῖς
1569 2346 1851 2417 πενταφώ-

281 2443 398 2492 τοις
420 2433 478 2483 αί
513 2433 766 2504 παρθένοι
798 2437 1076 2508 λαμπάσιν
1110 2438 1242 2508 (41).

1953 1993 2059 2037 tem
2094 1987 2396 2052 peccatum,
2429 1994 2538 2033 non
2568 1977 2755 2031 valens
2783 1975 3013 2044 amplius
3043 1974 3099 2028 in
3122 1972 3404 2028 demortuo
3434 1972 3519 2027 vi-

1956 2092 2098 2133 vere.
2133 2074 2287 2130 Unde
2312 2083 2524 2128 mortuo
2557 2078 2779 2141 peccato
2811 2078 2864 2125 et
2887 2074 3163 2137 corrupto,
3194 2082 3386 2122 rursus
3412 2065 3517 2120 im-

1953 2170 2202 2225 mortalis
2228 2182 2474 2237 resurgo,
2503 2165 2781 2237 Deumque
2809 2163 2969 2219 laudo
2989 2202 3004 2226 ,
3026 2162 3121 2232 qui
3157 2176 3254 2230 per
3283 2165 3515 2214 mortem

1951 2262 2091 2317 iiiios
2122 2277 2152 2315 a
2186 2271 2360 2316 morte
2389 2259 2621 2314 liberet:
2651 2259 2814 2329 inque
2840 2256 2958 2326 ejus
2986 2256 3248 2309 honorem
3279 2252 3518 2323 legitime

1950 2354 2092 2409 diem
2130 2353 2328 2408 festum
2354 2352 2565 2407 celebro
2586 2391 2602 2414 ,
2646 2365 2849 2404 ornans
2893 2346 3302 2403 tabernaculum
3334 2357 3517 2399 meum

1951 2449 2192 2518 (carnem
2225 2444 2452 2515 scilicet)
2474 2444 2728 2513 operibus
2758 2442 2936 2505 bonis,
2956 2448 3016 2495 ut
3042 2447 3096 2496 et
3118 2438 3229 2493 illic
3254 2437 3516 2509 virgines,

1951 2541 2191 2613 quinque
2218 2540 2561 2594 lucernarum
2585 2536 2832 2592 accensis
2863 2531 3207 2603 lampadibus
3234 2529 3302 2586 ⁷³.

741 2674 868 2732 CAP.
908 2675 996 2732 III.
1031 2678 1304 2746 Quomodo
1333 2696 1387 2734 se
1415 2681 1630 2761 quisque
1655 2680 1722 2734 ad
1753 2680 1990 2749 futuram
2025 2678 2457 2734 resurrectionem
2486 2691 2792 2746 comparare
2819 2672 3021 2727 debeat.

385 2808 755 2882 Εξεταξομένη
796 2815 860 2883 τῇ
902 2815 1094 2887 πρώτῃ
1134 2815 1235 2886 τῆς
1267 2816 1612 2881 ἀναστάσεως
1646 2816 1848 2890 ἡμέρᾳ,

273 2904 337 2956 εί
363 2903 510 2973 φέρω
539 2899 604 2955 τὰ
642 2905 1087 2975 προστεταγμένα
1106 2922 1120 2936 ·
1153 2908 1201 2959 εί
1230 2892 1578 2978 κεκόσμημαι
1608 2910 1721 2971 τοῖς
1751 2907 1850 2978 τῆς

277 2992 487 3065 ἀρετῆς
538 2996 793 3063 καρποῖςο
842 2996 889 3048 εί
936 2998 1048 3059 τοῖς
1095 2997 1306 3061 κλάδοις
1347 3000 1444 3070 τῆς
1492 3000 1714 3068 ἁγνείας
1751 3016 1847 3053 κα-

272 3084 664 3156 τασκιάζομαι.
690 3085 815 3138 Νόει
846 3085 954 3158 γάρ
993 3102 1083 3158 μοι
1122 3087 1219 3159 τὴν
1250 3089 1545 3144 ἀνάστασιν
1574 3086 1712 3145 εἶναι
1746 3089 1845 3161 τὴν

268 3178 672 3250 σκηνοπηγίαν.
704 3178 832 3231 Νόει
868 3195 955 3250 μοι
996 3180 1090 3233 καὶ
1119 3179 1189 3233 τὰ
1216 3181 1295 3244 είς
1326 3182 1422 3254 τὴν
1453 3181 1699 3237 σύνθεσιν
1739 3200 1843 3235 πα·-

2023 2818 2206 2871 Prima
2237 2814 2656 2873 resurrectionis
2684 2811 2771 2868 die
2802 2811 2856 2865 in
2896 2825 3122 2866 examen
3158 2809 3414 2877 adducta,
3446 2824 3519 2866 an

1954 2921 2018 2961 ea
2051 2905 2269 2961 aiieram
2297 2920 2417 2977 quae
2439 2912 2569 2960 sunt
2590 2905 2852 2973 imperata
2879 2921 2891 2954 :
2925 2916 2994 2955 an
3017 2901 3236 2957 virtutis
3257 2899 3515 2970 operibus

1952 2997 2206 3053 decorata
2240 2998 2373 3060 sim,
2408 3012 2477 3052 an
2518 2994 2690 3051 ramis
2730 2993 3001 3050 castitatis
3040 3008 3256 3063 opacer.
3304 2990 3516 3063 Reputa

1950 3089 2092 3144 enim
2119 3087 2594 3151 resurrectionem,
2624 3084 2959 3141 tabernaculi
3012 3084 3341 3140 erectionem
3371 3098 3512 3139 esse.

1948 3179 2157 3250 Reputa
2179 3196 2297 3251 quae
2315 3180 2371 3234 in
2395 3178 2725 3234 tabernaculi
2751 3176 3199 3248 compositionem
3225 3191 3518 3232 assumun-

265 3268 732 3344 ραλαμϐανόμενα
773 3273 870 3342 τῆς
915 3272 1123 3344 σκηνῆς
1160 3272 1260 3336 τὰς
1305 3274 1533 3343 πράξεις
1573 3272 1709 3329 εἶναι
1751 3276 1847 3346 τῆς

1948 3280 2057 3336 tur,
2081 3271 2306 3343 justitiaa
2328 3286 2448 3327 esse
2472 3286 2653 3341 opera.
2692 3267 2858 3323 Sumo
2886 3269 3051 3340 igitur
3073 3267 3246 3338 prima
3281 3267 3371 3322 die
3391 3282 3514 3336 qua

255 3360 637 3433 δικαιοσύνης.
676 3361 953 3433 Λαμόάνω
984 3358 1077 3417 οὖν
1114 3366 1178 3435 τῇ
1223 3366 1403 3438 ἡμέρᾳ
1440 3369 1511 3444 τῇ
1557 3367 1747 3441 πρώτῃ
1773 3366 1843 3421 τὰ

259 3452 722 3523 ὑποτεταγμένα·
753 3456 916 3508 οίονε),
952 3457 1017 3526 τῇ
1057 3455 1244 3527 ἡμέρᾳ
1352 3458 1627 3529 κρίνομαι,
1661 3460 1710 3511 εί
1746 3458 1843 3531 τὴν

258 3542 483 3614 σκηνὴν
512 3543 795 3616 ἑκόσμησά
828 3561 930 3616 μου
963 3549 1075 3611 τοῖς
1104 3548 1627 3621 προστεταγμένοις*
1674 3550 1722 3603 εί
1756 3551 1846 3603 eo-

259 3635 559 3707 ρίσκονται
596 3636 766 3689 ταῦτα
792 3639 850 3690 ὲν
895 3639 1056 3710 αὐτῇ,
1098 3640 1240 3713 ἅπερ
1285 3640 1516 3695 ἐνταῦθα
1552 3642 1649 3713 μὲν
1680 3643 1738 3696 ὲν
1769 3642 1846 3714 τῷ

253 3727 472 3796 κόσμῳ
502 3727 805 3796 κτήσασθαι
843 3732 1325 3802 προστασσόμεθα·
1356 3736 1472 3788 ἐκεῖ
1508 3734 1564 3789 δὲ
1605 3734 1846 3806 προσφέ-

255 3834 396 3891 ρειν
420 3815 498 3887 τῷ
527 3816 665 3894 Θεῷ.
700 3819 808 3871 Ἴτε
846 3819 973 3890 γὰρ,
1012 3821 1105 3873 καὶ
1136 3821 1205 3875 τὰ
1246 3822 1371 3893 ἑξῆς
1404 3824 1843 3896 ἐπισκεψώμεθα.

339 3909 459 3965 Καὶ
487 3909 761 3979 λήψεσθε
791 3912 1023 3979 ἑαυτοῖς
1052 3911 1126 3982 τῇ
1166 3915 1382 3984 πρώτῃ,
1420 3917 1602 3987 φησιν,
1636 3916 1842 3988 ἡμέρᾳ,

252 4007 515 4073 καρπὸν
540 4004 731 4068 ξύλου
751 4004 987 4072 ὡραῖον,
1008 4005 1108 4059 καὶ
1131 4005 1395 4074 κλάδους
1421 4007 1612 4073 ξύλου
1637 4008 1845 4076 δασεῖς

249 4095 374 4153 καὶ
413 4094 590 4160 ἰτέας,
628 4094 727 4148 καὶ
764 4094 951 4164 ἄγνου
979 4095 1245 4163 κλάδους
1278 4099 1347 4152 ἐκ
1373 4099 1710 4170 χειμάρῤου,
1747 4104 1845 4156 εὑ-

248 4187 611 4260 φρανθῆναι
634 4187 910 4241 ἐναντίον
934 4188 1155 4256 Κυρίου
1180 4188 1285 4243 τοῦ
1310 4192 1456 4246 Θεοῦ
1482 4191 1668 4261 ὑμῶν.
1702 4194 1847 4265 Καρ-

249 4280 369 4336 πὸν
409 4278 740 4350 ὡραιότατον
784 4278 938 4344 ξύλου
985 4283 1033 4333 oi
1074 4280 1171 4352 τὴν
1218 4282 1444 4353 καρδίαν
1486 4284 1845 4357 ἀπερίτμητοι

266 4370 526 4425 Ἰουδαῖοι
553 4370 642 4424 διὰ
673 4372 734 4424 τὸ
770 4372 996 4443 μέγεθος
1023 4373 1085 4427 τὸ
1118 4376 1326 4447 κίτριον
1361 4376 1619 4447 ἡγοῦνται
1647 4379 1846 4449 τυγχά-

252 4480 415 4519 νειψ
457 4462 576 4517 οὐδὲ
608 4464 1038 4533 ὲγκαλύπτονται
1076 4468 1267 4539 κιτρίῳ
1299 4468 1391 4521 τὸν
1426 4469 1556 4523 Θεὸν
1597 4469 1842 4539 λέγοντες

251 4553 555 4627 τιμᾶσθαι,
590 4549 634 4623 ᾧ
679 4555 748 4608 τὰ
784 4557 1085 4629 τετράποδα
1118 4558 1292 4612 πάντα
1320 4559 1417 4631 τῆς
1452 4560 1554 4633 γῆς
1582 4563 1680 4615 οὐκ
1703 4562 1842 4616 εἰσιν

1948 3365 2287 3432 subduntur,
2327 3378 2519 3433 nempe
2548 3379 2656 3433 quo
2678 3361 2773 3417 die
2795 3363 2849 3416 in
2882 3360 3092 3431 judicio
3120 3360 3306 3422 sistor,
3356 3359 3401 3414 si
3432 3366 3517 3411 ta-

1945 3458 2298 3514 bernaculum
2328 3472 2506 3511 meum
2543 3456 2824 3526 prmeeptis
2848 3453 3035 3509 ornavi
3062 3472 3075 3508 :
3110 3453 3155 3507 si
3187 3453 3303 3506 hmc
3332 3453 3387 3505 in
3418 3440 3514 3505 illo

1946 3548 2301 3603 inveniuntur
2331 3562 2449 3618 qua:
2468 3546 2556 3600 hic
2586 3546 2638 3599 in
2664 3545 2863 3601 sarculo
2897 3557 3216 3614 comparare
3235 3542 3512 3612 iubemur,

1949 3654 2012 3694 ac
2034 3639 2108 3694 ibi
2137 3639 2329 3695 oil‘erre
2360 3639 2487 3695 Deo.
2514 3636 2670 3709 Agite
2701 3637 2876 3703 enim,
2900 3643 2953 3691 et
2991 3652 3111 3707 quae
3141 3635 3400 3705 deinceps
3427 3647 3517 3689 se-

1948 3748 2017 3803 qu
2027 3742 2186 3787 untur
2215 3730 2649 3788 consideremus.

2019 3914 2265 3977 Sumetis,
2300 3911 2505 3984 inquit,
2557 3910 2700 3966 vobis
2757 3911 2931 3980 prima
2970 3909 3056 3964 die
3099 3908 3331 3979 fructum
3384 3907 3514 3978 ligni

1947 4010 2259 4076 speciosum,
2288 4017 2338 4063 et
2365 4024 2539 4063 ramos
2560 4006 2689 4077 ligni
2721 4005 2908 4060 densos
2929 4045 2944 4070 ,
2983 4013 3033 4059 et
3057 4003 3243 4083 salices
3262 4042 3277 4066 ,
3305 4011 3354 4056 et
3390 4001 3517 4071 agni

1947 4117 2123 4157 ramos
2149 4088 2213 4156 de
2250 4109 2492 4170 torrente,
2531 4101 2601 4155 ad
2623 4098 2909 4155 twtaudum
2935 4115 3110 4153 coram
3135 4097 3361 4152 Domino
3402 4094 3513 4151 Deo

1947 4203 2116 4249 vestro
2147 4195 2214 4249 ⁷⁸.
2236 4193 2493 4250 Fructum
2531 4195 2663 4266 ligni
2690 4194 3112 4266 pulcherrimum
3143 4190 3513 4250 incircumcisi

1947 4284 2112 4340 corde
2142 4282 2335 4350 Judaei,
2361 4285 2430 4341 ob
2452 4285 2535 4340 sui
2568 4284 3015 4357 magnitudinem,
3043 4285 3251 4340 citrum
3271 4299 3392 4339 esse
3423 4298 3513 4337 ar-

1946 4379 2247 4446 bitrantur;
2299 4395 2474 4451 neque
2520 4395 2614 4436 eos
2667 4379 2834 4451 pudet
2889 4378 3099 4442 dicere,
3152 4377 3319 4434 Deum
3371 4376 3515 4431 citro

1946 4470 2049 4525 coli
2082 4488 2096 4525 :
2128 4471 2215 4526 cui
2263 4487 2333 4527 ne
2380 4472 2557 4526 omnia
2589 4472 2806 4543 quidem
2857 4477 3017 4526 teme
3068 4468 3417 4540 quadrupeda
3456 4467 3515 4522 in

1945 4562 2322 4619 holocaustum
2370 4563 2488 4634 ipso
2514 4563 2735 4633 dignum
2773 4552 3105 4629 suﬂ‘ecerint,
3141 4567 3237 4615 aut
3275 4559 3402 4614 thus
3455 4556 3517 4616 in

330 4710 389 4743 η
421 4707 562 4765 Dan.
598 4726 694 4776 xu,
719 4710 773 4763 2.
817 4713 861 4744 ⁷³
887 4710 1081 4767 Matth.
1113 4730 1239 4778 xxv,
1271 4715 1321 4768 7.
1400 4714 1448 4747 ⁷⁵
1468 4715 1629 4771 Lavit.
1656 4733 1814 4782 xxiu,
1851 4718 1941 4774 40.

256 4866 488 4924 scilicet
515 4881 631 4935 spe,
657 4868 968 4943 metaphora
998 4869 1210 4943 illorum
1241 4871 1331 4941 qui
1363 4887 1422 4927 se
1450 4882 1664 4943 portum
1690 4888 1841 4928 asse-
1873 4877 1918 4934 D
1945 4874 2040 4937 νάς
2069 4871 2419 4942 recipiemus.
2464 4884 2689 4943 corpora
2714 4871 2768 4923 in
2806 4868 3177 4943 sempiternum
3208 4867 3511 4943 conjuncta,

256 4945 436 5012 culos
455 4944 727 5012 putantes,
762 4939 855 5012 illo
878 4940 1186 5010 impingunt
1207 4939 1274 4996 ac
1297 4939 1545 5012 pereunt,
1577 4959 1674 4999 seu
1704 4959 1844 4998 nau-

255 5008 514 5075 fragium
538 5006 762 5061 iaciunt.
818 5006 1104 5066 Cosmus.

335 5073 458 5153 (ορ)
488 5073 891 5153 ῖῌν-ᾅπτωτος
928 5083 985 5153 ἠέ
1007 5081 1229 5150 σκηνή.
1258 5081 1444 5137 Refert
1472 5082 1579 5138 Leo
1606 5084 1841 5140 Allatius

258 5148 556 5229 Michaelis
590 5148 771 5229 (ἱεῖσαι
798 5148 1124 5229 epistolam,
1147 5167 1253 5229 qua
1290 5153 1365 5206 ait
1392 5157 1625 5229 probare
1653 5156 1839 5211 multis

256 5222 590 5298 sanctorum
613 5218 1007 5298 _dictis,_luisse
1032 5218 1302 5298 hominem
1328 5218 1508 5298 animo
1533 5234 1839 5298 etcorpore

255 5295 518 5368 creatum
540 5290 938 5368 immortalem,
986 5292 1186 5361 quibus
1229 5294 1345 5363 ipse
1376 5290 1839 5368 Methodium'adf

251 5360 471 5431 jungit,
502 5357 558 5431 i_d_
587 5359 743 5431 clare,
770 5359 874 5415 hoc
920 5357 1041 5416 loco
1082 5357 1434 5419 asseréntem.
1491 5363 1557 5418 Et
1603 5376 1752 5421 certe
1786 5365 1840 5421 id

256 5426 844 5506 docereAMethodium
888 5432 1075 5506 negari
1111 5449 1232 5506 non;
1250 5442 1455 5503 potest;
1501 5443 1556 5488 at
1590 5452 1695 5506 qua
1732 5437 1836 5490 im-

255 5498 625 5573 mortalitate,
661 5515 761 5554 nec
788 5502 906 5571 ipse
933 5498 1067 5558 satis
1095 5498 1348 5573 explicat,
1376 5498 1475 5560 nec
1506 5498 1834 5563 alii-Patres.

258 5569 414 5643 Sane
445 5569 491 5624 si
504 5570 762 5643 datm-oc;
787 5569 825 5643 ﬂ
856 5573 1049 5643 σκηνή,
1099 5569 1242 5628 unde
1269 5576 1412 5643 quod
1446 5577 1692 5631 corruit?
1728 5578 1835 5634 nisi

260 5640 414 5711 quod
431 5640 675 5718 subjecta
689 5640 877 5718 ddaini
892 5640 1118 5718 arbitrio
1129 5643 1175 5712 ej
1178 5660 1249 5718 _u_s
1262 5640 1658 5714 immortalitas,
1672 5663 1833 5718 quam

261 5718 513 5791 servaret
540 5711 589 5767 si
621 5712 808 5791 vellet,_
836 5722 895 5791 ut
915 5722 971 5768 et
1000 5711 1295 5791 fecit.'Non
1318 5725 1431 5791 erat
1461 5711 1592 5788 ergo
1612 5711 1836 5791 immor-

265 5782 456 5862 talitas
492 5782 647 5862 quasi
692 5783 954 5862 positiva,_
989 5791 1042 5839 et
1077 5800 1141 5839 ex
1175 5785 1474 5862 principiis,
1497 5782 1832 5862 intrinsecis,

266 5853 451 5920 qualis
474 5854 575 5908 erit
604 5868 634 5907 a
664 5856 1085 5923 resurrectione,
1121 5853 1215 5928 per
1240 5853 1398 5926 quain
1424 5860 1671 5924 αἰωνίους
1706 5877 1836 5931 σκη-

1951 4960 2051 4998 nec
2079 4939 2317 5013 unquam
2353 4942 2780 5013 intermoritnra,
2804 4941 2894 5013 sed
2922 4939 3076 5008 quasi
3104 4947 3291 5009 parata
3314 4941 3519 5013 extrin-

1951 5030 2075 5069 sece
2106 5011 2304 5084 Deique
2334 5012 2693 5084 munere,7qui
2727 5011 2998 5065 hominem
3029 5019 3310 5084 creaverat
3330 5019 3390 5064 ut
3415 5011 3519 5084 im-

1948 5085 2193 5139 mortalis
2217 5079 2398 5150 esset;
2430 5090 2484 5137 et
2514 5079 2756 5152 qui—ipse
2792 5092 3011 5135 mortem
3044 5098 3147 5136 non
3176 5083 3319 5151 fecit,
3351 5089 3411 5135 ut
3433 5079 3518 5134 di-

1949 5156 2092 5210 citur
2141 5154 2268 5224 Sap.
2317 5169 2357 5215 ι,
2405 5153 2490 5206 15.
2556 5152 2921 5223 Congruentia
2970 5152 3221 5213 Metlmdii
3278 5152 3517 5206 inductae

1940 5227 2154 5283 mortis.
2185 5235 2244 5277 ut
2272 5239 2337 5278 ea
2360 5229 2642 5293 peccatum
2679 5233 3004 5286 moreretur,
3026 5224 3081 5277 in
3117 5226 3169 5277 vi
3202 5236 3513 5293 congruen-

1937 5298 2027 5351 tia:
2061 5295 2221 5358 valet,
2272 5292 2384 5348 non
2418 5294 2649 5349 rationis
2681 5308 2802 5365 qua:
2842 5304 3022 5364 cogat,
3072 5309 3197 5348 cum
3243 5292 3517 5365 praecipue

1937 5373 2122 5422 reatus
2161 5366 2334 5436 culpae
2374 5380 2479 5418 non
2515 5365 2569 5418 in
2604 5360 2833 5435 corpore
2863 5360 2955 5427 sit,
2981 5365 3090 5436 sed
3122 5364 3179 5417 in
3207 5360 3391 5417 animo
3419 5360 3515 5431 qui

1937 5435 2269 5492 immortalis
2280 5444 2362 5491 est
2381 5453 2394 5501 ;
2414 5443 2468 5490 et
2486 5451 2646 5504 quem
2668 5438 2845 5505 ipsum
2869 5435 3071 5489 aboleri
3094 5448 3321 5488 necesse
3342 5438 3513 5496 esset,

1939 5516 1999 5561 ut
2037 5507 2193 5578 quasi
2232 5507 2434 5561 abolito
2472 5507 2740 5574 subjecto,
2776 5507 2982 5562 aboleri
3011 5511 3291 5578 peccatum
3325 5516 3517 5578 censeo

1942 5571 2094 5633 retur
2123 5592 2207 5651 ac
2255 5578 2503 5651 deiicere.
2550 5571 2667 5651 élia
2695 5593 2826 5648 ergo
2855 5571 3143 5651 quaerenda
3176 5571 3514 5651 peccatide-

1943 5648 2194 5711 strnctio,
2245 5647 2411 5701 animi
2463 5648 2519 5703 in
2560 5647 2728 5702 Deum
2759 5641 3121 5701 'con'versione
3147 5648 3202 5693 et
3239 5641 3517 5698 infusione

1942 5720 2149 5842 ggatlize,
2174 5728 2348 5842 lextra
2390 5732 2552 5787 quam
2596 5720 2741 5773 nulla
2776 5715 3021 5784 corporis
3053 5724 3200 5762 mors
3229 5719 3514 5778 peccatum

1943 5805 1970 5842 a
2015 5798 2141 5842 oet.
2197 5805 2250 5842 ο.

1943 5790 2141 5845 abolet.
2174 5790 2250 5842 In.

2013 5861 2124 5932 (il)
2162 5861 2294 5928 Ταῖς
2322 5858 2788 5928 πενταφώτοις...
2823 5850 3113 5921 λαμπάσι.
3153 5844 3363 5921 Nempe
3401 5864 3519 5907 om.
