4056 6302
559 395 667 454 185

1510 382 1568 438 S.
1607 376 1934 434 METHODII
1970 373 2279 431 EPISCOPI
2319 371 2407 427 ET
2449 363 2807 425 MARTYRIS

3700 347 3820 404 ιδι

557 506 1243 574 incensum.Prorsusque,
1272 516 1307 557 0
1351 501 1487 556 dura
1511 515 1574 555 ac
1602 498 1775 553 ferrea
1796 499 2042 562 pectora!
2074 498 2118 553 si

2241 497 2304 557 ait;
2325 473 2685 546 ὁλοκαύτωσιν
2715 484 2890 549 ἱκανὰ,
2918 482 3009 536 καὶ
3035 483 3063 534 6
3086 479 3301 541 λίϐανος
3328 478 3407 540 εἰς
3433 472 3637 528 καῦσιν

559 599 737 655 citrus
767 597 986 669 pulcher
1009 596 1167 652 vobis
1195 595 1440 657 videtur,
1477 592 1665 663 quidni
1702 601 1756 646 et
1807 606 1909 644 uva
1941 590 2122 660 potius

561 690 823 761 pulchra?
844 686 1029 759 quidni
1058 695 1112 742 et
1138 687 1341 740 malum
1368 690 1647 754 granatum
1695 681 1983 749 eatterique
2033 696 2124 733 ar-

560 785 753 839 borum
786 781 998 835 fructus
1042 791 1095 835 et
1145 793 1305 849 poma
1352 777 1519 832 multo
1542 777 1680 829 citro
1709 772 2125 843 praastantiora?

562 874 704 930 Sane
734 875 786 927 in
811 874 1039 928 Cantico
1061 873 1398 927 canticorum
1421 872 1467 903 ⁷⁸
1485 870 1757 933 Salomon,
1786 869 1978 920 horum
2008 880 2125 919 om-

559 968 707 1021 nium
737 966 1088 1038 pulchrorum
1134 965 1405 1019 fructuum
1437 962 1707 1017 mentione
1730 960 1870 1016 facta
1893 1000 1909 1023 ,
1954 973 2123 1012 unum

558 1058 817 1113 duntaxat
848 1056 1048 1110 malum
1079 1056 1271 1109 citrum
1298 1054 1517 1108 silentio
1545 1052 1824 1122 praeteriit.
1876 1049 1980 1105 Sed
2019 1050 2124 1104 hoc

556 1149 931 1220 imprudentes
958 1146 1332 1217 deeipit,quod
1350 1161 1458 1200 non
1492 1146 1890 1209 intellexerunt,
1920 1144 2123 1214 lignum

556 1242 681 1297 vitae
700 1241 846 1312 quod
884 1242 1037 1309 prius
1066 1238 1353 1309 paradisus
1398 1238 1603 1293 ferebat
1634 1238 1701 1301 ⁷⁸,
1732 1251 1878 1290 nunc
1926 1236 2121 1289 iterum

558 1334 860 1390 Ecclesiam
894 1333 1151 1388 omnibus
1179 1332 1533 1402 germinasse,
1558 1329 1701 1400 quod
1738 1328 2020 1399 pulchrum
2060 1342 2125 1381 ac

558 1427 821 1482 decorum
852 1424 974 1480 ﬁdei
1000 1424 1233 1478 fructum
1264 1422 1442 1476 faciat.

628 1518 813 1573 Talem
842 1533 944 1572 nos
965 1516 1200 1570 fructum
1231 1516 1297 1568 ad
1322 1513 1557 1568 tribunal
1576 1512 1782 1568 Christi
1804 1511 2126 1567 accedentes

561 1609 757 1666 aﬂ'erre
786 1625 1009 1665 necesse
1056 1617 1141 1664 est
1189 1608 1364 1677 primo
1389 1605 1749 1660 solemnitatis
1786 1605 1872 1659 die
1897 1626 1910 1660 :
1941 1620 2049 1675 quo
2079 1606 2124 1659 si

560 1715 665 1756 nos
688 1715 906 1771 quoque
953 1697 1333 1763 destituamur,
1366 1712 1474 1750 non
1514 1696 1814 1767 poterimus
1858 1711 1981 1749 cum
2017 1694 2128 1750 Dco

562 1791 772 1859 feriari,
796 1806 896 1846 nec
916 1797 1119 1861 partem
1144 1790 1542 1851 nanciscemur,
1570 1794 1632 1842 ut
1653 1800 1842 1842 auctor
1859 1796 1941 1843 est
1963 1786 2129 1841 Joan-

2224 587 2333 641 Καὶ
2355 584 2489 648 ὅλως
2527 584 2575 634 εἰ
2604 581 2666 634 τὸ
2702 579 2926 649 κίτριον,
2956 569 3000 628 ὦ
3032 571 3395 644 ἁτεράμονεςῑ
3431 568 3637 638 ὡραῖον
3662 564 3813 635 (45),

2221 683 2359 737 διατί
2390 680 2462 752 μὴ
2496 679 2587 732 καὶ
2617 679 2649 747 ἡ
2684 672 2924 743 σταφυλὴ
2956 669 3156 742 μᾶλλον
3186 667 3396 738 ὡραίας
3427 661 3575 716 διατί
3601 660 3675 731 μὴ
3703 659 3816 712 καὶ

2225 778 2258 847 ἡ
2289 774 2409 848 ῥοιά
2427 791 2440 838 ;
2461 772 2599 826 διατι
2624 768 2696 839 μὴ
2724 767 2818 821 καὶ
2838 765 2900 817 τὸ
2935 762 3097 834 μῆλον
3130 760 3224 813 καὶ
3246 758 3313 811 τὰ
3335 753 3815 853 ἄλλα-ακρόορυαί

2222 847 2296 920 τὰ
2341 864 2535 937 μᾶλλον
2587 858 2902 929 διαφέροντα
2944 854 3035 908 τοῦ
3074 851 3315 923 κιτρίου;
3360 847 3575 918 Ἀμέλει
3624 847 3684 897 ὲν
3722 847 3819 912 τῷ

2227 959 2463 1031 ’ᾼσματι
2495 956 2601 1010 τῶν
2639 954 2931 1026 ᾀσμάτων,
2970 948 3186 1002 πάντων
3229 947 3257 998 ὁ
3294 942 3547 1013 Σολομῶν
3589 938 3817 992 τούτων

2223 1052 2436 1125 ὡραίων
2474 1048 2867 1122 μνημονεύσας,
2893 1046 2954 1099 τὸ
2990 1043 3193 1116 κίτριον
3225 1035 3578 1107 ἀπεσιώπησε
3616 1033 3811 1105 μόνον.

2237 1143 2394 1197 Ἀλλὰ
2421 1141 2627 1195 τούτων
2658 1134 3172 1207 ἀπεθουκολήθησαν
3206 1133 3256 1185 οἱ
3280 1132 3533 1201 ἄφρονες,
3571 1125 3649 1197 μὴ
3678 1126 3814 1193 νοή-

2228 1252 2414 1298 σαντες
2453 1235 2513 1287 τὸ
2546 1232 2700 1300 ξύλον
2732 1230 2833 1300 τῆς
2876 1228 3042 1297 ζωῆς,
3076 1225 3105 1278 ὃ
3133 1222 3370 1295 πρόσθεν
3410 1221 3512 1290 μὲν
3547 1219 3575 1270 6
3622 1214 3819 1285 παράο

2223 1325 2394 1387 δεισος
2418 1323 2600 1394 ἔφερε,
2628 1321 2720 1375 νῦν
2744 1320 2799 1372 δὲ
2817 1320 2978 1371 πᾶσιν
3002 1314 3398 1383 ἁνεὸλάστησεν
3419 1313 3452 1381 ἡ
3483 1306 3815 1375 Ἐκκλησία,

2226 1418 2314 1471 τὸν
2345 1416 2539 1488 ὡραῖον
2569 1412 2664 1466 καὶ
2690 1410 2937 1482 εὐπρεπῆ
2967 1408 3065 1478 τῆς
3092 1407 3324 1467 πίστεως
3349 1401 3534 1454 ποιοῦν
3565 1398 3813 1471 καρπὸν.

2295 1508 2543 1562 Τοιοῦτον
2576 1503 2899 1575 ἐληλυθότας
2927 1499 3136 1569 καρπὸν
3166 1500 3231 1569 τῇ
3263 1496 3454 1568 πρώτῃ
3478 1494 3577 1562 τῆς
3608 1491 3819 1561 ἑορτῆς

2228 1601 2409 1673 ἡμέρᾳ.
2429 1602 2508 1662 είς
2531 1598 2589 1651 τὸ
2614 1597 2957 1667 δικαστήριον
2996 1594 3143 1663 ἡμᾶς
3168 1589 3411 1661 κομίζειν
3434 1587 3511 1640 δεῖ
3538 1584 3813 1657 Χριστοῦ.

2228 1695 2320 1749 ἐὰν
2349 1695 2422 1766 μὴ
2455 1692 2691 1747 τοιοῦτον
2717 1689 2931 1760 σχῶμεν
2962 1688 3056 1741 καὶ
3085 1687 3245 1757 ἡμεῖς
3278 1681 3513 1753 καρπὸν,
3548 1680 3609 1731 οὐ
3642 1678 3819 1746 δυνη-

2231 1785 2432 1857 σόμεθα
2472 1783 2822 1855 συνεορτασαι
2872 1778 2991 1849 Θεῷ
3012 1796 3025 1808 ο
3076 1778 3137 1830 οὗ
3174 1773 3473 1844 τευξόμεθα
3494 1813 3507 1836 ,
3539 1771 3693 1824 κατὰ
3724 1768 3819 1820 τὸν

563 1895 665 1939 nes
683 1881 752 1947 ",
787 1883 839 1935 in
861 1881 1237 1935 resurrectione
1260 1880 1448 1947 prima.
1486 1878 1711 1949 Lignum
1740 1879 1883 1934 enim
1907 1880 2031 1933 vita:
2046 1888 2130 1935 est

2247 1854 2519 1949 Ἰωάννην,
2547 1854 2656 1944 τῆς
2691 1874 2924 1943 πρώτης
2954 1871 3363 1935 ἀναστάσεως.
3400 1866 3473 1919 Τὸ
3518 1864 3630 1935 γὰρ
3657 1861 3819 1927 ξύλον

563 1974 807 2029 omnium
840 1974 1190 2045 primogenita
1225 1971 1498 2042 Sapientia
1521 1990 1533 2025 :
1553 1970 1774 2041 Lignum
1806 1974 1926 2026 vita:
1955 1982 2033 2026 est
2062 1973 2129 2027 iis

562 2069 654 2139 qui
691 2067 1120 2138 apprehenderint
1151 2083 1287 2130 eam,
1318 2067 1392 2120 ait
1423 2065 1682 2136 propheta
1705 2106 1719 2128 ,
1758 2076 1807 2120 et
1827 2068 1901 2120 eis
1931 2067 2020 2138 qui
2048 2067 2131 2120 in-

564 2159 803 2212 nituntur
827 2174 982 2226 super
1008 2159 1175 2227 ipsam
1195 2157 1350 2227 quasi
1378 2171 1530 2223 super
1551 2156 1836 2210 Dominum
1858 2174 2043 2211 secura
2062 2158 2128 2211 ⁷⁸.

560 2250 784 2321 Lignum
827 2250 1126 2321 plantatum
1156 2266 1302 2304 secus
1342 2250 1594 2304 decursus
1645 2266 1941 2318 aquarum,
1994 2248 2132 2319 quod

560 2342 791 2411 fructum
819 2360 971 2397 suum
995 2342 1142 2396 dabit
1172 2344 1228 2395 in
1262 2353 1489 2412 tempore
1526 2358 1621 2395 suo
1659 2342 1704 2373 ⁷⁹
1733 2361 1746 2394 :
1777 2341 2024 2395 doctrina
2048 2350 2134 2396 est

560 2443 615 2491 et
636 2436 878 2490 charitas
914 2445 969 2491 ct
1017 2435 1303 2505 prudentia
1328 2475 1343 2499 ,
1386 2444 1630 2504 tempore
1667 2442 1973 2504 Opportuno
2025 2435 2132 2488 illis

562 2525 848 2595 dispertita
877 2526 969 2596 qui
997 2525 1064 2579 ad
1085 2540 1255 2595 aquas
1282 2524 1673 2594 redemptionis
1704 2526 1991 2581 accedunt.

636 2700 743 2769 Qui
781 2717 890 2756 non
912 2701 1145 2757 credidit
1172 2701 1420 2767 Christo,
1469 2718 1643 2772 neque
1671 2718 1794 2757 eum
1827 2719 1949 2760 esse
1985 2704 2135 2774 prin-

560 2794 767 2863 cipium
797 2804 851 2849 et
876 2795 1079 2865 lignum
1111 2795 1233 2847 vita:
1254 2795 1536 2857 intellexit,
1563 2796 1610 2851 is
1651 2810 1774 2849 cum
1804 2812 1913 2851 non
1965 2797 2139 2866 possit

563 2883 677 2938 Deo
699 2884 986 2939 ostendere
1009 2885 1415 2939 tabernaculum
1449 2902 1607 2941 suum
1638 2886 1993 2957 pulchrorum
2024 2887 2137 2941 fru—

566 2986 755 3031 ctuum
789 2977 1200 3045 speciosissimo
1232 2985 1507 3041 ornatum,
1533 2980 1804 3049 quomodo
1834 2981 2032 3036 festum
2056 2997 2137 3039 co-

568 3069 837 3127 lebrabit?
866 3072 1136 3140 quomodo
1180 3071 1484 3126 laetabitur?
1516 3069 1607 3127 Vis
1643 3087 1805 3127 nosse
1849 3073 2136 3143 pulchrum

562 3162 694 3232 ligni
712 3160 945 3215 fructum
962 3161 1292 3218 ?Considera
1310 3179 1589 3220 sermones
1599 3164 1810 3220 Domini
1830 3166 1997 3221 nostri
2009 3164 2139 3221 Jesu

563 3253 791 3320 Christi,
823 3264 880 3307 ut
908 3264 1036 3310 sunt
1065 3257 1284 3323 speciosi
1311 3256 1484 3325 forma
1510 3273 1619 3326 prce
1642 3257 1766 3320 ﬁliis
1788 3257 2053 3311 hominum
2069 3259 2135 3313 ⁸ο.

562 3342 798 3401 Pulcher
841 3345 1052 3403 fructus
1100 3348 1421 3418 germinavit
1475 3363 1570 3418 per
1609 3348 1845 3419 Moysem
1872 3390 1888 3416 ,
1946 3365 2140 3421 nempe

563 3437 681 3507 lex;
710 3439 804 3495 sed
842 3456 951 3496 non
990 3440 1064 3494 ita
1105 3441 1333 3511 pulcher
1365 3451 1423 3496 ut
1443 3441 1811 3515 Evangelium.
1842 3442 1950 3498 Lex
1992 3443 2140 3499 enim

2234 1972 2375 2041 ζωῆς
2416 1972 2563 2022 ἐστιν
2618 1972 2650 2040 ἡ
2699 1967 3038 2038 πρωτότοκος
3096 1965 3311 2017 πάντων
3360 1959 3551 2028 σοφία·
3608 1956 3820 2009 suam

2233 2060 2381 2129 ζωῆς
2408 2062 2537 2114 ἐστι
2572 2059 2693 2125 τοῖς
2720 2057 3139 2127 ἀντεχομένοις
3174 2053 3385 2123 αὐτῆς,
3416 2054 3582 2123 φησὶν
3613 2054 3643 2105 6
3684 2067 3821 2122 προ-

2233 2156 2427 2226 φήτης,
2458 2154 2553 2207 καὶ
2578 2152 2701 2219 τοῖς
2732 2150 3204 2220 ἐπερειδομένοις
3245 2148 3335 2202 ἐπ’
3360 2145 3574 2214 αὐτὴν,
3606 2146 3694 2211 ὡς
3717 2144 3816 2197 ἐπὶ

2232 2247 2467 2314 Κύριον,
2502 2245 2804 2313 ἀσφαλής.
2836 2244 3037 2297 Ξύλει·
3058 2240 3215 2308 παρὰ
3240 2238 3345 2305 τὰς
3377 2237 3695 2302 διεξόδους
3718 2250 3819 2289 πε-

2234 2339 2607 2408 φυτευμένον
2654 2336 2773 2390 τῶν
2818 2335 3073 2398 ὑδάτων,
3121 2334 3151 2387 ὃ
3197 2332 3304 2386 τὸν
3345 2330 3583 2398 καρπὸν
3624 2327 3817 2382 αὑτοῦ

2234 2432 2410 2486 δώσει
2459 2432 2529 2484 ἐν
2577 2428 2756 2497 καιρῷ
2802 2426 3023 2490 αὐτοῦ,
3075 2424 3394 2479 διδασκαλία
3442 2423 3539 2477 καὶ
3599 2420 3815 2482 σύνεσὶς

2236 2525 2400 2587 ἐστιν,
2456 2525 2514 2577 ὲν
2546 2520 2723 2592 καιρῷ
2758 2521 3084 2591 προσήκοντι
3123 2519 3235 2580 τοῖς
3268 2517 3365 2586 τῆς
3410 2516 3502 2568 ἐπὶ
3529 2513 3603 2565 τὰ
3645 2512 3815 2566 ὕδατα

2235 2613 2660 2685 ἀπολυτρώσεως
2691 2610 3104 2681 ἀφικνουμένοις
3130 2607 3399 2677 διδομένη.

2317 2709 2374 2761 'U
2410 2707 2483 2779 μὴ
2528 2703 2826 2768 πιστεύσας
2856 2701 3098 2776 Χριστῷ,
3141 2701 3276 2773 μηδὲ
3306 2699 3402 2770 τὴν
3434 2696 3611 2769 ἀρχὴν
3647 2696 3813 2766 αὐτὴν

2237 2794 2374 2853 εἶναι
2417 2799 2509 2851 καὶ
2537 2799 2597 2850 τὸ
2641 2796 2796 2863 ξύλον
2842 2795 2940 2866 τῆς
2986 2795 3129 2864 ζωῆς
3169 2792 3496 2864 ᾐσθημένος,
3536 2790 3643 2843 οὐκ
3678 2789 3814 2859 ἒχων

2237 2892 2402 2959 δεῖξαι
2447 2890 2524 2961 τῷ
2567 2890 2685 2961 Θεῷ
2718 2888 2795 2961 τῷ
2839 2887 3150 2961 ὡραιοτέρῳ
3178 2885 3286 2938 τῶν
3330 2884 3547 2956 ὡραίων
3585 2882 3816 2953 καρπῶν

2238 2986 2335 3057 τὴν
2361 2985 2562 3055 σκηνὴν
2592 2983 2755 3037 αὑτοῦ
2782 2980 3219 3052 κεκοσμημένην,
3239 2977 3355 3042 πῶς
3381 2977 3668 3049 ὲορτάσει;
3702 2975 3818 3039 πῶς

2239 3076 2703 3149 cooptati/Onusta”
2748 3075 2935 3138 Θέλεις
2980 3073 3182 3143 γνῶναι
3229 3071 3321 3124 τὸν
3368 3070 3569 3141 ὡραῖον
3603 3068 3819 3139 καρπὸν

2239 3168 2332 3222 τοῦ
2364 3166 2555 3235 ξύλου;
2594 3167 2887 3237 ὲπίσκεψον
2921 3168 3044 3229 τοὺς
3072 3165 3259 3234 λόγους
3290 3163 3383 3216 τοῦ
3416 3161 3628 3232 Κυρίου
3662 3160 3819 3232 ἡμῶν

2254 3259 2426 3330 Ἰησοῦ
2453 3258 2713 3330 Χριστοῦ,
2743 3258 2861 3320 πῶς
2900 3260 3033 3309 εἰσιν
3064 3255 3260 3323 ὡραῖοι
3290 3253 3449 3322 παρὰ
3478 3252 3626 3319 τοὺς
3652 3253 3822 3319 υἱοὺς

2244 3352 2361 3405 τῶν
2406 3350 2747 3419 ἀνθρώπων.
2820 3351 3033 3421 Ὠραῖος
3096 3348 3306 3419 καρπὸς
3369 3346 3678 3417 ἐϐλάστησε
3733 3346 3822 3399 διὰ

2244 3444 2538 3508 Μωῦσέως,
2568 3444 2596 3496 6
2627 3444 2809 3514 νόμος·
2846 3441 2957 3494 ἁλλ’
2990 3442 3087 3511 οὐχ
3112 3441 3284 3504 οὕτως
3323 3436 3387 3512 ἦν
3420 3439 3624 3510 ὡραῖος
3662 3437 3742 3502 ὡς
3764 3438 3822 3491 τὸ

635 3615 683 3648 ⁷⁵
706 3615 863 3674 Cant.
899 3634 971 3682 tv,
1017 3620 1103 3675 l5.
1180 3620 1225 3651 7°
1262 3618 1388 3676 Gen.
1429 3634 1490 3684 η,
1515 3621 1567 3676 9.
1647 3622 1693 3652 '-”
1719 3621 1884 3689 Apoc.
1912 3638 2005 3687 xx,
2033 3619 2088 3674 6.

2241 3619 2398 3675 Prov.
2426 3637 2507 3684 Ill,
2544 3620 2629 3675 l8.
2704 3621 2748 3653 ⁷³
2779 3618 2926 3674 Psal.
2964 3635 3001 3684 ι,
3026 3620 3078 3675 5.
3143 3619 3188 3651 ⁸⁸⁵
3226 3618 3372 3673 Psal.
3400 3634 3545 3683 κων,
3584 3618 3639 3673 5.

564 3800 726 3855 nibus
771 3799 1024 3855 sensibus
1070 3798 1126 3853 in
1174 3814 1379 3854 morem
1426 3800 1736 3870 lampadum
1791 3802 2041 3858 accensis
2081 3802 2136 3855 in

564 3871 768 3925 eultum
798 3870 1161 3940 virginitatis;
1187 3870 1259 3922 ita
1289 3870 1499 3925 scilicet
1524 3880 1581 3924 ut
1604 3871 1802 3940 singuli
1831 3872 1908 3925 illi
1938 3887 2136 3928 sensus

566 3943 839 4000 studeant,
873 3940 1115 4008 nihilque
1146 3940 1498 3994 libidinosum
1531 3948 1624 3995 aut
1652 3942 1955 3997 abhorrens
1984 3958 2013 3996 a
2046 3956 2137 3995 ca—

566 4011 768 4064 stitatis
800 4010 1010 4079 legibus
1041 4024 1139 4063 sua
1181 4011 1414 4079 quisque
1459 4012 1777 4079 operatione
1824 4012 2134 4077 admittant,

567 4081 645 4134 uti
678 4081 731 4133 in
761 4079 1134 4151 superioribus
1160 4079 1461 4151 Methodius
1486 4082 1604 4149 ipse
1626 4084 1898 4151 exposuit,
1922 4082 2139 4137 debuit-

566 4166 676 4223 que
710 4150 1024 4204 meminisse
1050 4148 1333 4223 Possin‘ius
1362 4148 1818 4223 ne‘ndwoedfrmg
1847 4154 2046 4223 legeret
2074 4168 2139 4207 ac

568 4221 956 4345 getorqtteret,
1021 4220 1168 4284 plene
1234 4220 1560 4286 lucentibus,
1633 4231 1692 4276 ut
1760 4223 1876 4293 ipse
1902 4220 2135 4279 'reddit.

616 4305 862 4344 anseris.

616 4305 862 4344 OMBEFIS.

641 4360 752 4429 (42)
784 4360 893 4415 Καὶ
926 4365 959 4415 ὁ
977 4362 1222 4426 λίϐανος
1243 4362 1330 4424 εἰς
1358 4359 1597 4413 καῦσιν.
1624 4362 1780 4416 Κατὰ
1803 4364 2003 4427 κοινοῦ,
2032 4365 2141 4426 πᾶς

566 4432 597 4484 6
622 4430 837 4503 λίϐανος
867 4432 968 4503 τῆς
1001 4432 1123 4503 γῆς.
1148 4430 1433 4503 Quidquid
1466 4431 1631 4485 thuris
1660 4443 1707 4485 et
1749 4434 1944 4487 incensi
1988 4434 2141 4487 habet

566 4511 730 4566 terra,
765 4502 843 4555 uti
875 4499 942 4555 de
988 4499 1292 4571 pecudibus
1344 4499 1585 4567 dixerat;
1639 4510 1927 4572 utrumque
1972 4519 2142 4572 genus

566 4573 906 4627 oblationum
937 4572 1274 4642 signiﬁcans,
1310 4577 1537 4642 utroque
1570 4571 1746 4633 altari,
1795 4571 2141 4628 holocaustu-

567 4657 688 4695 rum
720 4651 775 4697 et
808 4639 1219 4711 thymiamatum
1264 4656 1383 4710 qua:
1417 4639 1470 4695 in
1501 4639 1594 4712 Dei
1619 4642 1845 4712 cultum,
1877 4644 2139 4712 quidquid

567 4712 787 4765 demum
822 4710 1100 4777 oﬂ'eratur,
1131 4726 1407 4782 nunquam
1433 4710 1718 4766 sufﬁciant.
1755 4710 1909 4776 Quod
1931 4710 2043 4780 jaui
2064 4714 2141 4768 illi

568 4782 753 4835 omnia
783 4782 997 4847 debita;
1020 4791 1074 4837 et
1103 4782 1172 4836 ab
1203 4797 1288 4845 eo,
1316 4797 1413 4849 pro
1451 4782 1570 4849 ejus
1599 4783 1903 4851 majestate,
1936 4785 2142 4838 inﬁnite

568 4858 799 4906 remota.
830 4852 919 4915 At,
955 4853 1085 4921 quid
1115 4852 1438 4907 Possinius?
1477 4853 1743 4906 Libanum
1781 4853 2009 4922 ejusque
2046 4870 2142 4909 ne-

571 4935 724 4974 mora
754 4922 857 4976 sibi
883 4932 1224 4977 commeutus
1253 4932 1357 4981 est.
1398 4924 1490 4991 qui
1525 4925 1639 4991 ipse
1673 4924 1727 4976 in
1762 4924 1933 4977 altare
1961 4932 2140 4978 verte-

568 4999 743 5057 retur,
771 5001 823 5046 et
854 4993 996 5046 unde
1021 4994 1087 5046 ad
1118 4994 1545 5048 comburcndum
1576 4993 1899 5048 holocausta
1928 4993 2139 5049 suﬁice-

568 5070 723 5115 retur
757 5081 771 5118 :
804 5064 883 5134 sic
927 5064 1069 5117 enim
1085 5063 1283 5134 Aamica
1330 5062 1670 5134 paraphrasi,
1702 5065 1902 5134 sa’pius
1932 5067 2141 5119 auctori

568 5134 754 5187 minus
784 5133 1022 5187 olliciosa
1069 5130 1236 5201 Cujus
1258 5130 1405 5187 mons
1438 5130 1578 5188 totus
1612 5130 1845 5188 Libanus
1876 5136 2065 5199 altare,
2091 5146 2142 5189 et

565 5210 770 5276 cunctae
787 5204 934 5257 illius
959 5205 1124 5266 silvw,
1149 5220 1293 5272 pyrw
1315 5202 1502 5272 ferent.
1520 5206 1609 5271 At,
1633 5206 1763 5276 quid
1786 5206 1993 5260 Libano
2016 5221 2139 5260 eum

566 5274 748 5346 altari,
791 5291 981 5346 quasve
1018 5276 1137 5343 cjus
1173 5276 1378 5343 religio,
1421 5285 1512 5329 aut
1545 5274 1665 5345 quze
1702 5280 1757 5331 in
1790 5279 1883 5331 illo
1916 5278 2142 5346 antiquo

565 5345 697 5405 ritu,
730 5346 911 5399 oblata
957 5344 1064 5397 Deo
1111 5346 1446 5409 holocausta,
1490 5344 1667 5401 ut’sic
1694 5364 1757 5402 ex
1791 5363 1856 5402 eo
1895 5344 2144 5401 debuerit

569 5415 877 5487 Methodius
911 5417 1219 5487 exemplum
1254 5424 1455 5484 petere,
1488 5424 1541 5471 et
1576 5432 1683 5470 non
1713 5434 1779 5471 ex
1820 5418 1934 5473 suis
1965 5418 2144 5487 Lyciae

568 5486 797 5555 aliisque
852 5486 1211 5539 vicinior-ibus
1267 5487 1562 5546 tuentibus,
1614 5488 1812 5555 quibus
1854 5504 1953 5542 nec
1994 5486 2144 5542 silva:

568 5556 776 5624 desint;
810 5558 913 5612 etsi
952 5556 1091 5610 forte
1118 5556 1270 5609 deest
1304 5555 1451 5617 thus,
1485 5557 1561 5609 uti
1584 5568 1637 5609 et
1659 5557 1889 5623 Libano;
1925 5556 2145 5611 Sabaeo-

570 5640 688 5678 rmn
728 5631 951 5697 regione
998 5626 1346 5697 proveniens,
1402 5641 1532 5697 non
1559 5626 1763 5697 Libano
1796 5638 2006 5688 monte:
2044 5627 2145 5680 mi-

571 5695 820 5767 rumque,
847 5695 1012 5767 quod
1032 5713 1199 5751 unum
1229 5696 1460 5749 attendit
1489 5695 1808 5761 Methodius,
1844 5698 1949 5751 ﬁdo
1978 5699 2145 5767 inter-

573 5765 1023 5839 ιινοιζὸμωνυμίᾳ
1051 5770 1299 5836 decepto,
1331 5782 1430 5839 uec
1460 5767 1513 5839 in
1544 5770 2035 5839 mentemvenisse.
2064 5765 2142 5839 lt).

644 5835 855 5905 (ιδγει
900 5835 962 5891 τὸ
998 5835 1292 5905 mpm...
1351 5836 1585 5905 ὡραῖον.
1639 5837 1941 5903 Possinius,
1997 5838 2144 5907 quod

2246 3801 2447 3870 ubique
2496 3807 2677 3854 textus
2721 3813 2897 3859 sacer,
2943 3805 2997 3852 et
3044 3799 3366 3870 interpretes
3407 3803 3462 3870 et
3502 3795 3818 3851 Metliodius

2245 3867 2479 3924 fructum
2516 3870 2723 3934 dicunt,
2762 3870 2980 3929 citrum,
3015 3878 3234 3938 repente
3269 3868 3325 3921 in
3358 3867 3607 3922 arborem
3646 3877 3820 3921 muta-

2246 3942 2353 4005 vit;
2388 3949 2447 3995 ut
2479 3948 2532 3995 et
2571 3940 2854 4010 sequentia
2898 3939 3095 4008 quibus
3137 3941 3259 3993 aliis
3297 3947 3671 4006 comparatur,
3700 3954 3819 4008 qua:

2242 4012 2531 4065 videaMur
2560 4012 2644 4066 vel
2673 4024 2889 4079 requare
2922 4011 3003 4063 vel
3058 4010 3220 4063 etiam
3257 4023 3518 4078 superare
3542 4012 3670 4078 ejus
3702 4010 3820 4079 pul-
3916 4046 3926 4053 .

2244 4082 2636 4148 ehritudineut;
2689 4096 2843 4143 uvas,
2896 4080 3283 4149 malogranata,
3334 4079 3475 4133 mala
3513 4093 3819 4150 pomaque;

2248 4168 2383 4207 nova
2416 4160 2583 4215 certe,
2612 4151 2915 4221 iniuriaeque
2950 4150 3003 4202 in
3032 4152 3343 4221 interprete
3378 4150 3613 4204 licentia:
3647 4159 3821 4204 meta-

2248 4223 2546 4292 morpliosi.
2594 4220 3225 4292 Fructumrspeciosum’,
3282 4223 3395 4275 sive
3422 4221 3610 4286 etiam,
3640 4227 3705 4273 ιιι
3727 4221 3819 4292 alii

2246 4291 2476 4358 malunt,
2500 4292 2710 4347 arboris
2734 4291 3013 4360 speciosae.
3043 4292 3214 4346 citrus
3240 4299 3345 4356 est,
3371 4298 3429 4344 ut
3451 4291 3821 4360 communiter

2246 4363 2468 4417 tradunt
2490 4362 2730 4427 Hebraei;
2757 4359 3129 4432 pneivcritque
3154 4360 3407 4432 Targum.
3434 4359 3700 4425 Onkelos,
3731 4360 3822 4431 qui

2248 4432 2381 4487 illud
2413 4432 2618 4488 Hebraei
2645 4441 2845 4497 textus,
2875 4431 3104 4499 fructum
3130 4432 3259 4501 ligni
3286 4431 3510 4492 decoris,
3547 4448 3824 4501 exposue-

2248 4503 2353 4567 rit,
2395 4505 2624 4573 [ructum
2664 4504 2791 4573 ligni
2833 4503 2974 4555 citri.
3020 4503 3302 4557 Manabem
3335 4509 3388 4557 et
3423 4501 3645 4573 Gerund
3678 4501 3823 4556 Bab-

2249 4572 2402 4643 bini,’
2428 4575 2601 4643 ipsam
2636 4572 2823 4627 volunt
2861 4573 3134 4636 arborem,
3169 4573 3329 4641 cujus
3358 4588 3456 4628 esu
3486 4572 3699 4627 Adamn
3746 4574 3827 4627 in-

2249 4642 2559 4708 terdictum,
2582 4660 2746 4713 penes
2766 4657 2905 4713 quos
2932 4644 3002 4697 sit
3029 4643 3161 4698 ﬁdes
3185 4662 3197 4697 :
3229 4658 3352 4697 nam
3376 4644 3500 4713 quis
3529 4643 3827 4713 revelavit?

2247 4714 2481 4785 Auream
2499 4712 2738 4768 arborem
2762 4712 2919 4785 vocat
2943 4714 3209 4785 interpres
3232 4712 3518 4769 Arabicus.
3550 4712 3828 4784 Iosephus

2247 4786 2312 4835 ὲκ
2344 4784 2597 4853 φοινίκων
2631 4785 2722 4836 καὶ
2750 4784 2990 4854 κιτρίων,
3015 4800 3080 4836 ea:
3107 4785 3296 4853 palmis
3328 4795 3375 4837 et
3396 4785 3567 4847 citris,
3600 4785 3828 4853 (quibus

2247 4856 2490 4908 e.ml‘erta
2527 4853 3140 4923 Palaestina)instruere
3178 4855 3372 4909 solitos
3403 4854 3571 4909 refert
3601 4856 3828 4910 Judaeos

2248 4942 2345 4978 sua
2394 4926 2505 4978 haec
2551 4925 2899 4979 tabernacula
2934 4937 3022 4981 :et
3074 4926 3233 4979 modo
3271 4926 3572 4989 instruunt,
3621 4927 3827 4995 quibus

2250 4995 2383 5049 locis
2409 5010 2509 5049 suo
2536 4994 2641 5066 ritu
2672 4996 2925 5066 sinuntur
2958 4997 3158 5058 vivere,
3191 4996 3480 5050 ambitioso
3502 4994 3832 5066 sane’appa-

2247 5078 2389 5127 ratu,
2433 5064 2609 5135 quoad
2643 5080 2737 5133 per
2781 5065 3090 5121 facultatem
3138 5067 3279 5120 licet.
3315 5066 3646 5127 Methodius,
3675 5064 3826 5135 quod

2247 5152 2448 5204 negare
2490 5134 2754 5208 videturr,r_
2777 5135 3013 5208 fructum
3058 5137 3208 5189 illum
3249 5135 3471 5208 ὡραῖον,
3501 5134 3825 5206 speciosum,

2250 5209 2331 5259 vel
2375 5208 2457 5270 (ut
2493 5206 2691 5272 schol.)
2730 5205 2958 5269 ἔνδοξον,
3005 5205 3318 5276 gloriosum,
3372 5205 3543 5262 fuisse
3595 5209 3827 5271 citrum,

2249 5292 2361 5329 rem
2390 5293 2495 5330 non
2522 5276 2739 5330 coniicit
2767 5296 2778 5329 :
2812 5278 2904 5332 sed
2934 5275 3078 5344 quod
3107 5275 3276 5331 Judaei
3311 5293 3418 5331 non
3450 5278 3557 5332 alio
3586 5285 3828 5333 mentem

2250 5346 2446 5420 (erant,
2481 5362 2580 5401 nec
2614 5347 2916 5420 intelligant
2950 5349 3151 5420 aliquid
3181 5348 3425 5417 spiritale
3454 5348 3651 5420 horum
3677 5364 3831 5420 sym-

2252 5418 2372 5470 bolo
2400 5417 2694 5487 designari.
2717 5416 3065 5473 Commodior
3089 5416 3223 5472 citri
3246 5426 3474 5472 ornatus
3509 5416 3834 5472 tabernacu-

2251 5487 2324 5545 lo,
2353 5504 2513 5557 quam
2559 5488 2636 5540 vel
2680 5502 2926 5550 uvarum,
2971 5490 3056 5544 vel
3094 5492 3323 5542 aliorum
3354 5504 3477 5557 qua:
3511 5490 3602 5542 ille
3636 5489 3829 5555 refert,

2250 5561 2393 5625 quod
2428 5560 2544 5628 ipsa
2574 5557 2738 5611 arbor
2776 5568 2829 5611 et
2877 5558 3001 5611 folia
3038 5561 3282 5628 ramique
3316 5574 3425 5613 non
3470 5559 3631 5614 facile
3681 5576 3832 5612 tuar-

2251 5642 2494 5691 cescaut,
2530 5630 2756 5697 ipsaque
2784 5628 3035 5682 decorem
3068 5631 3209 5682 uialu
3245 5640 3497 5697 augeant,
3537 5641 3592 5685 et
3625 5630 3696 5684 ab
3737 5632 3832 5683 illo

2251 5700 2505 5753 hauriant
2538 5719 2551 5751 :
2584 5699 2837 5766 quodque
2881 5700 3057 5767 ipsum
3104 5700 3452 5770 malumdies
3485 5716 3595 5754 non
3620 5712 3836 5770 paucos

2251 5770 2518 5841 integrum
2553 5775 2860 5838 perseveret
2890 5778 2943 5824 et
2972 5770 3276 5824 odoratum.
3307 5769 3378 5824 lo.
