4056 6302
220 402 330 461 185
1273 400 1653 461 CONVIVIUM
1689 403 1921 462 DECEM
1951 402 2308 463 VlRGINUM.
2412 412 2417 419 '
3359 404 3458 463 186

217 526 578 614 Ebayyéktov:
625 526 862 591 Ἐκεῖνος
891 523 989 597 μὲν
1021 523 1127 599 γὰρ
1147 524 1318 591 τύπος
1345 544 1430 592 τις
1454 523 1523 600 ἦν
1552 529 1645 583 καὶ
1672 528 1776 583 σκιέ

1902 530 2072 603 ﬁgura
2114 530 2364 601 quasdam
2406 536 2526 587 erat
2574 537 2629 586 et
2660 529 2851 585 umbra
2891 528 3195 585 futurarum
3241 543 3457 597 rerum;

214 618 331 673 τῶν
386 617 689 691 μελλόντων
731 616 1071 689 πραγμάτων
1095 631 1111 645 ⁸
1151 615 1311 671 τοῦτο
1347 617 1405 671 δὲ
1437 617 1663 690 ἀλήθεια
1702 620 1776 673 κα

1898 623 2246 695 Evangelium
2281 630 2457 679 autem
2490 625 2690 679 veritas
2720 631 2825 689 est,
2856 630 2911 678 et
2944 622 3067 677 vitae
3107 621 3301 694 gratia.
3331 619 3460 675 Pul-

214 711 371 784 ζωῆς
414 712 595 784 χάρις.
661 711 872 784 Ὡραῖος
908 707 976 784 ἦν
1007 710 1116 765 τῶν
1162 710 1457 784 προφητῶν
1498 713 1526 765 ὁ
1556 714 1766 785 καρπός

1896 715 2028 770 cher
2057 723 2173 771 erat
2193 714 2575 785 prophetarum
2607 712 2840 779 fructus,
2858 714 2953 769 sed
2984 728 3092 768 non
3121 713 3197 767 ita
3213 712 3456 783 pulcher,

213 806 339 862 ἀλλ’
371 805 474 876 οὐχ
505 803 677 868 οὕτως
715 805 933 876 ὡραῖος,
964 804 1040 868 ὡς
1072 807 1101 859 ό
1132 804 1193 870 ἐξ
1236 804 1402 859 αὐτοῦ
1448 805 1776 878 γεωργούμε⁴

1899 819 1957 865 ut
1986 812 2078 881 qui
2128 824 2195 863 ex
2251 809 2371 879 ipso
2412 808 2631 879 legitur,
2658 807 3082 877 incorruptioni:~
3114 805 3345 866 fructus.

211 911 332 960 νος,
365 894 468 965 τῆς
499 892 827 965 ἀφθαρσίας.

210 1010 351 1069 CAP.
385 1012 476 1069 IV.
510 1013 660 1071 Mens
686 1014 987 1087 depurgatis
1010 1016 1148 1070 vitiis
1173 1018 1544 1085 perspicacior.
1589 1018 1767 1072 Animi
1792 1026 2008 1072 ornatus
2033 1033 2094 1070 ac
2117 1017 2367 1070 virtutum
2399 1016 2577 1070 series.
2607 1014 2854 1087 Charitas
2878 1013 3039 1070 densa
3066 1021 3115 1069 et
3137 1013 3454 1083 constipata:

749 1084 1007 1152 Cas'titas,
1036 1088 1269 1141 omnium
1294 1084 1592 1157 postremus
1620 1099 1860 1143 ornatus.
1902 1087 2021 1157 Ipse
2040 1087 2369 1140 matrimonii
2409 1085 2752 1156 castigandus
2780 1102 2932 1141 usus.

290 1198 406 1252 Καὶ
434 1198 706 1269 λήψεσθε
731 1200 963 1268 ἑαυτοῖς
990 1199 1065 1273 τῇ
1101 1200 1299 1271 πρώτῃ
1341 1202 1530 1273 ἡμέρᾳ
1557 1201 1788 1272 καρπόν

214 1292 416 1357 ξύλου
453 1293 685 1363 ὡραῖον,
719 1295 814 1349 καὶ
871 1293 1216 1363 κὰλλυντρα
1264 1296 1575 1363 φοινίκων·
1617 1295 1788 1364 λέγων

212 1383 318 1456 τὴν
343 1383 574 1456 ἄσκησιν
599 1385 705 1439 τῶν
733 1384 892 1438 θείων
921 1383 1277 1457 μαθημάτων,
1299 1379 1379 1449 οἷς
1403 1384 1787 1457 ἐκκαθαίρεται

214 1478 316 1530 καὶ
350 1479 630 1548 κοσμεῖται
674 1477 815 1549 ψυχὴ
847 1477 1055 1531 νικῶσα
1093 1478 1162 1531 τὰ
1207 1477 1372 1548 πάθη,
1409 1478 1787 1549 ἀποσαρουμέ-

1965 1202 2033 1256 Ει
2078 1202 2289 1255 sumetis
2327 1198 2470 1255 vobis
2498 1202 2670 1268 prima
2704 1200 2787 1255 die
2838 1202 3066 1271 fructum
3103 1202 3230 1274 ligni
3261 1201 3459 1271 specio-

1893 1310 2040 1357 sum,
2072 1303 2120 1347 et
2152 1292 2394 1361 spatulas
2446 1292 2746 1359 palmarum
2792 1291 2858 1345 δι.
2916 1291 3116 1363 Nempe
3147 1293 3456 1348 divinarum

1893 1384 2303 1453 disciplinarum
2362 1381 2803 1437 exercitationem
2858 1382 3213 1452 significans,
3257 1383 3456 1454 quibus

1893 1475 2220 1557 emundatur
2241 1481 2295 1527 et
2317 1481 2542 1527 ornatur
2570 1474 2783 1528 animus
2810 1473 3061 1527 vitiorum
3078 1473 3272 1537 victor,
3296 1471 3455 1531 ever-

1893 1567 2012 1622 ritis
2041 1583 2106 1621 ex
2135 1571 2252 1636 ipsa
2272 1565 2570 1636 ejectisque
2590 1564 2844 1635 peccatis.
2868 1563 3097 1619 Mundos
3123 1565 3267 1619 enim
3292 1575 3457 1637 atque

1892 1666 2116 1715 ornatos
2143 1658 2211 1711 ad
2260 1658 2455 1712 festum
2493 1658 2678 1713 venire
2738 1671 2964 1712 necesse
3014 1664 3135 1724 est,
3195 1663 3453 1728 tanquam

1889 1751 2180 1823 mangonio
2213 1752 2447 1822 quodam
2473 1792 2487 1816 ,
2545 1749 2816 1822 religiosis
2844 1749 3103 1820 operibus
3130 1748 3456 1819 virtutisque

212 1585 324 1623 νων
349 1569 457 1642 (44)
488 1568 547 1635 ἐξ
576 1571 743 1644 αὐτῆς
782 1571 877 1624 καὶ
918 1570 1323 1643 ἐκϐαλλομένων
1370 1571 1478 1626 τῶν
1538 1573 1787 1645 ἁμαρτη-

216 1660 429 1732 μάτων,
457 1664 548 1716 Δεῖ
581 1663 688 1736 γὰρ
720 1662 993 1738 καθαροὺς
1031 1664 1126 1719 καὶ
1156 1665 1603 1737 κεκοσμημένους
1632 1665 1787 1736 ἥκειν

213 1755 299 1816 εἰς
325 1753 422 1826 τὴν
452 1753 663 1827 ἑορτὴν,
703 1755 889 1828 ὥσπερ
926 1758 1221 1830 κοσμήτρῳ
1248 1761 1365 1821 ταῖς
1397 1759 1660 1830 άσκήσεσι
1693 1759 1787 1812 καὶ

219 1842 471 1915 μελέταις
515 1846 615 1917 τῆς
644 1847 844 1919 ἀρετῆς
889 1849 1478 1920 πεφιλοπονουμένουςο
1507 1851 1588 1904 ὅτι
1638 1850 1776 1921 μελέ-

1890 1844 2165 1900 exercitiis
2190 1844 2472 1915 magniﬁce
2499 1853 2744 1915 comptos
2771 1860 2835 1899 ac
2864 1844 3152 1915 expolitos.
3189 1843 3452 1899 Laborio-

215 1951 334 1999 ταις
378 1937 655 2002 ἐπιπόνοις
707 1940 802 1993 καὶ⁵
848 1941 1110 2010 άσκὴσεσι
1162 1940 1556 2013 καθαιρόμενος
1591 1944 1619 1995 ὁ
1665 1940 1776 2006 νοῦς

1889 1935 1966 1991 sis
1994 1936 2141 1990 enim
2170 1935 2224 1989 id
2272 1951 2442 2006 genus
2473 1937 2910 1993 exercitamentis
2938 1936 3234 2007 depurgata
3259 1952 3413 1993 mens
3435 1977 3451 2005 ,

212 2029 320 2083 τῶν
373 2031 849 2087 ἐπικαλυπτόντων
904 2033 1064 2086 αὐτὸν
1108 2033 1331 2087 ἀλλοίων
1377 2033 1776 2105 διανοημάτων,

1888 2047 1918 2086 a
1949 2031 2286 2086 diversarum
2315 2031 2702 2100 cogitationum
2735 2030 2880 2083 illam
2927 2029 3337 2084 obtundentium
3371 2027 3455 2082 of-

211 2118 491 2194 ὀξυδερκΞί
529 2123 665 2195 πρὸς
719 2125 819 2195 τὴν
851 2122 1125 2195 ἀλήθειαν.
1163 2124 1429 2196 Καθάπερ
1451 2126 1544 2178 καὶ
1581 2128 1613 2197 ή
1646 2127 1776 2199 χήρα

1889 2123 2009 2178 fusa
2042 2122 2256 2190 nebula,
2285 2130 2445 2177 acute
2459 2106 2735 2176 veritatem
2766 2121 2958 2176 cernit.
2995 2119 3085 2175 Uti
3105 2121 3264 2175 etiam
3290 2120 3456 2175 vidua

209 2212 302 2266 τὸν
321 2215 621 2287 κοδράντην
642 2217 699 2268 ἐν
726 2219 838 2280 τοῖς
869 2216 1218 2286 Εὐαγγελίοις
1246 2216 1532 2289 ἀνεύρατο,
1567 2217 1703 2288 μετὰ
1725 2217 1776 2270 τὲ

1888 2213 1941 2268 in
1975 2214 2278 2286 Evangeliis
2308 2213 2353 2245 ⁸³
2389 2213 2744 2283 quadrantem
2797 2212 3030 2276 invenit,
3082 2226 3205 2289 cum
3233 2212 3454 2267 domum

214 2306 459 2378 σαρῶσαι
491 2308 581 2362 τὸν
609 2304 754 2362 οἷκον
783 2308 878 2364 καὶ
913 2309 1066 2380 ῥίψαι
1097 2308 1165 2362 τά
1195 2309 1417 2380 κόπρια,
1460 2309 1528 2361 τὰ
1566 2309 1787 2361 ἐπισκο-

205 2398 409 2454 τοῦντα
439 2403 532 2454 καὶ
562 2401 899 2457 καλύπτοντα
926 2403 1078 2474 πάθη
1098 2403 1195 2475 τὴν
1226 2402 1421 2475 ψυχὴν,
1454 2400 1524 2454 τὰ
1542 2402 1659 2481 άπὸ
1684 2401 1783 2473 τῆς

210 2489 464 2561 θρύψεως
493 2494 647 2565 ἡμῶν
681 2496 776 2548 καὶ
802 2496 901 2568 τῆς
933 2496 1187 2568 ἀμελείας
1219 2494 1572 2568 πληθύνοντα.

291 2675 401 2729 Καὶ
431 2675 609 2730 τοίνυν
632 2680 660 2731 ὁ
692 2677 1005 2743 σπουδάζων
1034 2681 1113 2744 εἰς
1154 2680 1253 2750 τὴν
1284 2681 1473 2752 ἑορτὴν
1502 2680 1610 2733 τῶν
1644 2681 1783 2751 Σκη-

219 2766 323 2820 νῶν
360 2768 583 2824 ἐκείνων
606 2770 827 2840 φθάσαι,
860 2773 954 2826 καὶ
981 2775 1093 2837 τοῖς
1126 2774 1303 2842 ἁγίοις
1347 2773 1783 2845 συγκαταλεχθῆ-

217 2875 337 2925 ναι,
372 2860 587 2932 πρῶτον
615 2863 704 2916 τὸν
737 2863 935 2937 ὡραῖον
971 2865 1070 2937 τὴν
1113 2866 1293 2920 πίστιν
1330 2866 1615 2938 κτησάσθω
1648 2885 1781 2939 καρ-

216 2951 315 3006 πόν
339 2969 352 2983 ’
386 2950 505 3008 εἶτα
531 2954 598 3008 τὰ
642 2955 967 3028 κάλλυντρα,
997 2956 1094 3029 τὴν
1140 2960 1369 3029 ἄσκησιν
1410 2960 1503 3012 καὶ
1552 2958 1779 3030 μελέτην

215 3044 322 3098 τῶν
356 3045 615 3117 Γραφῶν·
656 3044 775 3103 εἶτα
806 3050 933 3114 τοὺς
984 3050 1270 3123 ἐριθηλέας
1319 3050 1514 3123 ἐφεξῆς
1552 3052 1779 3117 κλάδους

217 3134 313 3205 τῆς
342 3135 559 3208 ἀγάπης
580 3139 674 3192 καὶ
712 3138 912 3205 δασεῖς,
946 3139 1038 3205 οὓς
1067 3142 1160 3195 καὶ
1194 3141 1331 3213 μετὰ
1370 3142 1439 3195 τά
1469 3141 1778 3214 κάλλυντρα

219 3230 496 3300 παρεγγυᾷ
535 3228 901 3301 λαμϐάνεσθαι
923 3272 937 3297 ,
981 3231 1207 3297 κλάδους
1249 3232 1429 3299 δασεῖς
1473 3234 1774 3289 εὐθυϐολὼ-

216 3334 369 3382 τατα,
396 3320 493 3392 τὴν
517 3322 737 3394 ἀγάπην
766 3322 979 3394 φράσας
1001 3340 1014 3354 ο
1042 3324 1104 3377 τὸ
1132 3323 1239 3397 γάρ
1258 3324 1391 3379 δασὺ
1421 3326 1775 3398 κατάκαρπον

217 3408 331 3463 ὅλον
365 3412 478 3466 ἐστὶ
522 3412 617 3466 καὶ
658 3415 877 3479 πυκνὸν,
909 3415 1073 3486 μηδὲν
1102 3415 1312 3488 ψιλὸνῆ
1351 3417 1593 3492 διάκενον
1631 3417 1773 3489 ἔχον,

216 3503 345 3557 ἀλλὰ
371 3506 545 3559 πάντα
596 3507 1019 3580 πεπληρωμένον
1043 3549 1057 3573 ,
1095 3510 1189 3570 καὶ
1238 3513 1363 3575 τοὺς
1394 3511 1642 3583 ὄρπηκας
1682 3514 1777 3566 καὶ

216 3594 283 3648 τὰ
308 3596 547 3670 στελέχη.
579 3598 829 3654 Τοιοῦτον
856 3599 961 3672 γάρ
994 3600 1191 3674 ἐστινὴ
1222 3602 1431 3675 ἀγάπη,
1470 3603 1776 3676 μηδαμόθεν

217 3684 467 3752 ύπόκενος
493 3689 528 3759 ἢ
557 3688 802 3761 ἄκαρπος
832 3687 985 3745 οὖσα.
1008 3687 1088 3746 Ἦ
1121 3694 1248 3766 γὰρ,
1279 3694 1387 3749 ἐὰν
1419 3696 1681 3766 πωλήσω
1705 3697 1778 3752 τὰ

215 3777 556 3848 ὑπάρχοντά
584 3799 722 3851 μου,
754 3784 852 3836 καὶ
886 3783 1056 3838 δώσω
1096 3787 1385 3856 πτωχοῖςυ
1420 3789 1519 3842 καὶ
1562 3789 1672 3844 ἐὰν
1709 3789 1775 3843 τὸ

217 3872 383 3943 σῶμά
418 3894 535 3945 μου
575 3878 718 3946 πυρὶ
770 3878 1096 3947 παραδώσω
1120 3919 1135 3944 ,
1187 3881 1284 3934 καὶ
1325 3882 1433 3936 ἐὰν
1474 3884 1778 3955 τοσαύτην

217 3966 437 4036 πίστιν,
457 3966 612 4023 ὥστε
634 3969 741 4039 ὄρη
761 3967 1073 4040 μεθιστᾷγ,
1099 3971 1424 4042 κτήσωμαι,
1446 3971 1686 4042 ἀγάπην
1709 3972 1778 4027 δὲ

216 4059 295 4131 μὴ
328 4062 475 4131 ἔχω,
524 4061 707 4117 οὐδέν
739 4065 874 4134 ειμι.
923 4063 1132 4137 Ἀγάπη
1185 4064 1294 4138 ἄρα
1332 4066 1392 4118 τὸ
1422 4068 1775 4137 κατάκαρπόν

220 4152 331 4207 ἐστι·
368 4156 457 4208 καὶ
492 4154 789 4210 δασύτατον
839 4155 992 4221 ξύλον
1031 4157 1268 4223 πάντων,
1301 4160 1334 4230 ἡ
1394 4158 1641 4230 γέμουσα
1684 4157 1776 4215 καὶ

221 4246 608 4322 πεπληρωμένη
642 4248 750 4303 τῶν
778 4250 1037 4322 χαρίτων.

286 4420 410 4477 Εἶτα
447 4426 499 4479 τί
531 4427 1059 4500 παραλαμϐάνεσθαι
1109 4428 1354 4500 βούλεται
1406 4447 1500 4484 και
1548 4429 1771 4502 ἓτερον;

1885 2306 2178 2362 everrisset
2207 2315 2260 2361 et
2288 2306 2479 2361 sordes
2518 2296 2808 2374 eiecisset;
2858 2305 2986 2358 vitia
3018 2288 3227 2360 scilicet
3255 2305 3453 2360 obsoni-

1883 2401 2061 2455 rantia
2094 2400 2331 2454 animum
2372 2413 2434 2452 ac
2479 2398 2847 2462 obnubentia,
2897 2414 3017 2468 quae
3065 2414 3161 2468 per
3209 2404 3450 2453 nostram

1884 2492 2164 2547 mollitiem
2197 2508 2261 2547 ac
2290 2491 2597 2547 socordiam
2628 2491 2834 2562 ingenti
2872 2490 3029 2546 nobis
3060 2497 3241 2562 segete
3289 2505 3446 2561 auge-

1884 2593 2061 2640 δριιηι.

1953 2673 2056 2741 Qui
2106 2675 2269 2747 igitur
2316 2674 2383 2729 ad
2418 2672 2917 2729 Tabernaculorum
2974 2674 3190 2729 illorum
3250 2672 3449 2729 festum

1883 2770 2031 2839 cupit
2088 2768 2348 2833 evadere,
2412 2768 2577 2838 inque
2625 2776 2936 2823 sanctorum
2976 2783 3199 2824 censum
3254 2765 3451 2823 referri

1881 2862 2081 2927 studet,
2108 2863 2340 2932 primum
2382 2862 2686 2932 speciosum
2717 2860 2951 2915 fructum
2980 2899 2996 2925 ,
3044 2860 3099 2915 id
3145 2867 3229 2915 est
3264 2858 3447 2925 ﬁdem,

1881 2952 1986 3007 sibi
2039 2961 2315 3023 comparet
2353 2973 2367 3009 :
2426 2961 2539 3007 tum
2604 2952 2890 3022 Spatulas,
2932 2958 3192 3005 attentam
3240 2951 3450 3006 scilicet

1882 3044 2290 3115 Scripturarum
2323 3045 2721 3101 meditationem
2760 3061 2824 3100 ac
2862 3044 2917 3097 in
2961 3043 3041 3099 cis
3093 3041 3447 3098 exercitatio-

1881 3153 2041 3192 nem:
2082 3145 2271 3208 postea
2317 3137 2422 3193 late
2458 3136 2774 3194 frondentes
2803 3129 3110 3206 densosque
3167 3132 3447 3189 charitatis

1878 3245 2083 3295 ramos,
2114 3245 2254 3301 quos
2286 3238 2404 3301 post
2431 3231 2671 3301 spatulas
2702 3229 2854 3299 jubet
2882 3229 3054 3295 sumi;
3097 3241 3280 3282 ramos
3310 3225 3443 3281 den—

1879 3337 1970 3379 sos
1994 3322 2275 3393 aptissime
2302 3323 2623 3377 charitatem
2657 3337 2894 3388 vocans;
2930 3319 3074 3392 quod
3107 3321 3248 3374 enim
3275 3318 3442 3374 dense

1876 3417 2035 3481 viret,
2068 3415 2179 3471 fere
2210 3415 2349 3471 idem
2378 3416 2597 3485 cepiose
2640 3414 2980 3471 fructuosum
3016 3420 3298 3482 totumque
3324 3412 3441 3465 fru-

1878 3507 2108 3579 giferum
2137 3515 2242 3571 est,
2265 3506 2403 3562 nihil
2452 3509 2592 3564 exile
2640 3520 3044 3576 exsuccumque
3076 3505 3313 3568 habens,
3346 3501 3445 3561 sed

1878 3604 2059 3659 omnia
2094 3603 2273 3672 plena,
2298 3611 2351 3657 et
2376 3616 2558 3656 ramos
2594 3609 2647 3656 et
2676 3607 2922 3654 truncos.
2952 3596 3102 3652 Talis
3131 3597 3332 3666 quippe
3361 3603 3446 3652 est

1878 3695 2153 3757 Charitas,
2191 3694 2337 3749 nulla
2372 3704 2524 3764 parte
2564 3706 2735 3747 vacua
2771 3698 2864 3744 aut
2898 3690 3255 3744 infructuosa.
3306 3688 3444 3743 Nam

1877 3789 1925 3844 si
1953 3788 2228 3844 vendidero
2266 3802 2441 3841 omnes
2465 3784 2745 3856 facultates
2769 3799 2911 3838 meas
2933 3823 2947 3847 ,
2981 3793 3031 3837 ct
3055 3782 3369 3836 distribuero
3388 3783 3445 3837 in

1877 3883 2017 3936 cibos
2043 3895 2368 3951 pauperum;
2401 3889 2451 3933 et
2481 3880 2528 3933 si
2556 3893 2746 3946 corpus
2778 3892 2947 3931 meum
2993 3877 3100 3945 igni
3133 3873 3442 3939 tradidero;

1875 3984 1924 4029 et
1949 3976 1997 4028 si
2025 3983 2228 4027 tantam
2273 3972 2431 4043 [idem
2468 3969 2696 4025 habuero
2739 3978 2793 4023 ut
2851 3978 3047 4023 montes
3079 3969 3438 4037 transferam,

1877 4066 2185 4121 charitatem
2221 4074 2394 4120 autent
2420 4081 2523 4120 non
2557 4063 2808 4130 habuero,
2838 4062 2970 4116 nihil
2998 4078 3114 4116 sum
3146 4061 3213 4115 ⁸³.
3241 4060 3439 4115 (Ξιιειιίη

1875 4172 1960 4216 tas
1995 4160 2159 4232 igitur
2187 4160 2351 4215 arbor
2387 4166 2471 4215 est
2503 4157 2770 4212 fructibus
2818 4157 2975 4226 longe
3019 4153 3293 4210 uberrima
3321 4167 3441 4207 om-

1876 4253 2135 4322 niumque
2191 4251 2550 4318 densissima;
2610 4249 2802 4321 gratiis
2835 4249 3045 4305 scilicet
3073 4246 3288 4303 abunde
3319 4260 3442 4302 sca-

1875 4354 1998 4401 tens
2031 4345 2205 4415 iisque
2233 4345 2410 4415 plena.

1946 4433 2155 4489 Exinde
2181 4434 2312 4506 quid
2340 4441 2394 4490 et
2423 4434 2568 4489 aliud
2600 4449 2700 4490 nos
2745 4440 2860 4489 vuit
2893 4432 3211 4490 assumere?
3236 4430 3441 4490 Bamos

221 4517 338 4580 τοὺς
366 4518 577 4586 κλάδους
624 4522 868 4588 ίτεῖνους,
920 4525 1076 4594 φησὶ,
1115 4522 1212 4595 τὴν
1256 4522 1595 4594 δικαιοσύνην
1644 4522 1776 4577 κλά-

1879 4528 2088 4584 scilicet
2117 4527 2343 4583 salicum
2369 4568 2382 4591 ,
2431 4528 2538 4582 isto
2565 4526 2810 4598 symbolo
2833 4526 3101 4596 justitiam
3149 4525 3438 4594 indicans;

223 4606 339 4674 δους
380 4613 591 4681 ἱτεῖνους
634 4615 974 4687 κικλήσκων,
1008 4615 1125 4670 ἀνθ’
1155 4609 1230 4670 ὧν
1275 4617 1326 4669 οἱ
1357 4616 1585 4682 δίκαιοι,
1629 4616 1770 4670 κατὰ

226 4699 312 4754 τὸν
338 4707 625 4778 προφήτην,
660 4709 742 4775 ὠς
779 4707 1086 4777 ἀναμέσον
1117 4708 1334 4776 ὕδατος
1365 4708 1770 4765 ὰνατέλλουσι

228 4799 444 4866 χόρτος,
468 4801 559 4855 καὶ
584 4804 663 4868 ὠς
686 4801 810 4860 ἰτέα
828 4801 927 4857 ἐπὶ
943 4803 1276 4872 παραρρέον
1296 4801 1471 4871 ὕδωρ,
1489 4802 1771 4868 θάλλοντες

230 4886 302 4958 τῷ
329 4888 480 4960 λόγῳ.
499 4890 602 4946 Καὶ
622 4893 716 4947 ἐπὶ¹
737 4896 891 4959 πᾶσι,
912 4896 1036 4959 τοὺς
1064 4894 1312 4962 ἀγνίνους
1340 4893 1771 4965 ἐπικοσμοῦντας

229 4971 320 5044 τὴν
359 4978 550 5050 σκηνὴν
596 4982 1022 5054 παρακελεύεται
1071 4983 1473 5055 προσφέρεσθαι
1520 4984 1765 5051 κλάδους,

347 5129 387 5162 ⁸³
421 5130 574 5189 Leuit.
603 5152 756 5204 nni,
780 5138 867 5194 40.

320 5245 404 5327 μ)
441 5249 971 5328 Ἀποσιιρουμένων.
1007 5256 1106 5313 Hic
1142 5259 1291 5326 item,
1337 5272 1457 5313 meo
1493 5257 1760 5328 periculo,

235 5329 377 5371 vocrs
418 5329 700 5399 monstrum
734 5327 916 5395 ejicio,
962 5329 1108 5398 quod
1156 5332 1349 5385 attinet
1392 5328 1458 5382 ad
1496 5326 1763 5399 Methodii

237 5395 1109 5469 ριορηειιιιιιι,ἀποσαρκουμένων.
1137 5399 1330 5456 Conati
1381 5399 1598 5469 quidem
1640 5398 1765 5453 τωο

241 5455 357 5538 dere
385 5457 742 5538 l.eo_A_llat_i_us,
777 5455 810 5521 ὶι
849 5455 958 5523 suis
995 5455 1247 5525 carnibus
1284 5455 1546 5536 divu'lsis;
1580 5468 1765 5524 Possi-

243 5531 595 5622 ni‘usgneuulsis.
628 5531 823 5592 Verum
859 5554 965 5619 non
991 5541 1104 5595 haec
1135 5541 1282 5622 illius
1308 5543 1459 5622 vocis
1487 5531 1762 5622 acceptio.

244 5598 329 5649 sed
350 5599 400 5651 in
430 5617 621 5658 carnem
651 5610 922 5666 concretis.
959 5619 1019 5665 ut
1052 5628 1174 5665 cum
1199 5612 1422 5667 cicatrix
1452 5598 1763 5672 obducitur,

245 5672 292 5752 et
311 5683 435 5752 Icaro
463 5677 757 5752 enascitur:
784 5679 928 5751 quod
955 5697 1115 5737 nemo
1141 5697 1248 5737 non
1271 5682 1435 5748 videt,
1463 5697 1626 5752 quam
1656 5696 1766 5735 non

246 5744 888 5823 {plejungaturejectioni
921 5760 1289 5821 peccatorum.
1329 5744 1432 5809 Est
1468 5744 1599 5823 ergo
1633 5752 1767 5805 ἁπο-

251 5812 578 5895 ῗέιθθυμένφῗζ,
613 5812 683 5895 ita
713 5832 766 5875 ut
796 5812 1104 5877 everrantur
1122 5833 1334 5893 peccata
1359 5833 1410 5880 et
1440 5812 1764 5895 ejiciantur;

249 5887 352 5931 me
371 5887 584 5941 everritis
614 5891 880 5966 ejectisque
906 5887 1171 5964 peccatis;
1200 5910 1362 5967 quam
1415 5887 1781 5966 posunodum

978 5141 1024 5174 ⁸⁸
1058 5139 1231 5197 Marc.
1270 5156 1370 5206 ιιι,
1400 5140 1493 5196 42.
1570 5141 1617 5173 ⁸³
1657 5139 1688 5195 Ι
1728 5140 1855 5198 Cor.

1876 4620 2082 4676 idcirco
2134 4618 2391 4674 nimirum
2441 4618 2585 4689 quod
2625 4618 2799 4688 justi,
2858 4626 2915 4672 ut
2949 4625 3138 4673 auctor
3186 4623 3271 4674 est
3312 4632 3440 4689 pro-

1876 4712 2038 4782 pheta
2078 4711 2157 4776 3‘,
2204 4712 2341 4767 velut
2370 4728 2586 4783 gramen
2629 4712 2764 4766 inter
2800 4727 2963 4782 aquas
3007 4712 3341 4782 germinant,
3390 4721 3439 4767 et

1875 4801 2029 4871 quasi
2053 4800 2192 4854 satia:
2209 4800 2371 4869 juxta
2404 4801 2840 4870 master/tuentem
2869 4817 3060 4872 aquam
3081 4841 3095 4866 ,
3142 4802 3309 4857 verbo
3339 4801 3446 4858 do-

1877 4893 2161 4964 ctrinaque
2193 4892 2467 4949 ﬂorentes.
2500 4893 2751 4947 Omnium
2783 4892 3016 4964 denique
3051 4895 3288 4963 cumulo,
3313 4894 3439 4966 agni

1876 4984 2089 5041 arboris
2110 5000 2291 5041 ramos
2320 4986 2387 5040 ad
2410 4985 2820 5040 tabernaculum
2843 4986 3319 5044 condecorandum
3343 4990 3437 5060 ju-

1886 5156 2009 5207 xm,
2040 5139 2096 5206 2,
2127 5141 2179 5196 5.
2261 5141 2309 5173 ⁸⁵
2338 5139 2453 5195 Isa.
2490 5156 2637 5208 xuv,
2665 5141 2721 5196 4.

1867 5271 2054 5313 vocem
2078 5271 2144 5327 ex
2174 5254 2463 5327 Evangelio
2500 5255 2554 5311 in
2580 5256 2755 5312 viduae
2779 5255 3025 5327 exemplo
3050 5256 3267 5322 repetit.
3296 5250 3441 5327 pusca

1868 5327 1928 5398 τό
1957 5326 2199 5398 σαρῶσαι
2228 5321 2541 5398 τὸηῗοῖκον⁵
2577 5338 2852 5397 postquam
2898 5321 3433 5398 domumeverrisset.

1871 5396 1972 5451 Ubi
2005 5395 2122 5467 pari
2149 5398 2364 5453 inscitia
2395 5399 2449 5453 in
2477 5395 2760 5468 Vulgatam
2798 5398 3089 5468 irrepserat
3103 5395 3323 5468 _evertit_.
3341 5406 3439 5468 pro

1869 5462 2095 5540 everfit_._
2116 5468 2211 5524 sed
2237 5469 2547 5524 emendavit
2577 5462 2926 5540 sequentium
2966 5466 3250 5540 sedulitas.
3284 5462 3439 5516 Facit

1870 5539 2017 5614 quod
2047 5538 2353 5614 Methodius
2381 5540 2450 5596 ad
2477 5535 2671 5614 vocem
2696 5538 3002 5610 κάλλυντρα
3030 5535 3241 5614 alludit,
3270 5547 3436 5601 quam

1874 5610 2179 5686 l_l_esychi_us
2217 5609 2417 5686 aliique
2450 5610 2662 5675 σπάθας
2688 5618 3000 5686 exponunt,
3032 5609 3188 5686 quasi
3227 5617 3435 5686 scopas:

1872 5672 2200 5737 Plutarchus
2233 5681 2291 5735 in
2319 5672 2568 5753 Dionys.,
2609 5672 2853 5752 σαίρούσι
2891 5677 2948 5730 δὲ
2978 5672 3289 5742 καλλύντρῳ
3331 5672 3439 5727 τινὶ

1874 5753 1971 5794 ε-ὖυ
1995 5752 2190 5794 olidi-ru-
2228 5750 2441 5794 dnmum
2483 5752 2655 5794 cannis
2698 5755 2925 5794 narrum-
2964 5745 3126 5794 Clara
3156 5756 3284 5794 erae
3326 5741 3434 5794 Me.-

1874 5753 1971 5824 τὴ)
1995 5752 2193 5815 οἰκίαν,
2228 5750 2442 5806 domum
2460 5745 2655 5877 'scoris
2698 5745 2925 5805 uerrunt.
2964 5745 3126 5823 Clara
3156 5756 3288 5822 ergo
3326 5745 3434 5797 Me-

1874 5822 2045 5877 thodii
2075 5838 2250 5886 mens,
2286 5824 2375 5877 cui
2404 5822 2486 5878 sic
2525 5823 2564 5877 il
2589 5822 2696 5878 usit
2736 5816 2985 5874 inﬁcetus
3013 5812 3195 5870 scriba
3220 5810 3440 5881 alioque

1875 5893 2141 5951 detorsit.~
2162 5892 2449 5949 Constans.
