  <div class='ocr_page' id='page_1' title='image "/cluster/home/n/w/nwhite01/storage/ocr_20150623/18/mdp.39015008168943/101.png"; bbox 0 0 3962 6278; ppageno 0'>
   <div class='ocr_carea' id='block_1_1' title="bbox 537 306 647 368">
    <p class='ocr_par' dir='ltr' id='par_1_1' title="bbox 537 306 647 368">
     <span class='ocr_line' id='line_1_1' title="bbox 537 306 647 368; baseline 0.009 -2"><span class='ocrx_word' id='word_1_1' title='bbox 537 306 647 368; x_wconf 78' lang='grc'><strong>18⁷1</strong></span> 
     </span>
    </p>
   </div>
   <div class='ocr_carea' id='block_1_2' title="bbox 1480 309 2768 368">
    <p class='ocr_par' dir='ltr' id='par_1_2' title="bbox 1480 309 2768 368">
     <span class='ocr_line' id='line_1_2' title="bbox 1480 309 2768 368; baseline 0 -2"><span class='ocrx_word' id='word_1_2' title='bbox 1480 311 1538 366; x_wconf 91' lang='lat' dir='ltr'><strong>S.</strong></span> <span class='ocrx_word' id='word_1_3' title='bbox 1583 309 1913 367; x_wconf 80' lang='lat' dir='ltr'><strong>METHODII</strong></span> <span class='ocrx_word' id='word_1_4' title='bbox 1952 310 2262 368; x_wconf 81' lang='lat' dir='ltr'><strong>EPISCOPI</strong></span> <span class='ocrx_word' id='word_1_5' title='bbox 2288 312 2376 368; x_wconf 84' lang='lat' dir='ltr'><strong>ET</strong></span> <span class='ocrx_word' id='word_1_6' title='bbox 2412 310 2768 367; x_wconf 81' lang='lat' dir='ltr'><strong>MARTYRIS</strong></span> 
     </span>
    </p>
   </div>
   <div class='ocr_carea' id='block_1_3' title="bbox 3715 302 3816 356">
    <p class='ocr_par' dir='ltr' id='par_1_3' title="bbox 3715 302 3816 356">
     <span class='ocr_line' id='line_1_3' title="bbox 3715 302 3816 356; baseline 0.02 -2"><span class='ocrx_word' id='word_1_7' title='bbox 3715 302 3816 356; x_wconf 73' lang='grc'><strong>188</strong></span> 
     </span>
    </p>
   </div>
   <div class='ocr_carea' id='block_1_4' title="bbox 539 416 2126 507">
    <p class='ocr_par' dir='ltr' id='par_1_4' title="bbox 539 426 2106 505">
     <span class='ocr_line' id='line_1_4' title="bbox 539 426 2106 505; baseline 0.003 -20"><span class='ocrx_word' id='word_1_8' title='bbox 539 426 637 485; x_wconf 79' lang='lat' dir='ltr'><strong>bet</strong></span> <span class='ocrx_word' id='word_1_9' title='bbox 658 428 860 495; x_wconf 81' lang='lat' dir='ltr'><strong>aﬂ&#39;erri,</strong></span> <span class='ocrx_word' id='word_1_10' title='bbox 886 430 1027 501; x_wconf 88' lang='lat' dir='ltr'><strong>quod</strong></span> <span class='ocrx_word' id='word_1_11' title='bbox 1048 445 1241 502; x_wconf 85' lang='lat' dir='ltr'><strong>nempe</strong></span> <span class='ocrx_word' id='word_1_12' title='bbox 1270 432 1437 487; x_wconf 88' lang='lat' dir='ltr'><strong>arbor</strong></span> <span class='ocrx_word' id='word_1_13' title='bbox 1466 432 1582 487; x_wconf 66' lang='lat' dir='ltr'><strong>haec</strong></span> <span class='ocrx_word' id='word_1_14' title='bbox 1613 434 1733 505; x_wconf 92' lang='lat' dir='ltr'><strong>ipso</strong></span> <span class='ocrx_word' id='word_1_15' title='bbox 1760 437 1981 490; x_wconf 86' lang='lat' dir='ltr'><strong>nomine</strong></span> <span class='ocrx_word' id='word_1_16' title='bbox 2012 450 2106 490; x_wconf 93' lang='lat' dir='ltr'><strong>ca-</strong></span> 
     </span>
    </p>
   </div>
   <div class='ocr_carea' id='block_1_5' title="bbox 2230 416 3812 507">
    <p class='ocr_par' dir='ltr' id='par_1_5' title="bbox 2230 416 3812 507">
     <span class='ocr_line' id='line_1_5' title="bbox 2230 416 3812 507; baseline -0.006 -19"><span class='ocrx_word' id='word_1_17' title='bbox 2230 435 2297 489; x_wconf 76' lang='grc' dir='ltr'>ῑιά</span> <span class='ocrx_word' id='word_1_18' title='bbox 2337 436 2397 489; x_wconf 87' lang='grc' dir='ltr'>τὺ</span> <span class='ocrx_word' id='word_1_19' title='bbox 2430 434 2748 507; x_wconf 81' lang='grc' dir='ltr'>φερώνυμον</span> <span class='ocrx_word' id='word_1_20' title='bbox 2778 427 2917 486; x_wconf 76' lang='grc' dir='ltr'>εἶναι</span> <span class='ocrx_word' id='word_1_21' title='bbox 2960 431 3019 485; x_wconf 87' lang='grc' dir='ltr'>τὺ</span> <span class='ocrx_word' id='word_1_22' title='bbox 3049 428 3265 500; x_wconf 82' lang='grc' dir='ltr'><strong>δένδρον</strong></span> <span class='ocrx_word' id='word_1_23' title='bbox 3307 425 3416 495; x_wconf 81' lang='grc' dir='ltr'>τῆς</span> <span class='ocrx_word' id='word_1_24' title='bbox 3454 421 3729 491; x_wconf 69' lang='grc' dir='ltr'>ἁγνείας.</span> <span class='ocrx_word' id='word_1_25' title='bbox 3774 416 3812 489; x_wconf 70' lang='grc' dir='ltr'>ᾧ</span> 
     </span>
    </p>
   </div>
   <div class='ocr_carea' id='block_1_6' title="bbox 545 519 2111 592">
    <p class='ocr_par' dir='ltr' id='par_1_6' title="bbox 545 519 2111 592">
     <span class='ocr_line' id='line_1_6' title="bbox 545 519 2111 592; baseline 0.004 -17"><span class='ocrx_word' id='word_1_26' title='bbox 545 520 857 575; x_wconf 85' lang='lat' dir='ltr'><strong>stimoniam</strong></span> <span class='ocrx_word' id='word_1_27' title='bbox 918 519 1152 589; x_wconf 76' lang='lat' dir='ltr'><strong>referat;</strong></span> <span class='ocrx_word' id='word_1_28' title='bbox 1214 521 1376 592; x_wconf 87' lang='lat' dir='ltr'><strong>cujus</strong></span> <span class='ocrx_word' id='word_1_29' title='bbox 1424 530 1892 580; x_wconf 75' lang='lat' dir='ltr'><strong>auctoramentum</strong></span> <span class='ocrx_word' id='word_1_30' title='bbox 1948 525 2111 581; x_wconf 90' lang='lat' dir='ltr'><strong>dictis</strong></span> 
     </span>
    </p>
   </div>
   <div class='ocr_carea' id='block_1_7' title="bbox 545 612 2112 689">
    <p class='ocr_par' dir='ltr' id='par_1_7' title="bbox 545 612 2112 689">
     <span class='ocr_line' id='line_1_7' title="bbox 545 612 2112 689; baseline 0.005 -23"><span class='ocrx_word' id='word_1_31' title='bbox 545 612 771 683; x_wconf 85' lang='lat' dir='ltr'><strong>reliquis</strong></span> <span class='ocrx_word' id='word_1_32' title='bbox 808 621 1185 667; x_wconf 86' lang='lat' dir='ltr'><strong>ornamentum</strong></span> <span class='ocrx_word' id='word_1_33' title='bbox 1215 628 1280 668; x_wconf 90' lang='lat' dir='ltr'><strong>ac</strong></span> <span class='ocrx_word' id='word_1_34' title='bbox 1308 613 1472 671; x_wconf 89' lang='lat' dir='ltr'><strong>decus</strong></span> <span class='ocrx_word' id='word_1_35' title='bbox 1514 624 1752 686; x_wconf 77' lang='lat' dir='ltr'><strong>praestat.</strong></span> <span class='ocrx_word' id='word_1_36' title='bbox 1812 616 1953 672; x_wconf 90' lang='lat' dir='ltr'><strong>Eant</strong></span> <span class='ocrx_word' id='word_1_37' title='bbox 1998 618 2112 689; x_wconf 88' lang='lat' dir='ltr'><strong>jam</strong></span> 
     </span>
    </p>
   </div>
   <div class='ocr_carea' id='block_1_8' title="bbox 544 704 2115 781">
    <p class='ocr_par' dir='ltr' id='par_1_8' title="bbox 544 704 2115 781">
     <span class='ocr_line' id='line_1_8' title="bbox 544 704 2115 781; baseline 0.005 -23"><span class='ocrx_word' id='word_1_38' title='bbox 544 704 732 761; x_wconf 85' lang='lat' dir='ltr'><strong>lascivi</strong></span> <span class='ocrx_word' id='word_1_39' title='bbox 754 705 867 774; x_wconf 90' lang='lat' dir='ltr'><strong>qui,</strong></span> <span class='ocrx_word' id='word_1_40' title='bbox 893 720 1118 760; x_wconf 92' lang='lat' dir='ltr'><strong>suarum</strong></span> <span class='ocrx_word' id='word_1_41' title='bbox 1165 705 1446 761; x_wconf 84' lang='lat' dir='ltr'><strong>libidinum</strong></span> <span class='ocrx_word' id='word_1_42' title='bbox 1496 709 1641 764; x_wconf 72' lang='lat' dir='ltr'><strong>{teda</strong></span> <span class='ocrx_word' id='word_1_43' title='bbox 1685 710 1992 781; x_wconf 91' lang='lat' dir='ltr'><strong>mancipia,</strong></span> <span class='ocrx_word' id='word_1_44' title='bbox 2022 727 2115 766; x_wconf 82' lang='lat' dir='ltr'><strong>ca-</strong></span> 
     </span>
    </p>
   </div>
   <div class='ocr_carea' id='block_1_9' title="bbox 547 797 2115 868">
    <p class='ocr_par' dir='ltr' id='par_1_9' title="bbox 547 797 2115 868">
     <span class='ocr_line' id='line_1_9' title="bbox 547 797 2115 868; baseline 0.004 -14"><span class='ocrx_word' id='word_1_45' title='bbox 547 798 785 854; x_wconf 87' lang='lat' dir='ltr'><strong>stitatem</strong></span> <span class='ocrx_word' id='word_1_46' title='bbox 808 797 1084 868; x_wconf 88' lang='lat' dir='ltr'><strong>rejiciunt.</strong></span> <span class='ocrx_word' id='word_1_47' title='bbox 1118 800 1221 865; x_wconf 85' lang='lat' dir='ltr'><strong>Qui</strong></span> <span class='ocrx_word' id='word_1_48' title='bbox 1250 801 1392 855; x_wconf 91' lang='lat' dir='ltr'><strong>enim</strong></span> <span class='ocrx_word' id='word_1_49' title='bbox 1417 801 1507 854; x_wconf 81' lang='lat' dir='ltr'><strong>ﬁat</strong></span> <span class='ocrx_word' id='word_1_50' title='bbox 1543 808 1601 855; x_wconf 88' lang='lat' dir='ltr'><strong>ut</strong></span> <span class='ocrx_word' id='word_1_51' title='bbox 1627 816 1753 856; x_wconf 90' lang='lat' dir='ltr'><strong>cum</strong></span> <span class='ocrx_word' id='word_1_52' title='bbox 1783 801 2005 858; x_wconf 88' lang='lat' dir='ltr'><strong>Christo</strong></span> <span class='ocrx_word' id='word_1_53' title='bbox 2044 805 2115 860; x_wconf 91' lang='lat' dir='ltr'><strong>ad</strong></span> 
     </span>
    </p>
   </div>
   <div class='ocr_carea' id='block_1_10' title="bbox 545 889 2113 968">
    <p class='ocr_par' dir='ltr' id='par_1_10' title="bbox 545 889 2113 968">
     <span class='ocr_line' id='line_1_10' title="bbox 545 889 2113 968; baseline 0.006 -24"><span class='ocrx_word' id='word_1_54' title='bbox 545 890 742 946; x_wconf 79' lang='lat' dir='ltr'><strong>festum</strong></span> <span class='ocrx_word' id='word_1_55' title='bbox 771 889 1180 963; x_wconf 77' lang='lat' dir='ltr'><strong>ingrediantur,</strong></span> <span class='ocrx_word' id='word_1_56' title='bbox 1237 893 1328 963; x_wconf 89' lang='lat' dir='ltr'><strong>qui</strong></span> <span class='ocrx_word' id='word_1_57' title='bbox 1365 894 1637 949; x_wconf 85' lang='lat' dir='ltr'><strong>castitatis</strong></span> <span class='ocrx_word' id='word_1_58' title='bbox 1677 896 1847 952; x_wconf 90' lang='lat' dir='ltr'><strong>ramis</strong></span> <span class='ocrx_word' id='word_1_59' title='bbox 1901 896 2113 968; x_wconf 83' lang='lat' dir='ltr'><strong>(deiﬁca</strong></span> 
     </span>
    </p>
   </div>
   <div class='ocr_carea' id='block_1_11' title="bbox 545 980 2115 1056">
    <p class='ocr_par' dir='ltr' id='par_1_11' title="bbox 545 980 2115 1056">
     <span class='ocr_line' id='line_1_11' title="bbox 545 980 2115 1056; baseline 0.006 -21"><span class='ocrx_word' id='word_1_60' title='bbox 545 980 637 1036; x_wconf 92' lang='lat' dir='ltr'><strong>illa</strong></span> <span class='ocrx_word' id='word_1_61' title='bbox 671 981 936 1052; x_wconf 88' lang='lat' dir='ltr'><strong>beataque</strong></span> <span class='ocrx_word' id='word_1_62' title='bbox 984 984 1202 1056; x_wconf 89' lang='lat' dir='ltr'><strong>arbore)</strong></span> <span class='ocrx_word' id='word_1_63' title='bbox 1237 984 1651 1041; x_wconf 86' lang='lat' dir='ltr'><strong>tabernaculum</strong></span> <span class='ocrx_word' id='word_1_64' title='bbox 1697 1003 1855 1043; x_wconf 90' lang='lat' dir='ltr'><strong>suum</strong></span> <span class='ocrx_word' id='word_1_65' title='bbox 1882 1004 1991 1043; x_wconf 90' lang='lat' dir='ltr'><strong>non</strong></span> <span class='ocrx_word' id='word_1_66' title='bbox 2025 1004 2115 1043; x_wconf 87' lang='lat' dir='ltr'><strong>or-</strong></span> 
     </span>
    </p>
   </div>
   <div class='ocr_carea' id='block_1_12' title="bbox 544 1073 2118 1146">
    <p class='ocr_par' dir='ltr' id='par_1_12' title="bbox 544 1073 2118 1146">
     <span class='ocr_line' id='line_1_12' title="bbox 544 1073 2118 1146; baseline 0.005 -19"><span class='ocrx_word' id='word_1_67' title='bbox 544 1073 831 1128; x_wconf 84' lang='lat' dir='ltr'><strong>naverint?</strong></span> <span class='ocrx_word' id='word_1_68' title='bbox 858 1090 964 1146; x_wconf 89' lang='lat' dir='ltr'><strong>qua</strong></span> <span class='ocrx_word' id='word_1_69' title='bbox 992 1091 1184 1132; x_wconf 89' lang='lat' dir='ltr'><strong>omnes</strong></span> <span class='ocrx_word' id='word_1_70' title='bbox 1216 1076 1540 1133; x_wconf 82' lang='lat' dir='ltr'><strong>festinantes</strong></span> <span class='ocrx_word' id='word_1_71' title='bbox 1585 1079 1651 1134; x_wconf 90' lang='lat' dir='ltr'><strong>ad</strong></span> <span class='ocrx_word' id='word_1_72' title='bbox 1692 1080 1838 1134; x_wconf 89' lang='lat' dir='ltr'><strong>illam</strong></span> <span class='ocrx_word' id='word_1_73' title='bbox 1895 1081 2118 1137; x_wconf 84' lang='lat' dir='ltr'><strong>celebri-</strong></span> 
     </span>
    </p>
   </div>
   <div class='ocr_carea' id='block_1_13' title="bbox 545 1167 2116 1242">
    <p class='ocr_par' dir='ltr' id='par_1_13' title="bbox 545 1167 2116 1242">
     <span class='ocr_line' id='line_1_13' title="bbox 545 1167 2116 1242; baseline 0.007 -24"><span class='ocrx_word' id='word_1_74' title='bbox 545 1172 710 1219; x_wconf 88' lang='lat' dir='ltr'><strong>tatem</strong></span> <span class='ocrx_word' id='word_1_75' title='bbox 743 1180 807 1220; x_wconf 89' lang='lat' dir='ltr'><strong>ac</strong></span> <span class='ocrx_word' id='word_1_76' title='bbox 849 1167 1091 1237; x_wconf 89' lang='lat' dir='ltr'><strong>nuptiale</strong></span> <span class='ocrx_word' id='word_1_77' title='bbox 1133 1168 1443 1223; x_wconf 80' lang='lat' dir='ltr'><strong>convivium</strong></span> <span class='ocrx_word' id='word_1_78' title='bbox 1496 1171 1738 1241; x_wconf 87' lang='lat' dir='ltr'><strong>succingi</strong></span> <span class='ocrx_word' id='word_1_79' title='bbox 1784 1180 1997 1242; x_wconf 90' lang='lat' dir='ltr'><strong>oportet</strong></span> <span class='ocrx_word' id='word_1_80' title='bbox 2052 1188 2116 1229; x_wconf 92' lang='lat' dir='ltr'><strong>ac</strong></span> 
     </span>
    </p>
   </div>
   <div class='ocr_carea' id='block_1_14' title="bbox 545 1256 2113 1336">
    <p class='ocr_par' dir='ltr' id='par_1_14' title="bbox 545 1256 2113 1336">
     <span class='ocr_line' id='line_1_14' title="bbox 545 1256 2113 1336; baseline 0.007 -26"><span class='ocrx_word' id='word_1_81' title='bbox 545 1256 764 1312; x_wconf 88' lang='lat' dir='ltr'><strong>lumbos</strong></span> <span class='ocrx_word' id='word_1_82' title='bbox 787 1256 1132 1314; x_wconf 85' lang='lat' dir='ltr'><strong>obumbrare.</strong></span> <span class='ocrx_word' id='word_1_83' title='bbox 1184 1258 1341 1329; x_wconf 82' lang='lat' dir='ltr'><strong>Agite</strong></span> <span class='ocrx_word' id='word_1_84' title='bbox 1372 1260 1538 1324; x_wconf 84' lang='lat' dir='ltr'><strong>enim,</strong></span> <span class='ocrx_word' id='word_1_85' title='bbox 1567 1261 1808 1332; x_wconf 66' lang='lat' dir='ltr'><strong>pulchrae</strong></span> <span class='ocrx_word' id='word_1_86' title='bbox 1836 1264 2074 1336; x_wconf 81' lang='lat' dir='ltr'><strong>virgines</strong></span> <span class='ocrx_word' id='word_1_87' title='bbox 2098 1304 2113 1330; x_wconf 89' lang='lat'><strong>,</strong></span> 
     </span>
    </p>
   </div>
   <div class='ocr_carea' id='block_1_15' title="bbox 548 1345 2117 1427">
    <p class='ocr_par' dir='ltr' id='par_1_15' title="bbox 548 1345 2117 1427">
     <span class='ocr_line' id='line_1_15' title="bbox 548 1345 2117 1427; baseline 0.008 -26"><span class='ocrx_word' id='word_1_88' title='bbox 548 1345 891 1419; x_wconf 90' lang='lat' dir='ltr'><strong>Scripturam</strong></span> <span class='ocrx_word' id='word_1_89' title='bbox 920 1348 1097 1419; x_wconf 89' lang='lat' dir='ltr'><strong>ipsam</strong></span> <span class='ocrx_word' id='word_1_90' title='bbox 1141 1356 1194 1404; x_wconf 88' lang='lat' dir='ltr'><strong>et</strong></span> <span class='ocrx_word' id='word_1_91' title='bbox 1227 1351 1476 1405; x_wconf 89' lang='lat' dir='ltr'><strong>mandata</strong></span> <span class='ocrx_word' id='word_1_92' title='bbox 1496 1353 1865 1423; x_wconf 89' lang='lat' dir='ltr'><strong>considerate;</strong></span> <span class='ocrx_word' id='word_1_93' title='bbox 1894 1373 2000 1427; x_wconf 90' lang='lat' dir='ltr'><strong>qua</strong></span> <span class='ocrx_word' id='word_1_94' title='bbox 2029 1374 2117 1414; x_wconf 91' lang='lat' dir='ltr'><strong>ra-</strong></span> 
     </span>
    </p>
   </div>
   <div class='ocr_carea' id='block_1_16' title="bbox 545 1438 2117 1512">
    <p class='ocr_par' dir='ltr' id='par_1_16' title="bbox 545 1438 2117 1512">
     <span class='ocr_line' id='line_1_16' title="bbox 545 1438 2117 1512; baseline 0.01 -20"><span class='ocrx_word' id='word_1_95' title='bbox 545 1438 699 1496; x_wconf 82' lang='lat' dir='ltr'><strong>tione</strong></span> <span class='ocrx_word' id='word_1_96' title='bbox 716 1440 787 1495; x_wconf 87' lang='lat' dir='ltr'><strong>ad</strong></span> <span class='ocrx_word' id='word_1_97' title='bbox 809 1455 995 1495; x_wconf 89' lang='lat' dir='ltr'><strong>earum</strong></span> <span class='ocrx_word' id='word_1_98' title='bbox 1019 1457 1141 1512; x_wconf 85' lang='lat' dir='ltr'><strong>quae</strong></span> <span class='ocrx_word' id='word_1_99' title='bbox 1168 1441 1325 1497; x_wconf 75' lang='lat' dir='ltr'><strong>dicta:</strong></span> <span class='ocrx_word' id='word_1_100' title='bbox 1353 1451 1481 1498; x_wconf 93' lang='lat' dir='ltr'><strong>sunt</strong></span> <span class='ocrx_word' id='word_1_101' title='bbox 1504 1445 1767 1501; x_wconf 86' lang='lat' dir='ltr'><strong>virtutum</strong></span> <span class='ocrx_word' id='word_1_102' title='bbox 1789 1447 2117 1506; x_wconf 69' lang='lat' dir='ltr'><strong>ofﬁciorum-</strong></span> 
     </span>
    </p>
   </div>
   <div class='ocr_carea' id='block_1_17' title="bbox 548 1536 2118 1605">
    <p class='ocr_par' dir='ltr' id='par_1_17' title="bbox 548 1536 2118 1605">
     <span class='ocr_line' id='line_1_17' title="bbox 548 1536 2118 1605; baseline 0.008 -16"><span class='ocrx_word' id='word_1_103' title='bbox 548 1550 661 1605; x_wconf 90' lang='lat' dir='ltr'><strong>que</strong></span> <span class='ocrx_word' id='word_1_104' title='bbox 690 1536 1027 1601; x_wconf 91' lang='lat' dir='ltr'><strong>coronidem,</strong></span> <span class='ocrx_word' id='word_1_105' title='bbox 1061 1537 1367 1593; x_wconf 83' lang='lat' dir='ltr'><strong>castitatem</strong></span> <span class='ocrx_word' id='word_1_106' title='bbox 1411 1538 1629 1596; x_wconf 90' lang='lat' dir='ltr'><strong>divinus</strong></span> <span class='ocrx_word' id='word_1_107' title='bbox 1674 1557 1855 1598; x_wconf 87' lang='lat' dir='ltr'><strong>sermo</strong></span> <span class='ocrx_word' id='word_1_108' title='bbox 1906 1559 2118 1601; x_wconf 90' lang='lat' dir='ltr'><strong>assum-</strong></span> 
     </span>
    </p>
   </div>
   <div class='ocr_carea' id='block_1_18' title="bbox 549 1629 2115 1704">
    <p class='ocr_par' dir='ltr' id='par_1_18' title="bbox 549 1629 2115 1704">
     <span class='ocr_line' id='line_1_18' title="bbox 549 1629 2115 1704; baseline 0.005 -18"><span class='ocrx_word' id='word_1_109' title='bbox 549 1631 745 1704; x_wconf 89' lang='lat' dir='ltr'><strong>pscrit,</strong></span> <span class='ocrx_word' id='word_1_110' title='bbox 781 1629 1071 1686; x_wconf 89' lang='lat' dir='ltr'><strong>ostendens</strong></span> <span class='ocrx_word' id='word_1_111' title='bbox 1101 1645 1264 1700; x_wconf 91' lang='lat' dir='ltr'><strong>quam</strong></span> <span class='ocrx_word' id='word_1_112' title='bbox 1294 1631 1384 1685; x_wconf 88' lang='lat' dir='ltr'><strong>illa</strong></span> <span class='ocrx_word' id='word_1_113' title='bbox 1413 1632 1603 1689; x_wconf 90' lang='lat' dir='ltr'><strong>deceat</strong></span> <span class='ocrx_word' id='word_1_114' title='bbox 1618 1639 2075 1694; x_wconf 88' lang='lat' dir='ltr'><strong>resurrectionem</strong></span> <span class='ocrx_word' id='word_1_115' title='bbox 2099 1679 2115 1704; x_wconf 95' lang='lat'><strong>,</strong></span> 
     </span>
    </p>
   </div>
   <div class='ocr_carea' id='block_1_19' title="bbox 551 1721 2117 1796">
    <p class='ocr_par' dir='ltr' id='par_1_19' title="bbox 551 1721 2117 1796">
     <span class='ocr_line' id='line_1_19' title="bbox 551 1721 2117 1796; baseline 0.004 -18"><span class='ocrx_word' id='word_1_116' title='bbox 551 1737 828 1796; x_wconf 87' lang='lat' dir='ltr'><strong>quamque</strong></span> <span class='ocrx_word' id='word_1_117' title='bbox 849 1721 914 1777; x_wconf 92' lang='lat' dir='ltr'><strong>ad</strong></span> <span class='ocrx_word' id='word_1_118' title='bbox 937 1722 1083 1775; x_wconf 89' lang='lat' dir='ltr'><strong>illam</strong></span> <span class='ocrx_word' id='word_1_119' title='bbox 1116 1721 1423 1792; x_wconf 80' lang='lat' dir='ltr'><strong>expetibilis</strong></span> <span class='ocrx_word' id='word_1_120' title='bbox 1450 1725 1521 1779; x_wconf 86' lang='lat' dir='ltr'><strong>sit</strong></span> <span class='ocrx_word' id='word_1_121' title='bbox 1547 1743 1560 1779; x_wconf 91' lang='lat'><strong>:</strong></span> <span class='ocrx_word' id='word_1_122' title='bbox 1590 1741 1655 1781; x_wconf 88' lang='lat' dir='ltr'><strong>ac</strong></span> <span class='ocrx_word' id='word_1_123' title='bbox 1686 1728 1803 1783; x_wconf 88' lang='lat' dir='ltr'><strong>sine</strong></span> <span class='ocrx_word' id='word_1_124' title='bbox 1827 1728 1919 1783; x_wconf 90' lang='lat' dir='ltr'><strong>illa</strong></span> <span class='ocrx_word' id='word_1_125' title='bbox 1943 1729 2117 1787; x_wconf 91' lang='lat' dir='ltr'><strong>nemi-</strong></span> 
     </span>
    </p>
   </div>
   <div class='ocr_carea' id='block_1_20' title="bbox 553 1813 2118 1891">
    <p class='ocr_par' dir='ltr' id='par_1_20' title="bbox 553 1813 2118 1891">
     <span class='ocr_line' id='line_1_20' title="bbox 553 1813 2118 1891; baseline 0.003 -19"><span class='ocrx_word' id='word_1_126' title='bbox 553 1831 680 1872; x_wconf 91' lang='lat' dir='ltr'><strong>nem</strong></span> <span class='ocrx_word' id='word_1_127' title='bbox 718 1821 1021 1886; x_wconf 91' lang='lat' dir='ltr'><strong>compotem</strong></span> <span class='ocrx_word' id='word_1_128' title='bbox 1066 1813 1205 1869; x_wconf 85' lang='lat' dir='ltr'><strong>forte</strong></span> <span class='ocrx_word' id='word_1_129' title='bbox 1236 1816 1661 1885; x_wconf 88' lang='lat' dir='ltr'><strong>promissionum</strong></span> <span class='ocrx_word' id='word_1_130' title='bbox 1690 1839 1703 1875; x_wconf 91' lang='lat'>:</span> <span class='ocrx_word' id='word_1_131' title='bbox 1733 1835 1895 1891; x_wconf 90' lang='lat' dir='ltr'><strong>quam</strong></span> <span class='ocrx_word' id='word_1_132' title='bbox 1923 1821 2118 1876; x_wconf 85' lang='lat' dir='ltr'><strong>eximie</strong></span> 
     </span>
    </p>
   </div>
   <div class='ocr_carea' id='block_1_21' title="bbox 551 1908 2116 1986">
    <p class='ocr_par' dir='ltr' id='par_1_21' title="bbox 551 1908 2116 1986">
     <span class='ocr_line' id='line_1_21' title="bbox 551 1908 2116 1986; baseline 0.007 -24"><span class='ocrx_word' id='word_1_133' title='bbox 551 1908 786 1964; x_wconf 87' lang='lat' dir='ltr'><strong>colimus</strong></span> <span class='ocrx_word' id='word_1_134' title='bbox 829 1924 934 1966; x_wconf 91' lang='lat' dir='ltr'><strong>nos</strong></span> <span class='ocrx_word' id='word_1_135' title='bbox 981 1911 1348 1982; x_wconf 79' lang='lat' dir='ltr'><strong>virginitatem</strong></span> <span class='ocrx_word' id='word_1_136' title='bbox 1406 1914 1703 1986; x_wconf 72' lang='lat' dir='ltr'><strong>professae,</strong></span> <span class='ocrx_word' id='word_1_137' title='bbox 1735 1924 1789 1972; x_wconf 91' lang='lat' dir='ltr'><strong>et</strong></span> <span class='ocrx_word' id='word_1_138' title='bbox 1839 1916 2116 1973; x_wconf 76' lang='lat' dir='ltr'><strong>oﬂ‘erimus</strong></span> 
     </span>
    </p>
   </div>
   <div class='ocr_carea' id='block_1_22' title="bbox 551 1998 2119 2078">
    <p class='ocr_par' dir='ltr' id='par_1_22' title="bbox 551 1998 2119 2078">
     <span class='ocr_line' id='line_1_22' title="bbox 551 1998 2119 2078; baseline 0.006 -25"><span class='ocrx_word' id='word_1_139' title='bbox 551 1998 803 2062; x_wconf 86' lang='lat' dir='ltr'><strong>Domino.</strong></span> <span class='ocrx_word' id='word_1_140' title='bbox 840 2000 1113 2074; x_wconf 90' lang='lat' dir='ltr'><strong>Usurpant</strong></span> <span class='ocrx_word' id='word_1_141' title='bbox 1135 2020 1382 2076; x_wconf 86' lang='lat' dir='ltr'><strong>quoque,</strong></span> <span class='ocrx_word' id='word_1_142' title='bbox 1430 2007 1523 2078; x_wconf 90' lang='lat' dir='ltr'><strong>qui</strong></span> <span class='ocrx_word' id='word_1_143' title='bbox 1552 2024 1675 2063; x_wconf 91' lang='lat' dir='ltr'><strong>cum</strong></span> <span class='ocrx_word' id='word_1_144' title='bbox 1707 2009 1822 2065; x_wconf 90' lang='lat' dir='ltr'><strong>suis</strong></span> <span class='ocrx_word' id='word_1_145' title='bbox 1851 2009 2119 2064; x_wconf 84' lang='lat' dir='ltr'><strong>uxoribus</strong></span> 
     </span>
    </p>
   </div>
   <div class='ocr_carea' id='block_1_23' title="bbox 550 2095 2119 2172">
    <p class='ocr_par' dir='ltr' id='par_1_23' title="bbox 550 2095 2119 2172">
     <span class='ocr_line' id='line_1_23' title="bbox 550 2095 2119 2172; baseline 0.004 -23"><span class='ocrx_word' id='word_1_146' title='bbox 550 2101 703 2150; x_wconf 88' lang='lat' dir='ltr'><strong>caste</strong></span> <span class='ocrx_word' id='word_1_147' title='bbox 730 2095 939 2160; x_wconf 82' lang='lat' dir='ltr'><strong>vivunt,</strong></span> <span class='ocrx_word' id='word_1_148' title='bbox 968 2104 1022 2151; x_wconf 90' lang='lat' dir='ltr'><strong>et</strong></span> <span class='ocrx_word' id='word_1_149' title='bbox 1057 2099 1223 2152; x_wconf 88' lang='lat' dir='ltr'><strong>veluti</strong></span> <span class='ocrx_word' id='word_1_150' title='bbox 1249 2099 1392 2154; x_wconf 90' lang='lat' dir='ltr'><strong>circa</strong></span> <span class='ocrx_word' id='word_1_151' title='bbox 1422 2110 1697 2165; x_wconf 76' lang='lat' dir='ltr'><strong>truncum,</strong></span> <span class='ocrx_word' id='word_1_152' title='bbox 1739 2101 1970 2157; x_wconf 87' lang='lat' dir='ltr'><strong>humiles</strong></span> <span class='ocrx_word' id='word_1_153' title='bbox 1998 2101 2119 2172; x_wconf 85' lang='lat' dir='ltr'><strong>ejus</strong></span> 
     </span>
    </p>
   </div>
   <div class='ocr_carea' id='block_1_24' title="bbox 549 2187 2117 2259">
    <p class='ocr_par' dir='ltr' id='par_1_24' title="bbox 549 2187 2117 2259">
     <span class='ocr_line' id='line_1_24' title="bbox 549 2187 2117 2259; baseline 0.004 -16"><span class='ocrx_word' id='word_1_154' title='bbox 549 2187 803 2244; x_wconf 86' lang='lat' dir='ltr'><strong>castitate</strong></span> <span class='ocrx_word' id='word_1_155' title='bbox 830 2188 1069 2244; x_wconf 88' lang='lat' dir='ltr'><strong>nitentes</strong></span> <span class='ocrx_word' id='word_1_156' title='bbox 1101 2188 1285 2246; x_wconf 86' lang='lat' dir='ltr'><strong>ferunt</strong></span> <span class='ocrx_word' id='word_1_157' title='bbox 1310 2192 1560 2247; x_wconf 88' lang='lat' dir='ltr'><strong>surculos</strong></span> <span class='ocrx_word' id='word_1_158' title='bbox 1584 2231 1599 2257; x_wconf 96' lang='lat'><strong>,</strong></span> <span class='ocrx_word' id='word_1_159' title='bbox 1651 2192 1799 2247; x_wconf 89' lang='lat' dir='ltr'><strong>haud</strong></span> <span class='ocrx_word' id='word_1_160' title='bbox 1854 2194 2117 2259; x_wconf 88' lang='lat' dir='ltr'><strong>valentes,</strong></span> 
     </span>
    </p>
   </div>
   <div class='ocr_carea' id='block_1_25' title="bbox 549 2281 2121 2355">
    <p class='ocr_par' dir='ltr' id='par_1_25' title="bbox 549 2281 2121 2355">
     <span class='ocr_line' id='line_1_25' title="bbox 549 2281 2121 2355; baseline 0.003 -19"><span class='ocrx_word' id='word_1_161' title='bbox 549 2282 1007 2352; x_wconf 87' lang='lat' dir='ltr'><strong>quemadmodum</strong></span> <span class='ocrx_word' id='word_1_162' title='bbox 1059 2296 1180 2347; x_wconf 90' lang='lat' dir='ltr'><strong>nos,</strong></span> <span class='ocrx_word' id='word_1_163' title='bbox 1217 2281 1285 2335; x_wconf 90' lang='lat' dir='ltr'><strong>ad</strong></span> <span class='ocrx_word' id='word_1_164' title='bbox 1323 2284 1567 2338; x_wconf 82' lang='lat' dir='ltr'><strong>excelsos</strong></span> <span class='ocrx_word' id='word_1_165' title='bbox 1612 2298 1943 2355; x_wconf 90' lang='lat' dir='ltr'><strong>magnosque</strong></span> <span class='ocrx_word' id='word_1_166' title='bbox 1976 2285 2121 2341; x_wconf 89' lang='lat' dir='ltr'><strong>illius</strong></span> 
     </span>
    </p>
   </div>
   <div class='ocr_carea' id='block_1_26' title="bbox 551 2373 2121 2446">
    <p class='ocr_par' dir='ltr' id='par_1_26' title="bbox 551 2373 2121 2446">
     <span class='ocr_line' id='line_1_26' title="bbox 551 2373 2121 2446; baseline 0.003 -18"><span class='ocrx_word' id='word_1_167' title='bbox 551 2389 738 2429; x_wconf 85' lang='lat' dir='ltr'><strong>ramos</strong></span> <span class='ocrx_word' id='word_1_168' title='bbox 771 2373 1024 2436; x_wconf 83' lang='lat' dir='ltr'><strong>evadere,</strong></span> <span class='ocrx_word' id='word_1_169' title='bbox 1057 2388 1121 2428; x_wconf 88' lang='lat' dir='ltr'><strong>ac</strong></span> <span class='ocrx_word' id='word_1_170' title='bbox 1144 2374 1228 2428; x_wconf 86' lang='lat' dir='ltr'><strong>vel</strong></span> <span class='ocrx_word' id='word_1_171' title='bbox 1261 2389 1355 2429; x_wconf 91' lang='lat' dir='ltr'><strong>eos</strong></span> <span class='ocrx_word' id='word_1_172' title='bbox 1381 2376 1737 2446; x_wconf 88' lang='lat' dir='ltr'><strong>contingere:</strong></span> <span class='ocrx_word' id='word_1_173' title='bbox 1775 2379 1986 2435; x_wconf 86' lang='lat' dir='ltr'><strong>tametsi</strong></span> <span class='ocrx_word' id='word_1_174' title='bbox 2019 2379 2121 2432; x_wconf 90' lang='lat' dir='ltr'><strong>mi-</strong></span> 
     </span>
    </p>
   </div>
   <div class='ocr_carea' id='block_1_27' title="bbox 553 2464 2124 2535">
    <p class='ocr_par' dir='ltr' id='par_1_27' title="bbox 553 2464 2124 2535">
     <span class='ocr_line' id='line_1_27' title="bbox 553 2464 2124 2535; baseline 0.001 -14"><span class='ocrx_word' id='word_1_175' title='bbox 553 2479 720 2521; x_wconf 89' lang='lat' dir='ltr'><strong>nores</strong></span> <span class='ocrx_word' id='word_1_176' title='bbox 741 2506 757 2530; x_wconf 88' lang='lat'><strong>,</strong></span> <span class='ocrx_word' id='word_1_177' title='bbox 785 2473 838 2520; x_wconf 92' lang='lat' dir='ltr'><strong>et</strong></span> <span class='ocrx_word' id='word_1_178' title='bbox 860 2464 965 2535; x_wconf 88' lang='lat' dir='ltr'><strong>ipsi</strong></span> <span class='ocrx_word' id='word_1_179' title='bbox 990 2464 1224 2520; x_wconf 78' lang='lat' dir='ltr'><strong>ollerunt</strong></span> <span class='ocrx_word' id='word_1_180' title='bbox 1254 2464 1524 2520; x_wconf 85' lang='lat' dir='ltr'><strong>castitatis</strong></span> <span class='ocrx_word' id='word_1_181' title='bbox 1566 2466 1836 2522; x_wconf 90' lang='lat' dir='ltr'><strong>surculos.</strong></span> <span class='ocrx_word' id='word_1_182' title='bbox 1890 2468 1958 2521; x_wconf 83' lang='lat' dir='ltr'><strong>At</strong></span> <span class='ocrx_word' id='word_1_183' title='bbox 2000 2469 2124 2522; x_wconf 91' lang='lat' dir='ltr'><strong>libi-</strong></span> 
     </span>
    </p>
   </div>
   <div class='ocr_carea' id='block_1_28' title="bbox 557 2556 2125 2628">
    <p class='ocr_par' dir='ltr' id='par_1_28' title="bbox 557 2556 2125 2628">
     <span class='ocr_line' id='line_1_28' title="bbox 557 2556 2125 2628; baseline 0.002 -15"><span class='ocrx_word' id='word_1_184' title='bbox 557 2557 756 2622; x_wconf 88' lang='lat' dir='ltr'><strong>dinosi,</strong></span> <span class='ocrx_word' id='word_1_185' title='bbox 782 2558 955 2613; x_wconf 82' lang='lat' dir='ltr'><strong>eﬂ&#39;uso</strong></span> <span class='ocrx_word' id='word_1_186' title='bbox 1007 2558 1211 2627; x_wconf 89' lang='lat' dir='ltr'><strong>impetu</strong></span> <span class='ocrx_word' id='word_1_187' title='bbox 1242 2556 1584 2628; x_wconf 77' lang='lat' dir='ltr'><strong>indulgentes</strong></span> <span class='ocrx_word' id='word_1_188' title='bbox 1612 2559 1879 2625; x_wconf 71' lang='lat' dir='ltr'><strong>lascivias,</strong></span> <span class='ocrx_word' id='word_1_189' title='bbox 1909 2562 2125 2617; x_wconf 87' lang='lat' dir='ltr'><strong>etiamsi</strong></span> 
     </span>
    </p>
   </div>
   <div class='ocr_carea' id='block_1_29' title="bbox 556 2649 2123 2722">
    <p class='ocr_par' dir='ltr' id='par_1_29' title="bbox 556 2649 2123 2722">
     <span class='ocr_line' id='line_1_29' title="bbox 556 2649 2123 2722; baseline 0.001 -16"><span class='ocrx_word' id='word_1_190' title='bbox 556 2666 667 2706; x_wconf 92' lang='lat' dir='ltr'><strong>non</strong></span> <span class='ocrx_word' id='word_1_191' title='bbox 704 2649 1063 2716; x_wconf 80' lang='lat' dir='ltr'><strong>fornicentur,</strong></span> <span class='ocrx_word' id='word_1_192' title='bbox 1095 2650 1188 2706; x_wconf 90' lang='lat' dir='ltr'><strong>scd</strong></span> <span class='ocrx_word' id='word_1_193' title='bbox 1213 2649 1378 2705; x_wconf 90' lang='lat' dir='ltr'><strong>licitis</strong></span> <span class='ocrx_word' id='word_1_194' title='bbox 1406 2651 1622 2720; x_wconf 88' lang='lat' dir='ltr'><strong>quidem</strong></span> <span class='ocrx_word' id='word_1_195' title='bbox 1641 2652 1895 2722; x_wconf 69' lang='lat' dir='ltr'><strong>legitimae</strong></span> <span class='ocrx_word' id='word_1_196' title='bbox 1916 2655 2123 2717; x_wconf 82' lang='lat' dir='ltr'><strong>uxoris,</strong></span> 
     </span>
    </p>
   </div>
   <div class='ocr_carea' id='block_1_30' title="bbox 558 2741 2127 2816">
    <p class='ocr_par' dir='ltr' id='par_1_30' title="bbox 558 2741 2127 2816">
     <span class='ocr_line' id='line_1_30' title="bbox 558 2741 2127 2816; baseline 0.004 -20"><span class='ocrx_word' id='word_1_197' title='bbox 558 2741 838 2797; x_wconf 60' lang='lat' dir='ltr'><strong>indomita;</strong></span> <span class='ocrx_word' id='word_1_198' title='bbox 880 2752 1057 2797; x_wconf 89' lang='lat' dir='ltr'><strong>tamen</strong></span> <span class='ocrx_word' id='word_1_199' title='bbox 1085 2745 1538 2815; x_wconf 75' lang='lat' dir='ltr'><strong>concupiscentia:</strong></span> <span class='ocrx_word' id='word_1_200' title='bbox 1582 2756 1753 2807; x_wconf 70' lang='lat' dir='ltr'><strong>aasw,</strong></span> <span class='ocrx_word' id='word_1_201' title='bbox 1790 2745 2127 2816; x_wconf 79' lang='lat' dir='ltr'><strong>amplexibus</strong></span> 
     </span>
    </p>
   </div>
   <div class='ocr_carea' id='block_1_31' title="bbox 558 2831 2127 2907">
    <p class='ocr_par' dir='ltr' id='par_1_31' title="bbox 558 2831 2127 2907">
     <span class='ocr_line' id='line_1_31' title="bbox 558 2831 2127 2907; baseline 0.003 -21"><span class='ocrx_word' id='word_1_202' title='bbox 558 2831 797 2888; x_wconf 84' lang='lat' dir='ltr'><strong>assidui:</strong></span> <span class='ocrx_word' id='word_1_203' title='bbox 834 2834 1108 2903; x_wconf 83' lang='lat' dir='ltr'><strong>quomodo</strong></span> <span class='ocrx_word' id='word_1_204' title='bbox 1136 2833 1278 2890; x_wconf 90' lang='lat' dir='ltr'><strong>dicm</strong></span> <span class='ocrx_word' id='word_1_205' title='bbox 1296 2834 1492 2890; x_wconf 84' lang='lat' dir='ltr'><strong>festum</strong></span> <span class='ocrx_word' id='word_1_206' title='bbox 1521 2835 1712 2907; x_wconf 86' lang='lat' dir='ltr'><strong>agent?</strong></span> <span class='ocrx_word' id='word_1_207' title='bbox 1736 2836 2008 2906; x_wconf 90' lang='lat' dir='ltr'><strong>quomodo</strong></span> <span class='ocrx_word' id='word_1_208' title='bbox 2034 2837 2127 2890; x_wconf 71' lang='lat' dir='ltr'><strong>lae-</strong></span> 
     </span>
    </p>
   </div>
   <div class='ocr_carea' id='block_1_32' title="bbox 556 2922 2128 2994">
    <p class='ocr_par' dir='ltr' id='par_1_32' title="bbox 556 2922 2128 2994">
     <span class='ocr_line' id='line_1_32' title="bbox 556 2922 2128 2994; baseline 0.002 -17"><span class='ocrx_word' id='word_1_209' title='bbox 556 2922 859 2978; x_wconf 84' lang='lat' dir='ltr'><strong>tabuntur?</strong></span> <span class='ocrx_word' id='word_1_210' title='bbox 899 2925 995 2994; x_wconf 90' lang='lat' dir='ltr'><strong>qui</strong></span> <span class='ocrx_word' id='word_1_211' title='bbox 1024 2925 1436 2982; x_wconf 89' lang='lat' dir='ltr'><strong>tabernaculum</strong></span> <span class='ocrx_word' id='word_1_212' title='bbox 1477 2942 1657 2993; x_wconf 90' lang='lat' dir='ltr'><strong>suum,</strong></span> <span class='ocrx_word' id='word_1_213' title='bbox 1690 2926 1746 2981; x_wconf 92' lang='lat' dir='ltr'><strong>id</strong></span> <span class='ocrx_word' id='word_1_214' title='bbox 1778 2934 1884 2991; x_wconf 90' lang='lat' dir='ltr'><strong>est,</strong></span> <span class='ocrx_word' id='word_1_215' title='bbox 1910 2940 2128 2981; x_wconf 88' lang='lat' dir='ltr'><strong>carnem</strong></span> 
     </span>
    </p>
   </div>
   <div class='ocr_carea' id='block_1_33' title="bbox 563 3018 2130 3087">
    <p class='ocr_par' dir='ltr' id='par_1_33' title="bbox 563 3018 2130 3087">
     <span class='ocr_line' id='line_1_33' title="bbox 563 3018 2130 3087; baseline 0.002 -17"><span class='ocrx_word' id='word_1_216' title='bbox 563 3029 742 3079; x_wconf 85' lang='lat' dir='ltr'><strong>suam,</strong></span> <span class='ocrx_word' id='word_1_217' title='bbox 775 3030 900 3087; x_wconf 89' lang='lat' dir='ltr'><strong>agm</strong></span> <span class='ocrx_word' id='word_1_218' title='bbox 929 3019 1130 3083; x_wconf 90' lang='lat' dir='ltr'><strong>ramis,</strong></span> <span class='ocrx_word' id='word_1_219' title='bbox 1164 3019 1367 3075; x_wconf 87' lang='lat' dir='ltr'><strong>habitu</strong></span> <span class='ocrx_word' id='word_1_220' title='bbox 1406 3018 1613 3076; x_wconf 88' lang='lat' dir='ltr'><strong>scilicet</strong></span> <span class='ocrx_word' id='word_1_221' title='bbox 1663 3019 1969 3084; x_wconf 86' lang='lat' dir='ltr'><strong>castitatis,</strong></span> <span class='ocrx_word' id='word_1_222' title='bbox 2020 3034 2130 3074; x_wconf 91' lang='lat' dir='ltr'><strong>non</strong></span> 
     </span>
    </p>
   </div>
   <div class='ocr_carea' id='block_1_34' title="bbox 560 3109 2129 3182">
    <p class='ocr_par' dir='ltr' id='par_1_34' title="bbox 560 3109 2129 3182">
     <span class='ocr_line' id='line_1_34' title="bbox 560 3109 2129 3182; baseline 0.001 -19"><span class='ocrx_word' id='word_1_223' title='bbox 560 3109 986 3179; x_wconf 80' lang='lat' dir='ltr'><strong>exornaverint;</strong></span> <span class='ocrx_word' id='word_1_224' title='bbox 1019 3125 1195 3181; x_wconf 88' lang='lat' dir='ltr'><strong>neque</strong></span> <span class='ocrx_word' id='word_1_225' title='bbox 1240 3111 1511 3167; x_wconf 88' lang='lat' dir='ltr'><strong>audierint</strong></span> <span class='ocrx_word' id='word_1_226' title='bbox 1557 3118 1904 3176; x_wconf 88' lang='lat' dir='ltr'><strong>monentem,</strong></span> <span class='ocrx_word' id='word_1_227' title='bbox 1938 3121 1997 3165; x_wconf 88' lang='lat' dir='ltr'><strong>ut</strong></span> <span class='ocrx_word' id='word_1_228' title='bbox 2039 3111 2129 3182; x_wconf 82' lang='lat' dir='ltr'><strong>qui</strong></span> 
     </span>
    </p>
   </div>
   <div class='ocr_carea' id='block_1_35' title="bbox 562 3198 1916 3275">
    <p class='ocr_par' dir='ltr' id='par_1_35' title="bbox 562 3198 1916 3275">
     <span class='ocr_line' id='line_1_35' title="bbox 562 3198 1916 3275; baseline 0.006 -23"><span class='ocrx_word' id='word_1_229' title='bbox 562 3198 752 3255; x_wconf 79' lang='lat' dir='ltr'><strong>habent</strong></span> <span class='ocrx_word' id='word_1_230' title='bbox 772 3217 983 3272; x_wconf 73' lang='lat' dir='ltr'><strong>uxores,</strong></span> <span class='ocrx_word' id='word_1_231' title='bbox 1017 3212 1267 3275; x_wconf 80' lang='lat' dir='ltr'><strong>tanquam</strong></span> <span class='ocrx_word' id='word_1_232' title='bbox 1299 3219 1393 3259; x_wconf 73' lang='lat' dir='ltr'><strong>nos</strong></span> <span class='ocrx_word' id='word_1_233' title='bbox 1432 3202 1678 3260; x_wconf 76' lang='lat' dir='ltr'><strong>habentes</strong></span> <span class='ocrx_word' id='word_1_234' title='bbox 1708 3205 1814 3259; x_wconf 80' lang='lat' dir='ltr'><strong>sint</strong></span> <span class='ocrx_word' id='word_1_235' title='bbox 1849 3204 1916 3260; x_wconf 79' lang='grc'><strong>⁸⁸.</strong></span> 
     </span>
    </p>
   </div>
   <div class='ocr_carea' id='block_1_36' title="bbox 2214 516 3810 597">
    <p class='ocr_par' dir='ltr' id='par_1_36' title="bbox 2214 516 3810 597">
     <span class='ocr_line' id='line_1_36' title="bbox 2214 516 3810 597; baseline -0.008 -16"><span class='ocrx_word' id='word_1_236' title='bbox 2214 529 2638 597; x_wconf 86' lang='grc' dir='ltr'>κατακοσμεῖται</span> <span class='ocrx_word' id='word_1_237' title='bbox 2669 526 2736 579; x_wconf 88' lang='grc' dir='ltr'><strong>τά</strong></span> <span class='ocrx_word' id='word_1_238' title='bbox 2767 523 3154 597; x_wconf 81' lang='grc' dir='ltr'><strong>προειρημένα.</strong></span> <span class='ocrx_word' id='word_1_239' title='bbox 3196 518 3552 593; x_wconf 78' lang='grc' dir='ltr'>Ἐρρέτωσαν</span> <span class='ocrx_word' id='word_1_240' title='bbox 3592 516 3651 569; x_wconf 72' lang='grc' dir='ltr'>οἱ</span> <span class='ocrx_word' id='word_1_241' title='bbox 3680 517 3810 570; x_wconf 69' lang='grc' dir='ltr'>ἁκο-</span> 
     </span>
    </p>
   </div>
   <div class='ocr_carea' id='block_1_37' title="bbox 2214 608 3807 683">
    <p class='ocr_par' dir='ltr' id='par_1_37' title="bbox 2214 608 3807 683">
     <span class='ocr_line' id='line_1_37' title="bbox 2214 608 3807 683; baseline -0.008 -10"><span class='ocrx_word' id='word_1_242' title='bbox 2214 620 2589 683; x_wconf 88' lang='grc' dir='ltr'>λασταίνοντες</span> <span class='ocrx_word' id='word_1_243' title='bbox 2623 617 2746 683; x_wconf 81' lang='grc' dir='ltr'>νῦν,</span> <span class='ocrx_word' id='word_1_244' title='bbox 2797 618 2889 671; x_wconf 81' lang='grc' dir='ltr'><strong>καὶ</strong></span> <span class='ocrx_word' id='word_1_245' title='bbox 2924 614 3012 670; x_wconf 88' lang='grc' dir='ltr'>διὰ</span> <span class='ocrx_word' id='word_1_246' title='bbox 3048 615 3147 677; x_wconf 80' lang='grc' dir='ltr'>τὰς</span> <span class='ocrx_word' id='word_1_247' title='bbox 3186 611 3403 666; x_wconf 80' lang='grc' dir='ltr'>ἑαυτῶν</span> <span class='ocrx_word' id='word_1_248' title='bbox 3457 608 3807 681; x_wconf 69' lang='grc' dir='ltr'><strong>ἡδυπαθείας</strong></span> 
     </span>
    </p>
   </div>
   <div class='ocr_carea' id='block_1_38' title="bbox 2216 701 3802 781">
    <p class='ocr_par' dir='ltr' id='par_1_38' title="bbox 2216 701 3802 781">
     <span class='ocr_line' id='line_1_38' title="bbox 2216 701 3802 781; baseline -0.008 -16"><span class='ocrx_word' id='word_1_249' title='bbox 2216 712 2435 781; x_wconf 80' lang='grc' dir='ltr'>ἁγνείαν</span> <span class='ocrx_word' id='word_1_250' title='bbox 2490 709 2962 781; x_wconf 83' lang='grc' dir='ltr'>ἀποδιωθούμενοι.</span> <span class='ocrx_word' id='word_1_251' title='bbox 3013 706 3135 770; x_wconf 88' lang='grc' dir='ltr'>Πῶς</span> <span class='ocrx_word' id='word_1_252' title='bbox 3179 704 3290 776; x_wconf 79' lang='grc' dir='ltr'>γὰρ</span> <span class='ocrx_word' id='word_1_253' title='bbox 3334 704 3419 767; x_wconf 77' lang='grc' dir='ltr'><strong>εἰς</strong></span> <span class='ocrx_word' id='word_1_254' title='bbox 3449 704 3554 773; x_wconf 81' lang='grc' dir='ltr'><strong>τὴν</strong></span> <span class='ocrx_word' id='word_1_255' title='bbox 3608 701 3802 773; x_wconf 65' lang='grc' dir='ltr'>ἑορτὴν</span> 
     </span>
    </p>
   </div>
   <div class='ocr_carea' id='block_1_39' title="bbox 2218 794 3799 874">
    <p class='ocr_par' dir='ltr' id='par_1_39' title="bbox 2218 794 3799 874">
     <span class='ocr_line' id='line_1_39' title="bbox 2218 794 3799 874; baseline -0.009 -14"><span class='ocrx_word' id='word_1_256' title='bbox 2218 794 2707 860; x_wconf 75' lang='grc' dir='ltr'>συνεισελεύσονται</span> <span class='ocrx_word' id='word_1_257' title='bbox 2755 799 3006 874; x_wconf 83' lang='grc' dir='ltr'><strong>Χριστῷ,</strong></span> <span class='ocrx_word' id='word_1_258' title='bbox 3043 799 3116 870; x_wconf 83' lang='grc' dir='ltr'><strong>μὴ</strong></span> <span class='ocrx_word' id='word_1_259' title='bbox 3164 799 3551 869; x_wconf 82' lang='grc' dir='ltr'>κοσμήσαντες</span> <span class='ocrx_word' id='word_1_260' title='bbox 3586 796 3799 847; x_wconf 63' lang='grc' dir='ltr'>ἑαυτῶν</span> 
     </span>
    </p>
   </div>
   <div class='ocr_carea' id='block_1_40' title="bbox 2214 888 3797 971">
    <p class='ocr_par' dir='ltr' id='par_1_40' title="bbox 2214 888 3797 971">
     <span class='ocr_line' id='line_1_40' title="bbox 2214 888 3797 971; baseline -0.009 -18"><span class='ocrx_word' id='word_1_261' title='bbox 2214 900 2312 971; x_wconf 83' lang='grc' dir='ltr'><strong>τὴν</strong></span> <span class='ocrx_word' id='word_1_262' title='bbox 2368 898 2570 969; x_wconf 85' lang='grc' dir='ltr'>σκηνὴν</span> <span class='ocrx_word' id='word_1_263' title='bbox 2603 896 2811 958; x_wconf 83' lang='grc' dir='ltr'><strong>κλάδοις</strong></span> <span class='ocrx_word' id='word_1_264' title='bbox 2851 893 3090 963; x_wconf 87' lang='grc' dir='ltr'>ἁγνείας,</span> <span class='ocrx_word' id='word_1_265' title='bbox 3136 891 3213 962; x_wconf 79' lang='grc' dir='ltr'><strong>τῷ</strong></span> <span class='ocrx_word' id='word_1_266' title='bbox 3246 888 3485 959; x_wconf 77' lang='grc' dir='ltr'>θεοποιῷ</span> <span class='ocrx_word' id='word_1_267' title='bbox 3535 889 3797 959; x_wconf 74' lang='grc' dir='ltr'>μακαρίῳ</span> 
     </span>
    </p>
   </div>
   <div class='ocr_carea' id='block_1_41' title="bbox 2216 981 3795 1063">
    <p class='ocr_par' dir='ltr' id='par_1_41' title="bbox 2216 981 3795 1063">
     <span class='ocr_line' id='line_1_41' title="bbox 2216 981 3795 1063; baseline -0.009 -17"><span class='ocrx_word' id='word_1_268' title='bbox 2216 990 2469 1063; x_wconf 82' lang='grc' dir='ltr'>φυτῷςῷ</span> <span class='ocrx_word' id='word_1_269' title='bbox 2494 992 2618 1054; x_wconf 76' lang='grc' dir='ltr'>τοὺς</span> <span class='ocrx_word' id='word_1_270' title='bbox 2646 991 2724 1053; x_wconf 83' lang='grc' dir='ltr'><strong>εἰς</strong></span> <span class='ocrx_word' id='word_1_271' title='bbox 2748 987 2844 1059; x_wconf 85' lang='grc' dir='ltr'>τὴν</span> <span class='ocrx_word' id='word_1_272' title='bbox 2872 988 3065 1058; x_wconf 83' lang='grc' dir='ltr'>ἄγυριν</span> <span class='ocrx_word' id='word_1_273' title='bbox 3094 983 3419 1046; x_wconf 79' lang='grc' dir='ltr'>σπεύδοντας</span> <span class='ocrx_word' id='word_1_274' title='bbox 3443 982 3680 1051; x_wconf 74' lang='grc' dir='ltr'>ἐκείνην</span> <span class='ocrx_word' id='word_1_275' title='bbox 3708 981 3795 1033; x_wconf 72' lang='grc' dir='ltr'><strong>καὶ</strong></span> 
     </span>
    </p>
   </div>
   <div class='ocr_carea' id='block_1_42' title="bbox 2214 1071 3795 1155">
    <p class='ocr_par' dir='ltr' id='par_1_42' title="bbox 2214 1071 3795 1155">
     <span class='ocr_line' id='line_1_42' title="bbox 2214 1071 3795 1155; baseline -0.009 -17"><span class='ocrx_word' id='word_1_276' title='bbox 2214 1085 2305 1137; x_wconf 80' lang='grc' dir='ltr'><strong>τὸν</strong></span> <span class='ocrx_word' id='word_1_277' title='bbox 2333 1084 2507 1155; x_wconf 85' lang='grc' dir='ltr'>γάμον</span> <span class='ocrx_word' id='word_1_278' title='bbox 2553 1080 2857 1136; x_wconf 85' lang='grc' dir='ltr'>ἀναδεῖσθαι</span> <span class='ocrx_word' id='word_1_279' title='bbox 2901 1078 2981 1131; x_wconf 87' lang='grc' dir='ltr'>δεῖ</span> <span class='ocrx_word' id='word_1_280' title='bbox 3031 1077 3125 1131; x_wconf 74' lang='grc' dir='ltr'><strong>καὶ</strong></span> <span class='ocrx_word' id='word_1_281' title='bbox 3174 1072 3655 1137; x_wconf 74' lang='grc' dir='ltr'>κατασκιάζεσθαι</span> <span class='ocrx_word' id='word_1_282' title='bbox 3704 1071 3795 1135; x_wconf 72' lang='grc' dir='ltr'><strong>τὰς</strong></span> 
     </span>
    </p>
   </div>
   <div class='ocr_carea' id='block_1_43' title="bbox 2214 1164 3791 1244">
    <p class='ocr_par' dir='ltr' id='par_1_43' title="bbox 2214 1164 3791 1244">
     <span class='ocr_line' id='line_1_43' title="bbox 2214 1164 3791 1244; baseline -0.005 -15"><span class='ocrx_word' id='word_1_283' title='bbox 2214 1174 2438 1244; x_wconf 79' lang='grc' dir='ltr'>ὀσφύας.</span> <span class='ocrx_word' id='word_1_284' title='bbox 2474 1175 2582 1228; x_wconf 85' lang='grc' dir='ltr'><strong>Ἴτε</strong></span> <span class='ocrx_word' id='word_1_285' title='bbox 2612 1173 2739 1243; x_wconf 84' lang='grc' dir='ltr'>γὰρ,</span> <span class='ocrx_word' id='word_1_286' title='bbox 2762 1170 3190 1241; x_wconf 76' lang='grc' dir='ltr'>καλλιπάρθενοι,</span> <span class='ocrx_word' id='word_1_287' title='bbox 3230 1168 3328 1239; x_wconf 76' lang='grc' dir='ltr'><strong>τὴν</strong></span> <span class='ocrx_word' id='word_1_288' title='bbox 3360 1165 3599 1239; x_wconf 78' lang='grc' dir='ltr'>Γραφὴν</span> <span class='ocrx_word' id='word_1_289' title='bbox 3631 1164 3791 1236; x_wconf 56' lang='grc' dir='ltr'><strong>αὑτὴ-ί</strong></span> 
     </span>
    </p>
   </div>
   <div class='ocr_carea' id='block_1_44' title="bbox 2217 1260 3791 1338">
    <p class='ocr_par' dir='ltr' id='par_1_44' title="bbox 2217 1260 3791 1338">
     <span class='ocr_line' id='line_1_44' title="bbox 2217 1260 3791 1338; baseline -0.008 -15"><span class='ocrx_word' id='word_1_290' title='bbox 2217 1268 2582 1338; x_wconf 70' lang='grc' dir='ltr'>ἐπισκέψασθε</span> <span class='ocrx_word' id='word_1_291' title='bbox 2610 1268 2704 1320; x_wconf 77' lang='grc' dir='ltr'><strong>καὶ</strong></span> <span class='ocrx_word' id='word_1_292' title='bbox 2729 1264 2827 1328; x_wconf 88' lang='grc' dir='ltr'><strong>τάς</strong></span> <span class='ocrx_word' id='word_1_293' title='bbox 2858 1262 3096 1326; x_wconf 73' lang='grc' dir='ltr'>ἐντολὰς,</span> <span class='ocrx_word' id='word_1_294' title='bbox 3127 1261 3263 1325; x_wconf 82' lang='grc' dir='ltr'>πῶς,</span> <span class='ocrx_word' id='word_1_295' title='bbox 3289 1261 3362 1323; x_wconf 85' lang='grc' dir='ltr'><strong>ὡς</strong></span> <span class='ocrx_word' id='word_1_296' title='bbox 3399 1262 3498 1313; x_wconf 79' lang='grc' dir='ltr'><strong>ἐπὶ</strong></span> <span class='ocrx_word' id='word_1_297' title='bbox 3545 1260 3791 1332; x_wconf 72' lang='grc' dir='ltr'>συμπλη-</span> 
     </span>
    </p>
   </div>
   <div class='ocr_carea' id='block_1_45' title="bbox 2222 1351 3789 1433">
    <p class='ocr_par' dir='ltr' id='par_1_45' title="bbox 2222 1351 3789 1433">
     <span class='ocr_line' id='line_1_45' title="bbox 2222 1351 3789 1433; baseline -0.007 -18"><span class='ocrx_word' id='word_1_298' title='bbox 2222 1361 2470 1433; x_wconf 87' lang='grc' dir='ltr'>ρὼματος</span> <span class='ocrx_word' id='word_1_299' title='bbox 2512 1360 2621 1414; x_wconf 89' lang='grc' dir='ltr'><strong>τῶν</strong></span> <span class='ocrx_word' id='word_1_300' title='bbox 2674 1356 3081 1431; x_wconf 81' lang='grc' dir='ltr'>προειρημένων</span> <span class='ocrx_word' id='word_1_301' title='bbox 3127 1354 3577 1425; x_wconf 79' lang='grc' dir='ltr'>κατορθωμάτων</span> <span class='ocrx_word' id='word_1_302' title='bbox 3626 1351 3789 1422; x_wconf 75' lang='grc' dir='ltr'>παρέ-</span> 
     </span>
    </p>
   </div>
   <div class='ocr_carea' id='block_1_46' title="bbox 2218 1444 3788 1523">
    <p class='ocr_par' dir='ltr' id='par_1_46' title="bbox 2218 1444 3788 1523">
     <span class='ocr_line' id='line_1_46' title="bbox 2218 1444 3788 1523; baseline -0.01 -14"><span class='ocrx_word' id='word_1_303' title='bbox 2218 1455 2378 1508; x_wconf 81' lang='grc' dir='ltr'>λαϐεν</span> <span class='ocrx_word' id='word_1_304' title='bbox 2406 1456 2433 1506; x_wconf 88' lang='grc' dir='ltr'>ὁ</span> <span class='ocrx_word' id='word_1_305' title='bbox 2465 1454 2621 1522; x_wconf 82' lang='grc' dir='ltr'><strong>λόγος</strong></span> <span class='ocrx_word' id='word_1_306' title='bbox 2652 1452 2750 1523; x_wconf 85' lang='grc' dir='ltr'><strong>τὴν</strong></span> <span class='ocrx_word' id='word_1_307' title='bbox 2772 1448 3014 1519; x_wconf 79' lang='grc' dir='ltr'>ἁγνείαν,</span> <span class='ocrx_word' id='word_1_308' title='bbox 3032 1447 3295 1501; x_wconf 79' lang='grc' dir='ltr'>διδάσκων</span> <span class='ocrx_word' id='word_1_309' title='bbox 3323 1447 3448 1499; x_wconf 87' lang='grc' dir='ltr'>ὅσον</span> <span class='ocrx_word' id='word_1_310' title='bbox 3474 1444 3788 1516; x_wconf 72' lang='grc' dir='ltr'>διαπρεπὴς</span> 
     </span>
    </p>
   </div>
   <div class='ocr_carea' id='block_1_47' title="bbox 2220 1538 3786 1618">
    <p class='ocr_par' dir='ltr' id='par_1_47' title="bbox 2220 1538 3786 1618">
     <span class='ocr_line' id='line_1_47' title="bbox 2220 1538 3786 1618; baseline -0.01 -17"><span class='ocrx_word' id='word_1_311' title='bbox 2220 1550 2315 1603; x_wconf 71' lang='grc' dir='ltr'><strong>καὶ</strong></span> <span class='ocrx_word' id='word_1_312' title='bbox 2369 1544 2690 1618; x_wconf 84' lang='grc' dir='ltr'>τριπόθητος</span> <span class='ocrx_word' id='word_1_313' title='bbox 2740 1542 2892 1597; x_wconf 80' lang='grc' dir='ltr'>ἔσται</span> <span class='ocrx_word' id='word_1_314' title='bbox 2933 1546 2999 1614; x_wconf 82' lang='grc' dir='ltr'>τῇ</span> <span class='ocrx_word' id='word_1_315' title='bbox 3035 1541 3359 1604; x_wconf 87' lang='grc' dir='ltr'>ἀναστάσει,</span> <span class='ocrx_word' id='word_1_316' title='bbox 3406 1538 3506 1591; x_wconf 77' lang='grc' dir='ltr'><strong>καὶ</strong></span> <span class='ocrx_word' id='word_1_317' title='bbox 3556 1538 3645 1589; x_wconf 75' lang='grc' dir='ltr'>ὅτι</span> <span class='ocrx_word' id='word_1_318' title='bbox 3692 1555 3786 1606; x_wconf 75' lang='grc' dir='ltr'><strong>χω-</strong></span> 
     </span>
    </p>
   </div>
   <div class='ocr_carea' id='block_1_48' title="bbox 2224 1622 3788 1711">
    <p class='ocr_par' dir='ltr' id='par_1_48' title="bbox 2224 1622 3788 1711">
     <span class='ocr_line' id='line_1_48' title="bbox 2224 1622 3788 1711; baseline -0.012 -19"><span class='ocrx_word' id='word_1_319' title='bbox 2224 1638 2429 1711; x_wconf 63' lang='grc' dir='ltr'>ρὶςμὸ)</span> <span class='ocrx_word' id='word_1_320' title='bbox 2448 1637 2614 1706; x_wconf 78' lang='grc' dir='ltr'>αὐτῆς</span> <span class='ocrx_word' id='word_1_321' title='bbox 2640 1634 2813 1697; x_wconf 80' lang='grc' dir='ltr'>οὐδεὶς</span> <span class='ocrx_word' id='word_1_322' title='bbox 2839 1631 3085 1697; x_wconf 82' lang='grc' dir='ltr'>τεύξεται</span> <span class='ocrx_word' id='word_1_323' title='bbox 3113 1631 3219 1684; x_wconf 86' lang='grc' dir='ltr'><strong>τῶν</strong></span> <span class='ocrx_word' id='word_1_324' title='bbox 3247 1622 3788 1696; x_wconf 68' lang='grc' dir='ltr'>ἐπαγγελμάτωνοῆν</span> 
     </span>
    </p>
   </div>
   <div class='ocr_carea' id='block_1_49' title="bbox 2221 1715 3789 1803">
    <p class='ocr_par' dir='ltr' id='par_1_49' title="bbox 2221 1715 3789 1803">
     <span class='ocr_line' id='line_1_49' title="bbox 2221 1715 3789 1803; baseline -0.013 -17"><span class='ocrx_word' id='word_1_325' title='bbox 2221 1731 2512 1803; x_wconf 77' lang='grc' dir='ltr'>ἐξαιρέτως</span> <span class='ocrx_word' id='word_1_326' title='bbox 2531 1726 2876 1799; x_wconf 81' lang='grc' dir='ltr'>γεωργοῦμεν</span> <span class='ocrx_word' id='word_1_327' title='bbox 2902 1726 3060 1796; x_wconf 82' lang='grc' dir='ltr'>ἡμεῖς</span> <span class='ocrx_word' id='word_1_328' title='bbox 3102 1724 3156 1776; x_wconf 81' lang='grc' dir='ltr'>αἱ</span> <span class='ocrx_word' id='word_1_329' title='bbox 3187 1717 3662 1793; x_wconf 84' lang='grc' dir='ltr'>παρθενεύουσαι,</span> <span class='ocrx_word' id='word_1_330' title='bbox 3710 1715 3789 1767; x_wconf 71' lang='grc' dir='ltr'><strong>καὶ</strong></span> 
     </span>
    </p>
   </div>
   <div class='ocr_carea' id='block_1_50' title="bbox 2154 1806 3789 1896">
    <p class='ocr_par' dir='ltr' id='par_1_50' title="bbox 2154 1806 3789 1896">
     <span class='ocr_line' id='line_1_50' title="bbox 2154 1806 3789 1896; baseline -0.013 -17"><span class='ocrx_word' id='word_1_331' title='bbox 2154 1808 2191 1862; x_wconf 63' lang='grc' dir='ltr'><strong>Β</strong></span> <span class='ocrx_word' id='word_1_332' title='bbox 2224 1824 2601 1896; x_wconf 80' lang='grc' dir='ltr'>προσφέρομεν</span> <span class='ocrx_word' id='word_1_333' title='bbox 2649 1820 2859 1892; x_wconf 85' lang='grc' dir='ltr'><strong>Κυρίῳ.</strong></span> <span class='ocrx_word' id='word_1_334' title='bbox 2910 1816 3160 1890; x_wconf 87' lang='grc' dir='ltr'>Χρῶνται</span> <span class='ocrx_word' id='word_1_335' title='bbox 3204 1814 3259 1867; x_wconf 85' lang='grc' dir='ltr'><strong>δὲ</strong></span> <span class='ocrx_word' id='word_1_336' title='bbox 3298 1813 3390 1866; x_wconf 74' lang='grc' dir='ltr'><strong>καὶ</strong></span> <span class='ocrx_word' id='word_1_337' title='bbox 3418 1811 3471 1863; x_wconf 78' lang='grc' dir='ltr'><strong>οἱ</strong></span> <span class='ocrx_word' id='word_1_338' title='bbox 3515 1808 3667 1880; x_wconf 73' lang='grc' dir='ltr'>πρὸς</span> <span class='ocrx_word' id='word_1_339' title='bbox 3705 1806 3789 1869; x_wconf 68' lang='grc' dir='ltr'>τὰς</span> 
     </span>
    </p>
   </div>
   <div class='ocr_carea' id='block_1_51' title="bbox 2218 1898 3790 1983">
    <p class='ocr_par' dir='ltr' id='par_1_51' title="bbox 2218 1898 3790 1983">
     <span class='ocr_line' id='line_1_51' title="bbox 2218 1898 3790 1983; baseline -0.013 -11"><span class='ocrx_word' id='word_1_340' title='bbox 2218 1916 2426 1972; x_wconf 80' lang='grc' dir='ltr'>ἑαυτῶν</span> <span class='ocrx_word' id='word_1_341' title='bbox 2479 1913 2795 1983; x_wconf 77' lang='grc' dir='ltr'>ἁγνεύοντες</span> <span class='ocrx_word' id='word_1_342' title='bbox 2838 1908 3101 1981; x_wconf 83' lang='grc' dir='ltr'>γαμετάς,</span> <span class='ocrx_word' id='word_1_343' title='bbox 3140 1907 3233 1961; x_wconf 73' lang='grc' dir='ltr'>καὶ</span> <span class='ocrx_word' id='word_1_344' title='bbox 3290 1905 3481 1974; x_wconf 85' lang='grc' dir='ltr'>ὥσπερ</span> <span class='ocrx_word' id='word_1_345' title='bbox 3532 1900 3689 1971; x_wconf 72' lang='grc' dir='ltr'>ἀμφὶ</span> <span class='ocrx_word' id='word_1_346' title='bbox 3743 1898 3790 1951; x_wconf 67' lang='grc' dir='ltr'>τὸ</span> 
     </span>
    </p>
   </div>
   <div class='ocr_carea' id='block_1_52' title="bbox 2221 1996 3789 2079">
    <p class='ocr_par' dir='ltr' id='par_1_52' title="bbox 2221 1996 3789 2079">
     <span class='ocr_line' id='line_1_52' title="bbox 2221 1996 3789 2079; baseline -0.015 -13"><span class='ocrx_word' id='word_1_347' title='bbox 2221 2009 2466 2079; x_wconf 80' lang='grc' dir='ltr'>στέλεχος</span> <span class='ocrx_word' id='word_1_348' title='bbox 2498 2005 2709 2069; x_wconf 83' lang='grc' dir='ltr'>κλῶνας</span> <span class='ocrx_word' id='word_1_349' title='bbox 2757 2003 2925 2074; x_wconf 79' lang='grc' dir='ltr'>αὐτῆς</span> <span class='ocrx_word' id='word_1_350' title='bbox 2966 2000 3189 2072; x_wconf 85' lang='grc' dir='ltr'>φέρουσι</span> <span class='ocrx_word' id='word_1_351' title='bbox 3229 1996 3651 2068; x_wconf 83' lang='grc' dir='ltr'>βλαστήσαντας</span> <span class='ocrx_word' id='word_1_352' title='bbox 3696 2008 3789 2043; x_wconf 80' lang='grc' dir='ltr'>σω-</span> 
     </span>
    </p>
   </div>
   <div class='ocr_carea' id='block_1_53' title="bbox 2221 2083 3790 2176">
    <p class='ocr_par' dir='ltr' id='par_1_53' title="bbox 2221 2083 3790 2176">
     <span class='ocr_line' id='line_1_53' title="bbox 2221 2083 3790 2176; baseline -0.013 -19"><span class='ocrx_word' id='word_1_353' title='bbox 2221 2103 2512 2176; x_wconf 85' lang='grc' dir='ltr'>φροσύνην,</span> <span class='ocrx_word' id='word_1_354' title='bbox 2555 2099 2662 2153; x_wconf 88' lang='grc' dir='ltr'><strong>τῶν</strong></span> <span class='ocrx_word' id='word_1_355' title='bbox 2701 2098 2810 2153; x_wconf 76' lang='grc' dir='ltr'>ἄνω</span> <span class='ocrx_word' id='word_1_356' title='bbox 2846 2094 2919 2166; x_wconf 83' lang='grc' dir='ltr'>μὴ</span> <span class='ocrx_word' id='word_1_357' title='bbox 2974 2090 3347 2161; x_wconf 83' lang='grc' dir='ltr'>ἐφικνούμενοι</span> <span class='ocrx_word' id='word_1_358' title='bbox 3397 2087 3498 2141; x_wconf 66' lang='grc' dir='ltr'>καὶ</span> <span class='ocrx_word' id='word_1_359' title='bbox 3546 2083 3790 2157; x_wconf 73' lang='grc' dir='ltr'>μεγάλων</span> 
     </span>
    </p>
   </div>
   <div class='ocr_carea' id='block_1_54' title="bbox 2220 2178 3789 2265">
    <p class='ocr_par' dir='ltr' id='par_1_54' title="bbox 2220 2178 3789 2265">
     <span class='ocr_line' id='line_1_54' title="bbox 2220 2178 3789 2265; baseline -0.015 -15"><span class='ocrx_word' id='word_1_360' title='bbox 2220 2197 2388 2265; x_wconf 76' lang='grc' dir='ltr'>αὐτῆς</span> <span class='ocrx_word' id='word_1_361' title='bbox 2420 2192 2713 2263; x_wconf 77' lang='grc' dir='ltr'>ἐπιψαῦσαι</span> <span class='ocrx_word' id='word_1_362' title='bbox 2754 2188 2982 2251; x_wconf 82' lang='grc' dir='ltr'>κλάδων,</span> <span class='ocrx_word' id='word_1_363' title='bbox 3016 2183 3262 2254; x_wconf 84' lang='grc' dir='ltr'>καθάπερ</span> <span class='ocrx_word' id='word_1_364' title='bbox 3297 2182 3495 2252; x_wconf 77' lang='grc' dir='ltr'>ἡμεῖς·</span> <span class='ocrx_word' id='word_1_365' title='bbox 3536 2179 3717 2249; x_wconf 84' lang='grc' dir='ltr'>ὅμως,</span> <span class='ocrx_word' id='word_1_366' title='bbox 3751 2178 3789 2228; x_wconf 74' lang='grc' dir='ltr'>εἰ</span> 
     </span>
    </p>
   </div>
   <div class='ocr_carea' id='block_1_55' title="bbox 2222 2268 3792 2360">
    <p class='ocr_par' dir='ltr' id='par_1_55' title="bbox 2222 2268 3792 2360">
     <span class='ocr_line' id='line_1_55' title="bbox 2222 2268 3792 2360; baseline -0.015 -16"><span class='ocrx_word' id='word_1_367' title='bbox 2222 2290 2313 2345; x_wconf 76' lang='grc' dir='ltr'><strong>καὶ</strong></span> <span class='ocrx_word' id='word_1_368' title='bbox 2349 2286 2595 2360; x_wconf 79' lang='grc' dir='ltr'>μικροὺς,</span> <span class='ocrx_word' id='word_1_369' title='bbox 2629 2281 2778 2336; x_wconf 82' lang='grc' dir='ltr'>οὐδὲν</span> <span class='ocrx_word' id='word_1_370' title='bbox 2821 2276 2987 2351; x_wconf 82' lang='grc' dir='ltr'>ἧσσον</span> <span class='ocrx_word' id='word_1_371' title='bbox 3013 2277 3376 2349; x_wconf 78' lang='grc' dir='ltr'>προσφέρουσι</span> <span class='ocrx_word' id='word_1_372' title='bbox 3406 2272 3475 2342; x_wconf 80' lang='grc' dir='ltr'>δὴ</span> <span class='ocrx_word' id='word_1_373' title='bbox 3501 2271 3607 2325; x_wconf 71' lang='grc' dir='ltr'><strong>καὶ</strong></span> <span class='ocrx_word' id='word_1_374' title='bbox 3657 2268 3792 2322; x_wconf 80' lang='grc' dir='ltr'>αὑτοὶ</span> 
     </span>
    </p>
   </div>
   <div class='ocr_carea' id='block_1_56' title="bbox 2222 2360 3791 2449">
    <p class='ocr_par' dir='ltr' id='par_1_56' title="bbox 2222 2360 3791 2449">
     <span class='ocr_line' id='line_1_56' title="bbox 2222 2360 3791 2449; baseline -0.017 -10"><span class='ocrx_word' id='word_1_375' title='bbox 2222 2384 2432 2446; x_wconf 82' lang='grc' dir='ltr'>κλῶνας</span> <span class='ocrx_word' id='word_1_376' title='bbox 2480 2381 2714 2449; x_wconf 84' lang='grc' dir='ltr'>ἁγνείας.</span> <span class='ocrx_word' id='word_1_377' title='bbox 2760 2378 2822 2430; x_wconf 79' lang='lat' dir='ltr'><strong>Ui</strong></span> <span class='ocrx_word' id='word_1_378' title='bbox 2874 2360 3514 2443; x_wconf 75' lang='grc' dir='ltr'>δὲόίστρηλατούμενοι,</span> <span class='ocrx_word' id='word_1_379' title='bbox 3572 2363 3682 2416; x_wconf 80' lang='grc' dir='ltr'>κᾶν</span> <span class='ocrx_word' id='word_1_380' title='bbox 3730 2360 3791 2434; x_wconf 56' lang='grc' dir='ltr'>μὴ</span> 
     </span>
    </p>
   </div>
   <div class='ocr_carea' id='block_1_57' title="bbox 2224 2454 3792 2549">
    <p class='ocr_par' dir='ltr' id='par_1_57' title="bbox 2224 2454 3792 2549">
     <span class='ocr_line' id='line_1_57' title="bbox 2224 2454 3792 2549; baseline -0.018 -19"><span class='ocrx_word' id='word_1_381' title='bbox 2224 2474 2613 2549; x_wconf 88' lang='grc' dir='ltr'>πορνεύσωσιν,</span> <span class='ocrx_word' id='word_1_382' title='bbox 2648 2468 2780 2523; x_wconf 84' lang='grc' dir='ltr'><strong>ἀλλά</strong></span> <span class='ocrx_word' id='word_1_383' title='bbox 2818 2466 2911 2520; x_wconf 70' lang='grc' dir='ltr'>καὶ</span> <span class='ocrx_word' id='word_1_384' title='bbox 2944 2466 3023 2528; x_wconf 78' lang='grc' dir='ltr'><strong>είς</strong></span> <span class='ocrx_word' id='word_1_385' title='bbox 3064 2462 3229 2534; x_wconf 89' lang='grc' dir='ltr'>μόνην</span> <span class='ocrx_word' id='word_1_386' title='bbox 3270 2458 3365 2510; x_wconf 77' lang='grc' dir='ltr'><strong>καὶ</strong></span> <span class='ocrx_word' id='word_1_387' title='bbox 3396 2456 3632 2549; x_wconf 58' lang='lat' dir='ltr'><strong>{vvoth</strong></span> <span class='ocrx_word' id='word_1_388' title='bbox 3664 2454 3792 2549; x_wconf 68' lang='grc' dir='ltr'>ἀδια-</span> 
     </span>
    </p>
   </div>
   <div class='ocr_carea' id='block_1_58' title="bbox 2227 2546 3792 2634">
    <p class='ocr_par' dir='ltr' id='par_1_58' title="bbox 2227 2546 3792 2634">
     <span class='ocr_line' id='line_1_58' title="bbox 2227 2546 3792 2634; baseline -0.019 -10"><span class='ocrx_word' id='word_1_389' title='bbox 2227 2546 2439 2632; x_wconf 71' lang='grc' dir='ltr'>στδλως.</span> <span class='ocrx_word' id='word_1_390' title='bbox 2470 2560 2855 2634; x_wconf 85' lang='grc' dir='ltr'>ἐπιμίγνυσθαι</span> <span class='ocrx_word' id='word_1_391' title='bbox 2902 2555 3197 2624; x_wconf 86' lang='grc' dir='ltr'>θελγόντων</span> <span class='ocrx_word' id='word_1_392' title='bbox 3229 2548 3501 2621; x_wconf 78' lang='grc' dir='ltr'>γαμετὴν,</span> <span class='ocrx_word' id='word_1_393' title='bbox 3536 2546 3666 2609; x_wconf 58' lang='lat'><strong>7:13.:</strong></span> <span class='ocrx_word' id='word_1_394' title='bbox 3694 2546 3792 2614; x_wconf 75' lang='grc' dir='ltr'>ἐορ-</span> 
     </span>
    </p>
   </div>
   <div class='ocr_carea' id='block_1_59' title="bbox 2224 2635 3791 2723">
    <p class='ocr_par' dir='ltr' id='par_1_59' title="bbox 2224 2635 3791 2723">
     <span class='ocr_line' id='line_1_59' title="bbox 2224 2635 3791 2723; baseline -0.019 -7"><span class='ocrx_word' id='word_1_395' title='bbox 2224 2635 2516 2722; x_wconf 59' lang='grc' dir='ltr'>τάσουσινξ</span> <span class='ocrx_word' id='word_1_396' title='bbox 2577 2652 2691 2717; x_wconf 88' lang='grc' dir='ltr'><strong>πῶς</strong></span> <span class='ocrx_word' id='word_1_397' title='bbox 2732 2647 3231 2723; x_wconf 82' lang='grc' dir='ltr'>εύφρανθήσονται;</span> <span class='ocrx_word' id='word_1_398' title='bbox 3296 2641 3369 2712; x_wconf 77' lang='grc' dir='ltr'>μὴ</span> <span class='ocrx_word' id='word_1_399' title='bbox 3416 2638 3791 2708; x_wconf 78' lang='grc' dir='ltr'>κοσμήσαντες</span> 
     </span>
    </p>
   </div>
   <div class='ocr_carea' id='block_1_60' title="bbox 2226 2731 3792 2825">
    <p class='ocr_par' dir='ltr' id='par_1_60' title="bbox 2226 2731 3792 2825">
     <span class='ocr_line' id='line_1_60' title="bbox 2226 2731 3792 2825; baseline -0.019 -17"><span class='ocrx_word' id='word_1_400' title='bbox 2226 2754 2323 2825; x_wconf 79' lang='grc' dir='ltr'>τὴν</span> <span class='ocrx_word' id='word_1_401' title='bbox 2348 2750 2549 2822; x_wconf 82' lang='grc' dir='ltr'>σκηνὴν</span> <span class='ocrx_word' id='word_1_402' title='bbox 2570 2743 2774 2801; x_wconf 79' lang='grc' dir='ltr'>ἑαυτῶν</span> <span class='ocrx_word' id='word_1_403' title='bbox 2800 2742 2896 2812; x_wconf 80' lang='grc' dir='ltr'><strong>τὴν</strong></span> <span class='ocrx_word' id='word_1_404' title='bbox 2921 2739 3098 2812; x_wconf 87' lang='grc' dir='ltr'>σάρκα</span> <span class='ocrx_word' id='word_1_405' title='bbox 3123 2739 3233 2800; x_wconf 87' lang='grc' dir='ltr'>τοῖς</span> <span class='ocrx_word' id='word_1_406' title='bbox 3255 2732 3471 2794; x_wconf 89' lang='grc' dir='ltr'>κλάδοις</span> <span class='ocrx_word' id='word_1_407' title='bbox 3491 2732 3599 2801; x_wconf 78' lang='grc' dir='ltr'>τῆς</span> <span class='ocrx_word' id='word_1_408' title='bbox 3622 2731 3792 2825; x_wconf 62' lang='grc' dir='ltr'>ἄγνου,</span> 
     </span>
    </p>
   </div>
   <div class='ocr_carea' id='block_1_61' title="bbox 2232 2822 3795 2918">
    <p class='ocr_par' dir='ltr' id='par_1_61' title="bbox 2232 2822 3795 2918">
     <span class='ocr_line' id='line_1_61' title="bbox 2232 2822 3795 2918; baseline -0.016 -18"><span class='ocrx_word' id='word_1_409' title='bbox 2232 2822 2364 2918; x_wconf 77' lang='grc' dir='ltr'>μηδὲ</span> <span class='ocrx_word' id='word_1_410' title='bbox 2421 2839 2837 2899; x_wconf 85' lang='grc' dir='ltr'>είσακούσαντες</span> <span class='ocrx_word' id='word_1_411' title='bbox 2890 2831 2982 2886; x_wconf 76' lang='grc' dir='ltr'>τοῦ</span> <span class='ocrx_word' id='word_1_412' title='bbox 3030 2828 3318 2902; x_wconf 80' lang='grc' dir='ltr'>εἰρημένου</span> <span class='ocrx_word' id='word_1_413' title='bbox 3347 2866 3363 2891; x_wconf 91' lang='grc'><strong>,</strong></span> <span class='ocrx_word' id='word_1_414' title='bbox 3396 2826 3540 2918; x_wconf 48' lang='lat' dir='ltr'><strong>&quot;Ira</strong></span> <span class='ocrx_word' id='word_1_415' title='bbox 3600 2822 3704 2877; x_wconf 72' lang='grc' dir='ltr'>καί</span> <span class='ocrx_word' id='word_1_416' title='bbox 3754 2822 3795 2875; x_wconf 75' lang='grc' dir='ltr'>οι</span> 
     </span>
    </p>
   </div>
   <div class='ocr_carea' id='block_1_62' title="bbox 2229 2910 3581 3007">
    <p class='ocr_par' dir='ltr' id='par_1_62' title="bbox 2229 2910 3581 3007">
     <span class='ocr_line' id='line_1_62' title="bbox 2229 2910 3581 3007; baseline -0.018 -14"><span class='ocrx_word' id='word_1_417' title='bbox 2229 2910 2472 3007; x_wconf 51' lang='lat' dir='ltr'><strong>exertae</strong></span> <span class='ocrx_word' id='word_1_418' title='bbox 2503 2930 2813 3006; x_wconf 73' lang='grc' dir='ltr'>γυναῖκας,</span> <span class='ocrx_word' id='word_1_419' title='bbox 2844 2927 2924 2992; x_wconf 85' lang='grc' dir='ltr'>ὡς</span> <span class='ocrx_word' id='word_1_420' title='bbox 2960 2927 3013 2978; x_wconf 79' lang='grc' dir='ltr'>οἱ</span> <span class='ocrx_word' id='word_1_421' title='bbox 3047 2921 3132 2993; x_wconf 78' lang='grc' dir='ltr'><strong>μὴ</strong></span> <span class='ocrx_word' id='word_1_422' title='bbox 3157 2920 3401 2991; x_wconf 73' lang='grc' dir='ltr'>ἔχοντες</span> <span class='ocrx_word' id='word_1_423' title='bbox 3423 2910 3543 2970; x_wconf 84' lang='grc' dir='ltr'>ὦσι</span> <span class='ocrx_word' id='word_1_424' title='bbox 3560 2931 3581 2979; x_wconf 88' lang='grc'><strong><em>;</em></strong></span> 
     </span>
    </p>
   </div>
   <div class='ocr_carea' id='block_1_63' title="bbox 1652 3316 2744 3395">
    <p class='ocr_par' dir='ltr' id='par_1_63' title="bbox 1652 3316 2744 3395">
     <span class='ocr_line' id='line_1_63' title="bbox 1652 3316 2744 3395; baseline -0.012 -16"><span class='ocrx_word' id='word_1_425' title='bbox 1652 3320 1780 3378; x_wconf 73' lang='lat' dir='ltr'><strong>CAP.</strong></span> <span class='ocrx_word' id='word_1_426' title='bbox 1818 3322 1884 3379; x_wconf 75' lang='grc' dir='ltr'><strong>ν.</strong></span> <span class='ocrx_word' id='word_1_427' title='bbox 1918 3322 2234 3395; x_wconf 81' lang='lat' dir='ltr'><strong>Mysterium</strong></span> <span class='ocrx_word' id='word_1_428' title='bbox 2258 3316 2744 3375; x_wconf 83' lang='lat' dir='ltr'><strong>tabernaculorum.</strong></span> 
     </span>
    </p>
   </div>
   <div class='ocr_carea' id='block_1_64' title="bbox 635 3408 2132 3491">
    <p class='ocr_par' dir='ltr' id='par_1_64' title="bbox 635 3408 2132 3491">
     <span class='ocr_line' id='line_1_64' title="bbox 635 3408 2132 3491; baseline 0.005 -24"><span class='ocrx_word' id='word_1_429' title='bbox 635 3408 932 3484; x_wconf 86' lang='lat' dir='ltr'><strong>Propterea</strong></span> <span class='ocrx_word' id='word_1_430' title='bbox 950 3430 1061 3486; x_wconf 67' lang='lat' dir='ltr'><strong>pra:</strong></span> <span class='ocrx_word' id='word_1_431' title='bbox 1089 3415 1315 3489; x_wconf 88' lang='lat' dir='ltr'><strong>reliquis</strong></span> <span class='ocrx_word' id='word_1_432' title='bbox 1345 3418 1621 3485; x_wconf 88' lang='lat' dir='ltr'><strong>omnibus,</strong></span> <span class='ocrx_word' id='word_1_433' title='bbox 1657 3419 1742 3474; x_wconf 78' lang='lat' dir='ltr'><strong>his</strong></span> <span class='ocrx_word' id='word_1_434' title='bbox 1764 3420 1857 3491; x_wconf 89' lang='lat' dir='ltr'><strong>qui</strong></span> <span class='ocrx_word' id='word_1_435' title='bbox 1879 3419 2132 3476; x_wconf 89' lang='lat' dir='ltr'><strong>certami—</strong></span> 
     </span>
    </p>
   </div>
   <div class='ocr_carea' id='block_1_65' title="bbox 2299 3393 3801 3476">
    <p class='ocr_par' dir='ltr' id='par_1_65' title="bbox 2299 3393 3801 3476">
     <span class='ocr_line' id='line_1_65' title="bbox 2299 3393 3801 3476; baseline -0.017 -7"><span class='ocrx_word' id='word_1_436' title='bbox 2299 3415 2399 3469; x_wconf 89' lang='grc' dir='ltr'>Διά</span> <span class='ocrx_word' id='word_1_437' title='bbox 2421 3412 2579 3467; x_wconf 81' lang='grc' dir='ltr'>τοῦτο</span> <span class='ocrx_word' id='word_1_438' title='bbox 2614 3409 2829 3462; x_wconf 81' lang='grc' dir='ltr'>πάντων</span> <span class='ocrx_word' id='word_1_439' title='bbox 2862 3402 3090 3476; x_wconf 89' lang='grc' dir='ltr'>μάλιστα</span> <span class='ocrx_word' id='word_1_440' title='bbox 3121 3400 3244 3462; x_wconf 80' lang='grc' dir='ltr'>τοὺς</span> <span class='ocrx_word' id='word_1_441' title='bbox 3270 3394 3376 3450; x_wconf 92' lang='grc' dir='ltr'><strong>τῶν</strong></span> <span class='ocrx_word' id='word_1_442' title='bbox 3400 3393 3636 3463; x_wconf 85' lang='grc' dir='ltr'>ἀγώνων</span> <span class='ocrx_word' id='word_1_443' title='bbox 3668 3394 3801 3462; x_wconf 73' lang='grc' dir='ltr'>ἐφιε-</span> 
     </span>
    </p>
   </div>
   <div class='ocr_carea' id='block_1_66' title="bbox 562 3484 2126 3582">
    <p class='ocr_par' dir='ltr' id='par_1_66' title="bbox 562 3505 2126 3582">
     <span class='ocr_line' id='line_1_66' title="bbox 562 3505 2126 3582; baseline 0.004 -20"><span class='ocrx_word' id='word_1_444' title='bbox 562 3505 726 3565; x_wconf 90' lang='lat' dir='ltr'><strong>nibus</strong></span> <span class='ocrx_word' id='word_1_445' title='bbox 754 3508 965 3564; x_wconf 90' lang='lat' dir='ltr'><strong>inhiant</strong></span> <span class='ocrx_word' id='word_1_446' title='bbox 992 3511 1196 3581; x_wconf 91' lang='lat' dir='ltr'><strong>quique</strong></span> <span class='ocrx_word' id='word_1_447' title='bbox 1223 3512 1424 3582; x_wconf 81' lang='lat' dir='ltr'><strong>ingenti</strong></span> <span class='ocrx_word' id='word_1_448' title='bbox 1450 3520 1576 3568; x_wconf 89' lang='lat' dir='ltr'><strong>sunt</strong></span> <span class='ocrx_word' id='word_1_449' title='bbox 1601 3513 1803 3578; x_wconf 89' lang='lat' dir='ltr'><strong>animo,</strong></span> <span class='ocrx_word' id='word_1_450' title='bbox 1829 3513 1967 3569; x_wconf 80' lang='lat' dir='ltr'><strong>citra</strong></span> <span class='ocrx_word' id='word_1_451' title='bbox 2005 3527 2126 3568; x_wconf 88' lang='lat' dir='ltr'><strong>om-</strong></span> 
     </span>
    </p>
   </div>
   <div class='ocr_carea' id='block_1_67' title="bbox 2230 3484 3801 3582">
    <p class='ocr_par' dir='ltr' id='par_1_67' title="bbox 2235 3484 3801 3582">
     <span class='ocr_line' id='line_1_67' title="bbox 2235 3484 3801 3582; baseline -0.018 -19"><span class='ocrx_word' id='word_1_452' title='bbox 2235 3508 2445 3581; x_wconf 85' lang='grc' dir='ltr'>μένους,</span> <span class='ocrx_word' id='word_1_453' title='bbox 2468 3505 2560 3558; x_wconf 73' lang='grc' dir='ltr'>καὶ</span> <span class='ocrx_word' id='word_1_454' title='bbox 2596 3499 2802 3573; x_wconf 83' lang='grc' dir='ltr'>μεγάλῃ</span> <span class='ocrx_word' id='word_1_455' title='bbox 2834 3496 3088 3568; x_wconf 87' lang='grc' dir='ltr'>φρονήσει</span> <span class='ocrx_word' id='word_1_456' title='bbox 3115 3489 3447 3564; x_wconf 82' lang='grc' dir='ltr'>χρωμένους,</span> <span class='ocrx_word' id='word_1_457' title='bbox 3468 3486 3572 3558; x_wconf 79' lang='grc' dir='ltr'>τὴν</span> <span class='ocrx_word' id='word_1_458' title='bbox 3594 3484 3801 3582; x_wconf 64' lang='grc' dir='ltr'>ἁγνείαν</span> 
     </span>
    </p>
   </div>
   <div class='ocr_carea' id='block_1_68' title="bbox 561 3602 2126 3674">
    <p class='ocr_par' dir='ltr' id='par_1_68' title="bbox 561 3602 2126 3674">
     <span class='ocr_line' id='line_1_68' title="bbox 561 3602 2126 3674; baseline 0.004 -18"><span class='ocrx_word' id='word_1_459' title='bbox 561 3614 687 3656; x_wconf 87' lang='lat' dir='ltr'><strong>nem</strong></span> <span class='ocrx_word' id='word_1_460' title='bbox 727 3602 1125 3658; x_wconf 88' lang='lat' dir='ltr'><strong>cunctationem</strong></span> <span class='ocrx_word' id='word_1_461' title='bbox 1153 3604 1435 3659; x_wconf 90' lang='lat' dir='ltr'><strong>colendam</strong></span> <span class='ocrx_word' id='word_1_462' title='bbox 1464 3620 1588 3661; x_wconf 90' lang='lat' dir='ltr'><strong>esse</strong></span> <span class='ocrx_word' id='word_1_463' title='bbox 1640 3606 1969 3674; x_wconf 89' lang='lat' dir='ltr'><strong>castitatem,</strong></span> <span class='ocrx_word' id='word_1_464' title='bbox 2002 3614 2126 3662; x_wconf 90' lang='lat' dir='ltr'><strong>tan-</strong></span> 
     </span>
    </p>
   </div>
   <div class='ocr_carea' id='block_1_69' title="bbox 559 3697 2129 3769">
    <p class='ocr_par' dir='ltr' id='par_1_69' title="bbox 559 3697 2129 3769">
     <span class='ocr_line' id='line_1_69' title="bbox 559 3697 2129 3769; baseline 0.004 -21"><span class='ocrx_word' id='word_1_465' title='bbox 559 3709 726 3764; x_wconf 89' lang='lat' dir='ltr'><strong>quam</strong></span> <span class='ocrx_word' id='word_1_466' title='bbox 766 3710 977 3750; x_wconf 89' lang='lat' dir='ltr'><strong>summe</strong></span> <span class='ocrx_word' id='word_1_467' title='bbox 1003 3697 1186 3752; x_wconf 85' lang='lat' dir='ltr'><strong>utilem</strong></span> <span class='ocrx_word' id='word_1_468' title='bbox 1216 3705 1270 3753; x_wconf 86' lang='lat' dir='ltr'><strong>et</strong></span> <span class='ocrx_word' id='word_1_469' title='bbox 1296 3697 1623 3769; x_wconf 78' lang='lat' dir='ltr'><strong>gloriosam,</strong></span> <span class='ocrx_word' id='word_1_470' title='bbox 1686 3701 2002 3769; x_wconf 89' lang='lat' dir='ltr'><strong>pronuntio.</strong></span> <span class='ocrx_word' id='word_1_471' title='bbox 2068 3697 2129 3754; x_wconf 90' lang='lat' dir='ltr'><strong>In</strong></span> 
     </span>
    </p>
   </div>
   <div class='ocr_carea' id='block_1_70' title="bbox 563 3787 2132 3863">
    <p class='ocr_par' dir='ltr' id='par_1_70' title="bbox 563 3787 2132 3863">
     <span class='ocr_line' id='line_1_70' title="bbox 563 3787 2132 3863; baseline 0.003 -22"><span class='ocrx_word' id='word_1_472' title='bbox 563 3800 708 3842; x_wconf 88' lang='lat' dir='ltr'><strong>novo</strong></span> <span class='ocrx_word' id='word_1_473' title='bbox 752 3787 895 3842; x_wconf 91' lang='lat' dir='ltr'><strong>enim</strong></span> <span class='ocrx_word' id='word_1_474' title='bbox 926 3797 980 3843; x_wconf 89' lang='lat' dir='ltr'><strong>et</strong></span> <span class='ocrx_word' id='word_1_475' title='bbox 1009 3788 1375 3846; x_wconf 86' lang='lat' dir='ltr'><strong>indissolubili</strong></span> <span class='ocrx_word' id='word_1_476' title='bbox 1407 3790 1646 3856; x_wconf 90' lang='lat' dir='ltr'><strong>mundo,</strong></span> <span class='ocrx_word' id='word_1_477' title='bbox 1680 3792 1934 3863; x_wconf 88' lang='lat' dir='ltr'><strong>quisquis</strong></span> <span class='ocrx_word' id='word_1_478' title='bbox 1966 3792 2132 3847; x_wconf 91' lang='lat' dir='ltr'><strong>casti-</strong></span> 
     </span>
    </p>
   </div>
   <div class='ocr_carea' id='block_1_71' title="bbox 564 3878 2133 3953">
    <p class='ocr_par' dir='ltr' id='par_1_71' title="bbox 564 3878 2133 3953">
     <span class='ocr_line' id='line_1_71' title="bbox 564 3878 2133 3953; baseline 0.003 -21"><span class='ocrx_word' id='word_1_479' title='bbox 564 3878 762 3933; x_wconf 64' lang='lat' dir='ltr'><strong>moniae</strong></span> <span class='ocrx_word' id='word_1_480' title='bbox 806 3880 975 3933; x_wconf 86' lang='lat' dir='ltr'><strong>ramis</strong></span> <span class='ocrx_word' id='word_1_481' title='bbox 1001 3889 1225 3937; x_wconf 90' lang='lat' dir='ltr'><strong>ornatus</strong></span> <span class='ocrx_word' id='word_1_482' title='bbox 1262 3893 1510 3953; x_wconf 86' lang='lat' dir='ltr'><strong>repertus</strong></span> <span class='ocrx_word' id='word_1_483' title='bbox 1557 3899 1667 3939; x_wconf 91' lang='lat' dir='ltr'><strong>non</strong></span> <span class='ocrx_word' id='word_1_484' title='bbox 1696 3883 1880 3949; x_wconf 79' lang='lat' dir='ltr'><strong>fuerit,</strong></span> <span class='ocrx_word' id='word_1_485' title='bbox 1912 3899 2014 3938; x_wconf 92' lang='lat' dir='ltr'><strong>nec</strong></span> <span class='ocrx_word' id='word_1_486' title='bbox 2044 3897 2133 3937; x_wconf 88' lang='lat' dir='ltr'><strong>re-</strong></span> 
     </span>
    </p>
   </div>
   <div class='ocr_carea' id='block_1_72' title="bbox 568 3970 2135 4050">
    <p class='ocr_par' dir='ltr' id='par_1_72' title="bbox 568 3970 2135 4050">
     <span class='ocr_line' id='line_1_72' title="bbox 568 3970 2135 4050; baseline 0.003 -26"><span class='ocrx_word' id='word_1_487' title='bbox 568 3970 750 4040; x_wconf 91' lang='lat' dir='ltr'><strong>quiem</strong></span> <span class='ocrx_word' id='word_1_488' title='bbox 795 3982 1193 4050; x_wconf 87' lang='lat' dir='ltr'><strong>consequetur,</strong></span> <span class='ocrx_word' id='word_1_489' title='bbox 1238 3982 1298 4028; x_wconf 90' lang='lat' dir='ltr'><strong>ut</strong></span> <span class='ocrx_word' id='word_1_490' title='bbox 1357 3976 1448 4045; x_wconf 93' lang='lat' dir='ltr'><strong>qui</strong></span> <span class='ocrx_word' id='word_1_491' title='bbox 1492 3975 1585 4030; x_wconf 88' lang='lat' dir='ltr'><strong>Dei</strong></span> <span class='ocrx_word' id='word_1_492' title='bbox 1619 3976 1934 4030; x_wconf 91' lang='lat' dir='ltr'><strong>mandatum</strong></span> <span class='ocrx_word' id='word_1_493' title='bbox 1980 3976 2135 4044; x_wconf 81' lang='lat' dir='ltr'><strong>juxta</strong></span> 
     </span>
    </p>
   </div>
   <div class='ocr_carea' id='block_1_73' title="bbox 569 4061 2135 4140">
    <p class='ocr_par' dir='ltr' id='par_1_73' title="bbox 569 4061 2135 4140">
     <span class='ocr_line' id='line_1_73' title="bbox 569 4061 2135 4140; baseline 0.005 -24"><span class='ocrx_word' id='word_1_494' title='bbox 569 4061 740 4131; x_wconf 84' lang='lat' dir='ltr'><strong>legem</strong></span> <span class='ocrx_word' id='word_1_495' title='bbox 770 4061 992 4118; x_wconf 88' lang='lat' dir='ltr'><strong>minime</strong></span> <span class='ocrx_word' id='word_1_496' title='bbox 1014 4063 1352 4137; x_wconf 75' lang='lat' dir='ltr'><strong>impleverit;</strong></span> <span class='ocrx_word' id='word_1_497' title='bbox 1385 4082 1561 4138; x_wconf 90' lang='lat' dir='ltr'><strong>neque</strong></span> <span class='ocrx_word' id='word_1_498' title='bbox 1594 4068 1874 4129; x_wconf 80' lang='lat' dir='ltr'><strong>interram</strong></span> <span class='ocrx_word' id='word_1_499' title='bbox 1900 4069 2135 4140; x_wconf 90' lang='lat' dir='ltr'><strong>promis-</strong></span> 
     </span>
    </p>
   </div>
   <div class='ocr_carea' id='block_1_74' title="bbox 570 4153 2134 4228">
    <p class='ocr_par' dir='ltr' id='par_1_74' title="bbox 570 4153 2134 4228">
     <span class='ocr_line' id='line_1_74' title="bbox 570 4153 2134 4228; baseline 0.005 -19"><span class='ocrx_word' id='word_1_500' title='bbox 570 4167 687 4209; x_wconf 79' lang='lat' dir='ltr'><strong>sam</strong></span> <span class='ocrx_word' id='word_1_501' title='bbox 714 4153 1065 4224; x_wconf 88' lang='lat' dir='ltr'><strong>ingredietur,</strong></span> <span class='ocrx_word' id='word_1_502' title='bbox 1082 4157 1280 4227; x_wconf 89' lang='lat' dir='ltr'><strong>quippe</strong></span> <span class='ocrx_word' id='word_1_503' title='bbox 1308 4158 1400 4228; x_wconf 89' lang='lat' dir='ltr'><strong>qui</strong></span> <span class='ocrx_word' id='word_1_504' title='bbox 1426 4158 1621 4215; x_wconf 83' lang='lat' dir='ltr'><strong>festum</strong></span> <span class='ocrx_word' id='word_1_505' title='bbox 1641 4161 2134 4219; x_wconf 90' lang='lat' dir='ltr'><strong>Tabernaculorum</strong></span> 
     </span>
    </p>
   </div>
   <div class='ocr_carea' id='block_1_75' title="bbox 572 4248 2136 4326">
    <p class='ocr_par' dir='ltr' id='par_1_75' title="bbox 572 4248 2136 4326">
     <span class='ocr_line' id='line_1_75' title="bbox 572 4248 2136 4326; baseline 0.006 -26"><span class='ocrx_word' id='word_1_506' title='bbox 572 4260 681 4301; x_wconf 89' lang='lat' dir='ltr'><strong>non</strong></span> <span class='ocrx_word' id='word_1_507' title='bbox 707 4255 831 4302; x_wconf 91' lang='lat' dir='ltr'><strong>ante</strong></span> <span class='ocrx_word' id='word_1_508' title='bbox 859 4248 1232 4303; x_wconf 87' lang='lat' dir='ltr'><strong>celebraverit.</strong></span> <span class='ocrx_word' id='word_1_509' title='bbox 1272 4250 1353 4303; x_wconf 92' lang='lat' dir='ltr'><strong>llli</strong></span> <span class='ocrx_word' id='word_1_510' title='bbox 1400 4253 1544 4306; x_wconf 89' lang='lat' dir='ltr'><strong>enim</strong></span> <span class='ocrx_word' id='word_1_511' title='bbox 1592 4254 1854 4309; x_wconf 82' lang='lat' dir='ltr'><strong>duntaxat</strong></span> <span class='ocrx_word' id='word_1_512' title='bbox 1880 4253 2136 4326; x_wconf 84' lang='lat' dir='ltr'><strong>qui’Sce-</strong></span> 
     </span>
    </p>
   </div>
   <div class='ocr_carea' id='block_1_76' title="bbox 572 4337 2134 4413">
    <p class='ocr_par' dir='ltr' id='par_1_76' title="bbox 572 4337 2134 4413">
     <span class='ocr_line' id='line_1_76' title="bbox 572 4337 2134 4413; baseline 0.004 -22"><span class='ocrx_word' id='word_1_513' title='bbox 572 4339 856 4409; x_wconf 87' lang='lat' dir='ltr'><strong>nopegiam</strong></span> <span class='ocrx_word' id='word_1_514' title='bbox 886 4337 1081 4394; x_wconf 81' lang='lat' dir='ltr'><strong>festum</strong></span> <span class='ocrx_word' id='word_1_515' title='bbox 1110 4339 1343 4411; x_wconf 85' lang='lat' dir='ltr'><strong>egerint,</strong></span> <span class='ocrx_word' id='word_1_516' title='bbox 1367 4341 1435 4395; x_wconf 91' lang='lat' dir='ltr'><strong>ab</strong></span> <span class='ocrx_word' id='word_1_517' title='bbox 1460 4342 1527 4397; x_wconf 93' lang='lat' dir='ltr'><strong>iis</strong></span> <span class='ocrx_word' id='word_1_518' title='bbox 1560 4358 1680 4413; x_wconf 66' lang='lat' dir='ltr'><strong>quae</strong></span> <span class='ocrx_word' id='word_1_519' title='bbox 1723 4354 1919 4400; x_wconf 88' lang='lat' dir='ltr'><strong>vocant</strong></span> <span class='ocrx_word' id='word_1_520' title='bbox 1949 4345 2134 4399; x_wconf 80' lang='lat' dir='ltr'><strong>taber-</strong></span> 
     </span>
    </p>
   </div>
   <div class='ocr_carea' id='block_1_77' title="bbox 610 4454 1189 4523">
    <p class='ocr_par' dir='ltr' id='par_1_77' title="bbox 610 4454 1189 4523">
     <span class='ocr_line' id='line_1_77' title="bbox 610 4454 1189 4523; baseline 0.005 -12"><span class='ocrx_word' id='word_1_521' title='bbox 610 4456 690 4493; x_wconf 45' lang='lat' dir='ltr'><strong>v”</strong></span> <span class='ocrx_word' id='word_1_522' title='bbox 724 4455 754 4511; x_wconf 91' lang='grc' dir='ltr'><em>Ι</em></span> <span class='ocrx_word' id='word_1_523' title='bbox 787 4454 911 4513; x_wconf 86' lang='lat' dir='ltr'><strong>Cor.</strong></span> <span class='ocrx_word' id='word_1_524' title='bbox 954 4472 1051 4523; x_wconf 83' lang='lat' dir='ltr'><strong>vn,</strong></span> <span class='ocrx_word' id='word_1_525' title='bbox 1096 4456 1189 4514; x_wconf 73' lang='lat'><strong>29.</strong></span> 
     </span>
    </p>
   </div>
   <div class='ocr_carea' id='block_1_78' title="bbox 643 4569 2136 4640">
    <p class='ocr_par' dir='ltr' id='par_1_78' title="bbox 643 4569 2136 4640">
     <span class='ocr_line' id='line_1_78' title="bbox 643 4569 2136 4640; baseline 0 -14"><span class='ocrx_word' id='word_1_526' title='bbox 643 4569 756 4640; x_wconf 73' lang='grc'><strong>(45)</strong></span> <span class='ocrx_word' id='word_1_527' title='bbox 790 4571 975 4639; x_wconf 78' lang='grc' dir='ltr'>Χωρὶς</span> <span class='ocrx_word' id='word_1_528' title='bbox 1019 4569 1206 4639; x_wconf 84' lang='grc' dir='ltr'>αὐτῆς</span> <span class='ocrx_word' id='word_1_529' title='bbox 1237 4571 1435 4639; x_wconf 78' lang='grc' dir='ltr'>οὐδεὶς</span> <span class='ocrx_word' id='word_1_530' title='bbox 1462 4572 1749 4637; x_wconf 82' lang='grc' dir='ltr'>τεύξεται.</span> <span class='ocrx_word' id='word_1_531' title='bbox 1778 4570 1855 4626; x_wconf 88' lang='lat' dir='ltr'><strong>De</strong></span> <span class='ocrx_word' id='word_1_532' title='bbox 1885 4572 2136 4627; x_wconf 86' lang='lat' dir='ltr'><strong>castitate</strong></span> 
     </span>
    </p>
   </div>
   <div class='ocr_carea' id='block_1_79' title="bbox 574 4642 2137 4714">
    <p class='ocr_par' dir='ltr' id='par_1_79' title="bbox 574 4642 2137 4714">
     <span class='ocr_line' id='line_1_79' title="bbox 574 4642 2137 4714; baseline -0.001 -17"><span class='ocrx_word' id='word_1_533' title='bbox 574 4642 917 4714; x_wconf 77' lang='lat' dir='ltr'><strong>communitis</strong></span> <span class='ocrx_word' id='word_1_534' title='bbox 961 4642 1104 4697; x_wconf 89' lang='lat' dir='ltr'><strong>dicta</strong></span> <span class='ocrx_word' id='word_1_535' title='bbox 1133 4644 1221 4697; x_wconf 89' lang='lat' dir='ltr'><strong>hic</strong></span> <span class='ocrx_word' id='word_1_536' title='bbox 1251 4657 1432 4699; x_wconf 86' lang='lat' dir='ltr'><strong>sermo</strong></span> <span class='ocrx_word' id='word_1_537' title='bbox 1480 4643 1777 4707; x_wconf 85' lang='lat' dir='ltr'><strong>Methodio,</strong></span> <span class='ocrx_word' id='word_1_538' title='bbox 1823 4644 2137 4714; x_wconf 15' lang='lat' dir='ltr'><strong>qualemiet</strong></span> 
     </span>
    </p>
   </div>
   <div class='ocr_carea' id='block_1_80' title="bbox 576 4711 2134 4797">
    <p class='ocr_par' dir='ltr' id='par_1_80' title="bbox 576 4711 2134 4797">
     <span class='ocr_line' id='line_1_80' title="bbox 576 4711 2134 4797; baseline 0.001 -31"><span class='ocrx_word' id='word_1_539' title='bbox 576 4711 866 4797; x_wconf 75' lang='lat' dir='ltr'><strong>coniugum</strong></span> <span class='ocrx_word' id='word_1_540' title='bbox 897 4726 1018 4768; x_wconf 86' lang='lat' dir='ltr'><strong>esse</strong></span> <span class='ocrx_word' id='word_1_541' title='bbox 1051 4728 1287 4797; x_wconf 61' lang='lat' dir='ltr'><strong>necesse</strong></span> <span class='ocrx_word' id='word_1_542' title='bbox 1306 4715 1424 4796; x_wconf 52' lang='lat' dir='ltr'><strong>sit;</strong></span> <span class='ocrx_word' id='word_1_543' title='bbox 1456 4730 1578 4785; x_wconf 69' lang='lat' dir='ltr'><strong>quae</strong></span> <span class='ocrx_word' id='word_1_544' title='bbox 1606 4711 1972 4797; x_wconf 42' lang='lat' dir='ltr'><strong>et_ipsa&#39;_Deo</strong></span> <span class='ocrx_word' id='word_1_545' title='bbox 1999 4713 2134 4797; x_wconf 33' lang='lat' dir='ltr'><strong>opla-</strong></span> 
     </span>
    </p>
   </div>
   <div class='ocr_carea' id='block_1_81' title="bbox 576 4781 2490 4856">
    <p class='ocr_par' dir='ltr' id='par_1_81' title="bbox 576 4781 2490 4856">
     <span class='ocr_line' id='line_1_81' title="bbox 576 4781 2490 4856; baseline 0.002 -20"><span class='ocrx_word' id='word_1_546' title='bbox 576 4790 714 4842; x_wconf 89' lang='lat' dir='ltr'><strong>ceat,</strong></span> <span class='ocrx_word' id='word_1_547' title='bbox 744 4782 850 4856; x_wconf 78' lang='lat' dir='ltr'><strong>etsi</strong></span> <span class='ocrx_word' id='word_1_548' title='bbox 880 4797 989 4837; x_wconf 90' lang='lat' dir='ltr'><strong>non</strong></span> <span class='ocrx_word' id='word_1_549' title='bbox 1019 4799 1083 4839; x_wconf 90' lang='lat' dir='ltr'><strong>ea</strong></span> <span class='ocrx_word' id='word_1_550' title='bbox 1121 4786 1442 4856; x_wconf 81' lang='lat' dir='ltr'><strong>excellentia</strong></span> <span class='ocrx_word' id='word_1_551' title='bbox 1473 4781 1591 4855; x_wconf 62' lang='lat' dir='ltr'><strong>&#39;qua</strong></span> <span class='ocrx_word' id='word_1_552' title='bbox 1631 4781 1917 4856; x_wconf 78' lang='lat' dir='ltr'><strong>virginitas</strong></span> <span class='ocrx_word' id='word_1_553' title='bbox 1950 4807 1964 4840; x_wconf 85' lang='lat'><strong>:</strong></span> <span class='ocrx_word' id='word_1_554' title='bbox 1990 4781 2133 4856; x_wconf 80' lang='lat' dir='ltr'><strong>jam-</strong></span> <span class='ocrx_word' id='word_1_555' title='bbox 2164 4788 2208 4843; x_wconf 92' lang='lat' dir='ltr'><strong>D</strong></span> <span class='ocrx_word' id='word_1_556' title='bbox 2234 4781 2337 4856; x_wconf 76' lang='lat' dir='ltr'><strong>cus</strong></span> <span class='ocrx_word' id='word_1_557' title='bbox 2370 4781 2434 4839; x_wconf 83' lang='lat' dir='ltr'><strong>ac</strong></span> <span class='ocrx_word' id='word_1_558' title='bbox 2463 4781 2490 4853; x_wconf 85' lang='lat'>§</span> 
     </span>
    </p>
   </div>
   <div class='ocr_carea' id='block_1_82' title="bbox 576 4850 2135 4939">
    <p class='ocr_par' dir='ltr' id='par_1_82' title="bbox 576 4850 2135 4939">
     <span class='ocr_line' id='line_1_82' title="bbox 576 4850 2135 4939; baseline 0.004 -36"><span class='ocrx_word' id='word_1_559' title='bbox 576 4866 685 4939; x_wconf 63' lang='lat' dir='ltr'><strong>que</strong></span> <span class='ocrx_word' id='word_1_560' title='bbox 712 4850 878 4905; x_wconf 84' lang='lat' dir='ltr'><strong>altera</strong></span> <span class='ocrx_word' id='word_1_561' title='bbox 911 4850 1674 4939; x_wconf 44' lang='lat' dir='ltr'><strong>oratione,&quot;quidquid&#39;hinc&#39;</strong></span> <span class='ocrx_word' id='word_1_562' title='bbox 1709 4850 1950 4939; x_wconf 67' lang='lat' dir='ltr'><strong>scrupuli</strong></span> <span class='ocrx_word' id='word_1_563' title='bbox 1984 4850 2135 4939; x_wconf 65' lang='lat' dir='ltr'><strong>vide-</strong></span> 
     </span>
    </p>
   </div>
   <div class='ocr_carea' id='block_1_83' title="bbox 575 4923 2133 4998">
    <p class='ocr_par' dir='ltr' id='par_1_83' title="bbox 575 4923 2133 4998">
     <span class='ocr_line' id='line_1_83' title="bbox 575 4923 2133 4998; baseline 0.004 -22"><span class='ocrx_word' id='word_1_564' title='bbox 575 4923 738 4998; x_wconf 78' lang='lat' dir='ltr'><strong>batur</strong></span> <span class='ocrx_word' id='word_1_565' title='bbox 767 4938 833 4998; x_wconf 79' lang='lat' dir='ltr'><strong>ex</strong></span> <span class='ocrx_word' id='word_1_566' title='bbox 856 4925 1151 4993; x_wconf 86' lang='lat' dir='ltr'><strong>superioris</strong></span> <span class='ocrx_word' id='word_1_567' title='bbox 1174 4923 1440 4982; x_wconf 70' lang='lat' dir='ltr'><strong>Marcellae</strong></span> <span class='ocrx_word' id='word_1_568' title='bbox 1468 4929 1777 4998; x_wconf 81' lang='lat' dir='ltr'><strong>profusiore</strong></span> <span class='ocrx_word' id='word_1_569' title='bbox 1806 4923 2133 4997; x_wconf 83' lang='lat' dir='ltr'><strong>virginitatis</strong></span> 
     </span>
    </p>
   </div>
   <div class='ocr_carea' id='block_1_84' title="bbox 576 4991 2134 5068">
    <p class='ocr_par' dir='ltr' id='par_1_84' title="bbox 576 4991 2134 5068">
     <span class='ocr_line' id='line_1_84' title="bbox 576 4991 2134 5068; baseline 0.003 -22"><span class='ocrx_word' id='word_1_570' title='bbox 576 4991 906 5068; x_wconf 60' lang='lat' dir='ltr'><strong>laudatione,</strong></span> <span class='ocrx_word' id='word_1_571' title='bbox 927 4991 1245 5068; x_wconf 79' lang='lat' dir='ltr'><strong>exemerat;</strong></span> <span class='ocrx_word' id='word_1_572' title='bbox 1276 4991 1575 5068; x_wconf 75' lang='lat' dir='ltr'><strong>seduloque</strong></span> <span class='ocrx_word' id='word_1_573' title='bbox 1598 5015 1713 5054; x_wconf 86' lang='lat' dir='ltr'><strong>rem</strong></span> <span class='ocrx_word' id='word_1_574' title='bbox 1740 4991 2134 5068; x_wconf 9' lang='lat' dir='ltr'><strong>niarit&#39;alemrex</strong></span> 
     </span>
    </p>
   </div>
   <div class='ocr_carea' id='block_1_85' title="bbox 578 5062 2134 5138">
    <p class='ocr_par' dir='ltr' id='par_1_85' title="bbox 578 5062 2134 5138">
     <span class='ocr_line' id='line_1_85' title="bbox 578 5062 2134 5138; baseline 0.003 -21"><span class='ocrx_word' id='word_1_575' title='bbox 578 5062 676 5138; x_wconf 85' lang='lat' dir='ltr'><strong>Dei</strong></span> <span class='ocrx_word' id='word_1_576' title='bbox 715 5064 969 5138; x_wconf 74' lang='lat' dir='ltr'><strong>mandato</strong></span> <span class='ocrx_word' id='word_1_577' title='bbox 1009 5067 1392 5138; x_wconf 76' lang='lat' dir='ltr'><strong>etlegitimam</strong></span> <span class='ocrx_word' id='word_1_578' title='bbox 1440 5062 1565 5125; x_wconf 76' lang='lat' dir='ltr'><strong>esse</strong></span> <span class='ocrx_word' id='word_1_579' title='bbox 1626 5070 1942 5125; x_wconf 85' lang='lat' dir='ltr'><strong>ostenderat</strong></span> <span class='ocrx_word' id='word_1_580' title='bbox 1987 5087 1999 5121; x_wconf 89' lang='lat'>:</span> <span class='ocrx_word' id='word_1_581' title='bbox 2045 5067 2134 5121; x_wconf 91' lang='lat' dir='ltr'><strong>hic</strong></span> 
     </span>
    </p>
   </div>
   <div class='ocr_carea' id='block_1_86' title="bbox 576 5134 2134 5202">
    <p class='ocr_par' dir='ltr' id='par_1_86' title="bbox 576 5134 2134 5202">
     <span class='ocr_line' id='line_1_86' title="bbox 576 5134 2134 5202; baseline 0.003 -13"><span class='ocrx_word' id='word_1_582' title='bbox 576 5135 753 5189; x_wconf 87' lang='lat' dir='ltr'><strong>solum</strong></span> <span class='ocrx_word' id='word_1_583' title='bbox 802 5134 1190 5191; x_wconf 75' lang='lat' dir='ltr'><strong>moderandum</strong></span> <span class='ocrx_word' id='word_1_584' title='bbox 1242 5138 1387 5193; x_wconf 87' lang='lat' dir='ltr'><strong>illius</strong></span> <span class='ocrx_word' id='word_1_585' title='bbox 1430 5155 1588 5195; x_wconf 90' lang='lat' dir='ltr'><strong>usum</strong></span> <span class='ocrx_word' id='word_1_586' title='bbox 1640 5140 1923 5202; x_wconf 90' lang='lat' dir='ltr'><strong>admonet,</strong></span> <span class='ocrx_word' id='word_1_587' title='bbox 1966 5154 2035 5193; x_wconf 93' lang='lat' dir='ltr'><strong>ne</strong></span> <span class='ocrx_word' id='word_1_588' title='bbox 2080 5147 2134 5193; x_wconf 91' lang='lat' dir='ltr'><strong>et</strong></span> 
     </span>
    </p>
   </div>
   <div class='ocr_carea' id='block_1_87' title="bbox 575 5206 2130 5275">
    <p class='ocr_par' dir='ltr' id='par_1_87' title="bbox 575 5206 2130 5275">
     <span class='ocr_line' id='line_1_87' title="bbox 575 5206 2130 5275; baseline 0.002 -15"><span class='ocrx_word' id='word_1_589' title='bbox 575 5206 687 5260; x_wconf 91' lang='lat' dir='ltr'><strong>illis</strong></span> <span class='ocrx_word' id='word_1_590' title='bbox 724 5219 822 5274; x_wconf 89' lang='lat' dir='ltr'><strong>pro</strong></span> <span class='ocrx_word' id='word_1_591' title='bbox 845 5220 945 5260; x_wconf 91' lang='lat' dir='ltr'><strong>suo</strong></span> <span class='ocrx_word' id='word_1_592' title='bbox 975 5209 1192 5262; x_wconf 79' lang='lat' dir='ltr'><strong>modulo</strong></span> <span class='ocrx_word' id='word_1_593' title='bbox 1238 5208 1377 5263; x_wconf 89' lang='lat' dir='ltr'><strong>desit</strong></span> <span class='ocrx_word' id='word_1_594' title='bbox 1409 5212 1676 5267; x_wconf 89' lang='lat' dir='ltr'><strong>castitatis</strong></span> <span class='ocrx_word' id='word_1_595' title='bbox 1717 5218 2130 5275; x_wconf 90' lang='lat' dir='ltr'><strong>ornamentum;</strong></span> 
     </span>
    </p>
   </div>
   <div class='ocr_carea' id='block_1_88' title="bbox 576 5276 2133 5345">
    <p class='ocr_par' dir='ltr' id='par_1_88' title="bbox 576 5276 2133 5345">
     <span class='ocr_line' id='line_1_88' title="bbox 576 5276 2133 5345; baseline 0.001 -14"><span class='ocrx_word' id='word_1_596' title='bbox 576 5278 662 5331; x_wconf 89' lang='lat' dir='ltr'><strong>sin</strong></span> <span class='ocrx_word' id='word_1_597' title='bbox 700 5284 758 5330; x_wconf 92' lang='lat' dir='ltr'><strong>ut</strong></span> <span class='ocrx_word' id='word_1_598' title='bbox 786 5276 898 5345; x_wconf 89' lang='lat' dir='ltr'><strong>ipsa</strong></span> <span class='ocrx_word' id='word_1_599' title='bbox 927 5277 1033 5330; x_wconf 79' lang='lat' dir='ltr'><strong>alta</strong></span> <span class='ocrx_word' id='word_1_600' title='bbox 1065 5279 1247 5342; x_wconf 88' lang='lat' dir='ltr'><strong>arbor,</strong></span> <span class='ocrx_word' id='word_1_601' title='bbox 1281 5287 1335 5332; x_wconf 89' lang='lat' dir='ltr'><strong>at</strong></span> <span class='ocrx_word' id='word_1_602' title='bbox 1364 5291 1510 5336; x_wconf 83' lang='lat' dir='ltr'><strong>certe</strong></span> <span class='ocrx_word' id='word_1_603' title='bbox 1536 5288 1594 5334; x_wconf 92' lang='lat' dir='ltr'><strong>ut</strong></span> <span class='ocrx_word' id='word_1_604' title='bbox 1622 5283 1982 5337; x_wconf 87' lang='lat' dir='ltr'><strong>adnascentes</strong></span> <span class='ocrx_word' id='word_1_605' title='bbox 2011 5295 2133 5334; x_wconf 87' lang='lat' dir='ltr'><strong>sur-</strong></span> 
     </span>
    </p>
   </div>
   <div class='ocr_carea' id='block_1_89' title="bbox 576 5347 2139 5420">
    <p class='ocr_par' dir='ltr' id='par_1_89' title="bbox 576 5347 2139 5420">
     <span class='ocr_line' id='line_1_89' title="bbox 576 5347 2139 5420; baseline 0.002 -19"><span class='ocrx_word' id='word_1_606' title='bbox 576 5348 706 5420; x_wconf 73' lang='lat' dir='ltr'><strong>;uli,</strong></span> <span class='ocrx_word' id='word_1_607' title='bbox 742 5347 832 5402; x_wconf 90' lang='lat' dir='ltr'><strong>cui</strong></span> <span class='ocrx_word' id='word_1_608' title='bbox 861 5355 916 5420; x_wconf 82' lang='lat' dir='ltr'><strong>et</strong></span> <span class='ocrx_word' id='word_1_609' title='bbox 947 5348 1049 5417; x_wconf 91' lang='lat' dir='ltr'><strong>ipsi</strong></span> <span class='ocrx_word' id='word_1_610' title='bbox 1068 5352 1248 5420; x_wconf 81' lang='lat' dir='ltr'><strong>animo</strong></span> <span class='ocrx_word' id='word_1_611' title='bbox 1275 5351 1533 5420; x_wconf 83' lang='lat' dir='ltr'><strong>conjuges</strong></span> <span class='ocrx_word' id='word_1_612' title='bbox 1563 5351 1882 5419; x_wconf 81' lang='lat' dir='ltr'><strong>aﬂiciantur,</strong></span> <span class='ocrx_word' id='word_1_613' title='bbox 1913 5353 2016 5407; x_wconf 90' lang='lat' dir='ltr'><strong>etsi</strong></span> <span class='ocrx_word' id='word_1_614' title='bbox 2045 5364 2139 5405; x_wconf 89' lang='lat' dir='ltr'><strong>eos</strong></span> 
     </span>
    </p>
   </div>
   <div class='ocr_carea' id='block_1_90' title="bbox 572 5415 2145 5494">
    <p class='ocr_par' dir='ltr' id='par_1_90' title="bbox 572 5415 2145 5494">
     <span class='ocr_line' id='line_1_90' title="bbox 572 5415 2145 5494; baseline 0.003 -25"><span class='ocrx_word' id='word_1_615' title='bbox 572 5415 762 5494; x_wconf 72' lang='lat' dir='ltr'><strong>jugum</strong></span> <span class='ocrx_word' id='word_1_616' title='bbox 802 5415 1037 5494; x_wconf 76' lang='lat' dir='ltr'><strong>trahere,</strong></span> <span class='ocrx_word' id='word_1_617' title='bbox 1067 5418 1185 5494; x_wconf 79' lang='lat' dir='ltr'><strong>ipsa</strong></span> <span class='ocrx_word' id='word_1_618' title='bbox 1215 5415 1714 5494; x_wconf 62' lang='lat' dir='ltr'><strong>statusn&#39;ecessitas</strong></span> <span class='ocrx_word' id='word_1_619' title='bbox 1744 5415 1908 5494; x_wconf 82' lang='lat' dir='ltr'><strong>cogit,</strong></span> <span class='ocrx_word' id='word_1_620' title='bbox 1933 5429 1985 5478; x_wconf 90' lang='lat' dir='ltr'><strong>et</strong></span> <span class='ocrx_word' id='word_1_621' title='bbox 2019 5436 2145 5494; x_wconf 87' lang='lat' dir='ltr'><strong>pro-</strong></span> 
     </span>
    </p>
   </div>
   <div class='ocr_carea' id='block_1_91' title="bbox 578 5488 2141 5564">
    <p class='ocr_par' dir='ltr' id='par_1_91' title="bbox 578 5488 2141 5564">
     <span class='ocr_line' id='line_1_91' title="bbox 578 5488 2141 5564; baseline 0.003 -23"><span class='ocrx_word' id='word_1_622' title='bbox 578 5488 646 5564; x_wconf 77' lang='lat' dir='ltr'><strong>lis</strong></span> <span class='ocrx_word' id='word_1_623' title='bbox 688 5504 844 5543; x_wconf 85' lang='lat' dir='ltr'><strong>amor</strong></span> <span class='ocrx_word' id='word_1_624' title='bbox 859 5490 1007 5564; x_wconf 77' lang='lat' dir='ltr'><strong>_:_vel</strong></span> <span class='ocrx_word' id='word_1_625' title='bbox 1046 5491 1209 5544; x_wconf 89' lang='lat' dir='ltr'><strong>etiam</strong></span> <span class='ocrx_word' id='word_1_626' title='bbox 1241 5492 1409 5564; x_wconf 83' lang='lat' dir='ltr'><strong>(quod</strong></span> <span class='ocrx_word' id='word_1_627' title='bbox 1435 5488 1959 5564; x_wconf 65' lang='lat' dir='ltr'><strong>inlirmorumfipsa</strong></span> <span class='ocrx_word' id='word_1_628' title='bbox 1982 5488 2141 5562; x_wconf 78' lang='lat' dir='ltr'><strong>cupi-</strong></span> 
     </span>
    </p>
   </div>
   <div class='ocr_carea' id='block_1_92' title="bbox 580 5559 2143 5635">
    <p class='ocr_par' dir='ltr' id='par_1_92' title="bbox 580 5559 2143 5635">
     <span class='ocr_line' id='line_1_92' title="bbox 580 5559 2143 5635; baseline 0.004 -25"><span class='ocrx_word' id='word_1_629' title='bbox 580 5559 753 5635; x_wconf 77' lang='lat' dir='ltr'><strong>ditas;</strong></span> <span class='ocrx_word' id='word_1_630' title='bbox 786 5560 872 5613; x_wconf 90' lang='lat' dir='ltr'><strong>cui</strong></span> <span class='ocrx_word' id='word_1_631' title='bbox 903 5560 1003 5635; x_wconf 88' lang='lat' dir='ltr'><strong>ipsi</strong></span> <span class='ocrx_word' id='word_1_632' title='bbox 1028 5576 1151 5635; x_wconf 73' lang='lat' dir='ltr'><strong>sua:</strong></span> <span class='ocrx_word' id='word_1_633' title='bbox 1173 5561 1584 5635; x_wconf 74' lang='lat' dir='ltr'><strong>przescribendae</strong></span> <span class='ocrx_word' id='word_1_634' title='bbox 1608 5559 1785 5635; x_wconf 80' lang='lat' dir='ltr'><strong>leges,</strong></span> <span class='ocrx_word' id='word_1_635' title='bbox 1806 5559 1881 5620; x_wconf 77' lang='lat' dir='ltr'><strong>ne</strong></span> <span class='ocrx_word' id='word_1_636' title='bbox 1904 5565 1988 5619; x_wconf 89' lang='lat' dir='ltr'><strong>vel</strong></span> <span class='ocrx_word' id='word_1_637' title='bbox 2015 5559 2143 5617; x_wconf 81' lang='lat' dir='ltr'><strong>con-</strong></span> 
     </span>
    </p>
   </div>
   <div class='ocr_carea' id='block_1_93' title="bbox 578 5627 2136 5709">
    <p class='ocr_par' dir='ltr' id='par_1_93' title="bbox 578 5627 2136 5709">
     <span class='ocr_line' id='line_1_93' title="bbox 578 5627 2136 5709; baseline 0.006 -30"><span class='ocrx_word' id='word_1_638' title='bbox 578 5627 777 5709; x_wconf 79' lang='lat' dir='ltr'><strong>jugalis</strong></span> <span class='ocrx_word' id='word_1_639' title='bbox 806 5627 1073 5687; x_wconf 84' lang='lat' dir='ltr'><strong>castitatis</strong></span> <span class='ocrx_word' id='word_1_640' title='bbox 1103 5627 1280 5687; x_wconf 80' lang='lat' dir='ltr'><strong>metas</strong></span> <span class='ocrx_word' id='word_1_641' title='bbox 1298 5632 1585 5698; x_wconf 83' lang='lat' dir='ltr'><strong>excedens,</strong></span> <span class='ocrx_word' id='word_1_642' title='bbox 1605 5627 1944 5709; x_wconf 64' lang='lat' dir='ltr'><strong>in&#39;ell&#39;renem</strong></span> <span class='ocrx_word' id='word_1_643' title='bbox 1976 5636 2136 5709; x_wconf 81' lang='lat' dir='ltr'><strong>luxu-</strong></span> 
     </span>
    </p>
   </div>
   <div class='ocr_carea' id='block_1_94' title="bbox 583 5705 2135 5774">
    <p class='ocr_par' dir='ltr' id='par_1_94' title="bbox 583 5705 2135 5774">
     <span class='ocr_line' id='line_1_94' title="bbox 583 5705 2135 5774; baseline 0.006 -23"><span class='ocrx_word' id='word_1_644' title='bbox 583 5705 733 5774; x_wconf 56' lang='lat' dir='ltr'><strong>riant</strong></span> <span class='ocrx_word' id='word_1_645' title='bbox 769 5709 1105 5774; x_wconf 80' lang='lat' dir='ltr'><strong>uestrumque</strong></span> <span class='ocrx_word' id='word_1_646' title='bbox 1139 5711 1345 5774; x_wconf 84' lang='lat' dir='ltr'><strong>vergat,</strong></span> <span class='ocrx_word' id='word_1_647' title='bbox 1380 5718 1534 5758; x_wconf 68' lang='lat' dir='ltr'><strong>novae</strong></span> <span class='ocrx_word' id='word_1_648' title='bbox 1565 5705 1865 5761; x_wconf 88' lang='lat' dir='ltr'><strong>creationis</strong></span> <span class='ocrx_word' id='word_1_649' title='bbox 1890 5713 1944 5761; x_wconf 89' lang='lat' dir='ltr'><strong>et</strong></span> <span class='ocrx_word' id='word_1_650' title='bbox 1986 5706 2135 5760; x_wconf 90' lang='lat' dir='ltr'><strong>inso-</strong></span> 
     </span>
    </p>
   </div>
   <div class='ocr_carea' id='block_1_95' title="bbox 584 5767 2132 5848">
    <p class='ocr_par' dir='ltr' id='par_1_95' title="bbox 584 5767 2132 5848">
     <span class='ocr_line' id='line_1_95' title="bbox 584 5767 2132 5848; baseline 0.006 -26"><span class='ocrx_word' id='word_1_651' title='bbox 584 5767 769 5823; x_wconf 88' lang='lat' dir='ltr'><strong>lubilis</strong></span> <span class='ocrx_word' id='word_1_652' title='bbox 792 5767 1140 5829; x_wconf 79' lang='lat' dir='ltr'><strong>tabernaculo</strong></span> <span class='ocrx_word' id='word_1_653' title='bbox 1168 5767 1311 5830; x_wconf 70' lang='lat' dir='ltr'><strong>haud</strong></span> <span class='ocrx_word' id='word_1_654' title='bbox 1333 5777 1466 5832; x_wconf 89' lang='lat' dir='ltr'><strong>satis</strong></span> <span class='ocrx_word' id='word_1_655' title='bbox 1493 5783 1867 5848; x_wconf 88' lang='lat' dir='ltr'><strong>comparatum</strong></span> <span class='ocrx_word' id='word_1_656' title='bbox 1897 5786 1948 5834; x_wconf 88' lang='lat' dir='ltr'><strong>et</strong></span> <span class='ocrx_word' id='word_1_657' title='bbox 1972 5777 2132 5848; x_wconf 89' lang='lat' dir='ltr'><strong>quale</strong></span> 
     </span>
    </p>
   </div>
   <div class='ocr_carea' id='block_1_96' title="bbox 2233 3577 3799 3672">
    <p class='ocr_par' dir='ltr' id='par_1_96' title="bbox 2233 3577 3799 3672">
     <span class='ocr_line' id='line_1_96' title="bbox 2233 3577 3799 3672; baseline -0.017 -17"><span class='ocrx_word' id='word_1_658' title='bbox 2233 3577 2463 3672; x_wconf 81' lang='grc' dir='ltr'>ἀμελητί</span> <span class='ocrx_word' id='word_1_659' title='bbox 2498 3614 2640 3667; x_wconf 89' lang='grc' dir='ltr'>φημι</span> <span class='ocrx_word' id='word_1_660' title='bbox 2669 3594 2776 3647; x_wconf 88' lang='grc' dir='ltr'>δεῖν</span> <span class='ocrx_word' id='word_1_661' title='bbox 2811 3593 2904 3645; x_wconf 73' lang='grc' dir='ltr'><strong>καὶ</strong></span> <span class='ocrx_word' id='word_1_662' title='bbox 2935 3590 3120 3660; x_wconf 81' lang='grc' dir='ltr'>τιμᾷν,</span> <span class='ocrx_word' id='word_1_663' title='bbox 3144 3586 3219 3648; x_wconf 81' lang='grc' dir='ltr'><strong>ὡς</strong></span> <span class='ocrx_word' id='word_1_664' title='bbox 3240 3581 3681 3652; x_wconf 84' lang='grc' dir='ltr'>ὠφελιμωτάτην</span> 
     </span>
    </p>
   </div>
   <div class='ocr_carea' id='block_1_97' title="bbox 2233 3670 3796 3758">
    <p class='ocr_par' dir='ltr' id='par_1_97' title="bbox 2233 3670 3796 3758">
     <span class='ocr_line' id='line_1_97' title="bbox 2233 3670 3796 3758; baseline -0.015 -12"><span class='ocrx_word' id='word_1_665' title='bbox 2233 3670 2496 3758; x_wconf 79' lang='grc' dir='ltr'>ἐπίδοξον.</span> <span class='ocrx_word' id='word_1_666' title='bbox 2515 3691 2601 3743; x_wconf 85' lang='grc' dir='ltr'>Ἐν</span> <span class='ocrx_word' id='word_1_667' title='bbox 2623 3687 2730 3758; x_wconf 85' lang='grc' dir='ltr'>γὰρ</span> <span class='ocrx_word' id='word_1_668' title='bbox 2747 3689 2811 3758; x_wconf 81' lang='grc' dir='ltr'>τῇ</span> <span class='ocrx_word' id='word_1_669' title='bbox 2833 3686 2991 3755; x_wconf 81' lang='grc' dir='ltr'>καινῇ</span> <span class='ocrx_word' id='word_1_670' title='bbox 3014 3682 3107 3735; x_wconf 74' lang='grc' dir='ltr'><strong>καὶ</strong></span> <span class='ocrx_word' id='word_1_671' title='bbox 3127 3678 3305 3748; x_wconf 81' lang='grc' dir='ltr'>ἀλύτῳ</span> <span class='ocrx_word' id='word_1_672' title='bbox 3321 3676 3501 3729; x_wconf 84' lang='grc' dir='ltr'>κτίσει</span> <span class='ocrx_word' id='word_1_673' title='bbox 3514 3672 3655 3745; x_wconf 68' lang='grc'>(46),</span> <span class='ocrx_word' id='word_1_674' title='bbox 3670 3672 3727 3735; x_wconf 80' lang='grc' dir='ltr'>ὃς</span> <span class='ocrx_word' id='word_1_675' title='bbox 3743 3670 3796 3723; x_wconf 73' lang='grc' dir='ltr'><strong>ἂν</strong></span> 
     </span>
    </p>
   </div>
   <div class='ocr_carea' id='block_1_98' title="bbox 2234 3766 3799 3864">
    <p class='ocr_par' dir='ltr' id='par_1_98' title="bbox 2234 3766 3799 3864">
     <span class='ocr_line' id='line_1_98' title="bbox 2234 3766 3799 3864; baseline -0.017 -22"><span class='ocrx_word' id='word_1_676' title='bbox 2234 3787 2453 3857; x_wconf 85' lang='grc' dir='ltr'>ἁγνείας</span> <span class='ocrx_word' id='word_1_677' title='bbox 2478 3784 2551 3856; x_wconf 82' lang='grc' dir='ltr'>μὴ</span> <span class='ocrx_word' id='word_1_678' title='bbox 2575 3783 2768 3853; x_wconf 86' lang='grc' dir='ltr'>εὐρεθῇ</span> <span class='ocrx_word' id='word_1_679' title='bbox 2798 3777 3009 3840; x_wconf 90' lang='grc' dir='ltr'>κλάδοις</span> <span class='ocrx_word' id='word_1_680' title='bbox 3031 3771 3460 3864; x_wconf 72' lang='grc' dir='ltr'>κεκοσμημένος,</span> <span class='ocrx_word' id='word_1_681' title='bbox 3473 3768 3542 3864; x_wconf 29' lang='grc' dir='ltr'><strong>ὀὐ</strong></span> <span class='ocrx_word' id='word_1_682' title='bbox 3565 3766 3799 3864; x_wconf 38' lang='lat' dir='ltr'><strong>aug-sm:</strong></span> 
     </span>
    </p>
   </div>
   <div class='ocr_carea' id='block_1_99' title="bbox 2234 3858 3798 3958">
    <p class='ocr_par' dir='ltr' id='par_1_99' title="bbox 2234 3858 3798 3958">
     <span class='ocr_line' id='line_1_99' title="bbox 2234 3858 3798 3958; baseline -0.016 -24"><span class='ocrx_word' id='word_1_683' title='bbox 2234 3883 2333 3951; x_wconf 85' lang='grc' dir='ltr'>τῆς</span> <span class='ocrx_word' id='word_1_684' title='bbox 2365 3877 2743 3938; x_wconf 83' lang='grc' dir='ltr'>ἀναπαύσεως,</span> <span class='ocrx_word' id='word_1_685' title='bbox 2765 3873 2838 3945; x_wconf 87' lang='grc' dir='ltr'><strong>μὴ</strong></span> <span class='ocrx_word' id='word_1_686' title='bbox 2866 3868 3157 3942; x_wconf 83' lang='grc' dir='ltr'>πληρώσας</span> <span class='ocrx_word' id='word_1_687' title='bbox 3188 3866 3285 3935; x_wconf 81' lang='grc' dir='ltr'>τὴν</span> <span class='ocrx_word' id='word_1_688' title='bbox 3314 3859 3656 3958; x_wconf 32' lang='grc' dir='ltr'>ἐντολὴν-τοῦ</span> <span class='ocrx_word' id='word_1_689' title='bbox 3676 3858 3798 3958; x_wconf 59' lang='grc' dir='ltr'>Θεοῦ</span> 
     </span>
    </p>
   </div>
   <div class='ocr_carea' id='block_1_100' title="bbox 2237 3953 3799 4041">
    <p class='ocr_par' dir='ltr' id='par_1_100' title="bbox 2237 3953 3799 4041">
     <span class='ocr_line' id='line_1_100' title="bbox 2237 3953 3799 4041; baseline -0.017 -13"><span class='ocrx_word' id='word_1_690' title='bbox 2237 3972 2380 4029; x_wconf 84' lang='grc' dir='ltr'>κατὰ</span> <span class='ocrx_word' id='word_1_691' title='bbox 2421 3972 2511 4025; x_wconf 84' lang='grc' dir='ltr'><strong>τὸν</strong></span> <span class='ocrx_word' id='word_1_692' title='bbox 2555 3970 2746 4041; x_wconf 85' lang='grc' dir='ltr'>νόμον·</span> <span class='ocrx_word' id='word_1_693' title='bbox 2782 3964 2902 4019; x_wconf 86' lang='grc' dir='ltr'><strong>ούδέ</strong></span> <span class='ocrx_word' id='word_1_694' title='bbox 2949 3963 3029 4025; x_wconf 84' lang='grc' dir='ltr'><strong>είς</strong></span> <span class='ocrx_word' id='word_1_695' title='bbox 3060 3960 3157 4032; x_wconf 84' lang='grc' dir='ltr'><strong>τὴν</strong></span> <span class='ocrx_word' id='word_1_696' title='bbox 3191 3958 3292 4029; x_wconf 76' lang='grc' dir='ltr'><strong>γῆν</strong></span> <span class='ocrx_word' id='word_1_697' title='bbox 3324 3953 3658 4024; x_wconf 82' lang='grc' dir='ltr'>ἐπιδημήσει</span> <span class='ocrx_word' id='word_1_698' title='bbox 3711 3953 3799 4019; x_wconf 71' lang='grc' dir='ltr'>τῆς</span> 
     </span>
    </p>
   </div>
   <div class='ocr_carea' id='block_1_101' title="bbox 2236 4042 3797 4133">
    <p class='ocr_par' dir='ltr' id='par_1_101' title="bbox 2236 4042 3797 4133">
     <span class='ocr_line' id='line_1_101' title="bbox 2236 4042 3797 4133; baseline -0.017 -14"><span class='ocrx_word' id='word_1_699' title='bbox 2236 4063 2584 4133; x_wconf 84' lang='grc' dir='ltr'>ἐπαγγελίας,</span> <span class='ocrx_word' id='word_1_700' title='bbox 2629 4060 2702 4131; x_wconf 82' lang='grc' dir='ltr'>μὴ</span> <span class='ocrx_word' id='word_1_701' title='bbox 2750 4055 3012 4128; x_wconf 79' lang='grc' dir='ltr'>ἑορτάσας</span> <span class='ocrx_word' id='word_1_702' title='bbox 3061 4051 3278 4124; x_wconf 87' lang='grc' dir='ltr'>πρῶτον</span> <span class='ocrx_word' id='word_1_703' title='bbox 3326 4047 3424 4112; x_wconf 79' lang='grc' dir='ltr'>τὰς</span> <span class='ocrx_word' id='word_1_704' title='bbox 3466 4046 3698 4115; x_wconf 77' lang='grc' dir='ltr'>σκηνάς.</span> <span class='ocrx_word' id='word_1_705' title='bbox 3744 4042 3797 4094; x_wconf 73' lang='lat' dir='ltr'><strong>OE</strong></span> 
     </span>
    </p>
   </div>
   <div class='ocr_carea' id='block_1_102' title="bbox 2236 4133 3799 4224">
    <p class='ocr_par' dir='ltr' id='par_1_102' title="bbox 2236 4133 3799 4224">
     <span class='ocr_line' id='line_1_102' title="bbox 2236 4133 3799 4224; baseline -0.014 -17"><span class='ocrx_word' id='word_1_706' title='bbox 2236 4153 2343 4224; x_wconf 84' lang='grc' dir='ltr'>γὰρ</span> <span class='ocrx_word' id='word_1_707' title='bbox 2400 4151 2753 4223; x_wconf 85' lang='grc' dir='ltr'>ἐορτάσαντες</span> <span class='ocrx_word' id='word_1_708' title='bbox 2804 4147 2951 4217; x_wconf 88' lang='grc' dir='ltr'>μόνοι</span> <span class='ocrx_word' id='word_1_709' title='bbox 3004 4141 3101 4214; x_wconf 83' lang='grc' dir='ltr'>τὴν</span> <span class='ocrx_word' id='word_1_710' title='bbox 3144 4137 3527 4212; x_wconf 86' lang='grc' dir='ltr'>Σκηνοπηγίαν</span> <span class='ocrx_word' id='word_1_711' title='bbox 3581 4138 3664 4199; x_wconf 83' lang='grc' dir='ltr'><strong>είς</strong></span> <span class='ocrx_word' id='word_1_712' title='bbox 3710 4133 3799 4203; x_wconf 70' lang='grc' dir='ltr'>τὴν</span> 
     </span>
    </p>
   </div>
   <div class='ocr_carea' id='block_1_103' title="bbox 2237 4228 3799 4316">
    <p class='ocr_par' dir='ltr' id='par_1_103' title="bbox 2237 4228 3799 4316">
     <span class='ocr_line' id='line_1_103' title="bbox 2237 4228 3799 4316; baseline -0.015 -14"><span class='ocrx_word' id='word_1_713' title='bbox 2237 4247 2397 4316; x_wconf 79' lang='grc' dir='ltr'>ἁγίαν</span> <span class='ocrx_word' id='word_1_714' title='bbox 2429 4245 2743 4314; x_wconf 87' lang='grc' dir='ltr'>καταίρουσι</span> <span class='ocrx_word' id='word_1_715' title='bbox 2777 4241 2898 4310; x_wconf 80' lang='grc' dir='ltr'>γῆν,</span> <span class='ocrx_word' id='word_1_716' title='bbox 2929 4235 3318 4306; x_wconf 86' lang='grc' dir='ltr'>ἀπαιρούμενοι</span> <span class='ocrx_word' id='word_1_717' title='bbox 3341 4231 3446 4285; x_wconf 82' lang='grc' dir='ltr'><strong>ἀπὸ</strong></span> <span class='ocrx_word' id='word_1_718' title='bbox 3477 4229 3587 4283; x_wconf 89' lang='grc' dir='ltr'><strong>τῶν</strong></span> <span class='ocrx_word' id='word_1_719' title='bbox 3616 4228 3799 4281; x_wconf 72' lang='grc' dir='ltr'>καλου-</span> 
     </span>
    </p>
   </div>
   <div class='ocr_carea' id='block_1_104' title="bbox 2239 4321 3798 4414">
    <p class='ocr_par' dir='ltr' id='par_1_104' title="bbox 2239 4321 3798 4414">
     <span class='ocr_line' id='line_1_104' title="bbox 2239 4321 3798 4414; baseline -0.016 -18"><span class='ocrx_word' id='word_1_720' title='bbox 2239 4342 2413 4414; x_wconf 87' lang='grc' dir='ltr'>μένων</span> <span class='ocrx_word' id='word_1_721' title='bbox 2442 4339 2682 4411; x_wconf 88' lang='grc' dir='ltr'>Σκηνῶν,</span> <span class='ocrx_word' id='word_1_722' title='bbox 2714 4334 2821 4388; x_wconf 67' lang='grc' dir='ltr'>ἔστ’</span> <span class='ocrx_word' id='word_1_723' title='bbox 2847 4332 2912 4387; x_wconf 87' lang='grc' dir='ltr'><strong>ἂν</strong></span> <span class='ocrx_word' id='word_1_724' title='bbox 2944 4332 3023 4393; x_wconf 82' lang='grc' dir='ltr'><strong>εἰς</strong></span> <span class='ocrx_word' id='word_1_725' title='bbox 3043 4331 3134 4383; x_wconf 83' lang='grc' dir='ltr'><strong>τὸν</strong></span> <span class='ocrx_word' id='word_1_726' title='bbox 3162 4326 3298 4382; x_wconf 83' lang='grc' dir='ltr'>νεὼν</span> <span class='ocrx_word' id='word_1_727' title='bbox 3328 4325 3607 4397; x_wconf 85' lang='grc' dir='ltr'>φθάσωσιν</span> <span class='ocrx_word' id='word_1_728' title='bbox 3635 4321 3798 4375; x_wconf 71' lang='grc' dir='ltr'>ἐλθεῖν</span> 
     </span>
    </p>
   </div>
   <div class='ocr_carea' id='block_1_105' title="bbox 2239 4559 3801 4632">
    <p class='ocr_par' dir='ltr' id='par_1_105' title="bbox 2239 4559 3801 4632">
     <span class='ocr_line' id='line_1_105' title="bbox 2239 4559 3801 4632; baseline -0.008 -7"><span class='ocrx_word' id='word_1_729' title='bbox 2239 4570 2442 4626; x_wconf 89' lang='lat' dir='ltr'><strong>Christi</strong></span> <span class='ocrx_word' id='word_1_730' title='bbox 2487 4570 2803 4632; x_wconf 89' lang='lat' dir='ltr'><strong>thalamum,</strong></span> <span class='ocrx_word' id='word_1_731' title='bbox 2835 4568 2917 4623; x_wconf 89' lang='lat' dir='ltr'><strong>vel</strong></span> <span class='ocrx_word' id='word_1_732' title='bbox 2968 4567 3110 4620; x_wconf 89' lang='lat' dir='ltr'><strong>inter</strong></span> <span class='ocrx_word' id='word_1_733' title='bbox 3152 4560 3494 4619; x_wconf 81' lang='lat' dir='ltr'><strong>concubinas</strong></span> <span class='ocrx_word' id='word_1_734' title='bbox 3530 4566 3629 4613; x_wconf 90' lang='lat' dir='ltr'><strong>aut</strong></span> <span class='ocrx_word' id='word_1_735' title='bbox 3675 4559 3801 4614; x_wconf 81' lang='lat' dir='ltr'><strong>ado-</strong></span> 
     </span>
    </p>
   </div>
   <div class='ocr_carea' id='block_1_106' title="bbox 2238 4636 3212 4706">
    <p class='ocr_par' dir='ltr' id='par_1_106' title="bbox 2238 4636 3212 4706">
     <span class='ocr_line' id='line_1_106' title="bbox 2238 4636 3212 4706; baseline -0.007 -11"><span class='ocrx_word' id='word_1_736' title='bbox 2238 4643 2591 4706; x_wconf 86' lang='lat' dir='ltr'><strong>lescentulas,</strong></span> <span class='ocrx_word' id='word_1_737' title='bbox 2619 4641 2896 4695; x_wconf 85' lang='lat' dir='ltr'><strong>dedeceat.</strong></span> <span class='ocrx_word' id='word_1_738' title='bbox 2923 4636 3212 4692; x_wconf 75' lang='lat' dir='ltr'><strong>Counerrs.</strong></span> 
     </span>
    </p>
   </div>
   <div class='ocr_carea' id='block_1_107' title="bbox 2311 4702 3799 4784">
    <p class='ocr_par' dir='ltr' id='par_1_107' title="bbox 2311 4702 3799 4784">
     <span class='ocr_line' id='line_1_107' title="bbox 2311 4702 3799 4784; baseline -0.011 -17"><span class='ocrx_word' id='word_1_739' title='bbox 2311 4712 2423 4784; x_wconf 73' lang='grc'><strong>(46)</strong></span> <span class='ocrx_word' id='word_1_740' title='bbox 2448 4702 2795 4784; x_wconf 49' lang='lat' dir='ltr'><strong>Iratum;</strong></span> <span class='ocrx_word' id='word_1_741' title='bbox 2822 4709 3034 4764; x_wconf 81' lang='grc' dir='ltr'>κτίσει.</span> <span class='ocrx_word' id='word_1_742' title='bbox 3073 4706 3136 4760; x_wconf 83' lang='lat' dir='ltr'><strong>Et</strong></span> <span class='ocrx_word' id='word_1_743' title='bbox 3163 4706 3267 4784; x_wconf 89' lang='lat' dir='ltr'><strong>hi_c_</strong></span> <span class='ocrx_word' id='word_1_744' title='bbox 3282 4717 3519 4784; x_wconf 74' lang='lat' dir='ltr'><strong>quoque,</strong></span> <span class='ocrx_word' id='word_1_745' title='bbox 3546 4702 3689 4755; x_wconf 88' lang='lat' dir='ltr'><strong>haud</strong></span> <span class='ocrx_word' id='word_1_746' title='bbox 3709 4714 3799 4753; x_wconf 81' lang='lat' dir='ltr'><strong>se-</strong></span> 
     </span>
    </p>
   </div>
   <div class='ocr_carea' id='block_1_108' title="bbox 2519 4775 3802 4852">
    <p class='ocr_par' dir='ltr' id='par_1_108' title="bbox 2519 4775 3802 4852">
     <span class='ocr_line' id='line_1_108' title="bbox 2519 4775 3802 4852; baseline -0.009 -17"><span class='ocrx_word' id='word_1_747' title='bbox 2519 4798 2535 4835; x_wconf 85' lang='grc' dir='ltr'><strong>ι</strong></span> <span class='ocrx_word' id='word_1_748' title='bbox 2570 4781 2735 4850; x_wconf 86' lang='lat' dir='ltr'><strong>hujus</strong></span> <span class='ocrx_word' id='word_1_749' title='bbox 2765 4775 3014 4852; x_wconf 39' lang='lat' dir='ltr'><strong>me“.</strong></span> <span class='ocrx_word' id='word_1_750' title='bbox 3049 4785 3166 4833; x_wconf 92' lang='lat' dir='ltr'><strong>not.</strong></span> <span class='ocrx_word' id='word_1_751' title='bbox 3199 4776 3289 4839; x_wconf 80' lang='lat'><strong>57,</strong></span> <span class='ocrx_word' id='word_1_752' title='bbox 3326 4775 3400 4852; x_wconf 80' lang='lat' dir='ltr'><strong>ita</strong></span> <span class='ocrx_word' id='word_1_753' title='bbox 3441 4786 3672 4843; x_wconf 90' lang='lat' dir='ltr'><strong>repono,</strong></span> <span class='ocrx_word' id='word_1_754' title='bbox 3702 4786 3802 4852; x_wconf 61' lang='lat' dir='ltr'><strong>pre</strong></span> 
     </span>
    </p>
   </div>
   <div class='ocr_carea' id='block_1_109' title="bbox 2231 4845 3804 4926">
    <p class='ocr_par' dir='ltr' id='par_1_109' title="bbox 2231 4845 3804 4926">
     <span class='ocr_line' id='line_1_109' title="bbox 2231 4845 3804 4926; baseline -0.008 -18"><span class='ocrx_word' id='word_1_755' title='bbox 2231 4845 2683 4926; x_wconf 68' lang='grc' dir='ltr'>ἀλύπῳ,”ηιιιηάὀ</span> <span class='ocrx_word' id='word_1_756' title='bbox 2728 4848 3024 4926; x_wconf 64' lang='grc' dir='ltr'><strong>Δίηεοίιιίιὶζξ,</strong></span> <span class='ocrx_word' id='word_1_757' title='bbox 3077 4863 3175 4926; x_wconf 75' lang='lat' dir='ltr'><strong>seu</strong></span> <span class='ocrx_word' id='word_1_758' title='bbox 3222 4845 3506 4926; x_wconf 67' lang='lat' dir='ltr'><strong>creatioue,</strong></span> <span class='ocrx_word' id='word_1_759' title='bbox 3551 4856 3671 4926; x_wconf 66' lang='lat' dir='ltr'><strong>qua:</strong></span> <span class='ocrx_word' id='word_1_760' title='bbox 3699 4845 3804 4895; x_wconf 87' lang='lat' dir='ltr'><strong>erit</strong></span> 
     </span>
    </p>
   </div>
   <div class='ocr_carea' id='block_1_110' title="bbox 2240 4911 3804 4989">
    <p class='ocr_par' dir='ltr' id='par_1_110' title="bbox 2240 4911 3804 4989">
     <span class='ocr_line' id='line_1_110' title="bbox 2240 4911 3804 4989; baseline -0.011 -9"><span class='ocrx_word' id='word_1_761' title='bbox 2240 4911 2550 4980; x_wconf 77' lang='lat' dir='ltr'><strong>communis</strong></span> <span class='ocrx_word' id='word_1_762' title='bbox 2594 4923 2848 4977; x_wconf 90' lang='lat' dir='ltr'><strong>omnibus</strong></span> <span class='ocrx_word' id='word_1_763' title='bbox 2885 4911 3199 4989; x_wconf 82' lang='lat' dir='ltr'><strong>judicandis</strong></span> <span class='ocrx_word' id='word_1_764' title='bbox 3232 4937 3245 4973; x_wconf 90' lang='lat'>:</span> <span class='ocrx_word' id='word_1_765' title='bbox 3280 4931 3388 4971; x_wconf 89' lang='lat' dir='ltr'><strong>non</strong></span> <span class='ocrx_word' id='word_1_766' title='bbox 3436 4911 3804 4989; x_wconf 59' lang='lat' dir='ltr'><strong>ipsailqu</strong></span> 
     </span>
    </p>
   </div>
   <div class='ocr_carea' id='block_1_111' title="bbox 2238 4980 3803 5062">
    <p class='ocr_par' dir='ltr' id='par_1_111' title="bbox 2238 4980 3803 5062">
     <span class='ocr_line' id='line_1_111' title="bbox 2238 4980 3803 5062; baseline -0.009 -13"><span class='ocrx_word' id='word_1_767' title='bbox 2238 4996 2433 5060; x_wconf 88' lang='grc' dir='ltr'>κτίσις,</span> <span class='ocrx_word' id='word_1_768' title='bbox 2477 4995 2643 5048; x_wconf 80' lang='lat' dir='ltr'><strong>omnis</strong></span> <span class='ocrx_word' id='word_1_769' title='bbox 2685 5008 2867 5062; x_wconf 76' lang='lat' dir='ltr'><strong>expers</strong></span> <span class='ocrx_word' id='word_1_770' title='bbox 2885 4980 3102 5062; x_wconf 51' lang='lat' dir='ltr'><strong>&#39;dotaris</strong></span> <span class='ocrx_word' id='word_1_771' title='bbox 3156 4989 3351 5062; x_wconf 74' lang='lat' dir='ltr'><strong>creatio</strong></span> <span class='ocrx_word' id='word_1_772' title='bbox 3381 4994 3434 5041; x_wconf 87' lang='lat' dir='ltr'><strong>ct</strong></span> <span class='ocrx_word' id='word_1_773' title='bbox 3458 4980 3677 5062; x_wconf 50' lang='lat' dir='ltr'><strong>&#39;status,</strong></span> <span class='ocrx_word' id='word_1_774' title='bbox 3706 4980 3803 5062; x_wconf 79' lang='lat' dir='ltr'><strong>sed</strong></span> 
     </span>
    </p>
   </div>
   <div class='ocr_carea' id='block_1_112' title="bbox 2240 5054 3803 5136">
    <p class='ocr_par' dir='ltr' id='par_1_112' title="bbox 2240 5054 3803 5136">
     <span class='ocr_line' id='line_1_112' title="bbox 2240 5054 3803 5136; baseline -0.012 -15"><span class='ocrx_word' id='word_1_775' title='bbox 2240 5067 2348 5121; x_wconf 91' lang='lat' dir='ltr'><strong>illis</strong></span> <span class='ocrx_word' id='word_1_776' title='bbox 2381 5054 2623 5136; x_wconf 81' lang='lat' dir='ltr'><strong>propria,</strong></span> <span class='ocrx_word' id='word_1_777' title='bbox 2653 5054 2883 5136; x_wconf 78' lang='lat' dir='ltr'><strong>quorum</strong></span> <span class='ocrx_word' id='word_1_778' title='bbox 2925 5060 3277 5136; x_wconf 71' lang='lat' dir='ltr'><strong>tabernacula</strong></span> <span class='ocrx_word' id='word_1_779' title='bbox 3315 5059 3547 5136; x_wconf 75' lang='lat' dir='ltr'><strong>inventa</strong></span> <span class='ocrx_word' id='word_1_780' title='bbox 3580 5054 3803 5135; x_wconf 61' lang='lat' dir='ltr'><strong>fuerint</strong></span> 
     </span>
    </p>
   </div>
   <div class='ocr_carea' id='block_1_113' title="bbox 2238 5127 3804 5207">
    <p class='ocr_par' dir='ltr' id='par_1_113' title="bbox 2238 5127 3804 5207">
     <span class='ocr_line' id='line_1_113' title="bbox 2238 5127 3804 5207; baseline -0.012 -15"><span class='ocrx_word' id='word_1_781' title='bbox 2238 5127 2433 5207; x_wconf 71' lang='lat' dir='ltr'><strong>ornata</strong></span> <span class='ocrx_word' id='word_1_782' title='bbox 2464 5127 2931 5207; x_wconf 73' lang='lat' dir='ltr'><strong>virtutumcultu,</strong></span> <span class='ocrx_word' id='word_1_783' title='bbox 2967 5133 3144 5207; x_wconf 79' lang='lat' dir='ltr'><strong>prima</strong></span> <span class='ocrx_word' id='word_1_784' title='bbox 3171 5130 3259 5207; x_wconf 79' lang='lat' dir='ltr'><strong>die</strong></span> <span class='ocrx_word' id='word_1_785' title='bbox 3294 5127 3662 5207; x_wconf 62' lang='lat' dir='ltr'><strong>Sce_n0pegia}.</strong></span> <span class='ocrx_word' id='word_1_786' title='bbox 3691 5127 3804 5207; x_wconf 42' lang='lat' dir='ltr'><strong>sise</strong></span> 
     </span>
    </p>
   </div>
   <div class='ocr_carea' id='block_1_114' title="bbox 2239 5196 3799 5273">
    <p class='ocr_par' dir='ltr' id='par_1_114' title="bbox 2239 5196 3799 5273">
     <span class='ocr_line' id='line_1_114' title="bbox 2239 5196 3799 5273; baseline -0.009 -12"><span class='ocrx_word' id='word_1_787' title='bbox 2239 5206 2698 5263; x_wconf 84' lang='lat' dir='ltr'><strong>Resurrectionis.</strong></span> <span class='ocrx_word' id='word_1_788' title='bbox 2732 5206 2786 5259; x_wconf 92' lang='lat' dir='ltr'><strong>id</strong></span> <span class='ocrx_word' id='word_1_789' title='bbox 2826 5212 2931 5266; x_wconf 91' lang='lat' dir='ltr'><strong>est,</strong></span> <span class='ocrx_word' id='word_1_790' title='bbox 2964 5196 3112 5273; x_wconf 25' lang='grc' dir='ltr'>ἐνᾼτῇ</span> <span class='ocrx_word' id='word_1_791' title='bbox 3155 5201 3354 5273; x_wconf 81' lang='grc' dir='ltr'>κρίσει,</span> <span class='ocrx_word' id='word_1_792' title='bbox 3386 5199 3439 5251; x_wconf 79' lang='lat' dir='ltr'><strong>in</strong></span> <span class='ocrx_word' id='word_1_793' title='bbox 3468 5196 3688 5265; x_wconf 74' lang='lat' dir='ltr'><strong>judicio,</strong></span> <span class='ocrx_word' id='word_1_794' title='bbox 3721 5196 3799 5247; x_wconf 85' lang='lat' dir='ltr'><strong>uti</strong></span> 
     </span>
    </p>
   </div>
   <div class='ocr_carea' id='block_1_115' title="bbox 2242 5271 3804 5349">
    <p class='ocr_par' dir='ltr' id='par_1_115' title="bbox 2242 5271 3804 5349">
     <span class='ocr_line' id='line_1_115' title="bbox 2242 5271 3804 5349; baseline -0.01 -15"><span class='ocrx_word' id='word_1_795' title='bbox 2242 5280 2466 5349; x_wconf 87' lang='lat' dir='ltr'><strong>exponit</strong></span> <span class='ocrx_word' id='word_1_796' title='bbox 2497 5278 2613 5347; x_wconf 90' lang='lat' dir='ltr'><strong>ipse</strong></span> <span class='ocrx_word' id='word_1_797' title='bbox 2640 5275 2964 5349; x_wconf 69' lang='lat' dir='ltr'><strong>Methodius.</strong></span> <span class='ocrx_word' id='word_1_798' title='bbox 3004 5271 3131 5349; x_wconf 67' lang='lat' dir='ltr'><strong>Yult</strong></span> <span class='ocrx_word' id='word_1_799' title='bbox 3160 5271 3291 5349; x_wconf 79' lang='lat' dir='ltr'><strong>ergo</strong></span> <span class='ocrx_word' id='word_1_800' title='bbox 3317 5283 3509 5325; x_wconf 89' lang='lat' dir='ltr'><strong>omnes</strong></span> <span class='ocrx_word' id='word_1_801' title='bbox 3536 5276 3663 5321; x_wconf 92' lang='lat' dir='ltr'><strong>tunc</strong></span> <span class='ocrx_word' id='word_1_802' title='bbox 3684 5279 3804 5349; x_wconf 68' lang='lat' dir='ltr'><strong>sus-</strong></span> 
     </span>
    </p>
   </div>
   <div class='ocr_carea' id='block_1_116' title="bbox 2247 5337 3799 5410">
    <p class='ocr_par' dir='ltr' id='par_1_116' title="bbox 2247 5337 3799 5410">
     <span class='ocr_line' id='line_1_116' title="bbox 2247 5337 3799 5410; baseline -0.01 -8"><span class='ocrx_word' id='word_1_803' title='bbox 2247 5337 2533 5410; x_wconf 57' lang='lat' dir='ltr'><strong>cit&#39;andos;</strong></span> <span class='ocrx_word' id='word_1_804' title='bbox 2551 5362 2615 5401; x_wconf 91' lang='lat' dir='ltr'><strong>ac</strong></span> <span class='ocrx_word' id='word_1_805' title='bbox 2646 5347 2783 5401; x_wconf 83' lang='lat' dir='ltr'><strong>forte</strong></span> <span class='ocrx_word' id='word_1_806' title='bbox 2819 5345 3204 5401; x_wconf 88' lang='lat' dir='ltr'><strong>discretionem</strong></span> <span class='ocrx_word' id='word_1_807' title='bbox 3227 5337 3509 5398; x_wconf 56' lang='lat' dir='ltr'><strong>&#39;honorum</strong></span> <span class='ocrx_word' id='word_1_808' title='bbox 3541 5355 3572 5410; x_wconf 84' lang='lat' dir='ltr'><strong>a</strong></span> <span class='ocrx_word' id='word_1_809' title='bbox 3617 5337 3799 5397; x_wconf 87' lang='lat' dir='ltr'><strong>malis,</strong></span> 
     </span>
    </p>
   </div>
   <div class='ocr_carea' id='block_1_117' title="bbox 2248 5409 3802 5488">
    <p class='ocr_par' dir='ltr' id='par_1_117' title="bbox 2248 5409 3802 5488">
     <span class='ocr_line' id='line_1_117' title="bbox 2248 5409 3802 5488; baseline -0.01 -14"><span class='ocrx_word' id='word_1_810' title='bbox 2248 5409 2570 5474; x_wconf 82' lang='lat' dir='ltr'><strong>feriantihus</strong></span> <span class='ocrx_word' id='word_1_811' title='bbox 2611 5417 2768 5472; x_wconf 87' lang='lat' dir='ltr'><strong>bonis</strong></span> <span class='ocrx_word' id='word_1_812' title='bbox 2811 5414 3204 5488; x_wconf 15' lang='lat' dir='ltr'><strong>cumichristo</strong></span> <span class='ocrx_word' id='word_1_813' title='bbox 3245 5415 3298 5468; x_wconf 91' lang='lat' dir='ltr'><strong>in</strong></span> <span class='ocrx_word' id='word_1_814' title='bbox 3339 5421 3485 5465; x_wconf 89' lang='lat' dir='ltr'><strong>terra</strong></span> <span class='ocrx_word' id='word_1_815' title='bbox 3540 5409 3802 5488; x_wconf 79' lang='lat' dir='ltr'><strong>hactenus</strong></span> 
     </span>
    </p>
   </div>
   <div class='ocr_carea' id='block_1_118' title="bbox 2247 5485 3797 5558">
    <p class='ocr_par' dir='ltr' id='par_1_118' title="bbox 2247 5485 3797 5558">
     <span class='ocr_line' id='line_1_118' title="bbox 2247 5485 3797 5558; baseline -0.012 -14"><span class='ocrx_word' id='word_1_816' title='bbox 2247 5490 2584 5551; x_wconf 86' lang='lat' dir='ltr'><strong>constitutis,</strong></span> <span class='ocrx_word' id='word_1_817' title='bbox 2616 5489 2788 5542; x_wconf 87' lang='lat' dir='ltr'><strong>donec</strong></span> <span class='ocrx_word' id='word_1_818' title='bbox 2830 5487 3120 5558; x_wconf 87' lang='lat' dir='ltr'><strong>impleatur</strong></span> <span class='ocrx_word' id='word_1_819' title='bbox 3151 5485 3370 5558; x_wconf 85' lang='lat' dir='ltr'><strong>illorum</strong></span> <span class='ocrx_word' id='word_1_820' title='bbox 3385 5485 3797 5558; x_wconf 36' lang='lat' dir='ltr'><strong>“septenarium,</strong></span> 
     </span>
    </p>
   </div>
   <div class='ocr_carea' id='block_1_119' title="bbox 2245 5550 3803 5635">
    <p class='ocr_par' dir='ltr' id='par_1_119' title="bbox 2245 5550 3803 5635">
     <span class='ocr_line' id='line_1_119' title="bbox 2245 5550 3803 5635; baseline -0.01 -21"><span class='ocrx_word' id='word_1_821' title='bbox 2245 5563 2399 5632; x_wconf 89' lang='lat' dir='ltr'><strong>quasi</strong></span> <span class='ocrx_word' id='word_1_822' title='bbox 2432 5562 2486 5616; x_wconf 88' lang='lat' dir='ltr'><strong>in</strong></span> <span class='ocrx_word' id='word_1_823' title='bbox 2510 5550 2958 5635; x_wconf 68' lang='lat' dir='ltr'><strong>tabernaculiset</strong></span> <span class='ocrx_word' id='word_1_824' title='bbox 2980 5566 3267 5635; x_wconf 79' lang='lat' dir='ltr'><strong>antequam</strong></span> <span class='ocrx_word' id='word_1_825' title='bbox 3302 5550 3479 5635; x_wconf 72' lang='lat' dir='ltr'><strong>inDei</strong></span> <span class='ocrx_word' id='word_1_826' title='bbox 3502 5551 3719 5635; x_wconf 78' lang='lat' dir='ltr'><strong>domum</strong></span> <span class='ocrx_word' id='word_1_827' title='bbox 3732 5552 3803 5635; x_wconf 65' lang='lat' dir='ltr'><strong>et</strong></span> 
     </span>
    </p>
   </div>
   <div class='ocr_carea' id='block_1_120' title="bbox 2244 5622 3795 5704">
    <p class='ocr_par' dir='ltr' id='par_1_120' title="bbox 2244 5622 3795 5704">
     <span class='ocr_line' id='line_1_120' title="bbox 2244 5622 3795 5704; baseline -0.011 -17"><span class='ocrx_word' id='word_1_828' title='bbox 2244 5622 2493 5704; x_wconf 71' lang='lat' dir='ltr'><strong>sanctam</strong></span> <span class='ocrx_word' id='word_1_829' title='bbox 2513 5630 2786 5685; x_wconf 89' lang='lat' dir='ltr'><strong>civitatem</strong></span> <span class='ocrx_word' id='word_1_830' title='bbox 2823 5629 2900 5704; x_wconf 84' lang='lat' dir='ltr'><strong>(id</strong></span> <span class='ocrx_word' id='word_1_831' title='bbox 2934 5634 3018 5704; x_wconf 81' lang='lat' dir='ltr'><strong>est</strong></span> <span class='ocrx_word' id='word_1_832' title='bbox 3047 5629 3102 5704; x_wconf 79' lang='lat' dir='ltr'><strong>in</strong></span> <span class='ocrx_word' id='word_1_833' title='bbox 3125 5622 3327 5704; x_wconf 54' lang='lat' dir='ltr'><strong>caelos)</strong></span> <span class='ocrx_word' id='word_1_834' title='bbox 3362 5622 3795 5704; x_wconf 56' lang='lat' dir='ltr'><strong>introducantur.</strong></span> 
     </span>
    </p>
   </div>
   <div class='ocr_carea' id='block_1_121' title="bbox 2241 5696 3799 5825">
    <p class='ocr_par' dir='ltr' id='par_1_121' title="bbox 2241 5696 3799 5825">
     <span class='ocr_line' id='line_1_121' title="bbox 2241 5696 3799 5825; baseline -0.012 -66"><span class='ocrx_word' id='word_1_835' title='bbox 2241 5704 2379 5825; x_wconf 51' lang='lat' dir='ltr'><strong>Qua;</strong></span> <span class='ocrx_word' id='word_1_836' title='bbox 2422 5702 2796 5825; x_wconf 69' lang='lat' dir='ltr'><strong>fuitlvetcrum</strong></span> <span class='ocrx_word' id='word_1_837' title='bbox 2823 5696 3133 5775; x_wconf 28' lang='lat' dir='ltr'><strong>‘Simplicior</strong></span> <span class='ocrx_word' id='word_1_838' title='bbox 3173 5696 3465 5766; x_wconf 84' lang='lat' dir='ltr'><strong>theologia,</strong></span> <span class='ocrx_word' id='word_1_839' title='bbox 3520 5706 3626 5748; x_wconf 84' lang='lat' dir='ltr'><strong>non</strong></span> <span class='ocrx_word' id='word_1_840' title='bbox 3666 5696 3799 5745; x_wconf 77' lang='lat' dir='ltr'><strong>satis</strong></span> 
     </span>
     <span class='ocr_line' id='line_1_122' title="bbox 2241 5781 2608 5825; baseline 0 0"><span class='ocrx_word' id='word_1_841' title='bbox 2241 5792 2339 5825; x_wconf 86' lang='lat' dir='ltr'><strong>nm</strong></span> <span class='ocrx_word' id='word_1_842' title='bbox 2384 5781 2488 5825; x_wconf 76' lang='lat' dir='ltr'><strong>ala.</strong></span> <span class='ocrx_word' id='word_1_843' title='bbox 2555 5788 2608 5825; x_wconf 85' lang='lat' dir='ltr'><strong>D.</strong></span> 
     </span>
    </p>
   </div>
   <div class='ocr_carea' id='block_1_122' title="bbox 2241 5775 2608 5846">
    <p class='ocr_par' dir='ltr' id='par_1_122' title="bbox 2241 5775 2608 5846">
     <span class='ocr_line' id='line_1_123' title="bbox 2241 5775 2608 5846; baseline -0.005 -16"><span class='ocrx_word' id='word_1_844' title='bbox 2241 5775 2488 5846; x_wconf 86' lang='lat' dir='ltr'><strong>probata.</strong></span> <span class='ocrx_word' id='word_1_845' title='bbox 2532 5775 2608 5829; x_wconf 80' lang='lat' dir='ltr'><strong>In.</strong></span> 
     </span>
    </p>
   </div>
  </div>
