3962 6278
128 411 255 469 189

1195 415 1570 476 CONVWIUM
1607 416 1835 474 DECEH
1872 416 2223 474 VIRGINUM.

3247 411 3351 468 190

122 533 239 587 καὶ
262 531 368 605 τὴν
392 531 547 586 πόλιν
577 530 672 586 τοῦ
698 531 853 597 Θεοῦ,
886 532 964 596 είς
992 530 1087 604 τὴν
1118 530 1334 603 μείζονα
1365 534 1459 588 καὶ
1493 533 1697 599 ἐνδοξο-

1805 533 1990 589 nacula
2034 532 2261 602 profecti
2286 571 2300 597 ,
2350 530 2418 587 ad
2464 539 2708 588 sanctam
2747 528 3079 586 contendunt
3110 533 3352 595 terram,

118 624 314 697 τέραν
347 622 718 695 προκόψαντες
752 621 944 695 χαρὰν,
977 620 1154 685 καθὼς
1184 624 1276 676 καὶ
1302 625 1350 677 oi
1397 625 1554 678 τύποι
1583 643 1705 680 συν-

129 718 387 781 ιστᾶσιν,
420 717 470 771 οἱ
514 717 792 785 γεγονότες
833 716 924 768 ἐπὶ
984 713 1266 768 Ἰουδαίων.
1325 715 1527 789 Ὥσπερ
1559 717 1701 790 γὰρ,

127 806 458 873 ἐξελθόντες
489 807 594 861 τῶν
617 808 756 878 δρων
784 806 1003 860 ἐκείνων
1022 805 1119 877 τῆς
1147 805 1442 874 Αἰγύπτου,
1467 805 1706 862 ὥδευσαν

130 898 390 971 πρῶτον,
434 899 527 953 καὶ
567 895 727 970 ἦλθον
759 898 837 961 είς
867 897 965 961 τὰς
996 895 1204 967 Σκηνὰς
1222 936 1236 962 ,
1270 898 1520 951 κάκεῖθεν
1565 898 1706 951 ἀπά-

132 1008 348 1064 ραντες
393 991 571 1056 πάλιν,
604 987 764 1061 ἦλθον
807 992 887 1053 είς
922 989 1020 1062 τὴν
1066 991 1170 1061 γῆν
1208 991 1307 1062 τῆς
1346 989 1701 1058 ἐπαγγελίαςο

131 1081 294 1136 οὕτω
343 1081 408 1153 δὴ
458 1083 552 1135 καὶ
597 1083 775 1153 ἡμεῖς.
826 1082 1117 1136 Ὀδεύσασα
1162 1082 1270 1155 γὰρ
1318 1083 1562 1138 ἐντεῦθεν
1614 1085 1707 1138 καὶ

131 1174 436 1240 ἐξελθοῦσα
456 1172 607 1243 κάγὼ
629 1175 727 1244 τῆς
745 1173 1016 1242 Αἰγύπτου
1037 1173 1223 1228 τούτου
1252 1173 1347 1228 τοῦ
1383 1175 1519 1245 βίου,
1556 1175 1708 1245 ἐρχο-

137 1282 245 1336 μαι
275 1263 492 1335 πρῶτον
521 1264 600 1327 είς
636 1262 730 1335 τὴν
758 1264 1067 1329 ἀνάστασιν,
1102 1265 1199 1337 τὴν
1230 1264 1484 1336 ἀληθινὴν
1511 1265 1708 1335 Σκηνο-

134 1353 382 1424 πηγίαν’
415 1353 572 1407 κάκεῖ
594 1356 705 1417 τοῖς
751 1356 977 1425 καρποῖς
1009 1355 1107 1424 τῆς
1145 1354 1341 1426 ἀρετῆς
1368 1353 1582 1426 πήξασα
1608 1353 1706 1424 τὴν

138 1445 359 1515 σκηνήν
399 1462 498 1516 μου
550 1447 965 1517 κεκοσμημένην
985 1484 1000 1509 ,
1028 1448 1095 1518 τῇ
1147 1444 1338 1519 πρώτῃ
1376 1446 1476 1517 τῆς
1514 1446 1705 1518 ἑορτῆς

138 1538 494 1601 ἀναστάσεως
523 1538 720 1610 ἡμέρᾳ,
754 1541 819 1611 τῇ
852 1539 1050 1619 κρίσει,
1086 1538 1422 1611 συνεορτάζω
1460 1538 1538 1610 τῷ
1573 1540 1704 1609 Χρι-

142 1629 260 1700 στῷ
296 1629 396 1702 τὴν
424 1631 877 1704 χιλιονταετηρίδα
912 1634 1011 1704 τῆς
1043 1632 1414 1696 ἀναπαύσεως,
1443 1632 1541 1697 τὰς
1567 1632 1705 1686 ἑπτὰ

142 1722 483 1792 καλουμένας
511 1723 759 1794 ἡμέρας,
795 1723 862 1778 τὰ
896 1723 1139 1779 σάϐϐατα
1189 1723 1256 1778 τὰ
1297 1723 1542 1795 ἀληθινὰ.
1574 1722 1705 1779 Εἶτα

141 1809 307 1877 αὖθις
368 1814 604 1885 ἑπομένη
651 1813 727 1886 τῷ
783 1815 1159 1885 διεληλυθότι
1217 1817 1358 1883 τοὺς
1415 1816 1705 1885 οὐρανοὺς

153 1902 355 1974 Ἰησοῦ,
389 1903 616 1976 ἔρχομαι
658 1906 836 1973 πάλιν,
867 1906 1116 1979 καθάπερ
1148 1909 1405 1973 κάκεῖνοι,
1443 1908 1578 1978 μετά
1606 1909 1704 1980 τὴν

139 1995 448 2051 ἀνάπαυσιν
480 1999 580 2069 τῆς
606 1998 1003 2072 Σκηνοπηγίας,
1030 2002 1108 2063 εἰς
1137 2000 1235 2071 τὴν
1268 2000 1370 2072 γῆν
1402 2000 1500 2071 τῆς
1533 2002 1707 2070 ἑπαγ-

140 2088 362 2158 γελίας,
392 2091 519 2154 τοὺς
547 2091 806 2163 οὐρανοὺς
825 2131 840 2155 ,
879 2093 937 2146 ὲν
964 2095 1191 2162 σκηναῖς
1224 2091 1298 2163 μὴ
1329 2092 1671 2162 ἀπομείνασα
1689 2131 1705 2157 ,

141 2180 392 2234 τουτέστι
450 2180 545 2235 τοῦ
604 2180 958 2253 σκηνώματός
1010 2199 1110 2253 μου
1183 2182 1257 2254 μὴ
1321 2182 1709 2253 ἀπομείναντος

143 2277 421 2332 τοιούτουο
459 2277 595 2332 ἀλλὰ
625 2278 760 2350 μετὰ
800 2278 897 2350 τὴν
939 2278 1399 2351 χιλιονταετηρίδα
1440 2277 1708 2349 μεταϐλη-

150 2367 337 2434 θέντος
366 2370 474 2423 ἀπὸ
517 2371 610 2424 τοῦ
637 2373 910 2443 σχήματος
957 2370 1050 2424 τοῦ
1097 2369 1433 2442 ἀνθρωπίνου
1468 2369 1577 2423 καὶ
1607 2368 1707 2438 τῆς

150 2458 354 2529 φθορᾶς
380 2460 511 2532 (47),
546 2462 622 2524 είς
648 2461 930 2530 ἀγγελικδν
962 2461 1183 2532 μέγεθος
1206 2462 1299 2515 κα)⁸
1327 2460 1519 2523 κάλλος
1537 2477 1551 2490 ⁸
1577 2458 1707 2514 ἔνθα

150 2549 335 2605 λοιπὸν
356 2551 473 2605 ἀπὸ
496 2552 601 2605 τοῦ
616 2553 958 2622 θαυμαστοῦ
982 2553 1090 2619 τῆς
1108 2552 1345 2622 σκηνῆς
1371 2554 1427 2607 αἱ
1451 2551 1706 2624 παρθένοι

152 2644 339 2697 τόπου
361 2684 376 2707 ,
433 2642 570 2714 μετά
600 2642 660 2696 τὸ
721 2643 1167 2715 συμπερασθῆναι
1222 2645 1320 2717 τὴν
1375 2644 1566 2717 ἑορτὴν
1611 2644 1709 2716 τῆς

152 2735 521 2801 ἀναστάσεως,
549 2738 630 2799 είς
673 2735 741 2789 τὰ
772 2734 941 2807 μείζω
978 2736 1072 2791 καὶ
1100 2737 1330 2808 κρείττω
1365 2736 1705 2809 διερχόμεθα,

149 2828 233 2892 εὶς
262 2826 372 2881 τὸν
414 2823 583 2880 dicor
624 2827 810 2882 αὐτόν
859 2827 1239 2882 ἀναϐαίνουσαι
1281 2828 1370 2882 τὸν
1401 2828 1540 2899 ὑπὲρ
1583 2828 1708 2892 τοὺς

147 2917 409 2990 οὐρανοὺς
454 2917 558 2972 τοῦ
605 2918 771 2984 Θεοῦ,
819 2919 888 2973 ἐν
933 2918 1104 2989 φωνῇ
1151 2919 1560 2989 ἀγαλλιάσεως
1609 2920 1705 2974 καὶ

151 3009 655 3081 ἐξομολογήσεως,
684 3010 876 3080 ἤχους
903 3011 1277 3080 ἐορτάζοντος
1294 3052 1308 3076 ,
1334 3012 1513 3078 καθώς
1545 3030 1705 3086 φησιν

1052 3098 1080 3123 τ

155 3104 184 3155 ό
221 3102 522 3176 ψαλμῳδός.
568 3105 752 3175 Τούτῳ
808 3102 961 3174 κάγὼ
982 3145 997 3170 ,
1046 3102 1091 3158 ὦ
1152 3106 1373 3177 Ἀρετὴ,
1415 3105 1557 3160 κατὰ
1606 3107 1705 3178 τὴν

1802 625 1974 682 donec
2006 626 2103 680 illo
2133 624 2422 687 evaserint,
2449 634 2510 679 ut
2538 624 2592 678 in
2627 623 2886 695 templum
2930 620 3129 692 Deique
3155 620 3351 675 civita-

1802 726 1909 772 tem
1957 716 2360 789 ingrediantur;
2413 716 2481 770 ad
2539 716 2713 786 majus
2762 715 2970 771 scilicet
3024 713 3353 782 majorisque

1804 811 2070 866 claritatis
2097 809 2351 881 gaudium
2378 810 2718 881 proﬁcientes
2737 848 2752 874 ,
2806 808 2951 863 sicut
2978 805 3161 876 ﬁgura:
3211 805 3355 859 indi-

1804 910 1929 958 cant
1952 919 2069 973 quae
2103 903 2158 957 in
2195 901 2394 959 Iudaeis
2430 904 2579 974 prius
2622 907 3030 972 prmeesserunt.
3085 897 3354 964 Quemad-

1804 993 2020 1048 modum
2050 993 2194 1049 enim
2224 992 2478 1049 lsraelitae
2496 1010 2559 1049 ex
2580 992 2794 1064 [Egypti
2821 990 3016 1046 ﬁnibus
3039 989 3146 1043 illis
3173 1002 3354 1058 egres-

1805 1085 1873 1147 si,
1896 1092 2146 1155 suscepto
2173 1085 2407 1155 primum
2451 1086 2662 1147 itinere,
2692 1085 2747 1137 in
2786 1081 3159 1138 Tabernacula
3201 1077 3354 1150 (Soc-

1805 1175 1922 1229 coth
1963 1174 2171 1231 Hebraei
2202 1174 2416 1247 vocant)
2468 1181 2734 1229 venerunt
2760 1173 2840 1239 ⁸⁸,
2878 1173 3112 1242 hincque
3160 1183 3355 1224 rursus

1804 1264 2052 1336 profecti,
2086 1272 2348 1320 venerunt
2383 1264 2438 1318 in
2480 1275 2681 1320 terram
2720 1263 3143 1334 promissionis:
3179 1261 3254 1316 ita
3302 1267 3356 1316 et

1805 1373 1924 1412 nos.
1953 1356 2085 1412 Nam
2117 1365 2170 1412 et
2201 1372 2300 1427 ego
2342 1356 2444 1412 iter
2492 1357 2718 1420 habens,
2756 1371 2931 1425 exque
2960 1354 3147 1409 mundi
3188 1354 3355 1422 hujus

1805 1449 2037 1521 IEgypto
2068 1462 2307 1519 egressa,
2338 1447 2493 1502 venio
2519 1447 2754 1517 primum
2776 1446 2844 1500 ad
2875 1446 3352 1507 resurrectionem,

1804 1556 1923 1612 quae
1951 1556 2075 1596 vera
2102 1538 2434 1610 Scenopegia
2464 1545 2546 1593 est
2572 1557 2584 1593 :
2623 1545 2676 1592 et
2723 1538 2794 1593 ibi
2845 1536 3110 1592 fructibus
3140 1536 3356 1591 virtutis

1803 1640 2077 1689 exstructo
2138 1631 2488 1701 specioseque
2554 1635 2747 1682 ornato
2804 1627 3152 1682 tabernaculo
3204 1641 3355 1693 meo,

1805 1724 1979 1794 prima
2016 1722 2138 1777 festi
2167 1720 2580 1778 resurrectionis
2607 1718 2714 1783 die,
2746 1734 2864 1788 quae
2888 1718 3004 1774 dies
3035 1726 3118 1774 est
3139 1716 3354 1786 judicii,

1808 1817 1969 1872 simul
2006 1831 2129 1870 cum
2156 1813 2372 1869 Christo
2399 1814 2761 1867 millenarium
2791 1826 3056 1866 annorum
3108 1810 3354 1881 requiei,

1807 1907 2052 1973 celebro;
2087 1922 2206 1975 quae
2245 1913 2448 1975 septem
2487 1904 2740 1959 dicuntur
2771 1904 2907 1969 dies,
2936 1917 3064 1958 vera
3100 1901 3357 1955 nimirum

1809 1996 2062 2052 Sabbata.
2111 1996 2240 2051 lude
2276 2012 2469 2051 rursus
2498 1994 2624 2049 Jcsu
2661 2010 2875 2061 comes,
2932 1994 3021 2064 qui
3071 1994 3357 2058 penetravit

1806 2092 1960 2145 ccelos
1988 2091 2031 2122 ⁸⁷
2057 2090 2138 2157 (ut
2168 2096 2221 2144 et
2252 2088 2325 2142 illi
2355 2096 2476 2158 post
2509 2088 2856 2160 Scenopegize
2891 2087 3135 2156 requiem
3162 2085 3218 2139 in
3248 2094 3360 2141 ter-

1806 2198 1920 2237 ram
1944 2181 2340 2252 promissionis)
2364 2182 2418 2235 in
2442 2183 2610 2238 caelos
2642 2181 2821 2245 venio,
2854 2194 2961 2233 non
2985 2192 3270 2233 remanens
3301 2177 3361 2232 in

1804 2274 2192 2338 tabernaculis,
2219 2273 2321 2328 hoc
2342 2281 2447 2338 est,
2486 2288 2595 2327 non
2619 2278 2927 2326 remanente
2958 2284 3078 2323 meo
3108 2283 3359 2338 corpore,

1806 2369 1965 2441 quale
1991 2368 2144 2439 prius
2189 2374 2341 2423 erat:
2381 2365 2477 2423 sed
2508 2374 2629 2437 post
2657 2365 2803 2419 mille
2829 2378 3099 2417 annorum
3123 2361 3359 2431 spatium

1805 2469 2031 2526 mutato,
2065 2476 2133 2516 ex
2157 2460 2378 2514 humani
2410 2457 2584 2513 forma
2613 2456 2858 2526 corporis
2895 2462 2949 2508 et
2970 2452 3320 2523 corruptione
3340 2491 3357 2517 ,

1806 2554 1862 2608 in
1882 2554 2173 2625 angelicam
2204 2552 2398 2607 molem
2426 2558 2479 2606 et
2501 2548 2956 2620 pulchritudinem
2982 2564 2995 2601 :
3028 2546 3118 2601 ubi
3143 2545 3359 2602 demum

1807 2660 1906 2700 nos
1935 2645 2172 2715 virgines
2219 2660 2250 2697 a
2302 2643 2421 2696 loco
2467 2640 2791 2696 tabernaculi
2821 2637 3185 2703 admirabilis,
3229 2652 3361 2692 con-

1807 2743 2074 2792 summato
2103 2735 2215 2805 jam
2238 2734 2651 2791 resurrectionis
2672 2732 2832 2797 festo,
2860 2730 2928 2787 ad
2950 2731 3155 2800 majora
3175 2737 3230 2785 et
3249 2743 3365 2786 me-

1806 2827 1940 2882 liora
1964 2825 2336 2890 transibimus,
2366 2826 2420 2879 in
2451 2826 2618 2893 ipsam
2651 2822 2864 2878 domum
2892 2821 2991 2876 Dei
3024 2820 3360 2892 supracmle-

1806 2927 1941 2977 stem
1983 2919 2353 2980 ascendentes,
2392 2919 2446 2971 in
2473 2933 2590 2971 voce
2603 2914 2966 2970 exsultationis
2995 2923 3043 2968 et
3070 2912 3355 2982 confessio-

1806 3012 1910 3077 nis,
1937 3012 2053 3066 soni
2085 3010 2417 3081 festivitatem
2464 3010 2684 3079 agentia,
2715 3016 2773 3061 ut
2815 3004 3133 3061 Psalmodus
3164 3005 3240 3060 ait
3286 3004 3353 3058 ⁸⁸.

1805 3103 1919 3160 Hoc
1947 3104 2063 3175 ipsa
2091 3118 2327 3174 quoque,
2350 3118 2384 3159 ο
2411 3102 2630 3157 domina
2657 3103 2838 3164 Arete,
2871 3097 3234 3169 qualicunque
3256 3096 3365 3156 cla-

157 3195 424 3267 ἐμαυτῆς,
489 3195 778 3259 δέσποινα,
842 3194 1098 3267 δύναμιν,
1165 3194 1439 3268 δωροῦμαι
1505 3213 1565 3250 σε
1629 3197 1704 3269 τῷ

1806 3198 2056 3255 boratum
2082 3197 2362 3265 facultate,
2394 3210 2494 3267 pro
2514 3208 2736 3251 munere
2761 3192 2974 3263 peplum
3002 3191 3189 3249 offero.

158 3281 356 3355 πέπλῳ.

224 3439 270 3473 ⁸⁸
301 3439 464 3497 Num.
508 3458 672 3507 xxxv,
715 3442 766 3497 5.
842 3444 886 3475 ⁸⁷
921 3438 1083 3499 Henr.
1112 3458 1187 3510 ιν,
1221 3441 1308 3496 14.
1375 3441 1423 3474 ⁸⁸
1449 3439 1605 3498 Psal.
1638 3453 1751 3507 xu,
1786 3440 1840 3497 5.

226 3618 330 3690 (47)
373 3621 485 3676 Καὶ
527 3620 639 3688 τῆς
678 3619 920 3690 φθορᾶς.
976 3618 1197 3676 Videtur
1251 3618 1556 3676 Methodius
1592 3620 1702 3690 Aad-

160 3687 360 3745 mittere
387 3693 467 3746 sic
495 3687 877 3746 suscitatorum
906 3700 1217 3746 sanctorum
1246 3705 1474 3761 corpora
1502 3687 1702 3761 nedum

163 3761 439 3822 malorum,
490 3761 823 3829 corruptioni
857 3761 1086 3816 obnoxia
1110 3801 1125 3824 ,
1157 3769 1210 3814 et
1246 3760 1481 3814 humana
1530 3760 1702 3813 forma

163 3843 274 3895 qua:
310 3831 363 3884 in
408 3830 703 3901 angelicam
734 3830 960 3885 formam
994 3829 1251 3901 mutanda
1274 3831 1402 3896 sint,
1427 3836 1703 3901 transacto

159 3897 561 3968 scptenariofet
589 3915 711 3954 cum
744 3903 795 3953 in
827 3910 1087 3955 secretam
1114 3897 1210 3952 Dei
1237 3901 1414 3954 aulam
1440 3899 1515 3966 (id
1536 3905 1618 3954 est
1647 3898 1703 3953 in

162 3969 336 4043 caelos)
365 3973 720 4043 recipientur.
746 3968 877 4036 Quae
912 3984 1020 4024 non
1062 3969 1196 4043 satis
1223 3970 1493 4043 cohaerere
1514 3968 1703 4023 viden-

162 4046 244 4092 tur
269 4037 391 4094 cum
423 4037 812 4110 superioribus,
837 4050 890 4094 et
911 4054 1068 4110 nova_
1069 4038 1158 4092 illa
1181 4046 1342 4109 atque
1361 4037 1541 4110 ἀλύτῳ
1554 4052 1705 4092 crea-

161 4109 315 4175 tione,
347 4118 410 4164 ut
432 4108 545 4179 jam
575 4110 984 4179 explicavimus.
1029 4108 1096 4162 Et
1132 4108 1282 4165 certe
1310 4124 1431 4180 quae
1470 4108 1549 4180 ibi
1577 4123 1702 4162 cor-

164 4183 346 4250 ruptio,
368 4178 496 4235 cum
519 4178 680 4234 nulla:
702 4180 814 4250 jam
848 4188 1004 4235 erunt
1028 4178 1405 4249 generationes
1428 4218 1442 4241 ,
1478 4178 1553 4250 uti
1587 4180 1703 4250 ipse

167 4247 453 4306 Méthodius
506 4247 728 4317 indicat,
758 4251 852 4305 sed
879 4247 1090 4305 summa
1119 4253 1357 4319 requies,
1386 4250 1443 4303 in
1474 4248 1585 4319 illis
1608 4247 1701 4316 qui

169 4334 228 4392 ea
253 4324 423 4390 requie
458 4321 606 4392 digni
632 4328 791 4392 erunt
814 4321 836 4375 ‘l
859 4335 1089 4392 quorum
1112 4318 1421 4392 felicitatem
1436 4318 1701 4392 ahjectius

172 4387 294 4461 forte
318 4387 378 4446 ex
406 4387 707 4461 usu'quasi
765 4387 1001 4445 humano
1056 4389 1320 4461 intellexit
1371 4387 1696 4461 Methodius,

171 4460 377 4514 necdum
399 4462 510 4517 illis
540 4458 680 4516 bona
708 4461 950 4516 caelestia
983 4460 1313 4521 consecutis,
1338 4467 1431 4512 aut
1460 4458 1552 4513 Dei
1566 4473 1699 4512 con-

175 4539 344 4609 _s_pectu
372 4532 606 4598 donatis,
633 4531 778 4601 quod
826 4531 957 4586 ﬁdes
1010 4546 1118 4609 non
1161 4529 1396 4609 admittit
1428 4548 1441 4584 :
1475 4543 1599 4609 cum
1630 4528 1702 4583 sit

177 4599 257 4653 ille
285 4611 579 4656 sanctorum
608 4599 802 4668 cretus,
830 4617 939 4655 non
976 4600 1063 4655 cui
1087 4601 1327 4656 haereant
1356 4606 1700 4668 peccatorum

178 4669 365 4734 sordes,
386 4685 588 4752 pereas
617 4671 781 4752 ferias
803 4672 1098 4752 erpianda.
1123 4669 1525 4752 Deniqueflura
1546 4682 1703 4752 pror-

181 4753 266 4812 sus
310 4738 614 4812 propositio,
647 4742 781 4795 Ἀπὸ
811 4738 903 4812 τοῦ
936 4745 1212 4812 σχήματος
1241 4738 1335 4793 τοῦ
1351 4738 1699 4812 ἀνθρωπίνου

180 4809 265 4861 καὶ
293 4807 487 4883 ῴθορᾶς
511 4814 588 4883 είς
610 4811 892 4880 ἀγγελικὸν
921 4807 1145 4883 μέγεθος
1179 4812 1270 4865 καὶ
1297 4807 1525 4883 κάλλος.-
1542 4807 1701 4864 Certe

184 4893 310 4948 aegre
338 4878 881 4950 intelligitur’abolita
923 4878 1147 4935 humani
1192 4881 1437 4950 corporis
1499 4878 1696 4943 forma,

183 4950 393 5023 transire
413 4952 462 5003 in
497 4949 791 5021 angelicam
813 4952 1237 5023 magnitudinem
1253 4949 1313 5023 et
1332 4951 1548 5011 molem,
1567 4949 1699 5023 quin

189 5019 434 5074 abolentur
453 5019 634 5077 carnis
664 5023 779 5092 ipsa
808 5019 1132 5085 substantia,
1159 5030 1213 5077 et
1242 5019 1334 5092 ﬁat
1360 5035 1563 5092 corpus
1592 5019 1698 5073 hu-

188 5102 402 5168 manum,
435 5092 589 5160 quale
619 5093 784 5162 prisci
810 5092 919 5168 illi,_
933 5094 1219 5168 pluresque
1240 5091 1378 5168 .alii,_
1393 5091 1697 5160 angelicum

188 5159 636 5232 existimaverunti
662 5178 857 5232 corpus
895 5159 1053 5216 ἀῦλον
1085 5159 1148 5217 δι’
1171 5161 1451 5232 spiritale;
1476 5159 1483 5160 ⁷
1506 5175 1701 5232 nempe

193 5228 584 5308 subtilissimum,
613 5246 735 5308 aere
751 5228 887 5302 puro
916 5234 1181 5308 igneoque
1196 5228 1532 5308 concretum,
1551 5228 1698 5308 quod

191 5299 346 5372 ipsum
374 5307 524 5355 tanta:
562 5299 1012 5372 molisfetsup'ra
1039 5299 1699 5372 humanamimolem'ble-

193 5368 383 5449 thodius
406 5372 625 5449 voluerit
661 5391 673 5426 :
704 5372 796 5449 qui
819 5368 959 5449 forte
993 5387 1148 5449 error
1184 5371 1307 5449 _ft_1it_
1320 5371 1588 5449 Eutychii
1599 5386 1699 5449 pa-

194 5439 413 5512 triarchte
451 5439 1050 5512 Constantinopolitani,
1085 5457 1149 5497 ex
1184 5441 1270 5498 bis
1294 5439 1440 5512 ipsis
1461 5440 1697 5496 fontibus

197 5507 409 5578 haustus,
432 5527 457 5565 a
482 5528 590 5583 quo
616 5507 908 5583 Gregorius
958 5511 1257 5575 Romanus,
1288 5507 1581 5583 hominem,
1616 5513 1700 5583 ip-

200 5593 303 5633 sum
327 5581 601 5639 sanctitatis
620 5581 745 5638 luce
764 5584 992 5648 clarum,
1022 5583 1308 5637 revocavit.
1333 5581 1462 5635 Esto
1491 5596 1554 5637 ea
1589 5582 1698 5636 sint

203 5654 464 5724 angelorum
500 5670 750 5724 corpora,
801 5655 946 5723 quod
974 5660 1028 5708 et
1057 5651 1291 5724 Joannes
1348 5651 1698 5724 Thessaloni-

204 5722 355 5798 censis
382 5725 428 5777 iu
452 5741 517 5778 vu
547 5722 756 5798 svnodio
782 5722 973 5789 sensit,
1013 5731 1177 5798 atque
1210 5722 1516 5798 hmcpictis
1549 5723 1697 5798 colo-

206 5781 352 5865 ribus,
376 5781 728 5864 repraesentari
763 5810 923 5865 posse
954 5781 1175 5865 angelos
1191 5781 1401 5865 statuii,
1435 5792 1693 5865 nee_clare

209 5854 685 5923 hactenus'Ecclesia
713 5854 1056 5937 proscripsit:
1088 5864 1208 5935 ipso
1238 5854 1468 5919 DoctOre
1512 5861 1691 5933 Ange-

1810 3617 1915 3673 lico
1937 3623 2159 3672 auctore
2204 3617 2256 3670 in
2315 3615 2654 3685 expositione
2706 3630 2721 3668 ι
2770 3611 3002 3685 Decret.,
3037 3606 3181 3685 unde
3205 3605 3362 3685 quod

1808 3688 2047 3742 humana
2076 3701 2305 3756 corpora
2332 3677 2676 3756 proillorum
2710 3683 2848 3756 mole
2873 3678 3144 3756 [ungenda
3174 3677 3362 3756 sititet

1807 3757 2101 3813 dilatanda.
2129 3746 2301 3811 Erunt
2325 3746 2550 3826 quidem;
2593 3752 2834 3826 illa_suis_
2866 3750 3084 3826 dotibus
3117 3746 3359 3826 praedita,

1806 3827 2044 3894 subtilia,
2080 3827 2262 3897 agilia,
2314 3819 2377 3880 ac
2421 3824 2670 3897 silibet1
2686 3820 2839 3875 Pauli
2869 3819 3072 3897 phrasi,
3122 3819 3362 3897 πνευμα-

1805 3897 1952 3965 τικά,
1983 3887 2202 3967 οόνρόνα
2230 3887 2549 3967 spiritantia,
2582 3893 2599 3946 l
2632 3887 2885 3967 Cor._1_tv,'
2899 3889 2994 3945 sed
3015 3889 3220 3967 integra
3243 3887 3362 3940 illo-

1805 3959 2295 4030 rum'sub'stantia,
2330 3981 2456 4020 vere
2486 3965 2602 4034 ipsa
2632 3961 2888 4034 carnibus
2937 3959 3270 4034 ossibusque
3296 3970 3361 4010 ac

1806 4037 2127 4092 humoribus
2151 4026 2425 4099 concreta,
2460 4026 2716 4101 nulloque
2762 4030 2872 4101 jam
2901 4028 3045 4101 cibo,
3096 4036 3153 4081 ut
3192 4026 3358 4079 vitam

1806 4114 2083 4170 tueantur,
2121 4098 2546 4164 statuminanda.
2597 4098 2774 4170 quam
2807 4099 2946 4154 forte
2993 4098 3209 4170 illorum
3241 4109 3365 4148 cor-

1805 4168 2117 4247 ruptionem
2162 4177 2459 4247 arbitratus
2481 4183 2565 4247 est
2616 4168 2939 4247 Methodius,
2975 4183 3094 4247 pro‘
3103 4168 3210 4247 illo
3251 4179 3361 4247 suo

1806 4235 2136 4302 sabbatismo
2162 4255 2214 4299 et
2236 4244 2534 4300 millenaria
2560 4242 2746 4312 requie
2772 4241 2834 4312 in
2856 4235 3021 4312 terra.
3055 4236 3120 4290 Et
3155 4235 3361 4312 certesi

1807 4317 1982 4371 adhuc
2016 4315 2357 4371 necessarius
2381 4313 2487 4368 illis
2505 4304 2678 4375 cibus,
2705 4309 2931 4364 necdum
2955 4308 3111 4378 plene
3137 4304 3361 4378 depulsa

1805 4386 2102 4455 corruptio,
2158 4385 2385 4455 necdum
2429 4396 2720 4455 corporqu
2770 4375 3051 4455 beatorum
3082 4375 3359 4431 attributa:

1804 4449 1985 4519 dotes,
2038 4455 2214 4509 adhuc
2247 4455 2327 4509 vel
2362 4449 2575 4521 frugum
2606 4451 2689 4506 vel
2725 4449 3079 4521 animantium
3134 4457 3362 4521 genera-

1804 4518 2002 4586 tiones,
2034 4526 2176 4580 unde
2206 4539 2302 4594 pro
2333 4539 2397 4578 eo
2427 4518 2572 4594 statu
2610 4522 2716 4594 illis
2750 4518 3096 4594 _suliiciatur.r
3132 4518 3359 4594 Arrepta

1807 4596 1973 4652 semel
2004 4586 2225 4649 humani
2283 4608 2476 4649 sensus
2533 4588 3028 4660 simplicitatehejus
3055 4586 3364 4660 status_opi-

1807 4651 1992 4728 itione,
2023 4680 2086 4720 ea
2117 4667 2232 4734 ipsa
2264 4664 2503 4733 proclive
2529 4651 2822 4734 fuit’multa
2861 4651 3363 4734 divinare,_qu_ibus

1804 4753 1906 4795 nos
1939 4724 2164 4792 solidior
2181 4724 2447 4804 theologia
2459 4731 2687 4804 exemit;
2719 4743 2838 4799 qua:
2858 4742 2968 4804 n_ec_
2977 4725 3185 4804 angelis
3203 4724 3363 4804 aliam

1805 4793 2008 4862 tribuat
2035 4805 2230 4860 molem
2263 4793 2686 4873 quainrvirtutis,
2711 4793 2927 4873 qua_eis
2950 4793 3134 4873 liceat,
3160 4793 3360 4873 majori

1806 4861 2070 4933 minorive
2112 4861 2299 4945 Spatio‘
2318 4870 2608 4945 applicari;
2668 4861 2768 4923 nec
2820 4868 3068 4945 homines
3096 4861 3127 4945 a
3155 4861 3364 4934 judicio

1803 4949 2075 5010 admittat,
2139 4935 2244 4999 nisi
2303 4935 2406 4998 aut'
2448 4935 2635 4995 beatus
2684 4952 2912 5007 corpore
2940 4944 2995 5010 et
3029 4935 3212 4990 animo
3237 4948 3364 4988 cum

1803 5017 2021 5073 Christo
2040 5007 2347 5087 regnantes,
2374 5012 2531 5087 eique
2549 5010 2791 5087 _in_coelis
2820 5007 3080 5087 asseclas,
3121 5014 3363 5087 autcum

1804 5088 2021 5143 diabolo
2049 5074 2343 5154 etvangelis'
2380 5074 2501 5152 ejus
2547 5079 2772 5154 inferno
2808 5078 3082 5154 addictos,
3118 5074 3365 5143 utrisque

1805 5159 1914 5213 vita
1943 5148 2258 5212 insolubili:
2288 5154 2334 5209 si
2363 5148 2543 5206 tamen
2580 5150 2690 5204 vita
2721 5148 3194 5211 dicenda,eorum,
3224 5157 3364 5212 quos

1804 5229 1878 5284 ibi
1904 5244 2052 5284 mors
2080 5227 2356 5294 depascet,
2377 5220 2842 5294 ips-«immortalis
2858 5219 3177 5294 nullumque
3202 5213 3363 5294 ﬁnem

1804 5299 2055 5371 habitura
2107 5284 2352 5371 miseria,
2399 5284 2758 5371 Ἃνθρώπινρν
2806 5288 2992 5371 σχῆμα
3050 5284 3363 5371 oppositum

1806 5367 2223 5439 angelicaagmoli
2255 5372 2307 5419 et
2350 5360 2731 5439 magnitudini,
2766 5360 3049 5439 nescioan
3083 5360 3364 5439 apte‘satss

1806 5427 2045 5492 habitum
2073 5437 2379 5498 humanum,
2411 5427 2735 5502 superiores
2778 5427 3141 5502 reddiderint_,
3173 5429 3227 5476 et
3255 5434 3364 5473 non

1803 5510 2025 5573 clarius,
2042 5508 2254 5561 humani
2280 5500 2509 5572 corporis
2534 5500 2916 5578 forma(totun_r
2936 5501 3361 5578 ipsum-corpus;

1802 5580 1964 5650 quale
2002 5578 2388 5650 ,homiuisest,
2420 5581 2547 5650 ante
2575 5588 2693 5628 eam
2728 5573 3081 5650 mutationem
3110 5573 3363 5650 aequasi

1802 5636 1969 5705 tbtius
1999 5648 2232 5704 hominis
2254 5636 2481 5712 θέωσιν)
2517 5658 2549 5697 a
2579 5658 2663 5697 me
2693 5638 2972 5712 redditum
3004 5636 3075 5712 si?
3167 5636 3366 5712 mall“?

1802 5697 2230 5776 ix'thiJéB‘Ei
2262 5697 2570 5773 'Llethodius
2616 5728 2724 5768 non
2772 5697 3171 5762 exorbitaverit.
3218 5697 3366 5754 Cou-

1804 5806 1972 5846 BEFIS.
