3962 6278
591 347 690 408 101

1522 348 1582 409 S.
1622 349 1949 408 METHODII
1987 352 2295 411 EPISCOPI
2325 354 2412 410 ET
2451 351 2806 410 MARTYBIS

3740 346 3893 400 192

659 468 904 525 EUBUL.
943 468 1165 526 Multum
1195 477 1367 528 aestuo
1385 470 1525 542 apud
1557 486 1663 537 me,
1716 486 1750 526 ο
1795 468 2128 542 Gregorium1

2315 474 2605 528 ΕΥΒΟΥΛ.
2643 472 2780 526 Λίαν
2808 468 3045 540 ἀγωνιῶ,
3075 461 3120 522 ὦ
3154 467 3478 541 Γρηγὸριον,
3512 468 3642 520 κατ’
3671 467 3883 537 ἐμαυ-

590 571 845 633 reputaus
872 578 1080 620 mecum
1112 564 1163 618 in
1195 574 1397 637 quanta
1429 566 1626 620 mentis
1650 563 1922 620 anxietate
1949 582 2044 637 per
2066 567 2143 622 is-

590 662 696 708 tam
734 671 1038 711 sermonum
1091 657 1262 712 vicem
1292 656 1558 712 Domnina
1582 664 1912 724 versaretur,
1936 657 2053 727 ipsa
2084 658 2141 714 in

588 748 896 817 praecordiis
922 747 1214 812 fluctuans,
1249 766 1313 806 ac
1340 752 1463 820 jure
1489 760 1734 806 metuens
1770 766 1839 806 ne
1870 751 1974 807 sibi
2000 766 2142 824 aqua

586 839 832 902 haereret,
880 840 1231 913 jejuniusquc
1282 843 1484 913 aliquid
1536 843 1763 913 reliquis
1816 843 2140 915 virginibus,

583 948 706 1007 cum
739 932 845 988 illa:
863 941 1011 989 tanta
1040 935 1148 1005 jam
1176 936 1361 1006 sicque
1384 938 1534 991 varia
1564 947 1953 1007 occupassent,
2010 956 2142 1010 per-

580 1038 784 1081 oraret.
816 1023 876 1081 Si
897 1042 1026 1098 ergo
1049 1044 1158 1083 non
1188 1028 1552 1085 dissimulavit
1590 1031 1754 1085 talem
1800 1032 1945 1088 hunc
1973 1034 2142 1090 animi

581 1115 668 1170 sui
700 1124 924 1183 motum,
961 1132 1059 1189 age
1089 1126 1142 1172 et
1194 1119 1341 1174 istud
1386 1135 1608 1190 quoque
1668 1123 1924 1195 transige.
1973 1123 2143 1178 Miror

578 1211 722 1263 enim
758 1210 802 1265 si
836 1210 967 1280 quid
989 1211 1241 1266 habuerit
1262 1212 1407 1283 quod
1438 1212 1665 1279 diceret,
1699 1215 1950 1272 ultimum
1977 1226 2142 1273 nacta

576 1298 814 1354 habendi
841 1303 1113 1357 sermonis
1137 1303 1341 1359 locum.

648 1390 854 1447 GREG.
875 1391 1171 1448 Turbatam
1194 1411 1327 1451 sane
1346 1396 1518 1467 ipsam
1538 1399 1799 1470 majorem
1820 1400 1875 1455 in
1897 1401 2139 1468 modum,

577 1498 611 1538 ο
635 1483 951 1552 Eubulium,
974 1487 1109 1542 dixit
1142 1489 1274 1543 mihi
1299 1489 1629 1562 Theopatra,
1660 1509 1773 1549 non
1829 1501 2013 1549 tamen
2063 1496 2143 1549 la-

576 1577 804 1634 borasse
832 1580 1057 1649 penuria
1089 1597 1419 1639 sermonum.
1436 1586 1494 1641 In
1521 1602 1642 1643 eam
1668 1603 1817 1659 ergo,
1849 1595 2140 1659 postquam

578 1665 816 1739 Tysiana
848 1670 1008 1726 ﬁnem
1037 1671 1184 1739 fecit,
1221 1675 1422 1745 injecto
1470 1677 1634 1732 Arete
1684 1677 1866 1742 oculo,
1915 1676 2030 1747 Age
2081 1684 2139 1731 tu

576 1773 817 1830 quoque,
855 1762 953 1828 ait,
1008 1762 1139 1827 tilia,
1176 1781 1479 1822 sermonem
1512 1767 1700 1833 redde,
1743 1775 1803 1821 ut
1829 1767 2139 1822 convivium

2248 570 2347 640 τὴν
2376 568 2485 639 (48)
2518 564 2837 637 ὲννοουμένη
2864 603 2878 627 ,
2912 562 3081 635 ὁποίῳ
3132 561 3344 634 θορύϐῳ
3390 560 3488 614 νῦν
3531 557 3652 631 ἆρα
3688 560 3722 629 ἡ
3754 562 3889 611 Δο-

2252 663 2411 733 μνίνα
2464 655 2554 732 ἦν,
2607 656 3022 730 ταρασσομένης
3075 655 3211 726 αὐτῇ
3261 654 3361 724 τῆς
3418 652 3697 723 καρδίας,
3752 651 3883 703 καὶ

2250 752 2584 821 φοϐουμένης
2614 751 2688 821 μὴ
2723 749 2977 820 ἀπορήσῃ
3023 746 3229 815 λόγων,
3266 747 3360 800 καὶ
3399 744 3764 815 ἐνδεέστερόν
3808 761 3875 797 τι

2248 845 2354 898 τῶν
2385 843 2558 898 ἄλλων
2593 842 2876 914 παρθένων
2932 841 3336 912 ἀποφθέγξηται
3357 882 3371 906 ,
3412 839 3703 893 τοσούτων
3742 839 3871 909 ἤδη

2249 936 2516 1007 ῥηθέντων
2561 936 2641 999 είς
2671 935 2732 988 τὸ
2779 934 3132 1008 προκείμενον
3165 935 3258 988 καὶ
3297 931 3580 989 ποικίλων.
3636 932 3709 984 Εἰ
3750 928 3867 985 οὖν

2247 1026 2465 1095 εὔδηλος
2498 1027 2714 1095 ἐγένετο
2739 1027 3090 1098 κεκινημένη,
3114 1026 3245 1098 φέρε
3271 1026 3366 1080 καὶ
3395 1025 3562 1078 τοῦτο
3582 1026 3862 1096 περαίω-

2249 1136 2358 1173 σον.
2400 1119 2673 1190 θαυμάζω
2698 1120 2806 1193 γὰρ
2838 1118 2891 1172 εί
2920 1137 2973 1172 τι
3000 1118 3155 1189 ἔσχεν
3186 1121 3379 1183 εἰπεῖν,
3406 1118 3709 1172 τελευταῖα
3750 1135 3860 1172 ass-

2246 1212 2593 1285 κληρωμένη.

2314 1394 2597 1448 ΓΡΗΓΟΡ.
2641 1392 2980 1465 Τεταράχθαι
3028 1393 3126 1465 μὲν
3156 1392 3321 1465 αὐτὴν
3344 1432 3358 1458 ,
3395 1387 3442 1447 ὧ
3489 1393 3843 1461 Εὑῦοὐλισν,

2245 1490 2338 1543 καὶ
2367 1486 2710 1559 σφόδρα,ἕφη
2744 1504 2832 1558 μοι
2862 1488 3221 1559 ἡθεοπάτρα·
3254 1489 3314 1542 οὐ
3351 1490 3458 1560 μὴν
3479 1490 3842 1561 ὴτεορηχέναι

2244 1578 2435 1646 λόγων.
2472 1577 2625 1633 Μετὰ
2656 1577 2717 1632 τὸ
2750 1568 3061 1633 παύσασθαι
3088 1578 3187 1650 τὴν
3225 1579 3520 1651 Τυσιανὴν,
3553 1583 3591 1650 ἡ
3630 1585 3838 1654 Ἀρετὴ

2245 1671 2333 1725 τὸν
2360 1670 2635 1739 ὀφθαλμὸν
2675 1671 2756 1732 είς
2785 1669 2953 1741 αὐτὴν
2998 1670 3360 1737 ἐπισαλοῦσα,
3396 1672 3574 1744 Δεῦρο
3621 1673 3693 1743 δὴ
3742 1674 3839 1726 καὶ

2246 1760 2504 1835 θύγατερ,
2540 1762 2664 1834 ἔφη,
2706 1761 2800 1816 τὸν
2845 1762 3001 1831 λόγον
3044 1763 3259 1829 ἀπόδος,
3300 1763 3388 1816 ἵνα
3437 1763 3835 1835 πληρώσωμεν

575 1853 727 1906 omni
749 1868 810 1907 ex
849 1861 1002 1924 parte
1028 1855 1323 1925 perfectum
1361 1860 1749 1929 compleamus.
1803 1857 1900 1916 liis
1947 1860 2128 1915 erube-

2238 1856 2425 1927 ἐντελῆ
2452 1856 2548 1929 τὴν
2581 1857 2832 1928 εὐωχίαν.
2858 1856 2966 1927 Τὴν
2990 1852 3082 1911 οὖν
3105 1857 3387 1928 Δομνίναν,
3411 1856 3543 1929 ἐρυθ
3553 1859 3834 1928 ριάσασαν

579 1957 743 1998 scens
774 1942 1059 2010 Domnina,
1090 1947 1286 2018 vixque
1314 1958 1436 2020 post
1460 1952 1673 2024 longam
1705 1967 1912 2007 moram
1944 1953 2138 2007 oculos

574 2036 889 2108 vultumque
922 2040 1139 2105 tollens,
1174 2058 1583 2115 exsurgensque
1628 2044 1696 2100 ad
1747 2045 2016 2100 orandum
2074 2058 2135 2099 se

572 2128 753 2191 vertit,
787 2144 851 2185 ac
883 2127 1175 2200 Sapientia:
1226 2149 1464 2204 priesens
1518 2136 1782 2192 auxilium
1833 2137 2137 2207 imploran-

567 2214 718 2272 dum.
752 2217 868 2285 Qua
899 2221 1147 2276 oratione
1183 2225 1496 2291 perfuncta,
1530 2228 1702 2282 visam
1737 2228 1917 2284 aiebat
1951 2230 2136 2284 subito

569 2325 763 2366 novam
810 2323 1051 2370 creatam
1109 2317 1413 2383 audaciam,
1464 2327 1519 2375 et
1571 2320 1810 2375 divinam
1842 2321 2136 2393 quamdam

568 2400 829 2459 incidisse
854 2402 1142 2475 fiduciam;
1175 2421 1347 2477 eaque
1378 2406 1572 2463 fretam
1596 2408 1829 2465 dixisse.

1027 2638 1787 2745 ΟΒΑΊῚΟΧ.⁴

1182 2795 1509 2855 ΒΟΜΝΙΝΑ.

2244 1948 2494 2014 ἐπιπολὺ,
2520 1948 2671 2019 μόλις
2698 1949 3007 2013 ἀνανεῦσαι,
3027 1950 3118 2002 καὶ
3147 1950 3226 2012 είς
3251 1947 3414 2020 εὐχὴν
3440 1947 3831 2013 ἐξαναστᾶσα

2240 2043 2510 2115 τραπῆναι
2536 2082 2551 2106 ,
2607 2044 2700 2097 καὶ
2751 2044 2934 2098 καλεῖν
2968 2044 3066 2115 τὴν
3120 2043 3319 2113 Σοφίαν
3366 2044 3731 2115 παραστῆναί
3778 2046 3827 2097 oi

2240 2134 2451 2206 βοηθόν.
2509 2136 2793 2209 Εὐξαμένῃ
2836 2136 2893 2190 δὲ
2943 2137 3102 2208 αὐτῇ,
3151 2136 3347 2207 θάρσος
3396 2137 3565 2206 φησὶν
3620 2134 3827 2199 εὐθέως

2240 2228 2548 2297 ἐγγίνεσθαι
2569 2268 2584 2293 ,
2613 2229 2707 2282 καί
2737 2245 2821 2293 τις
2843 2228 3012 2300 αὐτὴν
3044 2227 3160 2282 θεία
3203 2229 3461 2300 ἀνακωχὴ
3504 2226 3820 2291 κατέλαϐε,

2239 2320 2331 2374 καὶ
2363 2320 2488 2393 ἔφη.

2757 2653 3117 2742 ΛΟΓΟΣ
3193 2656 3255 2738 L

2844 2804 3175 2857 AOMNINA.

1106 2916 1235 2971 Car.
1266 2916 1307 2974 Ι.
1342 2919 1469 2974 Sola
1497 2919 1660 2989 efﬁcit
1683 2938 1746 2976 ac
1768 2931 1988 2992 prwstat
2015 2924 2257 2991 castitas,
2290 2934 2349 2979 ut
2371 2925 2551 2979 anima
2583 2923 2947 2979 laudatissime
2971 2924 3305 2996 gubernetur.

638 3026 685 3090 Ο
704 3033 887 3099 Arete,
919 3035 1139 3092 omissis
1168 3047 1223 3093 et
1260 3053 1360 3109 ego
1391 3040 1741 3097 exordiorum
1775 3044 2117 3116 ambagibus,

2296 3042 2367 3099 Ὦ
2412 3045 2634 3119 Ἀρετὴ,
2669 3045 2854 3115 κάγὼ,
2884 3043 3261 3119 παραλείζιασα
3302 3041 3403 3106 τὰς
3438 3043 3807 3117 μακρολογίας

568 3124 819 3193 protinus
848 3140 961 3181 rem
995 3126 1168 3197 ipsam
1202 3129 1421 3199 aggredi
1465 3132 1709 3187 conabor
1742 3147 1843 3203 pro
1891 3133 2124 3201 viribus,

2236 3139 2339 3193 τῶν
2375 3138 2861 3212 προεξηγημάτων,
2898 3140 2977 3201 εἰς
3010 3136 3148 3190 αὐτὰ
3178 3134 3246 3188 τὰ
3295 3134 3638 3206 προκείμενα
3669 3134 3806 3189 κατὰ

570 3231 638 3272 ne
660 3216 729 3273 iis
756 3218 1097 3275 immorando
1115 3236 1233 3291 qua:
1251 3229 1404 3276 extra
1422 3238 1534 3278 rem
1557 3233 1705 3292 sunt,
1736 3226 1949 3297 longius
1964 3242 2129 3297 quam

567 3322 668 3379 pro
711 3325 901 3365 earum
957 3312 1167 3367 ratione
1210 3326 1272 3366 ac
1313 3329 1451 3384 pene
1495 3316 1770 3386 superﬂue
1822 3320 2128 3374 orationem

567 3403 801 3456 traham.
842 3401 1079 3459 Numero
1129 3406 1275 3459 enim
1312 3406 1367 3460 in
1422 3423 1613 3478 magna
1645 3409 1946 3479 prudentiae
1973 3420 2128 3483 parte

567 3508 676 3548 non
708 3494 988 3565 indulgere
1011 3497 1191 3553 verbis
1231 3498 1465 3554 inaniter
1512 3516 1672 3557 aures
1728 3504 2121 3568 mulcentibus,

566 3585 904 3659 diﬂ’undique
951 3588 1203 3660 dicendo,
1261 3601 1549 3664 antequam
1600 3595 1666 3650 ad
1725 3606 1891 3668 caput
1945 3599 2125 3669 ipsum

569 3680 777 3748 (ιιιωείιί
804 3684 1086 3749 veniatur;
1127 3684 1224 3741 sed
1249 3702 1316 3742 ex
1349 3687 1468 3757 ipso
1497 3689 1680 3743 statim
1713 3700 1919 3760 puncto
1974 3707 2125 3762 qua:-

568 3772 763 3832 stionis
794 3777 1051 3849 incipere.
1080 3779 1217 3836 llinc
1259 3782 1424 3853 igitur
1460 3784 1647 3839 ordior
1680 3804 1694 3840 :
1732 3794 1947 3856 tempus
1981 3789 2126 3842 enim

565 3873 669 3923 est.

634 3958 780 4015 Nihil
807 3970 915 4017 tam
945 3966 1202 4034 prodesse
1238 3967 1443 4023 homini
1473 3967 1541 4023 ad
1572 3968 1909 4026 honestatem
1936 3986 1997 4027 ac
2017 3972 2128 4027 vir-

568 4053 698 4108 tutis
726 4053 948 4121 bonum,
979 4072 1013 4111 o
1037 4058 1276 4114 illustres
1303 4061 1559 4130 virgines,
1586 4063 1785 4133 poterit
1813 4081 1977 4135 quam
2033 4082 2126 4122 ca-

563 4145 745 4202 stitas.
785 4146 854 4201 Ut
883 4150 1028 4204 enim
1059 4166 1271 4206 summa
1322 4153 1608 4209 honestate
1659 4171 1722 4210 ac
1750 4156 2125 4214 laudatissime

561 4239 897 4310 gubernetur
927 4243 1125 4309 anima,
1156 4252 1323 4314 utque
1351 4262 1382 4300 a
1414 4250 1569 4305 malis
1601 4260 1655 4305 et
1692 4252 2124 4322 inquinamentis

562 4345 699 4402 pura
729 4330 931 4388 mundo
966 4337 1209 4393 solvatur
1236 4354 1299 4393 ac
1324 4341 1650 4407 dimittatur,
1684 4345 1798 4399 sola
1826 4346 1941 4400 haec
1962 4344 2125 4400 eﬂicit

559 4438 626 4479 ac
654 4432 893 4495 praestat.
921 4426 999 4482 Ex
1026 4445 1135 4500 quo
1164 4431 1430 4503 siquidem
1474 4435 1725 4491 Christus
1750 4451 1869 4491 eam
1892 4452 1992 4493 nos
2024 4453 2088 4492 co
2108 4468 2122 4478 -

2233 3233 2460 3304 δύναμιν
2498 3234 2669 3286 εἰπεῖν
2717 3230 3080 3303 πειράσομαι·
3116 3230 3202 3282 ἵνα
3231 3228 3295 3299 δὴ
3332 3227 3425 3299 μὴ,
3452 3227 3533 3299 τῷ
3569 3229 3805 3300 μηκύνε-

2234 3326 2354 3380 σθαι
2384 3326 2453 3379 τὰ
2486 3326 2754 3398 πάρεργα,
2791 3325 3011 3377 πλείονα
3032 3323 3220 3396 χρόνον
3250 3316 3322 3375 ὧν
3356 3322 3520 3375 ἓνεκα.
3550 3323 3805 3391 λέγονται

2233 3417 2516 3489 παράσχω.
2552 3416 2817 3488 Ἠγοῦμαι
2850 3416 2957 3486 γὰρ
2989 3415 3241 3486 μέγιστον
3278 3413 3440 3485 μέρος
3484 3416 3803 3486 φρονήσεως

2231 3504 2368 3562 εἶναι
2400 3509 2461 3563 τὸ
2495 3509 2570 3581 μὴ
2625 3510 2867 3582 μακροὺς
2899 3510 2961 3561 ὲκ
2997 3507 3254 3579 περιόδων
3284 3507 3389 3578 προ
3436 3507 3543 3560 τῶν
3590 3508 3801 3579 ἐρωτη-

2230 3601 2428 3655 θέντων
2478 3601 2740 3663 ποιελίσθαι
2774 3603 2898 3665 τοὺς
2940 3600 3149 3670 λόγους,
3182 3599 3480 3671 κηλοῦντας
3525 3601 3597 3655 τὰ
3650 3596 3796 3655 ῶτιν

2229 3694 2342 3750 ἀλλ’
2374 3693 2596 3748 αὐτόθεν
2641 3694 2838 3757 εὐθέως
2877 3694 3003 3765 περὶ
3036 3694 3154 3747 ὅτου
3184 3693 3242 3747 τὸ
3277 3692 3614 3765 ἐπερώτημα
3653 3695 3800 3748 ἐστιν

2229 3788 2509 3861 ἄρχεσθαι.
2543 3789 2634 3842 Διὸ
2661 3787 2869 3841 ἐνθένδε
2898 3787 3079 3857 κάγώ’
3115 3788 3302 3859 καιρὸς
3330 3787 3457 3859 γάρ.

2300 3968 2464 4022 Οὐδὲν
2492 3966 2663 4031 οὕτως
2700 3965 2889 4036 ὀνῆσαι
2917 3965 3198 4036 δυνήσεται
3232 3966 3366 4037 πρὸς
3409 3964 3470 4016 τὸ
3511 3965 3681 4021 καλὸν
3710 3966 3796 4021 τὸν

2227 4062 2544 4134 ἄνθρωπον,
2585 4056 2630 4115 ὧ
2686 4059 3137 4131 καλλιπάρθενοι,
3182 4062 3257 4124 ὼς
3303 4059 3511 4129 ἁγνεία.
3564 4062 3643 4115 Τὸ
3691 4064 3795 4134 γὰρ

2227 4152 2483 4207 κάλλιστα
2517 4152 2611 4205 καὶ
2639 4150 2836 4223 ἄριστα
2863 4150 3342 4222 διακυϐερνηθῆναι
3366 4150 3458 4221 τὴν
3478 4151 3684 4223 ψυχὴν,
3704 4153 3795 4206 καὶ

2226 4244 2453 4316 κηλίδων
2507 4245 2599 4299 καὶ
2656 4243 2974 4314 μιασμάτων
3012 4242 3256 4315 καθαρὰν
3305 4241 3643 4313 ἀπολυθῆναι
3700 4243 3792 4297 τοῦ

2225 4339 2458 4409 κόσμου,
2514 4338 2646 4408 μόνη
2698 4338 2841 4389 ποιεῖ
2887 4334 3043 4388 τοῦτο
3094 4335 3185 4389 καὶ
3240 4333 3533 4407 ἐργάζεται
3577 4336 3791 4405 ἁγνεία.

2238 4430 2352 4499 Ἃφν
2379 4423 2439 4483 οδ
2471 4429 2579 4501 γάρ
2598 4430 2626 4481 ὁ
2656 4428 2890 4500 Χριστὸς
2918 4426 3192 4480 ἐδίδασκεν
3220 4427 3388 4498 αὐτὴν
3409 4428 3599 4481 ἀσκεῖν
3623 4430 3793 4499 ἡμᾶς,

560 4513 672 4571 lere
702 4516 907 4581 docuit,
930 4521 1550 4596 excellentissimamque
1578 4527 1726 4583 illius
1751 4527 2118 4598 pulchritudi-

2236 4521 2319 4576 καὶ
2352 4523 2617 4593 ἐμήνυσεν
2659 4522 2788 4591 ἡμῖν
2821 4520 2881 4573 τὸ
2927 4518 3330 4591 ἀνυπέρϐλητον
3359 4520 3555 4584 κάλλος
3597 4521 3790 4592 αὐτῆς,

559 4624 682 4664 nem
728 4610 958 4681 aperuit,
1005 4628 1231 4686 regnum
1257 4616 1458 4673 diaboli
1492 4619 1829 4676 destructum
1857 4629 1959 4683 est,
1993 4635 2118 4675 cum

560 4699 711 4771 prius
743 4704 1054 4760 universum
1099 4707 1381 4764 hominum
1415 4728 1587 4783 genus
1618 4714 1890 4784 captivum
1934 4713 2121 4767 trahe-

631 4836 743 4919 (ιδ)
764 4840 899 4893 Κατ’
920 4840 1197 4910 ἐμαυτήν.
1224 4841 1363 4899 Hinc
1393 4845 1561 4919 liquet
1585 4846 1872 4901 Eubulium
1895 4849 2121 4919 perinde

560 4908 775 4988 feminae
807 4908 1090 4988 personam
1132 4908 1259 4988 esse
1298 4931 1362 4970 ac
1413 4908 1731 4988 Gregorium
1766 4937 1780 4973 :
1818 4908 1931 4979 ,nec
1966 4927 2118 4975 tanta

558 4980 792 5056 puellam
820 4982 960 5056 apud
975 4984 1158 5056 virum
1183 4986 1475 5056 deponere,
1511 4980 1771 5043 decorum
1797 4989 1973 5043 visum
2010 4991 2120 5047 Me-

556 5050 746 5129 thodio
776 5053 867 5105 cui
892 5050 1268 5129 in__Symposio'
1288 5050 1577 5129 virginum,
1606 5075 1905 5129 earumque
1934 5060 2121 5116 habito

556 5122 841 5200 relatoque
879 5122 1167 5200 colloquio,
1219 5122 1411 5200 magna
1460 5129 1683 5200 pudoris
1715 5140 1767 5187 et
1809 5122 2115 5188 honestatis

556 5208 723 5248 sexus
753 5191 996 5247 habenda
1022 5191 1122 5251 fuit
1152 5191 1623 5258 ratiofCouissns.

628 5264 739 5335 (49)
774 5262 870 5331 Μὴ
921 5263 1039 5338 τῶν
1082 5268 1484 5338 παλαιοτέρων
1530 5271 1680 5325 τινά.
1718 5270 1862 5326 Dura
1898 5273 2011 5327 haec
2063 5285 2120 5329 ut

555 5342 776 5397 sonant,
808 5350 910 5408 nec
943 5337 1203 5407 Apostolo
1229 5342 1331 5393 'aut
1363 5337 1501 5396 ’tidei
1529 5357 1770 5397 consona
1801 5361 1815 5408 ;
1845 5346 2116 5399 neminem

557 5415 802 5462 veterum
860 5404 1312 5483 Deo'placuisse.
1367 5411 1526 5467 Certe
1564 5404 1887 5483 placuerunt
1940 5415 2116 5479 multi,

557 5491 863 5554 magnaque
889 5481 1198 5554 sanctitate_
1221 5481 1652 5545 claruerunt,_ut
1676 5493 1729 5539 et
1764 5485 1867 5547 his,
1894 5484 1985 5554 qui
2015 5486 2118 5540 sub

558 5549 731 5669 gratia
753 5550 962 5614 vivunt,
991 5552 1237 5621 exemplo
1259 5566 1381 5607 esse
1412 5554 1655 5623 possint:
1685 5554 1760 5607 uti
1793 5549 1954 5609 etiam
1977 5554 2120 5607 Pau-

582 5632 645 5669 us
660 5620 907 5669 exemnlo
923 5622 1193 5669 nrodnrit-
1213 5638 1350 5669 anns
1373 5631 1552 5669 tanth
1578 5636 1826 5669 numerat
1852 5626 1915 5669 ad
1953 5625 2109 5669 Helm

582 5632 663 5692 us_
660 5620 907 5692 exemplo
922 5622 1193 5692 producit,
1213 5638 1350 5692 quos
1373 5620 1552 5679 tantos
1578 5636 1826 5679 numerat
1852 5626 1919 5679 ad
1951 5625 2111 5679 Hebr.

564 5684 1188 5765 I._Glossei_na'Possiuii,
1219 5684 1361 5765 omni
1403 5710 1467 5747 ea:
1496 5706 1684 5765 parte:
1729 5696 1874 5749 velut
1899 5695 2118 5765 placue-

560 5756 673 5809 rint
697 5759 926 5836 _quidem
960 5776 1022 5818 ac
1044 5764 1175 5836 justi
1209 5763 1429 5823 fuerint.
1452 5756 1561 5836 sed
1596 5781 1704 5820 non
1748 5756 1973 5834 prorsus
2005 5767 2119 5836 pla-

559 5828 794 5896 cuerint,
818 5846 880 5886 ac
914 5828 1110 5903 partim
1136 5834 1292 5908 justi,
1320 5835 1521 5907 partim
1574 5828 1887 5907 peccatores
1919 5828 2117 5893 fuerint

2221 4613 2526 4685 ἠβασιλεία
2583 4612 2674 4667 τοῦ
2730 4611 2965 4684 πονηροῦ
3016 4612 3291 4686 καθῃρέθη
3317 4653 3331 4675 ,
3388 4613 3655 4685 πρότερον
3704 4613 3794 4667 ἀεὶ

2224 4705 2427 4769 πάντας
2450 4703 2935 4776 αἰχμαλωτίζοντος
2964 4705 3056 4758 καὶ
3077 4705 3449 4775 δουλουμένου·
3473 4705 3549 4768 ὡς
3576 4706 3653 4775 μὴ
3674 4704 3791 4776 (49)

2219 4843 2441 4906 et'mali,
2473 4858 2572 4898 nos
2615 4859 2671 4897 In
2718 4843 2833 4911 lege
2866 4844 3054 4913 gratiae
3112 4860 3218 4899 non
3253 4844 3427 4899 simus
3461 4862 3476 4911 ;
3540 4846 3788 4915 antiquis

2221 4915 2428 4968 sanctis
2459 4915 2716 4982 iujurium
2742 4923 2847 4974 est,
2880 4915 3123 4982 nihilque
3169 4915 3604 4970 accommodum.
3638 4916 3788 4972 Nus-

2221 5000 2383 5053 quam
2412 4987 2492 5040 vel
2518 4986 2623 5038 illis
2650 4985 2732 5038 vel
2759 4985 2915 5038 uobis
2944 4986 3254 5046 defuerunt.
3276 4986 3478 5055 quibus
3493 5002 3601 5040 non
3634 4989 3787 5042 moui

2220 5071 2286 5110 ex
2318 5064 2470 5124 parte
2500 5055 2722 5124 perfecti
2756 5070 2946 5109 sumus
2972 5099 2987 5121 ,
3020 5057 3258 5124 quandiu
3289 5058 3457 5110 vitam
3496 5058 3785 5112 mortalem

2219 5128 2449 5181 vivimus
2479 5146 2491 5180 :
2521 5127 2707 5195 sicque
2738 5141 2836 5180 nec
2864 5126 3098 5197 dilectus
3130 5127 3431 5196 discipulus
3456 5128 3780 5197 placuisset.

2219 5198 2310 5266 qui
2344 5212 2403 5251 se
2430 5198 2544 5268 ipse
2568 5212 2631 5251 ac
2659 5197 2897 5265 reliquos
2930 5196 3114 5253 fideles
3162 5199 3407 5268 agnoscit
3432 5196 3469 5264 ,ί
3490 5215 3596 5252 ιιοιι
3626 5201 3780 5252 omni

2218 5284 2285 5322 ex
2317 5275 2469 5337 parte
2486 5267 2713 5335 justum.
2750 5267 2844 5321 sed
2870 5275 3148 5338 peccatum
3204 5267 3402 5322 habere
3428 5289 3442 5332 ;
3470 5284 3535 5322 ac
3565 5269 3657 5337 qui
3687 5286 3784 5323 ne-

2219 5338 2443 5410 gaverit,
2477 5340 2827 5408 quantumvis
2856 5341 3156 5409 apostolus,
3184 5349 3237 5394 et
3276 5340 3327 5393 in
3362 5340 3625 5410 apostolis
3646 5355 3786 5408 prte-

2220 5409 2471 5472 dilectus,
2510 5411 2684 5478 ipsum
2718 5424 2776 5463 se
2810 5411 3091 5468 seducere.
3115 5418 3169 5465 et
3189 5409 3467 5465 veritatem
3492 5412 3547 5464 in
3581 5426 3647 5464 eo
3671 5427 3782 5465 non

2219 5495 2341 5552 esse
2378 5480 2549 5552 sentit
2579 5479 2633 5547 (Ι
2656 5478 2816 5534 Joan.
2851 5499 2887 5547 ι,
2925 5480 3000 5552 8).
3033 5479 3311 5535 Neminem
3359 5497 3487 5548 ergo
3506 5481 3783 5550 placuisse

2218 5549 2414 5604 dixerit
2463 5550 2785 5607 Methodius.
2839 5549 3134 5621 Scriptura:
3185 5552 3391 5621 phrasi,
3441 5549 3589 5620 quod
3620 5552 3781 5621 pauci

2221 5623 2545 5693 placuerint.
2578 5624 2830 5693 quodque
2859 5625 2893 5677 ii
2920 5625 3021 5692 ipsi
3044 5622 3136 5692 qui
3165 5624 3510 5693 placuerunt,
3552 5638 3677 5693 non
3710 5638 3779 5678 ex

2220 5692 2354 5762 lcgis
2385 5693 2577 5749 merito
2605 5692 2945 5763 placuerunt.
2978 5693 3074 5748 sed
3097 5692 3177 5746 es
3212 5693 3413 5748 Christi
3439 5695 3636 5763 gratia.
3660 5692 3776 5760 jam

2218 5773 2339 5834 tum
2359 5779 2423 5818 ex
2455 5764 2556 5820 fide
2583 5772 2868 5834 operante,
2891 5766 2977 5819 cui
3002 5772 3181 5819 tantas
3209 5770 3521 5834 sanctorum
3545 5764 3780 5820 virtutes

2220 5850 2283 5891 ac
2315 5831 2558 5890 facinora
2592 5831 2815 5891 ascribit
2851 5833 3052 5891 Paulus
3081 5836 3285 5891 relatus
3314 5835 3381 5890 ad
3411 5833 3691 5898 Hebmos,
3722 5842 3774 5890 et
