3962 6278
186 379 297 435 195

183 501 298 556 τῶν
335 498 701 572 παλαιοτέρων
748 496 1040 570 εὐάρεστον
1076 496 1355 568 γεγονέναι
1386 496 1574 568 Κυρίῳ
1602 494 1720 549 τινὰ

1851 500 1934 549 ret
1965 498 2020 548 et
2047 492 2321 549 addiceret
2375 510 2388 547 :

178 591 322 647 ἀλλὰ
354 592 559 657 πάντας
587 592 1014 665 ὲπικρατηθῆναι
1060 591 1412 662 πταίσμασιν,
1444 590 1505 644 οὐ
1544 589 1744 660 σφόδρα

174 684 279 740 τοῦ
318 684 483 757 νόμου
524 685 622 756 τῆς
657 683 859 757 φθορᾶς
891 684 1219 756 άρκέσαντος
1258 681 1612 755 ἐλευθερῶσαι
1643 680 1743 753 τὴν

173 776 612 850 ἀνθρωπὸτητα,
653 776 839 849 μέχρις
878 776 910 847 ή
944 773 1210 847 παρθενία
1251 772 1603 844 διαδεξαμένη
1649 773 1741 827 τὸν

173 869 368 941 νόμον,
402 868 636 942 Χριστοῦ
678 871 870 936 ταγαίς
905 868 1012 921 τῶν
1046 865 1345 939 ἀνθρώπων
1373 865 1737 921 ἐϐασίλευσεν.

171 963 258 1016 Οὐ
288 961 397 1034 γὰρ
425 960 489 1015 ἂν
518 960 688 1024 οὕτως
718 963 765 1015 οἱ
816 958 1047 1033 πρόσθεν
1076 961 1156 1023 είς
1195 958 1373 1031 μάχας
1411 959 1505 1012 καὶ
1528 959 1737 1029 φόνους,

170 1053 274 1107 καὶ
325 1053 533 1125 ἔρωτας
581 1053 673 1108 καὶ
720 1051 1154 1124 είδωλολατρείας
1202 1049 1578 1105 συνελαύνοντο
1615 1050 1741 1103 πολ-

167 1145 358 1210 λάκις,
391 1148 439 1199 εί
472 1141 539 1217 ἦν
571 1146 751 1208 αὐτοῖς
777 1147 809 1217 ή
840 1148 904 1198 ὲκ
935 1144 1042 1198 τῶν
1075 1145 1253 1215 νόμων
1286 1143 1563 1215 αὐτάρκης
1602 1142 1738 1215 πρὸς

170 1240 456 1311 σωτηρίαν
486 1237 810 1309 δικαιοσύνη.
839 1237 973 1291 Νυνὶ
992 1237 1049 1290 δὲ
1072 1237 1193 1290 τότε
1225 1235 1324 1307 μὲν
1351 1235 1611 1306 μεγάλαις
1644 1236 1738 1288 καὶ

169 1329 401 1394 πολλαῖς
434 1329 685 1394 πολλάκις
719 1328 1035 1399 ὲνεφύροντο
1074 1329 1412 1400 συμφοραῖςο
1451 1328 1542 1396 ἀφ’
1579 1319 1639 1379 οὗ
1676 1325 1734 1379 δὲ

165 1420 413 1493 Χριστὸς
441 1420 838 1493 ὲνηνθρώπησε,
869 1419 964 1474 καὶ
991 1418 1257 1491 παρθενίᾳ
1298 1418 1396 1490 τὴν
1431 1418 1608 1489 σάρκα
1642 1434 1732 1470 κο-

170 1516 396 1587 σμήσας
420 1515 669 1580 ῶπλισεν,
690 1517 717 1569 ὁ
743 1513 1120 1586 ὠμοτύραννος
1143 1511 1323 1584 ἄρχων
1351 1511 1450 1582 τῆς
1466 1511 1732 1584 ἀκρασίας

169 1608 368 1680 ᾑρέθη,
402 1608 493 1662 καὶ
539 1608 727 1679 εἰρήνη
759 1607 853 1660 καὶ
898 1605 1078 1670 πίστις
1128 1607 1353 1678 κρατεῖ,
1394 1603 1573 1657 οὐκέτι
1623 1604 1730 1658 τῶν

173 1697 474 1770 ἀνθρώπων
503 1698 761 1763 ὡσαύτως
785 1697 1134 1771 τρεπομένων
1167 1699 1245 1760 εἰς
1273 1694 1727 1768 εἰδωλολατρείαν,

170 1788 361 1864 ὥσπερ
391 1792 483 1846 καὶ
506 1791 691 1846 πάλαι.

1276 367 1654 429 CONVIVIUM
1685 368 1910 425 DECEM
1944 366 2297 425 VIRGINUM.

3307 373 3408 430 194

2443 489 2577 549 adeo
2605 498 2666 547 ut
2695 490 2879 547 nullus
2911 490 3274 563 antiquiorum
3300 490 3408 549 Do-

1850 585 1999 639 mino
2026 585 2312 655 placuerit,
2349 583 2444 641 sed
2473 600 2663 642 omnes
2691 586 2746 640 in
2793 584 3123 642 offensiones
3153 586 3404 644 incurre-

1847 678 1993 746 rint;
2025 694 2149 733 cum
2183 679 2271 733 lex
2299 693 2410 733 non
2438 679 2558 750 ipsa
2588 680 2744 735 valde
2774 679 2842 734 ad
2870 678 3209 735 liberandum
3231 693 3404 750 genus

1847 771 2145 826 humanum
2177 785 2207 825 a
2238 771 2589 843 corruptione
2613 772 2757 843 potis
2784 770 2967 836 fuerit,
3015 769 3190 827 donec
3236 770 3405 841 virgi-

1846 864 1993 920 nitas
2026 864 2128 935 legi
2158 865 2479 931 succedens,
2520 864 2727 920 Christi
2774 864 3035 935 auspiciis
3074 870 3131 920 et
3170 864 3405 920 decretis

1847 955 2097 1011 homines
2146 956 2374 1027 imperio
2423 958 2689 1029 regendos
2732 958 2997 1029 suscepit.
3049 956 3235 1028 Neque
3272 972 3403 1013 vero

1843 1050 2004 1120 primi
2035 1049 2315 1103 hominum
2349 1049 2484 1104 adeo
2518 1050 2574 1105 in
2605 1065 2816 1122 pugnas
2848 1058 2903 1107 et
2941 1050 3137 1119 caedes,
3172 1052 3229 1107 in
3255 1067 3404 1109 amo-

1843 1158 1931 1200 res
1984 1150 2037 1198 et
2087 1142 2358 1209 libidines,
2410 1142 2687 1199 idolorum
2721 1145 3166 1216 superstitiosum
3194 1146 3402 1202 cultum

1842 1234 2146 1306 praecipites
2169 1235 2368 1305 saepius
2399 1236 2793 1300 cucurrissent,
2820 1237 2894 1293 l‘si
2936 1237 3150 1307 iustitia
3177 1252 3298 1308 quae
3334 1253 3403 1293 ex

1840 1329 2050 1400 legibus
2078 1336 2216 1393 erat,
2244 1328 2515 1385 sufficiens
2535 1330 2616 1385 eis
2648 1329 2840 1386 fuisset
2886 1330 2953 1385 ad
2994 1332 3245 1388 salutem.
3277 1329 3399 1386 Iam

1838 1436 1989 1488 vero,
2022 1428 2153 1476 tunc
2178 1420 2396 1492 quidem
2428 1421 2640 1493 magnis
2668 1422 2815 1493 ipsos
2835 1424 3152 1495 crebrisque
3181 1424 3402 1480 calami-

1839 1516 2042 1571 tatibus
2069 1516 2339 1573 immistos
2384 1515 2553 1571 fuisse
2586 1515 2831 1571 videmus
2880 1535 2893 1570 :
2948 1532 3012 1572 ex
3047 1532 3157 1587 quo
3216 1524 3398 1574 autem

1836 1607 2091 1664 Christus
2149 1608 2469 1663 incarnatus
2520 1614 2626 1672 est,
2685 1616 2738 1663 et
2788 1608 3100 1680 virginitate
3145 1617 3398 1665 ornatam

1835 1714 2056 1756 carnem
2088 1702 2351 1768 armavit;
2381 1698 2620 1756 crudelis
2649 1707 2915 1771 tyrannus
2965 1700 3399 1772 intemperantia:

1834 1792 2089 1864 princeps
2119 1792 2368 1848 sublatus
2420 1801 2522 1857 est,
2559 1802 2614 1848 et
2653 1808 2761 1863 pax
2790 1792 3031 1863 ﬁdesque
3077 1792 3244 1863 viget,
3283 1805 3396 1847 non

1834 1886 1947 1956 jam
1958 1894 2019 1942 ut
2032 1894 2156 1941 ante
2171 1886 2225 1940 in
2238 1888 2441 1942 cultum
2460 1888 2723 1943 idolorum
2740 1903 2913 1960 prono
2924 1888 3160 1943 humano
3174 1900 3392 1960 genere.

586 2026 715 2084 Car.
740 2027 804 2082 ll.
831 2026 1002 2082 Locus
1029 2026 1159 2082 Jud.
1190 2044 1266 2092 Ix,
1292 2026 1446 2091 8-15,
1465 2040 1744 2094 expensus.
1786 2022 2051 2085 Arborum
2077 2039 2243 2094 regem
2276 2024 2660 2092 exposcentium
2694 2023 2971 2093 allegoria.

248 2168 389 2224 Ἀλλ’
421 2169 509 2223 ἵνα
554 2168 628 2240 μὴ
658 2165 793 2234 δόξω
833 2183 943 2220 τισι
980 2164 1322 2236 σοφίζεσθαι,
1354 2165 1449 2220 καὶ
1488 2165 1595 2219 ἀπὸ
1626 2165 1723 2219 τῶν

1909 2160 2018 2219 Sed
2050 2179 2121 2219 ne
2151 2162 2240 2218 cui
2288 2163 2479 2220 videar
2508 2163 2806 2234 sophistica
2839 2165 3076 2235 grassari
3123 2174 3260 2230 arte,
3291 2181 3391 2222 ex-

165 2263 392 2317 εἰκότων
417 2259 808 2333 τεκμαίρεσθαι
848 2257 1018 2313 ταῦτα
1048 2260 1157 2312 ’καὶ
1193 2259 1494 2331 φληναφᾷν,
1526 2258 1591 2311 ἐκ
1634 2257 1731 2328 τῆς

167 2354 399 2419 παλαιᾶς
424 2355 571 2425 ὑμῖν,
588 2347 632 2406 ὦ
649 2352 931 2424 Παρθένοι,
958 2350 1111 2420 κάγὼ
1133 2350 1439 2423 παρέξομαι
1459 2347 1730 2419 Διαθήκης

169 2444 436 2517 ἔγγραφον
467 2445 820 2515 προφητείαν,
850 2444 926 2508 ὡς
950 2442 1119 2515 ἀληθῆ
1141 2443 1304 2512 λέγω,
1338 2443 1464 2506 τοὺς
1489 2441 1692 2514 Κριτάς
1711 2457 1724 2471 ⁸

172 2535 300 2589 ἔνθα
335 2535 578 2606 φανερῶς
606 2538 640 2606 ἡ
684 2535 924 2605 βασιλεία
967 2535 1066 2605 τῆς
1097 2534 1317 2602 ἁγνείας
1348 2535 1447 2605 ήδη
1491 2550 1729 2605 προκατ-

171 2626 419 2696 ἤγγελτο.
449 2625 584 2694 Φησὶ
624 2624 761 2695 γάρ·
799 2624 1169 2692 Πορευόμενα
1215 2622 1626 2690 ἐπορεύθησαν
1659 2619 1730 2673 τὰ

170 2716 325 2782 ξύλα
350 2716 452 2771 τοῦ
480 2717 687 2785 χρίσαι
713 2715 803 2784 ἐφ’
829 2714 1054 2769 ἑαυτῶν
1079 2714 1370 2780 ,ϐασιλέασ
1416 2712 1513 2767 καὶ
1560 2709 1730 2767 εἷπον⁸

165 2806 245 2879 τῇ
274 2808 470 2875 Ἐλαίᾳ
488 2825 502 2838 ·
544 2808 926 2861 Βασίλευοόν
952 2806 1042 2875 ἐφ’
1072 2804 1246 2876 ἡμᾶς.
1279 2807 1387 2860 Καὶ
1424 2802 1590 2861 εἶπεν
1618 2806 1725 2859 αὐ-

167 2909 288 2977 τοῖς
317 2912 354 2979 ή
381 2908 604 2964 Ἐλαίαο
638 2907 880 2977 Ἀφεῗσα
916 2907 1029 2975 τὴν
1059 2904 1305 2975 πιότητά
1329 2924 1471 2976 μου,
1496 2905 1576 2975 ἢν
1593 2906 1723 2961 ἐδό-

169 3003 355 3067 ξασεν
377 3005 407 3056 ὀ
427 3000 568 3066 Θεὸς
594 3001 689 3054 καὶ
715 3005 765 3055 οἱ
787 2999 1098 3068 ἄνθρωποι,
1117 2996 1379 3067 πορευθῶ
1393 2996 1596 3068 ᾅρχειν
1608 2997 1724 3051 τῶν

169 3095 364 3161 ξύλων
374 3112 393 3159 ;
419 3094 516 3150 Καὶ
545 3090 714 3148 εἷπον
729 3093 799 3147 τὰ
815 3092 971 3157 ξύλα
988 3090 1182 3146 πάντα
1203 3089 1278 3161 τῇ
1293 3089 1457 3160 Συκῇ
1472 3107 1484 3120 ·
1519 3090 1719 3160 Δεῦρο,

167 3188 533 3252 ,ϐασίλευσω
562 3189 652 3259 ἐφ’
690 3187 864 3259 ἡμᾶς.
894 3188 1006 3243 Καὶ
1034 3183 1202 3242 εἶπεν
1230 3187 1431 3255 αὐτοῖς
1466 3189 1504 3257 ἡ
1534 3186 1716 3257 Συκῆ⁹

179 3280 402 3349 Ἀφεῖσα
415 3281 530 3351 τὴν
550 3281 886 3353 γλυκύτητά
902 3300 1019 3352 μου
1035 3281 1133 3336 καὶ
1163 3281 1227 3336 τὸ
1244 3281 1508 3351 γέννημὰ
1522 3299 1637 3352 μου
1653 3280 1719 3335 τὸ

167 3372 398 3442 ἀγαθὸν,
425 3373 693 3444 πορευθῶ
729 3374 936 3445 ἄρχειν
970 3373 1089 3428 τῶν
1130 3376 1371 3440 ξύλων;
1414 3374 1523 3429 Καὶ
1551 3370 1730 3438 εἷπον,

166 3464 234 3517 τὰ
261 3464 411 3530 ξύλα
448 3465 524 3536 τῇ
557 3465 841 3537 Ἆμπέλῳ·
874 3467 1253 3521 Βασίλευσον
1277 3467 1369 3535 ἐφ’
1400 3463 1574 3536 ἡμᾶς.
1608 3465 1717 3521 Καὶ

165 3551 323 3611 εἶπεν
359 3559 564 3626 αὐτοῖς
589 3561 627 3627 ἠ
654 3560 971 3629 ’⁹Α,ιι;ι·ιίελος⁹
1003 3559 1237 3629 Ἀφεῖονα
1263 3557 1369 3613 τὸν
1390 3555 1559 3612 οἶνόν
1574 3575 1714 3626 μου,

168 3646 275 3715 τὴν
297 3651 675 3719 εὐφροσύνην
700 3650 817 3704 τῶν·
837 3652 1179 3721 ἀνθρώπων,
1209 3652 1475 3721 πορευθῶ
1512 3651 1718 3720 ἄρχειν

162 3737 276 3791 τῶν
297 3738 527 3803 eum»;
556 3740 664 3794 Καὶ
685 3736 854 3794 εἶπον
876 3742 948 3796 τὰ
963 3742 1117 3807 ξύλα
1135 3742 1285 3813 πρὸς
1309 3742 1421 3812 τὴν
1441 3741 1712 3811 Ῥάμνον

165 3822 766 3900 Δεῦροηϐασίλευοόν
809 3833 901 3903 ἐφ’
942 3833 1117 3904 ἡμᾶς.
1162 3835 1273 3890 Καὶ
1299 3832 1467 3891 εἶπεν
1498 3838 1537 3905 ἡ
1589 3836 1719 3891 Ῥά-

161 3939 303 3994 μνος
331 3925 481 3994 πρὸς
521 3923 593 3978 τὰ
646 3924 835 3990 ξύλω
884 3929 952 3980 El
996 3927 1067 3980 ἐν
1108 3928 1355 3995 ἀληθείᾳ
1406 3928 1598 3997 χρίετέ
1641 3945 1717 3997 με

167 4015 325 4084 ὑμεῖς
348 4019 429 4084 εις
448 4016 719 4083 ,ϐασιλέα
744 4018 836 4087 ἐφ’
861 4016 1035 4088 ὑμᾶς,
1073 4017 1265 4083 δεῦτε,
1298 4020 1616 4074 πεποιθατε
1648 4021 1719 4075 ἐν

172 4105 241 4176 τῇ
265 4107 449 4177 σκέπῃ
481 4126 604 4180 μου
625 4124 641 4140 ο
693 4111 743 4162 εὶ
781 4108 889 4179 μὴ,
917 4109 1134 4179 ἐξέλθῃ
1174 4110 1293 4180 πῦρ
1333 4111 1401 4165 ἐκ
1430 4109 1537 4179 τῆς
1589 4112 1717 4167 Ῥά-

170 4216 333 4268 μνου,
362 4202 450 4255 καὶ
481 4200 799 4273 καταφάγῃ
828 4202 933 4269 τὰς
962 4202 1212 4272 κέδρους
1240 4202 1347 4258 τοῦ
1366 4202 1643 4260 Λιϐάνου.

239 4292 410 4347 Ταῦτα
427 4294 479 4348 δὲ
500 4296 587 4349 ὅτι
617 4294 690 4367 μή
725 4295 850 4368 περὶ
881 4294 1051 4362 ξύλων
1075 4294 1182 4351 τῶν
1211 4296 1275 4349 ἐκ
1303 4296 1404 4367 γῆς
1431 4297 1717 4367 φυομένων

179 4382 384 4458 ἐλέχθη,
435 4387 617 4458 σαφές.
667 4389 740 4443 Οὐ
793 4388 900 4460 γάρ
950 4391 1006 4443 ὲν
1043 4390 1252 4454 ἑαυτοῖς
1297 4389 1366 4444 τά
1412 4389 1603 4463 δένδρα
1648 4389 1715 4444 τά

179 4475 345 4548 ὣψυχα
392 4481 830 4553 χειροτονήσοντα
884 4480 1105 4551 βασιλέα
1170 4482 1497 4555 συνήρχοντο
1518 4522 1533 4547 ,
1598 4486 1715 4548 ταῖς

186 4565 345 4638 ῥίζαις
390 4574 462 4635 είς
491 4572 587 4645 τὴν
633 4572 739 4643 γῆν
786 4572 1273 4645 κατεστηλωμένα·
1323 4574 1456 4629 ἀλλὰ
1500 4576 1715 4641 πάντως

186 4659 305 4731 περὶ
327 4659 496 4732 ψυχῶν
527 4666 815 4736 ἱστορεῖται
844 4664 1016 4721 ταῦτα
1035 4707 1048 4731 ,
1092 4666 1149 4720 αἳ
1181 4666 1286 4738 πρὸ
1316 4668 1414 4739 τῆς
1445 4668 1713 4741 ὲνανθρω-

187 4751 386 4822 πήσεως
410 4755 496 4809 τοῦ
530 4757 787 4831 Χριστοῦ,
834 4758 1345 4833 καθυλομανήσασαι
1381 4765 1492 4826 τοῖς
1533 4780 1712 4836 παρα-

190 4842 441 4916 πτώμασι,
483 4853 760 4922 προσιᾶσιν
799 4848 976 4908 οἶκτον
1020 4855 1198 4909 αὐτῶν
1239 4854 1482 4923 ἀξιοῦσαι
1528 4856 1710 4911 λαϐεῖν
1743 4888 1787 4943 D

191 4934 273 4989 τὸν
302 4937 438 5006 Θεὸν,
471 4943 553 4997 καὶ
577 4943 887 5014 βασιλεῦσαι
918 4946 1008 5001 τὸν
1029 4947 1175 5001 ἔλεον
1205 4949 1298 5003 καὶ
1326 4948 1422 5021 τὴν
1444 4949 1713 5018 εὐσπλαγ-

195 5027 354 5097 χνίαν,
387 5029 447 5102 ἢν
480 5033 682 5100 Ἐλαίας
713 5036 864 5109 τύπῳ
895 5039 1199 5110 παρέλαϐεν
1234 5041 1267 5111 ή
1296 5040 1507 5112 Γραφὴ,
1538 5039 1624 5094 διὰ
1651 5040 1711 5093 τὸ

194 5114 389 5186 ἀρωγὸν
427 5120 481 5174 τὺ
509 5123 676 5179 ἔλαιον
708 5128 969 5198 σωμάτων
1006 5124 1164 5193 εἶναι,
1196 5131 1290 5183 καὶ
1322 5130 1577 5202 λυτήριον
1612 5147 1710 5184 κα-

202 5207 365 5276 μάτων
387 5210 472 5264 καὶ
490 5213 674 5279 πόνων,
711 5216 884 5286 φωτός
907 5234 964 5271 τε
996 5219 1343 5290 παρεκτικόν.
1383 5219 1575 5290 Ἐλαίῳ
1601 5218 1709 5291 γὰρ

195 5301 558 5373 καταρδόμενον
569 5307 686 5382 grav
710 5307 771 5360 τὸ
796 5307 1060 5379 λυχνιαϊον
1080 5309 1302 5377 αὔξεται
1326 5311 1484 5376 σέλας
1501 5328 1515 5341 ·
1548 5311 1710 5383 λυτή-

255 5453 297 5487 ⁸⁹
320 5454 436 5511 Jud.
458 5472 527 5524 ιιι,
549 5459 693 5518 8-15.

211 5622 303 5690 ςιιηι
328 5611 430 5681 ipsa
457 5615 515 5670 ad
550 5615 746 5690 Novum
767 5618 876 5686 jam
912 5617 1314 5674 Testamentum
1346 5618 1700 5690 spectabant:

212 5687 528 5761 Insinu‘atque
556 5687 867 5761 Methodius.
923 5690 1121 5761 quibus
1167 5687 1707 5761 ειιὺάἰίςούίσφρδρα

212 5762 292 5834 τοι)
324 5751 470 5834 νόμον
516 5758 573 5834 in
604 5759 697 5829 τῆς
741 5751 955 5834 φθορᾶς
982 5760 1313 5834 ἀρκέσαντος
1348 5751 1705 5834 ἐλευθερῶσαι

215 5829 298 5889 την
321 5821 691 5900 ἀνθρωπότητοί,
708 5821 825 5886 cum
848 5821 938 5887 leaf
957 5821 1061 5888 non
1089 5830 1237 5886 ualde
1262 5821 1397 5900 potis
1421 5821 1604 5901 fuisse!
1636 5829 1705 5886 ad

1834 2270 1942 2326 que
1968 2255 2348 2326 probabilibus
2403 2256 2517 2310 hinc
2574 2255 2894 2325 conjectari,
2930 2271 2994 2311 ac
3022 2271 3159 2312 vana
3186 2257 3395 2328 jactare

1830 2363 1930 2418 pro
1957 2348 2167 2412 solidis,
2203 2363 2270 2405 ex
2309 2350 2476 2404 veteri
2528 2349 2703 2412 vobis,
2734 2364 2768 2404 ο
2798 2349 3058 2420 virgines,
3087 2357 3142 2406 et
3165 2366 3264 2421 ego
3292 2349 3395 2408 Te-

1829 2447 2118 2506 stamento,
2157 2441 2417 2511 scriptam
2442 2441 2808 2513 prophetiam,
2854 2443 2974 2511 ejus
3018 2458 3180 2513 quam
3210 2451 3393 2500 statuo

1826 2532 2074 2588 veritatis
2099 2531 2458 2588 indubitatum
2474 2534 2868 2600 testimonium,
2895 2550 2958 2590 ex
2981 2535 3120 2591 libro
3137 2534 3389 2593 Iudicum

1828 2624 2071 2692 ati'eram,
2106 2626 2199 2681 ubi
2229 2627 2376 2681 clare
2406 2627 2674 2684 castitatis
2717 2643 2944 2700 regnum
2978 2629 3107 2685 olim
3144 2629 3388 2685 futurum

1826 2718 2318 2789 praenuntiabatur.
2340 2716 2431 2773 Sic
2455 2720 2599 2775 enim
2626 2721 2823 2791 legitur
2847 2721 2893 2754 ⁸³
2930 2740 2942 2775 :
2978 2720 3166 2778 Eundo
3186 2723 3391 2778 iverunt

1829 2811 1991 2882 ligna,
2025 2820 2084 2864 ut
2106 2819 2354 2883 ungerent
2390 2828 2545 2881 super
2569 2829 2624 2867 se
2655 2828 2824 2883 regem
2851 2829 2870 2866 :
2890 2814 3243 2885 dixeruntque
3268 2814 3389 2870 Oli-

1825 2919 1901 2958 va:
1925 2919 1945 2956 :
1977 2901 2156 2974 Regna
2184 2920 2342 2973 super
2361 2921 2479 2959 nos.
2512 2903 2582 2958 Et
2606 2904 2742 2959 dixit
2764 2907 2838 2961 eis
2872 2905 3024 2961 Oliva
3057 2924 3076 2961 :
3134 2906 3388 2978 Nunquid

1825 2996 2187 3063 derelinquens
2245 2996 2609 3067 pinguedinem
2651 3014 2821 3051 meam
2873 3015 3030 3069 quam
3072 2999 3387 3070 gloriﬁcauit

1823 3088 1967 3145 Deus
1990 3099 2039 3145 et
2062 3088 2316 3152 homines.
2340 3089 2424 3144 ibo
2446 3099 2503 3143 ut
2536 3090 2690 3162 lignis
2718 3091 3000 3160 imperem?
3032 3091 3410 3163 Dixeruntque'

1825 3182 1967 3251 ligna
1993 3183 2238 3237 universa
2270 3181 2339 3236 ad
2360 3180 2548 3235 Ficum
2580 3198 2599 3236 .'
2637 3182 2784 3246 Veni,
2814 3201 2973 3253 regna
2995 3199 3148 3254 super
3176 3201 3291 3240 nos.
3316 3184 3387 3239 Et

1821 3274 1959 3329 dixit
1990 3275 2065 3330 eis
2092 3273 2254 3329 Ficus
2292 3290 2312 3330 :
2344 3274 2601 3346 Nunquid
2649 3274 3010 3346 derelinquens
3061 3275 3387 3333 dulcedinem

1821 3385 1989 3423 meam
2009 3377 2057 3423 et
2088 3368 2326 3441 genimen
2376 3385 2546 3423 meum
2580 3367 2791 3434 bonum,
2824 3368 2908 3422 ibo
2939 3380 2996 3423 ut
3026 3370 3184 3439 lignis
3216 3371 3386 3441 impe-

1822 3461 1973 3515 rem?
2004 3459 2071 3513 Et
2100 3460 2347 3516 dixerunt
2369 3460 2512 3531 ligna
2543 3457 2611 3513 ad
2655 3458 2861 3515 Vitem:
2887 3458 3063 3531 Regna
3085 3476 3239 3529 super
3267 3478 3382 3517 nos.

1745 3535 1787 3593 (ί
1822 3552 1894 3607 Et
1951 3551 2091 3606 dixit
2128 3553 2203 3606 eis
2260 3552 2395 3606 Vitis
2442 3567 2461 3605 :
2509 3549 2765 3620 Nunquid
2799 3550 3158 3622 derelinquens
3209 3552 3384 3608 uinum

1820 3661 1990 3698 meum
2017 3643 2154 3714 quod
2183 3653 2262 3699 est
2288 3643 2478 3698 Iustitia
2518 3642 2810 3707 hominum,
2842 3641 2927 3695 ibo
2953 3652 3011 3696 ut
3040 3644 3285 3712 imperem
3315 3644 3387 3698 li-

1817 3738 1974 3807 gnis?
2008 3735 2365 3806 Dixeruntque
2393 3735 2534 3806 ligna
2563 3734 2631 3789 ad
2658 3734 2999 3788 Rhamnum:
3039 3734 3189 3800 Veni,
3217 3752 3379 3807 regna

1817 3844 1972 3897 super
1995 3845 2108 3883 nos.
2136 3827 2204 3882 Et
2238 3828 2374 3881 dixit
2405 3825 2672 3880 Rhamnus
2695 3824 2763 3880 ad
2791 3825 2931 3896 ligna
2954 3842 2971 3879 :
3006 3825 3068 3883 Si
3090 3827 3143 3881 in
3170 3828 3385 3884 veritate

1816 3920 2009 3989 ungitis
2033 3936 2112 3974 me
2150 3920 2205 3974 in
2242 3935 2430 3989 regem,
2457 3919 2642 3985 venite,
2682 3916 2930 3987 conﬁdite
2969 3919 3024 3973 in
3063 3920 3383 3989 protectione

1815 4031 1968 4078 mea;
1999 4015 2082 4068 sin
2111 4015 2308 4077 minus,
2339 4012 2637 4084 egrediatur
2659 4012 2793 4083 ignis
2823 4012 2886 4067 de
2907 4010 3166 4079 Rhamno,
3205 4022 3255 4068 et
3289 4012 3382 4071 de-

1816 4115 1954 4161 voret
1988 4105 2170 4161 cedros
2200 4104 2411 4159 Libani.

1884 4268 2057 4340 Porro
2072 4285 2189 4340 haec
2217 4283 2284 4339 de
2315 4283 2605 4339 arboribus
2633 4299 2665 4339 e
2694 4291 2840 4339 terra
2858 4284 3213 4341 nascentibus
3233 4283 3378 4342 dicta

1813 4395 1924 4435 non
1956 4393 2100 4443 esse,
2136 4380 2308 4435 cuivis
2347 4377 2694 4433 manifestum
2728 4384 2832 4433 est.
2859 4376 3044 4450 Neque
3071 4377 3216 4433 enim
3247 4380 3378 4435 stir-

1814 4488 1910 4544 pes
1936 4473 2203 4529 inanimes
2236 4474 2292 4527 in
2321 4472 2613 4528 concilium
2634 4472 2751 4543 cogi
2776 4479 3022 4543 potuere,
3048 4472 3224 4542 deque
3253 4487 3378 4545 rege

1814 4562 2064 4634 eligendo
2108 4561 2430 4626 deliberare,
2463 4576 2585 4633 quae
2628 4562 2753 4617 altis
2799 4562 2916 4617 solo
2948 4561 3227 4617 radicibus
3260 4560 3380 4617 ﬁxae

1815 4654 2075 4711 haereant.
2108 4652 2345 4709 Omnino
2367 4662 2547 4709 autem
2582 4654 2697 4709 haec
2726 4654 2792 4709 de
2815 4654 3101 4710 animabus
3124 4653 3378 4710 instituta

1813 4748 2062 4803 narratio
2093 4756 2198 4815 est,
2228 4762 2349 4818 qua:
2383 4754 2508 4803 ante
2535 4745 2740 4802 Christi
2760 4744 3218 4812 incarnationem,
3252 4760 3378 4818 gra-

1814 4841 1936 4897 vius
1962 4841 2179 4896 delictis
2198 4840 2537 4906 eluxuriatae,
2560 4841 2837 4912 supplices
2884 4840 2952 4896 ad
3000 4838 3171 4895 Deum
3222 4854 3379 4898 acce-

1817 4936 1953 4991 dunt
1996 4950 2061 4990 ac
2115 4935 2458 4991 clementiam
2501 4942 2730 5006 rogant;
2781 4931 3277 5005 misericordiaque
3312 4948 3378 4991 ac

1818 5028 2060 5085 lenitatis
2093 5029 2323 5099 imperio
2353 5027 2488 5098 regi,
2520 5041 2682 5098 quam
2737 5025 3021 5098 Scriptura
3070 5026 3173 5084 sub
3222 5026 3379 5084 olivae

1814 5123 1985 5194 ﬁgura
2014 5123 2304 5193 expressit,
2341 5121 2665 5191 efﬂagitant;
2700 5121 2906 5177 idcirco
2934 5119 3377 5192 nimirum,quod

1813 5216 1990 5271 oleum
2017 5215 2245 5269 multum
2276 5213 2450 5284 prosit
2471 5213 2812 5284 corporibus,
2847 5212 3171 5285 laboresque
3194 5227 3257 5268 ac
3275 5212 3378 5268 do-

1813 5308 1958 5365 lores
2001 5307 2285 5374 dissolvat,
2342 5311 2398 5362 et
2453 5303 2522 5360 ad
2574 5306 2757 5361 lumen
2810 5304 3059 5362 sutiiciat.
3101 5301 3376 5375 Quidquid

1814 5617 2142 5674 liberandum
2192 5618 2482 5675 humanum
2538 5635 2698 5686 genus
2746 5635 2779 5673 a
2827 5615 3159 5686 corruptione
3191 5631 3213 5672 :
3266 5604 3377 5674 hoc

1814 5636 2142 5674 tweranaum
2192 5636 2482 5675 numanum
2572 5636 2698 5675 enus
2746 5636 2779 5673 a
2827 5636 3159 5686 corruptione
3191 5636 3213 5672 ε
3266 5636 3377 5674 nuc

1814 5705 1924 5745 uno
1951 5688 2285 5752 conducens.
2317 5691 2461 5759 quod
2494 5636 2568 5745 ag
2594 5690 2871 5746 Christum
2902 5689 3177 5759 dirigeret,
3223 5688 3379 5758 ejus-

1812 5776 1920 5831 que
1944 5775 2051 5816 una
2085 5762 2258 5833 gratia
2279 5757 2567 5817 liberatum
2601 5761 2669 5816 iri
2697 5759 2967 5815 hominem
2991 5757 3229 5814 doceret.
