3962 6278
562 318 673 375 195

1532 308 1588 366 S.
1631 305 1959 365 ΜΕἸἮΟΒΙΙ
1993 302 2296 360 EPISCOPI
2335 302 2422 357 ET
2459 300 2817 359 MARTYRIS

3716 292 3852 350 196

561 450 710 491 enim
738 435 1074 491 lucernarum
1116 431 1340 487 luminis
1369 437 1474 495 est,
1506 429 1560 483 id
1586 444 1715 484 vero
1753 429 1970 483 morati
2003 427 2108 482 olei

2216 439 2315 493 ριοι
2352 421 2409 474 δὲ
2448 433 2667 485 παντως
2695 420 2788 474 καὶ
2833 421 2881 472 οἱ
2925 419 3017 473 τοῦ
3055 419 3190 474 Θεοῦ
3222 417 3507 492 οίκτιρμοὶ
3540 415 3845 474 θανάτου,

563 528 767 600 pabulo
817 523 1138 581 concrescit.
1190 524 1283 579 Dei
1330 537 1545 593 quoque
1601 536 1827 591 prorsus
1885 521 2108 575 misera-

563 619 742 675 tiones
773 624 998 673 mortem
1041 624 1095 672 et
1125 625 1344 687 peccata
1392 613 1715 676 dissolvunt,
1766 613 2110 682 humanoque

560 710 744 782 generi
765 709 1005 780 proclive
1037 709 1395 780 opitulantur,
1446 721 1512 761 ac
1563 706 1819 760 alimenta
1869 704 2110 775 praebent

561 802 667 858 luci
712 802 914 858 cordis.
969 801 1070 867 Ac,
1118 817 1321 872 quaeso,
1357 800 1701 855 considerate
1734 815 1861 853 num
1894 798 2037 868 leges
2079 811 2109 851 a

557 889 732 959 primo
753 890 972 944 homine
995 891 1214 944 condito
1245 890 1312 943 ad
1342 888 1621 945 Christum
1659 889 1913 957 deinceps
1963 886 2111 942 Scri-

558 990 718 1053 ptura
738 981 849 1036 illis
863 982 1046 1037 verbis
1075 980 1380 1053 signiﬁcare
1400 980 1657 1043 voluerit,
1690 980 1890 1050 quibus
1923 978 2110 1033 diabo-

558 1076 645 1130 lus
673 1074 965 1130 contrariis
995 1074 1264 1146 ﬁgmentis
1305 1073 1602 1128 humanum
1651 1087 1821 1143 genus
1875 1070 2106 1127 seduxit.

556 1166 635 1221 Ac
663 1165 851 1221 Ficum
894 1165 1107 1235 quidem
1160 1171 1430 1235 praecepto
1481 1165 1834 1234 comparavit,
1881 1164 2025 1233 quod
2054 1165 2109 1218 in

554 1258 810 1331 paradiso
840 1257 1024 1312 datum
1055 1265 1139 1312 est
1169 1257 1394 1317 homini,
1426 1257 1570 1326 quod
1618 1256 1665 1311 is
1693 1257 1969 1318 seductus,
2007 1272 2111 1309 nu-

555 1350 780 1407 ditatem
815 1350 949 1404 ﬁcus
993 1348 1137 1403 foliis
1163 1348 1403 1403 contexit
1430 1349 1497 1403 '°.
1546 1347 1718 1403 Vitem
1741 1357 1920 1403 autem
1953 1349 2021 1403 ad
2054 1347 2109 1401 id

554 1441 766 1506 retulit,
799 1438 947 1509 quod
986 1438 1176 1492 diluvii
1207 1445 1443 1507 tempore
1492 1437 1605 1494 Noe
1660 1438 1845 1493 datum
1894 1446 1997 1502 est,
2045 1453 2111 1493 eo

556 1530 703 1601 quod
735 1530 826 1583 ille
855 1528 985 1583 vino
1010 1528 1240 1599 s0pitus,
1268 1528 1463 1583 irrisus
1501 1535 1584 1582 est
1626 1528 1694 1579 θί.
1729 1527 1880 1580 Oliva
1914 1525 2113 1582 Mosai-

559 1636 681 1677 cam
706 1621 875 1690 legem
911 1619 1196 1689 signiﬁcat,
1228 1619 1406 1673 datam
1429 1620 1483 1673 in
1507 1618 1749 1686 deserto;
1798 1619 1941 1689 quod
1972 1619 2112 1675 vidc-

559 1714 689 1769 licet.
737 1711 1051 1782 prophetica
1109 1712 1300 1784 gratia,
1361 1720 1609 1769 sanctum
1669 1714 1859 1783 utique
1906 1713 2106 1777 oleum,

2215 512 2307 567 καὶ
2347 513 2550 585 ἀρωγοὶ
2583 513 2679 583 τῆς
2711 512 3144 585 ἀνθρωπότητος,
3180 512 3273 565 καὶ
3300 509 3397 564 τοῦ
3434 508 3541 579 τῆς

2215 604 2388 673 φωτὸς
2417 604 2714 676 θρεπτικοί.
2751 604 2859 657 Καὶ
2902 602 3267 674 ἐπισκέψασθε
3303 604 3523 675 μήποτε
3557 600 3669 661 τὰς
3705 599 3845 652 ἀπὸ

2213 696 2306 749 τοῦ
2354 696 2772 770 πρωτοπλάστου
2830 680 2988 767 μέχρι
3037 695 3130 749 τοῦ
3181 695 3418 769 Χριστοῦ
3470 692 3741 762 καθεξῆς
3800 691 3839 761 ἡ

2214 785 2403 860 Γραφὴ
2433 785 2749 856 νομοθεσίας
2801 785 2979 855 δηλοῖ,
3013 778 3087 839 ὧν
3132 785 3159 837 ὁ
3202 785 3450 848 διάϐολος
3499 783 3839 852 ἀντίμιμος

2215 877 2520 950 ἐξηπάτησε
2554 878 2829 949 πλάσμασι
2848 878 2908 931 τὸ
2926 878 3032 932 τῶν
3049 878 3348 951 ἀνθρώπων
3365 878 3547 947 γένος·
3569 877 3680 947 τὴν
3713 876 3834 947 μὲν

2214 973 2389 1043 Συκῆν
2422 971 2794 1036 ἀπεικάζουσα
2823 973 2886 1041 τῇ
2914 970 3054 1024 κατά
3082 971 3170 1024 τὸν
3204 971 3534 1043 παράδεισον
3580 968 3829 1040 δοθείσῃ

2212 1063 2288 1134 τῷ
2316 1063 2583 1134 ἀνθρώπῳ
2603 1062 2815 1133 ἐντολῇ·
2848 1063 3033 1134 ἐπειδὴ
3055 1062 3151 1134 τὴν
3179 1062 3459 1134 γύμνωσιν
3486 1061 3831 1133 ἀπατηθεὶς

2213 1152 2367 1220 οὗτος
2411 1156 2660 1221 πετάλοις
2699 1155 3009 1225 ἀπεκάλυψε
3042 1156 3229 1224 συκῆς.
3264 1155 3373 1227 Τὴν
3401 1155 3464 1207 δὲ
3489 1154 3823 1225 Ἀμπελστ,

2213 1251 2278 1319 τῇ
2305 1248 2395 1300 ἐπὶ
2422 1248 2515 1301 τοῦ
2546 1245 2927 1318 κατακλυσμοῦ
2952 1246 3029 1317 τῷ
3054 1246 3197 1309 Νῶε,
3225 1246 3311 1300 διὰ
3338 1247 3399 1300 τὸ
3430 1246 3567 1316 οἴνῳ
3605 1263 3821 1316 κοιμη-

2215 1339 2406 1405 θέντα,
2450 1339 2824 1411 χλευασθῆναι.
2862 1339 2969 1411 Τὴν
3013 1339 3069 1393 δέ
3111 1339 3358 1402 Ἐλαίαν,
3402 1344 3472 1411 τῇ
3515 1341 3671 1393 κατά
3708 1340 3817 1411 τὴν

2214 1431 2419 1504 ἔρημον
2449 1432 2523 1503 τῷ
2553 1434 2801 1487 Μωῦσεί·
2840 1432 3023 1503 ἐπειδὴ
3048 1432 3107 1485 τὸ
3136 1433 3379 1503 χάρισμα
3405 1433 3469 1486 τὸ
3515 1451 3812 1504 προφητιο

2214 1525 2330 1589 κὸν,
2353 1524 2529 1578 ἔλαιον
2557 1524 2618 1577 τὸ
2650 1525 2822 1592 ἆγιον,
2850 1524 3235 1594 ἀνομησάντων
3260 1524 3461 1585 αὐτῶν,
3484 1524 3810 1578 ἐκλελοίπει

2212 1615 2313 1686 τῆς
2343 1616 2722 1687 κληρονομίας.
2759 1615 2867 1687 Τὴν
2894 1615 2951 1668 δὲ
3005 1617 3265 1687 Ῥάμνον,
3310 1618 3373 1687 τῇ
3408 1616 3504 1669 ἐπὶ
3544 1617 3811 1688 σωτηρίᾳ

2213 1706 2307 1759 τοῦ
2347 1706 2550 1777 κόσμου
2589 1709 2700 1771 τοῖς
2744 1706 3088 1770 ἀποστόλοις’
3126 1707 3309 1779 ἐπειδὴ
3343 1707 3449 1780 γάρ
3498 1708 3574 1761 δι’
3616 1709 3805 1762 αὐτῶν

560 1804 824 1875 improbis
876 1805 1093 1859 illorum
1140 1804 1349 1861 actibus
1405 1807 1474 1860 ab
1521 1805 1841 1861 haereditate
1879 1805 1954 1877 (id
1983 1814 2060 1859 est
2091 1822 2115 1858 α

2223 1796 2576 1871 ἐδιδάχθημεν
2628 1798 2880 1868 ἁγνείαν,
2927 1794 2994 1871 ἧς
3044 1799 3313 1870 ἀπατηλὸν
3364 1800 3537 1872 μόνης
3573 1802 3804 1855 εἴδωλον

558 1895 784 1967 Judwis)
835 1894 1110 1956 defecerit.
1164 1894 1406 1968 Denique
1461 1898 1746 1952 rhamnum
1792 1914 1903 1953 non
1932 1899 2111 1968 inepte

558 1997 724 2054 refert
777 1998 844 2052 ad
892 2013 1012 2054 eam
1062 2000 1231 2071 legem
1266 2015 1383 2070 quae
1431 2001 1694 2070 apostolis
1739 2000 1862 2055 data
1909 2007 1993 2057 est
2043 2000 2111 2056 ad

555 2100 742 2155 mundi
804 2102 1056 2165 salutem,
1107 2102 1236 2173 quia
1298 2118 1395 2172 per
1442 2103 1659 2156 illorum
1712 2102 2108 2159 institutionem

554 2189 916 2261 virginitatem
940 2190 1251 2258 didicimus,
1277 2193 1435 2261 cujus
1468 2193 1632 2247 unius
1662 2192 1824 2247 inane
1853 2207 1917 2246 ac
1945 2191 2109 2247 fallax

554 2283 905 2338 simulacrum
937 2284 1187 2340 diabolus
1206 2292 1416 2339 struere
1434 2283 1698 2354 nequivit.
1723 2282 1930 2337 Idcirco
1950 2284 2113 2339 etiam

555 2383 789 2445 quatuor
819 2375 1018 2429 tradita
1053 2383 1182 2431 sunt
1215 2374 1523 2445 Evangelia,
1561 2374 1708 2445 quod
1750 2374 1894 2431 Deus
1920 2385 2115 2447 quater

556 2466 796 2520 humano
823 2467 1007 2537 generi
1037 2467 1245 2523 faustas
1267 2468 1387 2524 illas
1410 2469 1851 2526 annuntiationes
1881 2471 2111 2537 miserit,

558 2584 623 2623 ac
644 2571 925 2638 quaternis
954 2572 1311 2642 promulgatis
1334 2572 1543 2642 legibus
1575 2572 1751 2642 ipsum
1772 2574 2068 2630 instituerit
2096 2594 2109 2629 :

559 2677 788 2731 quarum
824 2670 1066 2731 tempora
1094 2679 1161 2718 ex
1190 2663 1460 2719 fructuum
1492 2664 1808 2722 diversitate
1834 2666 2115 2736 perspicue

560 2769 880 2818 noscuntur.
904 2761 1038 2818 Nam
1079 2764 1230 2829 ﬁcus,
1260 2767 1402 2836 quod
1445 2768 1572 2822 mite
1623 2784 1687 2823 ac
1729 2770 1885 2824 dulce
1912 2769 2113 2825 formo-

454 2936 457 2943 ;
563 2880 793 2935 sumque
829 2880 1052 2935 pomum
1099 2877 1200 2935 est,
1235 2867 1455 2923 delicias
1482 2870 1722 2939 paradisi
1755 2871 1984 2940 vitaeque
2015 2884 2113 2925 vo-

541 2968 808 3057 .luptariae
840 2975 1213 3039 repnesentat,
1257 2969 1310 3022 in
1367 2985 1472 3039 qua
1525 2970 1687 3024 homo
1736 2980 1864 3026 ante
1904 2972 2113 3042 lapsum

563 3058 684 3115 fuit.
705 3056 846 3115 Sane
874 3076 979 3114 non
1001 3075 1146 3125 raro,
1174 3066 1233 3113 ut
1261 3068 1447 3129 postea
1477 3062 1970 3120 demonstrabimus
1989 3105 2003 3129 ,
2046 3064 2112 3118 ﬁ-

563 3166 662 3209 cus
711 3153 947 3208 fructum
985 3150 1222 3222 Spiritus
1251 3161 1473 3209 sanctus
1522 3154 1577 3208 in
1635 3154 1854 3211 virtutis
1904 3162 2108 3226 partem
2138 3156 2179 3213 C

467 3311 471 3315 ~
563 3244 729 3297 sumit
746 3244 812 3298 ".
844 3240 983 3298 Vitis
1015 3254 1190 3297 autem
1222 3249 1439 3313 propter
1483 3243 1593 3298 vini
1646 3244 1972 3300 hilaritatem
2014 3260 2107 3300 eo-

562 3353 789 3408 rumque
813 3337 1051 3393 laetitiam
1080 3335 1227 3408 quia
1262 3337 1452 3391 diluvii
1480 3337 1583 3401 ira,
1616 3337 1711 3393 Dei
1755 3339 2109 3410 indulgentia,

561 3445 843 3495 evaserant
876 3437 942 3502 θ’,
975 3445 1214 3493 mutatos
1245 3436 1462 3495 illorum
1502 3435 1713 3493 animos
1743 3453 1772 3491 a
1803 3438 1993 3494 timore
2016 3456 2115 3495 an-

562 3537 758 3607 xiaque
779 3551 912 3591 cura
962 3536 1018 3589 in
1062 3535 1321 3605 gaudium
1351 3535 1585 3591 obscure
1616 3535 1911 3606 signiﬁcat.
1962 3537 2116 3594 Oliva

562 3644 741 3701 porro,
791 3638 1016 3700 propter
1059 3627 1162 3682 olei
1217 3626 1365 3697 quod
1408 3627 1660 3697 producit
1710 3636 1978 3693 naturam,
2022 3629 2117 3685 Dei

2211 1890 2310 1943 οὐκ
2345 1891 2562 1962 ἴσχυσεν
2590 1895 2618 1946 ὁ
2649 1892 2890 1955 διάϐολος
2923 1891 3203 1946 σκευάσαι.
3231 1893 3330 1946 Διά
3361 1891 3525 1947 τοῦτο
3555 1896 3665 1947 καὶ¹
3697 1896 3799 1948 Εὑ-

2211 1982 2439 2051 αγγέλια
2473 1983 2583 2056 (50)
2612 1985 2847 2057 τέσσαρα
2873 1985 3252 2057 παραδέδοται,
3274 1987 3534 2057 τετράκις
3557 1988 3800 2056 εὐαγγε-

2210 2075 2500 2147 λισαμένου
2522 2077 2615 2131 τοῦ
2636 2077 2771 2131 Θεοῦ
2803 2079 2912 2150 τὴν
2939 2078 3347 2150 ἀνθρωπὸτητα,
3385 2081 3479 2133 καὶ
3512 2081 3799 2151 παιδαγω-

2210 2169 2473 2238 γήσαντος
2503 2170 2762 2242 τέσσαρσι
2800 2170 3002 2241 νόμοις,
3030 2164 3102 2223 ὧν
3138 2172 3186 2224 οἱ
3218 2172 3397 2242 καιροὶ
3444 2174 3652 2241 sagi);
3697 2175 3795 2229 ἀπὺ

2211 2259 2309 2329 τῆς
2331 2260 2709 2332 διαφορότητος
2740 2261 3017 2332 δηλοῦνται
3044 2262 3149 2315 τῶν
3175 2263 3419 2333 καρπῶν.
3451 2263 3519 2316 Ἡ
3553 2268 3664 2333 μὲν
3693 2266 3795 2339 γάρ

2214 2352 2371 2422 συκῆ,
2404 2352 2491 2406 διὰ
2519 2354 2617 2424 τὴν
2641 2352 2938 2422 γλυκασίαν
2971 2356 3061 2408 καὶ
3087 2355 3176 2407 τὸν
3199 2355 3498 2427 ὡραϊσμὸν,
3537 2359 3643 2427 τὴν
3674 2375 3795 2428 τρυ-

2213 2444 2319 2515 φὴν
2364 2443 2461 2515 τὴν
2514 2445 2619 2515 πρὸ
2672 2446 2769 2516 τῆς
2822 2445 3179 2517 παραϐάσεως
3219 2448 3275 2499 ἐν
3326 2446 3652 2517 παραδείσῳ
3706 2447 3792 2501 τοῦ

2212 2535 2495 2608 ἀνθρώπου
2531 2537 2822 2607 παρίστησι
2850 2538 3237 2609 γεγενημένην.
3271 2540 3424 2591 Ἐστι
3450 2538 3565 2609 γὰρ
3606 2541 3707 2592 ὅτε
3738 2539 3792 2611 δὴ

2212 2629 2307 2682 καὶ
2366 2629 2567 2699 σφόδρα
2621 2629 2900 2701 πολλαχῶς
2929 2631 3029 2701 τῆς
3086 2632 3256 2701 συκῆς
3308 2631 3398 2684 τὸν
3452 2632 3684 2704 καρπὸν
3740 2632 3792 2686 εδ

2212 2719 2436 2789 Πνεῦμα
2457 2721 2519 2773 τὸ
2546 2720 2697 2789 ἆγιον
2719 2722 2811 2775 ἐπὶ
2836 2721 2929 2774 τοῦ
2963 2722 3264 2791 κρείττονος
3292 2722 3585 2792 λαμϐάνει,
3608 2724 3793 2788 καθὼς

2215 2811 2566 2883 ἀποδείξομεν
2605 2812 2847 2886 ὓστερον.
2890 2814 2953 2867 Ἦ
2983 2814 3038 2867 δὲ
3071 2814 3309 2884 ἄμπελος
3342 2814 3428 2867 διά
3473 2815 3577 2886 τὴν
3612 2816 3794 2884 ἱλαρό-

2213 2920 2350 2973 τητα
2383 2903 2479 2975 τὴν
2521 2906 2584 2958 ἐκ
2631 2906 2724 2959 τοῦ
2775 2906 2950 2970 οίνου,
3001 2907 3095 2959 καὶ
3143 2906 3242 2977 τὴν
3288 2905 3634 2977 εὐφροσύνην
3688 2907 3794 2959 τῶν

2217 2993 2623 3064 περισωθέντων
2649 2996 2749 3065 τῆς
2778 2996 2947 3068 ὀργῆς
2979 2995 3071 3049 καὶ
3113 2994 3204 3049 τοῦ
3246 2994 3664 3066 κατακλυσμοῦ,
3702 2996 3794 3067 τὴν

2216 3085 2324 3139 ἀπὸ
2352 3086 2445 3139 τοῦ
2473 3087 2633 3156 φόϐου
2668 3089 2759 3142 καὶ
2789 3090 2885 3160 τῆς
2916 3090 3213 3162 φροντίδος,
3247 3089 3345 3161 τὴν
3369 3090 3449 3152 είς
3479 3090 3587 3162 τὴν
3612 3091 3793 3163 χαρὰν

2211 3178 2389 3232 αὐτῶν
2430 3179 2728 3251 μεταϐολὴν
2780 3180 3096 3235 αἰνίσσεται.
3148 3183 3211 3234 Ἥ
3253 3181 3309 3234 δὲ
3359 3180 3536 3251 ἐλαία,
3572 3182 3665 3236 διὰ
3706 3184 3796 3239 τὸν

2213 3270 2423 3341 καρπὸν
2453 3270 2545 3324 τοῦ
2579 3272 2780 3335 ἐλαίου,
2822 3271 2919 3343 τὴν
2949 3271 3343 3343 εὐσπλαγχνίαν
3376 3272 3467 3326 τοῦ
3507 3272 3651 3327 Θεοῦ
3690 3293 3792 3345 μη-

2218 3360 2351 3425 νύει,
2384 3361 2543 3415 πάλιν
2573 3362 3058 3434 ἀνεξικακήσαντος
3091 3362 3225 3434 μετά
3257 3364 3344 3416 τὸν
3370 3346 3788 3435 κατακλυσμὸν,

2220 3451 2325 3504 τῶν
2369 3452 2668 3524 ἀνθρώπων
2708 3453 3083 3524 ἐκτραπέντων
3131 3456 3209 3518 είς
3254 3455 3553 3526 ἀθεότητα,
3607 3456 3787 3510 δοῦναι

2222 3543 2382 3614 νόμον
2410 3547 2501 3598 καὶ
2528 3546 2919 3616 ἐμφανισθῆναί
2961 3564 3089 3610 τισι,
3117 3548 3213 3600 καὶ
3240 3546 3425 3618 ὥσπερ
3453 3548 3787 3602 ἀποσϐεννυ-

2227 3635 2392 3707 μένην
2415 3637 2512 3707 ἧδη
2540 3637 2635 3708 τὴν
2662 3637 2833 3707 αὐγὴν
2862 3639 2959 3708 τῆς
2985 3638 3185 3709 ἀρετῆς
3207 3638 3367 3710 ἐλαίῳ
3397 3639 3647 3694 λιπᾶναι.

561 3726 990 3782 misericordiam
1020 3724 1298 3795 designat;
1348 3722 1439 3792 qui
1463 3723 1659 3777 iterum
1682 3730 1806 3793 post
1844 3723 2131 3791 diluvium,
2177 3731 2351 3786 versis
2403 3732 2457 3785 in
2509 3732 2835 3801 impietatem
2883 3733 3216 3797 hominibus,
3260 3735 3528 3804 patienter
3578 3734 3782 3795 tulerit,

563 3829 620 3875 ut
666 3822 836 3891 legem
891 3821 1068 3887 daret,
1124 3834 1188 3873 ac
1238 3833 1299 3875 se
1346 3816 1674 3888 quibusdam
1722 3818 2120 3890 manifestaret,
2177 3823 2393 3896 iamque
2451 3842 2618 3897 prope
2669 3829 3118 3898 exstinguendam
3181 3830 3400 3885 virtutis
3447 3831 3635 3885 lucem
3682 3829 3784 3885 olei

562 3915 892 3986 pinguedine
911 3914 1123 3970 foverit.

564 4030 695 4089 Cn.
729 4029 819 4085 lll.
846 4029 1115 4085 Rhamnus
1138 4041 1189 4085 et
1212 4048 1401 4101 agnus,
1435 4035 1699 4089 castitatis
1730 4033 2044 4158 symbollum.
2070 4033 2311 4117 Quatuor
2332 4031 2639 4105 Evangelia,
2668 4034 2725 4089 id
2752 4042 2850 4100 est,
2881 4034 3277 4104 praedicationes
3304 4035 3408 4088 sive
3428 4034 3565 4105 leges
3592 4037 3668 4091 ad
3697 4056 3784 4094 sa-

1953 4117 2093 4158 utem
2131 4114 2476 4158 mstttuentes.

1953 4117 2093 4158 utem
2131 4114 2476 4159 insumentes.

635 4216 918 4275 Rhamnus
950 4228 1154 4284 autem,
1183 4220 1325 4276 idem
1357 4222 1450 4291 qui
1485 4238 1656 4295 agnus
1705 4232 1808 4291 est,
1836 4241 1945 4295 quo
1969 4232 2121 4279 utro-

567 4326 673 4382 que
703 4313 1011 4381 promiscue
1031 4314 1252 4368 nomine
1271 4312 1395 4368 aliis
1427 4315 1657 4384 aliisque
1683 4324 1927 4372 vocatur.
1959 4315 2122 4371 Forte

566 4403 730 4459 etiam
785 4404 930 4474 quod
992 4405 1178 4476 planta
1228 4405 1344 4459 haec
1391 4405 1690 4475 virginitati
1721 4406 1893 4462 afﬁnis
1934 4408 2026 4472 sit,
2061 4413 2123 4461 ut

2305 4224 2367 4277 Ἠ
2394 4225 2450 4278 δέ
2483 4225 2710 4296 Ῥάμνος
2731 4225 2823 4278 καὶ
2847 4225 3039 4292 Ἀγνος
3063 4225 3227 4288 ἐστὶν,
3248 4224 3336 4293 ὑφ’
3356 4216 3430 4277 ὧν
3459 4225 3561 4296 μὲν
3583 4227 3786 4298 ῥάμνος

2225 4315 2571 4386 καλούμενος,
2597 4316 2682 4383 ὑφ’
2715 4308 2789 4369 ὧν
2816 4314 2873 4368 δὲ
2900 4313 3061 4383 ἄγνος
3079 4329 3093 4343 ·
3134 4314 3227 4367 καὶ
3257 4312 3395 4384 τάχα
3425 4312 3514 4365 διὰ
3556 4314 3623 4367 τὸ
3659 4332 3789 4383 συγ-

2226 4410 2379 4477 γενές
2411 4408 2574 4478 φυτὸν
2618 4407 2773 4462 τοῦτο
2810 4410 2876 4480 τῇ
2925 4406 3188 4478 παρθενίᾳ
3238 4405 3565 4476 πεφυκέναι,
3616 4407 3791 4481 ταύτῃ

566 4497 830 4553 rhamnus
862 4505 917 4552 et
957 4513 1131 4570 agnus
1164 4505 1577 4568 nuncuparetur
1606 4498 1838 4553 obtinuit
1887 4516 1902 4553 :
1940 4500 2115 4554 rham-

2231 4500 2432 4573 ῥάμνος
2458 4500 2551 4554 καὶ
2588 4499 2749 4568 ἄγνος
2782 4497 3220 4570 προσηγορεύθη·
3261 4498 3463 4569 ῥάμνος
3486 4498 3608 4567 μὲν,
3637 4497 3786 4571 παρά

568 4606 675 4647 nus
702 4590 943 4662 quidem,
973 4599 1197 4662 propter
1237 4590 1572 4645 soliditatem
1595 4596 1650 4645 et
1676 4589 1939 4646 adversus
1970 4589 2123 4645 volu-

567 4689 744 4751 ptates
781 4680 1089 4736 ﬁrmitatem
1116 4700 1129 4734 :
1156 4696 1326 4752 agnus
1354 4695 1504 4747 vero,
1534 4680 1636 4736 hoc
1663 4688 1747 4736 est
1774 4688 1945 4745 casta,
1976 4682 2122 4752 quod

568 4772 694 4826 talis
720 4787 928 4843 semper
957 4772 1138 4828 duret.
1172 4772 1311 4828 Hinc
1353 4781 1407 4828 et
1434 4771 1605 4826 Eliam
1637 4788 1667 4826 a
1691 4772 1827 4827 facie
1854 4771 2121 4829 Jezabelis

570 4863 813 4919 mulieris
856 4862 1150 4934 fugientem
1205 4863 1487 4935 Scriptum
1519 4864 1687 4919 refert
1714 4865 1762 4897 ’δ
1789 4865 1856 4919 ad
1905 4865 2121 4920 rhamni

570 4954 804 5024 primum
838 4955 1084 5010 umbram
1117 4955 1431 5020 secessisse,
1483 4955 1665 5025 ibique
1691 4955 2003 5011 exauditum
2028 4970 2120 5010 ro-

570 5047 675 5100 bur
702 5046 992 5116 acoepisse,
1027 5061 1091 5101 ac
1114 5047 1293 5102 cibum
1320 5047 1619 5118 sumpsisse
1643 5066 1655 5100 :
1686 5048 1832 5119 quod
1863 5049 2120 5103 nimirum

569 5137 619 5196 ei
650 5137 745 5208 qui
769 5137 1008 5192 libidinis
1037 5138 1173 5209 fugit
1200 5146 1449 5203 oestrum,
1484 5154 1649 5208 seque
1689 5155 1721 5192 a
1748 5139 1977 5194 muliere
2008 5139 2120 5194 exi-

570 5233 690 5297 mit,
724 5231 828 5286 hoc
854 5238 959 5297 est,
999 5246 1031 5286 a
1055 5233 1348 5301 voluptate,
1391 5230 1626 5303 hospitio
1647 5232 1721 5288 sit
1741 5246 1807 5287 ac
1831 5232 2124 5287 umbracu-

2222 4592 2283 4645 τὸ
2311 4592 2619 4662 στερέμνιον
2651 4591 2745 4644 καὶ
2778 4589 3038 4661 καρτερὸν
3076 4587 3210 4659 πρὸς
3242 4588 3340 4652 τὰς
3368 4588 3590 4659 ἡδονάς·
3624 4589 3783 4657 ἄγνος

2219 4685 2309 4747 δὲ,
2366 4685 2512 4756 παρά
2563 4683 2622 4736 τὸ
2664 4683 2950 4746 διαπαντὸς
3006 4682 3269 4751 ἁγνεύειν.
3328 4680 3487 4733 Ὅθεν
3538 4680 3636 4733 καὶ
3694 4678 3783 4732 τὸν

2234 4778 2414 4831 Ἠλίαν
2442 4780 2506 4831 ἐκ
2534 4776 2820 4848 προσώπου
2845 4777 2941 4846 τῆς
2981 4774 3209 4829 Ἰεσάεελ
3237 4773 3489 4844 γυναικὸς
3512 4772 3784 4843 φεύγοντα

2221 4867 2377 4937 λόγος
2411 4867 2514 4921 ὑπὸ
2542 4868 2743 4938 ῥάμνον
2770 4866 2940 4921 ἐλθεῖν
2980 4867 3210 4938 πρῶτον,
3242 4867 3335 4920 καλ⁵
3364 4863 3787 4919 εἰσακουσθέντα

2221 4956 2498 5028 ἐνισχῦσαι
2532 4958 2623 5010 καὶ
2647 4956 2828 5010 λαϐεῖν
2853 4957 3075 5029 τροφὴν,
3093 4958 3174 5010 ὃτι
3201 4957 3308 5010 τῶν
3344 4956 3651 5026 φευγόντων
3673 4954 3785 5025 (51)

2222 5044 2456 5120 οἶστρον,
2487 5050 2580 5101 καὶ
2608 5048 2704 5118 τὴν
2730 5051 2979 5117 γυναῖκα,
3005 5048 3100 5119 τὴν
3129 5049 3341 5120 ἡδονὴν,
3364 5048 3424 5101 τὸ
3442 5046 3788 5116 καταγώγιον

2225 5139 2317 5193 καὶ
2347 5141 2380 5210 ἡ
2413 5138 2606 5209 σκέπη,
2638 5138 2697 5191 τὸ
2728 5140 2823 5210 τῆς
2859 5138 3077 5206 ἁγνείας
3113 5137 3409 5209 ἐϐλάστησε
3443 5136 3597 5204 ξύλον
3620 5178 3635 5202 ,
3681 5136 3786 5191 ἀπὸ

2226 5231 2323 5301 τῆς
2356 5231 2656 5303 παρουσίας
2687 5229 2779 5283 τοῦ
2821 5228 3216 5302 ἀρχιπαρθένου
3265 5228 3495 5301 Χριστοῦ
3538 5228 3785 5300 βασιλεῦ-

621 5389 666 5420 ⁹⁰
697 5386 825 5442 Gen.
854 5398 940 5455 ιιι,
971 5384 1023 5442 7.
1091 5388 1132 5420 "
1168 5384 1295 5440 Gen.
1324 5401 1398 5449 ις,
1421 5385 1512 5439 22.
1579 5388 1624 5420 "
1647 5386 1761 5442 Jer.
1791 5404 1908 5453 vin,
1956 5387 2037 5443 15.

2216 5384 2323 5442 ὀεί.
2351 5404 2412 5452 ιι,
2446 5386 2537 5441 22.
2610 5384 2660 5417 “
2683 5384 2783 5441 III
2806 5385 2933 5458 Reg.
2965 5402 3076 5451 xix,
3107 5387 3162 5441 4.

637 5545 749 5616 (50)
779 5543 1131 5617 Eumeda.
1184 5541 1327 5617 ‘Avﬁ.
1354 5538 1467 5617 τοῦ,
1496 5541 1838 5617 κηρύγματα,
1866 5542 2118 5612 praedica-

575 5609 753 5697 tiones,
786 5609 926 5697 leges
951 5609 1023 5669 ad
1050 5614 1277 5697 salutem
1312 5609 1984 5697 instituentes}Corradus.

2230 5557 2385 5611 quem
2424 5542 2601 5595 locum
2632 5540 2745 5611 haec
2769 5540 2944 5596 editor
2974 5540 3249 5611 Lupareus
3284 5558 3297 5593 :
3332 5539 3448 5611 Τῶν
3479 5536 3785 5611 φευγόντων

2231 5607 2550 5683 rescriptum
2593 5627 2657 5665 ex
2675 5610 2908 5683 ArPhotio.
2951 5607 3081 5666 Nam
3133 5618 3321 5667 noster
3371 5610 3609 5666 habebat
3651 5607 3787 5683 πρὸς

645 5685 754 5755 (51)
789 5680 908 5741 Τῶν
934 5686 1295 5756 φευγόντων.
1330 5682 1580 5748 Allatius,
1615 5682 1700 5737 τὸν
1727 5683 2011 5753 φεύγοντα.
2044 5682 2115 5737 Ad

2229 5681 2318 5735 τὸν
2346 5680 2629 5751 φεύγοντα.
2660 5680 2826 5737 αλιι..
