3962 6278
192 340 307 399 197
1216 422 1233 433 ο
1332 349 1714 409 CONVIVIUM
1745 351 1773 406 r

1882 352 1976 408 EM
2014 350 2375 410 VlRGlNUM.
3358 363 3463 421 198

191 477 302 515 σαν
327 463 450 518 τῶν
477 467 589 522 ἀνθ
599 466 816 540 ρώπων.
837 467 958 522 Τῶν
982 469 1090 541 γὰρ
1112 469 1340 541 πρώτων
1366 470 1773 541 ἀδυνατησάντω

1878 524 1882 531 _
1910 470 1995 536 lo;
2028 484 2148 541 quae
2173 485 2204 525 a
2228 468 2431 525 Christi
2471 469 2740 543 virginum
2767 471 3031 544 principis
3079 473 3312 532 adventu
3364 477 3465 535 ho-

191 556 385 613 σῶσαι
435 562 910 634 νομοθετημάτων
962 562 1055 617 τὸν
1081 561 1363 634 ἄνθρωπον
1383 603 1397 628 ,
1444 563 1550 616 τῶν
1578 563 1669 616 ἐπὶ
1708 580 1769 617 το

1907 557 2114 612 minum
2140 559 2369 628 imperio
2396 559 2586 629 potita,
2619 562 2781 617 arbor
2807 562 3148 633 germinavit.
3180 563 3315 622 Nam
3337 583 3461 624 cum

202 648 398 723 ’Δδάμ
434 655 543 707 καὶ
595 653 689 708 τοῦ
724 655 876 722 Νῶε,
917 655 1010 708 καὶ
1052 654 1159 709 τῶν
1185 656 1277 708 ἐπὶ
1304 654 1398 708 τοῦ
1435 656 1740 720 Μωῦσέως,
1768 675 1773 686 ε

1906 648 2052 720 leges
2068 648 2282 717 Adami,
2302 661 2355 706 et
2380 650 2495 708 Noe
2524 651 2833 725 Moysisque
2860 657 3198 726 temporibus
3218 659 3359 724 latae,
3380 675 3464 717 sa-

189 743 354 800 κατὰ
386 744 461 802 τὸ
514 747 854 817 Εὐαγγέλιον
882 748 1051 802 ἔσωσε
1088 748 1221 820 μόνη
1256 749 1540 820 νομοθεσία
1574 749 1773 814 πάντας

1905 738 2072 794 lutem
2098 739 2303 795 homini
2332 751 2590 812 praestare
2616 744 3008 814 nequivissent,
3032 747 3149 802 sola
3176 747 3264 804 lex
3290 764 3459 805 evan-

1904 831 2075 902 gelica
2104 840 2333 889 cunctos
2356 836 2536 892 salvos
2572 835 2722 891 fecit.

1973 920 2100 978 Ηπο
2131 925 2273 979 enim
2321 941 2488 982 causa
2519 935 2603 983 est
2653 944 2753 984 cur
2780 928 2917 986 ﬁcus
2949 930 3204 986 arborum
3233 947 3460 1003 regnum

1902 1012 2044 1084 (quae
2066 1016 2325 1071 nimirum
2357 1019 2585 1088 spiritali
2611 1036 2797 1085 sensu,
2834 1022 3113 1091 homines;
3151 1023 3285 1081 ﬁcus
3304 1039 3458 1091 vero,

1901 1107 2218 1163 mandatum
2265 1109 2625 1182 intelligatur)
2691 1128 2799 1168 non
2858 1115 3161 1171 obtinuisse
3220 1116 3456 1173 dicatur.

1899 1197 2102 1271 Nempe
2116 1201 2337 1271 optabat
2349 1202 2511 1258 homo
2522 1211 2644 1273 post
2656 1219 2839 1260 casum
2854 1207 3037 1269 etiam,
3055 1208 3274 1263 virtutis
3286 1209 3458 1280 impe-

1901 1293 1982 1346 rio
2004 1293 2222 1362 subjici,
2251 1309 2351 1350 nec
2374 1295 2443 1350 ab
2472 1295 2877 1366 incorruptione
2899 1299 3135 1367 paradisi
3166 1302 3457 1372 voluptatis

1897 1385 2042 1455 ejici.
2083 1385 2217 1454 Ejus
2250 1394 2431 1443 tamen
2454 1388 2608 1454 illud,
2641 1391 3110 1460 praevaricationis
3158 1403 3336 1459 reatu,
3371 1411 3460 1452 re-

1896 1477 2113 1547 pulsum
2135 1479 2461 1534 desiderium
2486 1499 2501 1549 ;
2541 1481 2764 1553 ipseque
2784 1484 2976 1553 procul
2997 1485 3315 1541 exturbatus
3336 1495 3455 1556 est;

1894 1580 1954 1625 ut
1984 1572 2076 1642 qui
2106 1571 2367 1644 deinceps
2396 1575 2464 1630 ab
2499 1576 2910 1647 incorruptione
2949 1577 3062 1647 regi
3093 1593 3203 1631 non
3246 1585 3454 1649 pnsset,

284 917 361 973 Ἦ
395 921 520 993 γὰρ
575 924 720 994 συκῆ
751 923 921 997 ταύτῃ
975 923 1191 993 λέγεται
1237 924 1309 997 μὴ
1358 924 1667 996 βασιλεῦσαι
1694 926 1802 981 τῶν

184 1009 415 1077 ξύλων,
484 1013 602 1069 τῶν
644 1014 945 1087 ἀνθρώπων
991 1016 1322 1087 νοουμένωνο
1360 1019 1529 1090 συκῆς
1579 1020 1667 1083 δὲ,
1703 1020 1801 1091 τῆς

193 1105 442 1179 ἐντολῆς
467 1126 483 1140 ’
518 1109 641 1164 ἀνθ’
677 1102 751 1163 ὧν
777 1110 806 1162 ὁ
832 1109 1113 1180 ἄνθρωπος
1158 1108 1296 1181 μετά
1329 1110 1389 1163 τὸ
1422 1113 1605 1164 πεσεῖν
1645 1112 1799 1185 ῆθελε

195 1199 380 1255 πάλιν
410 1202 531 1256 ἀπὸ
560 1203 660 1273 τῆς
685 1203 887 1274 ἀρετῆς
912 1202 1305 1273 βασιλεύεσθαι,
1342 1205 1556 1277 καὶτῆς
1592 1206 1801 1279 ἀφθαρ-

194 1293 334 1357 σίας
364 1295 474 1349 τοῦ
522 1296 846 1369 παραδείσου
892 1297 990 1366 τῆς
1033 1298 1243 1368 τρυφῆς
1289 1298 1362 1370 μὴ
1410 1299 1794 1371 ἀποϐληθῆναι.

212 1386 369 1440 Ἀλλ’
402 1388 754 1461 ἀπεκρούσθη
805 1388 1074 1461 παραϐὰς,
1124 1390 1217 1443 καὶ
1240 1391 1515 1464 ἀπεϐλήθη
1559 1392 1795 1465 μακρὰν,

194 1479 283 1546 ὡς
322 1481 404 1554 μὴ
433 1482 731 1553 δυνάμενος
741 1481 859 1537 ,ὑπὸ
876 1483 975 1554 τῆς
1002 1481 1308 1554 ἀφθαρσίας
1331 1483 1430 1547 ἔτι,
1452 1486 1584 1555 μηδὲ
1604 1485 1795 1559 χωρῶν

196 1573 628 1646 βασιλεύεσθαι.
664 1576 774 1628 Καὶ
827 1575 1041 1648 πρῶτον
1091 1576 1237 1647 αὐτῷ
1264 1577 1323 1630 τὸ
1355 1579 1613 1649 κήρυγμα
1658 1578 1794 1650 μετά

199 1666 309 1739 τὴν
332 1668 651 1740 παράϐασιν
678 1668 954 1738 πέμπεται
985 1668 1046 1721 τὸ
1071 1668 1158 1722 διὰ
1186 1668 1326 1723 Νῶεο
1349 1669 1414 1723 ἵν’
1444 1669 1537 1724 ἐὰν
1559 1671 1766 1743 πρόσχῃ

1892 1680 1995 1719 nec
2023 1667 2142 1737 ejus
2169 1683 2341 1738 capax
2374 1669 2764 1726 dominationis
2810 1674 2977 1727 esset:
3027 1669 3320 1741 Primaque
3375 1673 3454 1728 illi

197 1759 312 1813 κᾶν
338 1758 527 1830 τούτῳ
556 1760 792 1831 σωθῆναι
826 1760 925 1831 τῆς
952 1761 1222 1833 ἁμαρτίας
1251 1761 1461 1837 ἰσχύσῃ,
1487 1763 1773 1817 ἀνάπαυσιη

1897 1767 2019 1829 post
2045 1761 2559 1831 transgressionem,
2584 1778 2706 1833 quae
2740 1778 2834 1831 per
2858 1761 2970 1818 Noe
2992 1768 3158 1828 esset,
3189 1763 3456 1833 praedica-

195 1852 698 1924 ἀπαγγελλόμενον
723 1851 821 1924 τὴν
851 1853 958 1906 ἀπὸ
983 1854 1089 1907 τῶν
1117 1853 1301 1907 κακῶν
1320 1854 1413 1906 καὶ
1435 1855 1769 1925 εὐφροσύνην

1896 1849 1972 1903 tio
2002 1849 2266 1918 mittitur;
2329 1852 2419 1905 cui
2465 1852 2512 1906 si
2569 1851 2873 1908 attenderet
2901 1852 3164 1916 animum,
3207 1860 3393 1923 posset
3422 1868 3453 1909 a

190 1945 249 1997 εἰ
271 1944 588 2017 ἀσκήσαιεν
631 1945 763 1999 αὐτὸ
797 1945 935 1999 κατὰ
968 1945 1186 2016 κράτος.
1221 1947 1430 2018 Ὥσπερ
1460 1947 1553 2000 καὶ
1586 1942 1725 1999 οἶνον
1753 1948 1773 1998 i

1890 1949 2116 2010 peccato
2163 1943 2374 1996 servari
2426 1957 2442 1997 :
2487 1944 2690 2013 quippe
2744 1959 2870 1998 cum
2904 1944 2995 1997 illa
3029 1945 3386 2001 cessationem
3420 1958 3451 2000 a

193 2034 461 2107 ἄμπελος
492 2037 884 2107 ἐπαγγέλλεται
908 2039 1098 2108 γεννᾷν
1126 2040 1236 2102 τοῖς
1261 2038 1487 2092 ἀσκοῦσι
1508 2039 1602 2093 καὶ
1624 2040 1773 2111 ἐργα-

1889 2033 2048 2086 malis
2070 2032 2418 2104 laetitiamque
2433 2035 2775 2103 promitteret
2803 2036 2872 2101 ⁸⁸,
2900 2036 2948 2091 si
2970 2037 3224 2093 omnibus
3242 2036 3452 2093 viribus

191 2128 486 2199 ζομένοις.
542 2129 702 2184 Ἀλλὰ
723 2130 817 2184 καὶ
847 2129 1007 2184 τοῦτο
1041 2130 1140 2183 οὐκ
1177 2129 1488 2184 ἐϐασίλευσε
1527 2130 1586 2184 τὸ
1626 2148 1773 2201 νομο-

1889 2138 2008 2178 eam
2038 2124 2388 2181 excoluisset.
2415 2125 2571 2180 Haud
2603 2142 2851 2193 secusac
2878 2128 3031 2195 vitis,
3062 2129 3330 2185 edendum
3352 2132 3451 2187 abs

189 2220 424 2295 θέτημα
464 2224 567 2295 τῆς
593 2222 1025 2295 ἀνθρωπὸτητος,
1053 2224 1135 2276 ὅτι
1172 2221 1248 2295 μὴ
1281 2223 1609 2294 ἐπείσθησαν
1641 2221 1773 2294 αὐτᾷ

1890 2229 1951 2270 se
1980 2214 2169 2270 vinum
2201 2215 2345 2270 haud
2387 2217 2537 2272 inani
2576 2233 2672 2289 spe
2717 2219 3027 2290 pollicetur,
3076 2222 3125 2278 si
3173 2224 3298 2293 quis
3330 2239 3450 2280 eam

191 2315 613 2387 κηρυσσομένῳ
656 2315 958 2378 σπουδαίως
996 2315 1130 2387 πρὸς
1177 2314 1271 2369 τοῦ
1300 2314 1443 2368 Νῶε.
1497 2314 1656 2369 Ἀλλά
1693 2316 1773 2370 καλ

1888 2306 2032 2360 colat
2061 2321 2125 2361 ac
2154 2306 2339 2367 labore
2358 2316 2628 2365 exerceat.
2664 2310 2860 2367 Verum
2893 2328 2961 2367 ne
2984 2311 3101 2368 haec
3131 2313 3350 2384 quidem
3365 2315 3451 2371 lex

194 2405 347 2474 μετὰ
383 2405 452 2459 τὸ
491 2408 803 2478 συνέχεσθαι
847 2408 947 2480 ἤδη
987 2407 1080 2462 καὶ
1121 2408 1405 2478 πνίγεσθαι
1451 2411 1563 2474 τοῖς
1604 2408 1773 2463 ὓδασικ

1888 2411 2052 2466 super
2079 2397 2327 2454 homines
2349 2402 2614 2469 regnavit,
2646 2403 2790 2474 quod
2843 2405 2894 2460 ei
2944 2407 3194 2463 homines
3222 2407 3449 2478 obsequi

194 2497 453 2568 ἦρξαντο
511 2500 784 2568 μετανοεῖν
809 2539 824 2563 ,
893 2500 989 2554 καὶ
1055 2500 1480 2569 ἐπαγγέλλεσθαι
1526 2503 1773 2574 παρέχεικ

1886 2495 2232 2553 recusarunt,
2264 2490 2370 2545 etsi
2399 2506 2518 2546 eam
2543 2491 2656 2549 Noe
2683 2504 2905 2552 strenue
2924 2498 3311 2570 promulgaret.
3340 2498 3452 2555 Cae:

196 2591 446 2653 ἑαυτοὺς
505 2591 958 2663 πεισθησομένους
997 2594 1118 2656 ταῖς
1165 2592 1422 2656 ἐντολαῖς.
1486 2593 1644 2646 Ὅθεν
1692 2594 1773 2648 κα]

1885 2585 2062 2635 terum
2117 2582 2276 2638 malis
2306 2582 2518 2650 domiti,
2550 2593 2604 2642 et
2629 2597 2915 2660 postquam
2946 2590 3187 2661 undique
3212 2592 3449 2646 circum-

197 2685 691 2757 ὑπερηφανοῦνται
741 2684 1115 2756 βασιλεύεσθαι
1155 2685 1306 2755 (52),
1356 2686 1630 2743 τουτέστιν
1680 2686 1786 2741 ὑπὸ
1884 2672 2032 2726 ven“
2061 2673 2219 2742 θαυῑε
2251 2676 2673 2748 “uocarem”,
2728 2689 3013 2752 οωρθῐιιηι
3063 2684 3330 2754 Ρωηκθτθ
3383 2698 3448 2739 ac

192 2779 299 2834 τοῦ
376 2777 736 2850 κηρύγματος
812 2777 1279 2850 ὑπερηφανοῦνται
1333 2777 1637 2850 βοηθεῖσθαι
1685 2779 1773 2849 τῆς

1885 2766 2134 2837 polliceri
2163 2767 2312 2824 dicto
2346 2784 2405 2826 se
2444 2771 2731 2830 audientes
2761 2773 2876 2830 fore
2905 2782 2959 2831 et
2985 2777 3259 2847 paritlros
3289 2793 3449 2833 man-

198 2871 469 2941 ὲντολῆς,
529 2871 1057 2951 ἀνταποκρινομένου
1092 2869 1186 2925 τοῦ
1234 2870 1546 2942 Πνεύματος
1604 2873 1783 2937 αὐτοῖς

196 2963 298 3017 καὶ
322 2960 697 3028 ὀνειδίζοντος,
737 2961 923 3034 ὥσπερ
966 2962 1287 3034 κατέλειψαν
1329 2958 1411 3028 οἷς
1445 2963 1722 3018 ἐκέλευσεν
1753 2967 1782 3018 ὁ

196 3053 341 3115 Θεὸς
385 3050 689 3124 ἀνθρώποις
709 3069 722 3083 ·
763 3048 834 3106 Ὦ
872 3053 1235 3125 ἀτεράμονες,
1285 3052 1498 3125 βοηθεῖν
1547 3055 1643 3127 μὲν
1687 3057 1781 3110 καὶ

199 3141 407 3213 σώζειν
459 3147 679 3211 τούτους
713 3146 807 3200 καὶ
852 3134 1179 3219 εὐφραίνειν,
1223 3141 1334 3200 οἷον
1378 3147 1473 3201 τὸν
1515 3147 1639 3201 Νῶε
1686 3149 1781 3202 καὶ

194 3242 333 3305 τοὺς
364 3241 463 3295 σὺν
483 3239 652 3311 αὐτῷ,
686 3230 825 3293 ἔλθω
855 3239 1138 3311 βοηθῆσαι,
1170 3243 1283 3304 τοῖς
1316 3241 1628 3313 φρονήσεως
1652 3242 1780 3311 ὑμῖν

195 3333 478 3405 ἀκάρποις
506 3332 598 3386 καὶ
624 3330 802 3404 ξηρῶν
824 3331 991 3397 ξύλων
1010 3332 1161 3386 οὐδὲν
1193 3333 1491 3398 ἀπεοικὼι,
1515 3334 1776 3406 πρότερον

192 3424 278 3496 μὴ
328 3423 653 3478 πιστεύσασί
706 3440 797 3495 μοι
851 3422 1176 3494 κηρύσσοντι
1218 3423 1373 3493 φύξιν
1414 3423 1524 3477 τῶν
1573 3423 1775 3495 παρόν-

186 3527 345 3582 των;

1885 2859 2052 2918 datis.
2084 2862 2352 2929 Quocirca
2407 2863 2632 2934 spretim
2681 2865 3026 2936 rejiciuntur,
3088 2884 3157 2924 ne
3200 2868 3446 2938 mandati

1884 2954 2271 3025 praedicatione
2294 2956 2589 3027 juventur;
2612 2959 2976 3030 respondente
2998 2961 3107 3017 illis
3151 2959 3357 3034 Spiritu
3379 2978 3446 3020 ac

1881 3048 2264 3118 exprobrante,
2295 3048 2440 3120 quod
2471 3049 2911 3122 dereliquissent,
2965 3055 3165 3125 quibus
3201 3056 3445 3126 iusserat

1883 3137 2025 3195 Deus
2061 3147 2120 3195 ut
2148 3140 2257 3197 illis
2290 3156 2446 3212 opem
2471 3140 2694 3209 ferrent,
2725 3145 3066 3217 salutemque
3091 3163 3155 3202 ac
3201 3149 3441 3205 laetitiam

1882 3241 2232 3304 praestarent;
2293 3234 2408 3291 Noe
2449 3237 2658 3293 scilicet
2705 3239 2881 3294 virum
2937 3249 3185 3297 sanctum
3215 3243 3444 3315 ejusque

1882 3329 2219 3399 progeniem.
2260 3329 2343 3383 Ad
2364 3345 2472 3384 vos
2506 3331 2786 3396 nimirum,
2817 3346 2849 3387 ο
2882 3340 3258 3398 contumaces,
3291 3336 3443 3390 nullo

1880 3420 2182 3491 prudentia:
2216 3418 2396 3477 fructu
2425 3422 2858 3489 commendatos,
2911 3438 3069 3494 opem
3117 3423 3273 3479 vobis
3302 3424 3440 3478 alla-

1878 3520 2057 3577 turus,
2085 3513 2331 3581 veniam;
2361 3521 2417 3568 et
2461 3514 2555 3586 qui
2584 3532 2615 3570 a
2663 3515 2826 3587 lignis
2854 3515 3025 3572 aridis
3066 3514 3203 3570 nihil
3233 3514 3444 3571 differa-

1875 3607 1976 3673 tis;
2007 3606 2102 3678 qui
2132 3607 2288 3677 prius
2314 3607 2633 3678 praedicanti
2666 3610 2801 3664 mihi
2849 3625 2879 3664 a
2925 3609 3161 3666 terrenis
3202 3623 3437 3665 avocan-

1872 3698 2002 3779 dum
2034 3700 2298 3766 animum,
2336 3698 2494 3755 ﬁdem
2522 3716 2633 3757 non
2662 3700 3060 3758 adhibueritis?

627 3860 757 3917 Cn.
796 3860 887 3917 Ν.
916 3861 1026 3917 Lex
1062 3864 1269 3918 inutilis
1315 3863 1384 3918 ad
1415 3864 1659 3919 salutem.
1696 3863 1978 3918 Castitatis
2018 3871 2285 3933 postrema
2326 3862 2411 3916 (ea:
2444 3862 2538 3917 sub
2571 3864 2782 3917 rhamm'
2820 3862 3008 3930 specie.

263 3998 381 4054 Καὶ
440 3996 506 4069 δὴ
571 3995 665 4051 καὶ
712 3993 914 4050 τούτων
981 3995 1123 4049 οὕτω
1187 3994 1600 4063 ἀπαξιωθέντων
1668 3996 1769 4067 τῆς

191 4091 351 4156 θείας
382 4089 730 4164 κηδεμονίας,
764 4088 858 4142 καὶ
901 4087 1060 4142 πάλιν
1090 4088 1188 4161 τῆς
1232 4088 1641 4161 ἀνθρωπότητος
1689 4090 1770 4152 είς

189 4184 413 4255 πλάνην
444 4180 764 4252 κεχυμένης,
795 4175 952 4242 αὖθις
979 4180 1007 4232 ὁ
1035 4178 1166 4243 Θεὸς
1202 4177 1485 4233 ἀπέστειλε
1525 4177 1770 4249 βασιλεύ-

188 4291 365 4330 σοντα.
388 4273 571 4346 νόμον,
601 4274 693 4326 καὶ
719 4272 1095 4344 ὑπομνήσοντα
1113 4269 1454 4342 δικαιοσύνην
1481 4271 1574 4324 ἐπὶ
1600 4273 1766 4325 Μωῢ-

189 4370 361 4435 citing.
392 4370 455 4424 Οἱ
485 4368 561 4434 δὲ,
589 4365 814 4439 ’μακρὰν
845 4365 938 4419 καὶ
970 4364 1144 4436 τούτῳ
1188 4363 1398 4435 χαίρειν
1426 4364 1764 4435 φράσαντες,

190 4465 272 4530 εις
323 4461 768 4531 εἰδωλολατρεων
823 4458 1177 4531 μετέστησαν.
1226 4456 1387 4511 Ὅθεν
1431 4458 1459 4509 ὁ
1501 4456 1633 4520 Θεὸς
1688 4457 1769 4520 εἰς

279 4663 498 4739 ".Gen.
529 4681 584 4730 v,
622 4664 713 4720 29.

1849 3974 1862 3987 ’
1942 3994 2151 4066 Hisque
2185 3996 2319 4051 adeo
2339 3997 2503 4052 etiam
2534 4012 2632 4068 per
2659 4000 2805 4052 hunc
2854 3996 3075 4053 modum
3123 4013 3154 4053 a
3186 3998 3436 4073 benignae

1873 4087 1967 4145 Dei
1992 4089 2349 4157 providentiae
2376 4106 2507 4146 cura
2542 4089 2834 4156 abdicatis,
2893 4106 2956 4146 ac
2997 4108 3191 4149 rursus
3242 4101 3431 4163 postea

1874 4178 2111 4233 humano
2134 4194 2332 4252 genere
2362 4181 2419 4235 in
2449 4195 2666 4237 errores
2702 4180 2908 4249 effuso;
2941 4198 3061 4253 quae
3088 4198 3314 4255 regnum
3335 4186 3434 4242 ob-

1872 4269 2066 4326 tineret
2085 4285 2149 4324 ac
2171 4270 2403 4340 justitize
2421 4280 2811 4338 commoneret,
2834 4273 2937 4329 sub
2955 4273 3138 4347 Moyse
3159 4275 3423 4347 principe,

1873 4378 1905 4418 a
1933 4361 2045 4419 Deo
2076 4364 2164 4420 lex
2191 4365 2357 4420 missa
2376 4372 2482 4422 est.
2515 4363 2715 4422 Verum
2744 4365 2802 4421 hi
2830 4381 3050 4438 quoque
3078 4368 3268 4424 eadem
3301 4384 3432 4440 pro-

1873 4457 1964 4514 cul
1997 4457 2177 4514 valere
2198 4457 2375 4531 jussa,
2413 4457 2682 4517 idolorum
2706 4459 2879 4518 cultui
2909 4459 3272 4522 adhaeserunt.
3287 4460 3430 4520 Hinc

266 4848 383 4924 (52)
402 4859 407 4865 '
423 4847 957 4925 Tarepnscaroﬁrtat
977 4850 1426 4925 βασιλεύεσθαι.
1451 4851 1616 4925 Quasi
1639 4868 1764 4907 con-

1878 4851 2247 4922 przedicatione
2272 4850 2637 4925 alio‘torquet.
2671 4849 2762 4906 Sic
2789 4851 2932 4907 enim
2960 4849 3049 4908 ille
3068 4849 3215 4925 hunc
3243 4850 3423 4909 locum

195 4920 396 4993 tempta
423 4920 730 4993 reﬁciuntur
750 4937 812 4975 ne
826 4921 1039 4989 imperio
1065 4933 1330 4991 regantur,
1361 4930 1416 4977 ct
1435 4939 1500 4993 ne
1523 4921 1758 4979 fructum

193 5008 264 5048 ex
296 4990 682 5064 praedicatione
713 4990 1159 5064 consequantur;
1179 5008 1339 5064 quam
1374 4992 1578 5063 pridem
1608 5010 1760 5064 Spre-

195 5060 331 5127 tani,
360 5061 473 5115 Noe
489 5060 791 5134 fabricante
811 5076 1017 5134 arcam,
1042 5060 1328 5133 aqitisjam
1359 5060 1544 5118 diluvii
1564 5060 1757 5134 pressi,

196 5149 323 5189 sera
358 5130 674 5205 poenitentia
715 5133 1059 5202 amplexu'ros
1094 5130 1159 5188 Se
1187 5130 1602 5205 pollicebantur.
1636 5133 1759 5189 Haec

196 5201 639 5275 certe_Meth_od_ii_
658 5201 832 5267 mens,
860 5217 1022 5275 quam
1058 5211 1111 5258 et
1154 5201 1327 5275 magis
1352 5204 1611 5267 declarat,
1639 5219 1760 5274 quae

197 5272 468 5345 sequitur,
500 5270 735 5345 Spiritus
787 5270 960 5345 sancti
1004 5270 1369 5345 esprobratio,
1425 5275 1501 5329 illi
1549 5270 1761 5345 gemina

195 5340 343 5414 quod
374 5340 604 5398 habetur
630 5340 850 5414 Prov.t,
878 5343 949 5396 24
982 5361 994 5396 :
1029 5340 1166 5410 Quia
1191 5345 1387 5406 vocavi,
1414 5355 1463 5400 et
1488 5340 1756 5411 renuistis,

1866 4920 2254 4995 interpretatur
2279 4941 2293 4976 :
2324 4939 2344 4972 ‹
2375 4920 2578 4995 Rejecti
2606 4930 2788 4995 tamen
2799 4928 2933 4995 sunt
2958 4929 3013 4977 et
3037 4923 3232 4995 spreti,
3249 4938 3425 4995 neque

1863 4992 2025 5064 digni
2043 4995 2140 5049 visi
2172 5000 2300 5048 sunt
2320 4992 2411 5062 qui
2443 5001 2757 5064 regerentur
2776 4993 2868 5047 illo
2901 4993 3148 5062 imperio,
3182 4992 3235 5047 id
3258 4992 3362 5059 est‘,
3390 5006 3423 5046 a

1864 5066 2197 5136 promulgata
2231 5064 2338 5118 illis
2370 5064 2483 5136 lege
2505 5063 2864 5136 juvarentur:
2899 5072 3254 5136 responsante
3286 5064 3423 5134 ipsis

1867 5132 2163 5205 Spiritu'et
2203 5132 2584 5205 exprobrante,
2631 5132 2776 5205 quod
2812 5132 3175 5205 neglexissent
3215 5132 3420 5188 monita

1864 5203 2050 5262 eorum
2083 5206 2174 5274 qui
2204 5204 2481 5274 Deigjussu
2513 5218 2581 5259 ac.
2615 5203 2782 5260 missu
2822 5204 2887 5257 ad
2931 5204 3077 5274 ipsos
3121 5211 3420 5273 venerant;

1864 5284 2029 5344 atque
2057 5272 2272 5331 ai'ente.:
2297 5272 2421 5328 lllos
2456 5274 2696 5344 quidem,
2724 5290 2757 5330 ο
2780 5272 3148 5338 contumaces,
3170 5272 3420 5344 quos_re#

1857 5342 2068 5416 jecistis
2092 5345 2444 5416 irrisistisque
2470 5342 2727 5400 salutaria
2766 5346 2918 5400 vobis
2956 5342 3273 5416 suadentes;
3305 5342 3417 5396 Noe

194 5413 329 5486 etc.,
352 5429 445 5484 ego
472 5428 668 5484 quoque
699 5413 753 5466 in
780 5413 995 5486 interitu
1018 5424 1185 5486 uestro
1215 5415 1408 5470 ridebo.
1439 5414 1570 5482 Quae
1598 5417 1757 5470 minae
1859 5413 2109 5472 videlicet
2140 5431 2203 5470 ac
2233 5413 2373 5471 ﬁlios
2400 5415 2537 5483 ejus,
2585 5431 2685 5486 ego
2725 5415 2779 5470 in
2809 5417 2912 5470 hoc
2952 5415 3267 5486 discrimine
3300 5428 3423 5468 sen-

192 5493 247 5539 et
280 5485 405 5541 illos
448 5492 691 5550 manent,
719 5485 826 5555 _qui
879 5500 980 5539 nec
1022 5484 1138 5554 lege
1160 5489 1364 5555 gratiae,
1401 5486 1578 5555 quoad
1608 5487 1752 5549 licet,

189 5554 370 5622 iuvari
410 5556 649 5627 student.
704 5553 968 5627 Quocirca
1017 5553 1125 5627 non
1166 5553 1308 5627 bene
1351 5553 1623 5627 (Allatius)
1662 5561 1754 5627 qui

196 5640 382 5680 vocem
425 5625 892 5696 ὑπερηφανοῦνται
940 5625 1112 5681 active
1160 5625 1367 5691 reddit,
1405 5625 1752 5697 superbientes

192 5697 467 5767 imperium
495 5712 656 5765 supra
681 5713 734 5752 se
765 5705 1004 5762 poscunt,
1038 5704 1165 5760 etc.,
1191 5698 1297 5751 imo
1315 5706 1460 5753 certe
1491 5698 1677 5767 rejecti
1699 5709 1753 5753 et

193 5767 358 5836 Spreti
402 5775 684 5840 s_unt,inec
717 5766 1026 5840 digni_visi,
1071 5768 1165 5838 qui
1210 5768 1302 5823 illo
1347 5766 1569 5840 imperio
1602 5784 1754 5840 rege-

1862 5489 2001 5543 vabo
2048 5494 2103 5543 et
2148 5486 2494 5550 consolabor,
2542 5485 2687 5541 ultro
2732 5488 2800 5543 iis
2835 5485 3411 5556 suppetias‘veniens:

1860 5574 1956 5615 vos
1984 5567 2162 5635 autem
2193 5557 2363 5612 malas
2401 5558 2843 5635 arbores,__nullo
2892 5553 3187 5635 prudentiae
3232 5556 3414 5635 fructu

1860 5629 2286 5703 commendatas,
2336 5635 2389 5683 et
2436 5627 2570 5703 nihil
2605 5622 2979 5703 differentesa
3018 5623 3180 5703 lignis
3221 5622 3410 5689 aridis,

1858 5715 2076 5770 pessum
2100 5701 2196 5762 ire,
2232 5705 2290 5753 ut
2316 5699 2560 5770 coepistis
2584 5706 2639 5770 et
2661 5697 2808 5768 digni
2837 5695 2989 5770 estis,
3015 5695 3211 5770 patiar,
3239 5708 3416 5770 quan-

1856 5762 1928 5826 do
1954 5770 2108 5835 mihi,
2140 5781 2296 5825 antea
2322 5762 2636 5839 praedicanti
2668 5762 3010 5839 praesentium
3036 5762 3304 5820 malorum
3326 5763 3409 5819 fu-

193 5833 398 5894 rentur.
422 5837 538 5894 Non
566 5839 700 5896 bene
726 5833 852 5896 item
875 5833 1157 5897 Possinius
1184 5854 1304 5910 qtae
1330 5839 1396 5896 de
1422 5833 1539 5898 Noe
1570 5833 1750 5912 spréta
1852 5856 1994 5909 gam,
2035 5833 2194 5898 ﬁdem
2227 5833 2483 5896 adbibere
2507 5833 2775 5895 noluistis.
2808 5854 2827 5888 ι
2862 5833 3147 5891 Consus.
