3962 6278
237 377 338 433 εοι

1309 349 1694 425 εοΝιτινιιιιι
1725 360 1954 418 necem
1994 335 2351 414 VlRGlNUM.

3362 352 3472 410 202

234 493 377 549 τῶν.
402 493 515 550 Καὶ
544 492 620 548 τὰ
642 492 824 547 τέκνα
844 488 1016 555 Σιὼν,
1046 488 1276 559 χαίρετε
1304 485 1401 538 καὶ
1423 481 1810 553 εὐφραίνεσθε
1836 531 1840 541 ,

1943 474 2099 529 omini
2128 474 2184 528 in
2219 470 2447 527 Domino
2466 447 2575 524 Deo
2596 466 2787 536 vestro,
2817 470 2940 540 quia
2969 467 3110 523 dedit
3139 468 3280 551 vobis
3299 467 3471 524 cibum

236 584 339 638 ἐπί
376 586 576 654 Κυρίῳ
602 582 724 649 6εῷ
749 581 934 653 ὑμῶν,
966 580 1111 634 διότι
1147 577 1368 631 ἔδωκεν
1405 575 1550 645 ὑμῖν
1579 571 1811 641 βρῶσιν

1943 584 1966 622 rt
1992 564 2325 637 justitiam’.
2368 561 2541 619 Vitem
2574 569 2629 618 et
2669 560 2835 616 ﬁcum
2869 562 3109 627 arbores,
3145 559 3381 615 ﬁ'uctum
3418 562 3472 615 in

239 678 329 744 είς
354 677 784 744 δικαιοσύνηνο
818 672 1057 746 ἄμπελον
1100 673 1195 726 καὶ
1228 668 1396 738 συκῆν
1439 667 1649 738 δένδρα,
1678 681 1814 737 καρ-

243 769 385 832 ποὺς
417 769 501 831 είς
539 765 880 836 δικαιοσύνην
916 764 1286 835 βλαστήσαντα
1318 763 1430 822 τοῖς
1466 759 1673 821 τέκνοις
1713 756 1813 826 τῆς

236 861 443 931 νοητῆς
493 858 658 920 Σιὼν.
691 857 791 922 τὰς
840 855 1145 931 ἔμπροσθεν
1195 853 1510 926 νομοθεσίας
1551 851 1749 913 καλῶν,
1779 848 1816 903 ἃ.

241 951 380 1022 μετά
410 949 523 1023 τὴν
556 948 963 1021 ἐνανθρώπησιν
1008 944 1458 1017 ὲκαρποφόρησαν
1497 941 1590 995 τοῦ
1622 942 1819 1009 Λόγου,

241 1036 405 1095 ὁπότε
432 1040 785 1095 ἐϐασίλευσεν
813 1039 967 1111 ἡμῶν
1008 1039 1041 1110 ἡ
1075 1037 1285 1106 ἁγνεία,
1309 1034 1541 1106 πρόσθεν
1577 1033 1822 1102 ἀποκραά

246 1134 492 1204 ςήσαντα
524 1134 619 1188 καὶ
650 1131 1001 1201 ἀπομύσαντα
1024 1128 1121 1193 τὰς
1149 1126 1381 1199 βλαστὰς
1406 1125 1493 1180 διὰ
1514 1123 1609 1196 τὴν
1641 1125 1822 1194 ἁμαρ-

248 1226 372 1284 τίαν
405 1226 499 1278 καὶ
524 1225 621 1296 τήν
655 1221 850 1293 πολλὴν
881 1221 1109 1293 πλάνην.
1142 1219 1276 1274 Οὐδὲ
1301 1218 1410 1289 γὰρ
1449 1217 1679 1288 ἠδύνατο
1721 1214 1820 1286 τὴν

254 1318 336 1381 εἰς
369 1316 514 1388 ζωὴν
537 1314 916 1386 ἀναδιδομένην
948 1314 1079 1386 ἡμῖν
1105 1314 1403 1384 παρασχεῖν
1427 1310 1632 1383 τροφὴν
1657 1311 1691 1380 ή
1723 1309 1826 1379 ἄμ-

259 1409 421 1472 πελος
452 1410 486 1480 ή
515 1407 762 1479 ἀληθινὴ,
795 1407 889 1461 καὶ
921 1409 953 1478 ή
989 1407 1128 1477 συκῆ
1156 1407 1188 1476 ή
1216 1404 1460 1476 ἀληθινὴ,
1489 1403 1570 1457 ἐτι
1593 1403 1691 1473 τῆς
1733 1418 1827 1454 συ-

263 1501 367 1570 κῆς
408 1500 481 1571 μὴ
523 1498 774 1571 ἀληθινῆς
819 1498 914 1553 καὶ
960 1498 1093 1569 πρὸς
1138 1497 1351 1567 ἀπάτην
1380 1493 1822 1566 πεποικιλμένης,

264 1591 558 1661 ἀνθούσης·
610 1589 722 1643 ἀλλ’
753 1592 840 1645 ὅτε
880 1590 1244 1661 κατεξήρανεν
1273 1589 1302 1640 6
1334 1586 1535 1659 Κύριος
1583 1585 1653 1639 τὰ
1698 1584 1827 1638 νόθα

265 1685 359 1737 καὶ
389 1683 720 1754 ἀντιμίμητα
750 1682 856 1736 τῶν
885 1680 1173 1753 ἀληθινῶν,
1204 1680 1616 1751 ἀποφηνάμενος
1640 1680 1705 1749 τῇ
1741 1694 1829 1731 πι-

265 1773 515 1845 κροφόρῳ
544 1778 680 1847 συκῇ
714 1774 795 1839 τὸ,
824 1775 1048 1843 Μηκέτι
1084 1774 1325 1844 γένηται
1364 1771 1591 1842 καρπὸς
1618 1772 1687 1825 ἐκ
1713 1769 1828 1823 σοῦ

1906 660 2175 732 justitiam
2202 656 2570 728 germinantes
2604 652 2732 710 ﬁliis
2777 653 3040 724 spiritalis
3070 651 3225 714 Sion.
3261 653 3474 722 priores

1914 753 2059 823 leges
2089 750 2324 821 appellat
2351 764 2364 801 :
2401 763 2522 819 quae
2549 755 2905 819 posteaquam
2937 744 3177 801 Verbum
3199 745 3363 801 homo
3395 745 3477 802 fa-

1914 851 2063 898 ctum
2115 850 2222 906 est,
2258 840 2682 906 fructiﬁcarunt,
2731 839 2982 895 castitate
3028 839 3088 892 in
3135 853 3238 895 nos
3282 838 3477 909 adepta

1916 934 2234 1006 imperium;
2266 949 2390 988 cum
2423 934 2578 1005 prius
2618 933 2687 988 ob
2711 941 2992 1002 peccatum
3038 932 3478 1003 immensumque

1916 1041 2155 1082 errorem
2206 1033 2477 1081 enervatae
2525 1024 2896 1082 concidissent
2947 1039 3012 1080 ac
3052 1025 3304 1081 surculos
3331 1040 3483 1081 com--

1923 1112 2272 1189 pressissent.
2321 1116 2439 1172 Non
2487 1117 2632 1174 enim
2674 1123 2890 1188 poterat
2931 1115 3041 1171 tale
3067 1115 3228 1171 nobis
3255 1115 3482 1172 alimen-

1919 1219 2061 1275 tum,
2090 1209 2235 1281 quod
2265 1209 2332 1265 ad
2372 1209 2534 1263 vitam
2566 1208 2873 1279 proﬁceret,
2917 1209 3044 1265 vitis
3076 1224 3203 1264 vera
3251 1224 3315 1264 ac
3348 1206 3483 1280 ﬁcus

1923 1319 2046 1358 vera
2079 1303 2338 1375 praebere,
2372 1302 2551 1359 adhuc
2585 1301 2690 1357 ﬁcu
2722 1317 2831 1357 non
2856 1318 3005 1368 vera,
3040 1310 3094 1357 et
3125 1302 3194 1357 ad
3241 1302 3483 1360 fraudem

1920 1398 2072 1450 vario
2101 1395 2252 1450 cultu
2293 1403 2505 1458 ornata,
2536 1393 2807 1450 .llorente.
2842 1393 2946 1449 Sed
2986 1394 3207 1465 quando
3260 1393 3485 1451 arefecit

1924 1487 2188 1543 Dominus
2219 1487 2358 1544 falsa
2376 1486 2621 1559 germina
2640 1502 3005 1557 verorumque
3033 1486 3248 1551 aemula,
3274 1488 3485 1557 prolata

1925 1578 2193 1634 sententia
2250 1577 2306 1633 in
2372 1579 2534 1633 ﬁcum
2590 1577 3020 1644 amarulentam,
3076 1574 3201 1631 Non
3259 1578 3487 1646 amplius

1927 1678 2182 1724 nascatur
2209 1685 2273 1724 ea:
2314 1677 2362 1723 te
2402 1669 2607 1739 fructus
2633 1671 2677 1733 ³,
2707 1677 2835 1724 tunc
2863 1684 2985 1738 quae
3016 1683 3142 1724 vere
3199 1665 3485 1724 fructiferae

1927 1768 2083 1815 erant
2110 1760 2366 1840 arbores,
2383 1759 2704 1826 ﬂoruerunt,
2737 1768 2792 1817 et
2819 1760 3196 1833 germinarunt
3222 1759 3405 1816 cibum
3432 1760 3489 1816 in

261 1866 348 1931 είς
378 1866 484 1919 τὸν
520 1867 723 1932 αἰῶνα,
753 1867 874 1920 τότε
913 1866 982 1921 τὰ
1011 1867 1178 1931 ὅντως
1219 1866 1444 1920 ἀνέθαλε
1477 1862 1820 1936 καρποφόρα,
1855 1871 1897 1926 Β
1921 1851 2217 1923 justitiam.

264 1956 358 2010 καὶ
383 1957 681 2030 ἐϐλάστησε
708 1958 905 2030 βρῶσιν
937 1962 1015 2023 εἰς
1042 1958 1405 2028 δικαιοσύνην.

341 2050 497 2103 Ἔστι
528 2051 583 2105 δὲ
618 2050 711 2104 καὶ
741 2051 829 2105 ὅτε
858 2054 938 2115 είς
969 2051 1130 2104 αὑτὸν
1161 2051 1489 2120 ἀναφέρεται
1512 2049 1603 2103 τὸν
1629 2048 1831 2120 Κύριον

261 2141 294 2210 ἡ
326 2140 572 2211 ἄμπελος
615 2140 894 2211 πολλαχῶς
918 2159 931 2172 ·
975 2143 1054 2206 είς
1097 2141 1153 2195 δὲ
1184 2140 1245 2194 τὸ
1278 2139 1501 2210 Πνεῦμα
1532 2140 1592 2193 τὸ
1619 2139 1770 2209 ἅγιον
1800 2140 1833 2210 ἠ

260 2230 404 2301 συκῆ
424 2247 438 2260 ·
473 2230 550 2293 ὡς
599 2229 693 2283 τοῦ
739 2232 835 2301 μὲν
869 2230 1071 2303 Κυρίου
1116 2230 1215 2292 τὰς
1248 2227 1468 2300 καρδίας
1500 2226 1837 2300 ἱλαρύνοντος

258 2320 369 2374 τῶν
399 2320 724 2393 ἀνθρώπων,
757 2320 850 2375 τοῦ
887 2321 945 2375 δὲ
979 2320 1292 2392 ΙΙνεύματος
1334 2319 1582 2391 ὶωμένου.
1615 2319 1726 2372 Καὶ
1751 2316 1838 2371 διὰ

229 2474 234 2478 ι
259 2410 419 2465 τοῦτο
472 2413 868 2485 προστάσσεται
897 2411 1109 2485 πρῶτον
1148 2412 1392 2477 Ἐζεκίας
1423 2408 1638 2483 παλάθῃ
1666 2424 1837 2463 κατα-

266 2502 577 2574 πλασθῆναι
609 2505 785 2558 σύκων
804 2522 817 2534 ο
858 2505 887 2558 δ
915 2505 977 2576 δή
1004 2506 1118 2558 ἐστι
1146 2503 1225 2575 τῷ
1250 2502 1446 2574 καρπῴ
1471 2501 1565 2555 τοῦ
1596 2500 1841 2572 Πνεύμα-

267 2605 383 2652 τος,
414 2590 504 2643 ἵνα
553 2591 881 2663 θεραπευθῇ,
906 2593 1067 2646 οἱονεὶ¹
1097 2592 1238 2645 κατὰ
1266 2592 1356 2644 τὸν
1398 2590 1739 2653 Ἀπόστολον,
1771 2591 1836 2660 τῇ

270 2682 484 2755 ἀγάπῃ.
504 2684 556 2737 '0
582 2684 689 2757 γὰρ
722 2684 967 2753 καρπὸς,
1012 2686 1164 2755 φησὶ,
1195 2683 1300 2738 τοῦ
1342 2685 1685 2754 Πνεύματος
1708 2680 1843 2752 apd»

271 2789 376 2841 πη,
427 2775 602 2845 χαρὰ,
648 2775 879 2845 εἰρήνη,
915 2777 1306 2846 μακροθυμία,
1347 2777 1703 2845 χρηστότης,
1742 2774 1840 2827 πί-

269 2880 427 2932 στις,
458 2866 741 2934 πραότης,
769 2866 1104 2937 ἐγκράτεια·
1136 2860 1210 2920 ὧν
1249 2868 1335 2922 διὰ
1361 2867 1458 2939 τὴν
1485 2866 1682 2938 πολλὴν
1713 2864 1843 2935 γλυ-

270 2958 483 3031 κύτητα
515 2958 655 3012 σῦκα
678 2962 706 3013 ὁ
734 2961 1015 3031 προφήτης
1040 2959 1282 3014 ἐκάλεσε.
1309 2960 1419 3013 Καὶ
1445 2962 1473 3012 ὁ
1498 2958 1735 3029 Μιχαίας
1760 2957 1837 3022 δὲ,

274 3052 386 3107 Καὶ
420 3052 826 3105 ἀναπαύσεται
854 3050 1125 3119 ἕκαστος,
1163 3052 1346 3122 φησιν,
1378 3049 1495 3104 ὑπὸ
1517 3049 1633 3118 τὴν
1656 3048 1840 3119 ἀμπε-

272 3147 390 3199 λον
409 3142 613 3208 αὑτοῦ,
654 3143 751 3197 καί
784 3143 1040 3210 ἕκαστος
1064 3143 1342 3198 ὑποκάτω
1373 3143 1484 3211 τῆς
1509 3140 1702 3211 συκῆς
1728 3142 1836 3196 αὺο

2002 2034 2345 2106 Quandoque
2372 2050 2501 2091 vero
2526 2037 2691 2091 etiam
2724 2038 2875 2101 vitis.
2910 2053 3087 2108 neque
3121 2037 3174 2094 id
3193 2039 3385 2109 paucis
3409 2039 3492 2095 lo-

1937 2124 2038 2187 cis,
2075 2124 2141 2178 ad
2183 2124 2468 2180 Dominum
2503 2125 2821 2182 refertur':
2858 2127 2991 2183 ﬁcus
3036 2143 3166 2182 vero
3210 2129 3275 2183 ad
3321 2128 3496 2200 Spiri-

1940 2225 2052 2270 tum
2083 2223 2371 2284 sanctum;
2403 2225 2661 2288 tanquam
2715 2218 2975 2274 nimirum
3020 2219 3249 2275 Domino
3291 2222 3497 2277 exhila-

1938 2317 2093 2364 rante
2126 2309 2292 2364 corda
2335 2308 2615 2365 hominum
2650 2325 2714 2366 ac
2752 2309 2960 2382 Spiritu
3008 2322 3255 2377 saltante.
3279 2311 3346 2366 Et
3372 2328 3499 2384 pro-

1935 2410 2121 2471 pterea
2159 2401 2384 2471 jubetur
2418 2400 2655 2472 primum
2703 2401 2968 2459 Ezechias
2998 2404 3021 2435 ‘
3046 2404 3277 2459 ﬁcorum
3317 2421 3503 2461 massa-

1938 2495 2272 2564 cataplasma
2303 2493 2481 2549 facere
2501 2508 2567 2548 ac
2596 2494 2875 2566 imponere
2897 2495 3101 2567 (fructu
3131 2496 3343 2552 scilicet
3377 2494 3502 2566 Spi-s

1938 2582 2105 2647 ritus)
2138 2590 2195 2636 ut
2222 2592 2445 2638 curetur
2473 2602 2486 2637 :
2519 2592 2775 2654 tanquam
2808 2586 3066 2641 nimirum
3115 2586 3405 2658 charitatc,
3446 2603 3506 2647 ut

1940 2686 2132 2730 auctor
2162 2682 2247 2731 est
2274 2676 2568 2744 Apostolus
2590 2677 2634 2728 ⁸.
2666 2674 2903 2731 Fructus
2925 2678 3095 2747 enim,
3140 2683 3336 2753 inquit,
3378 2682 3504 2753 Spi-

1939 2770 2073 2823 ritus
2109 2777 2184 2822 est
2219 2767 2474 2831 charitas,
2517 2767 2791 2839 gaudium,
2829 2784 2956 2839 pax,
3007 2770 3231 2841 leuitas,
3271 2776 3502 2840 bonitas,

1940 2859 2093 2930 ﬁdes,
2130 2860 2505 2926 mansuetudo,
2538 2860 2881 2917 continentia.
2921 2862 3073 2932 Quas
3113 2867 3372 2923 nimirum
3408 2869 3508 2925 do..

1941 2959 2047 3019 tes,
2079 2952 2331 3023 donaque
2362 2951 2435 3007 ob
2461 2951 2719 3007 eximiam
2752 2951 3095 3012 dulcedinem
3140 2959 3402 3029 propheta
3443 2960 3506 3014 tl-

1941 3060 2036 3101 cos
2093 3044 2446 3115 nuncupavit.
2495 3043 2752 3100 Micbaeas
2799 3061 3039 3119 quoque,
3095 3050 3167 3103 Et
3224 3054 3508 3124 requiescet

1942 3137 2317 3208 unusquisque,
2349 3136 2545 3206 inquit,
2569 3136 2664 3191 sub
2687 3137 2788 3190 vite
2808 3155 2928 3207 sua,
2960 3151 3008 3194 et
3036 3143 3388 3214 unusquisque
3413 3143 3511 3199 sub

273 3234 402 3300 τοῦ,
432 3235 529 3289 καὶ
560 3237 669 3289 οὐκ
713 3235 882 3289 ἔσται
928 3239 960 3290 ὁ
1002 3235 1291 3305 ἐκφοϐῶν.
1323 3236 1490 3307 Δῆλον
1519 3235 1648 3306 γὰρ,
1682 3234 1764 3287 ὃτι
1789 3233 1840 3286 οἱ

1947 3228 2051 3298 ﬁcu
2079 3244 2207 3292 sua;
2238 3238 2287 3283 et
2308 3245 2410 3283 non
2442 3228 2542 3282 erit
2562 3230 2651 3298 qui
2674 3238 2935 3286 exterreat
2953 3233 2993 3287 ⁸.
3015 3235 3235 3290 Certum
3261 3237 3402 3291 enim
3428 3246 3512 3292 est

276 3326 383 3378 ὑπὸ
410 3325 505 3397 τὴν
527 3325 619 3380 τοῦ
648 3326 959 3396 Πνεόματος
986 3326 1388 3399 προσφυγόντες
1414 3326 1506 3380 καί
1529 3323 1841 3379 ἀναπαυσά-

279 3432 430 3486 μενοι
485 3418 579 3471 καὶ
608 3416 705 3489 τὴν
750 3417 843 3471 τοῦ
888 3419 1060 3487 Λόγου
1113 3419 1340 3490 σκέπην,
1365 3419 1424 3471 οὐ
1462 3417 1836 3482 δειλιόωουσιν,

275 3509 403 3564 οὐδὲ
431 3513 792 3585 πτυρήσονται
821 3512 912 3567 τὸν
936 3512 1276 3586 ταράσσοντα
1302 3511 1401 3576 τὰς
1430 3511 1676 3582 καρδίας.

1939 3335 2034 3376 eos
2059 3320 2150 3390 qui
2177 3321 2278 3375 sub
2300 3319 2534 3390 Spiritus
2558 3318 2830 3394 Verbique
2858 3326 3236 3380 umbraculum
3271 3328 3512 3399 asylum-

1940 3430 2047 3484 que
2075 3412 2418 3484 confugerint
2454 3429 2520 3468 ac
2551 3416 2880 3485 quieverint,
2911 3418 3061 3473 nullo
3083 3421 3512 3479 consternendos

1943 3517 2163 3573 pavore,
2195 3509 2289 3557 aut
2324 3503 2473 3583 illius
2499 3506 2878 3575 percellendos
2928 3507 3152 3564 horrore
3195 3509 3291 3580 qui
3342 3509 3512 3565 corda

1942 3594 2253 3652 conturbat.

1241 3733 1370 3790 CAP.
1406 3736 1494 3791 γι.
1534 3736 1760 3793 ι’ἰιῐοηὶδ
1792 3734 2071 3791 Ζαείιαι·ίω
2098 3735 2429 3805 mysterium.

357 3856 480 3908 Ὅτι
513 3855 570 3909 δὲ
610 3854 756 3927 καὶὴ
784 3854 935 3910 ἐλαία
963 3855 1058 3927 τὴν
1107 3857 1199 3910 ἐπὶ
1232 3856 1509 3921 Μωῦσέως
1552 3856 1851 3911 αἰνίσσεται

280 3931 622 4018 νομοθεσίαν,
673 3946 703 3997 6
751 3945 1024 4015 Ζαχαρίας
1075 3944 1418 4016 παρίστησιν,
1452 3943 1591 3996 οὕτω
1641 3942 1850 4012 λέγων’

278 4039 392 4094 Καὶ
424 4037 797 4106 ἐπέστρεψεν
829 4039 861 4091 ό
889 4036 1142 4107 ἄγγελος
1174 4040 1206 4091 ὁ
1233 4034 1440 4091 λαλῶν
1475 4036 1543 4089 ἐν
1573 4036 1725 4105 ἐμοὶ,
1753 4035 1851 4089 καὶ

275 4129 541 4200 satrape
579 4146 674 4199 με,
707 4130 780 4183 ὃν
805 4131 1026 4198 τρόπον
1051 4128 1195 4184 ὅταν
1231 4128 1512 4198 ἐξεγερθῇ
1549 4130 1854 4198 ἄνθρωπος

272 4224 349 4287 ἐξ
376 4222 570 4275 ὕπνου
605 4220 809 4287 αὑτοῦ,
845 4222 941 4275 καὶ
978 4218 1107 4275 εἷπε
1146 4222 1296 4291 πρὸς
1334 4223 1447 4290 μέν
1492 4221 1558 4276 Τί
1595 4222 1675 4276 σὺ
1707 4221 1855 4288 βλέ-

275 4324 450 4383 πεις;
479 4316 586 4370 Καὶ
615 4312 752 4369 εἶπα
772 4331 785 4345 ο
816 4312 1093 4382 Ἑώρακα,
1129 4313 1227 4368 καὶ
1255 4313 1382 4367 ἰδοὺ
1412 4315 1634 4384 λυχνία
1656 4308 1854 4383 χρυσῆ

275 4409 418 4477 ὅᾲῑη,
460 4407 559 4462 καὶ
601 4409 667 4463 τὸ
715 4407 1052 4478 λαμπάδιον
1094 4407 1298 4475 ἐπάνω,
1341 4409 1549 4478 αὐτῆς,
1596 4409 1696 4463 καί
1745 4409 1853 4463 δύο

281 4499 502 4561 ἐλαῖαι,
527 4500 637 4569 μία
662 4500 730 4552 ἐκ
759 4497 972 4564 δεξιῶν
997 4498 1104 4553 τοῦ
1138 4499 1480 4568 λαμπαδίου
1513 4500 1722 4569 αὐτῆς,
1753 4501 1854 4554 καὶ

279 4590 395 4662 μία
420 4590 487 4655 ἐξ
518 4590 854 4660 εὐωνύμων.
893 4591 1001 4643 Καὶ
1034 4592 1147 4661 μετ’
1174 4590 1329 4661 ὀλίγα
1346 4608 1359 4621 ’
1386 4593 1494 4645 Καὶ
1520 4592 1663 4656 τίνες
1692 4592 1851 4658 εἰσὶν,

2024 3852 2195 3909 Porro
2224 3862 2278 3909 et
2313 3849 2518 3924 Moysis
2569 3853 2740 3925 legem
2770 3853 2928 3910 olivae
2966 3841 3211 3926 symbolo
3244 3853 3518 3925 designari

1956 3944 2192 4000 ostendit
2225 3941 2544 4009 Zacharias,
2567 3944 2645 4000 sic
2666 3944 2855 4000 dicens
2884 3963 2898 4000 :
2937 3942 3007 3998 Et
3032 3959 3267 3999 reversus
3299 3954 3376 3998 est
3419 3962 3520 3999 an-
3550 3940 3559 3953 ’

1955 4036 2101 4105 gelus
2148 4037 2237 4107 qui
2275 4035 2589 4106 loquebatur
2633 4037 2688 4091 in
2719 4054 2818 4104 me,
2845 4046 2896 4091 et
2927 4038 3199 4093 suscitavit
3236 4053 3337 4106 me,
3367 4040 3519 4109 quasi

1955 4128 2123 4181 virum
2152 4127 2240 4197 qui
2268 4129 2560 4182 suscitatur
2591 4128 2654 4183 de
2685 4144 2883 4182 sommo
2907 4146 3001 4183 suo
3025 4170 3038 4191 ,
3069 4142 3119 4184 et
3140 4129 3273 4183 dixit
3297 4130 3365 4184 ad
3394 4147 3474 4185 me
3497 4149 3515 4186 :

1960 4219 2100 4286 Quid
2132 4231 2187 4274 tu
2215 4220 2401 4285 vides?
2432 4221 2499 4275 Et
2536 4221 2649 4276 dixi
2678 4238 2696 4276 :
2738 4222 2880 4288 Vidi,
2911 4232 2960 4278 et
2984 4237 3099 4277 ecce
3144 4224 3519 4280 candelabrum

1959 4327 2175 4366 aureum
2233 4320 2437 4378 totum,
2485 4324 2535 4368 et
2583 4315 2786 4385 lampas
2838 4331 2993 4384 super
3050 4316 3243 4384 ipsum.
3288 4315 3359 4369 Et
3402 4316 3520 4371 dua

1957 4404 2125 4468 olim,
2156 4421 2264 4460 uno
2304 4423 2336 4461 a
2368 4405 2566 4461 dextris
2613 4406 2881 4478 lampadis
2906 4407 3042 4477 ejus,
3078 4417 3125 4462 et
3161 4424 3269 4461 una
3315 4424 3347 4461 α
3388 4408 3519 4461 siui-

1956 4497 2083 4551 stris
2103 4498 2145 4551 ⁷.
2185 4495 2251 4551 Et
2276 4498 2468 4568 paucis
2498 4499 2818 4569 interiectis,
2849 4500 3188 4569 percontanti
3222 4499 3518 4568 prophetae,

1955 4589 2082 4660 quid
2111 4598 2295 4646 essent
2344 4591 2465 4646 dua:
2493 4593 2648 4646 oliva:
2678 4590 2745 4647 ad
2795 4590 3072 4647 dexteram
3112 4590 3424 4646 candelabri
3468 4598 3520 4646 et

283 4682 566 4754 ἐρομένου,
597 4683 653 4735 at
686 4681 881 4746 ἐλαῖαι,
910 4680 1002 4735 τοῦ
1044 4683 1341 4755 προφήτου,
1372 4684 1428 4735 αἱ
1454 4685 1517 4737 ἐκ
1544 4682 1732 4748 δεξιῶν
1755 4683 1840 4754 τῆς

1957 4681 2023 4737 ad
2075 4683 2356 4739 sinistram
2383 4684 2535 4753 ejus;
2569 4682 2700 4753 quid
2743 4683 2873 4738 item
2912 4682 3022 4737 duo
3052 4682 3191 4737 rami
3229 4682 3520 4745 olivarum,

284 4774 506 4844 λυχνίας
538 4775 631 4829 καὶ
678 4776 735 4828 αί
768 4773 828 4838 ἐξ
858 4773 1171 4846 εὐωνύμων,
1213 4776 1305 4828 καὶ
1336 4777 1384 4829 oi
1418 4774 1509 4828 δύο
1540 4774 1719 4830 κλάδοι
1747 4775 1840 4830 τῶι

1958 4773 2051 4844 qui
2082 4774 2195 4829 sint
2227 4774 2282 4828 in
2312 4774 2569 4829 manibus
2600 4775 2833 4829 duorum
2873 4784 3218 4841 rostrorum;
3244 4774 3518 4845 respondit

285 4866 505 4930 ἐλαιῶν,
540 4869 588 4920 οἱ
619 4868 674 4919 ὲν
715 4869 835 4931 ταῖς
874 4867 1031 4939 χερσὶ
1059 4867 1165 4920 τῶν
1215 4866 1308 4920 δύο
1343 4867 1675 4940 μυξωτήρων
1699 4885 1712 4899 ο
1753 4869 1859 4921 ἀπ-

285 4959 480 5032 εκρίθη
508 4959 600 5013 καὶ
638 4956 785 5013 εἶπεν
811 4962 839 5014 ὁ
865 4959 1126 5028 ἄγγελος”
1147 4954 1320 5017 Οὗτοι
1349 4964 1403 5014 οἱ
1439 4960 1546 5015 δύο
1576 4961 1694 5016 υἱοὶ
1729 4963 1858 5015 πιό-

287 5068 485 5118 τητος,
514 5051 571 5104 οἳ
599 5051 1011 5119 παρεστήκασι
1034 5050 1110 5117 τῷ
1135 5053 1328 5119 Κυρίῳ
1348 5051 1550 5120 πάσης
1582 5051 1691 5120 τῆς
1712 5052 1825 5121 γῆς
1841 5069 1859 5083 '

286 5143 388 5207 τὰς
416 5143 525 5217 ’δύο
568 5141 739 5212 λέγων
783 5144 1109 5217 ἀρχεγόνους
1129 5144 1384 5216 δυνάμεις
1411 5144 1518 5216 (55)
1563 5142 1722 5211 εἶναι,
1761 5145 1861 5210 τὰς

1958 4872 2014 4920 et
2056 4865 2195 4920 dixit
2243 4867 2515 4936 angelus:
2550 4865 2651 4921 Isti
2695 4875 2818 4919 sunt
2862 4865 2967 4921 duo
3016 4866 3119 4937 ﬁlii
3164 4866 3520 4939 pinguediuis,

1958 4958 2046 5029 qui
2080 4959 2337 5013 assistunt
2365 4959 2592 5014 Domino
2624 4959 2880 5015 universae
2902 4970 3055 5017 terra
3075 4961 3097 4992 ⁸
3126 4981 3138 5016 :
3172 4962 3310 5017 duas
3333 4977 3521 5032 nempe

1961 5055 2317 5127 primigenias
2359 5057 2591 5112 virtutes
2633 5055 2969 5129 signiﬁcans,
3017 5058 3339 5115 assi‘stentes
3377 5055 3522 5126 Deo,

1959 5164 2083 5220 quae
2113 5150 2167 5204 in
2199 5149 2362 5204 domo
2394 5149 2541 5204 circa
2583 5149 2884 5206 funiculum
2916 5167 3016 5223 per
3058 5167 3242 5208 ramos
3280 5151 3521 5223 spiritale

357 5297 537 5374 ξλοεί.
565 5314 627 5365 ιι,
654 5298 868 5374 21-ξῦζ
927 5294 1167 5374 (Matth.
1194 5299 1449 5374 ξιιμ-ις).-
1479 5299 1517 5374 λ³
1545 5290 1714 5374 Joan.
1743 5318 1834 5369 xv,

2002 5302 2026 5335 δ
2061 5301 2145 5359 ιν
2167 5303 2293 5374 Reg.
2325 5320 2419 5370 xx,
2454 5305 2520 5373 7;
2567 5303 2678 5362 Isa.
2711 5322 2942 5371 xxxvnr,
2977 5308 3069 5364 21.
3148 5309 3171 5342 '
3196 5307 3319 5364 Gal.
3342 5322 3397 5370 ν,
3428 5304 3518 5358 22.

289 5370 313 5401 ⁸
351 5366 512 5423 Hiclt.
540 5386 612 5434 Iv,
643 5370 699 5424 4.
771 5372 790 5402 ⁷
824 5368 993 5424 Zaclt.
1026 5387 1099 5434 ιν,
1138 5371 1252 5426 1-5.
1319 5372 1341 5404 ⁸
1367 5370 1507 5426 Ibid.
1539 5372 1635 5426 H.-

367 5524 480 5595 (55)
519 5524 630 5590 Τὰς
683 5523 792 5579 δύο
832 5523 1197 5595 ἀρχεγόνους
1240 5517 1543 5595 δυνάμεις.
1599 5517 1864 5583 Eamdem'

288 5593 431 5651 hanc
464 5593 854 5666 expositionem
894 5601 1114 5666 secutus
1144 5593 1430 5666 Dionysius
1452 5612 1572 5666 cap.
1605 5597 1640 5650 2
1669 5597 1743 5651 De
1772 5598 1857 5652 dio

288 5669 394 5722 vin.
435 5682 599 5727 nom.,
635 5664 662 5737 §
695 5666 744 5737 7.
773 5665 845 5718 ita
867 5665 1102 5735 explicat
1124 5664 1306 5737 divina
1336 5664 1575 5728 nomina,
1607 5677 1665 5721 ut
1693 5667 1855 5725 Pater

290 5740 381 5797 sit,
406 5737 612 5806 πηγαῖα
648 5736 858 5807 θεότης,
883 5737 1034 5807 origo
1068 5737 1121 5787 in
1154 5736 1375 5795 divinis.
1406 5752 1462 5791 Ill
1498 5738 1676 5792 reddit
1719 5739 1853 5793 (Ior-

292 5810 477 5864 derius
505 5809 661 5877 quasi
696 5805 917 5878 fontalis
953 5807 1225 5869 divinitas.
1257 5817 1316 5860 ut
1360 5806 1500 5864 idem
1545 5809 1600 5863 iu
1630 5808 1848 5873 Maximi

605 5901 879 5961 Ριιτιιοι..
911 5899 1030 5961 Gn.
1053 5894 1298 5966 XVIII.

1964 5529 2176 5603 scholio
2207 5528 2521 5603 :‘Eiliusqet
2572 5530 2809 5603 Spiritus
2860 5531 3246 5603 εοιιᾲοιιιεητῆς
3281 5530 3522 5603 θεογόνοι·

1963 5598 2215 5686 θεότηιξος
2252 5600 2469 5686 placeo).
2491 5598 2762 5686 θεόφυτοι,
2792 5604 2885 5683 καί
2917 5599 3027 5655 οἷον
3059 5598 3323 5686 ἄνθςηῖκα)ἔ
3353 5598 3528 5671 φῶτα,

1959 5670 2198 5744 fecunda:
2241 5670 2454 5726 deitatis
2502 5670 2679 5727 divina
2720 5674 2953 5744 germina
2996 5687 3062 5744 ac_
3092 5670 3231 5726 velut

1960 5740 2163 5795 lumina
2216 5744 2696 5812 superessentialia.
2722 5740 2842 5796 'Ubi
2888 5756 2996 5812 non
3024 5740 3187 5812 bene
3231 5740 3531 5799 corderiiis

1955 5813 2018 5865 τὸ
2062 5812 2160 5884 τῆς
2187 5809 2435 5883 θεογόνου
2467 5813 2737 5883 θεότητος,
2770 5811 2923 5879 quasi
2943 5809 3277 5878 Deiprolcm.
3300 5817 3376 5867 Ac
3400 5828 3530 5865 num

3180 5905 3221 5965 ’Ζ

3280 5673 3437 5742 ﬂores
3481 5690 3529 5726 ct
3598 5718 3603 5725 .
