3962 6278
239 356 347 415 205

1308 346 1688 423 cosvrvw‘u
1728 359 1950 419 DECEM
1989 342 2348 420 “nomen.

3366 366 3472 422 206

241 473 410 528 θωσιν
465 474 772 550 ὑπόμνημα
818 480 913 535 καὶ
967 481 1138 552 νῆψιν.
1182 483 1508 554 Προτάττειν
1555 482 1664 555 γὰρ
1709 482 1808 536 τῶν

1915 487 2102 544 tatem,
2130 480 2222 535 sed
2266 478 2334 532 ad
2362 491 2574 532 morum
2608 477 2999 534 correctionem
3028 493 3092 533 ac
3122 479 3471 538 sobrietatem

239 567 266 618 ὲ
275 566 392 638 μῶν
427 569 874 642 ἐπιτηδευμάτων
904 573 1119 641 ἁγνείαν
1141 575 1169 626 ὁ
1191 573 1359 642 λέγων
1383 573 1493 628 δεῖν
1516 574 1611 627 καὶ
1641 575 1818 627 ἀσπά-

241 657 435 723 ζεσθαι
466 661 692 733 πρώτην
714 663 819 717 τῶν
851 663 1041 728 ἄλλων,
1065 664 1240 736 ὀρθῶς
1266 665 1690 738 παρακελεύεται
1710 683 1722 696 ·
1750 668 1817 736 ἣν

238 751 412 821 τιμᾷν
455 751 556 829 μὲν
589 751 861 822 νομίζουσι
896 754 988 806 καὶ
1016 752 1337 823 θεραπεύειν
1378 755 1583 819 πολλοὶ,
1615 756 1816 826 τιμῶσι

241 839 289 892 δ’
320 841 514 912 αὐτὴν,
541 844 614 907 ὡς
642 843 770 901 ἔπος
802 846 991 908 εἰπεῖν,
1031 844 1217 914 ὀλίγοι.
1253 848 1327 900 Οὐ
1355 847 1463 919 γὰρ
1491 850 1690 901 ὁπόταν
1717 848 1814 919 τὴν

245 930 445 986 ἑαυτοῦ
481 935 658 1005 σάρκα
683 936 782 1005 τῆς
815 938 955 990 κατὰ
1001 939 1280 992 συνουσίαν
1327 940 1583 1006 ἄγευστον
1626 942 1816 1011 ἡδονῆς

247 1023 599 1097 φιλοτιμῆται
631 1030 818 1098 τηρεῖν
857 1021 1157 1101 ἄνθρωπος,
1204 1030 1314 1084 τῶν
1351 1032 1525 1086 ἄλλων
1573 1034 1645 1104 μὴ
1678 1051 1813 1103 κρα-

244 1114 378 1180 τῶν,
413 1117 631 1185 ἁγνείαν
663 1120 812 1189 τιμᾷ.
832 1120 1106 1191 Ἀτιμάζει
1142 1122 1239 1191 μὲν
1285 1118 1375 1176 οὖν
1410 1123 1575 1195 αὐτὴν
1618 1125 1813 1195 μᾶλλον

246 1209 349 1278 οὑχ
374 1210 573 1278 ἥκιστα
601 1211 883 1280 βαναύσοις
911 1214 1243 1285 ἐπιθυμίαις,
1276 1216 1464 1286 ἡδονὰς
1495 1218 1814 1271 ἀντικαταλ-

248 1296 578 1370 λασσόμενος
614 1302 840 1372 ἡδοναῖς.
868 1305 1000 1358 Οὑδέ
1041 1323 1105 1373 γε
1127 1306 1253 1359 ὅταν
1283 1307 1417 1376 πρὸς
1453 1309 1550 1371 τὰς
1579 1309 1682 1376 ἕξω
1716 1312 1812 1380 μὲν

250 1390 547 1461 ἐπιθυμίας
581 1393 803 1465 διαπονῇ
837 1397 1116 1467 καρτερῶν
1145 1437 1160 1460 ,
1204 1399 1567 1470 ὑπεραίρηται
1608 1400 1664 1453 δὲ
1714 1420 1812 1468 φυ-

253 1483 554 1554 σιούμενος,
578 1481 723 1554 αὑτῷ
748 1485 810 1555 δὴ
840 1486 1013 1557 τούτῳ
1037 1487 1113 1558 τῷ
1139 1489 1393 1545 δύνασθαι
1423 1492 1530 1546 τῶν
1554 1493 1653 1563 τῆς
1684 1511 1812 1564 σαρ-

252 1580 349 1638 κὸς
399 1576 831 1646 ὑπεκκαυμάτων
876 1583 1113 1650 κρατεῖν,
1149 1583 1241 1634 καὶ
1290 1584 1495 1648 πάντας
1542 1585 1615 1649 ὡς
1663 1586 1810 1641 οὐδὲν

252 1667 566 1734 ὲξουδενῶν,
620 1672 829 1740 ἡγεῖται
884 1672 1102 1738 ἁγνείαν
1148 1676 1311 1745 τιμᾷν
1333 1692 1346 1705 ο
1406 1677 1658 1747 ἀτιμάζει
1704 1679 1811 1749 γὰρ

251 1758 418 1829 αὐτὴν
462 1759 695 1831 ὑϐρίζων
742 1762 770 1813 ὁ
813 1760 1246 1836 ὑψηλοφροσύνῃ,
1274 1764 1348 1834 τῷ
1385 1766 1445 1818 τὸ
1476 1766 1572 1836 μὲν
1616 1766 1810 1832 ἔξωθεν

1918 571 2254 625 luculentum
2288 577 2696 625 monumentum
2734 584 2961 639 ponens.
3007 569 3110 635 Qui
3139 572 3283 628 enim
3312 587 3473 629 caete-

1915 664 1993 719 ris
2020 664 2156 718 meis
2192 662 2384 717 studiis
2412 677 2474 717 ac
2506 662 2693 717 oliiciis
2722 661 3138 732 praeponendam
3166 665 3473 722 castitatem

1915 753 2073 808 docet
2096 762 2148 807 et
2176 768 2284 822 pra:
2313 752 2436 807 aliis
2465 753 2693 821 primam
2725 754 3176 823 amplectendam,
3207 764 3352 811 recte
3377 757 3474 810 ad-

1916 850 2100 896 monet
2127 861 2139 894 :
2169 857 2333 911 quam
2374 857 2433 897 se
2458 842 2637 897 colere
2673 851 2727 895 et
2758 845 3050 899 observare
3073 844 3228 897 multi
3255 846 3473 913 quidem
3521 890 3527 899 .

1914 932 2246 997 existimant,
2284 938 2339 983 at
2372 938 2519 986 certe
2560 932 2744 985 colunt
2785 932 2963 1001 pauci,
2994 938 3052 986 ut
3078 933 3244 987 verbo
3272 933 3471 988 dicam.

1913 1022 2033 1077 Non
2064 1023 2207 1077 enim
2256 1023 2570 1093 quicunque
2604 1038 2758 1080 suam
2786 1038 3004 1078 carnem
3039 1039 3071 1077 a
3098 1025 3313 1081 venerei
3344 1042 3476 1081 con-

1913 1131 2132 1185 gressus
2161 1116 2437 1186 voluptate
2461 1117 2742 1171 continere
2781 1117 3070 1180 studuerit,
3101 1116 3208 1171 nisi
3239 1118 3474 1188 reliquos

1914 1207 2138 1262 aﬂ‘ectus
2178 1216 2447 1273 coerceat,
2483 1208 2744 1263 continuo
2790 1209 3098 1263 castitatem
3146 1209 3295 1263 colit.
3332 1208 3472 1275 Quin

1913 1303 2095 1372 potius
2138 1301 2433 1369 ignominia
2479 1299 2751 1365 traducit,
2793 1316 2917 1354 cum
2962 1300 3081 1369 ejus
3131 1301 3474 1371 professione

1911 1398 2189 1461 suscepta,
2221 1391 2458 1446 sordidis
2493 1391 2847 1446 nihilominus
2891 1390 3132 1461 indulget
3165 1393 3477 1463 cupiditati.

1909 1483 2034 1548 bus,
2085 1484 2390 1552 voluptates
2428 1498 2492 1537 ac
2538 1482 2792 1538 libidines
2820 1482 3187 1552 voluptatibus
3231 1500 3477 1539 commu-

1910 1561 2032 1630 tans
2080 1589 2141 1628 ac
2186 1574 2523 1630 libidinibus.
2560 1572 2743 1644 Neque
2767 1574 2813 1629 si
2835 1574 3225 1644 cupiditatibus
3256 1577 3475 1646 quidem

1911 1680 2168 1721 sensuum
2202 1665 2413 1720 fortiter
2455 1666 2746 1731 obstiterit,
2783 1666 2933 1719 inani
2973 1673 3154 1720 autem
3192 1667 3361 1737 gloria
3394 1667 3476 1721 fa-

1912 1767 2108 1829 stuque
2123 1757 2397 1822 efferatur,
2418 1758 2519 1812 hoc
2535 1758 2652 1827 ipso
2669 1757 2812 1828 quod
2829 1757 2970 1827 potis
2987 1757 3479 1835 sitexardescentis

246 1847 342 1902 τοῦ
362 1849 586 1912 πίνακος
614 1851 892 1923 καθαίρειν
921 1852 1126 1922 καὶτῆς
1152 1855 1458 1925 παροψίδος,
1491 1857 1590 1926 τὴν
1619 1857 1808 1926 σάρκα,

1914 1850 1971 1903 in
1994 1865 2054 1904 se
2079 1848 2320 1904 libidinis
2346 1857 2511 1903 :estus
2536 1848 2893 1917 comprimere
2921 1887 2937 1911 ,
2966 1855 3304 1919 cunctosque
3337 1834 3477 1907 nihil

244 1937 307 1991 τὸ
338 1938 531 2009 σῶμα’
564 1942 662 2012 τὴν
692 1942 747 1994 δὲ
777 1941 1002 2012 καρδίαν
1051 1942 1204 2013 τύφῳ
1247 1943 1487 1996 σίνεσθαι
1527 1945 1621 1996 καὶ
1669 1944 1815 2012 φιλο-

244 2030 468 2101 κρατίᾳ.
505 2032 638 2086 Οὐδὲ
666 2050 730 2102 γε
759 2035 920 2088 ὁπότε
949 2032 1297 2104 ὲναϐρύνεταί
1335 2051 1417 2098 τις
1440 2037 1701 2106 χρήμασι,
1735 2053 1816 2089 τι-

247 2123 357 2192 μᾷν
391 2124 561 2195 αὐτὴν
594 2122 911 2189 σπουδάζει·
945 2124 1197 2197 ἀτιμάζει
1228 2128 1324 2197 μὲν
1351 2122 1440 2179 οὖν
1461 2127 1656 2189 παντὸς
1682 2127 1815 2197 μᾶλ-

243 2211 334 2265 λον
360 2213 418 2266 δὲ
450 2210 622 2280 οὗτος.
658 2218 962 2289 προκρίνων
997 2219 1163 2288 αὐτῆς
1188 2218 1363 2286 ὀλίγον
1394 2219 1600 2291 κέρδος,
1627 2216 1695 2291 ἧς
1724 2220 1815 2271 οὑ-

233 2301 324 2355 δὲν
354 2305 614 2371 ἀντάξιον
651 2325 755 2360 των
778 2311 843 2361 γὲν
875 2308 950 2378 τῷ
979 2308 1078 2379 βίῳ
1118 2308 1332 2379 τιμίων.
1370 2310 1483 2374 Πᾶς
1516 2310 1623 2382 γὰρ
1652 2311 1814 2364 πλοῦ⁴

227 2411 317 2457 τος
350 2396 625 2452 ἐνώπιον
651 2400 860 2469 αὐτῆς,
879 2403 971 2456 καὶ
992 2401 1224 2471 χρυσὸς
1249 2402 1329 2467 ὡς
1354 2401 1592 2471 ψάμμος
1619 2405 1807 2472 ὀλίγη.

234 2488 371 2541 οὑδὲ
402 2506 486 2557 γε
513 2494 541 2543 ὁ
569 2493 752 2545 ἑαυτὸν
776 2494 1065 2565 ὑπερφυῶς
1090 2497 1390 2566 ἡγούμενος
1423 2496 1610 2565 φιλεῖν,
1638 2498 1729 2550 καὶ
1751 2498 1812 2549 τὸ

239 2581 416 2653 ἐαυτῷ
459 2584 608 2655 μόνῳ
633 2586 909 2656 συμφέρον
947 2586 1256 2651 σπουδάζων
1286 2592 1524 2647 σκοπεῖν,
1560 2589 1811 2660 ἄφροντις

241 2674 298 2728 δὲ
330 2674 440 2728 τῶν
478 2675 723 2745 πλησίον,
749 2678 969 2745 ἁγνείαν
1003 2680 1167 2749 τιμᾷ’
1200 2680 1453 2750 ἀτιμάζει
1477 2681 1573 2751 μὲν
1598 2677 1689 2733 ὢν
1715 2682 1812 2733 αὐ*

240 2768 339 2839 τὴν
381 2768 482 2821 καὶ
527 2763 711 2831 οὗτος·
760 2770 891 2821 πολὺ
942 2772 1049 2841 γὰρ
1088 2770 1327 2824 λείπεται
1370 2772 1477 2824 τῶν
1506 2773 1622 2825 κατ’
1656 2771 1809 2838 ἀξίαν

241 2859 575 2930 ὁμιλούντων
609 2861 765 2932 αὐτῇ,
787 2861 865 2933 τῷ
909 2862 1004 2934 τὴν
1042 2864 1262 2933 ἀγάπην
1286 2865 1453 2935 αὐτῆς
1486 2868 1578 2919 καὶ
1608 2867 1668 2919 τὸ
1693 2865 1810 2934 φιλ-

246 2949 528 3021 άνθρωπον
575 2951 938 3023 λωϐήσασθαι.
987 2952 1059 3005 Ού
1107 2952 1215 3025 γὰρ
1258 2955 1382 3024 τῇδε
1432 2956 1528 3025 μὲν
1559 2955 1809 3025 ἁγνεύον-

244 3057 345 3104 τας
376 3041 723 3114 παρθενεύειν
759 3043 856 3107 δεῖ,
888 3044 1010 3116 τῇδε
1041 3045 1096 3097 δὲ
1143 3045 1625 3118 κακοπραγοῦντας
1653 3049 1809 3120 χραί-

245 3130 431 3185 νεσθαι
463 3134 553 3186 καὶ
580 3133 984 3188 ἀκολασταίνειν
1002 3150 1015 3164 ⁸
1048 3134 1167 3187 οὑδὲ
1192 3134 1319 3206 τῇδε
1355 3135 1451 3206 μὲν
1478 3136 1806 3205 ἐπαγγέλλε-

248 3223 371 3276 σθαι
425 3224 742 3295 καθαρεύειν
774 3224 866 3278 καὶ
900 3228 1214 3295 σωφρονεῖν,
1250 3227 1375 3297 τῇδε
1403 3227 1458 3279 δὲ
1491 3227 1811 3292 μολύνεσθαι

243 3316 339 3369 καὶ
382 3316 744 3388 ἁμαρτάνεινο
786 3314 894 3367 οὐδ’
926 3311 990 3369 αὖ
1034 3318 1098 3387 τῇ
1151 3315 1248 3385 μὲν
1292 3315 1570 3386 ὁμολογεῖν
1602 3315 1675 3389 μὴ
1714 3334 1810 3369 πε-

242 3409 587 3478 φροντικέναι
620 3407 726 3460 τῶν
752 3407 1047 3478 κοσμικῶν,
1079 3410 1145 3477 τῇ
1172 3408 1229 3461 δὲ
1256 3397 1480 3462 κτᾶσθαι
1511 3410 1600 3462 καὶ
1630 3411 1688 3464 ὲν
1714 3411 1809 3462 αύ-

240 3501 353 3561 τοῖς
378 3497 719 3563 ἐξετάζεσθαι
746 3497 855 3566 (55)
881 3513 893 3525 ·
931 3495 1064 3549 ἀλλὰ
1113 3498 1286 3551 πάντα
1313 3496 1381 3550 τὰ
1430 3496 1563 3567 μέλη
1605 3496 1806 3569 φθορᾶς

240 3584 578 3655 ἀκοινώνητα
623 3585 714 3637 καὶ
739 3585 911 3655 ἀμιγῆ
942 3587 1147 3655 τηρεῖν,
1184 3586 1243 3638 οὑ
1277 3585 1435 3656 μόνον
1464 3586 1532 3639 τὰ
1559 3585 1805 3657 κνησμῶ-

239 3674 305 3746 δη
337 3676 432 3728 καί
463 3673 896 3738 συνουσιαστικά,
928 3674 1038 3726 ἀλλ’
1070 3675 1168 3746 ἤδη
1198 3676 1291 3729 καὶ
1322 3676 1388 3730 τά
1414 3676 1617 3731 τούτων
1651 3679 1804 3749 ὲνερ-

241 3767 477 3839 τέστερα
502 3767 630 3839 (56).
679 3766 856 3837 Χλεύη
887 3766 995 3839 γὰρ
1026 3766 1095 3820 τὰ
1130 3768 1227 3838 μὲν
1250 3768 1350 3838 τῆς
1381 3768 1807 3840 παιδοποιήσεως

238 3862 449 3931 ὅργανά
489 3862 674 3931 τηρεῖν
717 3860 978 3932 παρθένα,
1004 3860 1183 3932 τὴνδὲ
1205 3860 1446 3930 γλῶτταν
1479 3862 1552 3933 μὴ
1582 3865 1766 3933 τηρεῖν
1789 3880 1803 3892 ·

238 3952 272 4022 ἢ
306 3953 407 4024 τὴν
441 3951 688 4021 γλῶσσαν
717 3952 812 4022 μὲν
845 3955 1028 4022 τηρεῖν
1061 3951 1345 4022 παρθένον,
1388 3952 1482 4024 τὴν
1511 3953 1568 4006 δὲ
1597 3955 1805 4024 ὅρασιν,

236 4046 270 4117 ἢ
292 4045 391 4117 τὴν
409 4045 596 4116 ἀκοὴν,
617 4044 649 4116 ἢ
669 4045 764 4108 τὰς
779 4047 965 4116 χεῖρας
988 4043 1060 4116 μὴ
1079 4046 1282 4115 τηρεῖν·
1303 4046 1348 4097 εἰ
1367 4043 1431 4116 [Ῑ.
1445 4045 1501 4117 ἦ]
1518 4045 1689 4100 ταῦτα
1711 4049 1808 4116 μὲν

237 4135 382 4206 ἔχειν
412 4138 506 4190 καὶ
531 4139 717 4207 τηρεῖν
745 4136 1008 4208 παρθένα,
1036 4135 1135 4207 τὴν
1170 4134 1393 4207 καρδίαν
1421 4136 1477 4189 δὲ
1503 4137 1578 4208 μὴ
1601 4140 1804 4210 τηρεῖν,

235 4229 349 4282 ἀλλ’
378 4227 745 4301 ὲταιρίζεσθαι
774 4227 927 4297 τύφῳ
955 4227 1045 4280 καὶ
1074 4225 1249 4297 θυμῷ.

1915 1938 2098 2001 faciat,
2128 1948 2274 1992 recte
2303 1944 2590 1993 censeatur
2618 1937 2925 1992 castitatem
2957 1939 3173 1995 colere:
3201 1955 3366 2010 quam
3388 1934 3476 1997 su-

1916 2029 2115 2098 perbiae
2133 2028 2381 2098 eontagie
2401 2027 2667 2083 dedecore
2686 2027 2870 2083 verius
2891 2028 3081 2095 allicit;
3113 2045 3307 2100 nempe
3329 2033 3474 2102 quod

1914 2120 2155 2175 exterius
2185 2130 2269 2176 est
2301 2119 2479 2175 lancis
2501 2129 2555 2175 et
2587 2119 2892 2189 paropsidis
2917 2121 3217 2176 emundans
3255 2122 3319 2187 ιθ,
3354 2137 3476 2177 car-

1913 2227 2036 2266 nem
2060 2209 2309 2266 videlicet
2331 2226 2396 2265 ac
2421 2225 2649 2279 corpus;
2686 2210 2929 2265 animum
2957 2226 3088 2266 vero
3112 2213 3340 2268 tumoris
3362 2228 3478 2267 am-

1911 2305 2245 2375 bitionisque
2288 2304 2543 2359 sordibus
2586 2304 2896 2374 inquinans.
2943 2306 3012 2358 At
3053 2320 3230 2375 neque
3258 2305 3304 2361 si
3353 2306 3477 2376 quis

1911 2398 2265 2470 pecuniarum
2296 2398 2596 2468 cupiditate
2623 2404 2836 2466 captus,
2870 2412 3059 2452 earum
3093 2398 3251 2468 copia
3275 2399 3477 2470 gloria--

1913 2502 2020 2559 tur,
2052 2494 2098 2547 is
2126 2506 2245 2546 eam
2279 2493 2457 2546 colere
2487 2491 2772 2560 magniﬁce
2803 2492 3014 2557 studet;
3047 2491 3144 2546 sed
3169 2506 3270 2560 pro
3298 2493 3475 2547 omni-

1909 2583 2012 2638 bus
2061 2583 2359 2652 dcspicatui
2393 2582 2576 2644 habet,
2621 2582 2831 2635 lucrum
2871 2582 3123 2651 exiguum
3159 2583 3236 2636 illi
3281 2583 3475 2653 praefe-

1910 2691 2056 2739 rens,
2092 2676 2180 2730 cui
2216 2687 2395 2730 tamen
2438 2675 2575 2729 nihil
2604 2674 2969 2743 comparabile
2997 2681 3101 2733 est,
3139 2689 3326 2729 eorum
3354 2691 3476 2746 qua:

1911 2769 1966 2823 in
2006 2768 2117 2822 vita
2157 2772 2211 2821 in
2245 2768 2416 2838 pretio
2445 2767 2734 2821 habentur.
2770 2763 2973 2821 Omnes
3007 2766 3152 2820 enim
3181 2766 3384 2821 divitiae
3420 2777 3477 2823 et

1910 2876 2098 2914 aurum
2125 2860 2179 2912 in
2200 2868 2473 2927 conspectu
2493 2858 2638 2913 illius
2660 2874 2825 2925 arena
2865 2867 2942 2913 est
2967 2859 3159 2929 exigua
3183 2861 3250 2914 ".
3279 2858 3347 2912 At
3378 2874 3476 2913 ne—

1907 2963 2012 3020 que
2037 2949 2130 3019 qui
2169 2965 2228 3004 se
2257 2949 2433 3018 ipsum
2465 2963 2631 3018 supra
2654 2949 2874 3003 modum
2909 2964 3090 3005 amare
3116 2938 3476 3021 deprehendi-

1907 3053 2016 3106 tur,
2037 3040 2253 3112 etquod
2280 3041 2382 3096 sibi
2405 3041 2504 3096 soli
2532 3041 2754 3111 prodest
2778 3042 2936 3097 unice
2961 3042 3201 3097 intuetur
3221 3050 3276 3099 et
3294 3050 3472 3107 curat,

1906 3136 2295 3191 necessitatum
2340 3134 2573 3205 proximi
2622 3149 2885 3198 securus,
2937 3136 3244 3191 castitatem
3293 3136 3473 3194 colit:

1836 3209 1879 3265 C
1913 3222 2045 3293 quin
2088 3223 2207 3293 ispe
2257 3234 2474 3293 quoque
2522 3222 2747 3291 spernit.
2805 3221 3033 3277 Multum
3079 3225 3224 3279 enim
3270 3226 3338 3282 ab
3366 3226 3478 3282 illis

1915 3317 2070 3372 abest
2091 3317 2186 3386 qui
2208 3331 2307 3386 pro
2336 3314 2619 3386 dignitate,
2637 3315 2783 3370 illius
2805 3313 3473 3381 utunturnecessitudine,

1911 3408 2006 3480 qui
2035 3409 2156 3478 ejus
2185 3408 2504 3463 cbaritatem
2532 3415 2585 3462 et
2614 3406 3044 3462 misericordiam
3077 3396 3131 3461 et
3165 3408 3476 3464 humanita-

1912 3508 2018 3555 tem
2064 3513 2095 3551 a
2140 3513 2200 3553 se
2245 3500 2522 3569 repulerit.
2555 3497 2739 3568 Neque
2767 3499 2911 3553 enim
2951 3509 3158 3553 rectum
3190 3508 3295 3565 est,
3345 3499 3475 3553 hinc

1910 3591 2130 3662 quidem
2183 3592 2455 3647 castitatis
2504 3607 2607 3646 usu
2658 3591 3022 3661 virginitatem
3065 3592 3273 3659 colere;
3325 3590 3475 3645 illine

1907 3700 2037 3739 vero
2077 3685 2260 3755 pravis
2297 3682 2632 3738 facinoribus
2665 3698 2727 3736 ac
2754 3682 2975 3736 libidine
3003 3684 3241 3735 animum
3270 3681 3477 3750 pollue-

1907 3790 2003 3830 re:
2033 3790 2209 3845 neque
2238 3775 2365 3830 hinc
2396 3774 2613 3844 quidem
2644 3773 2886 3845 proﬁteri
2909 3774 3198 3843 puritatem
3225 3780 3277 3828 et
3300 3774 3477 3827 conti-

1908 3869 2171 3932 nentiam,
2204 3868 2357 3922 illinc
2389 3873 2569 3922 autem
2619 3866 2892 3937 inquinari
2931 3874 3095 3934 atque
3123 3865 3266 3920 vitiis
3295 3866 3476 3919 indul-

1909 3973 2054 4029 gere.
2102 3957 2287 4028 Neque
2318 3973 2532 4026 rursus,
2565 3958 2690 4012 hinc
2728 3957 2944 4028 quidem
2991 3955 3148 4009 fateri
3190 3956 3338 4012 haud
3367 3957 3473 4012 sibi

1911 4066 2056 4106 curae
2082 4066 2204 4106 esse
2233 4066 2323 4106 res
2354 4052 2563 4113 mundi,
2596 4052 2745 4106 illinc
2768 4060 2946 4105 autem
2974 4049 3231 4121 parandis
3262 4049 3474 4105 inhiare

1912 4158 1978 4197 ac
2010 4143 2068 4197 in
2110 4144 2220 4198 illis
2265 4145 2492 4200 versari.
2530 4143 2671 4210 Quin
2704 4142 2945 4198 membra
2975 4143 3158 4197 omnia
3204 4142 3273 4196 ab
3321 4143 3474 4198 omni

1914 4234 2117 4289 intacta
2136 4237 2485 4306 corruptione
2508 4235 2773 4291 servanda
2793 4250 2857 4290 ac
2881 4235 3242 4300 incommista,
3275 4249 3383 4288 non
3407 4250 3473 4289 ea

235 4318 507 4374 duntaxat
559 4336 679 4390 qua:
713 4320 980 4390 pruritutn
1013 4317 1083 4374 ad
1136 4319 1412 4374 libidinem
1455 4320 1675 4385 habent,
1718 4339 1941 4395 remque
1985 4327 2287 4384 maritalem
2314 4338 2601 4397 exercent;
2651 4329 2748 4384 sed
2800 4343 2867 4383 ea
2917 4342 3132 4397 quoque
3156 4342 3276 4396 quae
3319 4326 3474 4381 hisce

235 4419 374 4465 sunt
412 4411 478 4465 ad
512 4423 649 4481 opus
682 4411 991 4466 obeundum
1036 4411 1387 4480 promptiora.
1445 4411 1609 4468 Plane
1641 4415 1909 4486 siquidem
1967 4419 2260 4475 ridiculum
2305 4420 2490 4486 fuerit,
2545 4421 2939 4491 procreationis
2987 4419 3219 4481 filiorum
3275 4420 3472 4473 instru-

235 4511 425 4557 menta
454 4502 662 4573 integra
683 4517 900 4557 servare
929 4516 994 4555 ac
1025 4502 1362 4568 intaminata,
1395 4520 1501 4559 non
1529 4506 1656 4560 item
1700 4508 1979 4579 linguam;
2013 4519 2106 4566 aut
2157 4528 2374 4569 servare
2419 4513 2641 4584 quidem
2697 4515 2958 4585 linguam,
3021 4514 3238 4570 oculum
3290 4521 3471 4567 autem

237 4607 333 4652 aut
378 4613 538 4653 aures
569 4608 662 4651 aut
689 4614 881 4652 manus
914 4611 1299 4669 nequaquam:
1335 4609 1427 4654 aut
1455 4601 1690 4673 denique
1734 4604 1827 4659 illa
1873 4623 2090 4680 quoque
2144 4610 2344 4667 habere
2374 4625 2439 4666 ac
2486 4626 2703 4667 servare
2746 4611 2991 4684 integra,
3030 4628 3137 4665 non
3180 4626 3310 4666 vero
3353 4612 3471 4664 ani-

237 4707 412 4757 mum,
444 4692 538 4746 sed
568 4692 718 4746 illum
748 4693 1005 4764 superbia
1048 4694 1238 4765 iraque
1266 4699 1633 4768 constuprari.

297 4848 341 4878 ⁸ο
366 4845 560 4901 Matth.
591 4864 745 4912 mn,
776 4848 866 4904 25.
958 4850 999 4881 ¹¹
1044 4849 1171 4919 Sup.
1206 4867 1301 4914 vn,
1331 4853 1388 4907 Ως

311 4969 423 5051 (ἓξό)
463 4969 572 5053 {fui
694 4970 888 5053 αὺζρῖς
925 4970 1313 5053 ἐξετάζεσθαιἶ
1325 4973 1369 5053 11
1381 4989 1412 5024 n
1445 4973 1806 5053 flueret-auri;

1909 4977 2120 5053 honeste
2140 4979 2515 5053 ostentantia)"
2571 4978 2916 5031 membrorum
2939 5021 2952 5044 ,
2982 5051 2987 5053 _
3014 4986 3117 5035 etc.
3136 5021 3151 5045 ,
3205 4982 3378 5053 quiet
3403 4984 3471 5038 τά

212 5054 303 5113 ac
324 5039 372 5094 Si
403 5039 532 5113 quid
564 5040 829 5113 ejusmodi
853 5056 918 5095 eo
939 5058 1113 5113 sensu
1148 5058 1248 5097 vox
1283 5043 1370 5095 illa
1401 5052 1577 5109 potest
1608 5045 1794 5098 reddi:

234 5110 303 5180 de
331 5125 439 5178 qua
474 5110 628 5178 plura
659 5109 906 5165 Budams.
937 5110 1144 5166 Passim
1171 5115 1225 5168 in.
1245 5113 1491 5167 conciliis
1513 5155 1526 5175 ,
1552 5116 1598 5166 οἱ
1617 5113 1803 5180 ἐξετα-

234 5179 451 5251 ζόμενοι
482 5180 745 5252 inaliquo
774 5180 941 5251 gradu
980 5184 1063 5235 vel
1087 5183 1298 5252 ordine,
1348 5185 1437 5252 qui
1470 5184 1523 5236 in
1565 5179 1666 5238 illo
1690 5201 1802 5239 me-

234 5249 369 5306 rent.
412 5252 467 5303 in
502 5249 615 5318 ejus
661 5249 816 5323 censu
851 5261 971 5304 sunt
998 5267 1032 5323 :7
1045 5249 1430 5323 ἐξεταζόμενος
1468 5256 1525 5306 ἐν
1568 5258 1680 5319 τοῖς
1715 5256 1804 5307 ir:-

233 5323 433 5383 πικοῑς,
471 5336 636 5389 eques
661 5318 985 5393 Romanus._
1018 5321 1113 5374 Hic
1143 5318 1303 5393 ergo,
1333 5323 1713 5393 ἐξεταζόμενος
1745 5326 1804 5377 ὲν

230 5394 342 5454 τοῖς
367 5393 668 5461 κωμικοῖς,
703 5391 793 5460 qui
826 5391 1120 5445 mundanus
1154 5391 1226 5446 sit
1256 5411 1317 5447 ac
1352 5391 1624 5448 swculuris
1655 5411 1673 5447 :
1704 5410 1805 5449 nec

228 5461 372 5516 bene
418 5460 720 5522 Possinius,
770 5460 944 5514 studio
978 5477 1151 5515 rerum
1200 5465 1590 5517 mundanorum
1638 5465 1798 5517 nimio

202 5528 458 5603 5turbaii.
497 5531 650 5603 Quod
695 5531 872 5585 reddit
902 5532 1133 5603 Allatius
1187 5550 1293 5587 non
1352 5535 1612 5603 intelligo,
1646 5545 1695 5588 et
1745 5535 1800 5588 in

230 5602 340 5653 illis
365 5602 565 5671 aliquid
603 5618 714 5653 esse
753 5600 1077 5671 cont-cudere.
1120 5603 1404 5658 COHBEFlS.

306 5671 419 5738 (56)
454 5670 540 5725 Τὰ
586 5672 811 5743 τούτων
858 5670 1266 5741 ἐνεργέσῡερα.
1321 5673 1545 5726 Videtur
1602 5674 1799 5743 legisse

230 5739 517 5814 Possinius
549 5741 947 5814 ἐναργέστερα,
1003 5739 1129 5793 dum
1168 5739 1325 5813 longa
1357 5739 1678 5814 paraphrasi
1724 5747 1797 5796 ita

232 5811 443 5866 reddit:
470 5812 607 5877 Quin
637 5811 809 5881 potius
839 5811 1191 5882 publicorum,
1246 5811 1299 5866 ut
1331 5811 1406 5868 ita
1441 5811 1634 5880 dicam,
1666 5824 1713 5868 et
1744 5831 1799 5869 se

1908 5045 2198 5119 xv-qopdiﬁq
2249 5046 2581 5119 reddiderat,
2633 5065 2694 5101 ea
2741 5065 2857 5119 quae
2884 5051 3054 5118 pudor
3085 5045 3239 5106 velat:
3270 5052 3481 5109 Verum.

1903 5116 2118 5184 quidem
2210 5118 2478 5191 utrisqne_
2516 5116 2929 5191 lnecumciubris
2980 5132 3323 5191 competere;
3377 5125 3472 5178 sed

1904 5200 2013 5259 non
2041 5201 2104 5239 eo
2129 5196 2407 5259 comparat
2435 5186 2757 5251 Methodius,
2781 5192 2925 5259 quod
2958 5192 3064 5243 alia
3088 5186 3345 5251 obscena,
3366 5194 3472 5245 aiia

1904 5255 2150 5317 honesta,
2185 5255 2418 5325 hincque
2464 5266 2603 5312 tecta
2642 5260 2769 5317 alia.
2797 5255 2923 5313 alia
2971 5270 3028 5314 ut
3058 5262 3346 5314 videantur
3376 5278 3472 5316 ex-

1906 5326 2111 5400 posita;
2143 5327 2239 5381 sed
2265 5327 2434 5400 quod
2459 5329 2539 5381 sic
2575 5333 2819 5398 exposita
2869 5339 3029 5400 atque
3064 5332 3311 5392 honesta,
3345 5346 3471 5399 pro-

1905 5397 2180 5449 cliviorem
2213 5407 2389 5468 actum
2424 5397 2655 5453 habeant
2689 5397 2975 5463 usumque,
3006 5401 3207 5468 quibus
3244 5397 3474 5466 proinde

1903 5474 2173 5539 tequaaut
2193 5467 2365 5535 major
2388 5468 2631 5522 habenda
2650 5468 2949 5539 diligentia,
2984 5467 3043 5521 ut
3068 5479 3217 5520 easta
3244 5469 3376 5530 sint,
3406 5487 3487 5536 ne

1902 5536 2033 5604 quid
2064 5536 2297 5611 habeant
2320 5539 2462 5606 quod
2498 5536 2774 5611 virginem
2797 5542 3086 5611 dedeceat;
3123 5543 3188 5611 ut.
3210 5549 3340 5611 sunt
3369 5539 3475 5611 lin-

1900 5622 2024 5674 gua,
2058 5606 2223 5670 oculi,
2267 5605 2491 5674 manus;
2529 5605 2880 5676 omniumque
2914 5605 3146 5676 maxime
3176 5605 3282 5676 ipsi
3306 5609 3475 5665 animi

1901 5670 2098 5747 sensus
2142 5692 2205 5730 ac
2234 5670 2523 5746 cogitatus,
2552 5687 2704 5732 extra
2740 5670 2875 5746 quos
2910 5673 3092 5747 pinnis
3139 5670 3249 5747 alia
3277 5689 3476 5747 emun.

1900 5746 2068 5810 datio,
2099 5749 2280 5801 carnis
2297 5739 2380 5801 Est
2400 5739 2879 5821 etpcorporisfnon
2903 5739 3184 5821 interioris
3208 5739 3475 5821 hominis.

1899 5831 2064 5885 penes
2094 5833 2251 5888 quem
2275 5833 2399 5873 vera
2426 5814 2708 5884 virginitas
2725 5814 3068 5881 potissimum
3089 5814 3369 5868 consistit.
3397 5814 3472 5869 in.
