3962 6278
549 397 654 450 2ί17

1427 386 1488 444 S.
1528 381 1856 440 METllODll
1888 380 2198 439 EPISCOPI
2225 382 2313 438 ET
2350 380 2707 440 MARTYRIS

3704 381 3794 437 208

623 512 860 568 Prorsus
893 511 1034 566 enim
1060 521 1237 578 opera:
1262 506 1498 578 pretium
1521 513 1624 570 est,
1654 512 1715 558 ut
1741 504 1826 560 cui
1854 503 2125 559 constitu-

2298 505 2388 557 Δεῖ
2426 503 2535 574 γὰρ
2568 501 2780 564 πάντως
2818 498 2909 553 τὸν
2960 498 3216 570 μέλλοντα
3259 498 3341 570 μὴ
3388 495 3795 568 ἁμαρτήσεσθαι

550 612 668 657 tum
693 603 851 657 sitne
869 599 1092 655 colenda
1117 597 1374 652 castitate
1396 611 1428 650 a
1457 595 1733 667 proposito
1754 601 1923 660 erret,
1951 609 2125 650 menr—

554 699 655 751 bra
676 695 855 751 omnia
877 706 1179 761 sensusque
1207 705 1338 746 suos
1359 689 1591 744 mundos
1622 689 1986 758 astrictosque
2009 702 2101 743 ser

551 794 664 850 vet,
695 784 775 839 uti
810 783 926 838 fieri
957 784 1011 837 in
1042 782 1264 837 navium
1293 781 1494 836 tabulis
1522 780 1679 847 solet,
1708 795 1940 851 quarum
1961 779 2123 847 junc-

553 886 706 931 turas
757 874 1018 929 navarcbi
1053 872 1344 943 diligenter
1388 872 1728 943 agglutinant
1784 873 2120 942 astringunt—

552 983 677 1038 que,
707 982 776 1021 ne
802 980 910 1036 qua
937 964 1146 1020 scilicet
1173 970 1398 1035 peccato
1437 979 1559 1021 sese
1588 961 1898 1017 infundenti
1928 963 1984 1016 in
2006 964 2121 1017 ani-

553 1072 704 1113 mum
745 1057 830 1112 via
865 1066 1025 1127 atque
1056 1056 1237 1111 aditus
1282 1062 1484 1126 pateat.
1525 1053 1662 1109 Nam
1696 1061 1756 1107 ut
1783 1053 2123 1109 nobilissima

550 1163 777 1218 quaeque
807 1148 1367 1218 praestantissimaque
1406 1145 1675 1217 professio
1702 1153 1804 1213 est,
1843 1146 1915 1200 ita
1949 1144 2123 1200 maxi-

550 1241 656 1294 mis
701 1240 1150 1311 gravissimisque
1197 1238 1592 1293 oli‘ensionibus
1632 1237 1864 1293 obnoxia
1901 1245 2018 1304 est;
2059 1251 2124 1291 ac

548 1345 677 1385 vere
705 1331 851 1385 bono
878 1330 1080 1384 malum
1111 1327 1286 1397 magis
1312 1326 1650 1390 adversatur,
1689 1339 1851 1396 quam
1887 1324 1938 1380 ei
1976 1323 2120 1394 quod

551 1437 654 1477 nec
686 1422 745 1477 in
771 1423 932 1477 bonis
974 1419 1368 1476 numerandum
1395 1426 1499 1473 est.
1532 1418 1684 1471 Multi
1714 1418 1897 1486 itaque
1925 1416 2123 1486 quibus

552 1531 880 1588 persuasum
908 1522 1074 1581 esset,
1103 1515 1208 1569 hoe
1233 1512 1574 1584 potissimum
1609 1518 1868 1582 praestare
1895 1510 2123 1583 castitaf

551 1619 688 1675 tem,
743 1620 803 1664 ut
853 1607 1087 1663 ell‘renes
1136 1606 1460 1662 libidinosos
1489 1613 1656 1659 aestus
1702 1618 1765 1657 ac
1799 1601 2124 1673 cupiditates

555 1703 911 1771 comprimat,
963 1700 1171 1770 reliqua
1199 1698 1326 1753 vita:
1352 1696 1696 1753 institutione
1727 1696 1990 1765 neglecta,
2020 1693 2125 1747 hac

553 1807 774 1864 quoque
798 1790 1150 1857 exciderunt;
1182 1788 1379 1858 suique
1428 1786 1712 1842 dedecoris
1752 1791 1982 1856 partem,
2031 1798 2123 1839 re—

2222 595 2351 668 περὶ
2370 596 2467 666 τὴν
2493 594 2723 665 ἄσκησιν
2748 594 2847 664 τῆς
2875 590 3118 661 ἁγνείας,
3142 591 3210 645 τὰ
3240 589 3390 662 μέλη
3425 588 3615 642 πάντα
3640 589 3725 642 καὶ
3741 589 3796 643 τὰ

2221 687 2549 758 αἰσθητήρια
2568 688 2751 757 τηρεῖν
2773 682 2966 738 ἑαυτοῦ
2990 682 3205 754 καθαρὰ
3241 683 3346 736 καὶ
3378 681 3794 751 συνεσφιγμένα,

2219 777 2470 849 καθάπερ
2497 778 2559 850 δὴ
2589 780 2680 832 καὶ
2709 776 2928 842 πλοίων,
2951 769 3026 830 ὧν
3052 776 3103 829 oi
3132 774 3486 847 κυϐερνῆται
3515 772 3617 836 τάς
3648 773 3775 845 ἀρμο

2219 871 2320 940 γάς
2375 871 2681 940 σφίγγουσι,
2715 868 2850 941 πρὸς
2900 867 2960 921 τδ
3012 868 3086 939 μὴ
3137 869 3283 938 σχεῖν
3347 865 3472 919 ἔσω
3519 864 3689 919 δίοδον
3716 867 3795 934 τὴν

2220 963 2493 1034 ἁμαρτίαν
2525 962 2965 1033 ὲπεισχεομένην.
2986 962 3111 1024 Τοῖς
3141 960 3249 1030 γάρ
3270 958 3556 1031 μεγάλοις
3584 957 3643 1022 ἐξ
3664 958 3795 1026 ἀνάγ-

2222 1072 2323 1126 κης
2354 1052 2743 1125 ἐπιτηδεύμασι
2787 1051 2998 1123 μεγάλα
3054 1051 3149 1104 καὶ
3194 1049 3261 1102 τά
3319 1048 3663 1117 πταίσματα
3690 1064 3795 1118 συμ-

2221 1144 2422 1200 ϐαίνειο
2471 1146 2565 1200 καὶ
2595 1145 2672 1216 τῷ
2713 1143 2826 1198 ὄντι
2853 1143 2930 1215 τῷ
2959 1142 3147 1213 ἀγαθῷ
3182 1140 3393 1213 μᾶλλον
3430 1137 3793 1209 ἐναντιώτερον

2220 1237 2281 1290 τὸ
2311 1238 2477 1291 κακὸν
2508 1238 2541 1308 ἢ
2574 1236 2651 1307 τῷ
2681 1237 2756 1309 μὴ
2789 1233 2996 1307 ἀγαθῷ.
3026 1234 3218 1287 Πολλοὶ
3245 1229 3369 1298 οὖν,
3400 1230 3720 1299 δοξάζοντες
3747 1231 3795 1282 τὸ

2224 1332 2350 1402 περὶ
2378 1330 2474 1393 τὰς
2505 1328 2815 1401 οἰστρώδεις
2858 1329 3143 1401 καρτερεῖν
3188 1325 3508 1395 ἐπιθυμίας
3557 1317 3794 1394 εἶναιτὴν

2222 1424 2465 1490 ἁγνείαν,
2512 1421 2620 1475 τῶν
2667 1420 2838 1476 ἄλλων
2872 1418 3265 1489 ἀμελήσαντες,
3306 1416 3497 1487 αὐτῆς
3536 1415 3790 1475 ἔπταισαν,

2223 1512 2317 1568 καὶ
2360 1515 2471 1575 τοῖς
2515 1512 2687 1584 ὀρθῶς
2730 1511 2865 1582 πρὸς
2909 1510 3076 1581 αὐτὴν
3121 1508 3493 1579 ὡρμημένοις
3542 1505 3791 1578 προσῆιξαν

2222 1604 2441 1674 ψόγους,
2485 1584 2745 1675 ὡς’ὑμεῖς
2777 1600 3060 1674 ἠλέγξατε,
3110 1601 3271 1671 νόμος
3297 1599 3399 1653 διὰ
3440 1598 3693 1653 πάντων·
3725 1596 3791 1648 αὖ·

2223 1695 2315 1749 ταὶ
2360 1695 2466 1768 γὰρ
2515 1691 2939 1767 παρθενεύουσαι
2966 1693 3059 1746 καὶ
3086 1691 3231 1762 ἔργῳ
3273 1691 3376 1743 καὶ
3407 1690 3582 1760 λόγῳ.
3617 1688 3717 1741 Καὶ
3741 1690 3790 1741 τὰ

2230 1787 2325 1857 μὲν
2363 1785 2427 1857 δὴ
2455 1786 2555 1856 τῆς
2577 1785 2868 1857 παρθένου,
2914 1782 3160 1855 ποταπὴν
3200 1777 3348 1836 εἶναι
3396 1783 3700 1852 προσήκει,
3738 1779 3789 1831 δι·

555 1892 648 1941 cto
677 1885 744 1941 ad
767 1899 886 1940 eam
913 1883 1127 1938 tramite
1144 1882 1462 1946 nitentibus,
1482 1886 1855 1950 asperserunt,
1892 1878 1971 1932 uti
2001 1892 2120 1942 vos,

2227 1879 2459 1950 εγράφη·
2480 1878 2623 1949 ὑμᾶς
2648 1877 2705 1931 δὲ
2728 1876 2962 1948 διαρκῶς
2984 1873 3410 1946 ἀγωνισαμένοις
3438 1872 3525 1945 τῷ
3547 1872 3699 1943 λόγῳ,
3724 1870 3788 1924 αὖ.

555 1993 679 2050 qua:
701 1977 757 2032 in
776 1976 1031 2032 omnibus
1054 1975 1188 2031 estis
1219 1974 1428 2045 regula,
1456 1971 1845 2028 demonstratis
1884 1990 1897 2027 :
1926 1969 2124 2041 quippe

554 2083 679 2124 cum
709 2074 762 2123 et
792 2082 957 2138 opere
1007 2074 1061 2122 et
1107 2078 1380 2131 sermone,
1423 2079 1520 2120 seu
1562 2064 1870 2119 eruditione
1901 2062 2128 2133 virgini-

551 2166 664 2216 tate
704 2158 1022 2229 periunctae,
1055 2157 1174 2229 ejus
1224 2156 1423 2212 decora
1451 2156 1812 2226 protuleritis.
1847 2154 1915 2209 Et
1958 2154 2127 2226 virgi-

552 2267 676 2307 nem
700 2251 920 2322 quidem
945 2250 1159 2321 qualem
1183 2265 1305 2306 esse
1326 2248 1517 2305 deceat
1547 2247 1990 2318 perscripsimus.
2015 2245 2129 2304 Vos

2229 1973 2422 2044 τήκοος
2451 1970 2736 2043 γενομένη,
2769 1971 2947 2033 πάσας
2979 1968 3348 2041 ἀποφαίνομαι
3377 1969 3547 2038 νικᾷν
3576 1966 3666 2019 καὶ
3692 1964 3787 2017 στέ-

2227 2080 2339 2133 φω·
2371 2062 2579 2117 Θέκλαν
2622 2063 2679 2116 δὲ
2709 2063 2786 2134 τῷ
2822 2061 3027 2134 μείζονι
3070 2061 3321 2132 στεφάνῳ
3362 2060 3472 2115 καὶ
3516 2056 3782 2129 δασυτέρῳ,

2226 2156 2301 2220 ὡς
2339 2154 2562 2229 πρώτην
2612 2156 2763 2228 ὑμῶν
2798 2156 2892 2210 καὶ
2926 2153 3520 2226 μεγαλοπρεπέστερον
3545 2148 3785 2219 ὲκλάμιξα·

2231 2266 2347 2304 σαν.

553 2353 756 2410 autem,
786 2345 968 2415 amplo
997 2342 1212 2399 dicendi
1243 2344 1501 2400 facultate
1528 2343 1801 2399 celebrato
1832 2343 2130 2399 certamine
2166 2360 2286 2417 qua:
2332 2349 2449 2417 ipsa
2502 2346 2827 2411 audiverim,
2883 2345 3139 2402 victrices
3180 2358 3380 2399 omnes
3422 2339 3712 2415 pronuntio
3735 2351 3779 2389 ac

553 2452 759 2493 corona
792 2437 959 2492 dono.
1010 2435 1268 2493 Theclam
1303 2445 1489 2492 tamen
1541 2437 1738 2507 majori
1762 2435 2154 2511 ﬂoridiorique,
2188 2447 2246 2494 ut
2278 2441 2422 2496 inter
2446 2456 2545 2495 vos
2571 2440 2891 2511 principem,
2922 2453 2985 2494 ac
3014 2453 3135 2511 qum
3183 2436 3635 2509 magnificentior
3676 2446 3776 2486 cun-

555 2530 660 2586 ctis
689 2531 972 2587 claruerit.

556 2692 687 2750 CAP.
727 2691 793 2746 ll.
828 2692 1022 2750 Thecla
1050 2695 1297 2766 hymnum
1328 2700 1609 2773 composite
1635 2710 1871 2773 canente.
1901 2700 2118 2773 reliquae
2151 2700 2372 2772 virgines
2408 2700 2490 2754 illi
2533 2699 2828 2773 succinum.
2878 2696 3113 2752 Joannes
3140 2695 3415 2766 Baptista,
3449 2703 3658 2766 martyr
3689 2706 3775 2745 cet-

1508 2770 1700 2826 titatis.
1738 2770 2123 2836 Ecclesia,’l)ei
2148 2770 2363 2841 sponsa,
2392 2773 2614 2835 intacta,
2656 2771 2822 2841 virgo.

626 2909 756 2965 llam
792 2912 1027 2966 locutam
1068 2913 1285 2970 Aretem
1326 2915 1505 2970 aiebat
1540 2914 1869 2988 Theopatra,
1895 2917 2128 2988 iussisse

561 3011 787 3055 cunctas
820 3004 1127 3073 assurgere,
1152 2989 1205 3058 et
1226 3004 1328 3059 sub
1355 3020 1494 3077 agno
1519 3013 1727 3064 stantes
1763 3007 2012 3080 factaque
2038 3023 2129 3063 co-

558 3108 717 3160 rona,
752 3095 956 3164 gratias
986 3094 1216 3151 Domino
1242 3112 1307 3152 ac
1332 3098 1523 3154 laudes
1563 3099 1745 3155 debita
1777 3100 2131 3156 veneratione

557 3184 783 3241 referre.
804 3185 1057 3242 Thcclam
1087 3190 1380 3260 auspicari,
1403 3205 1466 3246 ac
1494 3192 1663 3248 choro
1685 3194 1900 3263 praeire.
1925 3194 1991 3251 Ut
2021 3193 2131 3266 igi-

557 3284 649 3330 tur
695 3286 1148 3344 assurrexerunt,
1213 3278 1468 3337 Theclam
1544 3284 1800 3347 narrabat
1858 3285 2128 3358 virginem

558 3367 794 3423 mediam
827 3385 856 3424 a
886 3368 1092 3428 dextris
1125 3371 1323 3427 Aretes
1346 3380 1603 3439 stantem,
1634 3379 1936 3448 composite
1972 3394 2130 3436 cane-

558 3475 618 3515 re
647 3479 662 3517 :
695 3461 971 3533 reliquas.
1010 3476 1138 3519 vero
1186 3463 1244 3519 in
1291 3461 1476 3517 orbem
1501 3501 1518 3529 ,
1566 3463 1722 3533 quasi
1760 3464 2129 3529 circumducto

557 3552 746 3622 cboro,
784 3555 863 3609 illi
892 3556 1176 3612 succinere
1202 3569 1267 3611 ac
1296 3557 1648 3628 respondere.

1211 3688 1480 3761 Hypacoe.

629 3818 752 3878 Tibi
808 3838 895 3878 me
936 3838 1094 3878 servo
1141 3832 1370 3891 castam,
1422 3835 1478 3882 et
1520 3827 1894 3899 splendentem
1941 3837 2131 3886 tenens

554 3912 887 3985 lampadem,
918 3912 1158 3987 Sponse,.
1185 3916 1289 3969 tibi
1317 3931 1569 3973 occurro.

1201 4047 1473 4108 Psalmus.

628 4159 879 4226 Coelitus,
931 4162 1203 4233 virgines,
1244 4165 1499 4224 clamoris
1544 4171 1834 4230 excitantis
1883 4181 2130 4232 mortuos

559 4267 732 4309 sonus
755 4255 924 4317 venit,
953 4253 1166 4326 Sponso
1186 4257 1382 4325 iubens
1414 4259 1577 4316 simul
1598 4278 1787 4320 omnes
1810 4266 2024 4322 obviam
2052 4266 2131 4324 ire

558 4347 614 4398 in
647 4345 804 4402 stolis
846 4346 984 4401 albis
1009 4357 1063 4402 et
1094 4349 1458 4419 lampadibus,
1487 4354 1750 4410 orientem
1773 4374 1984 4415 versus.
2018 4359 2130 4415 Ex-

557 4434 931 4504 pergiscimini
958 4433 1276 4509 priusquam
1310 4448 1539 4510 occupet
1568 4440 1712 4497 intra
1749 4453 1933 4514 portas
1966 4463 2130 4518 pene-

556 4533 702 4583 trare
727 4526 864 4586 Rex.

628 4616 750 4672 Tibi
802 4634 889 4673 me
934 4635 1094 4674 servo
1143 4629 1375 4689 castam,
1423 4631 1478 4679 et
1516 4624 1891 4697 splendentem
1941 4640 2129 4684 tenens
2161 4626 2207 4681 D

554 4704 882 4776 lampadem,
920 4706 1149 4780 Sponse,
1179 4714 1280 4768 tibi
1309 4729 1560 4770 occurro.

629 4795 934 4853 Mortalium
962 4802 1211 4859 luctuosa
1235 4805 1399 4861 nimis
1423 4822 1656 4863 excussa
1679 4790 1954 4877 felicitate,
1979 4824 2130 4881 spre-

555 4885 735 4956 tisque
785 4889 907 4945 vitae
939 4892 1235 4950 luxuriosae
1265 4896 1478 4953 deliciis
1523 4913 1836 4971 amoreque,
1871 4902 1979 4956 tuis
2025 4904 2127 4959 sub

556 4976 705 5030 ulnis
740 4978 1038 5037 salutiferis
1081 4986 1289 5056 protegi
1339 4987 1610 5057 desidero,
1662 4999 1716 5046 ct
1767 5003 1912 5046 luam
1949 4994 2129 5050 videre

554 5084 792 5137 semper,
822 5086 856 5125 ο
894 5072 1074 5137 Beate,
1108 5077 1588 5145 pulchritudinem.

625 5157 746 5214 Tibi
804 5177 892 5218 me
946 5179 1104 5220 servo
1134 5179 1360 5235 castum,
1412 5183 1464 5226 ct
1521 5174 1891 5243 splendentem
1934 5187 2125 5237 tenens

547 5255 878 5325 lampadem,
911 5254 1143 5328 Sponse,
1173 5263 1267 5316 tibi
1302 5279 1550 5321 occurro.

621 5344 850 5403 Relictis
892 5351 1203 5405 mortalium
1251 5355 1561 5424 nuptiarum
1596 5360 1730 5414 toris
1764 5376 1827 5416 ac
1861 5364 2045 5429 domo,
2090 5381 2124 5419 o

546 5435 686 5506 Rex,
722 5449 948 5513 propter
972 5449 1045 5507 te,
1083 5445 1201 5499 auri
1228 5446 1386 5515 plena
1415 5450 1751 5508 intaminatis
1789 5454 1844 5508 in
1881 5456 2121 5513 vestibus

549 5533 692 5597 veni,
736 5546 795 5590 ut
828 5545 882 5590 et
914 5553 1015 5608 ego
1051 5553 1159 5592 una
1187 5549 1365 5594 tecum
1404 5542 1545 5596 intra
1576 5543 1919 5605 beatissimos
1947 5551 2121 5604 thala-

549 5638 669 5677 mos
695 5628 968 5686 admittar.

621 5711 743 5769 Tibi
794 5734 880 5774 me
934 5738 1094 5779 servo
1132 5733 1373 5790 castam,
1409 5735 1465 5781 et
1508 5728 1878 5799 splendentem
1931 5740 2121 5789 tenens

553 5807 879 5879 lampadem,
920 5811 1149 5885 Sponse,
1183 5820 1278 5876 tibi
1310 5836 1562 5883 occurro.

2305 2918 2488 2972 Ταῦτα
2518 2913 2612 2972 οὖν
2637 2913 2919 2979 εἰποῦσαν,
2951 2912 3052 2984 ἔφη
3077 2910 3330 2965 κελεῦσαι
3363 2909 3556 2970 πάσας
3582 2898 3771 2967 ἀναστῆ·

2234 3026 2319 3063 ναι
2360 3009 2458 3081 τὴν
2495 3007 2718 3081 Ἀρετὴν
2758 3009 2790 3078 ἡ
2842 3003 3148 3076 Θεοπάτρα,
3198 3002 3291 3056 καὶ
3337 3002 3530 3064 πάσας
3577 2995 3672 3051 ὑπὸ

2235 3102 2396 3169 ἄγνον
2417 3078 2831 3171 εὐχαριστήριω
2856 3098 3020 3168 ὕμνον
3048 3093 3366 3167 πρεπόντως
3392 3078 3772 3159 ἀναπέμψαιτῷ

2236 3194 2456 3263 Κυρίῳ’
2489 3191 2733 3264 ἐξάρχειν
2771 3191 2827 3245 δὲ
2854 3189 2951 3261 τὴν
2985 3187 3189 3243 Θέκλαν
3226 3184 3321 3240 καὶ
3347 3174 3769 3257 προαφηγεῖσθαι.

2245 3285 2333 3351 Ὧς
2360 3281 2454 3340 οὖν
2479 3286 2804 3356 ἀνέστησαν,
2834 3283 2931 3353 τὴν
2955 3281 3155 3336 Θέκλαν
3192 3279 3364 3351 μέσην
3400 3277 3505 3350 μὲν
3533 3273 3635 3327 τῶν
3673 3281 3771 3336 παρ

2235 3376 2422 3443 θένων,
2458 3377 2582 3448 ἔφη,
2616 3378 2679 3430 ὲκ
2725 3375 2912 3442 δεξιῶν
2954 3375 3011 3428 δὲ
3055 3373 3154 3443 τῆς
3193 3371 3422 3443 Ἀρετῆς
3460 3369 3673 3427 στᾶσαν,
3701 3375 3768 3413 κιο

2235 3472 2408 3544 σμίως
2433 3469 2654 3540 ψάλλειν
2672 3484 2686 3499 ⁸
2717 3467 2815 3531 τὰς
2844 3467 2901 3520 δὲ
2933 3464 3124 3528 λοιπάς
3149 3466 3205 3517 ὲν
3232 3462 3440 3534 κύκλῳ,
3474 3457 3707 3525 καθάπερ
3728 3451 3767 3499 ἐν

2233 3559 2394 3634 χοροῦ
2426 3562 2665 3631 σχήματι
2696 3556 2984 3621 συστάσας,
3014 3554 3306 3609 ὑπακούειν
3334 3554 3501 3625 αὐτῇ.

2874 3688 3121 3755 Ύπακοή
3132 3726 3147 3741 .

2315 3829 2557 3899 ,Αγνεύω
2591 3847 2691 3895 σοι,
2727 3830 2820 3883 καὶ
2857 3829 3146 3900 λαμπάδας
3191 3828 3538 3900 φαεσφόρους
3584 3812 3764 3893 κρατοῦ-

2237 3941 2325 3991 σα,
2355 3922 2594 3995 Νυμφίε,
2625 3922 2911 3976 ὑπαντάνω
2938 3938 3038 3974 σοι.

2886 4056 3152 4124 Ψωῖμός.

2309 4171 2565 4236 ’Δνωθεν,
2595 4168 2872 4242 παρθένοι,
2909 4166 3035 4237 βοῆς
3067 4166 3444 4238 ὲγερσίνεκρος
3489 4159 3616 4236 ἦχος
3640 4153 3758 4228 ἦλθεν

2235 4264 2471 4337 Νυμφίῳ
2496 4263 2667 4332 λέγων
2696 4258 2930 4315 πασσυδὶ⁵
2960 4258 3281 4313 ὑπαντάνειν
3312 4257 3561 4313 λευκέσιν
3592 4255 3645 4306 ὲν
3666 4260 3758 4301 ato-

2234 4358 2351 4423 λαῖς
2398 4356 2492 4412 καλ⁸
2544 4354 2811 4427 λαμπάσι,
2864 4354 2999 4426 πρὸς
3043 4354 3326 4416 ἀνατολάς.
3356 4346 3620 4423 Ἔγρεσθε
3662 4338 3757 4410 πρὶν

2236 4450 2416 4522 φθάσῃ
2452 4449 2633 4523 μολεῖν
2657 4447 2788 4501 είσω
2811 4446 2989 4519 Θυρῶν
3023 4446 3212 4514 Ἀναξ,

2313 4632 2550 4701 Ἀγνεύω
2580 4650 2683 4696 σοι,
2716 4630 2811 4686 καὶ
2852 4629 3139 4701 λαμπάδας
3182 4629 3523 4700 φαεσφόρους
3570 4609 3739 4690 κρατοῦ

2231 4741 2318 4788 σα,
2352 4723 2593 4793 Νυμφίε,
2622 4721 2911 4776 ὑπαντάνω
2936 4735 3036 4772 σοι,

2299 4792 2514 4884 Βροτῶν
2548 4811 2972 4865 πολυστένακτον
3001 4808 3155 4865 ὄλϐον
3188 4808 3519 4879 ἐκφυγοῦσα,
3553 4800 3636 4857 καὶ
3661 4792 3750 4865 βίον

2225 4906 2437 4978 τρυφῆς
2464 4905 2677 4970 ἁδονᾶς,
2711 4905 2907 4978 ἔρωτα,
2940 4907 3059 4968 σαῖς
3084 4905 3173 4957 ὑπ’
3195 4902 3461 4972 ἀγκάλαις
3493 4891 3749 4967 ζωηφόροις

2228 4985 2379 5051 ποθῶ
2413 4997 2737 5065 σκέπεσθαι,
2769 4997 2863 5050 καὶ
2911 4995 3127 5068 βλέπειν
3169 4994 3231 5048 τὺ
3275 4994 3366 5049 σὸν
3395 4990 3583 5052 κάλλος
3609 4986 3749 5050 διηνε-

2228 5090 2359 5155 κῶς,
2388 5090 2610 5162 Μάκαρ.

2312 5181 2550 5250 Ἀγνεύω
2605 5200 2706 5247 σοι,
2739 5184 2833 5237 καὶ
2864 5181 3147 5253 λαμπάδας
3194 5181 3526 5252 φαεσφόρους
3566 5157 3748 5243 κρατῦδ·

2230 5289 2319 5337 σα,
2344 5273 2580 5344 Νυμφίε,
2612 5274 2901 5327 ὑπαντάνω
2936 5292 3037 5328 σοι.

2296 5341 2494 5437 Γάμῷν
2523 5366 2755 5420 λιποῦσα
2773 5368 2841 5420 τὰ
2862 5366 3030 5438 θνητὰ
3051 5366 3271 5437 λέκτρα,
3295 5365 3388 5419 καὶ
3410 5341 3742 5432 δόμονπιὶναξ.

2226 5458 2311 5512 διὰ
2345 5460 2425 5524 σὲ,
2457 5459 2810 5532 πολύχρυσον,
2842 5456 3003 5531 ἦλθον
3029 5460 3275 5523 ἁσπίλοις
3304 5462 3361 5514 έν
3389 5460 3612 5529 εἵμασιν,
3631 5446 3746 5496 ὅπως

2228 5552 2415 5619 φθάσω
2446 5552 2601 5621 κάγὼ
2632 5553 2930 5606 πανολὸίων
2977 5553 3231 5625 Θαλάμων
3278 5554 3407 5607 εἴσω
3450 5552 3547 5604 σὺν
3580 5540 3650 5596 σοὶ
3676 5544 3747 5603 μθ·

2226 5643 2361 5700 λεῖν.

2312 5734 2549 5803 Ἀγνεύω
2591 5752 2694 5801 σοι,
2731 5736 2824 5790 καὶ
2854 5735 3141 5807 λαμπάδας
3186 5737 3519 5807 φαεσφόρους
3561 5712 3744 5798 κριτθῧ’

2234 5844 2319 5886 σα,
2354 5827 2593 5888 Νυαφίε,
2622 5832 2909 5887 {mw/riuo
2945 5848 3045 5886 σοι.
