3962 6278
146 451 148 454 ν
172 388 276 435 217
1257 381 1640 440 CONVlVlUM
1679 381 1909 438 DECEM
1949 382 2308 439 VIRGINUM.
3295 386 3402 441 218

176 495 399 551 σκοτοῦν
424 499 458 569 ἢ
484 497 848 570 σννταράσσον
873 498 963 552 τὸν
988 497 1260 570 ὀφθαλμὸν
1287 499 1384 569 τῆς
1406 497 1580 569 ψυχῆς
1607 496 1740 569 πρὸς

1840 510 1949 569 quo
1978 499 2160 552 minus
2203 499 2260 552 in
2310 495 2405 552 Dei
2453 496 2720 554 visionem
2753 499 3070 569 intendant;
3119 501 3215 558 sed
3258 505 3404 556 omni

176 587 273 658 τὴν
299 588 447 643 θείαν
480 589 828 661 ἐπιφέρονται
862 590 1115 662 θεωρίαν·
1142 590 1252 644 ἀλλ’
1285 591 1439 655 ἐκτὸς
1464 592 1740 660 γεγονότες

1844 603 2023 642 rerum
2055 587 2394 656 szecularium
2424 588 2719 657 cupiditate
2739 590 3037 660 eliminata,
3060 592 3256 646 nedum
3285 607 3408 646 car-

175 681 286 735 τῶν
317 680 546 754 ὀρέξεων
570 683 742 754 πάντη
774 682 882 736 τῶν
912 683 1209 753 κοσμικῶν,
1238 681 1334 753 τὴν
1374 682 1549 753 σάρκα
1575 683 1739 736 καθα-

1843 694 1964 733 nem
1991 718 2006 742 ,
2035 678 2114 733 uti
2142 678 2411 742 dicebam,
2441 695 2471 734 a
2506 679 2782 736 libidinosi
2811 697 3141 752 congressus
3172 685 3407 753 turpitu-

184 771 280 844 ράν
326 774 384 825 οὐ
437 773 614 842 μόνον,
648 773 722 837 ὡς
761 773 914 844 ἔφην,
950 772 1148 844 μίξεως
1188 761 1474 845 τηροῦσιν,
1502 774 1614 828 ἀλλ’
1641 775 1741 845 ἤδη

1845 768 1967 825 dine
1999 769 2292 824 immunem
2333 778 2586 839 servant;
2619 787 2804 828 verum
2839 775 2999 828 etiam
3026 782 3084 828 ut
3113 775 3296 829 condis
3318 789 3409 844 pe-

179 864 273 916 καὶ
303 864 400 935 τὴν
428 866 652 935 καρδίαν
684 867 1027 920 ἀνεπίδεκτον
1057 866 1329 937 λογισμῶν
1369 868 1655 938 ἀκρασίας,
1685 870 1742 920 ὲν

1844 862 2047 916 nctrale
2077 862 2155 932 (in
2189 878 2297 933 quo
2328 871 2381 918 et
2425 865 2678 923 maxime.
2706 874 2764 920 ut
2809 866 2863 919 in
2917 867 3137 937 templo,
3174 865 3408 936 Spiritus

178 949 212 1028 ᾖ
246 955 477 1025 μάλιστα
522 957 615 1010 καὶ
652 958 711 1010 τὸ
753 959 926 1026 ἅγιον,
953 957 1028 1022 ὡς
1055 960 1113 1011 ὲν
1142 957 1272 1028 ναῷ,
1307 959 1588 1013 κατοικοῦν
1615 960 1742 1014 ἀνα-

1844 960 2065 1009 sanctus
2093 955 2430 1024 conquiescit
2461 962 2513 1009 et
2555 955 2783 1027 habitat)
2817 958 2982 1012 nullis
3010 959 3265 1013 obscenis
3316 973 3408 1014 co-

180 1047 414 1100 παύεται
439 1048 682 1119 Πνεῦμα.

1770 1054 1778 1059 ’
1843 1045 2190 1116 gitationibus
2223 1054 2420 1115 pateat,
2451 1048 2640 1101 sedulo
2663 1057 2862 1102 navant
2896 1065 3135 1118 operam.
3237 1105 3245 1112 ,

249 1136 541 1190 ΕΥΒΟΥΛ.
589 1139 715 1207 Ἔχε
764 1139 847 1209 δή.
893 1135 1056 1208 Οἶμαι
1104 1140 1210 1212 γὰρ
1260 1141 1351 1192 ἐπὶ
1397 1139 1494 1210 τὴν
1529 1138 1741 1210 εὕρεσιν

1916 1136 2166 1193 EUBUL.
2201 1135 2344 1192 Siste
2395 1139 2529 1206 jam.
2589 1139 2724 1195 Puto
2755 1143 2897 1195 enim
2947 1141 3012 1194 ad
3048 1142 3410 1214 investigatio-

179 1227 287 1282 τῶν
317 1229 484 1292 ὄντως
506 1230 823 1301 κρειττόνων
853 1229 1136 1302 ὀρθότερον
1167 1233 1312 1302 ἡμᾶς
1340 1230 1584 1284 ἐντεῦθεν
1607 1231 1740 1284 διελ-

1847 1242 1966 1281 nem
1993 1230 2114 1298 ejus
2159 1229 2303 1299 quod
2334 1246 2457 1285 vere
2511 1233 2858 1301 praestantius
2901 1241 2985 1288 est
3011 1273 3025 1298 ,
3062 1236 3264 1290 rectius
3310 1251 3411 1293 nos

182 1319 314 1375 θεῖν.
346 1320 454 1374 Καί
485 1338 574 1392 μοι
601 1323 832 1393 φράσον’
867 1323 1048 1387 καλεῖς
1087 1341 1207 1376 τινα
1239 1324 1572 1396 κυϐερνήτην
1605 1325 1742 1393 ἀγα-

1845 1320 1972 1376 hinc
2016 1337 2417 1393 progressuros.
2457 1322 2571 1390 Dic,
2599 1339 2806 1398 quaeso,
2838 1341 3004 1385 vocas
3045 1327 3278 1400 aliquem
3309 1331 3409 1386 bo-

183 1411 310 1477 06v;

1843 1430 1972 1470 num
2006 1415 2460 1484 gubernatorem?

251 1505 450 1560 ΙῬΗΓ.
494 1507 725 1575 Ἔγωγε.

1915 1505 2118 1563 GREG.
2156 1507 2318 1564 Sane.

255 1596 545 1652 ΕΥΒΟΥΛ.
588 1599 818 1669 Πότερον
845 1599 936 1652 τὸν
957 1601 1014 1652 ὲν
1047 1599 1309 1670 μεγάλαις
1327 1601 1419 1656 καὶ
1446 1602 1744 1674 ἀμηχάνοις

1913 1595 2162 1653 EUBUL.
2217 1599 2388 1665 Quem
2438 1602 2612 1655 vero?
2647 1601 2730 1656 An
2781 1617 2904 1658 eum
2938 1604 3030 1675 qui
3091 1605 3148 1660 in
3199 1609 3411 1679 magnis

186 1686 559 1758 περισώσαντα
609 1689 794 1755 ζάλαις
841 1691 901 1745 τὸ
959 1693 1250 1766 σκάφος,ἢ
1301 1696 1388 1750 τὸν
1441 1699 1498 1750 ὲν
1536 1697 1744 1769 γαλήνῃ

1847 1688 2446 1759 vehementissimisque
2478 1691 2890 1760 tempestatibus
2930 1707 3123 1748 navem
3159 1711 3411 1752 servave-

185 1778 440 1849 νηνεμίᾳ;
1773 1838 1818 1894 Β
1849 1779 1952 1845 rit;
1986 1793 2054 1833 an
2086 1781 2179 1850 qui
2228 1781 2370 1836 idem
2424 1784 2482 1836 in
2529 1798 2722 1838 serena
2775 1786 3166 1855 tranquillitate
3199 1789 3413 1860 praesti-

1847 1870 2010 1894 ..ηπ

1847 1870 2010 1926 terit?

256 1960 449 2012 ΓΡΗΓ.
493 1961 596 2014 Τὸν
633 1961 690 2014 ὲν
725 1960 986 2032 μεγάλαις
1013 1962 1107 2016 καὶ
1134 1961 1454 2034 ἀμηχάνοις.

1915 1961 2122 2016 GREG.
2158 1960 2357 2032 Utique
2379 1963 2470 2032 qui
2505 1964 2562 2017 in
2595 1966 2806 2034 magnis
2842 1974 2896 2021 et
2919 1966 3124 2022 arduis.

254 2052 546 2106 ΕΥΒΟΥΛ.
587 2051 792 2106 Οὐκοῦν
820 2053 912 2105 καὶ
939 2053 1113 2124 ψυχὴν
1136 2054 1232 2126 τὴν
1260 2072 1325 2107 πε
1336 2056 1748 2132 ριαντλουμένην

1918 2051 2169 2108 EUBUL.
2195 2052 2361 2124 Igitur
2392 2061 2446 2107 ct
2481 2054 2720 2110 animum
2756 2057 2914 2112 saavis
2943 2059 3408 2128 perturbationum

183 2145 300 2206 ταῖς
322 2142 640 2215 τρικυμίαις
665 2143 772 2197 τῶν
801 2142 1156 2215 παθημάτων,
1187 2147 1280 2200 καὶ
1309 2148 1380 2220 μὴ
1410 2150 1747 2220 ἀποκάμνον-

1849 2142 2102 2198 fluctibus
2127 2142 2422 2212 jactatum,
2473 2158 2572 2198 nec
2610 2155 2893 2214 propterea
2942 2155 3194 2199 conatum
3224 2147 3413 2201 remit-

187 2253 287 2290 σαν
317 2237 350 2308 ἢ
380 2237 727 2309 ὲκλυομένην,
757 2237 890 2291 ἀλλά
921 2238 984 2292 τὸ
1017 2239 1240 2308 σκάφος,
1274 2241 1370 2314 τὴν
1397 2244 1592 2315 σάρκα,
1625 2263 1748 2314 γεν-

1850 2244 2048 2292 tentem
2083 2244 2176 2290 aut
2205 2236 2568 2300 fatiscentem,
2598 2237 2693 2291 sed
2711 2237 2956 2307 cymbam
2982 2277 2996 2301 ,
3044 2252 3259 2292 carnem
3305 2240 3412 2292 uti-

185 2329 350 2393 ναίως
378 2331 456 2394 είς
484 2331 675 2401 λιμένα
703 2331 794 2385 τὸν
827 2335 925 2404 τῆς
949 2333 1296 2406 σωφροσύνης
1323 2335 1747 2404 άτιευθύνουσαν,

1849 2345 1973 2399 que,
2009 2330 2206 2383 invicta
2236 2327 2484 2398 generosi
2517 2329 2778 2398 propositi
2807 2330 3115 2383 constantia
3149 2329 3213 2382 ad
3247 2329 3413 2383 casti-

188 2418 414 2490 λέξομεν
442 2422 542 2490 τῆς
570 2425 625 2474 ὲν
655 2423 803 2494 εὐδίᾳ
829 2423 1183 2496 πλοῖζομένης
1213 2410 1493 2497 κρείττονα
1534 2429 1625 2482 καὶ
1665 2429 1751 2483 δο-

1849 2421 1976 2476 tatis
2010 2413 2226 2491 portum
2259 2419 2580 2489 dirigentem
2612 2458 2626 2482 ,
2690 2420 3123 2489 praestantiorem
3167 2419 3413 2476 dicemus

193 2511 524 2582 κιμωτέραν.
1851 2513 2192 2584 probataaque
2221 2512 2389 2581 magis
2423 2509 2656 2574 virtutis,
2685 2525 2774 2574 eo,
2806 2511 2897 2580 qui
2941 2511 2996 2564 in
3033 2511 3261 2567 malacia
3314 2525 3413 2582 pa-

1851 2605 1955 2658 cati
1978 2603 2142 2658 maris
2170 2617 2361 2657 secure
2383 2600 2727 2658 iucundeque
2756 2602 2989 2658 navigat.

267 2693 464 2748 ΓΡΗΓ.
507 2693 767 2765 Λέξομεν.

1851 2617 1955 2658 cati
1978 2618 2142 2661 maris
2170 2617 2361 2657 secure
2382 2617 2727 2672 jucunueque
2756 2617 2910 2672 navng

1920 2693 2126 2747 GREG.
2172 2693 2448 2748 Dicemus.

265 2787 557 2840 ΕΥΒΟΥΛ.
601 2786 673 2840 Τὸ
705 2787 811 2860 γὰρ
849 2788 1179 2859 ἁρμόζεσθαι
1210 2790 1344 2861 πρὸς
1385 2789 1482 2854 τὰς
1524 2789 1754 2861 ὲμόολάς

1850 2791 1880 2838 ‘-.‘
1922 2785 2170 2843 EUBUL.
2197 2784 2330 2840 Nam
2358 2784 2526 2840 obniti
2554 2786 2914 2841 renitentibus
2955 2793 3237 2840 ventorum
3268 2783 3410 2839 ﬂati-

191 2873 302 2928 τῶν
331 2877 803 2948 καταφυσημάτων
821 2876 914 2930 τοῦ
942 2877 1174 2949 πονηροῦ
1203 2878 1527 2950 πνεύματος,
1559 2881 1650 2934 καὶ
1679 2879 1753 2952 μὴ

1851 2879 1976 2941 bus,
1999 2894 2136 2946 quos
2181 2882 2372 2930 contra
2423 2875 2665 2929 immittit
2722 2892 2952 2947 nequam
3005 2878 3273 2949 spiritus:
3311 2893 3413 2932 nec

191 2968 676 3040 ἀπορῤίπτεσθαιῆ
708 2968 978 3033 νικᾶσθαι,
1008 2969 1140 3024 ἀλλὰ
1171 2972 1342 3024 πάντα
1370 2971 1504 3041 πρὸς
1525 2971 1753 3043 Χριστὸν

1851 2969 2051 3026 inecti
2081 2977 2258 3023 tamen
2291 2983 2528 3038 unquam
2551 2968 2776 3038 dejicive
2801 2977 2894 3025 aut
2922 2970 3091 3039 vinci;
3139 2969 3270 3041 quin
3317 2983 3414 3039 po-

192 3059 542 3124 ἀνανεύοντα,
574 3060 852 3132 καρτερῶς
885 3059 1145 3132 μάχεσθαι
1165 3065 1283 3126 ταῖς
1309 3063 1541 3134 ἡδοναῖς,
1576 3061 1756 3133 μείζο-

1853 3061 1962 3117 tius
1992 3060 2174 3114 animo
2223 3073 2435 3129 seraper
2481 3057 2538 3113 in
2565 3058 2840 3114 Christum
2901 3059 3147 3124 intento,
3203 3058 3417 3114 fortiter

193 3168 264 3204 να
294 3149 386 3204 τὸν
423 3152 639 3206 ἔπαινον
662 3153 833 3226 φέρει,
864 3152 957 3208 τοῦ
993 3155 1128 3226 μετὰ
1157 3155 1434 3228 ῥᾳστώνης
1466 3155 1754 3230 ἀχειμαστὶ

1858 3167 2159 3224 repugnare
2191 3151 2577 3221 voluptatibus,
2611 3153 2869 3222 majorem
2903 3151 3145 3222 profecto
3198 3150 3412 3205 iaudem

195 3258 273 3296 πα
280 3241 429 3314 ρθενε
437 3242 635 3306 ὕοντος.

1858 3245 2032 3310 affert,
2058 3259 2217 3314 quam
2243 3243 2296 3298 in
2334 3259 2547 3300 amoeno
2569 3244 2832 3313 beatoque
2865 3243 3169 3314 tranquillae
3192 3240 3417 3313 virgini-

1856 3339 1985 3393 tatis
2020 3343 2178 3406 portu
2205 3335 2470 3392 desidere.

264 3423 464 3482 ΓΡΗΓ.
509 3425 708 3478 Ἔοικε.

1929 3427 2132 3483 GREG.
2167 3428 2400 3496 Apparet
2431 3425 2504 3480 ita
2524 3440 2666 3481 esse.

263 3515 561 3570 ΕΥΒΟΥΛ.
605 3517 668 3569 Τί
697 3517 749 3569 δὲ
783 3516 875 3570 καὶ
903 3518 929 3570 ὁ
955 3515 1194 3588 Κύριοςς
1230 3517 1303 3570 Οὐ
1329 3516 1473 3570 δοκεῖ
1489 3515 1756 3571 δεικνύναι

1929 3516 2181 3574 EUBUL.
2207 3517 2348 3582 Quid
2397 3532 2526 3571 vero
2551 3523 2605 3570 ct
2643 3514 2944 3570 Dominus?
2988 3511 3178 3569 Nonne
3209 3511 3419 3567 videtur

192 3606 471 3679 διαφέρειν
499 3609 586 3662 τὸν
615 3608 976 3679 ἐπιθυμοῦντα
1010 3608 1203 3680 μᾶλλον
1239 3610 1330 3663 καὶ
1365 3609 1756 3680 ὲγκρατεύοντα

1859 3611 2165 3672 ostendere,
2195 3624 2316 3664 eum
2343 3608 2436 3678 qui
2489 3608 2944 3677 concupiscentia:
2975 3615 3143 3660 (nstro
3181 3604 3419 3674 jactatus

192 3697 287 3752 τοῦ
325 3697 403 3770 μὴ
431 3698 818 3770 ὲπιθυμοῢντὸς
843 3718 903 3753 τε
936 3701 1029 3754 καὶ
1063 3699 1518 3773 παρθενεύοντοςς

1859 3701 2246 3756 continentiam
2283 3703 2484 3761 teneat,
2512 3697 2668 3767 longe
2701 3697 2779 3751 illi
2811 3696 3142 3768 praecellere,
3172 3694 3266 3764 qui
3316 3694 3419 3747 liu-

1855 3793 1947 3864 jus
1973 3807 2164 3864 pugnae
2192 3805 2418 3847 securus
2443 3829 2458 3855 ,
2501 3789 2795 3860 sedataque
2837 3796 2930 3844 aut
2973 3786 3121 3841 nulla
3159 3785 3411 3856 concupi-

1861 3884 2088 3949 scentia,
2109 3882 2420 3952 virginitate
2454 3880 2692 3954 fulgeat?

261 3967 467 4022 ΓΡιιΓ.
510 3967 622 4022 Ποῦ
655 3969 750 4041 δής
1765 4012 1769 4015 ,

1765 4012 1769 4015 -
1931 3973 2136 4029 GREG.
2167 3972 2268 4028 Ubi
2303 3988 2428 4028 vero
2453 3973 2566 4027 haec
2600 3971 2898 4027 Dominus?

258 4057 565 4118 ΕΥΒΟΥΛρ
613 4057 778 4111 Ἔνθα
826 4057 915 4110 τὸν
948 4057 1205 4130 φρόνιμον
1236 4057 1592 4129 παραϐάλλων
1623 4059 1764 4130 οἰκίᾳ

1931 4064 2178 4120 LUBUL.
2239 4063 2341 4119 Ubi
2412 4065 2667 4120 nimirum
2745 4066 3038 4135 sapientem
3101 4077 3421 4133 comparans

187 4148 636 4222 τεθεμελιωμένῃ
668 4149 866 4214 καλῶς,
897 4150 1142 4203 ἄπτωτον
1182 4149 1343 4202 αὑτὸν
1389 4149 1751 4216 ἀποφαίνεται,

1863 4173 1985 4214 cum
2008 4157 2168 4213 domo
2206 4157 2341 4214 bene
2363 4156 2608 4220 fundata,
2637 4156 2975 4214 inconcussa:
3003 4173 3119 4212 eam
3150 4157 3423 4214 (inuitatis

197 4240 272 4310 μὴ
299 4241 599 4312 δυνάμενον
633 4241 738 4294 ἀπὸ
767 4242 861 4310 τῆς
894 4240 1093 4312 βροχῆς
1117 4241 1210 4294 καὶ
1249 4240 1355 4294 τῶν
1388 4241 1644 4312 ποταμῶν
1672 4242 1761 4295 καὶ

1863 4264 1984 4304 esse
2012 4248 2292 4312 decernit,
2342 4262 2502 4318 quam
2545 4247 2748 4302 imbres
2797 4246 3066 4302 irruentes
3113 4255 3165 4302 et
3202 4245 3424 4300 ﬂumina

195 4330 303 4383 τῶν
332 4333 552 4406 ἀνέμων
582 4332 1006 4404 καταϐληθῆναι’
1036 4335 1156 4396 ταῖς
1190 4333 1288 4404 μὲν
1322 4332 1654 4405 ἐπιθυμίαις,
1689 4333 1759 4398 ὡς

1863 4348 2258 4410 ventorumque
2299 4340 2382 4395 vis
2415 4340 2648 4409 dejicere
2678 4355 2785 4395 non
2837 4340 3071 4409 potuerit
3105 4339 3171 4392 “.
3219 4337 3423 4409 Nempe

197 4422 387 4491 ἔοικεν,
418 4426 734 4492 ἀπεικάζων
775 4427 898 4490 τοὺς
925 4427 1228 4498 χειμῶνας·
1258 4429 1324 4498 τῇ
1358 4427 1415 4480 δὲ
1461 4427 1634 4501 πέτρᾳ
1668 4427 1761 4498 τὴν

1864 4431 1966 4486 hoc
2002 4431 2189 4488 volens
2217 4451 2230 4486 :
2263 4446 2358 4502 per
2387 4434 2738 4502 tempestates
2771 4440 3068 4501 ventosque
3090 4439 3144 4485 et
3173 4430 3384 4500 pluvias
3406 4470 3423 4498 ,

199 4515 451 4588 ἀκίνητον
484 4519 730 4574 ἔνστασιν
775 4521 869 4574 καὶ
901 4521 1236 4576 ἀδιάπτωτον
1281 4522 1381 4593 τῆς
1423 4520 1598 4592 ψυχῆς
1635 4521 1763 4595 περὶΙ

1865 4523 2317 4596 concupiscentiae
2369 4533 2536 4580 aestus
2583 4523 2894 4595 designari;
2948 4531 3114 4596 petrae
3161 4538 3290 4579 vero
3327 4539 3426 4580 no-

201 4605 296 4680 τὴν
324 4611 565 4679 ἁγνείαν.

1869 4617 2034 4682 mine,
2069 4616 2397 4672 immobilem
2424 4615 2750 4686 virginitatis
2773 4618 3053 4687 proposito
3085 4616 3254 4671 animi
3290 4632 3426 4673 con—

1867 4707 2124 4760 stantiam
2155 4721 2219 4762 ac
2249 4707 2516 4761 castitatis
2546 4706 2930 4764 inconcussum
2979 4715 3220 4764 tenorem
3249 4707 3430 4764 decla-e

1863 4813 1996 4853 rari.

271 4878 310 4929 Γ
314 4878 467 4941 ΡΗΓ.
523 4878 720 4949 Ἀληθῆ
748 4878 924 4949 λέγειν
953 4879 1146 4945 δόξαις.

1938 4889 2147 4949 GREG.
2186 4889 2367 4948 Vidcri
2401 4891 2580 4961 possis
2603 4907 2728 4948 vera
2771 4893 2969 4949 dicere.

271 4970 570 5026 ΕΥΒΟΥΛ.
610 4971 673 5023 Τί
709 4971 795 5024 δαὶ
823 4971 918 5049 καὶ
940 4973 1148 5044 ἰατρὸν;
1180 4975 1252 5028 οὐ
1279 4975 1366 5029 τὸν
1386 4975 1760 5048 ὲπϊμεγάλαις

1935 4983 2188 5040 EUBUL.
2237 4983 2379 5050 Quid
2433 4998 2564 5040 vero
2595 4992 2650 5039 et
2687 4986 2998 5041 medicum?
3039 4985 3122 5041 An
3164 5002 3274 5042 non
3307 5001 3429 5043 eum

205 5061 303 5132 ήδη
346 5062 796 5134 δεδοκιμασμένον
827 5064 1019 5130 νόσοις,
1055 5069 1147 5121 και
1188 5067 1413 5134 πολλοὺς
1457 5069 1764 5140 ἰασάμενον,

1870 5092 2034 5133 vocas
2066 5077 2341 5147 habesque
2368 5076 2653 5147 optimum,
2679 5078 2769 5147 qui
2810 5078 2864 5134 in
2903 5080 3114 5150 magnis
3141 5079 3253 5150 jam
3287 5094 3434 5134 mor-

207 5153 424 5224 iptc'rov
458 5155 639 5220 καλεῖς
654 5173 670 5218 ;

1871 5167 1954 5224 bis
1984 5167 2282 5246 periculum
2315 5165 2461 5234 fecit,
2485 5175 2538 5223 et
2567 5167 2816 5238 plurimis
2837 5169 3122 5225 sanitatem
3158 5169 3435 5226 restituit?

272 5246 470 5298 ΓΡΗΓ.
517 5249 749 5318 Ἔγωγε.

1945 5255 2150 5310 GREG.
2189 5255 2469 5326 Equidem.

272 5337 568 5394 ΕΥΒϋΥΔ..
612 5341 713 5393 Τὸν
745 5341 800 5405 δὲ
837 5341 996 5400 μηδὲν
1046 5341 1266 5413 μηδέπω
1314 5342 1766 5414 διαπραξάμενον,

1943 5349 2188 5405 EUBUL.
2223 5349 2357 5403 Eum
2389 5358 2567 5404 autem
2600 5349 2690 5420 qui
2724 5349 2932 5405 nullum
2967 5350 3093 5405 dum
3141 5350 3227 5405 sui
3271 5362 3436 5417 cipe-.-

208 5428 340 5498 μηδὲ
368 5432 655 5498 νοσοῦντας
684 5434 820 5498 ὅλως
851 5435 909 5499 ἐν
937 5435 1122 5505 χερσὶν
1151 5437 1438 5508 ἐσχηκότα,
1475 5436 1535 5490 οὐ
1559 5436 1772 5499 πάντως

1873 5442 2162 5497 rimentum
2195 5441 2362 5504 dedit,
2399 5441 2673 5512 nullisque
2721 5457 2949 5512 prorsus
2990 5441 3205 5511 aegrotis
3235 5453 3433 5492 consu-

210 5519 510 5594 ἀδοκιμώτε
519 5543 609 5596 ρον
638 5525 718 5579 ἐτι
738 5541 754 5591 ;

1873 5535 1996 5599 luit,
2028 5550 2210 5591 nonne
2238 5533 2414 5590 adhuc
2445 5534 2629 5593 minus
2678 5537 2914 5606 omnino.
2951 5529 3434 5590 commendabilem

1876 5623 2051 5679 dicis?

312 5797 359 5828 ⁸³
397 5796 588 5863 Matt/1.
627 5819 722 5868 νη,
752 5800 840 5865 24.
