3962 6278
579 352 687 410 919
1447 351 1506 407 S.
1549 349 1876 407 METHODII
1915 346 2297 406 CONVIVIUM
2336 344 2561 398 DECEM
2602 341 2959 398 VIRGINUM.
3723 343 3844 396 Et}?

651 463 854 522 GREG.
885 463 1058 519 Certe.
2163 476 2204 526 Α

2163 476 2204 526 Α
2307 462 2500 514 rrm‘.
2543 461 2666 513 Ναί.

651 556 895 612 EUBUL.
927 555 1067 625 Ergo
1118 563 1174 612 et
1231 557 1468 612 animum
1525 559 1616 628 qui
1666 559 1882 613 mollius
1931 575 2131 628 corpus

2307 553 2594 606 ΕΥΒΟΥΛ.
2634 551 2837 605 Οὐκοῦν
2855 552 2948 606 καὶ
2975 550 3146 622 ψυχὴν
3175 551 3270 622 τὴν
3291 549 3634 621 ὰνεχομένην
3655 550 3837 621 ὑγρο-

579 651 827 713 sustinet,
858 649 1084 720 ejusque
1105 649 1385 704 libidinum
1415 660 1544 704 testu
1567 650 1934 721 :egritudines,
1961 652 2131 704 casti-

2269 647 2388 718 έρου
2419 645 2685 716 σώματος,
2718 648 2809 699 καὶ
2855 645 2954 709 τὰς
3003 644 3129 716 περὶ
3177 645 3372 716 ἡδονὰς
3423 643 3595 698 αὐτοῦ
3629 647 3833 707 νόσους

579 740 705 793 tatis
734 740 1139 794 medicamentis
1188 741 1320 794 lenit
1355 748 1408 794 et
1439 741 1626 805 sedat,
1669 743 1856 811 utique
1884 743 2130 798 dicamus

2270 741 2714 810 αταπραΰνουσαν
2741 736 3089 809 σωφροσύνης
3120 737 3450 808 φαρμάκοις,
3491 736 3829 807 ίατρικωτέ-

576 830 792 884 medica:
824 830 1096 883 facultatis
1126 831 1334 886 laudem
1365 831 1506 886 ferre
1535 833 1819 901 majorem,
1848 851 2008 904 quam
2042 837 2128 890 cui

2237 848 2329 902 ραν
2360 831 2572 883 λεκτέον
2601 831 2698 901 τῆς
2725 830 2953 898 ὑγιεινὸν
2983 829 3200 882 διοικεῖν
3231 828 3668 898 κεκληρωμένης
3712 827 3801 878 σῶ

573 921 736 989 probe
772 936 962 975 sanum
1000 937 1198 992 corpus
1251 938 1423 992 neque
1450 923 1596 979 vitiis
1624 926 1915 980 obnoxium
1939 927 2132 998 obtigit

1141 938 1198 978 us
1251 938 1423 992 neque
1450 923 1596 979 vitiis
1624 926 1915 980 obnoxium
1939 927 2132 998 obtigit
2231 939 2308 992 μα
2336 923 2429 976 καὶ
2457 922 2664 986 ἀπαθές
2691 935 2705 983 ;

571 1011 790 1078 regere?

638 1099 841 1156 GREG.
874 1102 1171 1159 Fatendum
1212 1112 1316 1159 est.

2299 1103 2494 1155 ΓΡΗΓ.
2536 1101 2766 1155 Λεκτέον
2795 1102 2920 1172 γάρ.

637 1193 884 1251 EUBUL.
916 1196 1054 1262 Quid
1086 1198 1209 1251 item
1241 1197 1295 1250 in
1339 1197 1526 1251 lucta?
1566 1195 1698 1253 Uter
1737 1201 1878 1270 pugil
1914 1202 2124 1267 melior,

2295 1193 2582 1246 ΕΥΒΟΥΛ.
2627 1193 2690 1245 Τί
2719 1191 2805 1246 δαὶ
2830 1193 2921 1245 καὶ
2947 1193 3004 1244 ἐν
3033 1191 3178 1263 πάλῃ
3200 1209 3214 1255 ;
3236 1191 3468 1258 Πότερον
3496 1189 3818 1259 παλαιστὴς

565 1287 658 1356 qui
707 1302 932 1356 magnos
972 1300 1025 1342 et
1063 1287 1235 1342 fortes
1261 1290 1485 1344 aemulos
1517 1291 1815 1359 experitur,
1852 1307 1915 1347 ac
1953 1296 2127 1348 conti-

2253 1285 2481 1356 ιμείνων,
2515 1288 2542 1338 ὁ
2574 1284 2972 1352 ἀνταγωνιστὰς
3020 1283 3156 1354 ἔχων
3206 1282 3476 1354 μεγάλους
3516 1282 3618 1334 καὶ
3656 1285 3817 1352 ἰσχυ-

565 1393 672 1432 nue
704 1378 848 1430 lucta
893 1379 1218 1450 defungens,
1261 1397 1370 1434 non
1416 1383 1719 1436 succumbit
1748 1399 2024 1454 unquam;
2056 1401 2122 1440 an

2249 1377 2372 1439 iobg,
2403 1378 2496 1429 καὶ
2522 1375 2902 1448 προσπαλαίων
2929 1377 3014 1428 ἀεὶ
3042 1376 3132 1428 καὶ
3160 1375 3232 1448 μὴ
3263 1373 3715 1446 καθαιρούμενος
3735 1391 3748 1403 ·
3781 1375 3813 1444 ἢ

565 1470 659 1539 qui
685 1469 850 1524 nullis
886 1470 1212 1526 adversariis
1242 1472 1516 1526 decertat?
2221 1469 2249 1518 ὁ
2286 1468 2358 1538 μὴ
2393 1468 2528 1538 ἔχων
2554 1467 2994 1535 ἀνταγωνιστάςς

636 1557 840 1612 GREG.
876 1558 1044 1616 Plane
1077 1564 1166 1632 qui
1197 1565 1491 1634 experitur.

1469 1581 1491 1616 ι,
2291 1555 2332 1607 Γ
2333 1555 2486 1609 ΡΗΓ.
2528 1555 2690 1627 Δῆλον
2721 1557 2796 1618 ὡς
2822 1557 2849 1608 ὁ
2880 1557 3033 1626 ἔχων.

634 1649 884 1705 EUBUL.
906 1653 1028 1707 Ain‘
1049 1662 1104 1708 tu
1130 1655 1180 1708 in
1208 1656 1456 1725 palarstra
1480 1672 1692 1728 quoque
1716 1659 1969 1714 athletam
1994 1678 2122 1732 prae-

2291 1646 2580 1698 ΕΥΒΟΥΛ.
2627 1647 2735 1698 Καὶ
2762 1649 2818 1698 ἐν
2846 1647 2988 1716 πάλῃ
3014 1646 3122 1718 ἄρα
3165 1644 3528 1717 δοκιμώτερος
3553 1646 3810 1716 ἀθλητὴς

564 1745 732 1803 stare,
757 1743 846 1811 qui
891 1745 1233 1802 adversarios
1259 1751 1686 1806 contranitentes
1718 1753 1984 1807 sustinet?

1454 1751 1686 1806 nitentes
1718 1753 1984 1807 sustinet?
2219 1739 2247 1790 6
2275 1738 2400 1800 τοὺς
2428 1737 2827 1805 ἀνταγωνιστὰς
2851 1737 3017 1808 ἔχων;

633 1831 838 1888 GREG.
870 1835 1104 1892 Necesse
1137 1848 1195 1892 ut
1223 1841 1459 1895 dicatur.
2152 1832 2194 1887 Β

1232 1841 1459 1895 dicatur.
2152 1832 2194 1887 Β
2292 1827 2485 1880 ΓΡΗΓ.
2542 1827 2796 1894 Ἀνάγκη.

632 1921 878 1980 EUBUL.
924 1927 1156 1984 Necesse
1204 1932 1388 2000 igitur,
1423 1941 1478 1985 ut
1515 1940 1566 1986 et
1604 1933 1854 2005 quisquis
1897 1943 2116 1993 strenue

2287 1918 2577 1970 ΕΥΒΟΥΛ.
2619 1916 2823 1970 Οὐκοῦν
2875 1917 2966 1969 καὶ
3017 1914 3190 1985 ψυχὴν
3224 1914 3432 1984 ἀνάγκη
3484 1915 3650 1966 πᾶσα

561 2015 816 2070 moliatur
853 2018 1112 2076 adversus
1154 2026 1608 2092 concupiscentiae
1653 2038 1864 2091 motus,
1914 2045 2014 2083 nec
2059 2045 2116 2085 se

2235 2008 2613 2076 μηχανωμένην
2659 2006 2796 2078 πρὸς
2837 2007 2933 2070 τὰς
2967 2007 3186 2075 ἐφόδους
3223 2005 3320 2075 τῆς
3360 2004 3694 2074 ἐπιθυμίας,
3729 2004 3799 2074 μὴ

559 2106 732 2178 abripi
765 2111 1020 2178 patiatur,
1053 2113 1145 2167 sed
1181 2113 1234 2167 in
1275 2115 1561 2170 adversum
1599 2117 1779 2170 trahat
1809 2132 1872 2172 ac
1900 2121 2116 2173 obnita—

2236 2099 2669 2169 ιατασπωμένην,
2710 2098 2821 2151 ἀλλ’
2850 2099 3208 2151 ἀνθέλκουσαν
3259 2098 3350 2150 καὶ
3396 2097 3800 2167 ἀντιτασσομέ-

556 2205 664 2265 tur,
698 2201 890 2257 fortior
923 2203 1188 2271 videatur,
1221 2221 1384 2276 quam
1415 2208 1508 2278 qui
1553 2207 1672 2276 ejus
1701 2209 1902 2264 nullam
1945 2212 2114 2268 inter-

2215 2205 2332 2261 νην,
2372 2190 2720 2261 ἰσχυροτέραν
2749 2191 3029 2260 φαίνεσθαι
3057 2192 3154 2261 τῆς
3182 2192 3255 2262 μὴ
3278 2189 3690 2259 ἐπιθυμούσης.

552 2289 895 2358 pellationem
934 2296 1150 2348 sentiat.

623 2375 828 2433 GREG.
860 2379 996 2436 Vera
1026 2384 1185 2438 dicis.

2283 2368 2479 2422 rpnr.
2531 2369 2749 2441 Ἀληθῆ.

624 2465 874 2522 EUBUL.
911 2469 1089 2535 Quid?
1121 2471 1357 2528 Fortiter
1385 2491 1444 2531 se
1474 2477 1671 2534 habere
1701 2481 1962 2540 adversus
1989 2500 2111 2555 pra-

2280 2461 2573 2516 ΕΥΒΟΥΛ.
2613 2463 2676 2515 Τί
2703 2461 2788 2515 δαί
2810 2479 2823 2526 ;
2854 2461 2914 2514 τὸ
2936 2461 3216 2534 καρτερῶς
3242 2461 3382 2531 ἔχειν
3411 2461 3554 2533 πρὸς
3580 2462 3691 2525 τὰς
3711 2463 3791 2532 ὁρ-

549 2572 741 2611 vorum
787 2561 1076 2616 affectuum
1120 2578 1183 2618 ac
1232 2565 1513 2622 libidinum
1548 2568 1800 2642 impetus,
1833 2574 1899 2629 ad
1936 2547 2110 2646 majo-

2226 2547 2340 2617 αὰς,
2374 2549 2688 2623 Γρηγόριον,
2723 2551 2828 2604 τῶν
2863 2551 3078 2620 φαύλων
3109 2551 3355 2622 ὀρέξεων,
3378 2550 3528 2604 δοκεῖ
3551 2567 3640 2604 σοι
3669 2553 3790 2619 μᾶλ-

550 2662 691 2712 rem,
725 2665 756 2703 ο
791 2649 1110 2723 Gregorium
1137 2693 1155 2722 ,
1199 2655 1534 2717 fortitudinis
1587 2637 1798 2721 laudem
1839 2637 2112 2737 pertinere

1199 2655 1534 2717 fortitudinis
1587 2637 1798 2721 laudem
1839 2637 2112 2737 pertinere
2209 2637 2298 2692 λον
2318 2639 2564 2711 ἀνδρείας
2589 2637 2758 2705 εἶναιξ

550 2740 872 2799 existimas?

624 2828 830 2889 GREG.
867 2836 1174 2894 Admodum
1204 2857 1355 2898 sane.

1306 2859 1355 2898 eo
2278 2819 2470 2873 ΓΡΗΓ.
2513 2820 2622 2872 Καὶ
2656 2819 2869 2892 σφόδρα.

624 2921 872 2981 EUBUL.
902 2928 1041 2984 Num
1076 2949 1205 2988 vero
1249 2933 1533 3005 fortitudo,
1574 2937 1796 2994 virtutis
1834 2941 2001 2997 robur
2044 2956 2109 2996 ac

2277 2906 2570 2963 ΕΥΒΟΥΛ.
2621 2908 2684 2960 Ἦ
2712 2908 2770 2961 δέ
2798 2906 3018 2979 ἀνδρεία
3047 2907 3184 2980 αὕτη
3217 2908 3445 2980 δύναμις
3477 2909 3730 2982 ἀρετῆςς

551 3017 750 3069 tenor?

621 3106 711 3161 Gil
723 3108 824 3163 EG.
850 3109 1034 3167 Plane.

2277 3093 2473 3146 rrnr.
2515 3091 2698 3163 Δῆλον.

618 3199 866 3258 EUBUL.
906 3204 1070 3274 Igitur
1116 3208 1160 3264 si
1190 3210 1407 3266 virtutis
1452 3215 1620 3268 robur
1662 3216 1950 3273 tolerantia
1998 3227 2102 3286 est,
2134 3181 2176 3238 ο

2267 3186 2568 3240 -ΕΥΒΟΥΛ,
2611 3184 2816 3238 Οὐκοῦν
2847 3185 2895 3238 εἱ
2920 3184 3143 3256 δύναμις
3172 3187 3370 3259 ἀρετῆς
3401 3191 3552 3242 ἐστιν
3580 3192 3612 3259 ἡ
3647 3191 3779 3244 ὑπο-

548 3305 728 3348 nonne
757 3297 846 3361 qui
880 3299 1145 3355 molestiis
1178 3311 1463 3358 exercetur
1510 3308 1744 3372 animus,
1789 3310 2107 3382 fortiterque.

2216 3279 2366 3350 μονὴ,
2398 3280 2430 3349 ἡ
2458 3277 2803 3348 διοχλουμένη
2834 3277 2938 3349 ἄρα
2967 3278 3110 3348 ψυχὴ
3139 3281 3230 3332 καὶ
3261 3281 3608 3352 καρτεροῦσα
3650 3284 3780 3356 πρὸς

547 3383 785 3440 tolerans
810 3389 1203 3456 cupiditatibus
1231 3403 1391 3465 atque
1421 3398 1568 3452 vitiis
1597 3369 1832 3465 obsistit,
1868 3403 1943 3456 illi
1969 3369 2106 3474 prae-

2215 3369 2305 3433 τὰς
2341 3369 2632 3441 ἐπιθυμίας
2659 3370 2995 3442 δυνατωτέρα
3024 3371 3267 3439 φαίνεται
3289 3373 3388 3443 τῆς
3412 3375 3487 3446 μὴ
3517 3375 3779 3447 ὀχλουμέ-

545 3480 690 3530 stare
723 3476 1062 3537 fortitudinis
1107 3483 1264 3540 laude
1311 3489 1583 3557 putandus
1625 3499 1728 3558 est,
1781 3494 1873 3564 qui
1927 3497 2105 3552 nullas
2208 3477 2304 3532 νης
2347 3477 2360 3524 ;

543 3567 809 3635 ejusmodi
840 3573 1114 3630 molestias
1142 3580 1444 3646 persentit?

592 3658 812 3718 -GREG.
843 3663 1117 3724 Profecto.

1072 3683 1117 3724 ο,
2274 3665 2469 3719 rear.
2511 3667 2636 3719 Nai.

613 3753 862 3813 EUBUL.
896 3760 1066 3831 Igitur
1103 3762 1151 3818 si
1195 3761 1410 3832 fortior,
1445 3768 1553 3822 erit
1585 3776 1639 3824 et
1665 3773 2032 3840 praestantior.

2273 3755 2562 3808 ΕΥΒΟΥΛ.
2604 3756 2664 3808 Εἰ
2695 3755 2749 3808 δὲ
2779 3757 3137 3829 δυνατωτέρα,
3177 3757 3270 3812 καὶ
3296 3759 3568 3830 κρείσσων
3603 3761 3735 3832 (6‘).

611 3842 815 3904 GREG.
854 3849 1016 3906 Sane.

2275 3846 2467 3898 ΓΡΗΓ.
2513 3847 2635 3899 Ναί.

612 3935 864 3994 EUBUL.
901 3941 1089 3998 Melior
1122 3960 1251 4014 ergo
1289 3955 1342 4002 et
1376 3951 1726 4018 praestantior
1767 3960 1881 4016 est,
1931 3971 2104 4025 quan-

2273 3937 2562 3992 ΕΥΒΟΥΛ.
2605 3941 2884 4012 Κρείσσων
2919 3941 3025 4015 ἄρα
3070 3945 3101 4014 ἡ
3151 3943 3492 4014 ἐπιθυμοῦσα
3537 3947 3636 4000 καὶ
3686 3949 3769 4015 ἐτ-

540 4035 658 4084 tum
690 4045 756 4082 ex
785 4033 944 4088 modo
971 4038 1250 4093 concessis
1285 4040 1562 4096 evidenter
1590 4045 1858 4113 sequitur,
1894 4047 1985 4116 qui
2017 4047 2104 4100 in-

2205 4031 2569 4104 κρατευομένη
2603 4034 2699 4103 τῆς
2729 4034 2800 4103 μὴ
2827 4034 3192 4106 ἐπιθυμούσης
3221 4036 3385 4104 ἐστὶν,
3418 4039 3482 4090 ἐκ
3503 4038 3615 4092 τῶν
3639 4055 3769 4110 προ-

541 4126 628 4172 ter
652 4125 1103 4192 concupiscentiae
1127 4136 1292 4183 aestus
1325 4133 1711 4188 continentiam
1745 4144 1911 4200 tenet,
1939 4154 2101 4209 quam

1745 4144 1911 4200 tenet,
1939 4154 2101 4209 quam
2203 4122 2652 4194 ωμολογημένων,
2684 4127 2774 4178 καὶ
2809 4128 3293 4199 ἐγκρατευομένης.

541 4212 636 4279 qui
669 4213 815 4267 nulla
860 4217 1108 4285 pulsatus
1141 4219 1362 4276 libidine
1391 4221 1446 4276 in
1478 4226 1742 4282 castitatis
1781 4243 1974 4284 secure
2003 4246 2102 4284 ea-

537 4302 671 4361 stris
695 4314 880 4361 meret.

610 4414 815 4474 GREG.
860 4418 996 4474 Rem
1031 4437 1237 4478 meram
1291 4425 1549 4495 loqueris.
1588 4427 1695 4483 Sed
1737 4431 1803 4485 de
1849 4433 1935 4488 his
1965 4433 2100 4489 alias

2274 4415 2466 4469 ΓΡΗΓ.
2519 4417 2714 4489 Ἄλτιθῆ
2744 4417 2939 4486 λέγεις,
2972 4419 3066 4474 καὶ⁸
3109 4420 3431 4492 ἐπιθυμήσω
3477 4423 3770 4494 πληρέστε-

537 4509 842 4567 absolutius
898 4521 1073 4568 tecum
1134 4531 1438 4574 sermonem
1491 4519 1740 4576 conferre
1788 4525 1982 4593 gestio.
2039 4525 2094 4580 Si

2205 4525 2293 4580 ρον
2328 4508 2406 4561 ἔτι
2435 4508 2785 4579 περὶτούτων
2816 4510 3150 4582 διαλεχθῆναί
3188 4531 3285 4566 σοι.
3318 4515 3380 4567 El
3425 4511 3518 4569 οὖν
3564 4534 3651 4570 σοι
3686 4520 3767 4588 φί-

536 4601 720 4673 itaque
768 4607 863 4661 tibi
899 4622 1060 4677 grave
1111 4625 1219 4664 non
1254 4619 1359 4677 est,
1413 4629 1536 4669 cras
1568 4614 1844 4679 accedam,
1893 4617 1959 4673 de
2013 4619 2096 4676 his

2205 4603 2303 4664 λον,
2337 4599 2520 4671 αὔριον
2551 4600 2806 4672 ἀψίξομαι
2839 4603 2997 4657 πάλιν
3025 4605 3361 4678 ἁκουσομένη
3397 4607 3628 4664 τούτων.
3658 4609 3769 4662 Νῦν

537 4696 806 4754 auditura.
841 4700 997 4756 Nunc
1038 4704 1204 4767 enim,
1257 4712 1317 4758 ut
1345 4705 1518 4772 vides,
1565 4717 1779 4778 tempus
1825 4717 1909 4764 est
1955 4717 2012 4766 ut
2045 4719 2099 4768 et

2199 4693 2323 4765 γὰρ,
2352 4694 2428 4758 ὡς
2458 4697 2607 4766 ὁρᾷς,
2639 4695 2754 4766 ὥρα
2794 4695 2973 4749 λοιπὸν
3015 4698 3315 4771 τραπέσθαι
3359 4702 3452 4754 καὶ
3504 4703 3638 4774 περὶ
3669 4703 3763 4755 τοῦ

537 4791 774 4845 animum
811 4795 876 4849 ad
908 4797 1192 4852 exterioris
1215 4797 1452 4855 hominis
1481 4808 1760 4856 vertamus
1789 4817 1996 4859 curam.

1638 4816 1760 4856 mus
1789 4817 1996 4859 curam.
2197 4785 2393 4852 ἔξωθεν
2426 4788 2680 4858 ἀσχολίαν
2713 4791 2858 4860 ἡμᾶς
2889 4789 3197 4861 ἀνθρώπου.

604 5014 720 5088 (6i)
751 5018 818 5069 Et
835 5016 1230 5088 δυνατωτέρα,
1257 5021 1349 5074 καὶ
1387 5021 1702 5088 κρείσσων.
1727 5020 1960 5077 Facilior
1985 5040 2101 5078 ma-

2200 5017 2376 5071 adhue
2412 5015 2680 5086 incipiens
2733 5031 2796 5070 ac
2831 5016 2983 5086 quasi
3040 5016 3464 5088 rudimentarius
3511 5027 3620 5080 est,
3663 5037 3764 5075 nec

533 5103 638 5140 nus
671 5086 801 5140 dare
829 5087 1058 5161 lfuhulio
1095 5085 1306 5144 videtur
1335 5085 1684 5161 Grégorium,
1736 5095 1980 5160 arguenti
2031 5111 2097 5149 ex
2199 5088 2414 5143 virtutis
2446 5085 2594 5157 lyceo
2634 5088 2766 5161 satis
2796 5085 3145 5161 eiercitatus.
3180 5085 3417 5161 Fallacia
3455 5104 3587 5158 ergo
3631 5106 3766 5143 conc

529 5173 638 5212 non
673 5171 834 5210 causa
883 5157 1240 5233 ad‘eausam;
1276 5155 1725 5233 quasifnimirum
1789 5155 1905 5233 ipsa
1939 5166 2101 5218 vitio-
2198 5155 2478 5233 sequentis
2505 5165 2607 5211 est.
2645 5155 2809 5211 Plane
2855 5157 3119 5233 siquidem
3157 5160 3347 5233 melior
3367 5174 3445 5233 ‘ac
3471 5171 3762 5233 prtestan-

530 5243 651 5281 rum
691 5229 773 5281 vis
800 5235 853 5280 et
887 5226 1159 5282 infestatio
1185 5230 1254 5285 sit
1281 5226 1494 5287 virtutis
1519 5233 1598 5286 vis
1643 5248 1706 5287 ac
1747 5226 1932 5296 robur,
1989 5250 2097 5289 non
2200 5226 2324 5291 tior.
2359 5229 2450 5296 (ιιιί
2481 5243 2544 5282 εκ
2587 5243 2644 5281 se
2698 5235 2749 5278 οι
2798 5245 2901 5296 tl":l
2939 5229 3100 5297 [30“el
3132 5227 3330 5282 νίηυῑθ
3361 5226 3554 5283 “Mli”
3588 5239 3674 5284 (³⁵³
3700 5246 3764 5284 ac

528 5297 661 5367 quid
717 5298 1107 5362 extrinseeum,
1141 5314 1206 5353 ex
1259 5317 1317 5354 se
1359 5301 1431 5353 illi
1463 5302 1702 5357 alliciens
1735 5318 1798 5356 ac
1829 5319 2098 5358 mum-am
2199 5299 2492 5360 robustior,
2521 5312 2625 5350 non
2647 5298 2736 5366 qui
2769 5298 3027 5351 debiliorc
3057 5298 3255 5352 virtute
3279 5300 3555 5367 graviores
3583 5301 3763 5354 insul-

529 5370 772 5432 faciens;
816 5368 930 5421 sola
973 5384 1101 5420 vero
1137 5371 1445 5431 occasione,
1499 5372 1796 5426 olmitentia
1838 5375 2002 5427 animi
2037 5389 2101 5428 ac
2199 5380 2289 5423 tus
2320 5369 2542 5438 patitur,
2589 5369 2816 5420 necdum
2853 5383 3014 5422 ovare
3058 5367 3250 5421 doctus
3285 5369 3649 5433 νίριοτίέινεοό
3681 5371 3764 5424 ni-

526 5440 900 5500 contentione,
934 5439 1151 5512 juvans,
1188 5439 1316 5493 dum
1369 5441 1483 5494 haec
1517 5457 1775 5512 superare
1825 5451 2096 5498 conatur:
2199 5449 2320 5512 tens
2350 5443 2510 5512 serio,
2537 5439 2997 5512 perturbationum
3018 5452 3317 5512 oppressus
3353 5441 3606 5512 colluvie,
3671 5457 3761 5502 ne.

529 5509 728 5582 quib-is
755 5509 867 5576 jam
900 5510 1546 5582 superatisexpurgatus
1585 5508 1839 5572 'animus,
1883 5515 2102 5582 illisque
2201 5509 2468 5578 frequenti
2493 5525 2558 5561 eo
2585 5508 3038 5582 st_atu,nau_fragio
3092 5509 3766 5582 profundotlemergatur;

530 5575 704 5652 factus
726 5575 998 5652 superior,
1027 5580 1242 5634 virtutis
1277 5575 1378 5633 iter
1392 5575 1651 5650 giganteo
1674 5583 1914 5652 decurrit
1942 5575 2097 5652 pede,
2201 5575 2440 5652 claritatis
2461 5594 2583 5631 cum
2617 5575 2814 5631 Paulo:
2845 5575 3038 5652 Infelix
3058 5575 3322 5652 egojtomo
3341 5579 3493 5652 !_quis
3525 5575 3607 5634 τιιέ
3635 5583 3760 5634 libe-

529 5647 599 5700 ab
646 5647 942 5722 actioneet
982 5665 1161 5718 pugna
1208 5647 1587 5722 cupiditatum,
1625 5651 1693 5704 ad
1725 5647 2014 5706 scientiam
2046 5660 2102 5705 et
2203 5650 2340 5702 rubit
2373 5650 2436 5702 de
2471 5663 2684 5722 corpore
2712 5647 3114 5722 ntortis'ltujus}
3147 5649 3268 5702 llzec
3301 5647 3525 5705 infantia
3547 5667 3611 5706 ac
3638 5667 3760 5722 par-

530 5717 1041 5786 coatemplationem
1065 5717 1157 5773 ’ae
1187 5717 1475 5783 rati—onem,
1533 5720 1806 5792 Deumque
1840 5724 2097 5792 evolans;
2205 5722 2307 5774 vuli
2336 5727 2485 5783 tetas,
2508 5720 2597 5774 illa
2626 5719 2722 5772 viri
2755 5720 3031 5789 perfectio.
3061 5717 3328 5774 COIBEFIS

529 5801 598 5841 ne
630 5796 886 5855 reputans
908 5792 1144 5858 quidem,
1165 5807 1392 5861 quorum
1413 5792 1498 5845 vix
1525 5791 1804 5861 aspectum
1833 5791 1986 5858 ferat,
2011 5795 2098 5862 qui
