3962 6278
570 346 676 399 259

1508 341 1566 396 S.
1608 339 1935 396 METHODII
1959 336 2259 393 EPISCOPI
2298 337 2385 392 ET
2423 336 2779 392 MARTYRIS

3732 332 3838 385 2-21)

563 470 620 515 et
664 475 856 531 puram
904 469 952 516 et
997 459 1063 514 ab
1096 459 1245 514 omni
1279 467 1502 531 peccato
1529 458 1886 525 disjunctam;
1931 472 2124 531 conse-
2154 467 2200 516 Α
2227 473 2288 531 ne
2307 469 2470 531 genita
2490 457 2774 531 humanum
2802 454 3024 531 {iterare
3043 455 3178 524 potis
3199 462 3353 531 esset:
3391 447 3815 531 Hischgtho

562 527 793 600 quenter
824 531 1155 600 intelligitur,
1181 527 1304 585 cum
1327 529 1461 583 dicit
1482 537 1690 584 tantum
1723 537 1902 600 castos
1917 537 1983 600 et
2009 527 2120 600 vir—

562 597 719 670 gines
761 597 1034 671 possidere
1081 601 1490 671 promissiones,
1533 600 1632 653 sub
1665 598 1882 671 nomine
1916 597 2120 671 illo_in-

563 668 731 742 telligi
762 668 1008 742 reliquos
1037 668 1248 734 omnes,
1283 671 1551 742 qui,_licet
1586 670 1821 736 virgines
1851 684 1956 722 non
1989 668 2118 742 sint,

563 757 664 796 nec
685 738 1059 796 castinmniam
1083 738 1370 806 coluerint,
1400 740 1616 795 fuerunt
1638 747 1819 792 tamen
1845 747 1898 794 et
1920 738 2122 792 sancti-

561 819 673 868 tate
701 813 840 876 vitae,
869 818 923 865 et
945 813 1146 881 pietate
1178 813 1232 881 in
1267 811 1453 875 Deum,
1482 820 1534 865 et
1559 808 1851 864 virtutibus
1881 809 2000 881 aliis
2030 810 2117 861 in-

561 883 750 936 structi
785 879 961 950 atque
978 883 1174 936 ornati.
1205 879 1476 937 Justorum
1508 881 1673 941 enim,
1707 879 2119 949 quomodocun-

559 969 664 1021 que
692 953 822 1020 justi
854 959 1002 1016 sunt,
1021 963 1123 1022 est
1151 967 1373 1022 regnum
1401 952 1686 1022 caalorum.

627 1017 743 1078 Col.
776 1023 897 1078 194.
915 1021 980 1076 Α.
1000 1021 1130 1077 Cum
1159 1017 1260 1076 no'n
1287 1025 1364 1076 ita
1380 1020 1648 1075 commode
1676 1020 1761 1073 [ex
1778 1035 1809 1074 a
1828 1017 2118 1086 corruptio-

2224 518 2502 580 dii'verbis
2532 527 2712 595 opinio
2735 525 2997 579 refellitur
3020 518 3474 595 asseverantium,
3502 530 3654 575 ante
3677 518 3824 572 Chri-

2225 598 2294 669 s_ti
2322 594 2607 669 adventum
2632 597 2937 666 plerosque,
2971 611 3144 665 neque
3171 594 3481 669 ειιέιπὶεῑο³⁵
3497 604 3714 660 neque
3745 603 3831 669 per

2221 662 3038 730 Cliristum,;ete'rnarnsalutem
3058 662 3407 720 consecutos.
3441 662 3538 716 De
3571 675 3697 730 qua
3724 662 3836 727 opi-

2220 737 2383 791 nione
2419 753 2520 792 nos
2565 737 2690 791 alibi
2725 737 2843 790 fuse
2873 737 3288 805 disputavimus,
3318 743 3372 788 et
3403 729 3732 805 quomodo
3775 743 3832 782 ea

2220 806 2571 876 intelligenda
2595 808 2684 870 sit,
2709 824 2776 862 ne
2804 802 3200 860 diua—Patrum
3232 805 3285 858 id
3321 802 3674 876 asserentia
3704 815 3831 853 con-

2219 874 2475 949 demnare
2526 892 2804 949 cogamur.
2841 876 2970 932 Vide
2980 876 3168 949 _etiam_
3193 891 3313 945 quae
3343 874 3827 949 depaganorum

2219 946 2504 1018 animabus
2535 945 2686 1001 libris
2714 949 2950 1018 quinque
2978 947 3302 1002 Franciscus
3344 945 3585 999 (Sollius
3639 945 3830 1010 copio-

2218 1017 2433 1072 sissime
2458 1018 2736 1072 disseruit.

567 1205 3810 1244 Μ

1432 1372 1656 1458 ΤΟΥ
1706 1364 2042 1458 ΑΓΙΟΥ
2105 1365 2918 1458 ΙΕΡΟΜΑΡΤΥΡΟΣ

1579 1560 2742 1738 ΜΕΘΟΔΙΟΥ

992 1836 1737 1977 ΕΚΛΟΓΑΙ
1806 1837 2101 1972 ΚΑΙ
2177 1841 2709 1978 ΛΟΓΟΙ
2745 1921 2750 1925 -
2781 1847 3298 1976 ΤΙΝΕΣ.

1315 2230 1992 2388 SANGTI
2072 2233 3012 2386 METHODII

1865 2511 2470 2604 MARTYBIS

865 2729 1613 2846 EXCERPTA
1686 2723 1854 2842 AC
1922 2725 2737 2844 ORATIONES
2779 2729 3446 2866 ALIQUOT.

1445 3079 1702 3165 ΠΕΡΙ
1753 3082 1978 3170 ΤΟΥ
2015 3070 2824 3170 ΑΠΕΞΟΥΣΙΟΥ.

2037 3266 2277 3330 LIBER

1480 3457 1630 3546 DE
1707 3456 2148 3551 LIBEBO
2217 3455 2837 3548 ARBITBIO.

541 3637 647 3690 Hoc
665 3639 872 3702 primum
897 3641 1190 3700 excerplum
1208 3637 1570 3702 Methodianum
1593 3637 1654 3692 de
1674 3638 1825 3693 libero
1845 3638 2066 3698 arbitrio,
2088 3642 2276 3702 primus
2294 3640 2462 3689 Graece
2485 3641 2701 3701 vulgavit
2716 3639 2931 3688 Joannes
2955 3637 3196 3688 Meursius
3213 3641 3273 3702 In
3295 3636 3565 3689 rariorum
3588 3639 3771 3693 dit-ano-

601 3699 709 3751 ruin
736 3702 886 3758 libro;
918 3699 1132 3764 Joannes
1155 3699 1539 3764 autemLamius
1563 3703 1615 3751 V.
1638 3703 1688 3752 C.
1712 3704 1885 3753 Latine
1913 3699 2554 3764 vertit,‘exeudendumque
2574 3699 2758 3751 curavit
2774 3702 2830 3764 jn
2854 3714 2940 3749 sua
2963 3702 3213 3764 luculenta
3233 3701 3628 3752 Meursianorum
3652 3717 3770 3764 ope.

599 3778 708 3812 rum
738 3763 1062 3828 collectlone,
1109 3770 1228 3812 tom.
1270 3761 1412 3824 VIII,
1455 3777 1567 3827 pag.
1602 3765 1828 3816 725-758.
1864 3765 1962 3814 Nos
2009 3777 2125 3814 vero
2160 3765 2370 3826 primum
2405 3761 2735 3827 interpretem
2763 3761 3108 3814 Combelisium
3140 3763 3346 3828 ejusque
3382 3772 3528 3815 notas
3562 3761 3770 3814 exhibe-

598 3839 723 3875 mus.
758 3823 1042 3890 (GALLAND.)

539 4061 541 4064 ’
612 4071 784 4126 Senex
814 4070 1031 4139 quidem
1062 4069 1383 4134 Ithacensis,
1411 4087 1562 4136 cum,
1611 4079 1670 4126 ut
1713 4071 1883 4128 Graeci
1940 4072 2095 4128 fabu-
2127 4080 2172 4135 Β

541 4163 754 4224 lantur,
811 4160 1102 4230 voluptatis
1149 4161 1368 4238 auditus
1424 4163 1803 4230 incontinens,
1851 4163 2102 4220 Sirenum

541 4259 763 4309 cantum
790 4252 978 4306 audire
1002 4253 1181 4318 vellet,
1229 4254 1498 4324 navigavit
1522 4255 1738 4311 vinctus
1767 4257 1882 4326 ipse
1920 4257 1975 4311 in
2017 4256 2105 4313 Si-

540 4345 745 4406 ciliam,
777 4345 1162 4413 sociorumque
1209 4345 1480 4399 obstruxit
1527 4360 1685 4402 aures
1730 4365 1743 4402 :
1786 4363 1897 4403 non
1945 4350 2103 4420 quasi

538 4437 625 4492 vel
654 4436 762 4491 illis
791 4435 1057 4491 invideret
1092 4436 1358 4502 auditum,
1411 4437 1490 4491 vel
1520 4453 1577 4492 se
1624 4439 1741 4507 ipse
1767 4439 1999 4496 vinculis
2037 4442 2106 4495 li-

540 4529 674 4584 bens
704 4529 990 4612 insereret,
1028 4529 1123 4584 sed
1159 4530 1301 4599 quod
1331 4531 1656 4586 cantilenam
1700 4532 1970 4601 ejusmodi
2009 4550 2105 4588 au-

541 4621 815 4678 dientibus
869 4637 1019 4677 mors
1066 4621 1283 4678 tandem
1329 4623 1655 4680 immineret.
1700 4625 1857 4681 Tales
1908 4626 2106 4697 quippe

542 4711 745 4770 Graecis
781 4723 908 4769 sunt
941 4713 1190 4770 Sirenum
1239 4716 1560 4787 voluptates.
1596 4719 1902 4783 Enimvero,
1934 4721 2105 4775 haud-

543 4822 813 4878 quaquam
842 4824 942 4880 ego
970 4808 1095 4866 talis
1122 4811 1386 4867 cantionis
1419 4809 1634 4868 auditor
1674 4812 1783 4881 fio;
1819 4830 1918 4870 nec
1949 4815 2100 4870 Sire-

542 4915 642 4954 nas
671 4899 897 4957 funebre
917 4917 1135 4958 carmen
1156 4903 1436 4960 hominum
1472 4906 1843 4970 concinentes,
1873 4924 2101 4978 quarum

542 4991 820 5046 silentium
852 4992 973 5062 plus
1002 5008 1134 5049 voce
1162 4994 1476 5052 hominibus
1523 4998 1716 5067 prosit,
1740 4998 1927 5053 audire
1957 4999 2102 5055 desi-

542 5078 675 5136 dero
707 5100 719 5136 :
745 5082 906 5152 cupio
928 5089 1106 5138 autem
1135 5083 1314 5139 divina
1343 5085 1574 5156 quadam
1602 5103 1736 5144 voce
1768 5087 1905 5155 frui,
1943 5090 2101 5159 cujus

543 5171 740 5240 sarpius
765 5173 991 5243 repetita
1021 5174 1222 5230 auditio
1268 5177 1594 5234 desiderium
1621 5181 1963 5250 accumulat;
1993 5198 2102 5238 non

539 5265 688 5320 velut
729 5265 1016 5337 impudicae
1042 5269 1192 5325 vocis
1231 5271 1478 5342 voluptas
1514 5275 1869 5344 superaverit,
1910 5274 2005 5330 sed
2042 5282 2103 5328 ut

540 5358 631 5427 qui
661 5367 1003 5414 sacramenta
1035 5359 1217 5414 divina
1245 5361 1468 5416 habeam
1496 5365 1793 5430 addiscere,
1827 5374 1878 5421 et
1903 5366 1970 5420 ad
2006 5382 2103 5420 ex-

541 5458 808 5514 tremum,
841 5465 950 5503 non
1000 5457 1251 5515 mortem,
1287 5452 1381 5506 sed
1428 5455 1654 5509 salutem
1706 5464 1960 5511 aeternam
2003 5471 2099 5508 ex-

544 5548 800 5609 spectem.
827 5539 1105 5611 Siquidem
1137 5543 1433 5596 concinunt
1452 5545 1792 5613 cantilenam,
1820 5562 1926 5601 non
1949 5544 2098 5600 Cra:-

545 5640 728 5685 corum
762 5631 982 5688 Sirenes
1011 5630 1326 5696 mortiferae,
1368 5633 1460 5688 sed
1487 5633 1700 5689 divinus
1727 5636 1945 5705 quidam
2001 5649 2097 5687 au-

2285 4071 2343 4124 ⁸0
2381 4070 2478 4140 μὲν
2511 4067 2588 4139 (1)
2607 4068 2904 4139 Ἰθακήσιος
2933 4065 3130 4138 γέρων,
3163 4065 3301 4119 κατὰ
3319 4065 3409 4119 τὸν
3439 4067 3549 4120 τῶν
3581 4068 3761 4136 Ἐλλή-

2206 4181 2311 4217 νων
2351 4161 2538 4233 μῦθον,
2576 4161 2675 4230 τῆς
2699 4160 2966 4232 Σειρήνων
2995 4159 3310 4229 βουλόμενος
3332 4159 3563 4214 ἀκοῦσαι
3599 4159 3761 4230 ᾠδῆς,

2205 4255 2293 4309 διὰ
2311 4253 2406 4324 τὴν
2425 4253 2524 4321 τῆς
2544 4253 2726 4323 φωνῆς
2750 4252 3042 4307 ἀκόλαστον
3071 4251 3281 4324 ἡδονὴν,
3302 4250 3589 4323 δεσμώτης
3616 4252 3762 4305 ἔπλει

2203 4350 2284 4411 εἰς
2311 4345 2408 4418 τὴν
2447 4345 2712 4409 Σικελίαν,
2746 4345 2838 4399 καὶ
2870 4344 2968 4408 τὰς
3013 4343 3119 4398 τῶν
3168 4344 3397 4414 ἑταίρων
3439 4344 3762 4416 ὲνέφραττεν

2204 4439 2401 4502 ἀκοάςο
2437 4438 2537 4490 οὐκ
2581 4436 2803 4499 ἐκείνοις
2840 4437 2998 4489 ἕνεκα
3045 4436 3140 4506 τῆς
3171 4435 3483 4507 ἀκροάσεως
3532 4436 3760 4504 φθονῶν,

2203 4529 2324 4582 οὐδὲ
2359 4529 2547 4582 ἑαυτὸν
2587 4527 2766 4599 δεσμῷ
2817 4527 3155 4600 περιϐάλλειν
3196 4527 3505 4598 ἐπιθυμῶν·
3541 4531 3659 4584 ἀλλ’
3689 4533 3761 4584 ὅτι

2204 4620 2353 4684 τέλος
2390 4621 2487 4690 τῆς
2518 4621 2738 4674 ἐκείνων
2787 4621 2928 4691 ᾠδῆς
2959 4623 3069 4684 τοῖς
3116 4620 3369 4676 ἀκούουσι
3404 4620 3637 4687 θάνατος
3677 4621 3756 4694 ἦν.

2204 4715 2458 4771 Τοιαῦται
2491 4717 2596 4788 γὰρ
2627 4716 2754 4788 παρ’
2791 4715 3044 4788 Ἕλλησιν
3072 4715 3258 4787 ἡδοναὶ
3295 4717 3586 4788 Σειρήνων.
3627 4718 3760 4784 Ἐγὼ

2203 4808 2279 4874 δὲ,
2325 4808 2575 4878 τοιαύτης
2612 4809 2707 4878 μὲν
2755 4807 2895 4879 ᾠδῆς
2924 4808 3195 4880 ἀκροατὴς
3241 4808 3298 4860 ού
3342 4808 3596 4878 γίνομαι’
3650 4810 3760 4864 οὐδὲ

2202 4901 2420 4957 ἀκούειν
2474 4900 2720 4972 ἐπιθυμῶ
2774 4901 3062 4973 Σειρήνων,
3121 4901 3400 4970 ἐπιτάφιον
3462 4901 3760 4972 ἀνθρώπων

2204 4994 2461 5065 ᾀδουσῶν,
2497 4987 2572 5046 ὧν
2609 4995 2642 5065 ἡ
2677 4992 2801 5064 σιγὴ
2852 4993 2952 5062 τῆς
2985 4992 3168 5062 φωνῆς
3219 4991 3523 5064 ἀνθρώποις
3567 5009 3756 5063 χρησι-

2205 5087 2425 5158 μωτέρα
2470 5086 2705 5156 γίνεται·
2757 5085 2904 5148 Θείας
2936 5084 2993 5138 δέ
3044 5101 3186 5149 τινος
3239 5083 3528 5137 ἀπολαύειν
3576 5084 3756 5154 φωνῆς

2203 5179 2452 5251 εὔχομαι,
2492 5174 2559 5252 ἦς
2609 5177 2709 5232 κᾶν
2747 5177 3002 5239 πολλάκις
3047 5174 3283 5239 ἀκούσω,
3330 5175 3489 5228 πάλιν
3541 5175 3754 5229 ἀκούειν

2202 5269 2447 5341 ἐπιθυμῶ
2468 5286 2480 5298 ·
2513 5269 2611 5322 οὐκ
2642 5267 2936 5320 ἀκολάστου
2972 5265 3155 5335 φωνῆς
3184 5264 3341 5336 ἡδονῇ
3386 5265 3749 5334 νενικημένος,

2203 5360 2336 5414 ἀλλά
2380 5360 2497 5413 θεῖα
2539 5357 2914 5428 διδασκόμενος
2947 5357 3244 5428 μυστήρια’
3288 5356 3381 5410 καὶ
3422 5355 3487 5408 ’τὸ
3517 5355 3669 5418 τέλος
3693 5356 3748 5406 οὐ

2206 5453 2449 5516 θάνατον,
2521 5451 2630 5504 ἀλλ’
2691 5449 2903 5503 αἰώνιον
2958 5449 3386 5518 ἀπεκδεχόμενος
3461 5446 3747 5517 σωτηρίαν.

2209 5543 2424 5614 ’ᾼδουσι
2450 5541 2558 5613 γὰρ
2591 5542 2687 5612 τὴν
2718 5540 2855 5612 ᾠδὴν
2883 5541 2978 5610 ούχ
3011 5542 3064 5594 αἱ
3115 5539 3473 5609 θανατηφόροι
3507 5536 3751 5606 Σειρῆνες

2217 5636 2498 5706 Ἑλλήνων,
2550 5634 2681 5687 ἀλλά
2724 5634 2860 5698 θεῖός
2894 5652 2975 5698 τις
3017 5633 3172 5704 χορὸς
3216 5629 3526 5704 προφητῶν,
3569 5630 3651 5698 ἐφ’
3684 5620 3750 5680 ὧν

627 5785 700 5855 (l)
735 5787 875 5843 Μέν.
916 5788 992 5844 Ita
1034 5790 1408 5849 Combeﬁsius.
1455 5789 1722 5847 Meursius
1767 5800 1944 5846 tamen
1979 5790 2108 5846 edit.
2144 5789 2382 5848 Florent.
2420 5794 2546 5864 μήν.
