3962 6278
213 412 314 468 241
1343 409 1471 466 LIB.
1511 410 1600 465 DE
1636 410 1884 470 ΗΒΕΗο
1921 409 2268 468 ARBITRIO.
3330 415 3437 470 25?.

214 535 314 588 οὐκ
343 534 456 588 ἔστι
498 534 867 606 ἀποφράττειν
897 534 1002 588 τῶν
1046 532 1274 606 ἑταίρων
1307 535 1407 600 τὰς
1437 537 1623 602 ἁκοάς,
1659 537 1765 591 οὐδέ

1878 544 2177 608 gustusque
2201 535 2400 590 chorus
2423 533 2804 604 prophetarum
2829 550 2843 599 ;
2870 532 2924 586 in
2948 530 3144 602 quibus
3164 547 3266 587 nec
3297 548 3442 604 opus

212 631 404 686 ἑαυτόν
435 647 541 682 τινι
563 629 748 702 δεσμῷ
781 630 1142 702 περιϐάλλειν,
1169 631 1448 686 δεδοικότα
1465 633 1564 704 τὴν
1591 634 1656 685 ὲκ
1678 634 1765 704 τῆς

1879 630 2044 686 fuerit
2091 637 2152 684 ut
2195 629 2320 699 quis
2372 628 2642 684 sociorum
2675 627 2894 682 obturet
2951 640 3132 689 aures,
3168 633 3455 696 neque-ut:

213 724 529 794 ἀκροάσεως
559 724 848 796 τιμωρίαν.
881 723 1000 776 Τῶν
1030 725 1128 796 μὲν
1154 724 1261 798 γὰρ
1296 726 1435 797 μετά
1464 726 1563 797 τῆς
1595 727 1765 797 φωνῆς

1879 723 2016 791 ipse,
2049 721 2341 776 auditionis
2365 721 2572 775 veritus
2599 733 2837 789 poenam,
2874 717 2929 772 in
2965 717 3180 772 vincula
3205 733 3264 773 se
3306 733 3442 774 con-

211 819 242 871 ὸ
287 815 560 888 ἀκροατὴς
607 815 700 868 τοῦ
755 817 852 887 ζῇν
901 816 1168 871 παύεται·
1213 818 1323 872 τῶν
1367 815 1424 872 δὲ
1455 818 1548 872 ἐπὶ
1598 820 1778 874 πλεῖον

213 908 451 971 ἀκούων,
503 906 596 960 τοῦ
633 907 940 979 κρείττονος
984 909 1278 964 ἀπολαύσει
1318 909 1450 980 βίου,
1489 909 1591 964 ὐπὸ
1633 911 1777 964 θείου

213 999 530 1071 Πνεύματος
582 999 1102 1071 χειραγωγούμενος.
1161 999 1368 1054 Ἦκέτω
1419 1003 1597 1055 τοίνυν
1644 1003 1780 1074 σύμ-

211 1109 343 1156 πας,
377 1093 471 1145 καὶ
497 1092 743 1146 ἀκουέτω
769 1093 866 1162 τῆς
903 1092 1053 1157 θείας
1081 1093 1240 1164 ᾠδῆς,
1275 1094 1440 1164 μηδὲν
1470 1095 1779 1164 πεφοϐημέ-

210 1203 322 1250 νος.
356 1186 471 1239 Οὐκ
495 1186 603 1239 εἰσὶ
627 1188 756 1258 παρ’
787 1188 919 1257 ἡμῖν
947 1188 1002 1240 αἱ
1035 1188 1186 1259 παρά
1215 1187 1465 1240 Σικελίαν
1500 1187 1773 1258 Σειρῆνες,

209 1277 334 1330 οὐδὲ
367 1276 434 1330 τὰ
478 1265 773 1342 Ὀδυσσέως
817 1277 1010 1348 δεσμὰ,
1051 1279 1112 1330 οὐ
1158 1279 1326 1350 κηρὸς
1371 1279 1669 1350 τηκόμενος
1698 1280 1776 1342 είς

211 1366 515 1440 ἀνθρώπων
560 1368 760 1431 ἀκοάςο
804 1368 938 1422 ἀλλά
974 1368 1186 1440 δεσμῶν
1235 1370 1332 1440 μὲν
1380 1370 1560 1434 ἄνεσις
1603 1372 1771 1435 πᾶσα,

211 1458 491 1530 ἐλευθερία
536 1460 581 1514 δ’
629 1462 796 1532 ἀκοῆς
839 1461 968 1531 παρ’
1011 1462 1224 1530 ἑκάστῳ
1268 1460 1376 1514 τῶν
1421 1462 1770 1533 προσιόντων.

209 1552 477 1623 Τοιαύτης
500 1549 608 1623 γὰρ
639 1551 779 1624 ᾠδῆς
810 1551 1028 1607 ἀκούειν
1060 1552 1226 1619 ἄξιον,
1254 1552 1524 1617 τοιούτους
1553 1553 1774 1625 ᾄδοντας

207 1647 375 1718 ἔχειν,
403 1647 618 1701 εὐκτέον
650 1643 788 1702 εἷναί
829 1665 917 1720 μοι
943 1648 1106 1702 δοκεῖ.
1141 1649 1204 1701 Et
1228 1648 1284 1701 δέ
1311 1665 1394 1712 τις
1425 1649 1519 1703 καὶ
1545 1649 1636 1702 τοῦ
1664 1649 1774 1703 τῶν

208 1737 518 1815 ἀποστόλων
543 1737 706 1808 χοροῦ
732 1737 952 1791 ἀκούειν
983 1737 1177 1802 ἐθέλοι,
1206 1737 1426 1809 εὑρήσει
1463 1737 1562 1809 τὴν
1608 1738 1772 1809 αὐτὴν

207 1827 310 1897 τῆς
347 1825 490 1897 ᾠδῆς
525 1827 862 1898 συμφωνίαν.
913 1831 972 1882 Οί
1023 1829 1118 1899 μὲν
1154 1827 1263 1899 γὰρ
1301 1829 1532 1900 προῇδον
1586 1847 1773 1900 μυστι-

1875 812 2089 883 jecerit.
2134 811 2248 866 Illic
2305 811 2521 882 quidem
2549 811 2783 875 auditor,
2815 825 2938 864 mox
2994 817 3054 863 ut
3089 809 3317 874 audivit,
3357 811 3442 864 vis

1877 921 2004 960 vere
2022 904 2253 970 desinit;
2288 904 2380 959 hic
2409 913 2608 967 autem,
2638 904 2732 974 qui
2786 903 3018 956 multum
3056 904 3312 970 audierit,
3349 905 3438 960 di.

1877 998 2003 1052 vino
2027 995 2230 1067 Spiritu
2251 995 2408 1060 duce,
2431 997 2554 1051 vitae
2574 997 2813 1052 melioris
2842 997 3151 1054 felicitatem
3173 999 3434 1068 acquiret.

1874 1087 2077 1143 Omnes
2113 1103 2242 1160 ergo
2270 1088 2429 1144 simul
2461 1091 2741 1156 accedant,
2775 1093 3123 1162 audiamque,
3156 1093 3293 1147 nihil
3349 1109 3440 1148 ve-

1876 1181 1988 1243 riti,
2017 1179 2320 1234 cantionem
2369 1181 2628 1237 divinam.
2661 1183 2875 1238 Absunt
2926 1198 2958 1238 a
3000 1185 3158 1240 nobis
3217 1182 3438 1241 Sirenes

1878 1269 2097 1335 Siciliae,
2130 1269 2452 1343 Ulyssisque
2480 1273 2720 1338 vincula,
2749 1290 2814 1330 ac
2856 1290 2982 1330 cera
3010 1277 3263 1332 humanis
3293 1280 3440 1332 auri-

1875 1365 1982 1420 bus
2008 1365 2229 1436 liquata.
2267 1365 2454 1420 Potius
2484 1381 2613 1421 vero
2632 1366 2944 1422 omnimoda
2972 1369 3315 1424 vinculorum
3353 1385 3442 1426 re-

1874 1458 2085 1522 missio,
2115 1473 2356 1528 suusque
2402 1458 2538 1513 liber
2565 1460 2762 1528 cuique
2793 1459 3032 1524 auditus,
3068 1461 3240 1518 adest.
3272 1461 3442 1520 Plane

1873 1549 2019 1606 enim
2061 1559 2299 1606 meretur
2327 1551 2570 1606 auditum
2598 1551 2866 1622 ejusmodi
2896 1555 3100 1620 cantio,
3143 1555 3442 1626 deprecan-

1871 1643 2037 1714 dique
2078 1643 2332 1704 videntur
2359 1646 2552 1701 musici
2606 1647 2762 1703 tales.
2812 1647 2969 1714 Quod
3021 1648 3068 1704 si
3097 1648 3222 1718 quis
3273 1649 3438 1702 etiam

1875 1736 2244 1806 apostolorum
2279 1737 2502 1791 chorum
2543 1738 2673 1793 velit
2718 1739 2946 1804 audire,
3007 1741 3253 1795 eamdem
3305 1756 3440 1795 can-

1873 1826 2042 1881 tionis
2078 1828 2489 1883 consonantiam
2515 1828 2770 1885 oli‘endet.
2793 1830 2931 1884 Nam
2971 1832 3049 1886 illi
3085 1833 3303 1903 quidem
3347 1848 3442 1887 oc-

207 1919 320 1982 κῶς
345 1919 444 1990 τὴν
471 1919 623 1976 θείαν
659 1921 998 1993 οἰκονομίαν·
1029 1924 1077 1975 οἱ
1115 1921 1159 1974 δ’
1203 1921 1416 1993 ᾄδουσιν
1448 1922 1765 1993 ἑρμηνεύον-

1872 1919 2016 1973 culte
2035 1919 2437 1988 prmcinuerunt
2458 1919 2921 1990 dispensationem
2949 1921 3185 1978 divinam
3209 1942 3223 1991 ;
3253 1924 3309 1978 hi
3342 1940 3443 1977 au-

201 2030 296 2078 τες
323 2014 392 2071 τά
422 2015 513 2070 ὐπ’
539 2015 760 2070 ἐκείνων
803 2015 1077 2086 μυστικῶς
1103 2013 1510 2086 ἀπηγγελμένα.
1549 2015 1612 2066 Ὢ
1637 2031 1774 2085 συμ-

199 2107 380 2177 φώνου
408 2109 696 2180 ἁρμονίας,
731 2109 837 2163 ὐπὺ
865 2109 1010 2163 θείου
1034 2107 1350 2178 Πνεύματος
1376 2107 1738 2180 συγκειμένης
1757 2107 1782 2160 Ξ.

203 2201 270 2252 Ὢ
317 2201 484 2255 καλοῦ
529 2200 637 2256 τῶν
675 2201 912 2274 ᾀδόντων
951 2201 1020 2256 τὰ
1061 2200 1368 2274 μυστήριαῐ
1415 2200 1635 2264 Τούτοις
1678 2203 1774 2256 καὶ

203 2291 449 2362 συνᾴδειν
477 2291 724 2364 εὔχομαι.
763 2293 1018 2364 ’ᾼσωμεν
1038 2291 1341 2370 ,τοιγαροῦν
1367 2291 1460 2346 καὶ
1489 2294 1650 2364 ἡμεῖς
1674 2291 1774 2363 τὴν

196 2380 396 2449 ὁμοίαν
433 2382 593 2453 ᾠδὴν,
634 2383 845 2437 καὶτὸν
879 2385 1046 2455 ὕμνον
1074 2383 1484 2456 ἀναπέμψωμεν
1522 2383 1598 2455 τῷ
1635 2383 1774 2456 ἁγίῳ

204 2470 401 2544 Πατρὶ,
423 2473 696 2544 ῐΙνεύματι
721 2475 1030 2544 δοξάζοντες
1058 2476 1283 2549 Ἰησοῦν,
1311 2477 1419 2531 τὸν
1437 2477 1506 2530 ἐν
1524 2478 1772 2542 κόλποις

205 2563 414 2617 αὑτοῦ.
463 2565 552 2635 Μὴ
592 2567 788 2640 φύγῃς,
839 2568 1112 2640 ἄνθρωπε,
1161 2568 1329 2640 ὕμνον
1380 2567 1767 2641 πνευματικὸν,

210 2653 344 2725 μηδὲ
372 2655 626 2726 ἀπεχθῶς
657 2657 790 2727 πρὸς
819 2658 916 2730 τὴν
948 2659 1209 2730 ἀκρόασιν
1233 2659 1504 2730 διατεθῇς.
1534 2659 1771 2713 Θάνατον

199 2745 304 2799 οὐκ
333 2744 445 2816 ἔχει
465 2763 480 2778 ο
517 2749 790 2820 σωτηρίας
817 2750 936 2802 ἐστὶ
957 2750 1202 2821 διήγημα
1229 2751 1261 2821 ή
1306 2752 1434 2822 παρ’
1475 2751 1605 2821 ἡμῖν
1637 2750 1766 2822 ᾠδή.

212 2837 356 2906 Ἐγὼ
406 2839 504 2909 μὲν
541 2835 632 2893 οὐν
682 2840 783 2911 ῆδη
831 2842 925 2895 καὶ
964 2843 1072 2894 τῶν
1122 2842 1440 2914 κρειττόνων
1481 2842 1770 2897 ἀπολαύειν

197 2925 364 2990 δοκῶ,
390 2931 516 3000 περὶ
545 2930 801 2985 τοιούτων
827 2931 1203 3003 διαλεγόμενος
1221 2951 1235 2964 ο
1267 2935 1360 2988 καὶ
1395 2934 1646 3006 μάλιστα,
1678 2936 1768 2988 ὅτε

197 3021 230 3073 ὀ
256 3019 494 3084 τοιοῦτός
531 3039 619 3092 μοι
648 3022 907 3094 πάρεστιν
939 3024 1142 3079 ἀνθέων
1167 3025 1389 3096 λειμών·
1423 3027 1697 3080 τουτέστιν
1732 3029 1766 3098 ἡ

199 3110 445 3182 ἡμετέρα
482 3111 714 3178 σύνοδος,
768 3113 877 3170 τῶν
926 3114 1043 3186 ἅμα
1087 3133 1147 3168 τε
1189 3116 1282 3169 καὶ
1323 3116 1628 3170 ἀκουόντων
1671 3117 1766 3170 καὶ

204 3203 533 3274 συνᾳδόντων
563 3204 630 3259 τὰ
656 3205 771 3259 θεῖα
801 3208 1092 3279 μυστήρια.
1135 3209 1251 3278 Ἐφ’
1278 3201 1352 3262 ὧν
1381 3209 1474 3262 καὶ
1497 3210 1557 3262 τὸ
1586 3209 1764 3278 λέγειν

198 3293 403 3366 θαρρῶ,
462 3297 542 3350 ὅτι
578 3314 667 3368 μοι
715 3299 913 3364 παντὸς
965 3300 1161 3369 φθόνου
1201 3299 1444 3374 καθαρὰς
1494 3303 1759 3373 παρέχετε

197 3385 295 3451 τὰς
325 3388 514 3454 ἀκοὰς,
549 3390 608 3442 οὐ
643 3389 734 3444 τὸν
773 3391 930 3462 ζῆλον
959 3392 1048 3445 τὸν
1093 3392 1187 3446 τοῦ
1216 3393 1355 3448 Κάῖν
1401 3393 1758 3465 μιμούμενοι·

191 3478 292 3548 οὐχ
320 3480 520 3549 ὁμοίως
547 3481 639 3535 τοῦ
681 3482 850 3537 Ἠσαῦ
879 3483 1162 3549 διώκοντες
1190 3485 1278 3538 τὸν
1308 3485 1554 3553 ἀδελφὸν,
1580 3487 1641 3539 οὐ
1667 3485 1762 3538 τοῦ

208 3571 403 3642 Ἰωσὴφ
454 3572 797 3638 ἐπαινοῦντες
859 3575 1139 3646 ἀδελφοὺς,
1190 3578 1271 3631 ὅτι
1315 3578 1400 3646 ἐφ’
1448 3573 1531 3642 οἷς
1581 3577 1764 3647 ἔλεγεν

195 3663 418 3734 ἑμίσουν
452 3665 542 3718 τὸν
569 3664 794 3730 ἀδελφόν
814 3683 826 3696 ·
857 3665 992 3719 ἀλλά
1020 3667 1224 3722 τούτων
1261 3668 1518 3722 ἀπάντων
1553 3670 1762 3740 μακρὸν

195 3753 528 3822 ἀφεστῶτες,
575 3754 760 3826 διόπερ
811 3756 1036 3821 ἕκαστος
1086 3758 1239 3828 ὐμῶν
1291 3759 1353 3812 τὸ
1393 3759 1488 3812 τοῦ
1539 3759 1762 3831 πλησίον

191 3844 399 3916 νομίζει
450 3845 646 3914 λέγειν.
695 3848 819 3902 Καὶ,
845 3847 931 3901 διὰ
973 3848 1129 3902 τοῦτο
1175 3847 1333 3921 ζῆλος
1379 3851 1613 3923 πονηρὸς
1663 3852 1762 3906 οὐκ

195 3934 337 3989 ἔστιν
367 3939 434 3990 ἐν
468 3937 617 4008 ὑμῖν,
649 3935 718 3989 τὰ
763 3937 1015 3992 λείποντα
1043 3938 1121 4009 τῷ
1163 3939 1374 4011 ἀδελφῷ
1417 3941 1762 4015 ἀναπληροῦν

185 4027 549 4100 δεδεγμένοις.
585 4031 647 4082 ’Ὡ
691 4031 1053 4103 ἀκροατηρίου
1094 4031 1280 4096 καλοῦ,
1323 4033 1416 4086 καὶ
1464 4035 1761 4106 συμποσίου

188 4120 400 4190 σεμνοῦ,
443 4120 534 4173 καὶ
567 4123 947 4193 πνευματικῶν
979 4124 1319 4195 ὲδεσμάτωνί
1376 4127 1648 4194 Τοιούτοις
1677 4129 1764 4184 ἀεὶ

190 4215 421 4267 συνεῖναι
449 4213 678 4277 δικαίοις
714 4213 787 4285 (2)
813 4214 1090 4288 εὐξαίμην.

262 4305 458 4360 ΟΥΑΛ.
491 4305 634 4370 Χθὲς
663 4305 723 4359 τὸ
749 4307 972 4364 δειλινὸν
1001 4312 1336 4382 περιπατῶν,
1364 4307 1410 4368 ὧ
1434 4314 1576 4384 φίλε,
1607 4315 1758 4388 παρά

193 4397 282 4454 τὸν
306 4401 400 4470 τῆς
437 4399 715 4472 θαλάσσης
744 4404 1005 4473 αἰγιαλὸν,
1035 4407 1129 4459 καὶ
1147 4407 1312 4472 ὀξέως
1344 4428 1460 4474 πως
1497 4411 1758 4476 ἀτενίζων

195 4491 271 4554 εἰς
295 4492 480 4564 αὐτὴν,
530 4492 736 4567 ἑώρων,
767 4495 1070 4569 ὑπερϐολήν
1099 4516 1221 4554 τινα
1265 4499 1416 4566 θείας
1452 4503 1753 4574 δυνάμεως,

1877 2018 2006 2077 tem,
2036 2011 2247 2065 occulte
2275 2010 2342 2063 ab
2370 2011 2478 2064 illis
2506 2014 2846 2077 annuntiata,
2876 2015 3121 2069 cauendo
3143 2017 3452 2086 explicant-

1875 2098 1921 2154 Ο
1947 2116 2243 2156 consonam
2291 2101 2648 2169 harmoniam,
2678 2115 3034 2175 componente
3073 2108 3256 2165 divino
3315 2107 3439 2178 Spi-

1874 2192 2017 2247 ritu!
2054 2192 2367 2251 Odecorem
2390 2197 2697 2252 canentium
2729 2199 2822 2256 Dei
2863 2203 3234 2256 sacramental
3285 2199 3440 2256 Desi-

1873 2284 2032 2340 derat
2060 2286 2276 2342 animus
2305 2303 2410 2342 una
2443 2290 2749 2346 concinere.
2785 2291 3060 2350 Canamus
3081 2308 3211 2364 ergo
3249 2300 3303 2349 et
3335 2294 3438 2364 ipsi

1873 2377 2116 2433 eamdem
2139 2380 2466 2446 cantionem,
2497 2381 2864 2454 hymnumque
2885 2385 3265 2440 submittamus
3292 2385 3440 2441 Patri
3465 2419 3468 2424 -

1873 2477 2092 2537 sancto;
2129 2469 2312 2527 Jesum
2343 2473 2432 2543 qui
2463 2473 2518 2526 in
2549 2473 2662 2543 ejus
2692 2475 2811 2528 sinu
2848 2484 2928 2529 est
2957 2478 2998 2541 ¹,
3029 2475 3231 2547 Spiritu
3271 2479 3438 2549 glori-

1871 2563 2114 2620 ﬁcantes.
2147 2563 2244 2630 Ne,
2258 2564 2438 2629 homo,
2466 2569 2738 2622 canticum
2764 2569 3008 2639 spiritale
3036 2569 3269 2640 fugeris,
3301 2587 3437 2628 neve

1872 2657 2204 2712 auditionem
2250 2658 2420 2715 fueris
2469 2669 2770 2718 aversatus.
2826 2661 3052 2720 Mortem
3103 2681 3214 2720 non
3251 2666 3432 2722 habet.

1871 2744 2076 2803 Salutis
2113 2749 2375 2814 narratio,
2426 2760 2613 2806 nostra
2648 2753 2830 2806 cantio
2863 2762 2966 2809 est.
3023 2753 3166 2811 Sane
3211 2745 3434 2826 quidem

1870 2839 2002 2892 mihi
2025 2840 2140 2909 ipse
2160 2841 2272 2912 jam
2297 2843 2485 2898 videor
2503 2844 2820 2900 melioribus
2853 2843 2982 2911 frui,
3013 2847 3106 2916 qui
3131 2848 3197 2902 de
3235 2848 3436 2904 talibus

1868 2929 2133 2985 disseram
2178 2949 2192 2986 :
2245 2931 2408 3003 idque
2453 2934 2508 2988 in
2549 2934 2760 3004 primis,
2817 2951 2940 2990 cum
2993 2937 3100 2992 tale
3125 2937 3432 3010 talibusque

1866 3019 2066 3076 ﬂorens
2096 3031 2306 3093 pratum
2337 3039 2518 3080 coram
2541 3025 2764 3081 habeam
2791 3027 2970 3082 ε.ἀὶςο
2989 3035 3166 3083 autem
3195 3037 3430 3085 vestram

1868 3115 2208 3183 concionem,
2234 3117 2325 3184 qui
2350 3125 2404 3172 et
2450 3117 2730 3173 auditores
2759 3125 2812 3173 et
2849 3127 3205 3175 concentores
3246 3137 3433 3176 sacra.

1866 3216 2170 3264 mentorum
2219 3211 2521 3268 caelestium
2577 3213 2893 3270 considetis.
2927 3213 3216 3286 Propterea
3263 3217 3443 3272 etiam

1866 3302 2038 3357 audeo
2078 3304 2278 3370 dicere,
2331 3305 2474 3375 quod
2529 3305 2698 3362 livore
2749 3308 2898 3362 omni
2929 3309 3147 3364 mundis
3205 3309 3445 3364 auribus-

1863 3394 2216 3459 auscultetis,
2266 3411 2370 3452 nec
2438 3397 2718 3454 Caininam
2786 3400 3180 3454 aemulationem
3254 3401 3431 3455 imite-

1863 3485 1998 3540 mini
2026 3488 2070 3551 ',
2098 3495 2191 3541 aut
2221 3487 2362 3544 sicut
2391 3487 2532 3545 Esau
2564 3491 2585 3522 ⁸
2616 3491 2835 3546 fratrem
2867 3493 3300 3563 persequamini,
3345 3494 3441 3548 vel-

1864 3577 2064 3635 fratres
2087 3578 2286 3651 Ioseph
2314 3583 2336 3614 ⁸
2363 3583 2626 3652 probetis,
2679 3581 2836 3637 fratri
2882 3593 3104 3654 propter
3145 3599 3449 3641 sermones-

1863 3671 2036 3741 ipsius
2076 3671 2320 3729 infensos
2347 3693 2360 3728 :
2387 3674 2482 3730 sed
2513 3674 2580 3730 ab
2608 3674 2694 3730 his
2737 3675 2992 3732 omnibus
3039 3677 3196 3748 longe
3235 3679 3427 3733 remoti

1863 3763 2006 3826 sitis,
2035 3765 2476 3822 existimantibus
2509 3766 2737 3837 singulis
2767 3767 2969 3836 dicere,
2982 3767 3123 3838 quod
3147 3769 3427 3839 proximus

1861 3856 2014 3912 dicit.
2037 3855 2218 3922 Quare
2247 3857 2408 3913 etiam
2437 3857 2780 3914 desideratur
2803 3860 2859 3913 in
2888 3860 3044 3916 vobis
3086 3861 3227 3915 mala
3265 3877 3427 3917 aemu-

1861 3947 2011 4014 latio,
2043 3948 2137 4018 qui
2164 3948 2350 4004 fratris
2381 3948 2626 4006 defectus
2649 3950 3020 4020 adimplendos
3051 3952 3422 4022 susceperitis.
3454 4009 3466 4020 ,

1861 4037 1905 4092 Ο
1925 4039 2208 4108 pulchram
2233 4041 2570 4108 concionem,
2593 4041 2990 4112 honestumque
3014 4043 3341 4110 convivium,
3369 4049 3426 4099 et

1859 4130 2172 4200 spirituales
2224 4133 2447 4202 epulas!
2484 4131 2705 4189 Talibus
2749 4148 2848 4205 ego
2874 4149 3089 4204 semper
3135 4136 3420 4204 interesse,

1859 4223 2054 4277 merito
2085 4224 2404 4292 Optaverim.

1931 4312 2086 4368 VAL.
2113 4315 2210 4385 (4).
2232 4314 2390 4382 Cum,
2416 4315 2610 4382 amice,
2644 4315 2763 4371 heri
2800 4331 2943 4381 sero,
2969 4315 3038 4370 ad
3075 4317 3243 4374 maris
3268 4317 3422 4376 liztus

1859 4405 2215 4468 ambularem,
2244 4413 2408 4476 atque
2436 4405 2490 4460 in
2522 4406 2698 4475 ipsum
2731 4407 2902 4462 aciem
2933 4407 3216 4462 oculorum
3249 4409 3424 4464 inten-

1858 4495 2064 4556 derem,
2089 4494 2270 4549 statim
2305 4509 2385 4559 se,
2414 4495 2632 4550 virtutis
2655 4494 2852 4550 divinae
2867 4495 3204 4565 praestantia,
3223 4509 3422 4565 arsque

195 4583 287 4634 καὶ
323 4585 490 4656 σοφῆς
537 4587 845 4659 ἐπιστήμης
877 4588 1104 4661 τέχνην·
1148 4592 1201 4645 εί
1229 4609 1291 4660 γε
1325 4596 1416 4648 καὶ
1454 4595 1650 4667 τέχνην
1693 4596 1756 4650 τὸ

1868 4588 2121 4660 sapientis
2163 4589 2423 4654 scientiae,
2475 4588 2677 4659 obiecit
2717 4589 2890 4644 oculis
2921 4607 2935 4644 :
2971 4588 3019 4644 si
3065 4587 3284 4658 quidem
3330 4601 3420 4643 res

196 4671 397 4726 τοιοῦτο
425 4675 605 4729 καλεῖν
636 4680 762 4750 χρή.
798 4680 1005 4752 Ὥσπερ
1037 4681 1146 4756 γὰρ
1169 4684 1196 4736 ὁ
1237 4686 1529 4759 Ὁμηρικὸς
1575 4690 1764 4761 στίχος,

197 4763 480 4835 φθέγγεται
507 4769 726 4832 ἐκεῖνος·
1147 4785 1150 4788 ·

207 4875 300 4960 ξρς
327 4876 386 4960 ’δ’
410 4877 612 4960 ἄνεμοι
628 4880 715 4960 ,(5)
734 4881 843 4937 δύο
867 4887 1090 4960 πόντον
1116 4888 1382 4956 ὀρίνετον
1411 4894 1741 4960 ἰχθυόεντα,

198 4946 413 5028 βορέης
443 4946 1024 5028 καὶῌΖέξςὺροςητώτ-,ς
1055 4946 1355 5028 Θρῇκηθεν
1385 4946 1569 5028 dator

212 5015 464 5098 ξῌλςόνιθ
491 5015 1055 5098 ὲξαπῖήςίᾷμυδις
1085 5015 1244 5082 δέ’τέ
1272 5015 1746 5098 κῦμα’κελαινὸν

199 5087 525 5153 Κορθύεταιο
561 5087 795 5147 πολλὸν
821 5087 888 5149 δέ
914 5087 1104 5166 παρὲξ
1133 5098 1250 5154 ἅλα
1276 5087 1466 5170 φῧιιος
1491 5087 1711 5171 ἔχευαν
1729 5122 1742 5136 ο

201 5263 336 5320 οὕτω
363 5285 450 5338 μοι
491 5274 583 5326 κα)⁸
630 5273 753 5342 χθὲς
793 5277 1068 5344 γεγονέναι
1099 5279 1262 5336 δοκεῖ.
1315 5283 1592 5354 Κορυφαῖς
1635 5284 1744 5358 γὰρ

1857 4681 2126 4752 ejusmodi
2162 4697 2250 4738 ars
2275 4680 2515 4738 vocanda
2541 4681 2631 4737 sit.
2666 4679 2737 4736 Ut
2765 4683 2908 4738 enim
2935 4681 3096 4738 habet
3115 4695 3308 4738 versus
3330 4681 3422 4738 ille

1858 4774 2175 4831 Homericus
2205 4794 2217 4829 :
2738 4777 2746 4786 '

1850 4891 1998 4948 Sicut
2036 4900 2210 4960 autern
2242 4890 2377 4944 uenti
2407 4888 2510 4944 duo
2547 4898 2762 4959 pontum
2787 4898 3103 4944 comnzovcnt
3129 4891 3415 4960 piscosum,

1850 4963 2046 5032 Boreas
2069 4971 2120 5014 et
2143 4959 2430 5031 Zephyrus,
2464 4963 2554 5032 qui
2579 4978 2607 5015 e
2641 4959 2869 5016 Thracia
2899 4962 3106 5032 spirant

1852 5031 2074 5104 ﬂuentes
2101 5029 2312 5104 repente;
2329 5048 2348 5086 :
2372 5029 2531 5086 simul
2559 5041 2735 5086 autem
2761 5042 2811 5086 et
2833 5029 2976 5084 unda
2997 5033 3153 5104 nigra

1853 5100 2171 5157 Attollitur.‘
2207 5102 2426 5156 multum
2468 5112 2642 5157 autem
2685 5113 2836 5158 extra
2877 5119 3022 5156 mare
3057 5100 3238 5246 iflgan:
3280 5100 3419 5170 {un-

3142 5192 3212 5229 un
3253 5188 3273 5237 ,'

3142 5183 3234 5229 unt
3253 5188 3273 5237 ,‘

1851 5285 1928 5339 ita
1981 5292 2035 5340 et
2083 5285 2197 5341 beri
2259 5285 2389 5340 mihi
2446 5285 2560 5342 ﬁeri
2617 5286 2917 5342 videbatur.
2968 5285 3230 5343 Videbam
3269 5283 3416 5338 enim

275 5428 291 5460 ¹
319 5427 474 5485 Joau.
501 5446 540 5497 ι,
576 5433 661 5490 18.
735 5436 757 5468 ⁸
791 5433 917 5490 Gen.
945 5453 1021 5502 iv,
1053 5437 1108 5493 5.
1184 5440 1206 5472 ⁸
1233 5438 1360 5494 Gen.
1395 5455 1568 5507 xxvu,
1598 5441 1688 5495 41.
1763 5453 1765 5466 ί

1868 5459 1943 5496 en.
1974 5457 2183 5508 xxxvn,
2205 5443 2258 5497 4.

268 5580 340 5656 (2)
373 5585 635 5654 Δικαίοις.
666 5589 825 5645 Forte
850 5592 1089 5656 δικαίως.

273 5656 344 5726 ('9)
381 5657 471 5726 Ὡς
495 5657 544 5711 δ’
571 5660 667 5717 ἄν.
699 5661 847 5716 Iliad.
877 5679 951 5726 ix,
987 5665 1040 5718 4.

271 5723 342 5794 (4)
371 5725 501 5804 μ.
541 5730 886 5804 ᾼεειιῐηριοηι
931 5723 1219 5804 personam
1254 5735 1613 5795 Valentiniani
1643 5759 1739 5799 seu

1849 5607 1904 5654 et
1931 5600 2232 5674 materiam,
2261 5617 2327 5674 ex
2355 5603 2512 5674 cujus
2539 5604 2886 5659 concretione
2913 5601 3052 5656 mala
3079 5601 3133 5654 in
3163 5599 3416 5674 homines

1890 5671 2217 5743 rovenirent.
2267 5671 2390 5743 Agit
2423 5670 2621 5730 'multis
2652 5675 2705 5728 in
2739 5675 2880 5727 hunc
2907 5685 3146 5743 errorem
3178 5670 3414 5743 irenzeus

1890 5685 2217 5726 rovemrent.
2267 5685 2390 5743 Agit
2437 5685 2621 5730 multis
2652 5685 2705 5728 in
2739 5685 2880 5727 nunc
2907 5685 3146 5725 errorem
3178 5685 3411 5728 tremens

1849 5685 1940 5794 ΕΙ).
1987 5757 2028 5796 ιι
2059 5742 2317 5796 Adversus
2361 5744 2585 5808 horrea;
2624 5743 2990 5798 Tertullianus
3036 5741 3130 5810 lib.
3166 5741 3242 5794 Dc
3271 5757 3411 5810 pra:-

469 5798 690 5884 inducit,
708 5789 1004 5884 quieadéin
1027 5789 1739 5884 atque_hianicii£ide-inali
1844 5789 3413 5884 EpidiiZécEXn’e.QbeiiiiEéﬁﬁe’éihacin“;.

213 5862 459 5938 principio
483 5862 695 5930 sentiret
716 5862 1002 5946 {ponendo
1032 5862 1331 5950 inéenitum
1348 5862 1508 5936 aliud
1523 5862 1580 5936 "av
1603 5862 1732 5953 ﬁco,

1843 5891 2116 5939 sostomus
2140 5885 2285 5940 hom.
2314 5884 2346 5938 2
2371 5886 2424 5938 in
2452 5886 2568 5938 Αει.
