3962 6278
545 392 646 447 243

1539 399 1596 455 S.
1638 400 1968 459 METHODII
1997 403 2306 461 EPlSCOPl
2335 402 2423 457 ET
2458 399 2813 457 MARTYRIS

3678 398 3789 457 244

543 507 741 564 ﬂuctus
791 510 1061 566 montanis
1110 512 1423 581 superciliis
1472 516 1779 585 proximos,
1834 525 1998 590 atque
2044 527 2098 575 ut

2204 519 2373 591 ὀρέων
2403 518 2777 591 παραπλήσιον
2815 516 2999 588 ἐώρων
3033 514 3274 587 κύματα,
3319 513 3417 568 καὶ
3466 512 3585 586 (ὡς
3619 514 3783 585 λόγον

540 617 657 656 rem
680 602 878 671 dicam,
907 605 971 659 ad
995 604 1175 675 ipsum
1199 608 1563 680 pertingentes
1582 612 1778 667 coelum
1806 631 1821 667 :
1853 629 1953 669 nec
1976 615 2110 670 mibi

2213 608 2443 681 εὶπεῖν,)
2474 608 2635 663 αύτοῦ
2668 607 3025 678 ἐφικνούμενα
3053 607 3146 660 τοῦ
3186 605 3417 679 ούρανοῦ
3445 622 3460 636 ⁸
3501 604 3567 658 τὸ
3602 605 3653 659 δ’
3692 608 3784 658 ἐν»

543 693 671 747 inde
701 694 846 749 aliud
876 699 1302 767 exspectandum
1331 704 1669 771 occurrebat,
1692 721 1855 775 quam
1888 715 1948 761 ut
1993 708 2098 763 uni

2210 699 2399 753 τεῦθεν
2426 698 2577 752 οὐδὲν
2615 699 2802 768 ἕτερον
2844 695 3181 768 προσεδόκων
3208 695 3243 765 ἢ
3284 693 3502 747 ἃπασαν
3545 692 3779 745 ἐπικλυ-

532 800 749 849 versam
779 794 978 843 terram
1016 792 1441 863 submergerent,
1487 796 1842 867 veniebatque
1879 797 1934 851 in
1962 814 2110 854 men-

539 885 647 933 tem
682 879 820 951 fuga;
866 883 1021 939 locus
1042 926 1058 952 ,
1109 894 1164 941 et
1210 901 1389 942 arcam
1418 886 1531 943 Noe
1560 888 1743 945 animo
1768 890 2103 961 elﬁngebam.

539 970 803 1027 Caeterum
822 990 983 1032 secus
1006 984 1121 1031 erat
1154 992 1218 1032 ac
1239 980 1521 1048 opinabar.
1556 979 1679 1036 Mox
1711 982 1910 1052 quippe
1932 997 2104 1049 mare,

525 1073 595 1139 gut
626 1065 978 1134 intumuerat,
1007 1071 1062 1125 in
1083 1086 1142 1126 se
1162 1070 1339 1140 ipsum
1370 1074 1764 1142 resolvebatur,
1791 1090 1902 1130 non
1925 1083 2107 1132 trans-

522 1148 786 1246 jgrediens
837 1159 1014 1215 locum
1056 1178 1239 1229 suum,
1265 1165 1583 1231 reveritum,
1613 1171 1672 1218 ut
1713 1166 1877 1222 verbo
1903 1167 2101 1232 dicam,

523 1249 777 1333 ‘Idivinum
822 1254 1139 1310 mandatum
1197 1257 1241 1312 ⁸.
1294 1256 1374 1314 Ac
1431 1258 1909 1329 quemadmodum,
1957 1260 2100 1315 baud

522 1336 683 1451 ςγδι-ο,
716 1361 908 1403 servus
937 1348 1137 1418 aliquis
1163 1359 1391 1422 cogente
1422 1352 1640 1408 domino
1683 1354 1913 1409 invitum
1943 1353 2103 1424 quid-

522 1438 659 1515 ;dam
690 1438 868 1495 facere
892 1483 907 1507 ,
955 1443 1215 1499 mandato
1257 1445 1473 1515 quidem
1506 1445 1702 1502 timore
1737 1447 2056 1518 obsequitur
2086 1467 2100 1503 :

522 1544 638 1619 [nec
661 1530 957 1601 quidquam
982 1540 1185 1601 tamen,
1204 1537 1348 1607 quod
1369 1538 1689 1593 reluctantia
1710 1539 1877 1595 sentit
1892 1540 2099 1605 animo,

522 1621 702 1735 laudet
741 1622 924 1678 dicere
946 1641 970 1730 ,ε
1005 1626 1101 1681 sed
1156 1628 1348 1698 plenus
1398 1629 1480 1683 ira
1511 1628 1981 1699 quadamLsecum
2008 1630 2104 1684 im-

522 1716 844 1783 lmurmurat
877 1716 996 1772 :sic
1027 1727 1174 1776 certe
1211 1729 1264 1775 et
1286 1721 1416 1776 mihi
1440 1720 1663 1778 videbar
1697 1723 1899 1790 videre,
1954 1723 2101 1778 velut

534 1804 736 1859 iratum
758 1821 927 1873 mare,
959 1823 1253 1881 secumque
1272 1814 1450 1883 ipsum
1475 1813 1735 1869 claudens
1769 1816 1907 1869 iram
1939 1828 2004 1868 ac
2040 1829 2101 1870 se

2211 791 2464 863 θήσεσθαι
2501 790 2598 863 τήν
2629 788 2752 859 γῆν·
2779 786 2869 842 καί
2907 805 2994 858 μοι
3031 788 3208 857 φυγῆς
3244 788 3302 839 ἐν
3339 785 3416 855 τῷ
3458 783 3543 839 νοῒ
3587 784 3774 848 τόπον,

2209 886 2303 939 καὶ
2333 885 2431 955 τὴν
2463 884 2555 937 τοῦ
2603 882 2728 936 Νῶε
2757 882 3081 937 ἀνέπλαττον
3108 880 3359 934 κιϐωτόν.
3394 879 3469 931 Τὸ
3498 878 3546 931 δ’
3573 879 3678 931 οὐκ
3708 874 3774 948 ἦν

2207 978 2236 1032 ὃ
2267 976 2529 1049 ἐνόμιζον.
2589 974 2746 1029 Ἀλλὰ
2778 976 2886 1047 γὰρ
2917 974 3030 1045 ἅμα
3056 970 3419 1042 κυρτωθῆναι,
3439 971 3542 1041 τὴν
3575 968 3777 1051 Ocnus.-

2209 1088 2328 1137 σαν,
2374 1070 2533 1124 πάλιν
2576 1068 2830 1125 ἀνελύετο
2861 1069 2939 1132 είς
2968 1068 3187 1137 ἑαυτὴν,
3221 1066 3318 1136 ούχ
3364 1064 3775 1134 ὑπερϐαίνουσα

2203 1166 2296 1218 τὸν
2324 1165 2521 1220 οἰκεῖον
2558 1164 2742 1230 τόπον,
2778 1161 2874 1235 (ὡς
2922 1160 3048 1225 ἔπος
3086 1158 3304 1231 είπεῖν,)
3330 1157 3473 1211 θεῖόν
3507 1175 3565 1211 τι
3606 1160 3770 1229 πρόσ-

2203 1277 2391 1332 ταγμα
2441 1258 2814 1331 πεφοϐημένη.
2868 1257 2977 1312 Καὶ
3035 1256 3283 1329 καθάπερ
3333 1256 3601 1320 πολλάκις
3664 1255 3769 1310 τιῖιν

2203 1353 2426 1408 οἰκετῶν
2462 1369 2565 1419 τις,
2625 1350 2755 1404 ἀκον
2793 1368 2844 1404 τι
2895 1350 3029 1423 πρὸς
3063 1349 3157 1403 τοῦ
3201 1350 3459 1402 δεσπότου
3498 1350 3768 1420 πράττειν

2203 1446 2660 1518 ἀναγκαζόμενος,
2691 1444 2767 1516 τῷ
2803 1445 2897 1515 μὲν
2941 1443 3317 1514 προστάγματι
3345 1442 3434 1496 διά
3480 1442 3576 1495 τὸν
3612 1441 3766 1511 φόϐον

2200 1539 2478 1593 πείθεταιο
2520 1539 2549 1592 δ
2575 1538 2632 1591 δέ
2676 1537 2895 1606 πάσχει,
2941 1534 3196 1605 πράττειν
3240 1534 3315 1605 μὴ
3364 1532 3558 1597 θέλων,
3597 1531 3766 1600 λέγειν

2200 1644 2254 1680 τι
2300 1628 2360 1680 ού
2396 1627 2565 1699 τολμᾷ
2587 1643 2602 1660 ο
2640 1624 2946 1698 τονθορύζει
2984 1624 3042 1677 δὲ
3079 1626 3136 1678 ἐν
3168 1622 3363 1694 ἐαυτῷ,
3408 1622 3590 1694 θυμοῦ
3634 1640 3765 1686 τινος

2201 1720 2607 1792 πληρούμενοςο
2642 1718 2783 1773 οὕτω
2830 1718 2921 1789 μοί
2957 1734 3075 1781 πως
3120 1716 3367 1787 ἐφαίνετο
3412 1716 3511 1769 καὶ
3542 1714 3651 1786 τὴν
3679 1715 3765 1767 θάο

2199 1812 2423 1878 λασσαν,
2459 1810 2700 1883 ὡσπερεὶ
2720 1810 3084 1883 θυμουμένην,
3110 1810 3203 1862 καὶ
3227 1811 3283 1864 ἐν
3304 1810 3469 1879 ἑαυτῇ
3503 1808 3765 1881 φράττου-

522 1893 845 1986 ;continens,
866 1901 1096 1980 veritum
1118 1901 1346 1959 Domino
1374 1906 1622 1976 prodere.
1653 1904 1779 1961 Haec
1798 1906 1873 1961 ita
1898 1905 2095 1962 baben-

2201 1923 2293 1960 σαν
2334 1904 2433 1977 τὴν
2459 1904 2646 1977 ὀργὴν,
2683 1903 2983 1977 κρατοῦσάν
3008 1919 3067 1955 τε
3090 1901 3307 1971 ἐαυτῆς,
3334 1901 3394 1954 οὐ
3436 1901 3763 1972 βουλομένην

520 1988 632 2073 με,
665 1991 895 2057 tacitus,
914 1992 1139 2055 intentis
1163 1996 1360 2063 oculis,
1392 1999 1638 2067 aspicere
1670 2012 1979 2067 cmperam;
2007 2012 2098 2053 vo-

519 2080 814 2175 ,lebamque
836 2085 1033 2140 coelum
1054 2087 1238 2143 animo
1258 2089 1458 2154 metiri,
1482 2097 1536 2144 et
1549 2089 1737 2146 orbem
1761 2089 1882 2160 ejus
1911 2109 1924 2144 :
1955 2103 2098 2160 qua:-

520 2173 715 2229 ‘rebam
765 2191 866 2247 ego
918 2178 1062 2235 unde
1088 2180 1353 2252 inciperet
1385 2197 1560 2252 quove
1603 2182 1877 2238 desineret
1906 2200 1919 2236 :
1946 2182 2097 2253 quali

517 2266 654 2342 item
696 2269 933 2325 cieretur
979 2280 1130 2328 motu
1169 2289 1371 2345 :‘_num
1401 2274 1710 2341 transitivo,
1741 2275 1846 2331 hoc
1880 2282 1987 2340 est,
2027 2274 2097 2329 ab

517 2350 639 2446 iuno
686 2360 742 2416 in
772 2363 939 2417 alium
973 2364 1190 2432 locum,
1230 2368 1317 2423 vel
1369 2367 1428 2422 in
1468 2368 1655 2423 orbem
1691 2367 1966 2423 ferretur:
2001 2367 2098 2425 sed

524 2456 582 2505 et
608 2452 881 2519 quomodo
903 2455 1088 2508 statim
1118 2456 1465 2511 consisteret.
1500 2454 1662 2525 Atqui
1692 2455 1856 2534 etiam
1882 2455 1951 2510 de
1983 2454 2099 2521 sole

526 2543 877 2617 quaerendum
913 2545 1217 2612 videbatur,
1278 2562 1388 2617 quo
1438 2547 1487 2602 is
1519 2547 1679 2603 modo
1705 2544 1991 2617 positionis
2039 2544 2097 2600 in

516 2623 672 2695 'ccelo
700 2640 898 2694 habeat
931 2659 944 2694 :
976 2641 1105 2711 quis
1129 2655 1259 2697 vero
1286 2640 1552 2698 terminus
1578 2640 1651 2697 sit
1674 2654 1868 2696 cursus
1897 2638 2047 2694 illius
2077 2654 2094 2693 :

517 2724 640 2811 quo
675 2733 804 2788 item
827 2732 976 2789 brevi
1023 2740 1168 2790 esset
1222 2738 1624 2801 concessurus;
1678 2730 1744 2787 ac
1770 2746 1946 2802 neque
1980 2730 2099 2801 ipse

527 2824 964 2895 transgrediatur
995 2840 1216 2882 cursum
1247 2826 1561 2898 proprium:
1593 2824 1689 2880 sed
1717 2832 1770 2880 et
1797 2824 1933 2893 ipse,
1951 2819 2098 2893 quod

516 2900 744 3011 gverum“
770 2917 933 2972 liceat
983 2918 1153 2989 loqui,
1212 2917 1452 2974 melioris
1506 2923 1834 2988 praeceptum
1876 2910 2099 2985 aliquod

528 3008 851 3076 custodiat;
910 3018 1147 3081 tuncque
1196 3009 1356 3067 nobis
1407 3011 1737 3083 conspicuus
1801 3011 2095 3078 appareat,

518 3090 656 3158 ‘cum
678 3110 762 3159 est
787 3117 1145 3170 concessum;
1179 3119 1400 3160 rursum
1431 3119 1579 3171 vero,
1601 3118 1702 3159 ceu
1717 3108 1945 3157 vocatus
1973 3098 2098 3156 ab»

516 3183 709 3267 Icedat.
756 3190 977 3248 Interim
1022 3208 1153 3267 ergo
1204 3195 1335 3250 dum
1389 3194 1505 3249 haec
1562 3194 1809 3264 exquiro,
1848 3189 2097 3247 videbam

515 3264 665 3341 Psolis
682 3284 845 3355 jubar
869 3261 1136 3353 occidere,
1168 3287 1383 3358 dieique
1410 3288 1592 3344 lumen
1617 3261 1876 3351 deﬁcere;
1900 3297 1964 3338 ac
1990 3289 2100 3338 sta—
2126 3261 2168 3319 ο

527 3376 626 3431 tim
655 3377 849 3435 adesse
880 3380 1154 3447 tenebras,
1195 3381 1489 3452 lunamque
1526 3381 1627 3437 soli
1655 3379 1946 3437 succedere
1984 3397 1996 3432 :
2032 3391 2098 3433 ac

526 3468 762 3540 primum
794 3471 1013 3541 quidem
1044 3474 1309 3528 minutam
1350 3474 1521 3541 oriri;
1554 3472 1897 3544 postmodum
1943 3486 2095 3537 vero,

530 3572 695 3615 :ursu
748 3574 1174 3633 promoventem,
1206 3564 1400 3635 majori
1448 3564 1627 3636 specie
1683 3578 1967 3634 apparere.
2018 3561 2098 3617 Ac

526 3668 703 3724 neque
744 3655 811 3711 de
834 3656 926 3711 illa
956 3673 1199 3727 quaerere
1220 3659 1524 3724 cessabant,
1548 3673 1879 3729 causamque
1917 3656 2098 3711 minu-

524 3747 693 3803 tionis
720 3755 774 3805 et
796 3749 1125 3807 accretionis
1151 3751 1472 3818 scrutabar;
1501 3751 1648 3821 quod
1681 3751 1798 3821 ipsa
1821 3749 2099 3805 nihilomi-

510 3838 634 3915 inus
657 3841 923 3897 circulum
942 3836 1152 3898 dierum
1178 3850 1358 3898 teneat
1377 3863 1390 3898 :
1406 3843 1641 3915 indeque
1665 3843 1797 3897 mihi
1823 3842 2098 3913 quandam

527 3933 766 3988 divinam
793 3933 1189 4003 providentiam
1217 3950 1280 3990 ac
1304 3936 1411 3992 vim
1431 3928 1718 3992 meliorum
1752 3936 1936 3990 omnia
1968 3949 2099 3991 con-

528 4024 817 4091 tinentem,
838 4041 1000 4096 quam
1033 4034 1087 4082 et
1118 4027 1285 4082 Deum
1303 4028 1426 4097 jure
1453 4028 1708 4095 dicimus,
1735 4027 1990 4097 colligere
2011 4026 2096 4081 vi-

515 4098 719 4177 debar.
748 4116 1015 4173 Caeterum
1063 4134 1196 4174 vero
1238 4121 1380 4190 ccepi
1408 4118 1628 4177 laudare
1651 4117 1909 4190 Opiﬁcem
1934 4156 1952 4183 ,
2003 4115 2099 4187 qui

528 4216 733 4266 terram
765 4210 948 4278 lixam,
974 4211 1395 4282 animaliumque
1438 4211 1770 4269 differentias
1811 4226 1876 4266 ac
1916 4212 2097 4266 varios

528 4302 840 4374 plantarum
871 4301 1032 4360 ﬂores
1092 4303 1412 4374 aspicerem.
1468 4302 1785 4369 Enimvero,
1816 4302 2098 4374 haudqua—

517 4392 693 4466 ‘quam
742 4393 958 4451 animus
1008 4395 1064 4450 in
1119 4395 1271 4451 hisce
1304 4402 1359 4450 et
1392 4395 1524 4452 solis
1565 4397 1808 4452 constitit
1845 4417 1859 4451 :
1896 4395 1990 4451 sed
2029 4395 2097 4451 de

525 4499 744 4557 caetero,
764 4503 1010 4561 quaerere
1031 4488 1173 4561 ccepi
1203 4487 1346 4544 unde
1372 4488 1488 4545 haec
1517 4489 1814 4545 constituta
1859 4495 2045 4546 essent
2073 4507 2095 4552 ;

526 4597 658 4639 num
687 4599 754 4639 ex
791 4583 975 4653 aliquo
1005 4583 1150 4653 quod
1173 4596 1385 4653 semper
1411 4582 1709 4638 coexsistat
1738 4580 1868 4650 Deo,
1901 4582 1984 4637 vel
2030 4596 2098 4637 ex

528 4675 649 4745 ipso
676 4677 902 4746 soloque
926 4673 1054 4741 Deo,
1086 4675 1233 4731 nulla
1257 4675 1306 4731 ei
1344 4692 1404 4733 re
1432 4675 2098 4740 coexsistente,consiste-

527 4776 672 4823 rent.
708 4768 839 4823 Nam
863 4769 1000 4824 nihil
1035 4785 1100 4825 ex
1136 4770 1309 4826 nihilo
1341 4770 1535 4827 fecisse
1555 4813 1570 4838 ,
1601 4770 1810 4825 ratione
1835 4785 1944 4825 non
1979 4785 2097 4825 om-

526 4860 660 4916 nino
705 4862 1048 4933 improbabili
1095 4872 1413 4936 suppetente
1452 4863 1909 4921 considerandum
1941 4862 2091 4920 duxi.

526 4951 742 5009 Habent
762 4957 906 5011 enim
927 4972 1048 5027 quae
1077 4956 1232 5026 fiunt,
1251 4974 1317 5015 ex
1345 4959 1528 5029 aliquo
1556 4958 1675 5014 ﬁeri
1721 4972 1785 5012 ac
1811 4956 2091 5013 constitui.

528 5045 794 5104 Similiter
849 5049 1014 5106 etiam
1090 5068 1216 5109 vere
1269 5053 1559 5109 dicendum
1609 5051 1916 5118 videbatur,
1956 5051 2093 5107 nihil

525 5137 641 5194 Deo
667 5151 861 5210 prater
890 5142 1070 5213 ipsum
1118 5145 1476 5214 coexsistere;
1529 5160 1761 5216 esseque
1811 5161 1919 5211 res,
1975 5145 2095 5216 ipso

523 5239 747 5288 creante
777 5250 792 5287 :
825 5232 1093 5302 siquidem
1131 5234 1186 5290 id
1213 5243 1456 5293 suaserat
1488 5238 1823 5307 compositus
1852 5236 2095 5292 elemen-

523 5332 705 5379 torum
758 5323 928 5392 ordo,
980 5333 1294 5399 natumque
1350 5327 1406 5382 in
1452 5327 1533 5384 eis
1584 5328 1947 5383 concinnitas.
2005 5325 2097 5381 Sic

524 5433 685 5481 vero,
721 5418 860 5474 bene
912 5419 1172 5475 statuisse
1220 5420 1512 5486 arbitrans,
1565 5421 1783 5476 domum
1832 5420 2092 5476 redibam.

527 5504 813 5573 Caeterum,
847 5524 971 5563 cum
997 5509 1268 5579 sequenti,
1299 5525 1493 5580 nempe
1529 5509 1792 5565 hodierna
1818 5511 1926 5576 die,
1950 5510 2099 5566 exis-

530 5611 662 5665 sem,
683 5600 829 5687 oduos
858 5599 1151 5670 quosdam,
1185 5600 1373 5659 eodem
1407 5616 1640 5675 genere,
1688 5603 1959 5672 homines,
2012 5603 2097 5657 in-

636 5799 656 5831 ⁸
695 5799 793 5855 Job
823 5818 1048 5872 nxvm,
1077 5804 1163 5862 ll.

2195 1999 2274 2071 τῷ
2292 1999 2526 2071 δεσπότῃ
2546 1996 2776 2069 φανερὸν
2808 1996 3026 2067 ποιῆσαι
3054 1995 3144 2050 τὸν
3180 1994 3369 2066 θυμόν.
3401 1994 3595 2048 Ταῦτα
3632 1993 3763 2047 οὕτω

2195 2093 2453 2164 γινόμενα
2483 2091 2698 2145 σιωπῶν
2718 2091 2979 2155 ἀτενίζειν
3001 2089 3270 2161 ἠρχόμην,
3302 2086 3513 2141 καὶτὸν
3536 2086 3762 2157 οὐρανὸν

2196 2185 2407 2240 καὶτὸν
2438 2184 2633 2239 κύκλον
2660 2183 2845 2249 αὐτοῦ,
2880 2182 2957 2253 τῷ
3001 2180 3079 2235 νοτ
3129 2181 3492 2250 καταμετρεῖν
3542 2177 3762 2249 ἤθελον·

2197 2276 2361 2331 πόθεν
2376 2293 2432 2330 τε
2448 2276 2694 2348 ἄρχεται,
2723 2274 2817 2328 καὶ
2846 2273 2947 2327 ποῦ
2968 2270 3290 2337 καταπαύει,
3313 2270 3620 2341 ἀνεζήτουν
3638 2266 3759 2336 ἐγώ·

2197 2370 2356 2424 ποίαν
2375 2386 2433 2422 τε
2456 2371 2665 2440 κίνησιν
2694 2368 2805 2438 ἔχει
2822 2384 2836 2398 ’
2857 2368 3079 2438 πότερον
3092 2363 3190 2437 τὴν
3208 2363 3610 2435 μεταϐατικὴν,
3625 2381 3766 2418 τουτο

2192 2463 2310 2518 έστι
2373 2461 2470 2533 τὴν
2495 2460 2603 2515 ἀπὸ
2629 2460 2791 2514 τόπου
2825 2461 2905 2523 εἰς
2941 2459 3124 2522 τόπον,
3162 2454 3313 2525 ἥτὴν
3351 2452 3544 2522 κύκλῳ
3570 2461 3757 2520 φοράν·

2198 2557 2317 2621 πῶς
2340 2554 2397 2610 δὲ
2430 2554 2525 2608 καὶ
2546 2555 2644 2626 τὴν
2675 2553 2927 2624 ἐπίμονον
2954 2550 3107 2622 βάσιν
3147 2547 3278 2620 ἔχει.
3320 2547 3481 2601 Ἀλλά
3523 2547 3635 2619 μὴν
3677 2545 3761 2599 καὶ

2196 2647 2432 2721 περὶτοῦ
2448 2646 2600 2720 ἡλίου
2617 2646 2796 2715 ζητεῖν
2823 2644 3015 2710 ἐδόκει,
3038 2642 3119 2705 τίς
3135 2657 3195 2693 τε
3213 2641 3241 2693 ὁ
3258 2640 3452 2712 τρόπος
3476 2637 3653 2692 αὐτοῦ
3674 2637 3759 2706 τῆς

2196 2745 2255 2798 ἐν
2278 2741 2490 2815 οὐρανῷ
2519 2739 2720 2802 θέσεως
2737 2755 2750 2768 ·
2778 2737 2862 2801 τίς
2890 2737 2946 2790 δὲ
2968 2738 3061 2791 καὶ
3083 2739 3117 2809 ή
3150 2734 3392 2808 περίοδος
3419 2731 3517 2786 τοῦ
3540 2732 3756 2802 δρόμου·

2198 2835 2303 2891 ποῦ
2344 2834 2401 2888 δέ
2444 2835 2537 2888 καὶ
2586 2832 2702 2903 μετ’
2740 2830 2917 2898 ὀλίγον
2962 2831 3148 2901 χωρεῖ,
3177 2828 3270 2881 καὶ⁹
3304 2827 3383 2880 ὅτι
3439 2824 3582 2896 μηδὲ
3621 2818 3761 2885 οὗτος

2198 2927 2529 3000 παρέρχεται
2557 2924 2647 2978 τὸν
2674 2924 2870 2997 οἰκεῖον
2912 2921 3135 2992 δρόμον’
3169 2918 3302 2973 ἀλλὰ
3331 2917 3424 2971 καὶ
3454 2916 3648 2981 αὐτὸς,
3695 2915 3760 2976 ὡς

2197 3017 2404 3073 ἔνεστιν
2430 3018 2625 3080 εἰπεῖν,
2650 3013 2868 3085 ἐντολήν
2896 3029 3017 3065 τινα
3039 3011 3292 3080 φυλάττει
3315 3011 3652 3083 κρείττονοςσ
3679 3006 3763 3061 καὶ

2199 3110 2377 3182 φαίνει
2413 3109 2511 3181 μὲν
2537 3107 2659 3161 τότε
2685 3105 2813 3177 παρ’
2841 3106 2992 3176 ἡμῖν,
3022 3104 3111 3156 ὅτε
3144 3102 3350 3169 ἔξεστιν
3385 3098 3569 3168 αὐτῷ·
3607 3097 3763 3167 ἀπέρ-

2200 3219 2352 3275 χεται
2391 3201 2470 3267 δὲ,
2514 3200 2590 3264 ὡς
2628 3196 2982 3268 καλούμενος.
3028 3198 3136 3249 Καὶ
3180 3193 3381 3249 τούτων
3423 3192 3613 3245 τοίνυν
3671 3191 3762 3259 τὴν

2203 3296 2447 3364 ἐξέτασιν
2485 3291 2825 3362 ποιούμενος,
2876 3287 3059 3359 ἐώρων
3107 3286 3409 3356 παυόμενον
3447 3282 3550 3354 μὲν
3585 3282 3651 3334 τὸ
3680 3279 3762 3333 τοῦ

2202 3389 2353 3461 ἡλίου
2378 3386 2600 3457 φέγγος,
2633 3383 2908 3437 ἐπιλεῖπον
2944 3381 3000 3434 δέ
3033 3380 3126 3433 καὶ
3159 3380 3257 3449 τῆς
3280 3377 3493 3448 ἡμέρας
3524 3376 3587 3428 τὸ
3619 3375 3761 3444 φῶς·

2201 3480 2404 3543 εὐθέως
2433 3478 2491 3531 δὲ
2523 3475 2800 3546 γινόμενον
2832 3472 3039 3537 σκότος,
3075 3471 3170 3524 καὶ
3205 3469 3433 3539 σελήνην
3460 3464 3763 3536 διαδεχομέο

2202 3590 2299 3643 νην
2336 3570 2427 3623 τὸν
2469 3568 2649 3639 ἥλιον·
2689 3565 2780 3618 καὶ
2811 3564 2877 3617 τὰ
2912 3563 3010 3634 μὲν
3049 3560 3242 3632 πρῶτα
3266 3557 3522 3613 ἀνιοῦσαν
3564 3556 3760 3627 μείονα,

2206 3663 2501 3736 μετέπειτα
2539 3659 2597 3712 δέ
2636 3658 3046 3729 προκόπτουσαν
3096 3653 3174 3724 τῷ
3218 3650 3424 3722 δρόμῳ,
3468 3647 3761 3718 φαντασίαν

2201 3756 2548 3828 παρέχουσαν
2596 3749 2857 3822 μείζονος.
2906 3748 3020 3802 Οὐκ
3065 3744 3346 3815 ἐπαυόμην
3386 3741 3444 3794 δέ
3493 3741 3591 3795 καὶ
3644 3739 3761 3809 περὶ

2201 3850 2406 3920 ταύτης
2443 3845 2642 3919 ζητῶν,
2671 3845 2766 3899 καὶ
2797 3843 2895 3914 τὴν
2927 3840 3102 3895 αἰτίαν
3145 3838 3245 3915 τῆς
3285 3834 3635 3906 ἀφαιρέσεως
3679 3831 3762 3886 καὶ

2201 3943 2302 4013 τῆς
2331 3939 2671 4012 προσθέσεως
2718 3933 3054 4007 ἀνηρεύνων,
3083 3933 3166 3985 ὅτι
3200 3946 3260 3983 τε
3301 3929 3393 3982 καὶ
3448 3926 3593 3997 αὐτὴ
3620 3924 3762 3995 τηρεῖ

2202 4033 2292 4087 τὸν
2322 4031 2517 4086 κύκλον
2538 4028 2645 4083 τῶν
2680 4025 2901 4098 ἡμερῶν
2919 4042 2934 4057 ο
2968 4023 3058 4077 καί
3099 4038 3187 4094 μοι
3216 4019 3386 4073 ἐδόκει
3407 4017 3470 4069 τὸ
3497 4014 3759 4078 ἐντεῦθεν,

2201 4124 2276 4188 ὡς
2300 4123 2419 4178 θεία
2444 4139 2527 4186 τις
2556 4120 2789 4191 ὑπάρχει
2822 4115 3100 4185 οἰκονομία
3137 4112 3232 4166 καὶ
3257 4111 3485 4181 δύναμις
3525 4105 3764 4179 κρειιττό⁸

2201 4234 2327 4281 νων,
2361 4216 2396 4286 ἡ
2445 4214 2736 4285 συνέχουσα
2767 4210 2835 4264 τά
2879 4208 2995 4271 ὅλα,
3034 4207 3099 4278 ἣν
3131 4205 3227 4258 καὶ
3266 4202 3395 4256 Θεὸν
3436 4200 3667 4263 δικαίως
3705 4198 3763 4251 ἂν

2202 4307 2446 4379 εἴπομεν.
2502 4306 2613 4360 Καὶ
2659 4304 2720 4358 τὸ
2769 4300 2954 4356 λοιπὸν
3000 4299 3091 4352 τὸν
3136 4294 3477 4368 Δημιουργὸν
3527 4293 3761 4366 ἐπαινεῖν

2201 4401 2468 4473 ἠρχόμην,
2523 4400 2622 4469 τήν
2674 4414 2733 4450 τε
2770 4396 2875 4466 γῆν
2924 4393 3233 4462 πεπηγυῖαν
3268 4387 3431 4461 όρῶν,
3476 4387 3575 4440 καὶ
3618 4383 3762 4448 ζώων

2201 4492 2482 4563 διαφορὰς,
2530 4490 2624 4544 καὶ
2668 4488 2887 4542 ποικίλα
2926 4485 3105 4554 φυτῶν
3144 4482 3213 4535 τὰ
3257 4479 3629 4550 ἐξανθήματα.
3662 4476 3765 4543 Οὐχ

2204 4587 2386 4640 ἵστατο
2422 4584 2479 4638 δέ
2514 4601 2602 4655 μοι
2626 4583 2717 4637 ἐπὶ
2740 4580 2947 4646 τούτοις
2975 4581 3067 4634 καὶ
3097 4578 3277 4650 μόνοις
3307 4577 3335 4629 ὁ
3357 4572 3479 4636 νοῦς
3499 4589 3512 4601 ·
3543 4571 3684 4625 ἀλλὰ
3711 4569 3765 4621 τὺ

2200 4678 2404 4742 λοιπον,
2435 4676 2557 4730 ὅθεν
2591 4675 2761 4729 ταῦτα
2788 4674 2887 4745 τὴν
2925 4670 3184 4725 σύστασιν
3215 4670 3347 4741 ἔχει,
3383 4667 3569 4737 ζητεῖν
3602 4663 3765 4736 ἠρχό-

2205 4792 2345 4847 μην·
2377 4773 2603 4845 πότερον
2642 4770 2706 4825 ἐκ
2737 4786 2878 4833 τινος
2916 4768 3163 4830 συνόντος
3202 4766 3288 4819 ἀεὶ
3328 4762 3405 4834 τῷ
3446 4760 3589 4831 Θεῷ,
3630 4762 3665 4831 ἣ
3713 4757 3769 4820 ἐξ

2200 4867 2366 4922 αὑτοῦ
2406 4865 2502 4919 καὶ
2545 4863 2727 4936 μόνου,
2774 4860 3203 4932 συνυπάρχοντος
3246 4853 3394 4925 αύτῷ
3437 4852 3675 4915 οὐδενός·
3711 4849 3768 4903 τὸ

2200 4962 2309 5033 γὰρ
2341 4959 2401 5025 ἐξ
2424 4961 2524 5013 οὐκ
2552 4958 2702 5022 ὄντος
2732 4955 3086 5027 πεποιηκέναι
3114 4951 3266 5006 οὐδὲν
3299 4950 3522 5002 σκοπεῖν
3556 4963 3651 5017 μοι
3675 4961 3770 5033 καῖ

2198 5032 2309 5118 λῶς
2360 5052 2555 5117 ἐδόκει,
2610 5049 2684 5123 μὴ
2741 5048 2920 5103 τέλεον
2969 5044 3232 5100 ἀπιθάνου
3288 5040 3632 5112 ὑπάρχοντος
3677 5032 3770 5090 τοῦ

2201 5147 2380 5216 λόγου.
2406 5144 2488 5199 Τά
2514 5143 2624 5216 γὰρ
2652 5142 2911 5213 γινόμενα
2935 5139 2994 5204 ἐξ
3015 5137 3181 5191 όντων
3210 5136 3416 5204 πέφυκε
3441 5131 3539 5202 τὴν
3574 5130 3771 5184 σύσταο

2205 5255 2291 5293 σιν
2337 5238 2500 5310 ἐχειν.
2534 5236 2646 5291 Καὶ
2687 5232 2885 5305 ὁμοίως
2925 5229 3137 5303 ἀληθῶς
3187 5227 3360 5281 ἐδόκει
3388 5223 3555 5296 μηδὲν
3586 5221 3769 5289 λέγειν

2201 5330 2291 5386 ἀεὶ
2323 5332 2559 5383 συνεῖναι
2588 5327 2665 5398 τῷ
2706 5325 2823 5396 Θεῷ
2854 5323 3036 5397 ἐτερόν
3071 5340 3122 5376 τι
3156 5322 3286 5393 παρ’
3329 5317 3514 5380 αὐτὸν,
3553 5314 3675 5368 ἀλλ’
3715 5311 3770 5379 ἐξ

2201 5423 2366 5477 αὐτοῦ
2406 5421 2476 5476 τά
2510 5421 2637 5475 ὅντα
2674 5418 2955 5489 γεγονέναι
2978 5434 2991 5447 ·
3036 5415 3131 5469 καὶ
3178 5412 3286 5486 γάρ
3324 5428 3441 5471 πως
3478 5407 3670 5461 ἔπειθέ
3706 5421 3769 5477 με

2200 5516 2293 5570 τὸν
2334 5515 2591 5570 εὔτακτον
2632 5512 2740 5567 τῶν
2775 5511 3070 5583 στοιχείων,
3103 5508 3198 5563 καὶ
3242 5508 3276 5578 ἡ
3322 5503 3453 5578 περὶ
3484 5502 3627 5558 αύξά
3671 5499 3771 5569 τῆς

2203 5605 2416 5677 φύσεως
2438 5604 2721 5678 εὐκοσμία.
2748 5604 2959 5660 Οὑτωσὶ
2982 5601 3040 5657 δέ
3061 5618 3176 5666 πως
3198 5595 3256 5654 εὖ
3284 5594 3649 5652 διατεθεῖσθαι
3684 5607 3771 5648 νο-
