3962 6278
181 361 296 417 245

1356 349 1485 406 LIB.
1525 349 1612 404 DE
1640 347 1885 405 unane
1922 328 2269 401 ARBITRIO.

3310 322 3416 380 2‘46

182 476 381 550 μίζων,
427 473 522 528 ἐπὶ
565 473 665 544 τὴν
713 471 893 526 οἰκίαν
941 468 1179 541 ἐχώρουν
1228 466 1326 538 τὴν
1373 467 1530 538 ἐμήν.
1583 465 1662 537 Τῇ
1706 463 1752 517 δ’

1874 477 2039 533 luam,
2074 454 2462 514 contendentes
2495 448 2746 515 invicem,
2779 459 2945 517 seque
2997 441 3258 499 conviciis
3285 454 3416 511 pro-

178 568 435 639 ἐπιούσῃ,
476 564 722 619 τουτέστι
759 563 1016 634 σήμερον,
1045 557 1212 612 ἐλθὼν
1254 557 1439 630 ἐώρων
1467 556 1560 612 δύο
1606 556 1756 620 τινὰς

176 659 467 734 ὁμογενεῖς
497 653 847 728 (ἀνθρώπους
873 653 930 706 δὲ
958 652 1100 721 λέγω
1118 692 1132 718 ,
1156 650 1174 721 )
1209 648 1757 721 διαπληκτιζομένους

179 753 282 809 καὶ
312 744 838 819 διαλοιδορουμένους
882 741 1133 811 ἀλλήλοις
1153 758 1168 772 ο
1207 738 1394 811 ἕτερον
1425 739 1468 792 δ’
1496 734 1563 793 αὖ
1597 737 1757 792 πάλιν

181 841 538 916 ἀφιματῶσαι
587 836 902 909 βουλόμενον
948 835 1040 888 τὸν
1085 831 1329 905 πλησίον·
1375 831 1474 902 ἥδη
1511 830 1568 884 δέ
1615 846 1759 891 τινες

184 935 287 990 καὶ
335 932 633 1003 δεινότερον
680 928 881 999 τολμᾷν
912 926 1163 998 ἤρχοντο.
1224 924 1282 978 '0
1318 924 1414 994 μὲν
1447 921 1556 993 γὰρ
1594 919 1757 974 ἐσκύ-

184 1030 350 1083 λευσε
376 1024 589 1097 νεκρὸν,
620 1021 714 1076 καὶ
739 1020 802 1073 τὺ
831 1017 1071 1090 κρυφθὲν
1097 1017 1199 1088 ἢδη
1228 1015 1386 1087 σῶμα
1405 1016 1473 1086 τῇ
1501 1018 1571 1087 γῇ
1600 1012 1760 1066 πάλιν

189 1119 462 1173 ἐδείκνυεν
487 1114 643 1186 ἡλίῳ,
683 1112 776 1165 καὶ
816 1110 913 1181 τὴν
943 1108 1135 1180 ὁμοίαν
1162 1106 1336 1171 οὕτως
1374 1103 1653 1177 ἐνύϐριζεν
1687 1105 1763 1157 εἱ·-

190 1210 346 1272 κόνα,
381 1205 545 1279 βορὰν
571 1204 697 1258 κυσὶ
731 1199 1070 1256 καταλείπων
1097 1198 1189 1253 τὸν
1218 1196 1428 1267 νεκρόνο
1471 1199 1500 1250 6
1525 1196 1583 1249 δὲ
1613 1195 1763 1264 ξίφος

192 1299 454 1369 ἐγύμνου,
501 1295 596 1349 καὶ
629 1293 719 1345 ἐπὶ
748 1292 838 1345 τὸν
864 1291 1045 1360 ὅμοιον
1091 1286 1373 1357 ἄνθρωπον
1404 1285 1618 1356 ἐχώρει.
1654 1283 1763 1337 Καὶ

192 1394 222 1445 6
274 1390 370 1461 μὲν
419 1389 563 1459 φυγῇ
615 1384 712 1456 τὴν
768 1381 1039 1454 σωτηρίαν
1074 1377 1317 1451 πορίζειν
1365 1376 1583 1449 ἧθελενυ
1632 1377 1660 1428 6
1706 1375 1763 1428 δὲ

193 1482 406 1538 διώκων
474 1480 571 1533 οὐκ
640 1475 892 1539 ἐπαύετο,
960 1472 1081 1527 οὐδέ
1158 1471 1254 1526 τοῦ
1310 1469 1480 1541 θυμοῦ
1544 1471 1764 1541 κρατεῖν

196 1574 376 1647 ἧθελε.
426 1571 534 1625 Καὶ
563 1569 614 1623 τί
646 1569 731 1622 δεῖ
765 1566 986 1621 πλείονα
1028 1566 1244 1635 λέγεινς
1291 1562 1427 1618 Ἀλλ’
1474 1562 1555 1615 ὅτι
1586 1562 1765 1633 χωρή-

198 1683 299 1729 σας
360 1665 442 1717 ἐπ’
508 1661 670 1716 αὑτὸν
733 1651 933 1723 εὐθέως
1000 1658 1156 1712 ἔπαιε
1212 1655 1290 1728 τῷ
1359 1654 1522 1724 ξίφει.
1590 1646 1649 1706 Ὅ
1709 1651 1765 1705 δὲ

200 1756 386 1827 ἱκέτης
441 1751 533 1808 τοῦ
591 1750 816 1823 πλησίον
869 1748 1098 1818 ἐγίνετο,
1155 1747 1250 1800 καὶ
1302 1748 1489 1818 χεῖρας
1554 1741 1763 1805 ἱκεσίας

197 1814 403 1916 ὤρεγε-ο
433 1842 527 1898 καὶ
557 1841 656 1913 τὴν
686 1814 799 1912 ’μὲν
829 1814 1035 1909 ἐσθῆτα
1064 1837 1260 1890 διδόναι
1292 1814 1471 1906 ἠθελε,
1522 1833 1678 1904 μόνον
1709 1830 1765 1882 δὲ
1798 1814 1841 1874 Β

196 1935 258 1987 τὸ
282 1932 377 2004 ζῇν
414 1932 557 2005 ἔχειν
580 1929 757 2002 ἠξίου.
797 1929 857 1983 '0
885 1929 943 1982 δὲ
968 1927 1068 1982 οὐκ
1090 1926 1284 1999 ἔθραυε
1311 1925 1402 1978 τὸν
1434 1923 1626 1994 θυμὸν,
1656 1919 1766 1974 οὐδ’

196 2012 374 2092 ἤλέει⁸
390 2022 480 2075 τὸν
525 2019 787 2093 ὁμογενῆ,
833 2018 958 2071 οὐδὲ
997 2016 1188 2072 ἐαυτὸν
1219 2014 1307 2069 διὰ
1337 2016 1435 2086 τῆς
1480 2013 1681 2077 εἰκόνος
1711 2014 1768 2065 ἐν

195 2114 390 2185 ἐκείνῳ
416 2114 632 2184 βλέπειν
662 2110 871 2183 ἢθελεν,
897 2109 1010 2164 ἀλλ’
1038 2108 1115 2173 ὡς
1136 2108 1326 2179 ἄγριος
1355 2106 1478 2178 θὴρ,
1522 2104 1600 2177 τῷ
1627 2103 1770 2172 ξίφει

197 2208 297 2278 τῆς
329 2208 493 2279 βορᾶς
526 2208 744 2279 ἤρχετο.
795 2203 934 2275 Ἤδη
963 2202 1019 2256 δὲ
1047 2202 1141 2256 καὶ
1180 2201 1241 2255 τὸ
1274 2200 1449 2271 στόμα
1483 2198 1561 2271 τῷ
1598 2198 1771 2270 όμοίῳ

197 2296 505 2369 προσέφερε
537 2294 748 2367 σώματι
769 2311 785 2326 ο
819 2289 1071 2356 τοσοῦτος
1101 2289 1210 2363 γὰρ
1246 2286 1315 2361 ἦν
1339 2287 1416 2360 τῷ
1445 2286 1619 2358 θυμῷ.
1658 2285 1770 2338 Καὶ

194 2382 269 2457 ἦν
320 2387 467 2453 ἰδεῖν,
512 2386 603 2440 τδν
651 2386 747 2456 μὲν
785 2383 1134 2455 ἠδικημένον,
1180 2381 1271 2434 τὸν
1315 2380 1372 2434 δὲ
1417 2378 1601 2433 λοιπὸν
1641 2394 1771 2431 σκυ-

201 2472 447 2537 λεύοντα,
490 2472 586 2526 καὶ
620 2471 751 2543 μηδὲ
792 2473 862 2541 γῇ
910 2469 1248 2534 σκεπάζοντα
1285 2469 1348 2522 τὸ
1380 2467 1559 2539 σῶμα,
1593 2467 1622 2519 δ
1673 2465 1771 2537 τῆς

204 2562 431 2633 ἐσθῆτος
459 2562 758 2633 ἐγύμνωσε.
794 2562 938 2633 Πρὸς
984 2563 1042 2615 δὲ
1082 2560 1292 2624 τούτοις
1325 2560 1510 2631 ἕτερος
1542 2559 1769 2631 προσῆν,

204 2655 267 2718 ὃς
314 2653 405 2708 τοῦ
458 2653 684 2726 πλησίον
737 2656 969 2722 γυναῖκα
1017 2655 1232 2719 παίζειν
1277 2653 1456 2724 ἦθελε,
1500 2652 1773 2726 λῃστεύων

206 2748 382 2818 γάμον
411 2746 708 2818 ἀλλότριον,
742 2749 835 2800 καὶ
878 2747 972 2799 ἐπὶ
1002 2745 1315 2817 παράνομον
1348 2744 1533 2815 κοίτην
1563 2745 1772 2815 τραπῆ-

205 2858 293 2895 ναι
324 2839 644 2913 παρορμῶν,
685 2837 774 2891 τὸν
816 2828 1171 2909 γεγαμηκότα
1206 2838 1427 2908 γνήσιον
1455 2836 1666 2908 πατέρα
1693 2836 1768 2906 (5)

162 2986 165 2991 .
205 2934 447 3006 γίνεσθαι
487 2933 681 2989 θέλων.
742 2931 1022 2986 Ἐντεῦθεν
1062 2932 1121 2985 δὲ
1158 2934 1277 2995 ταῖς
1304 2929 1634 3003 τραγῳδίαις
1681 2946 1774 2983 πι-

208 3028 416 3082 στεύειν
445 3026 716 3097 ἠρχόμην,
756 3026 851 3079 καὶ
885 3025 948 3078 τὸ
979 3023 1261 3078 Θυέστειον
1304 3024 1519 3077 δεῖπνον
1559 3020 1771 3092 ἀληθῶς

207 3120 380 3173 ἐδόκει
407 3134 497 3212 μοι
526 3118 843 3186 γεγονέναι·
882 3117 1154 3171 πιστεύειν
1181 3117 1237 3171 δὲ
1265 3115 1359 3170 καλ⁵
1382 3116 1449 3186 τῇ
1483 3114 1770 3185 Οίνομαίου
1800 3154 1841 3212 C

211 3210 510 3283 παρανόμῳ
542 3209 822 3281 ἐπιθυμίᾳ,
853 3211 948 3264 καὶ
968 3212 1035 3282 τῇ
1062 3208 1169 3263 τῶν
1195 3206 1437 3277 ἀδελφῶν
1470 3206 1557 3260 διὰ
1588 3206 1773 3276 ξίφους

204 3304 502 3376 φιλονεικίᾳ
531 3304 632 3359 οὐκ
657 3303 923 3357 ἀπιστεῖν.
953 3300 1234 3355 Τοσούτων
1261 3299 1439 3353 τοίνυν
1472 3299 1566 3352 καὶ
1593 3297 1773 3351 τοιού-

205 3412 313 3449 των
354 3396 551 3468 θεατὴς
587 3394 874 3464 γενόμενος
902 3391 1033 3463 ἐγὼ,
1085 3393 1244 3447 πόθεν
1284 3390 1456 3444 ταῦτα
1489 3388 1775 3461 ἀναζητεῖν

209 3489 453 3563 ἠρχόμην
472 3507 488 3520 ·
521 3488 605 3552 τίς
627 3488 683 3541 δὲ
709 3489 803 3543 καὶ
823 3491 858 3560 ἠ
886 3487 985 3562 τῆς
1005 3488 1268 3558 κινήσεως
1295 3484 1473 3539 αὐτῶν
1493 3483 1657 3554 ἀρχὴ,
1680 3482 1775 3536 καὶ

207 3582 291 3646 τίς
324 3582 352 3633 ὁ
381 3578 618 3634 τοσαῦτα
638 3579 759 3633 κατ’
782 3577 1080 3651 ἀνθρώπων
1112 3577 1583 3649 μηχανησάμενος·
1615 3573 1776 3628 πόθεν

207 3690 271 3725 τε
307 3673 339 3743 ὴ
372 3671 593 3743 εὖρησις
630 3670 830 3735 αὐτῶν,
866 3671 960 3723 καὶ
1002 3669 1086 3733 τίς
1118 3671 1147 3722 6
1192 3668 1394 3723 τούτων
1438 3666 1772 3730 διδάσκαλος.

211 3764 320 3818 Καὶ
346 3763 437 3817 τὸν
470 3764 569 3835 μὲν
596 3763 727 3817 Θεὸν
749 3762 954 3816 τούτων
983 3760 1209 3833 ποιητὴν
1244 3761 1422 3828 λέγειν
1455 3760 1658 3831 τολμᾷν
1679 3760 1776 3830 οὐχ

206 3850 319 3911 οἷόν
348 3874 405 3910 τε
430 3852 523 3928 ἦν,
556 3854 691 3913 ἀλλὰ
733 3855 838 3928 μὴν
867 3853 987 3906 οὐδὲ
1036 3852 1094 3919 ἐξ
1133 3851 1295 3905 αὐτοῦ
1338 3852 1436 3923 τὴν
1482 3851 1776 3904 ὑπόστασιν

208 3949 372 4021 ἔχειν,
403 3949 523 4002 οὐδὲ
549 3947 647 4020 τὴν
671 3946 765 4000 τοῦ
796 3943 933 4000 εἶναι
961 3945 1238 3999 σύστασιν.
1273 3942 1397 4006 Πῶς
1426 3941 1535 4014 γὰρ
1580 3936 1688 3994 οἷόν
1717 3958 1777 3994 τε

212 4038 281 4114 ἦν
309 4040 476 4094 ταῦτα
502 4040 633 4112 περὶ
665 4037 799 4093 Θεοῦ
824 4040 994 4103 νοεῖν;
1024 4036 1083 4101 ὃς
1121 4035 1218 4107 μὲν
1246 4034 1354 4107 γάρ
1381 4035 1526 4087 ἐστιν
1552 4030 1773 4102 ἀγαθὸς,

216 4134 309 4188 καὶ
344 4133 448 4187 τῶν
486 4132 812 4206 κρειττόνων
857 4128 1104 4201 ποιητὴς,
1153 4127 1260 4182 τῶν
1291 4127 1349 4181 δὲ
1386 4125 1602 4197 φαύλων
1630 4124 1777 4197 αὐτῷ

217 4225 495 4298 πρόσεστιν
522 4224 675 4280 οὐδέν
694 4241 707 4254 ο
735 4222 849 4277 ἀλλ’
869 4220 989 4277 οὐδὲ
1011 4224 1124 4284 τοῖς
1154 4219 1410 4284 τοιούτοις
1439 4218 1648 4291 χαίρειν
1682 4217 1777 4270 πέ-

219 4337 399 4389 φυκεν·
445 4316 778 4389 ἀπαγορεύει
817 4316 873 4370 δὲ
914 4316 1009 4369 καὶ
1038 4313 1138 4385 τὴν
1180 4312 1394 4382 γένεσιν
1434 4310 1644 4365 αὐτῶν
1685 4310 1777 4364 καὶ

219 4413 338 4476 τοὺς
386 4414 479 4483 μὲν
524 4411 818 4484 χαίροντας
861 4409 1070 4472 τούτοις
1117 4404 1508 4469 ἀποϐάλλεται,
1551 4404 1676 4467 τοὺς
1719 4402 1779 4456 δὲ

296 4636 372 4707 (5)
400 4637 661 4704 Γνήσιον
684 4634 924 4707 πατέρα,
956 4635 1273 4707 Menoosum
1316 4633 1592 4707 existimat
1613 4632 1776 4707 hunc

225 4703 403 4761 locum
444 4703 740 4763 Cotelerius
776 4703 844 4762 ad
884 4706 1135 4761 Clamant.
1169 4706 1310 4760 hom.
1344 4721 1478 4769 xm,
1515 4704 1543 4775 §
1573 4703 1659 4769 i9,
1699 4703 1777 4758 le—

230 4777 554 4859 gendumque
590 4780 871 4859 ριγνίγσιον,
905 4776 1116 4859 νοιρμὴ.
1147 4778 1384 4859 γνήσιον,
1410 4791 1536 4859 quae"
1557 4775 1775 4859 quidem

231 4842 342 4902 sive
364 4842 535 4918 littera
561 4842 673 4903 sive
702 4842 966 4918 particula
995 4842 1349 4918 faei'le’po'tuit
1366 4842 1650 4918 excidisse.
1683 4842 1776 4918 Sic

231 4925 403 4996 autem
440 4917 629 4998 “locum
671 4914 944 4998 integrum
956 4914 1208 4998 “reddite
1234 4916 1433 4998 Auderet
1479 4917 1659 4998 alius,_
1686 4914 1776 4978 qui

233 4987 452 5067 proximi
480 4989 629 5067 uagari
657 4986 1167 5067 cupiehatjlludere,
1218 4988 1447 5067 alienant
1500 4987 1776 5067 matrimo-

234 5055 681 5137 niitmprwdatus,
721 5068 771 5112 et
811 5058 1038 5137 incitans
1083 5073 1217 5137 eam.
1243 5067 1300 5110 ut
1343 5056 1411 5137 a‘d
1449 5057 1777 5112 concubitum

236 5125 473 5178 illicitum
500 5137 797 5195 verteretur,
834 5144 863 5184 ο
901 5128 1092 5182 marito
1134 5127 1306 5185 volens
1357 5127 1528 5196 facere
1575 5138 1776 5196 patrem

236 5211 336 5249 non
367 5211 554 5251 verum.
583 5198 748 5254 GALL.

306 5265 380 5337 (6)
410 5263 590 5351 Gladio
621 5270 819 5351 laniare
849 5271 1020 5340 capit.
1055 5270 1451 5351 Téﬁlcpat‘aﬂ;
1486 5269 1650 5351 βορᾶς
1678 5271 1777 5351 flip-

236 5353 376 5417 χετο,
401 5338 544 5417 velut
571 5340 865 5417 vorandum
897 5338 1469 5417 conscindereforte
1488 5338 1658 5417 etiam
1694 5338 1778 5395 fit-

238 5406 338 5494 erit
379 5406 564 5494 εἴχετο.
614 5407 959 5494 signiﬁcatur
1006 5428 1172 5494 supra
1220 5413 1517 5494 belluinam
1550 5410 1774 5494 “feritas,

237 5492 340 5546 qua
365 5493 500 5548 saepe
528 5480 767 5537 homines
805 5480 1101 5536 inhumani
1128 5484 1184 5538 in
1208 5498 1267 5539 se
1293 5482 1524 5537 invicem
1545 5481 1734 5537 furunt
1759 5524 1775 5550 ,

242 5554 302 5629 ut_
324 5550 402 5629 vel
428 5564 488 5604 os
512 5560 759 5629 tanquam
787 5552 1112 5629 devorandis
1137 5553 1478 5629 admoveant,
1507 5559 1568 5607 ut
1595 5554 1779 5629 statim

242 5617 448 5702 additur
480 5617 707 5702 ελδηξδὲ
733 5623 827 5676 καὶ
864 5622 926 5676 τὸ
959 5623 1258 5702 στόμα.τῷ.«
1275 5623 1444 5695 ὁμοίῳ
1466 5617 1779 5702 προσέφερε

245 5689 466 5773 Ἷξίὲματιι
503 5689 1008 5773 Sic.'Maragnenses
1041 5689 1279 5773 barbari,
1309 5689 1429 5773 non
1464 5689 1574 5749 tam
1606 5689 1780 5749 ventri

246 5769 397 5822 quam
442 5760 605 5816 furori
646 5760 1031 5829 exsaturanda,
1081 5766 1314 5820 laniatos
1363 5766 1569 5829 hostes,
1613 5766 1778 5821 etiam

249 5832 507 5888 stomacho
535 5842 835 5905 respuente,
866 5845 1157 5908 antequam
1186 5836 1324 5894 Galli
1349 5839 1523 5894 nostri
1556 5836 1782 5894 dedoce-

1856 551 2165 609 scindentes
2195 545 2419 618 aspexi:
2456 544 2684 599 alterum
2720 540 2870 603 item,
2900 536 2991 605 qui
3026 535 3187 590 vellet
3222 548 3419 602 exspo-

1855 645 1990 700 liare
2016 643 2324 715 proximum
2356 657 2370 693 :
2406 636 2504 691 sed
2546 641 2600 690 et
2651 632 2747 704 qui
2781 631 2894 701 jam
2944 628 3161 698 gravius
3215 625 3421 696 aliquid

1854 748 2186 808 praesumere
2241 730 2562 800 inciperent.
2613 723 2714 801 Hic
2760 720 3029 792 siquidem
3081 716 3424 788 depraedatus

1856 836 1940 883 est
1965 832 2260 885 mortuum,
2299 830 2606 888 corpusque
2644 814 2758 884 jam
2786 820 2934 867 terra
2961 808 3286 863 occultatum
3321 808 3424 864 ito-

1857 933 1980 972 rum
2022 912 2264 971 exhibuit
2296 910 2439 977 soli;
2492 916 2655 978 atque
2686 906 2787 970 ita,
2820 910 3036 958 mortuo
3066 900 3292 956 canibus
3344 899 3425 953 la-

1858 1009 2067 1064 niatum
2117 1002 2526 1070 vorandumque
2573 998 2785 1061 relicto,
2825 1001 3106 1065 cognatam
3136 992 3425 1062 imaginem

1859 1095 2188 1156 contumelia
2232 1092 2431 1149 alfecit.
2482 1089 2591 1145 Ille
2610 1097 2826 1153 autem,
2872 1084 3075 1140 nudato
3131 1084 3428 1151 strictoque

1861 1192 2059 1264 gladio,
2086 1190 2140 1244 in
2163 1186 2358 1243 similis
2382 1190 2593 1239 natura:
2626 1180 2897 1236 hominem
2925 1178 3105 1233 irruit.
3135 1175 3310 1245 Atque
3339 1173 3430 1227 hic

1861 1283 2080 1357 quidem
2116 1279 2331 1336 volebat
2369 1275 2495 1346 fuga
2526 1273 2689 1330 saluti
2742 1270 3026 1326 consulere
3075 1286 3091 1322 :
3145 1274 3203 1321 at
3242 1280 3429 1335 persc-

1860 1355 2056 1448 quens,
2107 1371 2245 1427 nihil
2272 1366 2587 1432 desistebat,
2624 1370 2717 1418 aut
2767 1363 2904 1417 iram
2936 1357 3208 1415 moderari
3245 1355 3431 1413 stude-

1864 1447 1977 1523 bat.
2007 1463 2150 1532 Quid
2183 1476 2312 1517 vero
2337 1470 2620 1515 necessum
2654 1460 2738 1510 est
2767 1454 2923 1524 plura
2943 1450 3166 1506 dicere?
3197 1447 3312 1504 Hoc
3342 1462 3432 1502 sa-

1862 1559 1969 1625 tis;
2022 1556 2321 1610 irruentem
2380 1551 2557 1613 illum,
2607 1545 2791 1603 statim
2818 1544 3049 1627 alterum
3080 1539 3260 1611 gladio
3290 1538 3437 1593 ceci-

1862 1651 2030 1707 disse.
2079 1652 2256 1718 Atque
2282 1646 2330 1700 is
2366 1642 2585 1714 quidem
2632 1638 2859 1708 supplex
2889 1635 3082 1691 orabat
3106 1634 3434 1703 proximum,

1864 1753 2167 1809 manusque
2192 1735 2465 1807 supplices
2492 1729 2765 1788 tendebat.
2795 1728 2872 1783 Ae
2901 1725 3121 1797 quidem
3176 1721 3437 1779 offerebat

1867 1839 2094 1897 vestem,
2118 1830 2404 1897 solumque
2448 1824 2574 1881 vitae
2622 1820 3000 1877 remissionem
3032 1817 3312 1889 poscebat.
3364 1816 3438 1869 At

1868 1924 1959 1978 ille
1981 1921 2220 1993 perstitit
2247 1918 2482 1973 infracto
2509 1915 2712 1978 animo,
2745 1926 2848 1966 nec
2892 1909 3082 1967 eodem
3132 1921 3314 1965 secum
3345 1922 3437 1977 ge-

1869 2029 2000 2069 nere
2026 2021 2109 2069 est
2134 2011 2462 2073 miseratus;
2494 2008 2579 2063 vel
2611 2021 2669 2063 se
2693 2007 2892 2075 ipsum,
2925 2002 3136 2056 ratione
3162 1997 3435 2069 imaginis,

1869 2107 1929 2162 in
1974 2120 2042 2162 eo
2090 2104 2266 2160 voluit
2312 2103 2616 2171 inspectare
2661 2116 2674 2152 :
2716 2097 2824 2151 imo
2869 2102 3128 2163 tanquam
3180 2091 3437 2146 immanis

1869 2197 2070 2261 bellua,
2098 2194 2276 2268 gladio
2301 2193 2510 2248 laniare
2527 2189 2692 2260 coepit
2716 2187 2814 2259 (6).
2845 2184 2951 2241 Sed
2979 2192 3035 2240 et
3065 2183 3198 2250 jam,
3221 2182 3439 2252 corpori

1870 2290 1958 2346 sui
1999 2288 2166 2344 simili
2217 2300 2280 2342 os
2341 2284 2698 2339 admoverat:
2734 2287 2883 2334 tanto
2938 2274 3208 2347 siquidem
3255 2272 3441 2328 furore

1869 2385 2166 2445 exarserat,
2192 2386 2419 2448 eratque
2439 2375 2643 2438 videre,
2676 2373 2908 2427 alterum
2936 2368 3156 2440 quidem
3183 2366 3439 2436 injuriam

1870 2492 2127 2550 passum;
2182 2476 2411 2529 alterum
2463 2485 2614 2535 vero,
2666 2466 2924 2535 deinceps
2973 2462 3319 2534 spoliantem,
3378 2474 3442 2513 ac

1869 2549 2046 2637 neque
2072 2573 2216 2621 terra
2238 2562 2569 2635 aperientem
2596 2570 2816 2628 corpus,
2853 2554 2998 2625 quod
3028 2560 3179 2610 veste
3201 2549 3441 2606 nudave-

1870 2666 1976 2715 rat.
2005 2657 2088 2714 Ad
2140 2657 2256 2712 haec
2289 2665 2465 2710 autem
2496 2658 2613 2708 erat
2640 2650 2803 2713 alius,
2836 2648 2953 2719 qui,
2988 2645 3199 2700 furatus
3234 2642 3440 2696 alienas

1871 2751 2109 2821 nuptias,
2136 2748 2289 2805 uxori
2322 2744 2553 2818 proximi
2586 2741 2859 2804 illuderet,
2893 2737 3097 2809 quique
3129 2735 3311 2791 cubile
3335 2733 3443 2788 ini-

1871 2860 2038 2917 quum
2063 2856 2440 2915 perrumpens,
2469 2837 2724 2893 maritum
2754 2833 3053 2905 legitimum
3083 2838 3289 2902 patrem
3324 2827 3441 2881 ﬁeri

1873 2937 2049 2993 velet.
2105 2933 2240 2989 Hinc
2284 2930 2569 3003 tragmdiis
2614 2929 2778 2985 etiam
2811 2926 2968 2981 ﬁdem
3017 2923 3219 2978 habere
3267 2918 3438 2989 ccepi,

1872 3029 2166 3100 putavique
2215 3026 2387 3081 fuisse
2443 3036 2631 3077 revera
2682 3034 2895 3077 cmnam
2943 3015 3278 3089 Thyestmam
3307 3013 3384 3086 (7)
3421 3032 3438 3070 :

1873 3119 2080 3177 credidi
2129 3134 2259 3174 vero
2291 3117 2490 3186 iniqua:
2521 3112 2796 3169 (Enomaei
2846 3108 3123 3181 cupiditati
3177 3107 3252 3179 (8)
3280 3146 3295 3170 ,
3339 3120 3441 3161 nec

1875 3213 2127 3269 fraterna:
2158 3211 2234 3283 (9)
2259 3224 2353 3281 per
2386 3207 2587 3264 ferrum
2619 3203 2954 3260 contentioni
2983 3200 3143 3257 ﬁdem
3168 3199 3436 3256 subtraxi.

1875 3307 2173 3361 Tantarum
2207 3319 2336 3374 ergo
2382 3300 2682 3369 taliumque
2710 3310 2891 3353 rerum
2934 3299 3207 3364 Spectator
3239 3290 3439 3355 factus,

1873 3394 2014 3467 capi
2056 3396 2336 3466 requirere
2391 3391 2532 3447 unde
2578 3390 2692 3444 haec
2734 3395 2917 3443 essent
2949 3404 2964 3440 :
2996 3382 3272 3455 quodnam
3315 3396 3444 3437 vero

1873 3492 2036 3547 etiam
2062 3505 2127 3545 ea
2179 3486 2504 3558 principium
2553 3482 2907 3541 habuissent;
2938 3479 3130 3548 quisve
3189 3482 3340 3529 tanta
3386 3475 3442 3530 in

1873 3578 2122 3635 homines
2153 3575 2372 3631 molitus
2394 3578 2540 3629 esset
2565 3591 2578 3627 :
2613 3568 2757 3626 unde
2773 3571 2935 3626 etiam
2958 3582 3149 3624 eorum
3176 3566 3441 3631 inventio,

1875 3670 2064 3742 quisve
2110 3666 2298 3721 talium
2327 3665 2520 3720 doctor
2550 3662 2765 3720 fuisset.
2797 3662 2874 3715 Ac
2920 3658 3323 3728 nemo.quidem
3371 3669 3445 3713 ta-

1875 3763 2008 3818 lium
2040 3767 2319 3815 auctorem
2368 3755 2538 3811 Deum
2578 3753 2841 3808 habuerit
2873 3751 3086 3817 dicere;
3133 3751 3226 3805 sed
3270 3765 3445 3820 neque

1875 3854 1944 3908 ab
1963 3867 2029 3908 eo
2067 3851 2287 3915 habere,
2323 3861 2439 3919 quo
2453 3844 2994 3902 sint-et‘consistant.
3024 3842 3128 3908 Qui
3155 3840 3302 3896 enim
3361 3848 3445 3895 ta-

1874 3947 1948 4001 lia
1993 3944 2062 4000 de
2112 3941 2223 3999 Deo
2267 3939 2506 4010 cogitare
2533 3922 2921 4006 licuerit?'qui
2968 3949 3100 3990 sane
3137 3933 3313 3988 bonus
3360 3942 3445 3987 est

1876 4033 2484 4107 auctorque-meliorum
2507 4048 2522 4098 ;
2549 4030 2636 4084 cui
2669 4043 2774 4084 nec
2799 4027 3095 4099 quidquam
3126 4024 3245 4080 vitii
3281 4025 3443 4091 insit;

1877 4132 1969 4190 sed
1994 4145 2169 4201 neque
2191 4127 2389 4184 talibus
2418 4130 2608 4194 suapte
2629 4122 2745 4192 ipse
2766 4130 2961 4177 natura
2990 4120 3226 4192 gaudere
3246 4119 3442 4189 possit,

1877 4224 1991 4279 ﬁeri
2017 4237 2142 4279 vero
2165 4219 2445 4293 prohibeat
2476 4234 2490 4272 :
2525 4215 2701 4284 iisque
2730 4214 3050 4285 gaudentes,
3085 4211 3329 4282 rejiciat;
3366 4210 3445 4265 fu-

1876 4318 2082 4389 gientes
2134 4321 2334 4377 autem,
2367 4293 2616 4381 acceptos
2645 4310 2862 4365 habeat.
2884 4305 2988 4373 Qui
3045 4321 3175 4361 vero
3209 4320 3321 4359 non
3347 4304 3443 4358 ab-

1878 4409 2126 4475 surdum,
2164 4414 2224 4461 ut
2253 4420 2443 4462 eorum
2477 4403 2619 4460 Deus
2669 4407 2862 4457 auctor
2908 4398 3113 4464 audiat,
3172 4411 3292 4468 quae
3328 4396 3445 4466 ipse

1804 4566 1871 4627 υι

1877 4640 2022 4698 rent,
2055 4648 2156 4690 ceu
2198 4631 2518 4703 praecipuas
2542 4628 2755 4699 epulas,
2788 4624 3039 4703 convivio
3070 4621 3354 4703 vetabant,
3385 4627 3445 4672 ut

1877 4706 1933 4759 in
1974 4692 2235 4760 relatione
2273 4692 2457 4757 rerum
2506 4692 2750 4771 ipsorum
2789 4695 3054 4753 Claudius
3101 4692 3440 4751 Abbavilar..

1876 4775 2007 4831 0rd.
2042 4774 2171 4829 Min.
2197 4773 2517 4843 capueinus.
2610 4784 2611 4791 ‘

1949 4844 2024 4915 (7)
2053 4830 2281 4915 Caenqu
2301 4842 2649 4913 Thyestwaut.
2679 4838 2754 4892 Τὸ
2783 4835 3064 4893 Θυέστειον
3092 4833 3324 4889 δεῖπνον.
3356 4830 3451 4887 Sic

1876 4912 2032 4972 Ovid.
2063 4931 2133 4970 xv
2161 4912 2424 4968 Metam;

2017 4984 2157 5039 Neve
2188 4983 2472 5054 Thyestwis
2488 4981 2818 5054 cumulemus
2849 4977 3046 5054 viscere
3074 4976 3285 5054 mensis.

1880 5055 1959 5111 De
1985 5056 2090 5126 hoc
2120 5048 2356 5126 Thyeste
2389 5061 2444 5109 et
2469 5052 2637 5106 Atreo
2671 5049 2860 5114 fratre,
2891 5048 3112 5104 Servius
3151 5048 3218 5101 ad
3259 5062 3276 5099 ι
3310 5051 3366 5100 et
3408 5059 3448 5098 ιι

1877 5126 1949 5180 1E
1955 5125 2093 5180 neid.

1949 5195 2261 5267 (8)'In_iguw
2309 5191 2585 5267 tEnoma’i
2632 5190 2925 5267 cupiditati.
2960 5187 3133 5267 Forte
3161 5185 3444 5240 (Enomai.

1877 5260 2081 5320 Fuit'is
2114 5260 2483 5335 Hippodamiae
2511 5260 2760 5335 paterpa‘
2782 5261 2940 5335 cujus
2980 5260 3176 5314 marito
3217 5269 3448 5335 cumLse

1879 5322 2238 5392 occidendum
2278 5350 2345 5390 ex
2383 5322 2608 5389 oraculo
2649 5322 2954 5395 didicisset,
2995 5344 3166 5399 eaque
3198 5341 3229 5378 a
3263 5322 3448 5399 multis

1879 5410 2198 5474 ambiretur,
2243 5409 2524 5478 proposito
2549 5435 2552 5439 η
2576 5405 2876 5478 certamine
2901 5392 3129 5478 ‘curul'i,
3184 5392 3447 5478 tredecim

1880 5480 2079 5550 occidit
2105 5467 2224 5550 ejus
2245 5467 2674 5550 'pro'cos,7donec
2694 5476 2873 5550 victus
2899 5474 3016 5550 ipse
3040 5478 3126 5526 est
3152 5476 3208 5550 et
3227 5467 3447 5521 occisus

1881 5567 1913 5605 a
1932 5538 2162 5622 Pelope;
2180 5538 2391 5604 Tantali
2422 5538 2554 5622 lilio,
2587 5547 2804 5620 Myrtilo
2837 5538 3023 5622 auriga
3047 5538 3226 5622 pretio
3253 5550 3447 5622 corru—

1882 5627 1975 5693 pto
2003 5607 2437 5693 et'su'bnectente
2461 5607 2706 5675 infirmos
2733 5607 3019 5693 axesnete.
3047 5607 3228 5693 Strab.
3263 5607 3300 5693 ι.
3324 5623 3445 5660 νιιι.

1879 5675 2059 5747 filium
2083 5675 2353 5747 Homerus
2381 5675 2767 5746 commemorat
2792 5675 3032 5738 occisum
3063 5677 3131 5729 ab
3163 5675 3414 5732 Hectore.

1951 5763 2029 5833 (9)
2061 5761 2171 5817 Nec
2198 5762 2470 5833 fraterna,
2517 5766 2622 5813 etc.
2654 5757 2878 5833 Videtur
2897 5750 3214 5833 Reltiutnhet
3248 5748 3471 5833 ιὶριιιιιι

1882 5816 2025 5901 Iuni;
2047 5816 2278 5907 quort'un
2302 5834 2436 5888 alter
2456 5816 2691 5885 mortem
2722 5824 2876 5881 fratri
2906 5816 3190 5882 conscivit,
3218 5820 3451 5876 referre.
