3962 6278
541 360 642 417 251

1512 362 1567 418 S.
1612 360 1940 418 METHODH
1975 361 2283 420 EPISCOPI
2317 361 2403 416 ET
2445 359 2801 415 MARTYRIS

3674 348 3786 402 253.

545 479 892 545 sententiam,
925 495 1041 549 quae
1084 481 1141 534 in
1179 480 1423 536 increata
1464 490 1744 551 congruat,
1773 482 1970 536 dictam
1998 500 2088 538 vo-

2203 482 2294 546 ;bg‘
2320 478 2457 552 μέρη
2511 479 2774 551 ἡνῶσθαιο
2803 473 2942 529 εἶναι
2972 474 3050 540 δὲ,
3085 473 3334 544 καθάπερ
3381 473 3439 524 ὲν
3477 470 3662 538 τόπῳ,
3710 474 3778 540 τῇ

546 572 746 636 luerit;
786 587 996 642 nempe,
1049 586 1224 643 neque
1272 571 1438 628 Deum
1473 589 1502 627 a
1535 573 1760 627 materia
1787 585 2094 644 separatum

545 679 690 728 esse,
725 679 786 718 ac
810 679 981 734 neque
1010 679 1232 720 rursum
1267 665 1422 719 ambo
1457 676 1514 719 ut
1545 675 1727 736 partes
1765 667 1908 720 uniri
1942 666 2092 738 (l8):

547 757 640 812 sed
673 772 791 812 esse
819 755 985 811 Deum
1011 757 1064 810 in
1095 757 1319 811 materia
1348 759 1480 810 utin
1510 758 1662 812 loco:
1685 757 2092 827 materiamque,

548 845 744 901 habere
776 846 831 899 in
873 845 982 900 Deo
1032 848 1299 902 rationem
1341 848 1708 902 continentis:
1742 846 1953 900 noverit
1986 847 2093 910 ille,

544 937 678 1002 fore,
712 945 769 992 ut
791 939 833 994 si
863 940 1143 993 materiam
1167 939 1260 995 Dei
1295 942 1471 996 locum
1503 939 1820 1005 dixerimus,
1845 955 2098 994 necessa-

542 1031 624 1085 rio
651 1031 812 1085 etiam
867 1031 1126 1086 dicendus
1173 1031 1815 1101 sitcomprehensibilis,
1853 1039 1906 1085 et
1938 1031 2030 1100 qui
2065 1045 2098 1085 a

541 1123 770 1177 materia
799 1123 1300 1179 circumscribatur.
1331 1124 1473 1188 Quin
1503 1131 1557 1176 et
1583 1121 1768 1186 simili,
1798 1130 1959 1191 atque
1983 1137 2099 1176 ma-

541 1215 696 1278 teria,
730 1216 958 1280 ratione,
979 1214 1400 1269 circumferatur
1420 1220 1654 1283 oportet.
1685 1211 1791 1267 Nec
1820 1227 1949 1267 vero
1967 1227 2099 1267 con-

539 1307 734 1362 sistere
793 1313 992 1376 p0test,
1029 1313 1122 1358 aut
1152 1306 1208 1358 in
1269 1319 1328 1360 se
1375 1304 1494 1372 ipso
1525 1317 1759 1367 manere,
1803 1317 1868 1356 eo
1897 1310 2100 1356 temere

540 1408 708 1461 moto,
747 1399 801 1452 in
835 1412 944 1467 quo
986 1404 1090 1452 est.
1148 1395 1411 1450 Praeterea
1465 1394 1739 1449 fatendum
1791 1395 2098 1449 necessario

538 1498 642 1554 est,
675 1489 845 1544 fuisse
875 1489 1042 1542 Deum
1087 1488 1144 1541 in
1187 1487 1566 1542 deterioribus.
1622 1483 1755 1539 Nam
1785 1484 1829 1540 si
1873 1486 2099 1540 materia

542 1579 869 1649 quandoque
914 1583 1106 1631 ornatu
1157 1577 1373 1643 caruit;
1423 1575 1563 1630 Deus
1607 1590 1764 1639 vero,
1797 1575 1986 1630 volens
2031 1575 2098 1630 ad

545 1675 746 1724 statum
779 1666 1055 1721 meliorem
1081 1665 1346 1721 reducere
1366 1707 1380 1732 ,
1415 1676 1662 1720 ornatum
1689 1666 1920 1721 contulit
1953 1685 1967 1721 :
1999 1665 2100 1721 fuit

2198 573 2296 646 ὕλῃ
2324 575 2416 626 τὸν
2459 573 2610 638 Θεὸν,
2638 573 2730 625 καὶ
2755 572 2851 643 τὴν
2883 570 3012 641 ὕλην
3041 571 3099 621 ὲν
3128 568 3204 637 τῷ
3234 565 3352 636 Θεῷ
3395 565 3457 617 τὸ
3505 564 3741 633 συνέχον
3764 579 3780 594 ·

2196 667 2460 730 ἀκουέτω,
2491 667 2594 730 ὅτι,
2621 664 2714 717 ἐὰν
2742 665 2902 716 τόπον
2928 661 3020 715 τοῦ
3047 661 3178 714 Θεοῦ
3204 659 3300 730 τὴν
3327 658 3461 729 ὕλην
3494 656 3778 726 λέγωμεν,

2197 758 2256 823 ἐξ
2287 758 2529 830 ἀνάγκης
2567 757 2726 810 αὑτὸν
2755 756 2848 810 καὶ
2886 754 3128 826 χωρητὸν
3158 752 3330 821 λέγειν
3359 751 3460 813 δεῖ,
3501 751 3598 802 καὶ
3642 749 3778 818 πρὸς

2195 850 2294 920 τῆς
2327 850 2456 920 ὕλης
2489 849 2975 921 περιγραφόμενον.
2995 844 3154 898 Ἀλλὰ
3181 844 3284 916 μὴν
3312 844 3404 896 καὶ
3432 842 3646 912 ὁμοίως
3679 841 3775 892 αὒ-

2197 940 2287 993 τὸν
2313 943 2377 1011 τῇ
2413 939 2510 1011 ὕλῃ
2561 942 2806 1004 ἀτάκτως
2849 938 3104 1009 φέρεσθαι
3133 937 3231 989 δεῖ.
3274 937 3364 1006 Μὴ
3398 934 3663 987 ἵστασθαι
3700 933 3773 996 ἃ,

2201 1031 2332 1102 μηδὲ
2363 1033 2540 1102 μένειν
2562 1032 2719 1084 αὑτὸν
2745 1033 2829 1100 ἐφ’
2855 1029 3066 1092 ἑαυτοῦ,
3091 1030 3321 1098 ἀνάγκη,
3351 1026 3444 1080 τοῦ
3469 1029 3529 1079 ὲν
3555 1021 3600 1093 ᾧ
3627 1028 3776 1078 ἐστιν

2197 1122 2383 1177 ἄλλοτε
2411 1123 2580 1187 ἄλλως
2616 1124 2932 1195 φερομένου.
2963 1121 3104 1193 Πρὸς
3133 1121 3188 1174 δὲ
3216 1119 3422 1182 τούτοις
3455 1119 3555 1171 καὶ
3578 1121 3639 1170 ὲν
3664 1119 3775 1187 χεί-

2201 1232 2318 1286 ροσι
2348 1215 2626 1283 γεγονέναι
2657 1216 2745 1268 τὸν
2776 1215 2904 1268 Θεὸν
2931 1217 3103 1267 εἰπεῖν
3130 1212 3359 1281 ἀνάγκη.
3393 1212 3458 1264 Εἰ
3489 1211 3603 1281 γάρ
3642 1227 3772 1261 ποτε

2197 1307 2432 1378 ἄκοσμος
2462 1303 2583 1378 ἦνή
2614 1305 2732 1378 ὕλη,
2764 1307 3032 1377 ἐκόσμησε
3066 1305 3121 1357 δὲ
3161 1305 3348 1375 αὑτὴν,
3375 1305 3456 1367 εἰς
3489 1303 3557 1354 τὸ
3589 1305 3771 1372 κρεῖτ-

2196 1415 2288 1451 τον
2313 1398 2507 1467 τρέψαι
2539 1398 2981 1470 προαιρούμενος,
3006 1393 3072 1469 ἦν
3102 1413 3229 1450 ποτε
3247 1397 3322 1449 ὅτ’
3344 1397 3401 1447 ἐν
3429 1395 3771 1464 ἀκοσμήτοκ

2196 1483 2264 1559 ἦν
2289 1491 2318 1542 6
2353 1489 2502 1552 Θεός.
2533 1490 2762 1552 Δικαίως
2784 1489 2828 1542 δ’
2858 1488 2921 1541 ἂν
2953 1489 3045 1542 καὶ
3076 1487 3231 1540 τοῦτο
3258 1487 3508 1557 ἐροίμην,
3544 1485 3773 1554 πότερον

2199 1579 2435 1652 ἐπλήρου
2477 1581 2576 1652 τὴν
2621 1579 2752 1650 ὕλην
2781 1581 2809 1632 ὁ
2839 1579 2988 1644 Θεὸς,
3019 1579 3052 1650 ἢ
3084 1581 3140 1632 ὲν
3173 1577 3326 1650 μέρει
3358 1578 3466 1629 τινὶ
3506 1576 3613 1645 τῆς
3646 1575 3773 1644 ὕλης

2200 1672 2442 1742 ὑπῆρχεν
2475 1672 2661 1742 αὐτῆς.
2687 1673 2750 1724 El
2795 1671 2891 1742 μὲν
2923 1671 3030 1742 γὰρ
3077 1672 3134 1725 ὲν
3179 1669 3331 1741 μέρει
3359 1670 3470 1722 τινὶ
3509 1670 3616 1738 τῆς
3646 1667 3770 1737 ὕλης

545 1757 858 1827 aliquando,
884 1772 1008 1811 cum
1043 1757 1184 1813 Deus
1223 1758 1279 1811 in
1311 1757 1578 1812 inornatis
1607 1757 1935 1826 incultisque
1963 1759 2100 1814 exsi-

2203 1766 2369 1817 εἱπεῖν
2395 1782 2478 1827 τις
2507 1763 2649 1816 θέλοι
2683 1764 2771 1816 τὸν
2812 1764 2963 1827 Θεὸν,
3008 1763 3252 1816 πλεῖστον
3291 1763 3413 1815 ὅσον
3443 1761 3770 1832 μικρότερον

547 1858 736 1906 steret.
762 1849 866 1903 Sed
885 1858 937 1904 et
952 1850 1078 1904 illud
1104 1850 1228 1920 jure
1253 1850 1554 1920 quazsierim
1588 1868 1602 1904 :
1633 1848 1896 1904 Totamne
1929 1858 2098 1906 mate«

2203 1857 2358 1910 αὑτὸν
2402 1857 2500 1926 τῆς
2553 1855 2683 1927 ὕλης
2720 1856 2903 1923 λέγει·
2933 1854 3068 1924 εἴγε
3101 1855 3165 1926 δὴ
3221 1855 3382 1926 μέρος
3435 1855 3616 1924 αὐτῆς
3657 1854 3771 1906 ὅλον

544 1943 681 1997 riam
712 1941 852 1999 Deus
881 1949 1192 2012 occuparet,
1225 1957 1294 1996 an
1323 1944 1499 1997 solum
1539 1942 1594 1996 in
1627 1949 1780 2013 parte
1803 1944 1982 2013 aliqua
2013 1957 2102 1997 ex-

545 2034 946 2090 sisteret?Sane
971 2035 1206 2105 quidem,
1227 2035 1273 2090 si
1299 2036 1421 2105 quis
1448 2035 1615 2090 Deum
1633 2037 1686 2090 in
1710 2044 1862 2106 parte
1890 2044 2100 2090 tantum

543 2127 784 2181 materia:
805 2127 1073 2182 affirmare
1112 2127 1270 2192 velit,
1300 2143 1558 2198 perquam
1593 2129 1964 2198 angustiorem
1994 2127 2098 2180 mi-

541 2235 838 2290 noremque
873 2221 1100 2274 materia
1143 2219 1304 2284 dicit;
1333 2219 1550 2290 quando
1590 2235 1716 2289 pars
1753 2219 1872 2288 ejus
1924 2228 2100 2273 totum

541 2327 733 2382 capere
783 2313 979 2380 potuit.
1014 2311 1110 2366 Sin
1155 2312 1352 2366 dixerit
1381 2327 1502 2367 esse
1558 2311 1612 2364 in
1646 2318 1779 2374 tota,
1825 2318 2101 2380 totamque

539 2405 847 2474 pervasisse
875 2405 1178 2468 materiam,
1212 2403 1486 2473 quomodo
1502 2417 1623 2458 eam
1641 2401 2098 2472 elaboravit(l9)?

541 2494 776 2551 Necesse
807 2502 892 2550 est
930 2495 1074 2551 enim
1109 2503 1166 2549 ut
1199 2479 1465 2559 dicamus,
1509 2494 1678 2549 fuisse
1721 2491 1888 2548 Deum
1918 2493 2100 2562 aliquo

539 2590 703 2645 modo
725 2591 781 2643 in
817 2603 876 2644 se
905 2594 1203 2642 retractum
1231 2597 1310 2653 ut,
1336 2587 1710 2642 contractione
1757 2585 1920 2649 facta,
1954 2587 2098 2642 illam

541 2691 750 2754 partem
780 2689 1148 2752 componeret,
1175 2696 1206 2734 a
1231 2695 1338 2752 qua
1372 2696 1430 2736 se
1458 2680 1808 2746 retraxisset;
1837 2680 1920 2736 vel
1936 2681 2098 2735 etiam

541 2791 651 2830 una
684 2790 808 2830 cum
837 2774 1062 2828 materia
1096 2773 1387 2840 efﬁnxisse,
1419 2787 1527 2826 non
1580 2772 1863 2826 habentem
1923 2773 2098 2826 locum

541 2883 651 2938 quo
672 2884 730 2922 se
751 2867 966 2922 interim
991 2865 1275 2936 reciperet.
1297 2863 1353 2918 Si
1379 2880 1506 2920 vero
1537 2865 1662 2934 quis
1691 2872 1901 2918 asserat
1931 2871 2099 2918 mate—

539 2960 681 3014 riam
711 2957 764 3011 in
797 2956 906 3011 Deo
937 2955 1108 3010 fuisse
1129 2995 1144 3018 ,
1177 2955 1427 3009 similiter
1459 2953 1852 3024 exquirendum
1879 2959 2046 3009 restat
2080 2973 2093 3007 :

541 3057 725 3104 utrum
757 3048 984 3113 scilicet,
1019 3047 1169 3104 velut
1201 3048 1319 3116 ipso
1363 3047 1538 3102 diviso
1579 3061 1608 3098 a
1639 3061 1696 3100 se
1727 3046 1843 3115 ipso
1879 3045 2011 3116 (20),
2034 3060 2098 3100 ac

541 3142 686 3198 sicut
727 3139 1042 3194 animalium
1084 3153 1279 3210 genera
1321 3138 1374 3190 in
1421 3152 1544 3191 aere
1586 3139 1888 3203 exsistunt;
1922 3137 2098 3192 diviso

2202 1948 2444 2021 ἐχώρησε
2472 1949 2563 2003 τὸν
2591 1949 2742 2004 Θεόν.
2778 1950 2840 2002 Εἰ
2864 1949 2920 2002 δὲ
2946 1951 3002 2002 ὲν
3027 1948 3176 2021 πάσῃ
3208 1944 3343 2002 εἶναι
3379 1948 3554 2016 λέγοι,
3587 1948 3685 2001 καὶ
3710 1947 3770 1998 δι’

2199 2042 2327 2111 ὅλης
2354 2043 2724 2113 κεχωρηκέναι
2773 2043 2874 2112 τῆς
2914 2041 3062 2112 ὕλης,
3097 2042 3211 2106 πῶς
3249 2041 3451 2113 ταύτην
3481 2039 3771 2111 ἐδημιούρ-

2199 2149 2334 2203 γησε
2365 2135 2642 2204 φρασάτω.
2663 2133 2893 2205 Ἀνάγκη
2929 2133 3035 2206 γὰρ
3069 2133 3326 2204 συστολὴν
3355 2151 3477 2187 τινα
3507 2133 3610 2186 τοῦ
3643 2132 3768 2186 Θεοῦ

2199 2224 2398 2293 λέγειν,
2435 2221 2502 2297 ἦς
2527 2225 2819 2297 γενομένης
2847 2225 3193 2298 ἐδημιούργει
3228 2227 3400 2278 ἐκεῖνο
3424 2226 3521 2294 ἀφ’
3550 2220 3620 2278 οὗ
3650 2226 3770 2276 ὑπε-

2201 2318 2464 2388 χώρησεν,
2495 2318 2528 2389 ἢ
2562 2319 2654 2370 καὶ
2684 2319 2840 2372 αὑτὸν
2894 2321 2959 2389 τῇ
3009 2317 3108 2388 ὕλῃ
3152 2317 3632 2388 συνδημιουργεῖν,
3680 2317 3768 2369 οὑκ

2201 2409 2389 2480 ἔχοντα
2419 2411 2816 2481 ὑποχωρήσεως
2843 2410 3026 2464 τόπον.
3062 2409 3123 2462 Εἰ
3154 2409 3211 2462 δὲ
3251 2410 3348 2480 τὴν
3400 2408 3537 2479 ὕλην
3591 2410 3654 2462 ὲν
3701 2408 3767 2477 τῷ

2199 2501 2314 2572 Θεῷ
2352 2497 2486 2554 εἷναί
2529 2519 2611 2565 τις
2654 2501 2814 2565 λέξοι,
2837 2501 3035 2572 ὁμοίως
3063 2498 3331 2565 ἐξετάζειν
3375 2501 3490 2552 δεῖο
3547 2501 3764 2571 πότεριν

2197 2591 2272 2656 ὡς
2299 2592 2639 2662 διισταμένου
2665 2591 2826 2645 αὑτοῦ
2860 2593 2952 2657 ἀφ’
2975 2591 3187 2656 ἑαυτοῦ,
3218 2593 3308 2644 καὶ
3337 2590 3528 2662 ὥσπερ
3559 2593 3625 2645 ὲν
3659 2595 3765 2662 ἀέρι

2201 2685 2433 2756 ὑπάρχει
2478 2685 2631 2755 γένη,
2673 2684 3046 2756 διαιρουμένου
3075 2683 3168 2737 καὶ
3214 2684 3574 2755 μεριζομένου
3615 2683 3764 2737 αὑτοῦ

2198 2779 2278 2841 εἰς
2306 2777 2566 2848 ὑποδοχὴν
2595 2775 2702 2829 τῶν
2724 2776 3020 2846 γινομένων
3063 2777 3120 2829 ὲν
3169 2776 3388 2846 αὑτῷ,ἢ
3419 2775 3496 2838 ὡς
3531 2779 3592 2829 ἐν
3607 2779 3766 2848 τόπῳ.

2196 2870 2492 2932 τουτέστιν,
2519 2868 2706 2939 ὥσπερ
2737 2869 2794 2920 ὲν
2822 2871 2890 2938 γῇ
2931 2867 3074 2937 ὕδωρ
3098 2885 3111 2897 ·
3147 2870 3194 2921 εἰ
3229 2867 3326 2938 μὲν
3354 2867 3462 2938 γὰρ
3498 2868 3764 2937 εἴποιμεν,

2198 2961 2273 3024 ὡς
2307 2962 2365 3014 ἐν
2394 2961 2537 3032 ἀέρι,
2576 2961 2830 3032 μεριστὸν
2872 2960 3084 3030 ἀνάγκη
3127 2959 3216 3013 τὸν
3257 2960 3386 3012 Θεὸν
3413 2962 3591 3014 εἰπεῖν
3615 2977 3630 2989 ·
3661 2964 3707 3012 εἰ
3731 2962 3764 3013 δ’

2198 3051 2384 3124 ὥσπερ
2412 3055 2467 3105 ἐν
2497 3056 2566 3124 γῇ
2598 3052 2740 3124 ὕδωρ
2760 3070 2771 3082 ·
2798 3047 2865 3123 ἦν
2887 3053 2942 3104 δὲ
2962 3051 3193 3114 ἄτακτος
3223 3053 3256 3123 ἡ
3279 3050 3376 3122 ὕλη
3406 3052 3504 3104 καὶ
3525 3052 3767 3122 ἀκόσμη-

2200 3159 2313 3206 τοῖν
2359 3143 2492 3214 πρὸς
2521 3142 2578 3196 δὲ
2605 3142 2814 3205 τούτοις
2840 3141 3036 3211 ἔχουσα
3066 3141 3159 3194 καὶ
3187 3142 3331 3195 κακά
3354 3159 3367 3172 °
3399 3142 3491 3194 τὸν
3528 3143 3666 3197 Θεὸν
3694 3145 3767 3196 λέ-

539 3235 664 3306 ipso
693 3241 949 3304 sectoque
989 3230 1058 3285 ad
1101 3245 1163 3286 ea
1209 3229 1556 3300 suscipienda
1587 3244 1706 3299 quae
1749 3230 1805 3283 in
1834 3244 1898 3284 eo
1924 3239 2050 3284 sunt
2079 3249 2092 3284 :

2203 3251 2312 3303 γειν
2333 3234 2541 3306 ἀνάγκη
2602 3234 2763 3287 τόπον
2796 3230 2932 3287 εἶναι
2959 3235 3282 3304 ἀκοσμήτων
3308 3235 3400 3286 καὶ
3425 3233 3537 3287 τῶν
3565 3237 3765 3289 κακῶν.

538 3328 624 3382 vel
657 3327 800 3381 sicut
846 3325 902 3379 in
952 3323 1070 3378 loco
1118 3323 1222 3377 hoc
1269 3332 1373 3386 est,
1415 3338 1480 3377 eo
1510 3320 1672 3376 modo
1702 3336 1810 3392 quo
1855 3337 1994 3392 aqua
2042 3323 2098 3376 in

539 3423 683 3471 terra
723 3424 826 3470 est.
865 3413 921 3468 Si
949 3413 1167 3483 quidem
1197 3427 1263 3467 eo
1291 3413 1452 3467 modo
1507 3413 1807 3468 dixerimus
1849 3428 1958 3483 quo
2010 3429 2098 3469 res

540 3517 668 3564 sunt
696 3507 749 3561 in
776 3522 934 3572 aere;
961 3518 1182 3560 necesse
1204 3511 1310 3567 est,
1331 3511 1388 3557 ut
1415 3502 1582 3558 Deum
1614 3501 1937 3557 divisibilem
1959 3503 2102 3557 dica-

540 3616 682 3656 mus.
719 3599 814 3654 Sin
846 3607 1024 3654 autem
1072 3613 1138 3654 eo
1187 3597 1346 3652 modo
1375 3613 1484 3668 quo
1512 3613 1650 3667 aqua
1680 3604 1764 3653 est
1801 3595 1856 3650 in
1897 3604 2042 3651 terra
2081 3615 2096 3651 :

540 3707 663 3747 eum
689 3690 916 3745 materia
942 3687 1209 3760 indigesta
1229 3695 1374 3743 esset
1399 3696 1452 3742 et
1483 3687 1873 3757 incomposita;
1892 3687 1959 3741 ad
1989 3687 2102 3742 huic

538 3787 722 3849 etiam,
761 3784 903 3838 mala
933 3783 1274 3848 contineret;
1307 3781 1636 3836 necessitate
1696 3778 2006 3846 conficitur,
2043 3787 2103 3834 ut

542 3929 655 3975 tum
697 3921 974 3983 extremis,
1005 3935 1176 3989 eoque
1225 3919 1331 3973 illis
1365 3917 1528 3979 idem,
1567 3915 1848 3989 identitate
1897 3915 2104 3989 scilicet

541 3991 775 4062 partium
827 3991 880 4062 in
933 3999 1064 4044 toto.
1090 3986 1291 4062 ῬιιιιιοΔ
1318 3990 1474 4062 aliter
1512 3989 1778 4062 formatur
1805 3986 1917 4040 haec
1966 3987 2105 4062 ratio

543 4058 687 4130 apud
705 4058 954 4113 Photium
993 4081 1006 4114 :
1041 4069 1162 4128 post
1185 4059 1346 4114 verba
1375 4058 1519 4130 enim
1540 4074 1646 4130 non
1671 4059 1828 4130 longe
1855 4059 2104 4130 superius

541 4127 740 4201 posita,
778 4130 912 4201 ὅπερ
941 4127 1155 4201 καὶτὸν
1197 4129 1468 4201 χωρισμὸν
1510 4127 1685 4201 αὑτῶν
1715 4127 1950 4201 δείκνυσι
1982 4147 1994 4183 :
2031 4129 2102 4201 i_ta

543 4198 743 4268 arguit,
766 4198 920 4251 τοῦτο
947 4200 1024 4264 δὲ,
1047 4201 1175 4270 ἤτοι,
1196 4198 1389 4270 ταυτὸν
1419 4198 1499 4261 ὃν,
1532 4199 1732 4270 ἥνωται
1762 4198 1974 4270 θατέρῳ
1999 4198 2106 4270 τῶν

542 4271 667 4324 δύο·
705 4271 796 4322 καὶ
830 4270 1040 4340 ἀνάγκη
1071 4268 1250 4321 πάλιν
1281 4268 1312 4338 ἦ
1358 4268 1612 4340 ἕνωσιν-ἢ
1647 4268 1921 4340 χωρισμὸν
1948 4268 2107 4339 πρὸς

543 4342 604 4394 τὸ
637 4340 822 4410 ἕτερον
855 4337 1437 4455 ζητεῖνζἜνωσινγάρ
1482 4337 1739 4390 ἀδύνατον
1771 4337 1916 4400 ἰδεῖν,
1950 4337 2106 4408 εἴπερ

544 4411 754 4455 Flauiam
776 4427 904 4455 ταυτ
924 4429 964 4455 ιν
988 4405 1123 4455 εἶναι
1154 4410 1246 4455 καὶ
1268 4407 1506 4455 ἡνῶσθαι
1532 4407 1762 4455 δέδοται·
1787 4408 1978 4455 imoimo
1999 4409 2106 4455 γὰο

544 4405 964 4482 θατέρῴγταυτὸν
988 4405 1123 4482 εἶναι
1150 4405 1506 4482 καὶᾲὴνῶσθαι
1532 4407 1762 4482 δέδοται·
1787 4408 1978 4482 ἡνοῦτο
1999 4405 2107 4482 γάρ

541 4473 812 4544 οὕτω’ς’ἂν
841 4481 933 4534 καὶ
965 4481 1024 4533 τὸ
1055 4479 1114 4543 ἐξ
1138 4473 1329 4550 ἀρχῆς,
1358 4473 1401 4546 ᾧ
1429 4477 1622 4550 ταυτὸν
1650 4473 1784 4550 εἶναι
1809 4473 1972 4550 ’τοῦτο
1997 4473 2108 4550 ἐδόξ-

2201 3326 2376 3397 Ὄπερ
2418 3327 2518 3378 οὑκ
2567 3323 2809 3396 εὕφημον
2850 3320 2992 3377 εἷναί
3045 3341 3132 3395 μοι
3177 3323 3341 3387 δοκεῖ,
3375 3325 3681 3394 ἐπισφαλὲς
3720 3328 3768 3379 δὲ

2203 3417 2603 3488 μᾶλλον.”Υλην
2652 3417 2761 3488 γὰρ
2793 3412 2929 3471 εἶναι
2958 3416 3148 3481 θέλεις,
3195 3417 3280 3469 ἵνα
3327 3415 3400 3487 μὴ
3428 3417 3540 3470 τῶν
3588 3419 3770 3471 κακῶν

2201 3511 2427 3580 ποιητὴν
2461 3511 2620 3582 εἴπῃς
2653 3511 2742 3562 τὸν
2775 3509 2906 3562 Θεόν
2926 3527 2938 3540 ⁸
2967 3511 3058 3563 καὶ
3084 3508 3238 3562 τοῦτο
3264 3512 3453 3578 φυγεῖν
3486 3512 3768 3582 προαιρού-

2205 3618 2383 3671 μενος,
2417 3601 2618 3670 δοχείον
2650 3601 2808 3653 αὑτὸν
2840 3599 2945 3653 τῶν
2973 3599 3155 3653 κακῶν
3188 3595 3324 3654 εἶναι
3349 3600 3551 3668 λέγεις.
3587 3603 3649 3654 El
3678 3602 3765 3672 μὲν

2202 3690 2314 3755 οὑν,
2339 3694 2437 3765 τὴν
2466 3692 2596 3762 ὕλην
2627 3694 2690 3744 ὲκ
2715 3692 2820 3744 τῶν
2853 3691 2963 3763 ('21)
3000 3691 3342 3744 ὑποστάντων
3373 3691 3620 3761 γενητῶν
3652 3694 3767 3744 ὑπο-

2203 3788 2357 3853 νοῶν,
2391 3785 2650 3856 άγένητον
2684 3785 2947 3855 ὑπάρχειν
2976 3783 3176 3852 ἔλεγες,
3201 3781 3366 3835 πολὺν
3395 3781 3461 3835 ἂν
3487 3785 3621 3855 περὶ
3651 3784 3766 3836 ταύ-

2205 3923 2323 3997 [ὼς]
2351 3925 2407 3976 ἐν
2429 3923 2583 4045 μέρει
2610 3920 2864 3993 ἡνῶσθαι,
2900 3935 3092 3990 nempe
3133 3917 3301 3974 Deum
3327 3918 3468 3972 uniri
3505 3918 3594 3972 vel
3625 3927 3684 3972 ut
3716 3919 3762 3972 in

2205 4006 2357 4045 narte
2389 4013 2402 4045 :
2439 4008 2503 4045 ve
2529 4032 2544 4045 .
2579 4002 2640 4045 ut
2677 4007 2803 4045 pars
2833 3991 3020 4044 unitur
3050 3991 3210 4045 parti.
3241 3989 3336 4043 Est
3367 3990 3537 4041 altera
3574 3991 3762 4045 proba-

2205 3989 2357 4064 parte
2389 4013 2402 4048 :
2431 3989 2544 4056 'vel,
2579 3989 2641 4047 ut
2677 4007 2803 4064 pars
2833 3989 3210 4064 uniturparti.
3241 3989 3336 4064 Est_
3367 3990 3537 4041 altera
3574 3991 3763 4064 proba-

2206 4059 2281 4118 iio
2314 4065 2382 4119 ab
2409 4064 2579 4118 altero
2609 4059 2767 4115 modo
2798 4059 3172 4129 unioniSfper
3215 4059 3431 4112 modum
3477 4061 3718 4127 contigui
3749 4079 3758 4110 :

2205 4136 2474 4205 locatique
2497 4141 2551 4188 et
2581 4132 2685 4188 loci
2719 4151 2730 4186 :
2771 4147 2890 4202 qua:
2919 4141 2972 4186 et
3012 4132 3128 4200 ipsa
3159 4129 3225 4184 ad
3254 4129 3531 4184 hominem
3576 4145 3762 4198 proce-

2207 4206 2306 4260 dit.

2279 4274 2389 4344 (19)
2429 4272 2702 4344 Quomodo
2733 4289 2849 4326 eam
2891 4270 3216 4344 elaboravit?
3242 4267 3362 4332 Πῶς
3403 4266 3610 4336 ταύτην
3651 4269 3759 4338 ἐδηο

2209 4341 2526 4416 μιούργησε,
2547 4343 2900 4416 similitudine
2928 4341 3214 4416 artificum,
3242 4355 3378 4408 quos
3403 4347 3622 4407 Oportet
3651 4354 3764 4393 esse

2208 4409 2454 4469 nonnihil
2487 4417 2604 4468 loco
2635 4414 2901 4468 discretos
2930 4429 2958 4465 a
2992 4409 3216 4464 materia
3246 4424 3405 4478 quam
3431 4419 3766 4476 componunt

2206 4493 2261 4541 et
2308 4485 2621 4555 perficiunt;
2669 4486 2749 4538 sic
2789 4482 3164 4555 Archimedes
3213 4478 3531 4555 nonnullum
3583 4480 3762 4555 locum

544 4553 628 4623 θη.
655 4553 716 4603 ΕΞ
747 4551 804 4604 δὲ
833 4547 1408 4623 κεχωρίσθαςᾶπαιτεῖ
1433 4547 1460 4598 6
1485 4547 1845 4623 16799-1!th
1870 4548 1928 4600 τὸ
1947 4549 2101 4623 χωρί-

2209 4547 2358 4611 extra
2385 4547 2698 4609 universum
2729 4553 3022 4623 quaerebat,
3075 4551 3168 4623 toti
3212 4551 3289 4623 illi
3336 4549 3529 4623 ciendo
3560 4557 3617 4602 et
3644 4550 3766 4623 sede

543 4617 634 4687 ζον
657 4617 1003 4692 ἀπαιτητέον,
1026 4621 1128 4684 ἓως
1149 4619 1224 4692 ἂν
1239 4619 1631 4692 ἀπείρων-ἡμῖν
1653 4618 1923 4686 ἀγενήτων
1944 4617 2107 4687 ἐσμὸς

542 4695 812 4764 ἀναφανῇ.
849 4688 958 4764 Εεο
989 4691 1068 4746 sic
1098 4688 1380 4764 redderem
1407 4708 1420 4744 :
1449 4688 1562 4764 Hoc
1589 4699 1764 4764 autem
1792 4692 2002 4764 (nempe
2023 4703 2108 4764 se-

545 4757 935 4832 paratis)"velu't
971 4761 1108 4832 quod
1136 4763 1203 4814 sit
1236 4761 1371 4814 idem
1408 4759 1561 4813 alteri
1593 4763 1846 4821 duorum,
1887 4757 1966 4810 illi
1995 4759 2110 4832 uni-

544 4829 656 4885 ium
679 4829 757 4885 est
778 4849 796 4885 :
839 4829 1146 4902 rursumque
1169 4849 1370 4886 necesse
1388 4832 1486 4886 erit
1508 4845 1738 4902 qua’rei‘c
1770 4838 1860 4902 aut
1890 4829 2107 4902 conjun-

542 4904 764 4958 ctionem
815 4914 905 4955 aut
952 4898 1330 4972 separationem
1365 4903 1428 4956 ab
1463 4901 1644 4954 altero.
1681 4898 1932 4953 Uniouem
1967 4901 2105 4952 enim

544 4974 737 5035 ridere,
769 4971 1087 5041 impossibile
1119 4974 1298 5043 fuerit,
1322 4976 1368 5026 si
1411 4971 1618 5042 quidem
1667 4986 1966 5043 concessum
2007 4979 2102 5043 est,

543 5060 655 5101 esse
693 5044 828 5097 idem
868 5061 984 5097 cum
1027 5041 1214 5107 altera,
1245 5055 1292 5097 et
1330 5041 1668 5097 illi’unitum.
1694 5041 1784 5094 Sic
1818 5045 1953 5094 enim
1984 5041 2107 5093 uni-

544 5125 693 5170 retur
739 5116 897 5168 etiam
937 5116 1164 5182 primum
1206 5114 1360 5176 illud,
1385 5130 1626 5184 cumquo
1659 5112 1800 5165 istud
1837 5112 1973 5165 idem
1993 5127 2106 5165 esse

543 5201 848 5241 concessum
868 5185 988 5253 fuit.
1026 5184 1176 5249 Quod
1203 5185 1248 5238 si
1280 5187 1413 5238 ratio
1446 5185 1594 5238 docet
1614 5193 1916 5252 separatum
1939 5197 1957 5234 :
1980 5197 2102 5234 ruro

541 5275 633 5313 sus
662 5257 1004 5328 quwrendum
1029 5265 1106 5328 est
1139 5271 1240 5328 quo
1264 5253 1745 5328 separetur,_donec
1774 5254 2105 5328 inﬁnitarum

539 5323 892 5399 ingeriitorum
918 5326 1064 5380 nobis
1093 5323 1243 5392 copia
1273 5323 1532 5399 oecurrut.
1560 5323 1653 5399 Est
1687 5327 1800 5399 haec
1831 5325 1992 5399 ratio_
2011 5339 2101 5377 sa.

539 5393 618 5455 tis
641 5399 816 5454 facilis
845 5404 898 5451 et
923 5411 1264 5463 consequens
1294 5413 1308 5448 :
1347 5393 1451 5450 nisi
1481 5395 1626 5464 quod
1672 5396 1871 5465 ubique
1924 5393 2105 5446 minus

542 5471 896 5551 probabiliter
927 5467 1139 5548 videtur
1157 5480 1488 5554 _suppqnere,
1513 5465 1769 5554 distin‘guli
1794 5466 1978 5554 aliqua
2011 5478 2108 5544 ne-

545 5533 803 5602 cessario,
836 5553 944 5593 non
980 5554 1039 5593 se
1067 5533 1350 5606 ipsis,’sed
1382 5551 1476 5604 per
1507 5536 1632 5606 alia.
1665 5533 1814 5590 Valet
1842 5533 2109 5606 nihilomi-

546 5623 649 5662 nus
679 5611 768 5663 illa
800 5611 867 5664 ad
899 5605 1194 5671 hominem,
1227 5614 1282 5662 et
1311 5605 1589 5674 supposita
1627 5621 1809 5660 crassa
1839 5605 1930 5658 illa
1961 5605 2109 5662 aesti-

548 5681 782 5734 matione
814 5681 881 5735 de
910 5679 1040 5743 Deo,
1078 5679 1131 5731 in
1165 5693 1271 5747 qua
1298 5685 1452 5730 erant
1483 5674 1868 5730 Valentiniani.

592 5747 735 5821 ~(liii
778 5750 851 5802 Ac
882 5766 1038 5818 neque
1065 5744 1279 5821 rursuni
1305 5747 1456 5821 anth
1487 5755 1548 5821 ut
1570 5755 1745 5812 partes
1773 5746 1933 5821 uniri.
1963 5744 2105 5821 Μῄτ⁹

551 5812 825 5886 «suam,
854 5821 927 5883 ὡς
953 5812 1088 5891 μέρη
1112 5817 1347 5890 ἡνῶσθαι
1396 5817 1681 5884 Photima,
1709 5815 1828 5887 μηδ’
1849 5812 1916 5871 αὑ
1950 5814 2106 5870 πάλιν

2207 4625 2492 4680 movendo.
2525 4619 2795 4693 lnterprés
2843 4623 3044 4693 passim
3098 4621 3163 4672 τὸ
3205 4620 3555 4693 δημιουργεῖν
3592 4619 3764 4693 reddit

2206 4712 2402 4759 creare,
2435 4695 2579 4764 quod
2613 4689 2716 4747 hoc
2745 4689 2864 4748 loco
2890 4708 2996 4764 non
3030 4689 3299 4762 congruit,
3328 4689 3424 4764 ubi
3471 4691 3653 4759 agitur
3700 4689 3765 4741 de

2207 4758 2528 4820 formatio-ne
2558 4764 2814 4831 materiae,
2847 4763 3104 4816 adversus
3131 4758 3226 4816 éos
3250 4758 3546 4829 qui’ipsam
3577 4775 3608 4812 a
3634 4775 3692 4812 se
3715 4767 3765 4812 et

2206 4836 2499 4901 ingenitam
2533 4835 2803 4888 dicebant.
2834 4832 2900 4887 Ut
2925 4848 3054 4901 ergo
3087 4847 3194 4886 non
3220 4831 3442 4884 tulerint
3478 4845 3663 4901 aures,
3711 4837 3766 4880 ut

2210 4899 2363 4960 faber
2399 4906 2614 4960 dicatur
2639 4919 2821 4958 creare
2851 4899 3076 4962 ferrum.
3111 4903 3185 4956 ita
3217 4916 3391 4972 neque
3419 4909 3478 4954 ut
3507 4899 3675 4964 Deus,
3703 4913 3766 4953 eo

2207 4992 2394 5037 sensu,
2421 4975 2634 5030 dicatur
2662 4988 2846 5030 creare
2876 4973 3180 5027 materiam.

2277 5046 2387 5116 (‘20)
2434 5045 2576 5098 Velut
2605 5046 2716 5114 ipso
2737 5044 2903 5097 diviso
2932 5060 3044 5116 arse
3065 5044 3192 5116 ipso.
3211 5041 3368 5096 Velut
3391 5041 3443 5094 in
3469 5040 3768 5116 locoucomf

2205 5108 2439 5170 mtini'et
2466 5108 2704 5185 proprio,
2741 5115 3029 5185 utiquovisr
3061 5108 3220 5185 modo
3254 5119 3515 5185 sequatur
3559 5108 3764 5185 aliquid

2207 5181 2786 5240 absonum-veldivisio
2804 5181 2928 5251 Dei;
2955 5184 3036 5238 vel
3062 5184 3266 5252 indigni
3289 5193 3343 5237 et
3363 5182 3562 5251 turpis.
3585 5197 3685 5234 ceu
3713 5181 3762 5232 in

2206 5271 2334 5311 vase
2357 5264 2410 5311 et
2433 5257 2551 5310 loco
2575 5255 2813 5324 proprio,
2837 5253 3195 5324 continentia,
3214 5269 3337 5308 cum
3367 5252 3567 5322 probro
3591 5252 3764 5324 conti-

2205 5328 2387 5381 nentis
2423 5346 2434 5380 :
2473 5325 2614 5380 unde
2642 5323 2786 5394 quod
2823 5325 3069 5394 sequitur
3098 5323 3131 5393 ἢ
3167 5323 3241 5386 ὡς
3265 5323 3518 5394 ὲνκτόπῳ,
3553 5323 3764 5394 videtur

2207 5397 2564 5466 supplendum
2588 5393 2771 5450 addito
2801 5393 2932 5464 ἰδίῳ,
2976 5395 3088 5466 nisi
3113 5393 3396 5466 legendum
3422 5400 3507 5446 est
3538 5393 3762 5460 ἀγγείῳ,

2207 5464 2364 5537 cujus
2389 5467 2734 5523 continentiae
2775 5465 3082 5537 exemplum
3107 5464 3286 5537 statim
3316 5465 3370 5516 in
3407 5472 3550 5515 terra
3580 5470 3762 5530 ponat,

2208 5533 2308 5592 hoc
2331 5547 2433 5601 est,
2459 5552 2586 5592 vase
2607 5545 2784 5591 terreo
2812 5545 2865 5590 et
2886 5533 3036 5589 ﬁctili
3067 5533 3378 5588 continente
3395 5548 3593 5601 aquam
3624 5551 3636 5585 :
3663 5547 3764 5600 qua

2208 5608 2559 5667 continentia,
2579 5621 2676 5661 vas
2704 5605 3024 5671 dicitur,vel
3048 5605 3103 5659 in
3133 5605 3413 5668 honorem,
3443 5602 3527 5656 vel
3557 5603 3614 5656 in
3636 5619 3765 5657 con-

2207 5680 2504 5738 tumeliam.
2538 5677 2557 5731 l
2592 5676 2732 5731 'l‘im.
2763 5693 2820 5729 II.

2279 5749 2390 5820 (2|)
2442 5751 2534 5802 Ἐκ
2558 5746 2693 5803 τῶν.
2734 5745 2894 5802 Forte
2913 5744 3018 5811 ἔξω
3045 5744 3172 5798 τῶν.
