  <div class='ocr_page' id='page_1' title='image "/cluster/home/n/w/nwhite01/storage/ocr_20150623/18/mdp.39015008168943/134.png"; bbox 0 0 3962 6278; ppageno 0'>
   <div class='ocr_carea' id='block_1_1' title="bbox 171 386 3429 448">
    <p class='ocr_par' dir='ltr' id='par_1_1' title="bbox 171 386 3429 448">
     <span class='ocr_line' id='line_1_1' title="bbox 171 386 3429 448; baseline -0.001 -4"><span class='ocrx_word' id='word_1_1' title='bbox 171 389 288 446; x_wconf 70' lang='lat'><strong>253</strong></span> <span class='ocrx_word' id='word_1_2' title='bbox 1371 392 1497 447; x_wconf 88' lang='lat' dir='ltr'><strong>LIB.</strong></span> <span class='ocrx_word' id='word_1_3' title='bbox 1539 393 1627 447; x_wconf 90' lang='lat' dir='ltr'><strong>DE</strong></span> <span class='ocrx_word' id='word_1_4' title='bbox 1661 391 1907 448; x_wconf 73' lang='lat' dir='ltr'><strong>LIBERO</strong></span> <span class='ocrx_word' id='word_1_5' title='bbox 1945 387 2290 445; x_wconf 76' lang='lat' dir='ltr'><strong>ARBITRIO.</strong></span> <span class='ocrx_word' id='word_1_6' title='bbox 3322 386 3429 442; x_wconf 70' lang='grc'><strong>254</strong></span> 
     </span>
    </p>
   </div>
   <div class='ocr_carea' id='block_1_2' title="bbox 167 506 1800 590">
    <p class='ocr_par' dir='ltr' id='par_1_2' title="bbox 167 511 1778 585">
     <span class='ocr_line' id='line_1_2' title="bbox 167 511 1778 585; baseline 0.003 -22"><span class='ocrx_word' id='word_1_7' title='bbox 167 527 276 582; x_wconf 85' lang='grc' dir='ltr'><strong>της</strong></span> <span class='ocrx_word' id='word_1_8' title='bbox 309 511 683 585; x_wconf 73' lang='grc' dir='ltr'><strong>ἐποιησάμην</strong></span> <span class='ocrx_word' id='word_1_9' title='bbox 707 513 862 582; x_wconf 86' lang='grc' dir='ltr'>λόγον</span> <span class='ocrx_word' id='word_1_10' title='bbox 891 514 970 578; x_wconf 88' lang='grc' dir='ltr'><strong>είς</strong></span> <span class='ocrx_word' id='word_1_11' title='bbox 997 511 1265 579; x_wconf 81' lang='grc' dir='ltr'>ἀπόδειξιν</span> <span class='ocrx_word' id='word_1_12' title='bbox 1297 513 1389 567; x_wconf 80' lang='grc' dir='ltr'>τοῦ</span> <span class='ocrx_word' id='word_1_13' title='bbox 1415 516 1494 568; x_wconf 81' lang='grc' dir='ltr'><strong>ὅτι</strong></span> <span class='ocrx_word' id='word_1_14' title='bbox 1522 515 1778 569; x_wconf 85' lang='grc' dir='ltr'>ἀδύνατον</span> 
     </span>
    </p>
   </div>
   <div class='ocr_carea' id='block_1_3' title="bbox 1911 506 3433 590">
    <p class='ocr_par' dir='ltr' id='par_1_3' title="bbox 1911 506 3433 580">
     <span class='ocr_line' id='line_1_3' title="bbox 1911 506 3433 580; baseline -0.008 -11"><span class='ocrx_word' id='word_1_15' title='bbox 1911 518 2067 579; x_wconf 71' lang='lat' dir='ltr'><strong>tcum,</strong></span> <span class='ocrx_word' id='word_1_16' title='bbox 2103 513 2279 566; x_wconf 88' lang='lat' dir='ltr'><strong>locum</strong></span> <span class='ocrx_word' id='word_1_17' title='bbox 2309 508 2552 564; x_wconf 85' lang='lat' dir='ltr'><strong>dicamus</strong></span> <span class='ocrx_word' id='word_1_18' title='bbox 2583 506 2693 580; x_wconf 64' lang='grc' dir='ltr'><strong>(Ἦ)</strong></span> <span class='ocrx_word' id='word_1_19' title='bbox 2727 507 3210 578; x_wconf 79' lang='lat' dir='ltr'><strong>incompositorum</strong></span> <span class='ocrx_word' id='word_1_20' title='bbox 3240 512 3294 560; x_wconf 92' lang='lat' dir='ltr'><strong>et</strong></span> <span class='ocrx_word' id='word_1_21' title='bbox 3316 512 3433 558; x_wconf 87' lang='lat' dir='ltr'><strong>tur-</strong></span> 
     </span>
    </p>
   </div>
   <div class='ocr_carea' id='block_1_4' title="bbox 169 596 1800 679">
    <p class='ocr_par' dir='ltr' id='par_1_4' title="bbox 169 603 1773 679">
     <span class='ocr_line' id='line_1_4' title="bbox 169 603 1773 679; baseline 0.002 -23"><span class='ocrx_word' id='word_1_22' title='bbox 169 603 464 676; x_wconf 83' lang='grc' dir='ltr'>ὑπάρχειν</span> <span class='ocrx_word' id='word_1_23' title='bbox 519 607 693 679; x_wconf 84' lang='grc' dir='ltr'>αὐτὴν</span> <span class='ocrx_word' id='word_1_24' title='bbox 745 607 1003 678; x_wconf 80' lang='grc' dir='ltr'>ἀγένητον</span> <span class='ocrx_word' id='word_1_25' title='bbox 1025 623 1037 637; x_wconf 88' lang='grc'><strong>·</strong></span> <span class='ocrx_word' id='word_1_26' title='bbox 1073 608 1193 661; x_wconf 76' lang='grc' dir='ltr'>ἐπεὶ</span> <span class='ocrx_word' id='word_1_27' title='bbox 1221 606 1278 659; x_wconf 84' lang='grc' dir='ltr'>δὲ</span> <span class='ocrx_word' id='word_1_28' title='bbox 1302 607 1399 679; x_wconf 81' lang='grc' dir='ltr'>τὴν</span> <span class='ocrx_word' id='word_1_29' title='bbox 1439 607 1544 660; x_wconf 89' lang='grc' dir='ltr'><strong>τῶν</strong></span> <span class='ocrx_word' id='word_1_30' title='bbox 1591 607 1773 660; x_wconf 85' lang='grc' dir='ltr'>κακῶν</span> 
     </span>
    </p>
   </div>
   <div class='ocr_carea' id='block_1_5' title="bbox 1911 596 3434 679">
    <p class='ocr_par' dir='ltr' id='par_1_5' title="bbox 1911 596 3434 673">
     <span class='ocr_line' id='line_1_5' title="bbox 1911 596 3434 673; baseline -0.006 -14"><span class='ocrx_word' id='word_1_31' title='bbox 1911 607 2048 671; x_wconf 43' lang='lat' dir='ltr'><strong>lium,</strong></span> <span class='ocrx_word' id='word_1_32' title='bbox 2083 612 2259 673; x_wconf 43' lang='lat' dir='ltr'><strong>atque,</strong></span> <span class='ocrx_word' id='word_1_33' title='bbox 2283 602 2546 655; x_wconf 88' lang='lat' dir='ltr'><strong>malorum</strong></span> <span class='ocrx_word' id='word_1_34' title='bbox 2581 619 2594 654; x_wconf 88' lang='lat'><strong>:</strong></span> <span class='ocrx_word' id='word_1_35' title='bbox 2626 601 2769 670; x_wconf 90' lang='lat' dir='ltr'><strong>quod</strong></span> <span class='ocrx_word' id='word_1_36' title='bbox 2817 602 2996 655; x_wconf 90' lang='lat' dir='ltr'><strong>minus</strong></span> <span class='ocrx_word' id='word_1_37' title='bbox 3051 599 3246 653; x_wconf 87' lang='lat' dir='ltr'><strong>decens</strong></span> <span class='ocrx_word' id='word_1_38' title='bbox 3302 596 3434 650; x_wconf 88' lang='lat' dir='ltr'><strong>mihi</strong></span> 
     </span>
    </p>
   </div>
   <div class='ocr_carea' id='block_1_6' title="bbox 169 689 1800 770">
    <p class='ocr_par' dir='ltr' id='par_1_6' title="bbox 169 693 1774 770">
     <span class='ocr_line' id='line_1_6' title="bbox 169 693 1774 770; baseline 0 -20"><span class='ocrx_word' id='word_1_39' title='bbox 169 696 408 765; x_wconf 79' lang='grc' dir='ltr'>γένεσιν</span> <span class='ocrx_word' id='word_1_40' title='bbox 441 699 633 751; x_wconf 78' lang='grc' dir='ltr'>αἰτίαν</span> <span class='ocrx_word' id='word_1_41' title='bbox 667 699 770 770; x_wconf 77' lang='grc' dir='ltr'><strong>φῄς</strong></span> <span class='ocrx_word' id='word_1_42' title='bbox 809 693 944 751; x_wconf 76' lang='grc' dir='ltr'>εἶναι</span> <span class='ocrx_word' id='word_1_43' title='bbox 977 697 1077 768; x_wconf 80' lang='grc' dir='ltr'><strong>τῆς</strong></span> <span class='ocrx_word' id='word_1_44' title='bbox 1113 697 1360 769; x_wconf 81' lang='grc' dir='ltr'><strong>τοιαύτης</strong></span> <span class='ocrx_word' id='word_1_45' title='bbox 1387 698 1654 761; x_wconf 88' lang='grc' dir='ltr'>ὑπονοίας,</span> <span class='ocrx_word' id='word_1_46' title='bbox 1687 696 1774 750; x_wconf 85' lang='grc' dir='ltr'>διὰ</span> 
     </span>
    </p>
   </div>
   <div class='ocr_carea' id='block_1_7' title="bbox 1911 689 3434 770">
    <p class='ocr_par' dir='ltr' id='par_1_7' title="bbox 1911 689 3434 767">
     <span class='ocr_line' id='line_1_7' title="bbox 1911 689 3434 767; baseline -0.007 -15"><span class='ocrx_word' id='word_1_47' title='bbox 1911 699 2114 760; x_wconf 58' lang='lat' dir='ltr'><strong>‘idetur,</strong></span> <span class='ocrx_word' id='word_1_48' title='bbox 2136 695 2266 767; x_wconf 89' lang='lat' dir='ltr'><strong>quin</strong></span> <span class='ocrx_word' id='word_1_49' title='bbox 2300 695 2460 748; x_wconf 90' lang='lat' dir='ltr'><strong>etiam</strong></span> <span class='ocrx_word' id='word_1_50' title='bbox 2478 693 2862 763; x_wconf 88' lang='lat' dir='ltr'><strong>periculosum.</strong></span> <span class='ocrx_word' id='word_1_51' title='bbox 2893 689 3027 745; x_wconf 84' lang='lat' dir='ltr'><strong>Nam</strong></span> <span class='ocrx_word' id='word_1_52' title='bbox 3057 689 3177 743; x_wconf 85' lang='lat' dir='ltr'><strong>ideo</strong></span> <span class='ocrx_word' id='word_1_53' title='bbox 3205 689 3286 744; x_wconf 87' lang='lat' dir='ltr'><strong>vis</strong></span> <span class='ocrx_word' id='word_1_54' title='bbox 3313 702 3434 743; x_wconf 85' lang='lat' dir='ltr'><strong>esse</strong></span> 
     </span>
    </p>
   </div>
   <div class='ocr_carea' id='block_1_8' title="bbox 168 787 1773 862">
    <p class='ocr_par' dir='ltr' id='par_1_8' title="bbox 168 787 1773 862">
     <span class='ocr_line' id='line_1_8' title="bbox 168 787 1773 862; baseline 0.002 -21"><span class='ocrx_word' id='word_1_55' title='bbox 168 787 345 842; x_wconf 77' lang='grc' dir='ltr'>τοῦτο</span> <span class='ocrx_word' id='word_1_56' title='bbox 381 791 483 842; x_wconf 74' lang='grc' dir='ltr'><strong>ἐπὶ</strong></span> <span class='ocrx_word' id='word_1_57' title='bbox 521 790 620 862; x_wconf 74' lang='grc' dir='ltr'>τὴν</span> <span class='ocrx_word' id='word_1_58' title='bbox 669 789 908 854; x_wconf 77' lang='grc' dir='ltr'>ἐξέτασιν</span> <span class='ocrx_word' id='word_1_59' title='bbox 952 788 1154 842; x_wconf 88' lang='grc' dir='ltr'>τούτων</span> <span class='ocrx_word' id='word_1_60' title='bbox 1197 789 1443 862; x_wconf 79' lang='grc' dir='ltr'>ἔρχεσθαί</span> <span class='ocrx_word' id='word_1_61' title='bbox 1491 807 1578 861; x_wconf 89' lang='grc' dir='ltr'><strong>μοι</strong></span> <span class='ocrx_word' id='word_1_62' title='bbox 1611 791 1773 845; x_wconf 88' lang='grc' dir='ltr'>δοκεῖ.</span> 
     </span>
    </p>
   </div>
   <div class='ocr_carea' id='block_1_9' title="bbox 173 865 1779 954">
    <p class='ocr_par' dir='ltr' id='par_1_9' title="bbox 173 865 1779 954">
     <span class='ocr_line' id='line_1_9' title="bbox 173 865 1779 954; baseline 0.002 -23"><span class='ocrx_word' id='word_1_63' title='bbox 173 880 438 951; x_wconf 81' lang='grc' dir='ltr'>Φανεροῢ</span> <span class='ocrx_word' id='word_1_64' title='bbox 494 882 610 954; x_wconf 79' lang='grc' dir='ltr'>γὰρ</span> <span class='ocrx_word' id='word_1_65' title='bbox 663 882 941 952; x_wconf 79' lang='grc' dir='ltr'>γινομένου</span> <span class='ocrx_word' id='word_1_66' title='bbox 974 881 1067 935; x_wconf 74' lang='grc' dir='ltr'>τοῦ</span> <span class='ocrx_word' id='word_1_67' title='bbox 1099 865 1278 951; x_wconf 79' lang='grc' dir='ltr'>λόγου,</span> <span class='ocrx_word' id='word_1_68' title='bbox 1320 882 1440 936; x_wconf 83' lang='grc' dir='ltr'>καθ’</span> <span class='ocrx_word' id='word_1_69' title='bbox 1469 882 1526 936; x_wconf 84' lang='grc' dir='ltr'>ὃν</span> <span class='ocrx_word' id='word_1_70' title='bbox 1581 884 1779 954; x_wconf 83' lang='grc' dir='ltr'>τρόπον</span> 
     </span>
    </p>
   </div>
   <div class='ocr_carea' id='block_1_10' title="bbox 177 968 1779 1044">
    <p class='ocr_par' dir='ltr' id='par_1_10' title="bbox 177 968 1779 1044">
     <span class='ocr_line' id='line_1_10' title="bbox 177 968 1779 1044; baseline 0.002 -19"><span class='ocrx_word' id='word_1_71' title='bbox 177 973 307 1026; x_wconf 74' lang='grc' dir='ltr'>ἐστὶ</span> <span class='ocrx_word' id='word_1_72' title='bbox 356 973 431 1027; x_wconf 85' lang='grc' dir='ltr'>τὰ</span> <span class='ocrx_word' id='word_1_73' title='bbox 481 975 651 1039; x_wconf 76' lang='grc' dir='ltr'>κακὰ,</span> <span class='ocrx_word' id='word_1_74' title='bbox 680 977 773 1029; x_wconf 72' lang='grc' dir='ltr'>καὶ</span> <span class='ocrx_word' id='word_1_75' title='bbox 810 977 889 1028; x_wconf 85' lang='grc' dir='ltr'>ὅτι</span> <span class='ocrx_word' id='word_1_76' title='bbox 915 974 1011 1044; x_wconf 84' lang='grc' dir='ltr'><strong>οὐχ</strong></span> <span class='ocrx_word' id='word_1_77' title='bbox 1039 968 1147 1027; x_wconf 76' lang='grc' dir='ltr'>οἷόν</span> <span class='ocrx_word' id='word_1_78' title='bbox 1171 991 1231 1026; x_wconf 91' lang='grc' dir='ltr'><strong>τε</strong></span> <span class='ocrx_word' id='word_1_79' title='bbox 1271 975 1417 1027; x_wconf 76' lang='grc' dir='ltr'>ἐστὶν</span> <span class='ocrx_word' id='word_1_80' title='bbox 1459 974 1626 1028; x_wconf 81' lang='grc' dir='ltr'>αι’τιον</span> <span class='ocrx_word' id='word_1_81' title='bbox 1672 973 1779 1028; x_wconf 90' lang='grc' dir='ltr'><strong>τῶν</strong></span> 
     </span>
    </p>
   </div>
   <div class='ocr_carea' id='block_1_11' title="bbox 179 1063 1780 1135">
    <p class='ocr_par' dir='ltr' id='par_1_11' title="bbox 179 1063 1780 1135">
     <span class='ocr_line' id='line_1_11' title="bbox 179 1063 1780 1135; baseline -0.001 -19"><span class='ocrx_word' id='word_1_82' title='bbox 179 1065 385 1118; x_wconf 82' lang='grc' dir='ltr'>κακῶν</span> <span class='ocrx_word' id='word_1_83' title='bbox 423 1069 608 1121; x_wconf 82' lang='grc' dir='ltr'>εἰπεῖν</span> <span class='ocrx_word' id='word_1_84' title='bbox 635 1067 724 1120; x_wconf 76' lang='grc' dir='ltr'>τὸν</span> <span class='ocrx_word' id='word_1_85' title='bbox 757 1066 907 1129; x_wconf 84' lang='grc' dir='ltr'>Θεὸν,</span> <span class='ocrx_word' id='word_1_86' title='bbox 931 1066 994 1119; x_wconf 82' lang='grc' dir='ltr'><strong>ὲκ</strong></span> <span class='ocrx_word' id='word_1_87' title='bbox 1031 1064 1123 1118; x_wconf 73' lang='grc' dir='ltr'>τοῦ</span> <span class='ocrx_word' id='word_1_88' title='bbox 1171 1065 1301 1135; x_wconf 88' lang='grc' dir='ltr'>ὕλην</span> <span class='ocrx_word' id='word_1_89' title='bbox 1359 1063 1503 1135; x_wconf 83' lang='grc' dir='ltr'>αὐτῷ</span> <span class='ocrx_word' id='word_1_90' title='bbox 1528 1063 1780 1117; x_wconf 83' lang='grc' dir='ltr'>ὑποτιθέ-</span> 
     </span>
    </p>
   </div>
   <div class='ocr_carea' id='block_1_12' title="bbox 181 1153 1776 1228">
    <p class='ocr_par' dir='ltr' id='par_1_12' title="bbox 181 1153 1776 1228">
     <span class='ocr_line' id='line_1_12' title="bbox 181 1153 1776 1228; baseline -0.001 -21"><span class='ocrx_word' id='word_1_91' title='bbox 181 1170 278 1208; x_wconf 88' lang='grc' dir='ltr'><strong>ναι</strong></span> <span class='ocrx_word' id='word_1_92' title='bbox 310 1155 418 1227; x_wconf 81' lang='grc' dir='ltr'><strong>τὴν</strong></span> <span class='ocrx_word' id='word_1_93' title='bbox 461 1157 723 1228; x_wconf 81' lang='grc' dir='ltr'><strong>τοιαύτην</strong></span> <span class='ocrx_word' id='word_1_94' title='bbox 761 1157 1031 1221; x_wconf 84' lang='grc' dir='ltr'>ὑπόνοιαν,</span> <span class='ocrx_word' id='word_1_95' title='bbox 1077 1155 1411 1226; x_wconf 84' lang='grc' dir='ltr'>ἀναιρεῖσθαί</span> <span class='ocrx_word' id='word_1_96' title='bbox 1463 1172 1550 1225; x_wconf 88' lang='grc' dir='ltr'><strong>μοι</strong></span> <span class='ocrx_word' id='word_1_97' title='bbox 1600 1153 1776 1207; x_wconf 90' lang='grc' dir='ltr'>δοκεῖ·</span> 
     </span>
    </p>
   </div>
   <div class='ocr_carea' id='block_1_13' title="bbox 185 1247 1780 1322">
    <p class='ocr_par' dir='ltr' id='par_1_13' title="bbox 185 1247 1780 1322">
     <span class='ocr_line' id='line_1_13' title="bbox 185 1247 1780 1322; baseline 0 -22"><span class='ocrx_word' id='word_1_98' title='bbox 185 1247 298 1311; x_wconf 82' lang='grc' dir='ltr'>δτι,</span> <span class='ocrx_word' id='word_1_99' title='bbox 332 1250 387 1301; x_wconf 78' lang='grc' dir='ltr'><strong>εἰ</strong></span> <span class='ocrx_word' id='word_1_100' title='bbox 442 1251 548 1314; x_wconf 74' lang='grc' dir='ltr'>τὰς</span> <span class='ocrx_word' id='word_1_101' title='bbox 596 1251 880 1321; x_wconf 78' lang='grc' dir='ltr'><strong>ποιότητας</strong></span> <span class='ocrx_word' id='word_1_102' title='bbox 940 1250 1012 1322; x_wconf 82' lang='grc' dir='ltr'>μὴ</span> <span class='ocrx_word' id='word_1_103' title='bbox 1060 1249 1226 1313; x_wconf 88' lang='grc' dir='ltr'>οὕσας</span> <span class='ocrx_word' id='word_1_104' title='bbox 1275 1247 1700 1319; x_wconf 79' lang='grc' dir='ltr'>ἐδημιούργησεν</span> <span class='ocrx_word' id='word_1_105' title='bbox 1752 1250 1780 1301; x_wconf 88' lang='grc' dir='ltr'><strong>ό</strong></span> 
     </span>
    </p>
   </div>
   <div class='ocr_carea' id='block_1_14' title="bbox 187 1337 1780 1412">
    <p class='ocr_par' dir='ltr' id='par_1_14' title="bbox 187 1337 1780 1412">
     <span class='ocr_line' id='line_1_14' title="bbox 187 1337 1780 1412; baseline 0.001 -21"><span class='ocrx_word' id='word_1_106' title='bbox 187 1337 356 1403; x_wconf 83' lang='grc' dir='ltr'><strong>Θεὸς,</strong></span> <span class='ocrx_word' id='word_1_107' title='bbox 385 1342 486 1394; x_wconf 78' lang='grc' dir='ltr'><strong>καὶ</strong></span> <span class='ocrx_word' id='word_1_108' title='bbox 514 1341 614 1406; x_wconf 83' lang='grc' dir='ltr'>τὰς</span> <span class='ocrx_word' id='word_1_109' title='bbox 646 1343 828 1405; x_wconf 82' lang='grc' dir='ltr'>οὐσίας</span> <span class='ocrx_word' id='word_1_110' title='bbox 857 1341 1074 1411; x_wconf 84' lang='grc' dir='ltr'>ὁμοίως.</span> <span class='ocrx_word' id='word_1_111' title='bbox 1105 1342 1213 1412; x_wconf 78' lang='grc' dir='ltr'><strong>Φῂς</strong></span> <span class='ocrx_word' id='word_1_112' title='bbox 1233 1340 1407 1394; x_wconf 81' lang='grc' dir='ltr'>τοίνυν</span> <span class='ocrx_word' id='word_1_113' title='bbox 1433 1339 1619 1392; x_wconf 77' lang='grc' dir='ltr'>ἄποιον</span> <span class='ocrx_word' id='word_1_114' title='bbox 1652 1337 1780 1408; x_wconf 81' lang='grc' dir='ltr'>ὕλην</span> 
     </span>
    </p>
   </div>
   <div class='ocr_carea' id='block_1_15' title="bbox 1884 776 3435 851">
    <p class='ocr_par' dir='ltr' id='par_1_15' title="bbox 1884 776 3435 851">
     <span class='ocr_line' id='line_1_15' title="bbox 1884 776 3435 851; baseline -0.01 -7"><span class='ocrx_word' id='word_1_115' title='bbox 1884 787 2189 851; x_wconf 76' lang='lat' dir='ltr'><strong>materiam,</strong></span> <span class='ocrx_word' id='word_1_116' title='bbox 2234 791 2291 839; x_wconf 91' lang='lat' dir='ltr'><strong>ut</strong></span> <span class='ocrx_word' id='word_1_117' title='bbox 2319 799 2386 839; x_wconf 86' lang='lat' dir='ltr'><strong>ne</strong></span> <span class='ocrx_word' id='word_1_118' title='bbox 2421 781 2589 837; x_wconf 91' lang='lat' dir='ltr'><strong>Deum</strong></span> <span class='ocrx_word' id='word_1_119' title='bbox 2622 782 2884 835; x_wconf 87' lang='lat' dir='ltr'><strong>malorum</strong></span> <span class='ocrx_word' id='word_1_120' title='bbox 2908 789 3182 833; x_wconf 88' lang='lat' dir='ltr'><strong>auctorem</strong></span> <span class='ocrx_word' id='word_1_121' title='bbox 3206 776 3435 830; x_wconf 80' lang='lat' dir='ltr'><strong>atﬁrma-</strong></span> 
     </span>
    </p>
   </div>
   <div class='ocr_carea' id='block_1_16' title="bbox 1882 873 3438 946">
    <p class='ocr_par' dir='ltr' id='par_1_16' title="bbox 1882 873 3438 946">
     <span class='ocr_line' id='line_1_16' title="bbox 1882 873 3438 946; baseline -0.009 -12"><span class='ocrx_word' id='word_1_122' title='bbox 1882 879 2068 934; x_wconf 82' lang='lat' dir='ltr'><strong>veris:</strong></span> <span class='ocrx_word' id='word_1_123' title='bbox 2103 891 2334 946; x_wconf 88' lang='lat' dir='ltr'><strong>cumque</strong></span> <span class='ocrx_word' id='word_1_124' title='bbox 2375 874 2480 927; x_wconf 89' lang='lat' dir='ltr'><strong>hoc</strong></span> <span class='ocrx_word' id='word_1_125' title='bbox 2528 873 2664 927; x_wconf 81' lang='lat' dir='ltr'><strong>velis</strong></span> <span class='ocrx_word' id='word_1_126' title='bbox 2722 887 2934 935; x_wconf 78' lang='lat' dir='ltr'><strong>cavere,</strong></span> <span class='ocrx_word' id='word_1_127' title='bbox 2985 878 3252 923; x_wconf 86' lang='lat' dir='ltr'><strong>malorum</strong></span> <span class='ocrx_word' id='word_1_128' title='bbox 3306 881 3438 921; x_wconf 85' lang='lat' dir='ltr'><strong>con-</strong></span> 
     </span>
    </p>
   </div>
   <div class='ocr_carea' id='block_1_17' title="bbox 1883 961 3440 1039">
    <p class='ocr_par' dir='ltr' id='par_1_17' title="bbox 1883 961 3440 1039">
     <span class='ocr_line' id='line_1_17' title="bbox 1883 961 3440 1039; baseline -0.01 -14"><span class='ocrx_word' id='word_1_129' title='bbox 1883 969 2244 1039; x_wconf 89' lang='lat' dir='ltr'><strong>ceptaculum,</strong></span> <span class='ocrx_word' id='word_1_130' title='bbox 2275 982 2398 1024; x_wconf 88' lang='lat' dir='ltr'><strong>eum</strong></span> <span class='ocrx_word' id='word_1_131' title='bbox 2435 966 2592 1020; x_wconf 88' lang='lat' dir='ltr'><strong>dicis.</strong></span> <span class='ocrx_word' id='word_1_132' title='bbox 2643 963 2798 1030; x_wconf 88' lang='lat' dir='ltr'><strong>Quod</strong></span> <span class='ocrx_word' id='word_1_133' title='bbox 2859 963 2905 1018; x_wconf 89' lang='lat' dir='ltr'><strong>si</strong></span> <span class='ocrx_word' id='word_1_134' title='bbox 2955 961 3238 1015; x_wconf 83' lang='lat' dir='ltr'><strong>materiam</strong></span> <span class='ocrx_word' id='word_1_135' title='bbox 3285 967 3440 1013; x_wconf 80' lang='lat' dir='ltr'><strong>extra</strong></span> 
     </span>
    </p>
   </div>
   <div class='ocr_carea' id='block_1_18' title="bbox 1883 1050 3439 1118">
    <p class='ocr_par' dir='ltr' id='par_1_18' title="bbox 1883 1050 3439 1118">
     <span class='ocr_line' id='line_1_18' title="bbox 1883 1050 3439 1118; baseline -0.01 -1"><span class='ocrx_word' id='word_1_136' title='bbox 1883 1060 2232 1117; x_wconf 87' lang='lat' dir='ltr'><strong>subsistentia</strong></span> <span class='ocrx_word' id='word_1_137' title='bbox 2284 1065 2466 1113; x_wconf 87' lang='lat' dir='ltr'><strong>creata</strong></span> <span class='ocrx_word' id='word_1_138' title='bbox 2513 1057 2853 1118; x_wconf 85' lang='lat' dir='ltr'><strong>existimans,</strong></span> <span class='ocrx_word' id='word_1_139' title='bbox 2883 1054 3176 1107; x_wconf 86' lang='lat' dir='ltr'><strong>increatam</strong></span> <span class='ocrx_word' id='word_1_140' title='bbox 3208 1050 3439 1104; x_wconf 73' lang='lat' dir='ltr'><strong>dixisses</strong></span> 
     </span>
    </p>
   </div>
   <div class='ocr_carea' id='block_1_19' title="bbox 1884 1143 3441 1220">
    <p class='ocr_par' dir='ltr' id='par_1_19' title="bbox 1884 1143 3441 1220">
     <span class='ocr_line' id='line_1_19' title="bbox 1884 1143 3441 1220; baseline -0.01 -12"><span class='ocrx_word' id='word_1_141' title='bbox 1884 1153 2168 1217; x_wconf 77' lang='lat' dir='ltr'><strong>exsistere,</strong></span> <span class='ocrx_word' id='word_1_142' title='bbox 2183 1150 2388 1220; x_wconf 60' lang='lat' dir='ltr'><strong>Zmultis</strong></span> <span class='ocrx_word' id='word_1_143' title='bbox 2407 1148 2473 1202; x_wconf 91' lang='lat' dir='ltr'><strong>de</strong></span> <span class='ocrx_word' id='word_1_144' title='bbox 2493 1163 2554 1202; x_wconf 88' lang='lat' dir='ltr'><strong>ea</strong></span> <span class='ocrx_word' id='word_1_145' title='bbox 2582 1150 2796 1202; x_wconf 91' lang='lat' dir='ltr'><strong>locutus</strong></span> <span class='ocrx_word' id='word_1_146' title='bbox 2812 1161 3008 1210; x_wconf 88' lang='lat' dir='ltr'><strong>essem,</strong></span> <span class='ocrx_word' id='word_1_147' title='bbox 3034 1143 3307 1214; x_wconf 89' lang='lat' dir='ltr'><strong>probando</strong></span> <span class='ocrx_word' id='word_1_148' title='bbox 3333 1157 3441 1194; x_wconf 89' lang='lat' dir='ltr'><strong>non</strong></span> 
     </span>
    </p>
   </div>
   <div class='ocr_carea' id='block_1_20' title="bbox 1885 1235 3443 1316">
    <p class='ocr_par' dir='ltr' id='par_1_20' title="bbox 1885 1235 3443 1316">
     <span class='ocr_line' id='line_1_20' title="bbox 1885 1235 3443 1316; baseline -0.01 -16"><span class='ocrx_word' id='word_1_149' title='bbox 1885 1261 2048 1316; x_wconf 86' lang='lat' dir='ltr'><strong>posse</strong></span> <span class='ocrx_word' id='word_1_150' title='bbox 2081 1244 2217 1307; x_wconf 88' lang='lat' dir='ltr'><strong>ﬁeri,</strong></span> <span class='ocrx_word' id='word_1_151' title='bbox 2245 1251 2306 1296; x_wconf 91' lang='lat' dir='ltr'><strong>ut</strong></span> <span class='ocrx_word' id='word_1_152' title='bbox 2331 1257 2394 1296; x_wconf 86' lang='lat' dir='ltr'><strong>ea</strong></span> <span class='ocrx_word' id='word_1_153' title='bbox 2428 1241 2668 1294; x_wconf 87' lang='lat' dir='ltr'><strong>increata</strong></span> <span class='ocrx_word' id='word_1_154' title='bbox 2709 1241 2798 1294; x_wconf 89' lang='lat' dir='ltr'><strong>sit.</strong></span> <span class='ocrx_word' id='word_1_155' title='bbox 2829 1237 2965 1303; x_wconf 87' lang='lat' dir='ltr'><strong>Quia</strong></span> <span class='ocrx_word' id='word_1_156' title='bbox 3000 1251 3127 1290; x_wconf 87' lang='lat' dir='ltr'><strong>vero</strong></span> <span class='ocrx_word' id='word_1_157' title='bbox 3177 1235 3443 1288; x_wconf 85' lang='lat' dir='ltr'><strong>malorum</strong></span> 
     </span>
    </p>
   </div>
   <div class='ocr_carea' id='block_1_21' title="bbox 1886 1328 3446 1403">
    <p class='ocr_par' dir='ltr' id='par_1_21' title="bbox 1886 1328 3446 1403">
     <span class='ocr_line' id='line_1_21' title="bbox 1886 1328 3446 1403; baseline -0.008 -14"><span class='ocrx_word' id='word_1_158' title='bbox 1886 1344 2086 1398; x_wconf 91' lang='lat' dir='ltr'><strong>ortum,</strong></span> <span class='ocrx_word' id='word_1_159' title='bbox 2144 1332 2476 1403; x_wconf 89' lang='lat' dir='ltr'><strong>ejuscemodi</strong></span> <span class='ocrx_word' id='word_1_160' title='bbox 2521 1331 2794 1402; x_wconf 88' lang='lat' dir='ltr'><strong>opinionis</strong></span> <span class='ocrx_word' id='word_1_161' title='bbox 2835 1328 2972 1384; x_wconf 89' lang='lat' dir='ltr'><strong>dicis</strong></span> <span class='ocrx_word' id='word_1_162' title='bbox 3013 1342 3264 1391; x_wconf 85' lang='lat' dir='ltr'><strong>causam,</strong></span> <span class='ocrx_word' id='word_1_163' title='bbox 3319 1339 3446 1394; x_wconf 87' lang='lat' dir='ltr'><strong>pro-</strong></span> 
     </span>
    </p>
   </div>
   <div class='ocr_carea' id='block_1_22' title="bbox 194 1417 1800 1505">
    <p class='ocr_par' dir='ltr' id='par_1_22' title="bbox 194 1429 1782 1505">
     <span class='ocr_line' id='line_1_22' title="bbox 194 1429 1782 1505; baseline -0.001 -22"><span class='ocrx_word' id='word_1_164' title='bbox 194 1433 581 1504; x_wconf 84' lang='grc' dir='ltr'>συνυπάρχειν</span> <span class='ocrx_word' id='word_1_165' title='bbox 621 1432 698 1504; x_wconf 84' lang='grc' dir='ltr'>τῷ</span> <span class='ocrx_word' id='word_1_166' title='bbox 727 1433 865 1504; x_wconf 84' lang='grc' dir='ltr'>Θεῷ,</span> <span class='ocrx_word' id='word_1_167' title='bbox 891 1433 948 1500; x_wconf 78' lang='grc' dir='ltr'>ἐξ</span> <span class='ocrx_word' id='word_1_168' title='bbox 984 1430 1052 1505; x_wconf 88' lang='grc' dir='ltr'>ἦς</span> <span class='ocrx_word' id='word_1_169' title='bbox 1080 1433 1179 1504; x_wconf 81' lang='grc' dir='ltr'>τὴν</span> <span class='ocrx_word' id='word_1_170' title='bbox 1207 1430 1300 1484; x_wconf 80' lang='grc' dir='ltr'>τοῦ</span> <span class='ocrx_word' id='word_1_171' title='bbox 1330 1431 1531 1502; x_wconf 74' lang='grc' dir='ltr'>κόσμου</span> <span class='ocrx_word' id='word_1_172' title='bbox 1573 1429 1782 1498; x_wconf 84' lang='grc' dir='ltr'>γένεσιν</span> 
     </span>
    </p>
   </div>
   <div class='ocr_carea' id='block_1_23' title="bbox 1911 1417 3442 1505">
    <p class='ocr_par' dir='ltr' id='par_1_23' title="bbox 1911 1417 3442 1490">
     <span class='ocr_line' id='line_1_23' title="bbox 1911 1417 3442 1490; baseline -0.008 -11"><span class='ocrx_word' id='word_1_173' title='bbox 1911 1434 2069 1480; x_wconf 70' lang='lat' dir='ltr'><strong>iterea</strong></span> <span class='ocrx_word' id='word_1_174' title='bbox 2091 1425 2266 1479; x_wconf 86' lang='lat' dir='ltr'><strong>visum</strong></span> <span class='ocrx_word' id='word_1_175' title='bbox 2296 1432 2400 1490; x_wconf 90' lang='lat' dir='ltr'><strong>est,</strong></span> <span class='ocrx_word' id='word_1_176' title='bbox 2427 1434 2484 1476; x_wconf 89' lang='lat' dir='ltr'><strong>ut</strong></span> <span class='ocrx_word' id='word_1_177' title='bbox 2517 1422 2583 1475; x_wconf 90' lang='lat' dir='ltr'><strong>ad</strong></span> <span class='ocrx_word' id='word_1_178' title='bbox 2615 1424 2839 1476; x_wconf 91' lang='lat' dir='ltr'><strong>istorum</strong></span> <span class='ocrx_word' id='word_1_179' title='bbox 2861 1433 3084 1473; x_wconf 83' lang='lat' dir='ltr'><strong>examen</strong></span> <span class='ocrx_word' id='word_1_180' title='bbox 3110 1417 3442 1486; x_wconf 87' lang='lat' dir='ltr'><strong>progrediar.</strong></span> 
     </span>
    </p>
   </div>
   <div class='ocr_carea' id='block_1_24' title="bbox 194 1506 1800 1596">
    <p class='ocr_par' dir='ltr' id='par_1_24' title="bbox 194 1522 676 1596">
     <span class='ocr_line' id='line_1_24' title="bbox 194 1522 676 1596; baseline 0.002 -21"><span class='ocrx_word' id='word_1_181' title='bbox 194 1522 644 1596; x_wconf 74' lang='grc' dir='ltr'>ἐδημιούργησεν</span> <span class='ocrx_word' id='word_1_182' title='bbox 662 1542 676 1591; x_wconf 91' lang='grc'><strong>;</strong></span> 
     </span>
    </p>
   </div>
   <div class='ocr_carea' id='block_1_25' title="bbox 1911 1506 3448 1596">
    <p class='ocr_par' dir='ltr' id='par_1_25' title="bbox 1911 1506 3448 1584">
     <span class='ocr_line' id='line_1_25' title="bbox 1911 1506 3448 1584; baseline -0.007 -15"><span class='ocrx_word' id='word_1_183' title='bbox 1911 1518 2172 1573; x_wconf 87' lang='lat' dir='ltr'><strong>)eclarato</strong></span> <span class='ocrx_word' id='word_1_184' title='bbox 2194 1516 2359 1580; x_wconf 87' lang='lat' dir='ltr'><strong>enim,</strong></span> <span class='ocrx_word' id='word_1_185' title='bbox 2381 1512 2653 1584; x_wconf 88' lang='lat' dir='ltr'><strong>quomodo</strong></span> <span class='ocrx_word' id='word_1_186' title='bbox 2687 1513 2818 1566; x_wconf 81' lang='lat' dir='ltr'><strong>[iant</strong></span> <span class='ocrx_word' id='word_1_187' title='bbox 2845 1512 3006 1573; x_wconf 90' lang='lat' dir='ltr'><strong>mala,</strong></span> <span class='ocrx_word' id='word_1_188' title='bbox 3029 1509 3280 1578; x_wconf 86' lang='lat' dir='ltr'><strong>quodque</strong></span> <span class='ocrx_word' id='word_1_189' title='bbox 3307 1506 3448 1560; x_wconf 85' lang='lat' dir='ltr'><strong>Deus</strong></span> 
     </span>
    </p>
   </div>
   <div class='ocr_carea' id='block_1_26' title="bbox 195 1601 3447 1690">
    <p class='ocr_par' dir='ltr' id='par_1_26' title="bbox 195 1601 3447 1690">
     <span class='ocr_line' id='line_1_26' title="bbox 195 1601 3447 1690; baseline -0.005 -20"><span class='ocrx_word' id='word_1_190' title='bbox 195 1618 484 1671; x_wconf 91' lang='lat' dir='ltr'><strong>malorum</strong></span> <span class='ocrx_word' id='word_1_191' title='bbox 527 1628 716 1673; x_wconf 88' lang='lat' dir='ltr'><strong>auctor</strong></span> <span class='ocrx_word' id='word_1_192' title='bbox 745 1619 851 1676; x_wconf 91' lang='lat' dir='ltr'><strong>dici</strong></span> <span class='ocrx_word' id='word_1_193' title='bbox 904 1628 1157 1690; x_wconf 86' lang='lat' dir='ltr'><strong>nequeat,</strong></span> <span class='ocrx_word' id='word_1_194' title='bbox 1221 1625 1539 1690; x_wconf 83' lang='lat' dir='ltr'><strong>suggerente</strong></span> <span class='ocrx_word' id='word_1_195' title='bbox 1599 1615 1826 1672; x_wconf 86' lang='lat' dir='ltr'><strong>materia</strong></span> <span class='ocrx_word' id='word_1_196' title='bbox 1879 1614 2148 1683; x_wconf 85' lang='lat' dir='ltr'><strong>ejusmodi</strong></span> <span class='ocrx_word' id='word_1_197' title='bbox 2203 1613 2532 1682; x_wconf 79' lang='lat' dir='ltr'><strong>opinionem,</strong></span> <span class='ocrx_word' id='word_1_198' title='bbox 2571 1608 2701 1663; x_wconf 91' lang='lat' dir='ltr'><strong>mihi</strong></span> <span class='ocrx_word' id='word_1_199' title='bbox 2753 1605 2946 1661; x_wconf 84' lang='lat' dir='ltr'><strong>conﬁci</strong></span> <span class='ocrx_word' id='word_1_200' title='bbox 3000 1605 3232 1668; x_wconf 82' lang='lat' dir='ltr'><strong>videtur,</strong></span> <span class='ocrx_word' id='word_1_201' title='bbox 3289 1611 3348 1656; x_wconf 91' lang='lat' dir='ltr'><strong>ut</strong></span> <span class='ocrx_word' id='word_1_202' title='bbox 3399 1601 3447 1656; x_wconf 88' lang='lat' dir='ltr'><strong>si</strong></span> 
     </span>
    </p>
   </div>
   <div class='ocr_carea' id='block_1_27' title="bbox 198 1697 3450 1782">
    <p class='ocr_par' dir='ltr' id='par_1_27' title="bbox 198 1697 3450 1782">
     <span class='ocr_line' id='line_1_27' title="bbox 198 1697 3450 1782; baseline -0.004 -21"><span class='ocrx_word' id='word_1_203' title='bbox 198 1705 354 1762; x_wconf 89' lang='lat' dir='ltr'><strong>Deus</strong></span> <span class='ocrx_word' id='word_1_204' title='bbox 383 1710 680 1778; x_wconf 85' lang='lat' dir='ltr'><strong>qualitates</strong></span> <span class='ocrx_word' id='word_1_205' title='bbox 713 1728 832 1782; x_wconf 66' lang='lat' dir='ltr'><strong>quae</strong></span> <span class='ocrx_word' id='word_1_206' title='bbox 860 1728 969 1767; x_wconf 90' lang='lat' dir='ltr'><strong>non</strong></span> <span class='ocrx_word' id='word_1_207' title='bbox 988 1718 1164 1776; x_wconf 90' lang='lat' dir='ltr'><strong>erant,</strong></span> <span class='ocrx_word' id='word_1_208' title='bbox 1182 1709 1407 1777; x_wconf 86' lang='lat' dir='ltr'><strong>creavit,</strong></span> <span class='ocrx_word' id='word_1_209' title='bbox 1435 1709 1598 1765; x_wconf 84' lang='lat' dir='ltr'><strong>simili</strong></span> <span class='ocrx_word' id='word_1_210' title='bbox 1620 1709 1783 1764; x_wconf 89' lang='lat' dir='ltr'><strong>etiam</strong></span> <span class='ocrx_word' id='word_1_211' title='bbox 1809 1706 2023 1760; x_wconf 89' lang='lat' dir='ltr'><strong>ratione</strong></span> <span class='ocrx_word' id='word_1_212' title='bbox 2058 1703 2397 1760; x_wconf 88' lang='lat' dir='ltr'><strong>substantias</strong></span> <span class='ocrx_word' id='word_1_213' title='bbox 2439 1701 2658 1757; x_wconf 90' lang='lat' dir='ltr'><strong>crearit.</strong></span> <span class='ocrx_word' id='word_1_214' title='bbox 2696 1699 2815 1752; x_wconf 81' lang='lat' dir='ltr'><strong>Ain’</strong></span> <span class='ocrx_word' id='word_1_215' title='bbox 2845 1711 2974 1768; x_wconf 85' lang='lat' dir='ltr'><strong>ergo</strong></span> <span class='ocrx_word' id='word_1_216' title='bbox 3032 1697 3314 1750; x_wconf 86' lang='lat' dir='ltr'><strong>materiam</strong></span> <span class='ocrx_word' id='word_1_217' title='bbox 3353 1709 3450 1748; x_wconf 88' lang='lat' dir='ltr'><strong>nu-</strong></span> 
     </span>
    </p>
   </div>
   <div class='ocr_carea' id='block_1_28' title="bbox 199 1799 2403 1876">
    <p class='ocr_par' dir='ltr' id='par_1_28' title="bbox 199 1799 2403 1876">
     <span class='ocr_line' id='line_1_28' title="bbox 199 1799 2403 1876; baseline -0.003 -17"><span class='ocrx_word' id='word_1_218' title='bbox 199 1803 330 1858; x_wconf 89' lang='lat' dir='ltr'><strong>dam</strong></span> <span class='ocrx_word' id='word_1_219' title='bbox 365 1807 635 1875; x_wconf 83' lang='lat' dir='ltr'><strong>qualitate</strong></span> <span class='ocrx_word' id='word_1_220' title='bbox 665 1817 719 1864; x_wconf 89' lang='lat' dir='ltr'><strong>et</strong></span> <span class='ocrx_word' id='word_1_221' title='bbox 742 1809 1049 1876; x_wconf 82' lang='lat' dir='ltr'><strong>informem,</strong></span> <span class='ocrx_word' id='word_1_222' title='bbox 1069 1809 1178 1866; x_wconf 89' lang='lat' dir='ltr'><strong>Deo</strong></span> <span class='ocrx_word' id='word_1_223' title='bbox 1201 1808 1639 1874; x_wconf 77' lang='lat' dir='ltr'><strong>coexsistere,ex</strong></span> <span class='ocrx_word' id='word_1_224' title='bbox 1669 1820 1776 1876; x_wconf 88' lang='lat' dir='ltr'><strong>qua</strong></span> <span class='ocrx_word' id='word_1_225' title='bbox 1808 1802 2067 1858; x_wconf 91' lang='lat' dir='ltr'><strong>mundum</strong></span> <span class='ocrx_word' id='word_1_226' title='bbox 2097 1799 2403 1855; x_wconf 85' lang='lat' dir='ltr'><strong>creaverit?</strong></span> 
     </span>
    </p>
   </div>
   <div class='ocr_carea' id='block_1_29' title="bbox 276 1879 1800 1972">
    <p class='ocr_par' dir='ltr' id='par_1_29' title="bbox 276 1896 1004 1972">
     <span class='ocr_line' id='line_1_29' title="bbox 276 1896 1004 1972; baseline 0.008 -24"><span class='ocrx_word' id='word_1_227' title='bbox 276 1896 492 1952; x_wconf 84' lang='grc' dir='ltr'>ΟΥΑΛ.</span> <span class='ocrx_word' id='word_1_228' title='bbox 535 1899 690 1954; x_wconf 92' lang='grc' dir='ltr'>Οὕτω</span> <span class='ocrx_word' id='word_1_229' title='bbox 722 1919 811 1972; x_wconf 84' lang='grc' dir='ltr'><strong>μοι</strong></span> <span class='ocrx_word' id='word_1_230' title='bbox 841 1903 1004 1956; x_wconf 86' lang='grc' dir='ltr'>δοκεῖ.</span> 
     </span>
    </p>
   </div>
   <div class='ocr_carea' id='block_1_30' title="bbox 1911 1879 2696 1972">
    <p class='ocr_par' dir='ltr' id='par_1_30' title="bbox 1958 1879 2696 1949">
     <span class='ocr_line' id='line_1_30' title="bbox 1958 1879 2696 1949; baseline -0.001 -3"><span class='ocrx_word' id='word_1_231' title='bbox 1958 1893 2116 1949; x_wconf 80' lang='lat' dir='ltr'><strong>VAL.</strong></span> <span class='ocrx_word' id='word_1_232' title='bbox 2154 1895 2230 1946; x_wconf 88' lang='lat' dir='ltr'><strong>lta</strong></span> <span class='ocrx_word' id='word_1_233' title='bbox 2259 1891 2392 1945; x_wconf 87' lang='lat' dir='ltr'><strong>mihi</strong></span> <span class='ocrx_word' id='word_1_234' title='bbox 2429 1891 2659 1946; x_wconf 88' lang='lat' dir='ltr'><strong>videtur.</strong></span> <span class='ocrx_word' id='word_1_235' title='bbox 2694 1879 2696 1882; x_wconf 80' lang='grc'><em>’</em></span> 
     </span>
    </p>
   </div>
   <div class='ocr_carea' id='block_1_31' title="bbox 273 1973 1800 2062">
    <p class='ocr_par' dir='ltr' id='par_1_31' title="bbox 273 1987 1788 2062">
     <span class='ocr_line' id='line_1_31' title="bbox 273 1987 1788 2062; baseline 0.003 -22"><span class='ocrx_word' id='word_1_236' title='bbox 273 1989 520 2045; x_wconf 79' lang='grc' dir='ltr'>ΟΡΘΟΔ,</span> <span class='ocrx_word' id='word_1_237' title='bbox 568 1992 775 2045; x_wconf 76' lang='grc' dir='ltr'>Οὐκοῦν</span> <span class='ocrx_word' id='word_1_238' title='bbox 832 1995 880 2046; x_wconf 78' lang='grc' dir='ltr'>εἰ</span> <span class='ocrx_word' id='word_1_239' title='bbox 921 1993 1109 2056; x_wconf 84' lang='grc' dir='ltr'>ἄποιος</span> <span class='ocrx_word' id='word_1_240' title='bbox 1143 1991 1433 2062; x_wconf 78' lang='grc' dir='ltr'>ἐτύγχανεν</span> <span class='ocrx_word' id='word_1_241' title='bbox 1460 1991 1493 2062; x_wconf 79' lang='grc' dir='ltr'>ἡ</span> <span class='ocrx_word' id='word_1_242' title='bbox 1520 1988 1643 2061; x_wconf 83' lang='grc' dir='ltr'>ὕλη,</span> <span class='ocrx_word' id='word_1_243' title='bbox 1693 1987 1788 2056; x_wconf 82' lang='grc' dir='ltr'>γέ·-</span> 
     </span>
    </p>
   </div>
   <div class='ocr_carea' id='block_1_32' title="bbox 1911 1973 3450 2062">
    <p class='ocr_par' dir='ltr' id='par_1_32' title="bbox 1960 1973 3450 2053">
     <span class='ocr_line' id='line_1_32' title="bbox 1960 1973 3450 2053; baseline -0.007 -15"><span class='ocrx_word' id='word_1_244' title='bbox 1960 1983 2169 2038; x_wconf 81' lang='lat' dir='ltr'><strong>ORTH.</strong></span> <span class='ocrx_word' id='word_1_245' title='bbox 2199 1983 2340 2053; x_wconf 88' lang='lat' dir='ltr'><strong>Ergo</strong></span> <span class='ocrx_word' id='word_1_246' title='bbox 2377 1983 2422 2037; x_wconf 91' lang='lat' dir='ltr'><strong>si</strong></span> <span class='ocrx_word' id='word_1_247' title='bbox 2455 1982 2678 2035; x_wconf 89' lang='lat' dir='ltr'><strong>materia</strong></span> <span class='ocrx_word' id='word_1_248' title='bbox 2723 1980 2840 2035; x_wconf 82' lang='lat' dir='ltr'><strong>sine</strong></span> <span class='ocrx_word' id='word_1_249' title='bbox 2871 1977 3131 2049; x_wconf 83' lang='lat' dir='ltr'><strong>qualitate</strong></span> <span class='ocrx_word' id='word_1_250' title='bbox 3180 1983 3232 2031; x_wconf 91' lang='lat' dir='ltr'><strong>et</strong></span> <span class='ocrx_word' id='word_1_251' title='bbox 3275 1973 3450 2029; x_wconf 76' lang='lat' dir='ltr'><strong>infor-</strong></span> 
     </span>
    </p>
   </div>
   <div class='ocr_carea' id='block_1_33' title="bbox 196 2069 1800 2155">
    <p class='ocr_par' dir='ltr' id='par_1_33' title="bbox 196 2079 1792 2155">
     <span class='ocr_line' id='line_1_33' title="bbox 196 2079 1792 2155; baseline 0.002 -25"><span class='ocrx_word' id='word_1_252' title='bbox 196 2093 329 2146; x_wconf 84' lang='grc' dir='ltr'>γονε</span> <span class='ocrx_word' id='word_1_253' title='bbox 364 2079 426 2133; x_wconf 83' lang='grc' dir='ltr'>δὲ</span> <span class='ocrx_word' id='word_1_254' title='bbox 479 2082 682 2153; x_wconf 89' lang='grc' dir='ltr'>κόσμος</span> <span class='ocrx_word' id='word_1_255' title='bbox 717 2084 851 2155; x_wconf 81' lang='grc' dir='ltr'>πρὸς</span> <span class='ocrx_word' id='word_1_256' title='bbox 889 2084 981 2138; x_wconf 80' lang='grc' dir='ltr'>τοῦ</span> <span class='ocrx_word' id='word_1_257' title='bbox 1024 2082 1179 2150; x_wconf 78' lang='grc' dir='ltr'>Θεοῦ,</span> <span class='ocrx_word' id='word_1_258' title='bbox 1210 2085 1269 2136; x_wconf 83' lang='grc' dir='ltr'><strong>ὲν</strong></span> <span class='ocrx_word' id='word_1_259' title='bbox 1317 2082 1374 2136; x_wconf 84' lang='grc' dir='ltr'>δὲ</span> <span class='ocrx_word' id='word_1_260' title='bbox 1413 2081 1491 2152; x_wconf 83' lang='grc' dir='ltr'>τῷ</span> <span class='ocrx_word' id='word_1_261' title='bbox 1522 2081 1708 2152; x_wconf 86' lang='grc' dir='ltr'>κόσμῳ</span> <span class='ocrx_word' id='word_1_262' title='bbox 1735 2082 1792 2134; x_wconf 81' lang='grc' dir='ltr'><strong>αἱ</strong></span> 
     </span>
    </p>
   </div>
   <div class='ocr_carea' id='block_1_34' title="bbox 1911 2069 3450 2155">
    <p class='ocr_par' dir='ltr' id='par_1_34' title="bbox 1911 2069 3450 2143">
     <span class='ocr_line' id='line_1_34' title="bbox 1911 2069 3450 2143; baseline -0.008 -9"><span class='ocrx_word' id='word_1_263' title='bbox 1911 2078 1995 2134; x_wconf 88' lang='lat' dir='ltr'><strong>nis</strong></span> <span class='ocrx_word' id='word_1_264' title='bbox 2025 2077 2162 2143; x_wconf 84' lang='lat' dir='ltr'><strong>fuit,</strong></span> <span class='ocrx_word' id='word_1_265' title='bbox 2196 2076 2433 2130; x_wconf 92' lang='lat' dir='ltr'><strong>mundus</strong></span> <span class='ocrx_word' id='word_1_266' title='bbox 2463 2090 2589 2130; x_wconf 82' lang='lat' dir='ltr'><strong>vero</strong></span> <span class='ocrx_word' id='word_1_267' title='bbox 2619 2073 2795 2128; x_wconf 79' lang='lat' dir='ltr'><strong>factus</strong></span> <span class='ocrx_word' id='word_1_268' title='bbox 2823 2080 2904 2127; x_wconf 93' lang='lat' dir='ltr'><strong>est</strong></span> <span class='ocrx_word' id='word_1_269' title='bbox 2932 2086 2963 2124; x_wconf 88' lang='lat' dir='ltr'><strong>a</strong></span> <span class='ocrx_word' id='word_1_270' title='bbox 2992 2071 3133 2138; x_wconf 88' lang='lat' dir='ltr'><strong>Deo;</strong></span> <span class='ocrx_word' id='word_1_271' title='bbox 3168 2070 3222 2123; x_wconf 90' lang='lat' dir='ltr'><strong>in</strong></span> <span class='ocrx_word' id='word_1_272' title='bbox 3248 2069 3450 2122; x_wconf 85' lang='lat' dir='ltr'><strong>mundo</strong></span> 
     </span>
    </p>
   </div>
   <div class='ocr_carea' id='block_1_35' title="bbox 195 2158 1800 2251">
    <p class='ocr_par' dir='ltr' id='par_1_35' title="bbox 195 2173 1692 2251">
     <span class='ocr_line' id='line_1_35' title="bbox 195 2173 1692 2251; baseline 0.004 -27"><span class='ocrx_word' id='word_1_273' title='bbox 195 2173 534 2245; x_wconf 79' lang='grc' dir='ltr'>ποιότητες·</span> <span class='ocrx_word' id='word_1_274' title='bbox 562 2175 669 2231; x_wconf 91' lang='grc' dir='ltr'><strong>τῶν</strong></span> <span class='ocrx_word' id='word_1_275' title='bbox 694 2180 990 2251; x_wconf 78' lang='grc' dir='ltr'>ποιοτήτων</span> <span class='ocrx_word' id='word_1_276' title='bbox 1023 2179 1210 2248; x_wconf 86' lang='grc' dir='ltr'>γέγονε</span> <span class='ocrx_word' id='word_1_277' title='bbox 1240 2175 1466 2248; x_wconf 84' lang='grc' dir='ltr'>ποιητὴς</span> <span class='ocrx_word' id='word_1_278' title='bbox 1496 2177 1524 2230; x_wconf 88' lang='grc' dir='ltr'>ὁ</span> <span class='ocrx_word' id='word_1_279' title='bbox 1543 2175 1692 2238; x_wconf 87' lang='grc' dir='ltr'>Θεός.</span> 
     </span>
    </p>
   </div>
   <div class='ocr_carea' id='block_1_36' title="bbox 1911 2158 3453 2251">
    <p class='ocr_par' dir='ltr' id='par_1_36' title="bbox 1911 2158 3453 2238">
     <span class='ocr_line' id='line_1_36' title="bbox 1911 2158 3453 2238; baseline -0.006 -15"><span class='ocrx_word' id='word_1_280' title='bbox 1911 2176 2071 2224; x_wconf 81' lang='lat' dir='ltr'><strong>iutem</strong></span> <span class='ocrx_word' id='word_1_281' title='bbox 2103 2175 2229 2224; x_wconf 92' lang='lat' dir='ltr'><strong>sunt</strong></span> <span class='ocrx_word' id='word_1_282' title='bbox 2259 2168 2577 2238; x_wconf 88' lang='lat' dir='ltr'><strong>qualitates;</strong></span> <span class='ocrx_word' id='word_1_283' title='bbox 2612 2165 2796 2236; x_wconf 89' lang='lat' dir='ltr'><strong>utique</strong></span> <span class='ocrx_word' id='word_1_284' title='bbox 2835 2161 3151 2234; x_wconf 87' lang='lat' dir='ltr'><strong>qualitatum</strong></span> <span class='ocrx_word' id='word_1_285' title='bbox 3202 2158 3453 2214; x_wconf 89' lang='lat' dir='ltr'><strong>conditor</strong></span> 
     </span>
    </p>
   </div>
   <div class='ocr_carea' id='block_1_37' title="bbox 1893 2260 2182 2317">
    <p class='ocr_par' dir='ltr' id='par_1_37' title="bbox 1893 2260 2182 2317">
     <span class='ocr_line' id='line_1_37' title="bbox 1893 2260 2182 2317; baseline -0.003 0"><span class='ocrx_word' id='word_1_286' title='bbox 1893 2260 1996 2317; x_wconf 80' lang='lat' dir='ltr'><strong>fuit</strong></span> <span class='ocrx_word' id='word_1_287' title='bbox 2019 2261 2182 2317; x_wconf 90' lang='lat' dir='ltr'><strong>Deus.</strong></span> 
     </span>
    </p>
   </div>
   <div class='ocr_carea' id='block_1_38' title="bbox 1966 2351 2362 2407">
    <p class='ocr_par' dir='ltr' id='par_1_38' title="bbox 1966 2351 2362 2407">
     <span class='ocr_line' id='line_1_38' title="bbox 1966 2351 2362 2407; baseline 0.003 -1"><span class='ocrx_word' id='word_1_288' title='bbox 1966 2351 2122 2406; x_wconf 81' lang='lat' dir='ltr'><strong>VAL.</strong></span> <span class='ocrx_word' id='word_1_289' title='bbox 2148 2352 2225 2406; x_wconf 86' lang='lat' dir='ltr'><strong>Ita</strong></span> <span class='ocrx_word' id='word_1_290' title='bbox 2256 2359 2362 2407; x_wconf 90' lang='lat' dir='ltr'><strong>est.</strong></span> 
     </span>
    </p>
   </div>
   <div class='ocr_carea' id='block_1_39' title="bbox 1967 2433 3454 2512">
    <p class='ocr_par' dir='ltr' id='par_1_39' title="bbox 1967 2433 3454 2512">
     <span class='ocr_line' id='line_1_39' title="bbox 1967 2433 3454 2512; baseline -0.009 -13"><span class='ocrx_word' id='word_1_291' title='bbox 1967 2442 2174 2499; x_wconf 83' lang='lat' dir='ltr'><strong>ORTH.</strong></span> <span class='ocrx_word' id='word_1_292' title='bbox 2225 2442 2363 2509; x_wconf 90' lang='lat' dir='ltr'><strong>Quia</strong></span> <span class='ocrx_word' id='word_1_293' title='bbox 2425 2455 2588 2512; x_wconf 89' lang='lat' dir='ltr'><strong>porro</strong></span> <span class='ocrx_word' id='word_1_294' title='bbox 2645 2441 2701 2493; x_wconf 93' lang='lat' dir='ltr'><strong>in</strong></span> <span class='ocrx_word' id='word_1_295' title='bbox 2758 2435 3132 2509; x_wconf 87' lang='lat' dir='ltr'><strong>superioribus</strong></span> <span class='ocrx_word' id='word_1_296' title='bbox 3185 2433 3454 2488; x_wconf 89' lang='lat' dir='ltr'><strong>dicentem</strong></span> 
     </span>
    </p>
   </div>
   <div class='ocr_carea' id='block_1_40' title="bbox 1897 2524 3458 2606">
    <p class='ocr_par' dir='ltr' id='par_1_40' title="bbox 1897 2524 3458 2606">
     <span class='ocr_line' id='line_1_40' title="bbox 1897 2524 3458 2606; baseline -0.007 -13"><span class='ocrx_word' id='word_1_297' title='bbox 1897 2538 2101 2602; x_wconf 87' lang='lat' dir='ltr'><strong>audivi,</strong></span> <span class='ocrx_word' id='word_1_298' title='bbox 2126 2551 2234 2592; x_wconf 92' lang='lat' dir='ltr'><strong>non</strong></span> <span class='ocrx_word' id='word_1_299' title='bbox 2262 2550 2423 2606; x_wconf 88' lang='lat' dir='ltr'><strong>posse</strong></span> <span class='ocrx_word' id='word_1_300' title='bbox 2463 2533 2666 2603; x_wconf 82' lang='lat' dir='ltr'><strong>aliquid</strong></span> <span class='ocrx_word' id='word_1_301' title='bbox 2697 2548 2763 2588; x_wconf 81' lang='lat' dir='ltr'><strong>ex</strong></span> <span class='ocrx_word' id='word_1_302' title='bbox 2812 2530 2983 2586; x_wconf 89' lang='lat' dir='ltr'><strong>nihilo</strong></span> <span class='ocrx_word' id='word_1_303' title='bbox 3015 2527 3151 2592; x_wconf 84' lang='lat' dir='ltr'><strong>ﬁeri,</strong></span> <span class='ocrx_word' id='word_1_304' title='bbox 3188 2524 3458 2596; x_wconf 87' lang='lat' dir='ltr'><strong>responde</strong></span> 
     </span>
    </p>
   </div>
   <div class='ocr_carea' id='block_1_41' title="bbox 1897 2618 3456 2698">
    <p class='ocr_par' dir='ltr' id='par_1_41' title="bbox 1897 2618 3456 2698">
     <span class='ocr_line' id='line_1_41' title="bbox 1897 2618 3456 2698; baseline -0.008 -13"><span class='ocrx_word' id='word_1_305' title='bbox 1897 2631 1965 2686; x_wconf 88' lang='lat' dir='ltr'><strong>ad</strong></span> <span class='ocrx_word' id='word_1_306' title='bbox 1996 2644 2169 2685; x_wconf 82' lang='lat' dir='ltr'><strong>meam</strong></span> <span class='ocrx_word' id='word_1_307' title='bbox 2219 2628 2573 2698; x_wconf 69' lang='lat' dir='ltr'><strong>qumstionem</strong></span> <span class='ocrx_word' id='word_1_308' title='bbox 2608 2623 2983 2680; x_wconf 85' lang='lat' dir='ltr'><strong>:Videnturne</strong></span> <span class='ocrx_word' id='word_1_309' title='bbox 3031 2621 3127 2675; x_wconf 90' lang='lat' dir='ltr'><strong>tibi</strong></span> <span class='ocrx_word' id='word_1_310' title='bbox 3169 2618 3456 2688; x_wconf 86' lang='lat' dir='ltr'><strong>qualitates</strong></span> 
     </span>
    </p>
   </div>
   <div class='ocr_carea' id='block_1_42' title="bbox 1895 2709 3246 2788">
    <p class='ocr_par' dir='ltr' id='par_1_42' title="bbox 1895 2709 3246 2788">
     <span class='ocr_line' id='line_1_42' title="bbox 1895 2709 3246 2788; baseline -0.01 -11"><span class='ocrx_word' id='word_1_311' title='bbox 1895 2721 2107 2786; x_wconf 88' lang='lat' dir='ltr'><strong>mundi,</strong></span> <span class='ocrx_word' id='word_1_312' title='bbox 2133 2736 2199 2775; x_wconf 79' lang='lat' dir='ltr'><strong>ex</strong></span> <span class='ocrx_word' id='word_1_313' title='bbox 2233 2735 2341 2774; x_wconf 90' lang='lat' dir='ltr'><strong>non</strong></span> <span class='ocrx_word' id='word_1_314' title='bbox 2375 2717 2634 2788; x_wconf 79' lang='lat' dir='ltr'><strong>subjectis</strong></span> <span class='ocrx_word' id='word_1_315' title='bbox 2668 2715 3021 2787; x_wconf 88' lang='lat' dir='ltr'><strong>qualitatibus</strong></span> <span class='ocrx_word' id='word_1_316' title='bbox 3052 2709 3246 2766; x_wconf 60' lang='lat' dir='ltr'><strong>facta?</strong></span> 
     </span>
    </p>
   </div>
   <div class='ocr_carea' id='block_1_43' title="bbox 1966 2810 2452 2868">
    <p class='ocr_par' dir='ltr' id='par_1_43' title="bbox 1966 2810 2452 2868">
     <span class='ocr_line' id='line_1_43' title="bbox 1966 2810 2452 2868; baseline -0.008 0"><span class='ocrx_word' id='word_1_317' title='bbox 1966 2813 2121 2868; x_wconf 84' lang='lat' dir='ltr'><strong>VAL.</strong></span> <span class='ocrx_word' id='word_1_318' title='bbox 2164 2810 2452 2867; x_wconf 76' lang='lat' dir='ltr'><strong>Videntur.</strong></span> 
     </span>
    </p>
   </div>
   <div class='ocr_carea' id='block_1_44' title="bbox 1967 2891 3460 2972">
    <p class='ocr_par' dir='ltr' id='par_1_44' title="bbox 1967 2891 3460 2972">
     <span class='ocr_line' id='line_1_44' title="bbox 1967 2891 3460 2972; baseline -0.011 -11"><span class='ocrx_word' id='word_1_319' title='bbox 1967 2903 2177 2961; x_wconf 81' lang='lat' dir='ltr'><strong>ORTH.</strong></span> <span class='ocrx_word' id='word_1_320' title='bbox 2227 2902 2292 2956; x_wconf 85' lang='lat' dir='ltr'><strong>Et</strong></span> <span class='ocrx_word' id='word_1_321' title='bbox 2335 2903 2435 2958; x_wconf 88' lang='lat' dir='ltr'><strong>has</strong></span> <span class='ocrx_word' id='word_1_322' title='bbox 2481 2915 2603 2957; x_wconf 91' lang='lat' dir='ltr'><strong>esse</strong></span> <span class='ocrx_word' id='word_1_323' title='bbox 2640 2896 2846 2972; x_wconf 88' lang='lat' dir='ltr'><strong>aliquid</strong></span> <span class='ocrx_word' id='word_1_324' title='bbox 2881 2895 3028 2951; x_wconf 89' lang='lat' dir='ltr'><strong>aliud</strong></span> <span class='ocrx_word' id='word_1_325' title='bbox 3070 2909 3100 2948; x_wconf 90' lang='lat' dir='ltr'><strong>a</strong></span> <span class='ocrx_word' id='word_1_326' title='bbox 3153 2891 3460 2950; x_wconf 83' lang='lat' dir='ltr'><strong>substantia</strong></span> 
     </span>
    </p>
   </div>
   <div class='ocr_carea' id='block_1_45' title="bbox 1898 2996 2226 3054">
    <p class='ocr_par' dir='ltr' id='par_1_45' title="bbox 1898 2996 2226 3054">
     <span class='ocr_line' id='line_1_45' title="bbox 1898 2996 2226 3054; baseline -0.015 0"><span class='ocrx_word' id='word_1_327' title='bbox 1898 2996 2226 3054; x_wconf 79' lang='lat' dir='ltr'><strong>existimas?</strong></span> 
     </span>
    </p>
   </div>
   <div class='ocr_carea' id='block_1_46' title="bbox 297 3087 1800 3168">
    <p class='ocr_par' dir='ltr' id='par_1_46' title="bbox 297 3095 1327 3168">
     <span class='ocr_line' id='line_1_46' title="bbox 297 3095 1327 3168; baseline 0 -18"><span class='ocrx_word' id='word_1_328' title='bbox 297 3098 506 3151; x_wconf 83' lang='grc' dir='ltr'>ΟΥΑΛ.</span> <span class='ocrx_word' id='word_1_329' title='bbox 543 3096 725 3161; x_wconf 78' lang='grc' dir='ltr'>Οὕτως</span> <span class='ocrx_word' id='word_1_330' title='bbox 758 3095 892 3168; x_wconf 74' lang='grc' dir='ltr'>ἔχει.</span> <span class='ocrx_word' id='word_1_331' title='bbox 1324 3147 1327 3150; x_wconf 90' lang='grc'>.</span> 
     </span>
    </p>
   </div>
   <div class='ocr_carea' id='block_1_47' title="bbox 1911 3087 2470 3168">
    <p class='ocr_par' dir='ltr' id='par_1_47' title="bbox 1970 3087 2470 3154">
     <span class='ocr_line' id='line_1_47' title="bbox 1970 3087 2470 3154; baseline -0.008 -9"><span class='ocrx_word' id='word_1_332' title='bbox 1970 3090 2126 3145; x_wconf 82' lang='lat' dir='ltr'><strong>VAL.</strong></span> <span class='ocrx_word' id='word_1_333' title='bbox 2170 3091 2270 3154; x_wconf 87' lang='lat' dir='ltr'><strong>Ita,</strong></span> <span class='ocrx_word' id='word_1_334' title='bbox 2302 3087 2470 3143; x_wconf 78' lang='lat' dir='ltr'><strong>aliud.</strong></span> 
     </span>
    </p>
   </div>
   <div class='ocr_carea' id='block_1_48' title="bbox 295 3165 1800 3259">
    <p class='ocr_par' dir='ltr' id='par_1_48' title="bbox 295 3165 1800 3259">
     <span class='ocr_line' id='line_1_48' title="bbox 295 3165 1800 3259; baseline -0.003 -17"><span class='ocrx_word' id='word_1_335' title='bbox 295 3190 536 3243; x_wconf 82' lang='grc' dir='ltr'>ΟΡΘΟΔ.</span> <span class='ocrx_word' id='word_1_336' title='bbox 587 3165 797 3243; x_wconf 80' lang='grc' dir='ltr'>Οὐκοῦν</span> <span class='ocrx_word' id='word_1_337' title='bbox 810 3165 881 3241; x_wconf 61' lang='grc' dir='ltr'><strong>⁷εί</strong></span> <span class='ocrx_word' id='word_1_338' title='bbox 922 3187 1058 3259; x_wconf 85' lang='grc' dir='ltr'>μήτε</span> <span class='ocrx_word' id='word_1_339' title='bbox 1087 3185 1148 3251; x_wconf 77' lang='grc' dir='ltr'>ἐξ</span> <span class='ocrx_word' id='word_1_340' title='bbox 1189 3185 1561 3256; x_wconf 82' lang='grc' dir='ltr'>ὑποκειμένων</span> <span class='ocrx_word' id='word_1_341' title='bbox 1588 3187 1800 3256; x_wconf 85' lang='grc' dir='ltr'>ποιοτή-</span> 
     </span>
    </p>
   </div>
   <div class='ocr_carea' id='block_1_49' title="bbox 1911 3165 3460 3259">
    <p class='ocr_par' dir='ltr' id='par_1_49' title="bbox 1969 3165 3460 3249">
     <span class='ocr_line' id='line_1_49' title="bbox 1969 3165 3460 3249; baseline -0.012 -12"><span class='ocrx_word' id='word_1_342' title='bbox 1969 3181 2182 3237; x_wconf 82' lang='lat' dir='ltr'><strong>ORTH.</strong></span> <span class='ocrx_word' id='word_1_343' title='bbox 2227 3181 2362 3236; x_wconf 88' lang='lat' dir='ltr'><strong>Cum</strong></span> <span class='ocrx_word' id='word_1_344' title='bbox 2398 3191 2528 3249; x_wconf 82' lang='lat' dir='ltr'><strong>ergo</strong></span> <span class='ocrx_word' id='word_1_345' title='bbox 2564 3175 2706 3232; x_wconf 91' lang='lat' dir='ltr'><strong>Deus</strong></span> <span class='ocrx_word' id='word_1_346' title='bbox 2726 3173 3018 3246; x_wconf 86' lang='lat' dir='ltr'><strong>qualitates</strong></span> <span class='ocrx_word' id='word_1_347' title='bbox 3041 3185 3108 3225; x_wconf 80' lang='lat' dir='ltr'><strong>ex</strong></span> <span class='ocrx_word' id='word_1_348' title='bbox 3137 3184 3246 3224; x_wconf 89' lang='lat' dir='ltr'><strong>non</strong></span> <span class='ocrx_word' id='word_1_349' title='bbox 3277 3165 3460 3235; x_wconf 81' lang='lat' dir='ltr'><strong>subje-</strong></span> 
     </span>
    </p>
   </div>
   <div class='ocr_carea' id='block_1_50' title="bbox 218 3251 1800 3352">
    <p class='ocr_par' dir='ltr' id='par_1_50' title="bbox 218 3251 1800 3352">
     <span class='ocr_line' id='line_1_50' title="bbox 218 3251 1800 3352; baseline -0.001 -18"><span class='ocrx_word' id='word_1_350' title='bbox 218 3298 332 3335; x_wconf 86' lang='grc' dir='ltr'><strong>των</strong></span> <span class='ocrx_word' id='word_1_351' title='bbox 367 3283 470 3344; x_wconf 79' lang='grc' dir='ltr'>τὰς</span> <span class='ocrx_word' id='word_1_352' title='bbox 512 3281 796 3352; x_wconf 87' lang='grc' dir='ltr'>ποιότητας</span> <span class='ocrx_word' id='word_1_353' title='bbox 828 3251 1256 3351; x_wconf 74' lang='grc' dir='ltr'>ἐδημιούργησεν</span> <span class='ocrx_word' id='word_1_354' title='bbox 1299 3280 1328 3332; x_wconf 87' lang='grc' dir='ltr'><strong>ό</strong></span> <span class='ocrx_word' id='word_1_355' title='bbox 1362 3251 1526 3344; x_wconf 66' lang='grc' dir='ltr'>Οεὸς,</span> <span class='ocrx_word' id='word_1_356' title='bbox 1569 3281 1704 3350; x_wconf 86' lang='grc' dir='ltr'>μήτε</span> <span class='ocrx_word' id='word_1_357' title='bbox 1735 3251 1800 3332; x_wconf 73' lang='grc' dir='ltr'><strong>ἐκ</strong></span> 
     </span>
    </p>
   </div>
   <div class='ocr_carea' id='block_1_51' title="bbox 1911 3251 3460 3352">
    <p class='ocr_par' dir='ltr' id='par_1_51' title="bbox 1911 3260 3460 3344">
     <span class='ocr_line' id='line_1_51' title="bbox 1911 3260 3460 3344; baseline -0.012 -14"><span class='ocrx_word' id='word_1_358' title='bbox 1911 3273 2004 3330; x_wconf 70' lang='lat' dir='ltr'><strong>etis</strong></span> <span class='ocrx_word' id='word_1_359' title='bbox 2036 3272 2387 3344; x_wconf 90' lang='lat' dir='ltr'><strong>qualitatibus</strong></span> <span class='ocrx_word' id='word_1_360' title='bbox 2425 3269 2769 3335; x_wconf 90' lang='lat' dir='ltr'><strong>condiderit,</strong></span> <span class='ocrx_word' id='word_1_361' title='bbox 2802 3282 2901 3321; x_wconf 92' lang='lat' dir='ltr'><strong>nec</strong></span> <span class='ocrx_word' id='word_1_362' title='bbox 2937 3265 3042 3319; x_wconf 66' lang='lat' dir='ltr'><strong>illa:</strong></span> <span class='ocrx_word' id='word_1_363' title='bbox 3090 3262 3196 3317; x_wconf 91' lang='lat' dir='ltr'><strong>sint</strong></span> <span class='ocrx_word' id='word_1_364' title='bbox 3219 3260 3374 3313; x_wconf 68' lang='lat' dir='ltr'><strong>facta:</strong></span> <span class='ocrx_word' id='word_1_365' title='bbox 3391 3271 3460 3312; x_wconf 76' lang='lat' dir='ltr'><strong>ex</strong></span> 
     </span>
    </p>
   </div>
   <div class='ocr_carea' id='block_1_52' title="bbox 215 3349 1800 3445">
    <p class='ocr_par' dir='ltr' id='par_1_52' title="bbox 215 3349 1798 3445">
     <span class='ocr_line' id='line_1_52' title="bbox 215 3349 1798 3445; baseline -0.003 -18"><span class='ocrx_word' id='word_1_366' title='bbox 215 3372 334 3428; x_wconf 78' lang='grc' dir='ltr'><strong>τῶν</strong></span> <span class='ocrx_word' id='word_1_367' title='bbox 364 3373 562 3427; x_wconf 84' lang='grc' dir='ltr'>οὐσιῶν</span> <span class='ocrx_word' id='word_1_368' title='bbox 603 3371 1028 3445; x_wconf 85' lang='grc' dir='ltr'>ὑπάρχουσι,τῷ</span> <span class='ocrx_word' id='word_1_369' title='bbox 1056 3349 1198 3442; x_wconf 81' lang='grc' dir='ltr'>μηδὲ</span> <span class='ocrx_word' id='word_1_370' title='bbox 1222 3370 1406 3434; x_wconf 79' lang='grc' dir='ltr'>οὐσίας</span> <span class='ocrx_word' id='word_1_371' title='bbox 1437 3349 1603 3434; x_wconf 84' lang='grc' dir='ltr'>αὐτὰς</span> <span class='ocrx_word' id='word_1_372' title='bbox 1630 3349 1766 3424; x_wconf 71' lang='grc' dir='ltr'>εἶναι</span> <span class='ocrx_word' id='word_1_373' title='bbox 1783 3387 1798 3400; x_wconf 74' lang='grc' dir='ltr'><strong>ο</strong></span> 
     </span>
    </p>
   </div>
   <div class='ocr_carea' id='block_1_53' title="bbox 1911 3349 3465 3445">
    <p class='ocr_par' dir='ltr' id='par_1_53' title="bbox 1911 3349 3465 3430">
     <span class='ocr_line' id='line_1_53' title="bbox 1911 3349 3465 3430; baseline -0.012 -8"><span class='ocrx_word' id='word_1_374' title='bbox 1911 3366 2243 3430; x_wconf 79' lang='lat' dir='ltr'><strong>substantiis,</strong></span> <span class='ocrx_word' id='word_1_375' title='bbox 2263 3381 2386 3419; x_wconf 91' lang='lat' dir='ltr'><strong>cum</strong></span> <span class='ocrx_word' id='word_1_376' title='bbox 2419 3381 2529 3418; x_wconf 94' lang='lat' dir='ltr'><strong>non</strong></span> <span class='ocrx_word' id='word_1_377' title='bbox 2561 3362 2670 3417; x_wconf 90' lang='lat' dir='ltr'><strong>sint</strong></span> <span class='ocrx_word' id='word_1_378' title='bbox 2694 3358 3014 3414; x_wconf 63' lang='lat' dir='ltr'><strong>substantiae</strong></span> <span class='ocrx_word' id='word_1_379' title='bbox 3047 3375 3060 3410; x_wconf 90' lang='lat'><strong>:</strong></span> <span class='ocrx_word' id='word_1_380' title='bbox 3089 3368 3314 3408; x_wconf 84' lang='lat' dir='ltr'><strong>necesse</strong></span> <span class='ocrx_word' id='word_1_381' title='bbox 3359 3349 3465 3406; x_wconf 62' lang='lat' dir='ltr'><strong>erit</strong></span> 
     </span>
    </p>
   </div>
   <div class='ocr_carea' id='block_1_54' title="bbox 219 3440 1800 3538">
    <p class='ocr_par' dir='ltr' id='par_1_54' title="bbox 219 3440 1800 3538">
     <span class='ocr_line' id='line_1_54' title="bbox 219 3440 1800 3538; baseline -0.003 -17"><span class='ocrx_word' id='word_1_382' title='bbox 219 3466 289 3521; x_wconf 77' lang='grc' dir='ltr'><strong>ἐκ</strong></span> <span class='ocrx_word' id='word_1_383' title='bbox 347 3467 424 3538; x_wconf 85' lang='grc' dir='ltr'><strong>μὴ</strong></span> <span class='ocrx_word' id='word_1_384' title='bbox 479 3468 644 3520; x_wconf 75' lang='grc' dir='ltr'>όντων</span> <span class='ocrx_word' id='word_1_385' title='bbox 704 3440 871 3529; x_wconf 78' lang='grc' dir='ltr'>αὐτὰς</span> <span class='ocrx_word' id='word_1_386' title='bbox 918 3440 1021 3518; x_wconf 83' lang='grc' dir='ltr'><strong>ὑπὺ</strong></span> <span class='ocrx_word' id='word_1_387' title='bbox 1068 3440 1217 3518; x_wconf 14' lang='grc' dir='ltr'><strong>ήΘεοῦ</strong></span> <span class='ocrx_word' id='word_1_388' title='bbox 1262 3464 1538 3534; x_wconf 86' lang='grc' dir='ltr'>γεγονέναι</span> <span class='ocrx_word' id='word_1_389' title='bbox 1593 3463 1800 3534; x_wconf 86' lang='grc' dir='ltr'>ἀνάγκη</span> 
     </span>
    </p>
   </div>
   <div class='ocr_carea' id='block_1_55' title="bbox 1911 3440 3465 3538">
    <p class='ocr_par' dir='ltr' id='par_1_55' title="bbox 1911 3440 3465 3522">
     <span class='ocr_line' id='line_1_55' title="bbox 1911 3440 3465 3522; baseline -0.011 -10"><span class='ocrx_word' id='word_1_390' title='bbox 1911 3456 2102 3522; x_wconf 81' lang='lat' dir='ltr'><strong>dicere,</strong></span> <span class='ocrx_word' id='word_1_391' title='bbox 2143 3457 2264 3512; x_wconf 89' lang='lat' dir='ltr'><strong>illas</strong></span> <span class='ocrx_word' id='word_1_392' title='bbox 2289 3471 2354 3510; x_wconf 83' lang='lat' dir='ltr'><strong>ex</strong></span> <span class='ocrx_word' id='word_1_393' title='bbox 2398 3454 2568 3508; x_wconf 91' lang='lat' dir='ltr'><strong>nihilo</strong></span> <span class='ocrx_word' id='word_1_394' title='bbox 2621 3451 2799 3520; x_wconf 70' lang='lat' dir='ltr'><strong>aiDeo</strong></span> <span class='ocrx_word' id='word_1_395' title='bbox 2844 3457 3055 3502; x_wconf 89' lang='lat' dir='ltr'><strong>creatas</strong></span> <span class='ocrx_word' id='word_1_396' title='bbox 3090 3458 3232 3502; x_wconf 69' lang='lat' dir='ltr'><strong>esse.</strong></span> <span class='ocrx_word' id='word_1_397' title='bbox 3287 3440 3465 3506; x_wconf 85' lang='lat' dir='ltr'><strong>Quare</strong></span> 
     </span>
    </p>
   </div>
   <div class='ocr_carea' id='block_1_56' title="bbox 276 2363 884 2434">
    <p class='ocr_par' dir='ltr' id='par_1_56' title="bbox 276 2363 884 2434">
     <span class='ocr_line' id='line_1_56' title="bbox 276 2363 884 2434; baseline 0 -18"><span class='ocrx_word' id='word_1_398' title='bbox 276 2363 497 2421; x_wconf 79' lang='grc' dir='ltr'>ΟΥΑΛ.</span> <span class='ocrx_word' id='word_1_399' title='bbox 543 2365 728 2428; x_wconf 80' lang='grc' dir='ltr'>Οὕτως</span> <span class='ocrx_word' id='word_1_400' title='bbox 751 2364 884 2434; x_wconf 81' lang='grc' dir='ltr'>ἔχει.</span> 
     </span>
    </p>
   </div>
   <div class='ocr_carea' id='block_1_57' title="bbox 280 2449 1797 2523">
    <p class='ocr_par' dir='ltr' id='par_1_57' title="bbox 280 2449 1797 2523">
     <span class='ocr_line' id='line_1_57' title="bbox 280 2449 1797 2523; baseline -0.005 -13"><span class='ocrx_word' id='word_1_401' title='bbox 280 2457 532 2510; x_wconf 84' lang='grc' dir='ltr'>ΟΡΘΟΔ.</span> <span class='ocrx_word' id='word_1_402' title='bbox 586 2458 734 2510; x_wconf 76' lang='grc' dir='ltr'>Ἐπεὶ</span> <span class='ocrx_word' id='word_1_403' title='bbox 771 2456 824 2508; x_wconf 90' lang='grc' dir='ltr'><strong>δέ</strong></span> <span class='ocrx_word' id='word_1_404' title='bbox 858 2471 950 2508; x_wconf 90' lang='grc' dir='ltr'><strong>σου</strong></span> <span class='ocrx_word' id='word_1_405' title='bbox 993 2453 1086 2508; x_wconf 71' lang='grc' dir='ltr'><strong>καὶ</strong></span> <span class='ocrx_word' id='word_1_406' title='bbox 1114 2453 1362 2522; x_wconf 82' lang='grc' dir='ltr'>λέγοντος</span> <span class='ocrx_word' id='word_1_407' title='bbox 1389 2449 1622 2523; x_wconf 80' lang='grc' dir='ltr'>πρόσθεν</span> <span class='ocrx_word' id='word_1_408' title='bbox 1642 2450 1797 2521; x_wconf 65' lang='lat' dir='ltr'><strong>ﬁxos-</strong></span> 
     </span>
    </p>
   </div>
   <div class='ocr_carea' id='block_1_58' title="bbox 207 2539 1796 2614">
    <p class='ocr_par' dir='ltr' id='par_1_58' title="bbox 207 2539 1796 2614">
     <span class='ocr_line' id='line_1_58' title="bbox 207 2539 1796 2614; baseline -0.006 -13"><span class='ocrx_word' id='word_1_409' title='bbox 207 2565 294 2612; x_wconf 89' lang='grc' dir='ltr'><strong>ον,</strong></span> <span class='ocrx_word' id='word_1_410' title='bbox 322 2549 689 2612; x_wconf 84' lang='grc' dir='ltr'>ὼς,ἀδύνατον</span> <span class='ocrx_word' id='word_1_411' title='bbox 722 2548 780 2612; x_wconf 81' lang='grc' dir='ltr'>ὲξ</span> <span class='ocrx_word' id='word_1_412' title='bbox 805 2548 901 2600; x_wconf 86' lang='grc' dir='ltr'><strong>οὐκ</strong></span> <span class='ocrx_word' id='word_1_413' title='bbox 933 2547 1098 2600; x_wconf 73' lang='grc' dir='ltr'>ὅντων</span> <span class='ocrx_word' id='word_1_414' title='bbox 1122 2545 1365 2614; x_wconf 86' lang='grc' dir='ltr'>γίνεσθαί</span> <span class='ocrx_word' id='word_1_415' title='bbox 1391 2560 1462 2608; x_wconf 90' lang='grc' dir='ltr'><strong>τι,</strong></span> <span class='ocrx_word' id='word_1_416' title='bbox 1498 2541 1633 2614; x_wconf 85' lang='grc' dir='ltr'>πρὸς</span> <span class='ocrx_word' id='word_1_417' title='bbox 1657 2539 1796 2612; x_wconf 84' lang='grc' dir='ltr'><strong>ὲρὼ-</strong></span> 
     </span>
    </p>
   </div>
   <div class='ocr_carea' id='block_1_59' title="bbox 210 2634 1796 2713">
    <p class='ocr_par' dir='ltr' id='par_1_59' title="bbox 210 2634 1796 2713">
     <span class='ocr_line' id='line_1_59' title="bbox 210 2634 1796 2713; baseline -0.004 -20"><span class='ocrx_word' id='word_1_418' title='bbox 210 2658 381 2713; x_wconf 85' lang='grc' dir='ltr'>τησιν</span> <span class='ocrx_word' id='word_1_419' title='bbox 418 2643 708 2713; x_wconf 87' lang='grc' dir='ltr'>ἀπόκριναι</span> <span class='ocrx_word' id='word_1_420' title='bbox 735 2641 834 2711; x_wconf 79' lang='grc' dir='ltr'>τὴν</span> <span class='ocrx_word' id='word_1_421' title='bbox 865 2640 1027 2710; x_wconf 76' lang='grc' dir='ltr'><strong>ὲμὴνο</strong></span> <span class='ocrx_word' id='word_1_422' title='bbox 1060 2637 1204 2692; x_wconf 86' lang='grc' dir='ltr'>δοκεῖ</span> <span class='ocrx_word' id='word_1_423' title='bbox 1239 2655 1319 2690; x_wconf 90' lang='grc' dir='ltr'><strong>σοι</strong></span> <span class='ocrx_word' id='word_1_424' title='bbox 1351 2635 1449 2699; x_wconf 80' lang='grc' dir='ltr'>τὰς</span> <span class='ocrx_word' id='word_1_425' title='bbox 1473 2634 1566 2688; x_wconf 82' lang='grc' dir='ltr'>τοῦ</span> <span class='ocrx_word' id='word_1_426' title='bbox 1593 2634 1796 2706; x_wconf 86' lang='grc' dir='ltr'>κόσμου</span> 
     </span>
    </p>
   </div>
   <div class='ocr_carea' id='block_1_60' title="bbox 213 2727 1795 2805">
    <p class='ocr_par' dir='ltr' id='par_1_60' title="bbox 213 2727 1795 2805">
     <span class='ocr_line' id='line_1_60' title="bbox 213 2727 1795 2805; baseline -0.005 -17"><span class='ocrx_word' id='word_1_427' title='bbox 213 2734 521 2803; x_wconf 85' lang='grc' dir='ltr'>ποιότητας</span> <span class='ocrx_word' id='word_1_428' title='bbox 553 2733 627 2805; x_wconf 83' lang='grc' dir='ltr'>μὴ</span> <span class='ocrx_word' id='word_1_429' title='bbox 659 2734 716 2798; x_wconf 76' lang='grc' dir='ltr'>ἐξ</span> <span class='ocrx_word' id='word_1_430' title='bbox 754 2729 1123 2800; x_wconf 82' lang='grc' dir='ltr'>ὑποκειμένων</span> <span class='ocrx_word' id='word_1_431' title='bbox 1152 2730 1446 2801; x_wconf 84' lang='grc' dir='ltr'>ποιοτήτων</span> <span class='ocrx_word' id='word_1_432' title='bbox 1487 2727 1795 2797; x_wconf 82' lang='grc' dir='ltr'>γεγονέναι;</span> 
     </span>
    </p>
   </div>
   <div class='ocr_carea' id='block_1_61' title="bbox 287 2824 705 2877">
    <p class='ocr_par' dir='ltr' id='par_1_61' title="bbox 287 2824 705 2877">
     <span class='ocr_line' id='line_1_61' title="bbox 287 2824 705 2877; baseline -0.007 0"><span class='ocrx_word' id='word_1_433' title='bbox 287 2824 501 2877; x_wconf 82' lang='grc' dir='ltr'>ΟΥΑΛ.</span> <span class='ocrx_word' id='word_1_434' title='bbox 531 2825 705 2876; x_wconf 88' lang='grc' dir='ltr'>Δοκεῖ.</span> 
     </span>
    </p>
   </div>
   <div class='ocr_carea' id='block_1_62' title="bbox 291 2910 1800 2986">
    <p class='ocr_par' dir='ltr' id='par_1_62' title="bbox 291 2910 1800 2986">
     <span class='ocr_line' id='line_1_62' title="bbox 291 2910 1800 2986; baseline 0 -20"><span class='ocrx_word' id='word_1_435' title='bbox 291 2915 536 2968; x_wconf 82' lang='grc' dir='ltr'>ΟΡΘΟΔ.</span> <span class='ocrx_word' id='word_1_436' title='bbox 577 2915 800 2986; x_wconf 89' lang='grc' dir='ltr'>Ἕτερον</span> <span class='ocrx_word' id='word_1_437' title='bbox 828 2914 884 2967; x_wconf 90' lang='grc' dir='ltr'><strong>δέ</strong></span> <span class='ocrx_word' id='word_1_438' title='bbox 917 2931 971 2967; x_wconf 88' lang='grc' dir='ltr'><strong>τι</strong></span> <span class='ocrx_word' id='word_1_439' title='bbox 1003 2911 1153 2985; x_wconf 71' lang='grc' dir='ltr'>παρὰ</span> <span class='ocrx_word' id='word_1_440' title='bbox 1191 2911 1290 2976; x_wconf 78' lang='grc' dir='ltr'>τὰς</span> <span class='ocrx_word' id='word_1_441' title='bbox 1323 2911 1509 2976; x_wconf 65' lang='grc' dir='ltr'>οὐσίας</span> <span class='ocrx_word' id='word_1_442' title='bbox 1535 2910 1800 2984; x_wconf 82' lang='grc' dir='ltr'>ὑπάρχειν</span> 
     </span>
    </p>
   </div>
   <div class='ocr_carea' id='block_1_63' title="bbox 219 3021 434 3069">
    <p class='ocr_par' dir='ltr' id='par_1_63' title="bbox 219 3021 434 3069">
     <span class='ocr_line' id='line_1_63' title="bbox 219 3021 434 3069; baseline -0.009 -11"><span class='ocrx_word' id='word_1_443' title='bbox 219 3021 434 3069; x_wconf 87' lang='grc' dir='ltr'>αυτας;</span> 
     </span>
    </p>
   </div>
   <div class='ocr_carea' id='block_1_64' title="bbox 221 3555 1805 3630">
    <p class='ocr_par' dir='ltr' id='par_1_64' title="bbox 221 3555 1805 3630">
     <span class='ocr_line' id='line_1_64' title="bbox 221 3555 1805 3630; baseline -0.002 -20"><span class='ocrx_word' id='word_1_444' title='bbox 221 3558 426 3611; x_wconf 80' lang='grc' dir='ltr'>εἰπεῖν.</span> <span class='ocrx_word' id='word_1_445' title='bbox 467 3557 624 3611; x_wconf 86' lang='grc' dir='ltr'>’Ὀθεν</span> <span class='ocrx_word' id='word_1_446' title='bbox 669 3556 934 3630; x_wconf 79' lang='grc' dir='ltr'>περιττῶς</span> <span class='ocrx_word' id='word_1_447' title='bbox 964 3557 1164 3622; x_wconf 75' lang='grc' dir='ltr'>ἐδόκεις</span> <span class='ocrx_word' id='word_1_448' title='bbox 1197 3575 1285 3628; x_wconf 90' lang='grc' dir='ltr'><strong>μοι</strong></span> <span class='ocrx_word' id='word_1_449' title='bbox 1315 3557 1517 3626; x_wconf 89' lang='grc' dir='ltr'>λέγειν,</span> <span class='ocrx_word' id='word_1_450' title='bbox 1549 3555 1805 3608; x_wconf 85' lang='grc' dir='ltr'>ἀδύνατον</span> 
     </span>
    </p>
   </div>
   <div class='ocr_carea' id='block_1_65' title="bbox 223 3645 1800 3718">
    <p class='ocr_par' dir='ltr' id='par_1_65' title="bbox 223 3645 1800 3718">
     <span class='ocr_line' id='line_1_65' title="bbox 223 3645 1800 3718; baseline -0.002 -17"><span class='ocrx_word' id='word_1_451' title='bbox 223 3648 476 3714; x_wconf 76' lang='grc' dir='ltr'>δοξάζειν</span> <span class='ocrx_word' id='word_1_452' title='bbox 516 3648 573 3714; x_wconf 79' lang='grc' dir='ltr'>ἐξ</span> <span class='ocrx_word' id='word_1_453' title='bbox 604 3647 702 3700; x_wconf 87' lang='grc' dir='ltr'><strong>οὐκ</strong></span> <span class='ocrx_word' id='word_1_454' title='bbox 722 3647 886 3700; x_wconf 76' lang='grc' dir='ltr'>ὅντων</span> <span class='ocrx_word' id='word_1_455' title='bbox 917 3647 1194 3715; x_wconf 89' lang='grc' dir='ltr'>γεγονέναι</span> <span class='ocrx_word' id='word_1_456' title='bbox 1233 3666 1284 3700; x_wconf 91' lang='grc' dir='ltr'><strong>τι</strong></span> <span class='ocrx_word' id='word_1_457' title='bbox 1320 3647 1455 3718; x_wconf 82' lang='grc' dir='ltr'>πρὸς</span> <span class='ocrx_word' id='word_1_458' title='bbox 1495 3646 1589 3699; x_wconf 83' lang='grc' dir='ltr'>τοῦ</span> <span class='ocrx_word' id='word_1_459' title='bbox 1643 3645 1800 3698; x_wconf 85' lang='grc' dir='ltr'>Θεοῦ.</span> 
     </span>
    </p>
   </div>
   <div class='ocr_carea' id='block_1_66' title="bbox 240 3732 1802 3812">
    <p class='ocr_par' dir='ltr' id='par_1_66' title="bbox 240 3732 1802 3812">
     <span class='ocr_line' id='line_1_66' title="bbox 240 3732 1802 3812; baseline -0.003 -16"><span class='ocrx_word' id='word_1_460' title='bbox 240 3743 384 3796; x_wconf 84' lang='grc' dir='ltr'>Ἀλλ’</span> <span class='ocrx_word' id='word_1_461' title='bbox 435 3742 464 3792; x_wconf 85' lang='grc' dir='ltr'>ὁ</span> <span class='ocrx_word' id='word_1_462' title='bbox 501 3741 596 3812; x_wconf 81' lang='grc' dir='ltr'><strong>μὲν</strong></span> <span class='ocrx_word' id='word_1_463' title='bbox 629 3740 754 3811; x_wconf 79' lang='grc' dir='ltr'>περὶ</span> <span class='ocrx_word' id='word_1_464' title='bbox 783 3740 972 3793; x_wconf 87' lang='grc' dir='ltr'>τούτου</span> <span class='ocrx_word' id='word_1_465' title='bbox 1002 3739 1157 3808; x_wconf 81' lang='grc' dir='ltr'>λόγος</span> <span class='ocrx_word' id='word_1_466' title='bbox 1185 3732 1285 3793; x_wconf 83' lang='grc' dir='ltr'>ὦδε</span> <span class='ocrx_word' id='word_1_467' title='bbox 1320 3740 1507 3810; x_wconf 77' lang='grc' dir='ltr'>ἐχέτω.</span> <span class='ocrx_word' id='word_1_468' title='bbox 1545 3739 1654 3791; x_wconf 76' lang='grc' dir='ltr'>Καὶ</span> <span class='ocrx_word' id='word_1_469' title='bbox 1694 3739 1802 3810; x_wconf 81' lang='grc' dir='ltr'>γὰρ</span> 
     </span>
    </p>
   </div>
   <div class='ocr_carea' id='block_1_67' title="bbox 225 3830 1804 3907">
    <p class='ocr_par' dir='ltr' id='par_1_67' title="bbox 225 3830 1804 3907">
     <span class='ocr_line' id='line_1_67' title="bbox 225 3830 1804 3907; baseline -0.003 -18"><span class='ocrx_word' id='word_1_470' title='bbox 225 3838 364 3907; x_wconf 75' lang='grc' dir='ltr'>παρ’</span> <span class='ocrx_word' id='word_1_471' title='bbox 390 3837 521 3906; x_wconf 76' lang='grc' dir='ltr'>ἡμῖν</span> <span class='ocrx_word' id='word_1_472' title='bbox 543 3833 754 3906; x_wconf 84' lang='grc' dir='ltr'>ὁρῶμεν</span> <span class='ocrx_word' id='word_1_473' title='bbox 785 3831 1099 3903; x_wconf 83' lang='grc' dir='ltr'>ἀνθρώπους</span> <span class='ocrx_word' id='word_1_474' title='bbox 1127 3831 1184 3897; x_wconf 76' lang='grc' dir='ltr'>ἐξ</span> <span class='ocrx_word' id='word_1_475' title='bbox 1212 3833 1311 3885; x_wconf 89' lang='grc' dir='ltr'><strong>οὐκ</strong></span> <span class='ocrx_word' id='word_1_476' title='bbox 1335 3832 1499 3885; x_wconf 79' lang='grc' dir='ltr'>όντων</span> <span class='ocrx_word' id='word_1_477' title='bbox 1521 3830 1804 3894; x_wconf 83' lang='grc' dir='ltr'>ποιοῦντάς</span> 
     </span>
    </p>
   </div>
   <div class='ocr_carea' id='block_1_68' title="bbox 223 3917 1805 3994">
    <p class='ocr_par' dir='ltr' id='par_1_68' title="bbox 223 3917 1805 3994">
     <span class='ocr_line' id='line_1_68' title="bbox 223 3917 1805 3994; baseline -0.002 -13"><span class='ocrx_word' id='word_1_478' title='bbox 223 3943 374 3991; x_wconf 84' lang='grc' dir='ltr'>τινα,</span> <span class='ocrx_word' id='word_1_479' title='bbox 411 3927 460 3978; x_wconf 80' lang='grc' dir='ltr'><strong>εί</strong></span> <span class='ocrx_word' id='word_1_480' title='bbox 509 3926 611 3978; x_wconf 66' lang='grc' dir='ltr'>καὶ</span> <span class='ocrx_word' id='word_1_481' title='bbox 656 3924 721 3979; x_wconf 84' lang='grc' dir='ltr'>τὰ</span> <span class='ocrx_word' id='word_1_482' title='bbox 759 3924 988 3994; x_wconf 85' lang='grc' dir='ltr'>μάλιστα</span> <span class='ocrx_word' id='word_1_483' title='bbox 1037 3923 1282 3977; x_wconf 78' lang='grc' dir='ltr'>δοκοῦσιν</span> <span class='ocrx_word' id='word_1_484' title='bbox 1331 3917 1475 3977; x_wconf 76' lang='grc' dir='ltr'>οὗτοι</span> <span class='ocrx_word' id='word_1_485' title='bbox 1527 3927 1697 3978; x_wconf 86' lang='grc' dir='ltr'>ποιεῖν</span> <span class='ocrx_word' id='word_1_486' title='bbox 1745 3924 1805 3978; x_wconf 79' lang='grc' dir='ltr'>ἐν</span> 
     </span>
    </p>
   </div>
   <div class='ocr_carea' id='block_1_69' title="bbox 223 4015 1807 4088">
    <p class='ocr_par' dir='ltr' id='par_1_69' title="bbox 223 4015 1807 4088">
     <span class='ocr_line' id='line_1_69' title="bbox 223 4015 1807 4088; baseline -0.002 -15"><span class='ocrx_word' id='word_1_487' title='bbox 223 4035 354 4073; x_wconf 83' lang='grc' dir='ltr'>τινι.</span> <span class='ocrx_word' id='word_1_488' title='bbox 407 4015 648 4080; x_wconf 73' lang='grc' dir='ltr'>Οἷον,ὲπὶ</span> <span class='ocrx_word' id='word_1_489' title='bbox 685 4017 791 4069; x_wconf 92' lang='grc' dir='ltr'><strong>τῶν</strong></span> <span class='ocrx_word' id='word_1_490' title='bbox 823 4015 1218 4088; x_wconf 85' lang='grc' dir='ltr'>ἀρχιτεκτόνων</span> <span class='ocrx_word' id='word_1_491' title='bbox 1247 4017 1307 4070; x_wconf 88' lang='grc' dir='ltr'>τὺ</span> <span class='ocrx_word' id='word_1_492' title='bbox 1339 4018 1684 4088; x_wconf 85' lang='grc' dir='ltr'>παράδειγμα</span> <span class='ocrx_word' id='word_1_493' title='bbox 1715 4016 1807 4070; x_wconf 82' lang='grc' dir='ltr'><strong>λά-</strong></span> 
     </span>
    </p>
   </div>
   <div class='ocr_carea' id='block_1_70' title="bbox 225 4103 1804 4184">
    <p class='ocr_par' dir='ltr' id='par_1_70' title="bbox 225 4103 1804 4184">
     <span class='ocr_line' id='line_1_70' title="bbox 225 4103 1804 4184; baseline -0.002 -18"><span class='ocrx_word' id='word_1_494' title='bbox 225 4111 422 4184; x_wconf 79' lang='grc' dir='ltr'>ϐωμεν</span> <span class='ocrx_word' id='word_1_495' title='bbox 444 4129 457 4142; x_wconf 90' lang='grc'>·</span> <span class='ocrx_word' id='word_1_496' title='bbox 493 4113 587 4165; x_wconf 82' lang='grc' dir='ltr'><strong>καὶ</strong></span> <span class='ocrx_word' id='word_1_497' title='bbox 618 4110 726 4182; x_wconf 81' lang='grc' dir='ltr'>γὰρ</span> <span class='ocrx_word' id='word_1_498' title='bbox 745 4103 889 4163; x_wconf 80' lang='grc' dir='ltr'>οὑτοι</span> <span class='ocrx_word' id='word_1_499' title='bbox 920 4109 1128 4163; x_wconf 83' lang='grc' dir='ltr'>ποιοῦσι</span> <span class='ocrx_word' id='word_1_500' title='bbox 1154 4109 1339 4171; x_wconf 87' lang='grc' dir='ltr'>πόλεις</span> <span class='ocrx_word' id='word_1_501' title='bbox 1372 4110 1472 4163; x_wconf 86' lang='grc' dir='ltr'><strong>οὐκ</strong></span> <span class='ocrx_word' id='word_1_502' title='bbox 1494 4110 1558 4162; x_wconf 86' lang='grc' dir='ltr'><strong>ὲκ</strong></span> <span class='ocrx_word' id='word_1_503' title='bbox 1583 4109 1804 4175; x_wconf 83' lang='grc' dir='ltr'>πόλεων,</span> 
     </span>
    </p>
   </div>
   <div class='ocr_carea' id='block_1_71' title="bbox 227 4199 1596 4275">
    <p class='ocr_par' dir='ltr' id='par_1_71' title="bbox 227 4199 1596 4275">
     <span class='ocr_line' id='line_1_71' title="bbox 227 4199 1596 4275; baseline -0.005 -14"><span class='ocrx_word' id='word_1_504' title='bbox 227 4205 327 4261; x_wconf 77' lang='grc' dir='ltr'><strong>καὶ</strong></span> <span class='ocrx_word' id='word_1_505' title='bbox 365 4207 526 4269; x_wconf 83' lang='grc' dir='ltr'>ναοὺς</span> <span class='ocrx_word' id='word_1_506' title='bbox 551 4203 749 4275; x_wconf 86' lang='grc' dir='ltr'>ὁμοίως</span> <span class='ocrx_word' id='word_1_507' title='bbox 773 4203 872 4257; x_wconf 87' lang='grc' dir='ltr'><strong>οὐκ</strong></span> <span class='ocrx_word' id='word_1_508' title='bbox 904 4205 968 4255; x_wconf 85' lang='grc' dir='ltr'><strong>ὲκ</strong></span> <span class='ocrx_word' id='word_1_509' title='bbox 995 4201 1135 4254; x_wconf 91' lang='grc' dir='ltr'>ναῶν</span> <span class='ocrx_word' id='word_1_510' title='bbox 1161 4200 1294 4265; x_wconf 76' lang='grc'>(22).</span> <span class='ocrx_word' id='word_1_511' title='bbox 1343 4199 1596 4268; x_wconf 74' lang='grc' dir='ltr'>Ἀτελής.</span> 
     </span>
    </p>
   </div>
   <div class='ocr_carea' id='block_1_72' title="bbox 589 4318 1457 4376">
    <p class='ocr_par' dir='ltr' id='par_1_72' title="bbox 589 4318 1457 4376">
     <span class='ocr_line' id='line_1_72' title="bbox 589 4318 1457 4376; baseline -0.003 -3"><span class='ocrx_word' id='word_1_512' title='bbox 589 4322 816 4374; x_wconf 85' lang='grc' dir='ltr'><strong>ΛΟΙΠΑ</strong></span> <span class='ocrx_word' id='word_1_513' title='bbox 867 4323 969 4375; x_wconf 89' lang='grc' dir='ltr'><strong>ΕΚ</strong></span> <span class='ocrx_word' id='word_1_514' title='bbox 1007 4321 1148 4376; x_wconf 88' lang='grc' dir='ltr'><strong>ΤΩΝ</strong></span> <span class='ocrx_word' id='word_1_515' title='bbox 1178 4318 1457 4373; x_wconf 81' lang='grc' dir='ltr'><strong>ΦΩΤΙΟΥ.</strong></span> 
     </span>
    </p>
   </div>
   <div class='ocr_carea' id='block_1_73' title="bbox 1900 3533 3470 3619">
    <p class='ocr_par' dir='ltr' id='par_1_73' title="bbox 1900 3533 3470 3619">
     <span class='ocr_line' id='line_1_73' title="bbox 1900 3533 3470 3619; baseline -0.013 -11"><span class='ocrx_word' id='word_1_516' title='bbox 1900 3551 2174 3608; x_wconf 86' lang='lat' dir='ltr'><strong>videbaris</strong></span> <span class='ocrx_word' id='word_1_517' title='bbox 2224 3550 2493 3619; x_wconf 82' lang='lat' dir='ltr'><strong>superﬂue</strong></span> <span class='ocrx_word' id='word_1_518' title='bbox 2553 3547 2732 3601; x_wconf 86' lang='lat' dir='ltr'><strong>dicere</strong></span> <span class='ocrx_word' id='word_1_519' title='bbox 2765 3559 2888 3598; x_wconf 87' lang='lat' dir='ltr'><strong>esse</strong></span> <span class='ocrx_word' id='word_1_520' title='bbox 2935 3537 3287 3609; x_wconf 91' lang='lat' dir='ltr'><strong>inopinabile,</strong></span> <span class='ocrx_word' id='word_1_521' title='bbox 3325 3533 3470 3604; x_wconf 89' lang='lat' dir='ltr'><strong>quod</strong></span> 
     </span>
    </p>
   </div>
   <div class='ocr_carea' id='block_1_74' title="bbox 1903 3626 3470 3713">
    <p class='ocr_par' dir='ltr' id='par_1_74' title="bbox 1903 3626 3470 3713">
     <span class='ocr_line' id='line_1_74' title="bbox 1903 3626 3470 3713; baseline -0.011 -15"><span class='ocrx_word' id='word_1_522' title='bbox 1903 3645 2046 3700; x_wconf 87' lang='lat' dir='ltr'><strong>Deus</strong></span> <span class='ocrx_word' id='word_1_523' title='bbox 2077 3642 2281 3713; x_wconf 91' lang='lat' dir='ltr'><strong>aliquid</strong></span> <span class='ocrx_word' id='word_1_524' title='bbox 2334 3657 2398 3696; x_wconf 85' lang='lat' dir='ltr'><strong>ex</strong></span> <span class='ocrx_word' id='word_1_525' title='bbox 2449 3640 2619 3694; x_wconf 88' lang='lat' dir='ltr'><strong>nihilo</strong></span> <span class='ocrx_word' id='word_1_526' title='bbox 2667 3636 2952 3692; x_wconf 79' lang='lat' dir='ltr'><strong>creaverit.</strong></span> <span class='ocrx_word' id='word_1_527' title='bbox 2983 3634 3274 3688; x_wconf 87' lang='lat' dir='ltr'><strong>Enimvero</strong></span> <span class='ocrx_word' id='word_1_528' title='bbox 3305 3644 3364 3683; x_wconf 90' lang='lat' dir='ltr'><strong>ea</strong></span> <span class='ocrx_word' id='word_1_529' title='bbox 3399 3626 3470 3681; x_wconf 85' lang='lat' dir='ltr'><strong>sit</strong></span> 
     </span>
    </p>
   </div>
   <div class='ocr_carea' id='block_1_75' title="bbox 1907 3718 3468 3807">
    <p class='ocr_par' dir='ltr' id='par_1_75' title="bbox 1907 3718 3468 3807">
     <span class='ocr_line' id='line_1_75' title="bbox 1907 3718 3468 3807; baseline -0.014 -14"><span class='ocrx_word' id='word_1_530' title='bbox 1907 3738 2026 3807; x_wconf 88' lang='lat' dir='ltr'><strong>ejus</strong></span> <span class='ocrx_word' id='word_1_531' title='bbox 2050 3735 2128 3790; x_wconf 87' lang='lat' dir='ltr'><strong>rei</strong></span> <span class='ocrx_word' id='word_1_532' title='bbox 2166 3733 2390 3788; x_wconf 87' lang='lat' dir='ltr'><strong>decisio.</strong></span> <span class='ocrx_word' id='word_1_533' title='bbox 2418 3730 2550 3786; x_wconf 84' lang='lat' dir='ltr'><strong>Nam</strong></span> <span class='ocrx_word' id='word_1_534' title='bbox 2582 3729 2745 3785; x_wconf 88' lang='lat' dir='ltr'><strong>etiam</strong></span> <span class='ocrx_word' id='word_1_535' title='bbox 2775 3726 2914 3798; x_wconf 86' lang='lat' dir='ltr'><strong>apud</strong></span> <span class='ocrx_word' id='word_1_536' title='bbox 2952 3740 3071 3788; x_wconf 88' lang='lat' dir='ltr'><strong>nos,</strong></span> <span class='ocrx_word' id='word_1_537' title='bbox 3105 3719 3349 3792; x_wconf 70' lang='lat' dir='ltr'><strong>quaadam</strong></span> <span class='ocrx_word' id='word_1_538' title='bbox 3383 3718 3468 3773; x_wconf 86' lang='lat' dir='ltr'><strong>vi-</strong></span> 
     </span>
    </p>
   </div>
   <div class='ocr_carea' id='block_1_76' title="bbox 1908 3816 3468 3892">
    <p class='ocr_par' dir='ltr' id='par_1_76' title="bbox 1908 3816 3468 3892">
     <span class='ocr_line' id='line_1_76' title="bbox 1908 3816 3468 3892; baseline -0.016 -6"><span class='ocrx_word' id='word_1_539' title='bbox 1908 3831 2098 3886; x_wconf 87' lang='lat' dir='ltr'><strong>demus</strong></span> <span class='ocrx_word' id='word_1_540' title='bbox 2144 3827 2424 3880; x_wconf 93' lang='lat' dir='ltr'><strong>hominum</strong></span> <span class='ocrx_word' id='word_1_541' title='bbox 2465 3836 2631 3892; x_wconf 88' lang='lat' dir='ltr'><strong>opera</strong></span> <span class='ocrx_word' id='word_1_542' title='bbox 2677 3820 2792 3874; x_wconf 80' lang='lat' dir='ltr'><strong>tieri</strong></span> <span class='ocrx_word' id='word_1_543' title='bbox 2839 3833 2904 3872; x_wconf 82' lang='lat' dir='ltr'><strong>ex</strong></span> <span class='ocrx_word' id='word_1_544' title='bbox 2940 3816 3130 3878; x_wconf 88' lang='lat' dir='ltr'><strong>nihilo,</strong></span> <span class='ocrx_word' id='word_1_545' title='bbox 3162 3824 3468 3883; x_wconf 90' lang='lat' dir='ltr'><strong>quanquam</strong></span> 
     </span>
    </p>
   </div>
   <div class='ocr_carea' id='block_1_77' title="bbox 1910 3900 3472 3992">
    <p class='ocr_par' dir='ltr' id='par_1_77' title="bbox 1910 3900 3472 3992">
     <span class='ocr_line' id='line_1_77' title="bbox 1910 3900 3472 3992; baseline -0.014 -16"><span class='ocrx_word' id='word_1_546' title='bbox 1910 3921 2015 3992; x_wconf 89' lang='lat' dir='ltr'><strong>ipsi</strong></span> <span class='ocrx_word' id='word_1_547' title='bbox 2078 3918 2312 3975; x_wconf 81' lang='lat' dir='ltr'><strong>maxime</strong></span> <span class='ocrx_word' id='word_1_548' title='bbox 2365 3915 2649 3970; x_wconf 88' lang='lat' dir='ltr'><strong>videantur</strong></span> <span class='ocrx_word' id='word_1_549' title='bbox 2699 3911 2878 3966; x_wconf 81' lang='lat' dir='ltr'><strong>facere</strong></span> <span class='ocrx_word' id='word_1_550' title='bbox 2932 3909 2986 3962; x_wconf 93' lang='lat' dir='ltr'><strong>in</strong></span> <span class='ocrx_word' id='word_1_551' title='bbox 3048 3906 3248 3975; x_wconf 91' lang='lat' dir='ltr'><strong>aliquo.</strong></span> <span class='ocrx_word' id='word_1_552' title='bbox 3302 3901 3369 3957; x_wconf 88' lang='lat' dir='ltr'><strong>Ut</strong></span> <span class='ocrx_word' id='word_1_553' title='bbox 3423 3900 3472 3956; x_wconf 79' lang='lat' dir='ltr'><strong>si</strong></span> 
     </span>
    </p>
   </div>
   <div class='ocr_carea' id='block_1_78' title="bbox 1911 3994 3472 4083">
    <p class='ocr_par' dir='ltr' id='par_1_78' title="bbox 1911 3994 3472 4083">
     <span class='ocr_line' id='line_1_78' title="bbox 1911 3994 3472 4083; baseline -0.013 -15"><span class='ocrx_word' id='word_1_554' title='bbox 1911 4013 2218 4083; x_wconf 79' lang='lat' dir='ltr'><strong>exemplum</strong></span> <span class='ocrx_word' id='word_1_555' title='bbox 2267 4011 2335 4063; x_wconf 89' lang='lat' dir='ltr'><strong>ab</strong></span> <span class='ocrx_word' id='word_1_556' title='bbox 2388 4006 2701 4062; x_wconf 90' lang='lat' dir='ltr'><strong>architectis</strong></span> <span class='ocrx_word' id='word_1_557' title='bbox 2740 4004 3020 4073; x_wconf 90' lang='lat' dir='ltr'><strong>capiamus</strong></span> <span class='ocrx_word' id='word_1_558' title='bbox 3064 4017 3076 4051; x_wconf 93' lang='lat'>:</span> <span class='ocrx_word' id='word_1_559' title='bbox 3114 4013 3239 4053; x_wconf 92' lang='lat' dir='ltr'><strong>nam</strong></span> <span class='ocrx_word' id='word_1_560' title='bbox 3285 4005 3340 4051; x_wconf 89' lang='lat' dir='ltr'><strong>et</strong></span> <span class='ocrx_word' id='word_1_561' title='bbox 3392 3994 3472 4050; x_wconf 90' lang='lat' dir='ltr'><strong>illi</strong></span> 
     </span>
    </p>
   </div>
   <div class='ocr_carea' id='block_1_79' title="bbox 1911 4090 3476 4160">
    <p class='ocr_par' dir='ltr' id='par_1_79' title="bbox 1911 4090 3476 4160">
     <span class='ocr_line' id='line_1_79' title="bbox 1911 4090 3476 4160; baseline -0.012 -2"><span class='ocrx_word' id='word_1_562' title='bbox 1911 4103 2073 4158; x_wconf 82' lang='lat' dir='ltr'><strong>urbes</strong></span> <span class='ocrx_word' id='word_1_563' title='bbox 2103 4101 2344 4155; x_wconf 89' lang='lat' dir='ltr'><strong>condunt</strong></span> <span class='ocrx_word' id='word_1_564' title='bbox 2397 4113 2462 4153; x_wconf 83' lang='lat' dir='ltr'><strong>ex</strong></span> <span class='ocrx_word' id='word_1_565' title='bbox 2501 4112 2610 4152; x_wconf 87' lang='lat' dir='ltr'><strong>non</strong></span> <span class='ocrx_word' id='word_1_566' title='bbox 2659 4095 2907 4160; x_wconf 90' lang='lat' dir='ltr'><strong>urbibus,</strong></span> <span class='ocrx_word' id='word_1_567' title='bbox 2942 4101 2992 4147; x_wconf 88' lang='lat' dir='ltr'><strong>et</strong></span> <span class='ocrx_word' id='word_1_568' title='bbox 3036 4090 3235 4160; x_wconf 86' lang='lat' dir='ltr'><strong>templa</strong></span> <span class='ocrx_word' id='word_1_569' title='bbox 3265 4103 3333 4143; x_wconf 80' lang='lat' dir='ltr'><strong>ex</strong></span> <span class='ocrx_word' id='word_1_570' title='bbox 3364 4098 3476 4141; x_wconf 88' lang='lat' dir='ltr'><strong>non</strong></span> 
     </span>
    </p>
   </div>
   <div class='ocr_carea' id='block_1_80' title="bbox 1911 4191 2545 4267">
    <p class='ocr_par' dir='ltr' id='par_1_80' title="bbox 1911 4191 2545 4267">
     <span class='ocr_line' id='line_1_80' title="bbox 1911 4191 2545 4267; baseline -0.013 -17"><span class='ocrx_word' id='word_1_571' title='bbox 1911 4195 2152 4267; x_wconf 85' lang='lat' dir='ltr'><strong>templis.</strong></span> <span class='ocrx_word' id='word_1_572' title='bbox 2182 4191 2545 4264; x_wconf 76' lang='lat' dir='ltr'><strong>Imperfectus.</strong></span> 
     </span>
    </p>
   </div>
   <div class='ocr_carea' id='block_1_81' title="bbox 2273 4299 3078 4373">
    <p class='ocr_par' dir='ltr' id='par_1_81' title="bbox 2273 4299 3078 4373">
     <span class='ocr_line' id='line_1_81' title="bbox 2273 4299 3078 4373; baseline -0.011 -11"><span class='ocrx_word' id='word_1_573' title='bbox 2273 4303 2591 4373; x_wconf 77' lang='lat' dir='ltr'><strong>RELIQUA</strong></span> <span class='ocrx_word' id='word_1_574' title='bbox 2632 4301 2734 4358; x_wconf 84' lang='lat' dir='ltr'><em>EX</em></span> <span class='ocrx_word' id='word_1_575' title='bbox 2771 4299 3078 4357; x_wconf 83' lang='lat' dir='ltr'><strong>PHOTIO.</strong></span> 
     </span>
    </p>
   </div>
   <div class='ocr_carea' id='block_1_82' title="bbox 1496 4423 2252 4508">
    <p class='ocr_par' dir='ltr' id='par_1_82' title="bbox 1496 4423 2252 4508">
     <span class='ocr_line' id='line_1_82' title="bbox 1496 4423 2252 4508; baseline -0.011 -20"><span class='ocrx_word' id='word_1_576' title='bbox 1496 4433 1772 4508; x_wconf 79' lang='lat' dir='ltr'><strong>(Biblioth.</strong></span> <span class='ocrx_word' id='word_1_577' title='bbox 1795 4469 1798 4472; x_wconf 61' lang='grc' dir='ltr'><strong><em>η</em></strong></span> <span class='ocrx_word' id='word_1_578' title='bbox 1821 4429 1944 4486; x_wconf 83' lang='lat' dir='ltr'><strong>co‘d.</strong></span> <span class='ocrx_word' id='word_1_579' title='bbox 1979 4423 2252 4495; x_wconf 79' lang='lat' dir='ltr'><strong>ccxxxvr.)</strong></span> 
     </span>
    </p>
   </div>
   <div class='ocr_carea' id='block_1_83' title="bbox 311 4520 1800 4618">
    <p class='ocr_par' dir='ltr' id='par_1_83' title="bbox 311 4543 1800 4618">
     <span class='ocr_line' id='line_1_83' title="bbox 311 4543 1800 4618; baseline -0.009 -8"><span class='ocrx_word' id='word_1_580' title='bbox 311 4545 380 4610; x_wconf 77' lang='lat' dir='ltr'><strong>El</strong></span> <span class='ocrx_word' id='word_1_581' title='bbox 406 4554 470 4618; x_wconf 88' lang='grc' dir='ltr'>δ’,</span> <span class='ocrx_word' id='word_1_582' title='bbox 503 4555 582 4608; x_wconf 82' lang='grc' dir='ltr'><strong>ὅτι</strong></span> <span class='ocrx_word' id='word_1_583' title='bbox 614 4554 822 4618; x_wconf 88' lang='grc' dir='ltr'>τούτοις</span> <span class='ocrx_word' id='word_1_584' title='bbox 850 4552 1024 4607; x_wconf 84' lang='grc' dir='ltr'>οὐσίαι</span> <span class='ocrx_word' id='word_1_585' title='bbox 1060 4550 1392 4616; x_wconf 84' lang='grc' dir='ltr'>ὑπόκεινται,</span> <span class='ocrx_word' id='word_1_586' title='bbox 1433 4550 1532 4604; x_wconf 83' lang='grc' dir='ltr'>οῐει</span> <span class='ocrx_word' id='word_1_587' title='bbox 1579 4548 1638 4614; x_wconf 76' lang='grc' dir='ltr'>ἐξ</span> <span class='ocrx_word' id='word_1_588' title='bbox 1669 4543 1800 4617; x_wconf 61' lang='grc' dir='ltr'>(οὐκ)</span> 
     </span>
    </p>
   </div>
   <div class='ocr_carea' id='block_1_84' title="bbox 1911 4520 3477 4618">
    <p class='ocr_par' dir='ltr' id='par_1_84' title="bbox 1990 4520 3477 4607">
     <span class='ocr_line' id='line_1_84' title="bbox 1990 4520 3477 4607; baseline -0.013 -13"><span class='ocrx_word' id='word_1_589' title='bbox 1990 4538 2146 4607; x_wconf 90' lang='lat' dir='ltr'><strong>Quod</strong></span> <span class='ocrx_word' id='word_1_590' title='bbox 2178 4536 2244 4599; x_wconf 89' lang='lat' dir='ltr'><strong>si,</strong></span> <span class='ocrx_word' id='word_1_591' title='bbox 2271 4535 2398 4606; x_wconf 91' lang='lat' dir='ltr'><strong>quia</strong></span> <span class='ocrx_word' id='word_1_592' title='bbox 2431 4533 2516 4588; x_wconf 93' lang='lat' dir='ltr'><strong>his</strong></span> <span class='ocrx_word' id='word_1_593' title='bbox 2571 4531 2890 4588; x_wconf 69' lang='lat' dir='ltr'><strong>substantiae</strong></span> <span class='ocrx_word' id='word_1_594' title='bbox 2919 4527 3175 4597; x_wconf 63' lang='lat' dir='ltr'><strong>subjecta:</strong></span> <span class='ocrx_word' id='word_1_595' title='bbox 3200 4523 3330 4588; x_wconf 85' lang='lat' dir='ltr'><strong>sint,</strong></span> <span class='ocrx_word' id='word_1_596' title='bbox 3361 4520 3477 4576; x_wconf 76' lang='lat' dir='ltr'><strong>exi~</strong></span> 
     </span>
    </p>
   </div>
   <div class='ocr_carea' id='block_1_85' title="bbox 241 4637 1806 4719">
    <p class='ocr_par' dir='ltr' id='par_1_85' title="bbox 241 4637 1806 4719">
     <span class='ocr_line' id='line_1_85' title="bbox 241 4637 1806 4719; baseline -0.006 -19"><span class='ocrx_word' id='word_1_597' title='bbox 241 4647 415 4701; x_wconf 74' lang='grc' dir='ltr'>ὅντων</span> <span class='ocrx_word' id='word_1_598' title='bbox 441 4645 550 4719; x_wconf 74' lang='grc'><strong>(25)</strong></span> <span class='ocrx_word' id='word_1_599' title='bbox 580 4647 747 4710; x_wconf 85' lang='grc' dir='ltr'>αὑτὰς</span> <span class='ocrx_word' id='word_1_600' title='bbox 786 4648 966 4700; x_wconf 71' lang='grc' dir='ltr'>ταῦτα</span> <span class='ocrx_word' id='word_1_601' title='bbox 1014 4645 1185 4697; x_wconf 82' lang='grc' dir='ltr'>ποιεῖν</span> <span class='ocrx_word' id='word_1_602' title='bbox 1207 4683 1221 4707; x_wconf 90' lang='grc'><strong>,</strong></span> <span class='ocrx_word' id='word_1_603' title='bbox 1273 4643 1351 4715; x_wconf 82' lang='grc' dir='ltr'><strong>τῷ</strong></span> <span class='ocrx_word' id='word_1_604' title='bbox 1392 4643 1533 4713; x_wconf 84' lang='grc' dir='ltr'>λόγῳ</span> <span class='ocrx_word' id='word_1_605' title='bbox 1583 4637 1806 4710; x_wconf 82' lang='grc' dir='ltr'><strong>σφάλλῃ.</strong></span> 
     </span>
    </p>
   </div>
   <div class='ocr_carea' id='block_1_86' title="bbox 244 4733 1809 4810">
    <p class='ocr_par' dir='ltr' id='par_1_86' title="bbox 244 4733 1809 4810">
     <span class='ocr_line' id='line_1_86' title="bbox 244 4733 1809 4810; baseline -0.008 -15"><span class='ocrx_word' id='word_1_606' title='bbox 244 4741 384 4796; x_wconf 81' lang='grc' dir='ltr'>Οὐδὲ</span> <span class='ocrx_word' id='word_1_607' title='bbox 414 4739 516 4809; x_wconf 87' lang='grc' dir='ltr'>γὰρ</span> <span class='ocrx_word' id='word_1_608' title='bbox 550 4741 583 4810; x_wconf 89' lang='grc' dir='ltr'><strong>ή</strong></span> <span class='ocrx_word' id='word_1_609' title='bbox 610 4739 763 4793; x_wconf 89' lang='grc' dir='ltr'>οὐσία</span> <span class='ocrx_word' id='word_1_610' title='bbox 795 4741 940 4793; x_wconf 75' lang='grc' dir='ltr'>ἐστὶν</span> <span class='ocrx_word' id='word_1_611' title='bbox 970 4742 1003 4810; x_wconf 82' lang='grc' dir='ltr'>ἡ</span> <span class='ocrx_word' id='word_1_612' title='bbox 1045 4737 1270 4792; x_wconf 78' lang='grc' dir='ltr'>ποιοῦσα</span> <span class='ocrx_word' id='word_1_613' title='bbox 1295 4737 1391 4808; x_wconf 83' lang='grc' dir='ltr'>τὴν</span> <span class='ocrx_word' id='word_1_614' title='bbox 1429 4734 1598 4799; x_wconf 85' lang='grc' dir='ltr'>πόλιν,</span> <span class='ocrx_word' id='word_1_615' title='bbox 1626 4733 1659 4804; x_wconf 80' lang='grc' dir='ltr'>ἢ</span> <span class='ocrx_word' id='word_1_616' title='bbox 1685 4733 1809 4795; x_wconf 87' lang='grc' dir='ltr'>τοὺς</span> 
     </span>
    </p>
   </div>
   <div class='ocr_carea' id='block_1_87' title="bbox 246 4825 1808 4904">
    <p class='ocr_par' dir='ltr' id='par_1_87' title="bbox 246 4825 1808 4904">
     <span class='ocr_line' id='line_1_87' title="bbox 246 4825 1808 4904; baseline -0.008 -15"><span class='ocrx_word' id='word_1_617' title='bbox 246 4833 431 4896; x_wconf 76' lang='grc' dir='ltr'>ναοὺς,</span> <span class='ocrx_word' id='word_1_618' title='bbox 458 4832 568 4886; x_wconf 79' lang='grc' dir='ltr'><strong>ἀλλ’</strong></span> <span class='ocrx_word' id='word_1_619' title='bbox 593 4835 626 4903; x_wconf 86' lang='grc' dir='ltr'>ὴ</span> <span class='ocrx_word' id='word_1_620' title='bbox 667 4833 791 4902; x_wconf 74' lang='grc' dir='ltr'>περὶ</span> <span class='ocrx_word' id='word_1_621' title='bbox 824 4833 922 4904; x_wconf 81' lang='grc' dir='ltr'><strong>τὴν</strong></span> <span class='ocrx_word' id='word_1_622' title='bbox 950 4831 1137 4885; x_wconf 86' lang='grc' dir='ltr'>οὐσίαν</span> <span class='ocrx_word' id='word_1_623' title='bbox 1171 4831 1354 4902; x_wconf 81' lang='grc' dir='ltr'>τέχνη,</span> <span class='ocrx_word' id='word_1_624' title='bbox 1385 4829 1420 4900; x_wconf 80' lang='grc' dir='ltr'>ἢ</span> <span class='ocrx_word' id='word_1_625' title='bbox 1448 4829 1546 4881; x_wconf 83' lang='grc' dir='ltr'><strong>οὐκ</strong></span> <span class='ocrx_word' id='word_1_626' title='bbox 1588 4827 1646 4893; x_wconf 78' lang='grc' dir='ltr'><strong>ἐξ</strong></span> <span class='ocrx_word' id='word_1_627' title='bbox 1675 4825 1808 4878; x_wconf 88' lang='grc' dir='ltr'>ὑπο-</span> 
     </span>
    </p>
   </div>
   <div class='ocr_carea' id='block_1_88' title="bbox 248 4917 1811 4997">
    <p class='ocr_par' dir='ltr' id='par_1_88' title="bbox 248 4917 1811 4997">
     <span class='ocr_line' id='line_1_88' title="bbox 248 4917 1811 4997; baseline -0.008 -16"><span class='ocrx_word' id='word_1_628' title='bbox 248 4925 508 4997; x_wconf 82' lang='grc' dir='ltr'>κειμένης</span> <span class='ocrx_word' id='word_1_629' title='bbox 534 4923 677 4985; x_wconf 83' lang='grc' dir='ltr'>τινὸς</span> <span class='ocrx_word' id='word_1_630' title='bbox 705 4923 898 4994; x_wconf 88' lang='grc' dir='ltr'>τέχνης</span> <span class='ocrx_word' id='word_1_631' title='bbox 931 4925 986 4975; x_wconf 84' lang='grc' dir='ltr'>ὲν</span> <span class='ocrx_word' id='word_1_632' title='bbox 1025 4925 1145 4985; x_wconf 75' lang='grc' dir='ltr'>ταῖς</span> <span class='ocrx_word' id='word_1_633' title='bbox 1176 4921 1384 4984; x_wconf 83' lang='grc' dir='ltr'>οὐσίαις</span> <span class='ocrx_word' id='word_1_634' title='bbox 1419 4919 1624 4986; x_wconf 86' lang='grc' dir='ltr'>γίνεται</span> <span class='ocrx_word' id='word_1_635' title='bbox 1647 4935 1660 4948; x_wconf 80' lang='grc' dir='ltr'><strong>ο</strong></span> <span class='ocrx_word' id='word_1_636' title='bbox 1693 4917 1811 4970; x_wconf 82' lang='grc' dir='ltr'>ἀλλ’</span> 
     </span>
    </p>
   </div>
   <div class='ocr_carea' id='block_1_89' title="bbox 249 5009 1817 5088">
    <p class='ocr_par' dir='ltr' id='par_1_89' title="bbox 249 5009 1817 5088">
     <span class='ocr_line' id='line_1_89' title="bbox 249 5009 1817 5088; baseline -0.006 -17"><span class='ocrx_word' id='word_1_637' title='bbox 249 5017 314 5084; x_wconf 72' lang='grc' dir='ltr'><strong>ἐξ</strong></span> <span class='ocrx_word' id='word_1_638' title='bbox 343 5017 444 5071; x_wconf 88' lang='grc' dir='ltr'><strong>οὐκ</strong></span> <span class='ocrx_word' id='word_1_639' title='bbox 475 5015 638 5088; x_wconf 80' lang='grc' dir='ltr'>οὕσης</span> <span class='ocrx_word' id='word_1_640' title='bbox 667 5017 723 5069; x_wconf 81' lang='grc' dir='ltr'>ὲν</span> <span class='ocrx_word' id='word_1_641' title='bbox 755 5016 943 5080; x_wconf 88' lang='grc' dir='ltr'>αὐταῖς</span> <span class='ocrx_word' id='word_1_642' title='bbox 976 5014 1203 5084; x_wconf 88' lang='grc' dir='ltr'>γίνεται.</span> <span class='ocrx_word' id='word_1_643' title='bbox 1242 5013 1596 5082; x_wconf 79' lang='grc' dir='ltr'>Ἀπαντήσειν</span> <span class='ocrx_word' id='word_1_644' title='bbox 1634 5009 1689 5063; x_wconf 90' lang='grc' dir='ltr'><strong>δέ</strong></span> <span class='ocrx_word' id='word_1_645' title='bbox 1727 5026 1817 5080; x_wconf 90' lang='grc' dir='ltr'><strong>μοι</strong></span> 
     </span>
    </p>
   </div>
   <div class='ocr_carea' id='block_1_90' title="bbox 252 5101 1821 5180">
    <p class='ocr_par' dir='ltr' id='par_1_90' title="bbox 252 5101 1821 5180">
     <span class='ocr_line' id='line_1_90' title="bbox 252 5101 1821 5180; baseline -0.008 -15"><span class='ocrx_word' id='word_1_646' title='bbox 252 5112 430 5173; x_wconf 88' lang='grc' dir='ltr'>δοκεῖς</span> <span class='ocrx_word' id='word_1_647' title='bbox 459 5107 599 5161; x_wconf 87' lang='grc' dir='ltr'>οὕτω</span> <span class='ocrx_word' id='word_1_648' title='bbox 625 5107 701 5179; x_wconf 81' lang='grc' dir='ltr'>τῷ</span> <span class='ocrx_word' id='word_1_649' title='bbox 739 5108 910 5180; x_wconf 73' lang='grc' dir='ltr'>λόγῳο</span> <span class='ocrx_word' id='word_1_650' title='bbox 1001 5107 1084 5160; x_wconf 82' lang='grc' dir='ltr'><strong>ὅτι</strong></span> <span class='ocrx_word' id='word_1_651' title='bbox 1109 5105 1355 5177; x_wconf 82' lang='grc' dir='ltr'>τεχνίτης</span> <span class='ocrx_word' id='word_1_652' title='bbox 1381 5107 1447 5176; x_wconf 81' lang='grc' dir='ltr'>τῇ</span> <span class='ocrx_word' id='word_1_653' title='bbox 1478 5106 1535 5158; x_wconf 84' lang='grc' dir='ltr'><strong>ὲν</strong></span> <span class='ocrx_word' id='word_1_654' title='bbox 1569 5105 1632 5174; x_wconf 82' lang='grc' dir='ltr'>τῇ</span> <span class='ocrx_word' id='word_1_655' title='bbox 1665 5101 1821 5171; x_wconf 83' lang='grc' dir='ltr'>οὐσίᾳ</span> 
     </span>
    </p>
   </div>
   <div class='ocr_carea' id='block_1_91' title="bbox 327 5273 1814 5357">
    <p class='ocr_par' dir='ltr' id='par_1_91' title="bbox 327 5273 1814 5357">
     <span class='ocr_line' id='line_1_91' title="bbox 327 5273 1814 5357; baseline -0.009 -17"><span class='ocrx_word' id='word_1_656' title='bbox 327 5285 438 5357; x_wconf 71' lang='lat'><strong>(2‘2)</strong></span> <span class='ocrx_word' id='word_1_657' title='bbox 468 5285 564 5357; x_wconf 79' lang='grc' dir='ltr'>Ἐκ</span> <span class='ocrx_word' id='word_1_658' title='bbox 593 5283 772 5338; x_wconf 71' lang='grc' dir='ltr'>ναῶν.</span> <span class='ocrx_word' id='word_1_659' title='bbox 810 5282 927 5357; x_wconf 84' lang='lat' dir='ltr'><strong>Huc</strong></span> <span class='ocrx_word' id='word_1_660' title='bbox 962 5297 1160 5357; x_wconf 71' lang='lat' dir='ltr'><strong>usque</strong></span> <span class='ocrx_word' id='word_1_661' title='bbox 1185 5277 1405 5357; x_wconf 68' lang='lat' dir='ltr'><strong>Meursii</strong></span> <span class='ocrx_word' id='word_1_662' title='bbox 1452 5275 1638 5357; x_wconf 73' lang='lat' dir='ltr'><strong>editio.</strong></span> <span class='ocrx_word' id='word_1_663' title='bbox 1661 5273 1814 5357; x_wconf 77' lang='lat' dir='ltr'><strong>_Pho-</strong></span> 
     </span>
    </p>
   </div>
   <div class='ocr_carea' id='block_1_92' title="bbox 250 5346 1811 5425">
    <p class='ocr_par' dir='ltr' id='par_1_92' title="bbox 250 5346 1811 5425">
     <span class='ocr_line' id='line_1_92' title="bbox 250 5346 1811 5425; baseline -0.01 -12"><span class='ocrx_word' id='word_1_664' title='bbox 250 5346 366 5414; x_wconf 42' lang='lat' dir='ltr'><strong>tiu‘s</strong></span> <span class='ocrx_word' id='word_1_665' title='bbox 393 5346 521 5412; x_wconf 82' lang='lat' dir='ltr'><strong>vero</strong></span> <span class='ocrx_word' id='word_1_666' title='bbox 538 5356 572 5409; x_wconf 95' lang='lat' dir='ltr'><strong>l.</strong></span> <span class='ocrx_word' id='word_1_667' title='bbox 593 5371 641 5409; x_wconf 88' lang='lat' dir='ltr'><strong>c.</strong></span> <span class='ocrx_word' id='word_1_668' title='bbox 671 5361 793 5425; x_wconf 90' lang='lat' dir='ltr'><strong>post</strong></span> <span class='ocrx_word' id='word_1_669' title='bbox 819 5355 980 5425; x_wconf 86' lang='lat' dir='ltr'><strong>verba</strong></span> <span class='ocrx_word' id='word_1_670' title='bbox 1013 5346 1111 5406; x_wconf 84' lang='grc' dir='ltr'><strong>οὐκ</strong></span> <span class='ocrx_word' id='word_1_671' title='bbox 1146 5353 1209 5405; x_wconf 81' lang='grc' dir='ltr'>ὲκ</span> <span class='ocrx_word' id='word_1_672' title='bbox 1229 5349 1392 5425; x_wconf 85' lang='grc' dir='ltr'>ναῶν,</span> <span class='ocrx_word' id='word_1_673' title='bbox 1415 5346 1603 5425; x_wconf 74' lang='lat' dir='ltr'><strong>subdit</strong></span> <span class='ocrx_word' id='word_1_674' title='bbox 1629 5352 1811 5425; x_wconf 75' lang='lat' dir='ltr'><strong>statim</strong></span> 
     </span>
    </p>
   </div>
   <div class='ocr_carea' id='block_1_93' title="bbox 297 5415 1810 5498">
    <p class='ocr_par' dir='ltr' id='par_1_93' title="bbox 297 5415 1810 5498">
     <span class='ocr_line' id='line_1_93' title="bbox 297 5415 1810 5498; baseline -0.009 -16"><span class='ocrx_word' id='word_1_675' title='bbox 297 5444 377 5483; x_wconf 71' lang='lat' dir='ltr'><strong>uaa</strong></span> <span class='ocrx_word' id='word_1_676' title='bbox 431 5415 735 5498; x_wconf 76' lang='lat' dir='ltr'><strong>sequuntur</strong></span> <span class='ocrx_word' id='word_1_677' title='bbox 777 5444 790 5498; x_wconf 69' lang='grc' dir='ltr'><strong><em>ς</em></strong></span> <span class='ocrx_word' id='word_1_678' title='bbox 839 5426 901 5478; x_wconf 78' lang='lat' dir='ltr'><strong>Ei</strong></span> <span class='ocrx_word' id='word_1_679' title='bbox 930 5423 974 5477; x_wconf 76' lang='grc' dir='ltr'>δ’</span> <span class='ocrx_word' id='word_1_680' title='bbox 1015 5425 1118 5487; x_wconf 84' lang='grc' dir='ltr'>ὅτι,</span> <span class='ocrx_word' id='word_1_681' title='bbox 1157 5439 1210 5474; x_wconf 88' lang='grc' dir='ltr'>κ.</span> <span class='ocrx_word' id='word_1_682' title='bbox 1241 5421 1370 5498; x_wconf 33' lang='grc' dir='ltr'>τηλ.</span> <span class='ocrx_word' id='word_1_683' title='bbox 1407 5419 1538 5498; x_wconf 47' lang='lat' dir='ltr'><strong>Qua;</strong></span> <span class='ocrx_word' id='word_1_684' title='bbox 1592 5415 1810 5498; x_wconf 72' lang='lat' dir='ltr'><strong>quidem</strong></span> 
     </span>
    </p>
   </div>
   <div class='ocr_carea' id='block_1_94' title="bbox 252 5447 1812 5559">
    <p class='ocr_par' dir='ltr' id='par_1_94' title="bbox 252 5447 1812 5559">
     <span class='ocr_line' id='line_1_94' title="bbox 297 5447 1810 5498; baseline -0.009 -16"><span class='ocrx_word' id='word_1_685' title='bbox 297 5447 377 5483; x_wconf 62' lang='lat'><strong>“33</strong></span> <span class='ocrx_word' id='word_1_686' title='bbox 431 5447 735 5498; x_wconf 80' lang='lat' dir='ltr'><strong>sequuntur</strong></span> <span class='ocrx_word' id='word_1_687' title='bbox 777 5447 790 5481; x_wconf 75' lang='grc' dir='ltr'><strong>ἶ</strong></span> <span class='ocrx_word' id='word_1_688' title='bbox 841 5447 901 5478; x_wconf 69' lang='grc' dir='ltr'>ιι</span> <span class='ocrx_word' id='word_1_689' title='bbox 930 5447 958 5477; x_wconf 86' lang='grc' dir='ltr'><strong>ο</strong></span> <span class='ocrx_word' id='word_1_690' title='bbox 1015 5447 1118 5487; x_wconf 84' lang='grc' dir='ltr'>οτι,</span> <span class='ocrx_word' id='word_1_691' title='bbox 1157 5447 1210 5474; x_wconf 77' lang='grc' dir='ltr'>κ.</span> <span class='ocrx_word' id='word_1_692' title='bbox 1241 5447 1291 5474; x_wconf 83' lang='grc' dir='ltr'>τ.</span> <span class='ocrx_word' id='word_1_693' title='bbox 1324 5447 1370 5473; x_wconf 84' lang='grc' dir='ltr'><strong>Λ.</strong></span> <span class='ocrx_word' id='word_1_694' title='bbox 1407 5447 1538 5484; x_wconf 58' lang='grc' dir='ltr'><strong>κυῶ</strong></span> <span class='ocrx_word' id='word_1_695' title='bbox 1592 5447 1810 5484; x_wconf 72' lang='lat' dir='ltr'><strong>qulucul</strong></span> 
     </span>
     <span class='ocr_line' id='line_1_95' title="bbox 252 5447 1812 5559; baseline -0.012 -4"><span class='ocrx_word' id='word_1_696' title='bbox 252 5447 609 5555; x_wconf 63' lang='lat' dir='ltr'><strong>ﬂectissimus</strong></span> <span class='ocrx_word' id='word_1_697' title='bbox 639 5496 880 5556; x_wconf 87' lang='lat' dir='ltr'><strong>Lamius,</strong></span> <span class='ocrx_word' id='word_1_698' title='bbox 912 5508 1019 5548; x_wconf 92' lang='lat' dir='ltr'><strong>una</strong></span> <span class='ocrx_word' id='word_1_699' title='bbox 1048 5508 1170 5548; x_wconf 93' lang='lat' dir='ltr'><strong>cum</strong></span> <span class='ocrx_word' id='word_1_700' title='bbox 1205 5491 1365 5545; x_wconf 90' lang='lat' dir='ltr'><strong>tertio</strong></span> <span class='ocrx_word' id='word_1_701' title='bbox 1395 5487 1574 5559; x_wconf 90' lang='lat' dir='ltr'><strong>operis</strong></span> <span class='ocrx_word' id='word_1_702' title='bbox 1604 5486 1812 5559; x_wconf 78' lang='lat' dir='ltr'><strong>Metho-</strong></span> 
     </span>
    </p>
   </div>
   <div class='ocr_carea' id='block_1_95' title="bbox 252 5557 1811 5637">
    <p class='ocr_par' dir='ltr' id='par_1_95' title="bbox 252 5557 1811 5637">
     <span class='ocr_line' id='line_1_96' title="bbox 252 5557 1811 5637; baseline -0.012 -13"><span class='ocrx_word' id='word_1_703' title='bbox 252 5570 401 5624; x_wconf 92' lang='lat' dir='ltr'><strong>diani</strong></span> <span class='ocrx_word' id='word_1_704' title='bbox 425 5578 679 5637; x_wconf 80' lang='lat' dir='ltr'><strong>excerpto</strong></span> <span class='ocrx_word' id='word_1_705' title='bbox 708 5583 774 5621; x_wconf 83' lang='lat' dir='ltr'><strong>ex</strong></span> <span class='ocrx_word' id='word_1_706' title='bbox 799 5564 984 5620; x_wconf 89' lang='lat' dir='ltr'><strong>codice</strong></span> <span class='ocrx_word' id='word_1_707' title='bbox 1011 5561 1283 5637; x_wconf 75' lang='lat' dir='ltr'><strong>Sirmondj</strong></span> <span class='ocrx_word' id='word_1_708' title='bbox 1309 5557 1606 5637; x_wconf 76' lang='lat' dir='ltr'><strong>descripto,</strong></span> <span class='ocrx_word' id='word_1_709' title='bbox 1628 5557 1811 5637; x_wconf 59' lang='lat' dir='ltr'><strong>hausit</strong></span> 
     </span>
    </p>
   </div>
   <div class='ocr_carea' id='block_1_96' title="bbox 251 5623 1815 5702">
    <p class='ocr_par' dir='ltr' id='par_1_96' title="bbox 251 5623 1815 5702">
     <span class='ocr_line' id='line_1_97' title="bbox 251 5623 1815 5702; baseline -0.01 -8"><span class='ocrx_word' id='word_1_710' title='bbox 251 5623 320 5694; x_wconf 82' lang='lat' dir='ltr'><strong>ex</strong></span> <span class='ocrx_word' id='word_1_711' title='bbox 349 5623 494 5694; x_wconf 91' lang='lat' dir='ltr'><strong>edito</strong></span> <span class='ocrx_word' id='word_1_712' title='bbox 523 5623 946 5697; x_wconf 58' lang='lat' dir='ltr'><strong>Co&#39;mbetisiano,</strong></span> <span class='ocrx_word' id='word_1_713' title='bbox 977 5641 1030 5689; x_wconf 91' lang='lat' dir='ltr'><strong>et</strong></span> <span class='ocrx_word' id='word_1_714' title='bbox 1058 5635 1111 5688; x_wconf 92' lang='lat' dir='ltr'><strong>in</strong></span> <span class='ocrx_word' id='word_1_715' title='bbox 1145 5631 1452 5702; x_wconf 71' lang='lat' dir='ltr'><strong>praefatione</strong></span> <span class='ocrx_word' id='word_1_716' title='bbox 1480 5623 1544 5682; x_wconf 78' lang='lat' dir='ltr'><strong>ad</strong></span> <span class='ocrx_word' id='word_1_717' title='bbox 1567 5623 1815 5702; x_wconf 76' lang='lat' dir='ltr'><strong>v_ol._Vlll</strong></span> 
     </span>
    </p>
   </div>
   <div class='ocr_carea' id='block_1_97' title="bbox 254 5699 1813 5778">
    <p class='ocr_par' dir='ltr' id='par_1_97' title="bbox 254 5699 1813 5778">
     <span class='ocr_line' id='line_1_98' title="bbox 254 5699 1813 5778; baseline -0.009 -15"><span class='ocrx_word' id='word_1_718' title='bbox 254 5726 479 5778; x_wconf 86' lang='lat' dir='ltr'><strong>operum</strong></span> <span class='ocrx_word' id='word_1_719' title='bbox 526 5709 746 5766; x_wconf 85' lang='lat' dir='ltr'><strong>Meursii</strong></span> <span class='ocrx_word' id='word_1_720' title='bbox 787 5705 1029 5778; x_wconf 78' lang='lat' dir='ltr'><strong>exhibuit</strong></span> <span class='ocrx_word' id='word_1_721' title='bbox 1047 5744 1079 5778; x_wconf 24' lang='grc' dir='ltr'>,Δ</span> <span class='ocrx_word' id='word_1_722' title='bbox 1101 5699 1225 5773; x_wconf 81' lang='lat' dir='ltr'><strong>pag.</strong></span> <span class='ocrx_word' id='word_1_723' title='bbox 1262 5718 1388 5778; x_wconf 61' lang='lat' dir='ltr'><strong>v-it,</strong></span> <span class='ocrx_word' id='word_1_724' title='bbox 1419 5714 1526 5770; x_wconf 89' lang='lat' dir='ltr'><strong>quo</strong></span> <span class='ocrx_word' id='word_1_725' title='bbox 1555 5699 1813 5778; x_wconf 71' lang='lat' dir='ltr'><strong>nimirum</strong></span> 
     </span>
    </p>
   </div>
   <div class='ocr_carea' id='block_1_98' title="bbox 256 5770 1810 5904">
    <p class='ocr_par' dir='ltr' id='par_1_98' title="bbox 256 5770 1810 5904">
     <span class='ocr_line' id='line_1_99' title="bbox 256 5770 1810 5904; baseline -0.005 -72"><span class='ocrx_word' id='word_1_726' title='bbox 256 5770 326 5904; x_wconf 48' lang='lat' dir='ltr'><strong>ab</strong></span> <span class='ocrx_word' id='word_1_727' title='bbox 357 5781 544 5838; x_wconf 88' lang='lat' dir='ltr'><strong>eodem</strong></span> <span class='ocrx_word' id='word_1_728' title='bbox 581 5780 814 5837; x_wconf 84' lang='lat' dir='ltr'><strong>Meursio</strong></span> <span class='ocrx_word' id='word_1_729' title='bbox 850 5770 1198 5834; x_wconf 61' lang='lat' dir='ltr'><strong>Mcthodidué</strong></span> <span class='ocrx_word' id='word_1_730' title='bbox 1219 5773 1467 5844; x_wconf 76' lang='lat' dir='ltr'><strong>evulgata</strong></span> <span class='ocrx_word' id='word_1_731' title='bbox 1495 5770 1810 5842; x_wconf 84' lang='lat' dir='ltr'><strong>compleret.</strong></span> 
     </span>
     <span class='ocr_line' id='line_1_100' title="bbox 310 5865 420 5904; baseline 0.009 -1"><span class='ocrx_word' id='word_1_732' title='bbox 310 5865 420 5904; x_wconf 63' lang='lat' dir='ltr'><strong>ALL.</strong></span> 
     </span>
    </p>
   </div>
   <div class='ocr_carea' id='block_1_99' title="bbox 310 5865 420 5906">
    <p class='ocr_par' dir='ltr' id='par_1_99' title="bbox 310 5865 420 5906">
     <span class='ocr_line' id='line_1_101' title="bbox 310 5865 420 5906; baseline 0.027 -3"><span class='ocrx_word' id='word_1_733' title='bbox 310 5865 420 5906; x_wconf 60' lang='grc' dir='ltr'>λιι..</span> 
     </span>
    </p>
   </div>
   <div class='ocr_carea' id='block_1_100' title="bbox 1917 4611 3478 4699">
    <p class='ocr_par' dir='ltr' id='par_1_100' title="bbox 1917 4611 3478 4699">
     <span class='ocr_line' id='line_1_102' title="bbox 1917 4611 3478 4699; baseline -0.014 -9"><span class='ocrx_word' id='word_1_734' title='bbox 1917 4633 2110 4690; x_wconf 89' lang='lat' dir='ltr'><strong>stimas</strong></span> <span class='ocrx_word' id='word_1_735' title='bbox 2146 4629 2287 4699; x_wconf 88' lang='lat' dir='ltr'><strong>(eos)</strong></span> <span class='ocrx_word' id='word_1_736' title='bbox 2316 4643 2426 4682; x_wconf 92' lang='lat' dir='ltr'><strong>non</strong></span> <span class='ocrx_word' id='word_1_737' title='bbox 2479 4625 2593 4679; x_wconf 83' lang='lat' dir='ltr'><strong>haec</strong></span> <span class='ocrx_word' id='word_1_738' title='bbox 2627 4623 2913 4678; x_wconf 79' lang='lat' dir='ltr'><strong>facere&#39;ex</strong></span> <span class='ocrx_word' id='word_1_739' title='bbox 2945 4619 3136 4679; x_wconf 89' lang='lat' dir='ltr'><strong>nihilo.</strong></span> <span class='ocrx_word' id='word_1_740' title='bbox 3173 4616 3338 4670; x_wconf 81' lang='lat' dir='ltr'><strong>verbo</strong></span> <span class='ocrx_word' id='word_1_741' title='bbox 3377 4611 3478 4668; x_wconf 84' lang='lat' dir='ltr'><strong>fal-</strong></span> 
     </span>
    </p>
   </div>
   <div class='ocr_carea' id='block_1_101' title="bbox 1914 4709 3479 4792">
    <p class='ocr_par' dir='ltr' id='par_1_101' title="bbox 1914 4709 3479 4792">
     <span class='ocr_line' id='line_1_103' title="bbox 1914 4709 3479 4792; baseline -0.014 -12"><span class='ocrx_word' id='word_1_742' title='bbox 1914 4725 2066 4780; x_wconf 88' lang='lat' dir='ltr'><strong>leris.</strong></span> <span class='ocrx_word' id='word_1_743' title='bbox 2093 4721 2276 4792; x_wconf 83' lang='lat' dir='ltr'><strong>Neque</strong></span> <span class='ocrx_word' id='word_1_744' title='bbox 2307 4719 2451 4775; x_wconf 89' lang='lat' dir='ltr'><strong>enim</strong></span> <span class='ocrx_word' id='word_1_745' title='bbox 2499 4714 2801 4771; x_wconf 86' lang='lat' dir='ltr'><strong>substantia</strong></span> <span class='ocrx_word' id='word_1_746' title='bbox 2851 4711 3036 4766; x_wconf 90' lang='lat' dir='ltr'><strong>condit</strong></span> <span class='ocrx_word' id='word_1_747' title='bbox 3085 4709 3355 4763; x_wconf 81' lang='lat' dir='ltr'><strong>civitatem</strong></span> <span class='ocrx_word' id='word_1_748' title='bbox 3384 4711 3479 4759; x_wconf 85' lang='lat' dir='ltr'><strong>aut</strong></span> 
     </span>
    </p>
   </div>
   <div class='ocr_carea' id='block_1_102' title="bbox 1914 4798 3474 4887">
    <p class='ocr_par' dir='ltr' id='par_1_102' title="bbox 1914 4798 3474 4887">
     <span class='ocr_line' id='line_1_104' title="bbox 1914 4798 3474 4887; baseline -0.013 -15"><span class='ocrx_word' id='word_1_749' title='bbox 1914 4817 2133 4887; x_wconf 86' lang='lat' dir='ltr'><strong>templa,</strong></span> <span class='ocrx_word' id='word_1_750' title='bbox 2173 4813 2286 4869; x_wconf 53' lang='lat' dir='ltr'><strong>sed&#39;</strong></span> <span class='ocrx_word' id='word_1_751' title='bbox 2323 4827 2412 4866; x_wconf 88' lang='lat' dir='ltr'><strong>ars</strong></span> <span class='ocrx_word' id='word_1_752' title='bbox 2452 4814 2571 4879; x_wconf 65' lang='lat' dir='ltr'><strong>quae</strong></span> <span class='ocrx_word' id='word_1_753' title='bbox 2596 4813 2847 4862; x_wconf 87' lang='lat' dir='ltr'><strong>versatur</strong></span> <span class='ocrx_word' id='word_1_754' title='bbox 2878 4805 3024 4859; x_wconf 89' lang='lat' dir='ltr'><strong>circa</strong></span> <span class='ocrx_word' id='word_1_755' title='bbox 3069 4798 3428 4857; x_wconf 86' lang='lat' dir='ltr'><strong>substantiam</strong></span> <span class='ocrx_word' id='word_1_756' title='bbox 3461 4815 3474 4853; x_wconf 90' lang='lat'><strong>:</strong></span> 
     </span>
    </p>
   </div>
   <div class='ocr_carea' id='block_1_103' title="bbox 1909 4887 3478 4978">
    <p class='ocr_par' dir='ltr' id='par_1_103' title="bbox 1909 4887 3478 4978">
     <span class='ocr_line' id='line_1_105' title="bbox 1909 4887 3478 4978; baseline -0.013 -16"><span class='ocrx_word' id='word_1_757' title='bbox 1909 4921 2100 4978; x_wconf 87' lang='lat' dir='ltr'><strong>eaque,</strong></span> <span class='ocrx_word' id='word_1_758' title='bbox 2136 4919 2243 4959; x_wconf 91' lang='lat' dir='ltr'><strong>non</strong></span> <span class='ocrx_word' id='word_1_759' title='bbox 2275 4919 2342 4958; x_wconf 84' lang='lat' dir='ltr'><strong>ex</strong></span> <span class='ocrx_word' id='word_1_760' title='bbox 2365 4901 2608 4970; x_wconf 85' lang='lat' dir='ltr'><strong>subjecta</strong></span> <span class='ocrx_word' id='word_1_761' title='bbox 2654 4897 2835 4967; x_wconf 83' lang='lat' dir='ltr'><strong>aliqua</strong></span> <span class='ocrx_word' id='word_1_762' title='bbox 2867 4902 2982 4948; x_wconf 87' lang='lat' dir='ltr'><strong>arte</strong></span> <span class='ocrx_word' id='word_1_763' title='bbox 3018 4907 3139 4962; x_wconf 65' lang='lat' dir='ltr'><strong>quae</strong></span> <span class='ocrx_word' id='word_1_764' title='bbox 3161 4891 3232 4947; x_wconf 90' lang='lat' dir='ltr'><strong>sit</strong></span> <span class='ocrx_word' id='word_1_765' title='bbox 3263 4889 3319 4944; x_wconf 92' lang='lat' dir='ltr'><strong>in</strong></span> <span class='ocrx_word' id='word_1_766' title='bbox 3343 4887 3478 4944; x_wconf 90' lang='lat' dir='ltr'><strong>sub-</strong></span> 
     </span>
    </p>
   </div>
   <div class='ocr_carea' id='block_1_104' title="bbox 1913 4981 3482 5064">
    <p class='ocr_par' dir='ltr' id='par_1_104' title="bbox 1913 4981 3482 5064">
     <span class='ocr_line' id='line_1_106' title="bbox 1913 4981 3482 5064; baseline -0.015 -7"><span class='ocrx_word' id='word_1_767' title='bbox 1913 5000 2164 5064; x_wconf 86' lang='lat' dir='ltr'><strong>stantiis,</strong></span> <span class='ocrx_word' id='word_1_768' title='bbox 2201 4997 2293 5053; x_wconf 88' lang='lat' dir='ltr'><strong>sed</strong></span> <span class='ocrx_word' id='word_1_769' title='bbox 2317 5011 2380 5050; x_wconf 83' lang='lat' dir='ltr'><strong>ex</strong></span> <span class='ocrx_word' id='word_1_770' title='bbox 2415 5010 2523 5048; x_wconf 91' lang='lat' dir='ltr'><strong>non</strong></span> <span class='ocrx_word' id='word_1_771' title='bbox 2555 5000 2669 5047; x_wconf 91' lang='lat' dir='ltr'><strong>arte</strong></span> <span class='ocrx_word' id='word_1_772' title='bbox 2691 4991 2745 5045; x_wconf 91' lang='lat' dir='ltr'><strong>in</strong></span> <span class='ocrx_word' id='word_1_773' title='bbox 2790 4990 2917 5054; x_wconf 91' lang='lat' dir='ltr'><strong>illis,</strong></span> <span class='ocrx_word' id='word_1_774' title='bbox 2949 4995 3283 5058; x_wconf 89' lang='lat' dir='ltr'><strong>procreatur.</strong></span> <span class='ocrx_word' id='word_1_775' title='bbox 3317 4981 3482 5036; x_wconf 74' lang='lat' dir='ltr'><strong>Vide-</strong></span> 
     </span>
    </p>
   </div>
   <div class='ocr_carea' id='block_1_105' title="bbox 1915 5076 3480 5155">
    <p class='ocr_par' dir='ltr' id='par_1_105' title="bbox 1915 5076 3480 5155">
     <span class='ocr_line' id='line_1_107' title="bbox 1915 5076 3480 5155; baseline -0.013 -6"><span class='ocrx_word' id='word_1_776' title='bbox 1915 5094 1994 5149; x_wconf 90' lang='lat' dir='ltr'><strong>ris</strong></span> <span class='ocrx_word' id='word_1_777' title='bbox 2028 5100 2203 5145; x_wconf 88' lang='lat' dir='ltr'><strong>tamen</strong></span> <span class='ocrx_word' id='word_1_778' title='bbox 2232 5089 2307 5142; x_wconf 89' lang='lat' dir='ltr'><strong>ita</strong></span> <span class='ocrx_word' id='word_1_779' title='bbox 2345 5085 2540 5140; x_wconf 85' lang='lat' dir='ltr'><strong>rationi</strong></span> <span class='ocrx_word' id='word_1_780' title='bbox 2589 5098 2749 5155; x_wconf 88' lang='lat' dir='ltr'><strong>posse</strong></span> <span class='ocrx_word' id='word_1_781' title='bbox 2794 5095 3080 5137; x_wconf 90' lang='lat' dir='ltr'><strong>occurrere</strong></span> <span class='ocrx_word' id='word_1_782' title='bbox 3107 5087 3197 5134; x_wconf 90' lang='lat' dir='ltr'><strong>:ut</strong></span> <span class='ocrx_word' id='word_1_783' title='bbox 3224 5076 3480 5132; x_wconf 87' lang='lat' dir='ltr'><strong>nimirum</strong></span> 
     </span>
    </p>
   </div>
   <div class='ocr_carea' id='block_1_106' title="bbox 1991 5256 3482 5338">
    <p class='ocr_par' dir='ltr' id='par_1_106' title="bbox 1991 5256 3482 5338">
     <span class='ocr_line' id='line_1_108' title="bbox 1991 5256 3482 5338; baseline -0.008 -21"><span class='ocrx_word' id='word_1_784' title='bbox 1991 5266 2103 5338; x_wconf 74' lang='lat'><strong>(25)</strong></span> <span class='ocrx_word' id='word_1_785' title='bbox 2137 5259 2415 5338; x_wconf 47' lang='lat' dir='ltr'><strong>TE£_(01’}2_¢)</strong></span> <span class='ocrx_word' id='word_1_786' title='bbox 2443 5259 2650 5338; x_wconf 61' lang='grc' dir='ltr'>ὄντων.</span> <span class='ocrx_word' id='word_1_787' title='bbox 2683 5257 2859 5338; x_wconf 71' lang='lat' dir='ltr'><strong>Deest</strong></span> <span class='ocrx_word' id='word_1_788' title='bbox 2883 5256 2956 5338; x_wconf 73' lang='grc' dir='ltr'><strong>μη</strong></span> <span class='ocrx_word' id='word_1_789' title='bbox 2977 5296 2990 5321; x_wconf 86' lang='grc'><strong>,</strong></span> <span class='ocrx_word' id='word_1_790' title='bbox 3029 5263 3125 5338; x_wconf 75' lang='lat' dir='ltr'><strong>aut</strong></span> <span class='ocrx_word' id='word_1_791' title='bbox 3153 5263 3482 5338; x_wconf 44' lang='lat' dir='ltr'><strong>superuaca-</strong></span> 
     </span>
    </p>
   </div>
   <div class='ocr_carea' id='block_1_107' title="bbox 1917 5317 3476 5396">
    <p class='ocr_par' dir='ltr' id='par_1_107' title="bbox 1917 5317 3476 5396">
     <span class='ocr_line' id='line_1_109' title="bbox 1917 5317 3476 5396; baseline -0.017 -1"><span class='ocrx_word' id='word_1_792' title='bbox 1917 5317 2170 5394; x_wconf 55' lang='lat' dir='ltr'><strong>neu—ni’cb</strong></span> <span class='ocrx_word' id='word_1_793' title='bbox 2197 5317 2313 5388; x_wconf 67' lang='grc' dir='ltr'>οὐκ.</span> <span class='ocrx_word' id='word_1_794' title='bbox 2361 5317 2551 5386; x_wconf 72' lang='lat' dir='ltr'><strong>Statim</strong></span> <span class='ocrx_word' id='word_1_795' title='bbox 2590 5345 2720 5385; x_wconf 87' lang='lat' dir='ltr'><strong>vero</strong></span> <span class='ocrx_word' id='word_1_796' title='bbox 2760 5317 2900 5382; x_wconf 78' lang='lat' dir='ltr'><strong>forte</strong></span> <span class='ocrx_word' id='word_1_797' title='bbox 2940 5317 3235 5396; x_wconf 72' lang='lat' dir='ltr'><strong>legendum</strong></span> <span class='ocrx_word' id='word_1_798' title='bbox 3252 5317 3476 5396; x_wconf 76' lang='grc' dir='ltr'>αὐτούς,</span> 
     </span>
    </p>
   </div>
   <div class='ocr_carea' id='block_1_108' title="bbox 1918 5391 3477 5466">
    <p class='ocr_par' dir='ltr' id='par_1_108' title="bbox 1918 5391 3477 5466">
     <span class='ocr_line' id='line_1_110' title="bbox 1918 5391 3477 5466; baseline -0.017 0"><span class='ocrx_word' id='word_1_799' title='bbox 1918 5391 1982 5466; x_wconf 72' lang='lat' dir='ltr'><strong>iii</strong></span> <span class='ocrx_word' id='word_1_800' title='bbox 1999 5391 2275 5463; x_wconf 65' lang='lat' dir='ltr'><strong>referatur</strong></span> <span class='ocrx_word' id='word_1_801' title='bbox 2318 5405 2385 5458; x_wconf 89' lang='lat' dir='ltr'><strong>ad</strong></span> <span class='ocrx_word' id='word_1_802' title='bbox 2437 5402 2784 5465; x_wconf 76' lang='lat' dir='ltr'><strong>architectos,</strong></span> <span class='ocrx_word' id='word_1_803' title='bbox 2836 5398 2904 5453; x_wconf 89' lang='lat' dir='ltr'><strong>de</strong></span> <span class='ocrx_word' id='word_1_804' title='bbox 2947 5391 3147 5466; x_wconf 72' lang='lat' dir='ltr'><strong>quibus</strong></span> <span class='ocrx_word' id='word_1_805' title='bbox 3179 5391 3339 5460; x_wconf 87' lang='lat' dir='ltr'><strong>paulo</strong></span> <span class='ocrx_word' id='word_1_806' title='bbox 3379 5403 3477 5442; x_wconf 84' lang='lat' dir='ltr'><strong>su-</strong></span> 
     </span>
    </p>
   </div>
   <div class='ocr_carea' id='block_1_109' title="bbox 1957 5493 2123 5535">
    <p class='ocr_par' dir='ltr' id='par_1_109' title="bbox 1957 5493 2123 5535">
     <span class='ocr_line' id='line_1_111' title="bbox 1957 5493 2123 5535; baseline -0.03 0"><span class='ocrx_word' id='word_1_807' title='bbox 1957 5493 2123 5535; x_wconf 73' lang='lat' dir='ltr'><strong>CI‘IIIS.</strong></span> 
     </span>
    </p>
   </div>
   <div class='ocr_carea' id='block_1_110' title="bbox 1918 5499 3482 5621">
    <p class='ocr_par' dir='ltr' id='par_1_110' title="bbox 1918 5499 3482 5621">
     <span class='ocr_line' id='line_1_112' title="bbox 1918 5499 3482 5621; baseline -0.015 -17"><span class='ocrx_word' id='word_1_808' title='bbox 1918 5499 2123 5621; x_wconf 41' lang='lat'><strong>“($8.</strong></span> <span class='ocrx_word' id='word_1_809' title='bbox 2138 5544 2333 5621; x_wconf 68' lang='lat' dir='ltr'><strong>Locum</strong></span> <span class='ocrx_word' id='word_1_810' title='bbox 2353 5545 2612 5621; x_wconf 71' lang='lat' dir='ltr'><strong>dicamus.</strong></span> <span class='ocrx_word' id='word_1_811' title='bbox 2647 5540 2822 5594; x_wconf 87' lang='grc' dir='ltr'>Τόπον</span> <span class='ocrx_word' id='word_1_812' title='bbox 2843 5529 3299 5621; x_wconf 37' lang='grc' dir='ltr'><strong>εἷναι-..Ριξοιίιτιῐιῇ</strong></span> <span class='ocrx_word' id='word_1_813' title='bbox 3318 5543 3482 5621; x_wconf 64' lang='lat' dir='ltr'><strong>meo:</strong></span> 
     </span>
    </p>
   </div>
   <div class='ocr_carea' id='block_1_111' title="bbox 1918 5598 3478 5684">
    <p class='ocr_par' dir='ltr' id='par_1_111' title="bbox 1918 5598 3478 5684">
     <span class='ocr_line' id='line_1_113' title="bbox 1918 5598 3478 5684; baseline -0.017 -7"><span class='ocrx_word' id='word_1_814' title='bbox 1918 5598 2295 5684; x_wconf 52' lang='grc' dir='ltr'>ἁοέείαῆιον,</span> <span class='ocrx_word' id='word_1_815' title='bbox 2339 5625 2448 5670; x_wconf 85' lang='lat' dir='ltr'><strong>tota</strong></span> <span class='ocrx_word' id='word_1_816' title='bbox 2475 5615 2618 5669; x_wconf 90' lang='lat' dir='ltr'><strong>enim</strong></span> <span class='ocrx_word' id='word_1_817' title='bbox 2654 5605 3050 5684; x_wconf 64' lang='lat' dir='ltr'><strong>argumentatio</strong></span> <span class='ocrx_word' id='word_1_818' title='bbox 3082 5598 3417 5684; x_wconf 51' lang='lat' dir='ltr'><strong>inloeoest,</strong></span> <span class='ocrx_word' id='word_1_819' title='bbox 3447 5613 3478 5651; x_wconf 84' lang='lat' dir='ltr'><strong>a</strong></span> 
     </span>
    </p>
   </div>
   <div class='ocr_carea' id='block_1_112' title="bbox 1921 5674 3483 5763">
    <p class='ocr_par' dir='ltr' id='par_1_112' title="bbox 1921 5674 3483 5763">
     <span class='ocr_line' id='line_1_114' title="bbox 1921 5674 3483 5763; baseline -0.017 -15"><span class='ocrx_word' id='word_1_820' title='bbox 1921 5674 2028 5763; x_wconf 79' lang='lat' dir='ltr'><strong>quo</strong></span> <span class='ocrx_word' id='word_1_821' title='bbox 2044 5674 2220 5760; x_wconf 77' lang='lat' dir='ltr'><strong>arguit</strong></span> <span class='ocrx_word' id='word_1_822' title='bbox 2324 5701 2542 5763; x_wconf 81' lang='lat' dir='ltr'><strong>causam</strong></span> <span class='ocrx_word' id='word_1_823' title='bbox 2558 5701 2573 5749; x_wconf 91' lang='lat'><strong>;</strong></span> <span class='ocrx_word' id='word_1_824' title='bbox 2592 5674 2891 5763; x_wconf 76' lang='lat' dir='ltr'><strong>utquorum</strong></span> <span class='ocrx_word' id='word_1_825' title='bbox 2911 5676 3050 5763; x_wconf 75' lang='lat' dir='ltr'><strong>Deus</strong></span> <span class='ocrx_word' id='word_1_826' title='bbox 3071 5674 3338 5763; x_wconf 48' lang='lat' dir='ltr'><strong>ueqtti‘et&#39;il</strong></span> <span class='ocrx_word' id='word_1_827' title='bbox 3360 5684 3483 5763; x_wconf 52' lang='lat' dir='ltr'><strong>esse</strong></span> 
     </span>
    </p>
   </div>
   <div class='ocr_carea' id='block_1_113' title="bbox 1921 5736 3482 5826">
    <p class='ocr_par' dir='ltr' id='par_1_113' title="bbox 1921 5736 3482 5826">
     <span class='ocr_line' id='line_1_115' title="bbox 1921 5736 3482 5826; baseline -0.019 -7"><span class='ocrx_word' id='word_1_828' title='bbox 1921 5736 2604 5826; x_wconf 53' lang='lat' dir='ltr'><strong>ZSJSE,°.iEc&quot;&amp;e&#39;iiéiaies§e</strong></span> <span class='ocrx_word' id='word_1_829' title='bbox 2634 5736 2786 5806; x_wconf 63' lang='lat' dir='ltr'><strong>lo&#39;cus</strong></span> <span class='ocrx_word' id='word_1_830' title='bbox 2809 5757 2861 5804; x_wconf 87' lang='lat' dir='ltr'><strong>et</strong></span> <span class='ocrx_word' id='word_1_831' title='bbox 2892 5736 3360 5809; x_wconf 83' lang='lat' dir='ltr'><strong>conceptaculum,</strong></span> <span class='ocrx_word' id='word_1_832' title='bbox 3397 5739 3482 5790; x_wconf 71' lang='grc' dir='ltr'>δοι</span> 
     </span>
    </p>
   </div>
   <div class='ocr_carea' id='block_1_114' title="bbox 1923 5825 2671 5904">
    <p class='ocr_par' dir='ltr' id='par_1_114' title="bbox 1923 5825 2671 5904">
     <span class='ocr_line' id='line_1_116' title="bbox 1923 5825 2671 5904; baseline -0.015 -17"><span class='ocrx_word' id='word_1_833' title='bbox 1923 5851 2076 5904; x_wconf 45' lang='grc' dir='ltr'>γτιην,</span> <span class='ocrx_word' id='word_1_834' title='bbox 2096 5825 2099 5826; x_wconf 44' lang='grc'><strong><em>⁷</em></strong></span> <span class='ocrx_word' id='word_1_835' title='bbox 2117 5839 2174 5887; x_wconf 93' lang='lat' dir='ltr'><strong>ut</strong></span> <span class='ocrx_word' id='word_1_836' title='bbox 2197 5830 2377 5886; x_wconf 81' lang='lat' dir='ltr'><strong>statim</strong></span> <span class='ocrx_word' id='word_1_837' title='bbox 2399 5825 2671 5883; x_wconf 87' lang='lat' dir='ltr'><strong>subditur.</strong></span> 
     </span>
    </p>
   </div>
  </div>
