3962 6278
655 294 765 352 255

1635 303 1690 358 S.
1724 302 2056 361 METRODII
2094 305 2401 363 EPlSCOPl
2439 305 2527 361 ET
2566 306 2920 364 MARTYRIS

3827 313 3946 369 εδδ

655 409 919 466 artificem
970 422 1086 471 arte
1139 431 1308 486 quam
1368 418 1426 472 in
1471 421 1773 477 substantia
1807 425 2022 488 habeat,
2055 425 2174 479 dica

2307 425 2468 498 τέχνῃ
2498 429 2658 479 ποιεῖ.
2701 427 2844 498 Φημὶ
2901 426 2957 478 δὲ
3004 427 3137 500 πρὸς
3191 426 3382 493 τοῦτο,
3415 429 3499 484 δτι
3539 429 3678 483 οὑδὲ
3730 431 3803 483 ἐν
3859 434 3943 503 τῷ

653 502 870 571 operari
901 500 1031 574 (25).
1065 503 1147 560 Ad
1174 506 1276 562 hoc
1307 512 1604 579 respondeo
1632 511 1846 585 :Neque
1874 515 2078 570 homini
2113 517 2210 572 ad-

655 595 807 649 nasci
837 606 1004 650 artem
1031 612 1097 652 ex
1147 599 1396 669 subjecta
1444 613 1588 675 arte;
1624 620 1748 660 nam
1776 624 1953 678 neque
1985 611 2212 666 concedi

651 694 846 755 potest,
881 687 1052 758 ipsam
1075 690 1130 745 in
1165 708 1225 748 se
1273 695 1652 760 substantiam,
1701 708 1874 756 artem
1913 718 2054 759 esse.
2103 705 2209 759 Ars

645 778 790 832 enim
817 780 1194 839 accidentibus
1222 785 1561 853 adcensetur,
1605 790 1802 860 iisque.
1831 809 2059 864 quorum
2080 805 2208 852 tunc

644 869 715 924 sit
742 884 884 933 esse,
925 887 1054 926 cum
1109 874 1164 930 in
1217 877 1518 934 substantia
1550 882 1729 952 aliqua
1783 895 2067 953 procreata
2092 888 2208 944 fue-

639 961 771 1016 rint.
805 961 979 1020 Homo
1031 967 1267 1036 quidem,
1303 971 1420 1028 sine
1467 973 1632 1028 etiam
1661 977 1959 1032 ttectonica
1985 979 2149 1036 fuerit
2186 998 2201 1034 :

636 1061 693 1107 at
724 1054 838 1122 illa,
869 1057 974 1111 nisi
1016 1058 1169 1129 prius
1224 1065 1525 1120 exsistente
1580 1065 1820 1132 homine,
1879 1071 2027 1125 nulla
2079 1073 2201 1128 erit.

636 1144 816 1212 Quare
844 1149 1135 1206 dicendum
1167 1156 1505 1221 necessario,
1565 1157 1768 1214 habere
1807 1169 1954 1218 artes
1983 1171 2200 1231 natura,

634 1245 696 1292 ut
724 1255 788 1293 ex
818 1241 988 1297 nihilo
1011 1242 1142 1298 ﬁant
1165 1245 1220 1300 in
1252 1246 1590 1305 hominibus.
1645 1250 1786 1321 Ergo
1824 1253 1869 1309 si
1903 1255 1976 1308 ita
2005 1256 2203 1311 habere

632 1333 980 1391 ostendimus
1021 1335 1078 1390 in
1136 1337 1492 1408 hominibus;
1526 1345 1796 1412 quomodo
1847 1361 1957 1401 non
1987 1364 2199 1418 acquum

631 1423 741 1476 erit
767 1422 970 1486 dicere,
1007 1441 1168 1495 posse
1196 1443 1225 1482 a
1248 1428 1378 1495 Deo,
1407 1447 1515 1486 non
1568 1436 1741 1490 solum
1766 1439 2076 1507 qualitates,
2106 1445 2200 1497 sed

630 1519 688 1565 et
713 1512 1070 1580 substantias,
1104 1518 1217 1573 fieri
1253 1537 1318 1576 ex
1353 1523 1564 1579 nihilo?
1591 1525 1727 1580 Dum
1772 1529 1918 1583 enim
1943 1531 2199 1600 possibile

631 1599 850 1656 videtur
875 1611 934 1657 ut
961 1606 1175 1675 aliquod
1214 1625 1278 1666 ex
1304 1612 1474 1668 nihilo
1503 1617 1614 1680 fiat,
1669 1633 1830 1688 posse
1858 1599 2021 1677 etiam
2068 1625 2198 1681 sub.

632 1694 869 1750 stantias
901 1712 965 1752 ex
994 1698 1166 1754 nihilo
1197 1703 1311 1759 fieri
1343 1708 1666 1764 ostenditur.

2311 517 2576 588 ἀνθρώπῳ
2606 517 2667 571 ἐκ
2694 535 2835 582 τινος
2869 520 3230 592 ὑποκειμένης
3263 523 3459 593 τέχνης
3491 522 3901 593 προσγίνεται
3921 543 3936 555 ·

2307 609 2426 662 οὑδὲ
2457 610 2564 678 γὰρ
2616 610 2787 664 ἔνεστι
2830 611 2927 681 τὴν
2954 613 3039 682 ἐφ’
3074 613 3270 684 ἑαυτῆς
3328 615 3518 668 οὐσίαν
3551 613 3768 668 δοῦναι
3825 618 3935 685 τὴν

2306 702 2517 772 τέχνην.
2554 702 2672 754 Τῶν
2694 703 2802 775 γὰρ
2847 705 3260 776 συμϐεϐηκότων
3300 707 3438 770 ἐστὶ,
3479 707 3576 760 καὶ
3616 707 3756 761 τῶν
3791 709 3926 761 τότε

2306 791 2366 843 τὸ
2387 787 2526 845 εἶναι
2558 793 2786 863 ἐχόντων
2806 834 2819 858 ,
2859 795 3057 849 ὁπόταν
3111 798 3168 850 ἐν
3200 798 3354 869 οὐσίᾳ
3383 798 3489 850 τινὶ
3523 798 3808 868 γένηται.
3866 796 3923 851 Ὀ

2310 882 2408 952 μὲν
2438 884 2544 955 γὰρ
2576 885 2854 956 ἄνθρωπος
2887 888 2981 941 καὶ
3014 889 3180 958 χωρὶς
3210 889 3308 960 τῆς
3343 891 3683 960 τεκτονικῆς
3721 891 3913 950 ἔσται,

2306 973 2416 1042 ἡδὲ
2441 974 2540 1027 οὑκ
2574 973 2745 1040 ἔσται,
2776 976 2870 1030 ἐὰν
2903 978 2975 1049 μὴ
3004 979 3262 1051 πρότερον
3294 979 3583 1051 ἄνθρωπος
3608 977 3676 1052 ᾖ.
3711 982 3910 1043 Ὅθεν,

2302 1062 2401 1126 τὰς
2432 1064 2623 1134 τέχνας
2667 1067 2723 1134 ἐξ
2757 1068 2856 1120 οὐκ
2881 1069 3046 1124 ὄντων
3084 1072 3163 1132 είς
3204 1070 3525 1142 ἀνθρώπους
3571 1074 3908 1139 πεφυκέναι

2303 1157 2563 1224 γίνεσθαι,
2600 1159 2775 1230 λέγειν
2813 1163 3124 1232 ἀναγκαῖον.
3173 1165 3235 1219 El
3279 1167 3456 1218 τοίνυν
3495 1165 3667 1221 τοῦτο
3716 1169 3903 1232 οὕτως

2302 1248 2445 1320 ἔχειν
2481 1252 2566 1304 ἐπ’
2613 1253 2913 1326 ἀνθρώπων
2951 1256 3246 1327 ἐδείξαμεν,
3294 1257 3409 1322 πῶς
3462 1259 3589 1329 οὑχ).
3626 1261 3899 1328 amiciat;

2301 1340 2390 1394 τὸν
2433 1341 2560 1395 Θεὸν
2594 1345 2667 1416 μὴ
2716 1344 2872 1416 μόνον
2913 1347 3219 1418 ποιότητας,
3268 1351 3327 1415 ἐξ
3355 1352 3453 1403 οὑκ
3496 1351 3681 1404 ὄντων
3723 1353 3893 1419 φάναι

2301 1430 2554 1487 δύνασθαι
2599 1439 2796 1501 ποιεῖν,
2830 1438 2964 1493 ἀλλὰ
3000 1439 3099 1494 καὶ
3132 1441 3347 1505 οὐσίας;
3389 1441 3461 1495 Τὸ
3501 1443 3618 1512 γὰρ
3654 1443 3892 1496 δυνατὸν

2302 1525 2532 1594 φανῆναι
2566 1528 2626 1582 τδ
2651 1530 2893 1598 γίνεσθαί
2917 1549 2966 1586 τι
2995 1530 3054 1597 ἐξ
3080 1533 3176 1586 οὑκ
3197 1533 3383 1598 ὄντων,
3417 1535 3512 1588 καὶ.
3553 1535 3662 1599 τὰς
3696 1538 3890 1600 οὐσίας

2299 1617 2468 1682 οὑτως
2494 1618 2582 1689 ἔχε
2590 1637 2636 1675 ιν
2667 1623 2959 1679 δείκνυται.

708 1783 906 1842 lterum
939 1806 1066 1846 vero
1097 1792 1342 1849 instituta
1375 1797 1441 1854 de
1497 1801 1656 1857 malis
1709 1802 2006 1874 disputatio
2037 1824 2179 1863 resu-

2362 1772 2530 1828 Πάλιν
2575 1775 2630 1828 δὲ
2671 1775 2988 1849 διαληπτέον
3036 1779 3142 1834 τῶν
3173 1780 3358 1834 κακῶν
3389 1782 3537 1854 πέρι.
3597 1784 3688 1837 Τὰ
3744 1788 3882 1840 κακὰ

633 1883 835 1932 matur.
871 1870 1027 1945 Mala,
1079 1891 1258 1938 utrum
1292 1888 1617 1947 substantia:
1667 1870 1925 1950 videntur
1948 1899 2031 1954 vel
2063 1915 2198 1970 qua-

627 1965 807 2024 litates
835 1974 1303 2032 substantiarum?

698 2055 850 2114 VAL.
885 2061 1202 2128 Qualitates.

691 2149 900 2210 ORTl-l.
937 2156 1160 2214 Materia
1188 2178 1335 2229 vero,
1377 2177 1564 2223 eratne
1612 2169 1732 2228 sine
1762 2174 2118 2242 qualitatibus
2141 2187 2196 2237 et

617 2242 906 2303 informis?

693 2334 850 2390 VAL.
886 2338 1134 2398 Maxime.

687 2424 1047 2486 ORTllJlaac
1099 2449 1228 2503 ergo
1280 2439 1502 2492 nomina
1537 2441 1861 2501 substantiae
1887 2447 2192 2522 junguntur

617 2531 688 2571 ex
723 2516 790 2572 iis
825 2534 944 2588 quae
977 2523 1079 2592 ipsi
1111 2525 1387 2584 accidunt.
1420 2529 1606 2601 Neque
1657 2535 1803 2589 enim
1836 2516 2190 2601 homicidium

618 2792 902 2852 micidium
933 2807 1017 2852 est
1038 2799 1240 2869 homo;
1273 2805 1368 2859 sed
1409 2804 1489 2868 is,
1537 2809 1607 2862 ob
1640 2810 1770 2868 illud
1818 2792 2186 2886 perpetratum

617 2885 855 2952 quadam
888 2890 1034 2945 velut
1078 2895 1315 2951 nominis
1348 2896 1667 2968 deﬂexione,
1721 2885 1994 2962 homicida
2018 2925 2186 2982 agno-

615 2975 886 3047 minatur;
918 2995 1041 3035 cum
1071 2984 1187 3054 ipse
1216 2986 1631 3062 haudquaquam
1679 2995 1750 3048 sit
1789 2996 2181 3075 homicidium]:

613 3074 802 3136 atque,
861 3078 918 3124 ut
975 3077 1297 3145 compendio
1328 3081 1545 3147 dicam,
1601 3085 1736 3138 nihil
1768 3088 2068 3159 quidquam
2116 3074 2183 3148 ex

2301 1865 2522 1938 πότερον
2548 1869 2724 1923 οὐσίαι
2773 1888 2852 1925 σοι
2893 1871 3136 1927 δοκοῦσιν
3173 1869 3308 1928 εἷναι
3332 1913 3353 1939 ,.
3381 1875 3416 1947 ἢ
3448 1876 3752 1947 ποιότητες
3799 1880 3882 1931 οὑ-

2300 1956 2428 2010 σιῶν
2449 1974 2463 2022 ;

2367 2051 2570 2105 ΟΥΑΛ.
2605 2053 2921 2126 Ποιότητες..

2365 2143 2598 2197 ΟΡΘΟΔ.
2659 2146 2722 2200 Ἠ
2773 2147 2828 2200 δὲ
2879 2147 2978 2218 ὕλη
3033 2147 3221 2214 ἄποιος
3279 2146 3346 2224 ἦν
3406 2153 3500 2206 καὶ
3557 2154 3876 2225 ἀσχημάτι-

2298 2249 2418 2296 στος

2365 2326 2562 2381 ΟΥΑΛ.
2608 2328 2780 2382 Οὕτω.

2363 2419 2596 2474 ΟΡΘΟΔ.
2641 2421 2942 2476 Πέπλεκται
2992 2425 3099 2496 ἄρα
3140 2426 3207 2480 τὰ
3247 2427 3485 2499 ὀνόματα
3554 2429 3747 2484 ταῦτα
3806 2435 3860 2500 τῇ

2291 2505 2448 2577 caci;
2482 2510 2546 2561 ἐκ
2571 2509 2678 2564 τῶν
2719 2513 3133 2586 συμϐεϐηκότων
3159 2519 3312 2590 αὐτῇ.
3349 2519 3484 2572 Οὔτε
3514 2521 3636 2592 γάρ
3676 2524 3859 2574 ἐστιντὸ

2291 2600 2448 2667 φόνος
2493 2603 2524 2672 ἡ
2571 2604 2746 2669 οὐσία,
2787 2605 2906 2659 οὑτε
2940 2625 2992 2660 τι
3024 2609 3129 2662 τῶν
3166 2610 3335 2664 ἄλλων
3373 2613 3598 2667 κακῶν·
3648 2616 3769 2668 ἀλλ’
3809 2620 3856 2668 ἐκ

2289 2693 2394 2745 τῶν
2447 2696 2733 2766 ἐνεργειῶν
2782 2701 3236 2772 παρονομάζεται.
3278 2705 3413 2758 Οὔτε
3463 2707 3576 2778 γὰρ
3641 2710 3855 2776 ςόνοςό

2289 2783 2598 2857 ἅνθρωπος·
2627 2790 2758 2845 ἀλλὰ
2781 2793 2857 2864 τῷ
2883 2794 3237 2865 ἐνεργηκέναι
3263 2797 3466 2863 τοῦτον,
3512 2802 3854 2870 παρωνύμως

2287 2879 2479 2945 φονεὺς
2521 2884 2952 2954 παρονομάζεται
2977 2927 2990 2952 ,
3028 2887 3100 2959 μὴ
3145 2888 3219 2943 ὢν
3249 2892 3405 2961 φόνος
3461 2895 3631 2957 αὑτός
3658 2913 3673 2925 ο
3726 2896 3850 2960 οὔτε,

2289 2971 2582 3044 συλλήϐδην
2637 2979 2843 3042 εἰπεῖν,
2900 2979 2952 3031 τὶ
2999 2981 3105 3033 τῶν
3157 2983 3329 3038 ἄλλων
3379 2980 3568 3039 κακῶν
3631 2990 3850 3060 ἐστινὴ

2284 3062 2466 3116 οὐσία·
2510 3066 2644 3119 ἀλλὰ
2681 3069 2759 3139 τῷ
2803 3071 3005 3141 πρᾶξαί
3043 3089 3094 3125 τι
3138 3074 3244 3127 τῶν
3291 3077 3472 3129 κακῶν
3511 3081 3667 3152 κακὴ
3717 3082 3854 3149 λέγε·

610 3157 736 3214 aliis
790 3165 948 3219 malis
981 3174 1065 3221 est
1101 3170 1405 3228 substantia
1441 3195 1454 3230 :
1489 3177 1586 3231 sed
1635 3153 1815 3252 potest
1868 3153 1976 3235 di-ci
2010 3186 2173 3252 mala,

2286 3153 2407 3207 σθαι
2430 3154 2666 3231 δύναται.
2709 3159 2934 3231 Ὁμοίως
2974 3164 3286 3236 ἐπινόησον,
3319 3167 3372 3220 εἴ
3408 3187 3459 3220 τι
3499 3171 3700 3242 ἕτερον
3735 3174 3850 3227 ἀνα·

607 3251 758 3321 quod
812 3256 1078 3312 malorum
1130 3262 1407 3333 quidpiam
1437 3251 1855 3340 egerit.ISimili
1899 3275 2060 3331 modo
2089 3251 2179 3334 ra-

612 3343 900 3412 tiocinare,
941 3351 986 3406 si
1013 3353 1144 3422 quid
1187 3357 1333 3412 aliud
1379 3362 1522 3430 quod
1553 3365 1623 3418 sit
1670 3380 1834 3424 causa
1881 3373 2172 3438 malorum,

604 3447 785 3496 mente
807 3443 1136 3504 confinxeris
1171 3466 1184 3501 :
1212 3466 1405 3522 nempe
1439 3455 1601 3510 etiam
1643 3458 1777 3515 illud
1806 3463 2007 3518 malum
2027 3481 2171 3531 esse,

606 3533 749 3601 quod
804 3535 1120 3598 hominibus
1171 3556 1513 3615 cooperetur,
1551 3561 1604 3605 et
1644 3565 1898 3626 suggerat
1948 3565 2006 3612 ut
2031 3559 2173 3614 mala

603 3621 824 3681 faciant.
879 3628 976 3686 Est
1005 3635 1148 3689 enim
1179 3645 1232 3691 et
1261 3639 1378 3708 ipse
1413 3643 1608 3710 malus,
1640 3621 1806 3702 obea
1840 3665 1960 3720 qua:
2020 3651 2171 3707 facit.

600 3711 895 3786 PrOpterea
919 3725 1061 3778 enim
1083 3728 1284 3785 dicitur
1322 3748 1445 3790 esse
1476 3739 1672 3805 malus,
1706 3742 1851 3812 quod
1885 3745 1955 3800 sit
1984 3752 2176 3800 auctor

600 3809 891 3868 malorum.
921 3813 1112 3884 Porro,
1143 3822 1287 3893 quod
1320 3827 1443 3895 quis
1494 3827 1647 3895 facit,
1690 3809 1800 3887 non
1838 3834 1952 3904 ipse
1977 3846 2060 3891 est
2081 3839 2175 3908 qui

597 3898 752 3965 facit,
784 3905 878 3959 sed
901 3907 1019 3976 ejus
1053 3916 1294 3981 operatio
1318 3957 1331 3980 ,
1367 3921 1510 3976 unde
1533 3922 1637 3978 sibi
1691 3941 1995 3997 cognomen
2045 3932 2173 3986 mali

596 3992 841 4051 asciscit.
873 3996 1007 4053 Nam
1063 4005 1107 4059 si
1169 4005 1224 4060 id
1274 4008 1455 4077 ipsum
1507 4014 1809 4075 dixerimus
1871 4036 1992 4077 esse
2027 4023 2173 4092 quod

598 4081 766 4151 facit;
796 4100 920 4140 cum
954 4089 1116 4146 faciat
1136 4099 1310 4153 caedes
1339 4109 1392 4154 et
1423 4103 1690 4163 adulteria
1739 4117 1794 4165 et
1843 4111 1946 4167 hoc
1999 4081 2170 4183 genus

596 4175 833 4243 similia,
862 4179 976 4249 ipse
1009 4184 1101 4238 illa
1140 4188 1262 4241 erit.
1290 4191 1446 4256 Quod
1477 4197 1521 4250 si
1556 4200 1691 4269 ipse,
1741 4202 1834 4256 illa
1860 4215 1974 4268 est;
2000 4175 2171 4260 habet

597 4282 763 4322 suum
797 4287 939 4340 esse,
967 4289 1088 4333 cum
1119 4278 1209 4333 illa
1240 4290 1368 4336 sunt
1405 4299 1418 4334 :
1457 4286 1549 4341 ubi
1581 4299 1758 4346 autem
1806 4310 1912 4349 non
1945 4295 2167 4364 fuerint,

591 4361 762 4416 etiam
794 4362 908 4433 ipse
930 4366 1128 4424 desinit
1151 4386 1290 4428 esse.
1333 4374 1497 4431 Fiunt
1527 4389 1707 4436 autem
1737 4384 1851 4438 haic
1889 4388 1956 4441 ab
1995 4361 2171 4443 homi;

594 4452 760 4510 nibus
789 4471 802 4507 :
831 4467 994 4513 erunt
1029 4476 1158 4534 ergo
1188 4464 1439 4525 homines
1471 4470 1664 4528 horum
1697 4485 1984 4545 auctores;
2026 4488 2080 4534 et
2110 4488 2168 4534 ut

594 4543 708 4598 sint
734 4547 818 4600 vel
845 4565 954 4604 non
971 4551 1100 4622 sint,
1133 4571 1332 4614 causaa.
1358 4560 1522 4632 Atqui
1547 4565 1592 4620 si
1619 4566 1690 4621 ob
1707 4583 1772 4622 ea
1791 4584 1910 4637 quae
1935 4543 2165 4641 quisque

597 4630 750 4699 facit,
781 4639 956 4695 malus
979 4651 1098 4711 est,
1144 4663 1266 4717 qua;
1293 4630 1475 4707 autem
1521 4653 1671 4719 facit,
1700 4630 2029 4727 principium
2062 4630 2160 4715 lia-

599 4724 763 4794 bent;
799 4744 1137 4805 consequens
1169 4742 1244 4808 fit,
1278 4751 1336 4798 ut
1366 4756 1418 4800 et
1438 4745 1528 4803 ille
1557 4750 1786 4818 coeperit
1812 4766 1933 4806 esse
1963 4755 2159 4818 malus,

597 4821 971 4894 coeperiutque
999 4830 1159 4885 etiam
1195 4833 1301 4890 ista
1353 4838 1514 4892 mala.
1548 4839 1703 4906 Quod
1749 4842 1797 4897 si
1829 4859 2012 4898 verum
2055 4857 2157 4910 est,

599 4924 759 4965 nemo
801 4914 966 4984 igitur
1027 4930 1154 4978 ante
1200 4942 1362 4984 omne
1407 4932 1736 5002 principium
1791 4942 2165 5008 aeternumque

597 5001 776 5059 malus
804 5014 909 5072 est,
942 5025 1005 5064 ac
1037 5027 1210 5083 neque
1237 5019 1378 5073 mala
1407 5033 1534 5077 sunt
1562 5001 1822 5080 increata.

667 5158 779 5283 5’25)
810 5160 880 5216 Ut
906 5165 1153 5221 nimirum
1199 5173 1454 5239 artiﬁcem
1478 5185 1590 5230 arte
1611 5195 1766 5247 quam
1789 5180 1843 5233 in
1864 5179 2161 5236 substantia

699 5241 818 5283 eat.
875 5233 1021 5283 dicas
1069 5243 1290 5283 onerari.
1337 5247 1398 5283 «~71
1436 5246 1492 5283 ἐν
1530 5251 1592 5283 ιιι-κ
1622 5250 1774 5283 Λιίκῖη
1806 5250 1966 5283 es"..-
1997 5256 2139 5283 ...ηρτ

593 5229 783 5321 iubeat
803 5272 818 5293 ,
875 5233 1021 5321 dicas
1069 5229 1492 5321 operari;'_'cfj__év
1530 5251 1592 5316 τῇ
1621 5229 1777 5320 οὐσίᾳ
1806 5250 1970 5321 τέχνῃ
1997 5256 2157 5306 ποιεῖ.

1098 5298 1108 5306 .
1283 5298 1292 5304 .
1375 5298 1400 5314 ,,
1568 5298 1592 5316 ,,
1818 5298 1970 5331 an.”
2003 5298 2157 5332 .._----.

595 5298 902 5391 NoLn‘bene
949 5307 1216 5391 interpres
1268 5310 1478 5391 Photii,
1530 5332 1618 5391 per
1660 5329 1825 5372 artem
1874 5322 2073 5391 aliquid
2107 5325 2158 5376 in

595 5371 899 5454 substantia
937 5371 1207 5445 ﬁert-Qui
1238 5383 1382 5436 enim
1419 5371 1617 5460 lioc'ad

597 5445 859 5525 quaeritur
882 5486 901 5525 ,_
939 5465 1071 5503 num
1107 5466 1196 5504 ars
1220 5468 1285 5505 ex
1319 5445 1786 5521 praejacente'art'e
1819 5463 1940 5525 liat,
1976 5445 2031 5516 in
2063 5445 2158 5515 ha-

598 5509 787 5590 liente,
823 5517 903 5571 vel
945 5527 1006 5590 ut
1047 5535 1112 5575 ex
1156 5529 1273 5576 arte
1311 5509 1472 5590 quam
1504 5509 2159 5586 artifesisubst‘anti-aliter

602 5577 814 5666 haheat,
851 5596 910 5640 ut
941 5589 1044 5644 ista
1071 5592 1272 5666 solutio
1302 5577 1580 5666 contendit.
1599 5577 2153 5666 έὶὶὲιῖζὲ

605 5656 871 5734 lapquam-
885 5674 1069 5734 verum
1101 5664 1381 5726 accidens,
1409 5665 1552 5732 quod
1587 5656 1793 5721 talltum
1826 5672 1917 5734 sit,
1945 5688 2068 5724 cum
2100 5656 2155 5726 ni

607 5719 910 5780 substantia
957 5731 1135 5800 aliqua
1183 5719 1625 5804 fuerit'factum;
1663 5719 1804 5808 quod
1826 5719 2153 5799 Emito-dius.

2281 3249 2529 3314 πλάττεις
2572 3255 2629 3307 ἐν
2669 3253 2746 3325 τῷ
2792 3255 2896 3326 νῷ,
2934 3257 3117 3312 κακῶν
3147 3263 3258 3323 τοῖς
3294 3261 3603 3333 ἀνθρώποις
3653 3266 3845 3330 αἴτιον,

2277 3340 2351 3405 ὼς
2382 3344 2600 3398 κάκεῖνο
2632 3346 2795 3398 κακὸν
2823 3347 2955 3417 (26),
2993 3351 3050 3402 ἐν
3083 3349 3160 3420 τῷ
3193 3351 3398 3416 τούτοις
3439 3355 3693 3427 ἐνεργεῖν
3714 3400 3729 3421 ,
3767 3361 3846 3413 καὶ

2279 3432 2596 3489 ὑποϐάλλειν
2642 3441 2812 3490 ποιεῖν
2866 3439 2933 3492 τὰ
2985 3441 3146 3495 κακά.
3184 3445 3334 3496 Ἐστι
3374 3444 3480 3516 γὰρ
3543 3449 3642 3500 καὶ
3702 3452 3852 3514 αὐτὸς·

2278 3524 2467 3589 κακὸς,
2501 3525 2559 3592 ἐξ
2590 3522 2663 3582 ὧν
2694 3534 2852 3584 ποιεῖ.
2881 3533 2979 3586 Διὰ
3005 3535 3111 3606 γὰρ
3141 3536 3295 3590 τοῦτο
3328 3539 3493 3603 κακὸς
3528 3537 3676 3594 εἶναι
3704 3544 3838 3610 λὲγε-

2276 3632 2386 3683 ται,
2412 3618 2490 3670 ὅτι
2523 3619 2693 3691 (τῶν)
2736 3623 2919 3677 κακῶν
2964 3628 3076 3678 ἐστι
3107 3629 3364 3699 ποιητής·
3406 3629 3440 3682 ἃ
3474 3629 3530 3682 δέ
3566 3649 3656 3695 τις
3694 3639 3835 3696 7:055,

2275 3709 2375 3761 οὑκ
2407 3707 2552 3763 ἔστιν
2605 3713 2785 3785 αὑτὸς,
2829 3717 2943 3769 ἀλλ’
2986 3718 3232 3788 ἐνέργεια
3272 3720 3467 3782 αὑτοῦ,
3512 3723 3610 3791 ἀφ’
3650 3719 3730 3777 ὧν
3757 3728 3834 3792 τὴν

2277 3803 2644 3874 προσηγορίαν
2683 3806 2775 3859 τοῦ
2809 3808 2973 3873 κακὸς
3006 3810 3114 3882 (‘27)
3158 3812 3408 3881 λέγεσθαι
3441 3813 3735 3885 λαμϐάνει.
3781 3820 3831 3870 Ei

2275 3893 2381 3966 γὰρ
2407 3895 2566 3949 αὑτὸν
2605 3899 2848 3969 εἴποιμεν
2886 3897 3022 3955 εἶναι
3056 3903 3092 3956 δι
3121 3907 3291 3956 ποιεῖ’
3338 3908 3480 3958 ποιέῖ
3523 3906 3582 3958 δὲ
3617 3910 3828 3975 φόνους,

2275 3984 2366 4035 καὶ
2398 3985 2659 4055 μοιχείας,
2697 3989 2790 4041 καὶ
2821 3990 2918 4042 ὅσα
2951 3991 3140 4061 ὅμοια·
3171 3993 3330 4056 αὑτὸς
3370 3994 3520 4049 ἔσται
3556 3997 3750 4053 ταῦτα.
3777 4001 3827 4052 ΕΞ

2273 4073 2329 4125 δέ
2358 4075 2517 4138 αὑτός
2546 4079 2660 4129 ἐστι
2693 4077 2891 4133 ταῦτα·
2923 4081 3010 4134 ὅτε
3037 4083 3263 4151 γίνεται,
3286 4084 3381 4156 τὴν
3411 4087 3673 4142 σύστασιν
3699 4090 3823 4160 ἔχει·

2271 4167 2330 4218 οὑ
2371 4168 2625 4236 γινόμενα
2663 4169 2739 4232 δὲ,
2777 4173 2867 4224 καὶ
2916 4173 3008 4225 τοῦ
3046 4170 3180 4228 εἶναι
3224 4177 3500 4231 παύεται..
3525 4181 3739 4235 Γίνεται
3778 4185 3825 4236 δὲ

2271 4259 2441 4313 ταῦτα
2486 4262 2619 4331 πρὸς
2652 4263 2980 4335 ἀνθρώπων
3024 4267 3232 4323 ἔσονται
3259 4270 3365 4342 ἄρα
3411 4273 3618 4326 τούτων
3657 4279 3706 4329 οξ
3747 4279 3824 4331 ἇν-

2272 4348 2476 4420 θρωποι
2527 4353 2778 4424 ποιηταὶ,
2830 4356 2922 4408 καὶ
2971 4356 3062 4408 τοῦ
3111 4354 3245 4411 εἶναι
3287 4361 3380 4413 καὶ
3432 4363 3526 4414 τοῦ
3575 4364 3650 4434 μὴ
3698 4362 3822 4420 εἶναι

2272 4441 2450 4494 αἴτιοι.
2492 4442 2626 4494 Ἀλλ’
2650 4446 2696 4497 εὶ
2728 4443 2786 4509 ἐξ
2826 4439 2898 4498 ὧν
2925 4447 3136 4518 ἐνεργεῖ
3167 4449 3412 4514 ἕκαστος,
3457 4453 3692 4525 ὑπάρχει
3735 4475 3824 4510 κα-

2199 4529 2240 4584 D
2271 4531 2391 4594 κός’
2422 4531 2456 4585 ἃ
2486 4533 2542 4587 δὲ
2571 4535 2798 4606 ἐνεργεῖ,
2822 4537 2994 4608 ἀρχὴν
3025 4539 3116 4591 τοῦ
3147 4535 3283 4594 εἶναι
3311 4541 3573 4614 λαμϐάνει
3596 4563 3608 4574 ·
3634 4547 3823 4618 ἤρξατο

2269 4621 2515 4686 κάκεῖνος
2545 4620 2678 4678 εἶναι
2708 4628 2872 4692 κακός
2891 4645 2904 4658 ·
2942 4629 3143 4700 ἤρξατο
3167 4632 3222 4684 δὲ
3248 4633 3340 4686 καὶ
3368 4635 3540 4688 ταῦτα
3572 4639 3642 4690 τὰ
3666 4641 3816 4694 κακά,

2268 4711 2330 4762 Εἰ
2363 4712 2406 4764 δ’
2437 4713 2604 4778 οὑτως
2638 4715 2769 4787 ἔχει,
2806 4719 2906 4773 οὐκ
2939 4719 3084 4774 ἐστιν
3115 4721 3363 4794 ἀνάρχως
3390 4742 3473 4789 τις
3497 4728 3684 4794 κακὸς,
3708 4732 3818 4784 οὐδὲ

2269 4803 2537 4877 ἀγέννητα
2567 4806 2635 4860 τὰ
2655 4809 2816 4862 κακά.

2265 5187 2518 5253 intendit,
2551 5199 2606 5244 ut
2633 5194 2959 5275 eoevincat,
2988 5209 3148 5275 posse
3178 5194 3346 5275 Deum
3375 5200 3581 5275 aliquid
3613 5206 3806 5275 majus,

2267 5273 2461 5339 nempe
2501 5275 2576 5339 ex_
2601 5262 2783 5339 .nihilo
2815 5262 3238 5339 etiam—subjecti
3285 5278 3337 5322 et
3390 5262 3663 5339 absolute;
3693 5262 3806 5331 'nec

2269 5329 2440 5416 solum
2467 5330 2763 5416 accidentia
2786 5372 2802 5396 ,
2837 5336 2928 5390 sed
2963 5345 3016 5389 et
3033 5329 3626 5416 .suhstautiasAcreare,
3652 5329 3805 5416 eoque

2268 5412 2375 5484 pou
2404 5399 2658 5484 habuisse
2690 5418 2826 5484 opus
2853 5406 3078 5459 materia
3103 5407 3403 5484 adjutrice?
3428 5399 3656 5484 Reliqua
3684 5399 3805 5470 nihil

2267 5469 2379 5540 fere
2413 5470 2623 5525 felicius
2658 5469 2866 5528 reddita
2889 5516 2903 5540 ,
2939 5477 3121 5529 conati
3162 5469 3351 5535 sumus
3392 5469 3722 5540 restituere:
3756 5495 3805 5540 et

2265 5538 2496 5616 quisque
2519 5541 2842 5621 adverterit,
2875 5538 3068 5602 collata
3091 5555 3318 5616 utraque
3340 5538 3618 5621 versione,
3641 5538 3691 5610 et
3711 5538 3804 5612 Sibi

2264 5607 2401 5676 ipsa,
2431 5619 2482 5663 et
2513 5613 2703 5665 textui.

2472 5681 2945 5757 ζςάκεῖνοᾍακόν.
2985 5686 3071 5744 Al.
3105 5691 3354 5757 κάκεῖνος
3383 5696 3571 5757 κακός.

2332 5748 2441 5818 (‘27)
2466 5753 2675 5817 Καλός.
2701 5750 2783 5808 ΑΙ.
2829 5757 3021 5812 κακοῦ.
