3962 6278
158 343 273 399 257

159 571 295 616 νως,
343 549 386 606 ὦ
417 551 535 622 φίλε
558 592 574 616 ,
631 547 984 618 πεποιηκέναι
1017 564 1107 618 μοι
1149 547 1340 610 δοκεῖς.
1373 548 1460 614 Ἐξ
1492 542 1566 601 ὧν
1612 547 1721 620 γὰρ

157 641 453 714 προλαϐὼν
476 641 639 694 ἔδωκε
664 639 742 711 τῷ
769 640 929 710 λόγῳ,
954 639 1016 690 ὲκ
1035 635 1236 692 τούτων
1265 639 1513 707 συνάγειν
1537 638 1720 705 ἔδοξας

156 736 370 799 καλῶς.
411 736 494 798 Ὠς
521 734 733 806 άληθῶς
760 733 886 805 γὰρ,
921 733 970 786 εί
999 733 1183 796 ἄποιος
1208 731 1493 803 ἐτύγχανεν
1524 735 1556 803 ή
1597 732 1717 803 ὕλη,

158 831 276 884 τῶν
307 831 363 883 δὲ
405 829 698 898 ποιοτήτων
737 825 1063 897 δημιουργὸς
1091 824 1119 875 ὁ
1157 824 1316 886 Θεός·
1356 825 1632 896 ποιότητες
1664 826 1720 879 δὲ

158 923 237 976 τὰ
265 922 411 976 κακά
432 940 443 951 ·
493 919 601 973 τῶν
642 918 824 974 κακῶν
851 919 1001 972 ἔσται
1052 918 1278 990 ποιητὴς
1307 920 1336 971 ό
1363 919 1513 982 Θεός.
1568 921 1719 989 Ἐμοὶ

156 1013 220 1065 δὲ
247 1010 440 1080 ψεῦδος
467 1011 629 1075 δοκεῖ,
665 1009 758 1080 τήν
789 1007 920 1080 ὕλην
959 1007 1142 1061 ἄποιον
1195 1006 1398 1074 λέγειν·
1454 1006 1574 1059 οὐδὲ
1611 1006 1718 1077 γὰρ

158 1105 372 1158 ἔνεστιν
423 1105 595 1157 εἰπεῖν
647 1101 775 1173 περὶ
831 1100 930 1169 τῆς
969 1117 1111 1162 τινος
1168 1097 1389 1163 οὐσίας,
1450 1099 1524 1162 ὼς
1574 1098 1717 1150 ἔστιν

155 1200 373 1262 ἄποιος.
418 1177 578 1250 Ἀλλά
599 1196 722 1267 μὴν,
758 1194 850 1249 καὶ
877 1195 934 1247 ἐν
1030 1193 1216 1248 ἄποιον
1250 1189 1387 1245 εἶναι
1424 1190 1590 1259 λέγει,
1620 1192 1717 1264 τὴν

158 1290 424 1361 ποιότητα
469 1288 635 1356 αὐτῆς
665 1283 801 1340 εἶναι
853 1284 1106 1356 μηνύεις,
1157 1282 1314 1337 ὁποία
1357 1282 1503 1335 ἐστὶν
1550 1281 1713 1353 ἡῦλη

154 1381 618 1453 διαγραφόμενος’
647 1380 779 1449 ὅπερ
811 1376 926 1430 ἐστὶ
965 1376 1243 1446 ποιότητος
1271 1370 1427 1438 εἶδος.
1461 1373 1637 1436 Ὅθεν,
1665 1371 1720 1424 εί

160 1491 246 1528 σοι
277 1474 429 1543 φίλον
450 1473 614 1539 ἐστὶν,
639 1471 841 1525 ἄνωθεν
880 1470 1046 1541 ἄρχου
1081 1467 1173 1522 τοῦ
1207 1467 1363 1537 λόγου
1383 1484 1398 1498 ’
1444 1467 1566 1538 ἐμοὶ
1605 1465 1713 1536 γάρ

159 1567 195 1638 ή
228 1565 328 1636 ὕλη
359 1564 642 1633 ποιότητας
671 1561 921 1633 άνάρχως
952 1560 1090 1630 ἔχειν
1111 1560 1273 1613 δοκεῖ.
1305 1557 1458 1612 Οὕτω
1486 1556 1593 1627 γὰρ
1620 1557 1713 1610 καὶ

158 1655 230 1710 τὰ
277 1655 419 1710 κακὰ
463 1656 527 1708 ὲκ
581 1654 680 1724 τῆς
705 1652 1005 1723 ὰπορῤοίας
1049 1651 1217 1722 αὐτῆς
1269 1644 1406 1704 εἶναι
1454 1648 1616 1717 λέγω,
1665 1640 1711 1702 ὧ

160 1748 306 1818 φίλε.

223 2021 458 2076 ΟΡΘΟΔ.
509 2021 573 2074 Εἰ
623 2019 845 2090 ἐμποιος
894 2015 961 2090 ἦν
1003 2018 1251 2088 ἀνάρχως
1293 2019 1325 2090 ή
1379 2016 1513 2088 ὕλη,
1571 2015 1713 2080 τίνος

155 2113 302 2185 (ἄρα)
327 2112 480 2166 ἔσται
514 2113 742 2184 ποιητὴς
773 2114 802 2165 ὁ
840 2111 1004 2176 Θεός;
1052 2109 1176 2163 Εἴτε
1201 2110 1310 2181 γὰρ
1339 2109 1526 2171 οὐσίας
1557 2107 1713 2178 ἐροῦ·-

160 2223 277 2276 μεν,
303 2208 549 2279 προεῖναι
576 2220 782 2276 φαμεν·
816 2205 927 2258 εἴτε
959 2201 1024 2258 αὖ
1059 2213 1366 2274 ποιότητας,
1392 2203 1485 2256 καὶ
1516 2200 1716 2264 ταύτας

156 2298 419 2368 ὕπάρχειν
487 2297 731 2368 λέγομεν.
780 2296 986 2351 Οὐκοῦν
1030 2297 1216 2359 οὐσίας
1266 2313 1324 2349 τε
1374 2294 1575 2366 οὕσης,
1621 2294 1714 2347 καὶ

160 2391 490 2459 ποιοτήτων,
541 2388 790 2459 περιττὸν
839 2384 974 2442 εἶναί
1027 2406 1116 2460 μοι
1163 2388 1336 2452 δοκεῖ,
1385 2387 1713 2458 δημιουργὸν

161 2477 337 2546 λέγειν
371 2480 462 2532 τὸν
489 2479 637 2533 Θεόν.
676 2479 832 2533 Ἀλλὰ
863 2481 1155 2551 ἀπόκριναι
1198 2478 1573 2550 ἐρωτώμενος
1607 2479 1711 2531 τίνι

159 2569 312 2641 τόπῳ
353 2570 673 2642 δημιουργὸν
705 2567 840 2625 εἶναι
873 2574 977 2644 φῂς
1005 2573 1096 2626 τὸν
1125 2572 1286 2636 Θεόν;
1333 2572 1586 2644 πότερον,
1632 2573 1713 2626 ὅτι

160 2662 259 2725 τὰς
290 2662 475 2726 οὐσίας
503 2663 724 2735 ἔτρεψεν
752 2663 963 2728 ὲκείνας
987 2667 1065 2728 εἰς
1102 2665 1164 2718 τὸ
1202 2664 1396 2736 μηκέτι
1431 2665 1709 2737 ὑπάρχειν,

157 2755 318 2825 αἵπερ
341 2750 478 2825 ἦσάν
508 2771 636 2808 ποτε
654 2772 669 2786 ·
698 2756 730 2827 ἢ
767 2757 848 2808 δτι
877 2756 975 2820 τὰς
1009 2756 1106 2828 μὲν
1137 2757 1322 2821 οὐσίας
1341 2755 1587 2826 ἐφύλαξε,
1615 2758 1712 2822 τὰς

157 2845 212 2899 δὲ
237 2848 525 2919 ποιότητας
549 2848 752 2902 τούτων
782 2847 972 2920 ἔτρεψε
994 2865 1008 2914 ;

231 3030 426 3084 ΟΥΑΛ.
454 3030 583 3084 Οὕτι
622 3049 710 3102 μοι
738 3033 885 3086 δοκεῖ
919 3032 1152 3105 ἀλλαγὴν
1179 3034 1374 3089 οὐσιῶν
1403 3036 1703 3104 γεγονέναι,

157 3117 291 3171 ἀλλὰ
312 3121 465 3190 μόνον
495 3125 820 3194 ποιοτήτωνο
855 3125 975 3177 καθ’
998 3125 1064 3190 ἃς
1091 3127 1415 3199 δημιουργὸν
1449 3124 1586 3182 εἶναι
1617 3129 1706 3183 λέ-

156 3227 318 3282 γομεν
346 3213 435 3266 τὸν
467 3214 616 3271 Θεόν.
647 3217 757 3270 Καὶ
785 3216 971 3289 ὥσπερ
996 3221 1044 3271 εί
1071 3219 1219 3290 τύχοι
1245 3220 1420 3290 λέγειν
1458 3223 1521 3277 ὲκ
1545 3222 1706 3278 λίθων

153 3303 319 3357 οὶκίαν
369 3307 666 3374 γεγονέναι,
727 3308 813 3379 ἐφ’
856 3303 931 3365 ὧν
966 3311 1065 3364 οὐκ
1118 3312 1320 3367 ἔνεστιν
1361 3299 1570 3380 εἰπεῖν,
1630 3316 1706 3380 ὡς

147 3391 326 3446 οὐκέτι
373 3393 511 3449 λίθοι
559 3396 773 3467 μένουσι
815 3401 879 3469 τῇ
922 3399 1110 3472 οὐσίᾳ,
1153 3403 1298 3456 οἰκία
1333 3402 1610 3475 λεγόμενοι
1656 3406 1703 3458 οἱ

83 3474 85 3477 ’
153 3478 314 3536 λίθοι·
349 3487 419 3556 τῇ
471 3485 579 3558 γὰρ
616 3487 856 3558 ποιότητι
893 3489 993 3559 τῆς
1049 3491 1346 3556 συνθέσεως
1387 3474 1486 3565 τὴν
1531 3496 1706 3550 οἰκίαν

153 3574 426 3642 γεγονέναι
456 3577 596 3648 φημί
618 3595 631 3608 ·
674 3577 816 3631 οὕτω
851 3597 937 3650 μοι
973 3581 1120 3636 δοκεῖ
1154 3585 1360 3639 καὶτὸν
1388 3587 1538 3653 Θεὸν,
1571 3591 1704 3645 ὐπο-

152 3666 420 3736 μενούσης
457 3668 559 3737 τῆς
601 3669 815 3735 οὐσίας,
845 3674 1052 3744 τροπήν
1089 3692 1212 3730 τινα
1257 3677 1364 3731 τῶν
1409 3684 1704 3754 ποιοτήτων

153 3755 315 3825 αὐτῆς
344 3759 732 3828 πεποιηκέναι,
773 3761 892 3814 καθ’
933 3763 1000 3834 ἢν
1039 3765 1137 3835 τὴν
1178 3767 1329 3822 τοῦδε
1369 3770 1461 3823 τοῦ
1499 3772 1702 3844 κόσμου

156 3847 357 3914 γένεσιν
385 3850 524 3923 πρὸς
549 3852 640 3905 τοῦ
674 3852 807 3907 Θεοῦ
832 3856 1109 3924 γεγονέναι
1141 3860 1298 3930 φημί.

231 3941 457 3996 ΟΡΘΟΔ.
511 3943 742 4015 Πότερον
765 3945 858 3998 καὶ
887 3945 969 3998 σοὶ
992 3946 1224 4002 δοκεῖτὰ
1255 3949 1398 4004 κακὰ
1425 3952 1703 4025 ποιότητες

152 4028 341 4085 οὐσιῶν
367 4027 503 4086 εἶναι
523 4050 538 4098 ;

223 4123 415 4179 ΟΥΑΛ.
441 4128 622 4181 Δοκεῖ.

226 4213 444 4270 ΟΡΘΟΔ.
495 4219 731 4274 Ἀνωθεν
763 4221 822 4274 δὲ
859 4217 998 4294 ἦσαν
1041 4225 1093 4278 αί
1135 4226 1414 4298 ποιότητες
1446 4223 1600 4284 αὕται
1645 4232 1702 4285 ὲν

159 4305 225 4373 τῇ
257 4304 368 4379 ὕλῃ,
392 4309 424 4381 ἦ
451 4309 627 4382 ἀρχὴν
654 4311 810 4384 ἔσχον
833 4313 926 4368 τοῦ
952 4311 1122 4382 εἷναις

229 4394 418 4454 ΟΥΑΛ.
445 4402 690 4456 Συνεῖναι
717 4404 858 4476 φημὶ
889 4406 1164 4480 ἀγενήτως
1181 4411 1245 4480 τῇ
1281 4408 1379 4483 ὕλῃ
1411 4411 1610 4475 ταύτας
1636 4412 1699 4484 δὴ

167 4487 260 4550 τὰς
288 4493 582 4566 ποιότητας.
1412 4576 1415 4579 ι

235 4581 450 4641 ΟΡΘΟΔ.
488 4589 622 4659 Οὐχὶ
660 4588 715 4642 δὲ
750 4590 840 4644 τὸν
877 4591 1008 4646 Θεὸν
1054 4594 1160 4665 φῂς
1195 4597 1402 4668 τροπήν
1444 4613 1562 4650 τινα
1591 4597 1700 4651 τῶν

170 4674 446 4743 ποιοτήτων
482 4679 833 4749 πεποιηκέναι
851 4698 865 4747 ;

239 4764 426 4819 ΟΥΑΛ.
459 4768 622 4822 Τοῦτό
656 4789 814 4842 φημι.

241 4856 458 4913 ΟΡΘΟΔ.
485 4861 577 4925 Εἰς
604 4862 664 4915 τὸ
691 4867 936 4934 κρεῖττον
961 4883 976 4932 ;

243 4947 430 5000 υΥΑΛ.
471 4951 616 5020 Ἐμοὶ
645 4954 808 5010 δοκεῖ.

243 5041 460 5097 ΟΡΘΟΔ.
508 5047 710 5102 Οὐκοῦν
744 5051 793 5102 εί
825 5051 1104 5122 ποιότητες
1135 5051 1264 5123 ὕλης
1293 5055 1360 5106 τὰ
1398 5054 1562 5117 κακὰ,
1602 5055 1700 5119 τὰς

180 5130 234 5182 δὲ
261 5134 527 5206 ποιότητας
553 5141 720 5210 αὐτῆς
758 5145 838 5206 είς
863 5144 926 5196 τὸ
954 5147 1197 5216 κρεῖττον
1223 5145 1444 5218 ἔτρεψεν
1471 5150 1500 5200 ὁ
1533 5147 1663 5212 Θεός
1682 5167 1696 5180 ο

183 5222 333 5278 πόθεν
350 5226 413 5279 τὰ
433 5228 564 5283 κακὰ
601 5230 779 5303 ζητεῖν
804 5234 1034 5306 ἀνάγκη.
1061 5237 1132 5288 Ἢ
1160 5237 1269 5309 γὰρ
1310 5239 1498 5303 πᾶσαι,
1533 5241 1700 5294 κακαὶ

247 5381 506 5462 (28)VAL._
556 5385 775 5462 Videtur
820 5390 910 5444 hic
955 5406 1077 5447 esse
1118 5393 1312 5452 tertius
1365 5395 1696 5462 collocutor,

187 5451 543 5533 cujus‘mentio
570 5461 724 5533 initio
753 5460 920 5533 fit,iut
955 5463 1138 5517 eadem
1163 5451 1352 5522 haeresi
1377 5451 1696 5533 laborantis;

188 5529 332 5589 atque
349 5523 740 5601 Valentinianus
765 5523 858 5601 qui
889 5533 1107 5587 modum
1143 5535 1305 5590 alium
1335 5536 1522 5591 tuendi
1549 5523 1700 5592 erro;

191 5604 326 5675 rem,
373 5598 508 5675 socio
557 5617 690 5670 pene
732 5598 968 5667 re'victo,
1004 5613 1273 5675 suggerat.
1332 5605 1469 5673 Quia
1516 5615 1697 5662 tamen

192 5655 390 5740 Photius
413 5655 968 5743 ejusm'odi'personas'
999 5655 1376 5740 adﬂarat-i7
1409 5677 1698 5733 maluimus

194 5743 398 5814 limuqu
430 5740 548 5814 illud
576 5740 769 5798 nom—en
800 5744 1032 5814 retinere
1057 5760 1216 5814 quam
1255 5761 1318 5800 ex
1351 5747 1509 5801 nobis
1553 5747 1700 5801 aliud

1318 339 1447 395 LIB.
1487 339 1576 394 DE
1613 338 1860 395 LIBERO
1897 335 2242 397 ARBITRIO.

237 460 440 514 ΟΥᾹΛ.
484 456 641 510 Ἀλλά
674 455 763 509 τὸν
792 456 888 526 μὲν
918 454 1052 527 πρὸς
1084 454 1175 508 τὸν
1203 454 1387 525 ἕτερον
1412 455 1565 524 λόγον
1607 458 1712 509 ἱκα-

1894 453 2048 509 VAL.
2074 453 2184 526 (28)
2216 452 2519 522 Enimvero,
2552 456 2748 526 amice,
2799 467 3116 530 praesentem
3148 452 3386 532 quidemE

3265 349 3371 405 258

1825 545 2271 616 disputationem,
2311 549 2442 603 mihi
2474 557 2665 604 contra
2716 552 2881 606 alium
2911 557 3265 624 opportunius
3292 542 3386 614 vi-I

1823 640 1969 696 deris
2020 639 2340 696 instituisse.
2405 640 2557 697 Unde
2608 645 2754 699 enim
2810 647 2898 702 ille
2930 648 3079 718 prius
3119 651 3268 709 visus
3288 661 3374 710 est

1823 733 2059 789 orationi
2109 733 2426 800 concedere,
2453 734 2578 792 inde
2617 743 2676 790 tu
2727 737 2864 796 bene
2901 741 3050 797 visus
3073 757 3132 798 es
3153 747 3374 800 conclu-

1823 825 1969 880 dere.
2000 825 2134 880 Nam
2160 842 2346 880 verum
2391 826 2583 895 habet,
2619 832 2782 886 semel
2805 847 3087 899 concesso,
3114 850 3234 891 esse
3257 853 3373 893 ma-

1823 918 2014 970 teriam
2047 917 2164 973 sine
2189 918 2447 988 qualitate
2485 928 2539 974 et
2592 921 2876 980 informem
2902 968 2916 992 ,
2958 923 3231 998 Deumque
3251 945 3374 987 esse

1822 1009 2144 1076 qualitatum
2199 1017 2518 1079 auctorem,
2580 1028 2644 1068 ac
2693 1016 2978 1086 qualitates
3016 1033 3139 1074 esse
3189 1022 3369 1089 mala;

1821 1096 1937 1154 fore
1958 1098 2123 1154 Deum
2152 1101 2416 1156 malorum
2464 1113 2759 1162 auctorem.
2793 1106 2862 1162 At
2908 1110 3041 1164 mihi
3070 1111 3264 1167 falsum
3291 1115 3374 1169 vi-

1826 1189 1986 1246 detur
2027 1208 2148 1248 esse
2192 1194 2472 1249 materiam
2522 1196 2640 1254 sine
2669 1200 2929 1269 qualitate
2982 1214 3034 1257 et
3065 1203 3368 1262 informem.

1820 1281 1896 1336 De
1938 1285 2086 1339 nulla
2137 1286 2282 1340 enim
2339 1289 2644 1342 substantia
2694 1293 2870 1360 possis
2931 1294 3196 1352 afﬁrmare
3251 1313 3374 1354 esse

1817 1379 2096 1450 qualitatis
2123 1385 2415 1449 expertem.
2449 1378 2588 1446 Quin
2620 1381 2722 1438 hoc
2751 1383 2868 1452 ipso
2901 1385 3044 1454 quod
3093 1389 3210 1443 sine
3238 1405 3374 1459 qua-

1818 1469 1966 1524 litate
2002 1469 2162 1534 dicis,
2211 1471 2523 1540 qualitatem
2554 1472 2672 1543 ejus
2716 1473 2959 1530 declaras
2986 1515 3001 1542 ,
3056 1478 3373 1537 describens

1815 1561 1993 1631 qualis
2026 1561 2336 1617 sitmateria
2367 1581 2379 1617 :
2420 1563 2563 1633 quod
2590 1571 2674 1619 est
2697 1565 2940 1635 quaedam
2975 1570 3182 1638 species
3231 1588 3370 1642 qua-

1815 1653 2006 1708 litatis.
2039 1651 2240 1718 Quare,
2271 1652 2317 1708 si
2345 1653 2442 1708 tibi
2485 1655 2681 1724 placet,
2729 1656 2892 1712 altius
2918 1659 3102 1716 ordire
3132 1660 3381 1732 disputa-

1815 1742 2038 1795 tionem.
2072 1741 2202 1796 Mihi
2251 1742 2397 1797 enim
2449 1745 2678 1799 materia
2730 1746 3018 1815 qualitates
3059 1750 3128 1806 ab
3166 1760 3373 1809 aeterno

1737 1835 1782 1891 B
1809 1833 2008 1888 habere
2061 1833 2290 1888 videtur.
2334 1832 2412 1888 Ita
2445 1835 2664 1905 quippe,
2707 1851 2740 1892 o
2771 1839 2966 1906 amice,
3014 1849 3069 1896 et
3099 1843 3262 1909 mala,
3300 1846 3374 1901 ab

1813 1924 1932 1995 ejus
1959 1939 2081 1978 esse
2109 1923 2349 1990 deﬂuxu,
2381 1927 2696 1995 pronuntio.

1885 2015 2185 2072 ORTHOD.
2213 2015 2271 2070 Si
2290 2019 2516 2074 materia
2543 2021 2658 2076 suis
2687 2018 2878 2076 affecta
2909 2024 3260 2093 qualitatibus
3300 2028 3377 2084 ab

1813 2114 2019 2162 aeterno
2066 2105 2188 2171 fuit,
2237 2107 2397 2178 cujus
2455 2109 2559 2164 erit
2605 2117 2818 2166 creator
2847 2111 3026 2168 Deus?
3081 2112 3205 2170 Sive
3223 2117 3371 2172 enim

1815 2198 2150 2254 substantias
2175 2199 2494 2268 dixerimus,
2519 2202 2631 2270 jam
2665 2208 2791 2258 ante
2812 2201 2987 2260 fuisse
3002 2204 3375 2277 aﬂirmamus',

1813 2291 1929 2344 sive
1949 2306 2142 2347 rursus
2161 2293 2471 2362 qualitates,
2501 2302 2554 2348 et
2585 2294 2708 2350 illas
2730 2297 3009 2352 exstitisse
3051 2299 3368 2358 asserimus.

1812 2380 1948 2436 Cum
1981 2398 2111 2454 ergo
2127 2385 2236 2438 sint
2267 2384 2383 2439 sine
2405 2383 2514 2440 Deo
2543 2393 2593 2440 et
2631 2387 2949 2444 substantiae
2974 2400 3028 2444 et
3061 2393 3372 2462 qualitates,

1813 2488 2270 2542 supervacaneum
2307 2477 2540 2540 videtur,
2604 2489 2662 2533 ut
2695 2477 2837 2535 Deus
2870 2481 3084 2537 dicatur
3133 2495 3367 2544 creator.

1812 2560 2076 2616 Caeterum
2107 2565 2446 2632 percontanti
2494 2567 2800 2636 responde:
2827 2568 2944 2636 Qua
2985 2575 3194 2630 ratione
3230 2576 3376 2634 dicis

1812 2648 1982 2706 Deum
2010 2667 2133 2709 esse
2167 2653 2524 2711 Creatorem?
2562 2656 2646 2712 An
2671 2659 2816 2728 quod
2870 2662 3203 2720 substantias
3250 2683 3371 2737 quae

1812 2741 2102 2811 aliquando
2129 2743 2368 2810 fuerunt,
2412 2745 2468 2800 in
2506 2747 2735 2802 nihilum
2786 2750 3086 2822 redegerit;
3123 2769 3189 2808 an
3223 2757 3372 2826 quod

1810 2831 2140 2888 substantias
2195 2835 2412 2904 quidem
2479 2840 2870 2908 conservarit,
2937 2844 3032 2898 sed
3078 2846 3369 2914 qualitates

1811 2939 2000 2980 earum
2022 2927 2285 2983 mutarit?

1879 3036 2034 3093 VAL.
2061 3038 2218 3094 Nulla
2279 3043 2413 3098 mihi
2464 3045 2680 3101 videtur
2741 3049 3171 3108 substantiarum
3226 3055 3370 3112 facta

1808 3131 2062 3195 mutatio,
2121 3133 2215 3188 sed
2257 3141 2468 3191 tantum
2525 3140 2870 3208 qualitatum,
2915 3159 3146 3215 quarum
3202 3163 3374 3206 cansa

1810 3220 1978 3277 Deum
2011 3239 2134 3279 esse
2173 3235 2471 3283 creatorem
2522 3229 2773 3288 dicimus.
2824 3233 2890 3287 Et
2917 3239 3366 3307 quemadmodum

1811 3316 1855 3369 si
1893 3316 2015 3385 quis
2051 3318 2217 3382 dicat,
2276 3319 2470 3375 factam
2517 3337 2584 3376 ex
2611 3323 2907 3394 lapidibus
2963 3329 3220 3397 domum;
3258 3348 3376 3402 quo

1811 3418 1991 3464 tamen
2016 3411 2238 3466 minime
2254 3409 2416 3466 fuerit
2443 3416 2746 3484 negandum
2778 3417 2913 3489 (29),
2948 3436 3164 3476 manere
3192 3424 3378 3480 adhuc

1811 3497 2016 3566 lapides
2033 3503 2330 3559 secundum
2355 3506 2737 3572 substantiam,
2757 3510 2847 3579 qui
2867 3510 3120 3568 dicuntur
3138 3515 3366 3574 domus:

1809 3588 2028 3643 domum
2060 3592 2203 3646 enim
2243 3599 2655 3666 compositionis
2681 3603 2941 3670 qualitate
2975 3605 3097 3660 dico
3124 3607 3318 3663 factam
3348 3629 3363 3668 :

1809 3676 1883 3730 ita
1911 3692 2126 3746 censeo,
2155 3680 2345 3752 Deum,
2370 3697 2623 3744 manente
2651 3691 2976 3760 substantia,
3013 3699 3370 3757 mutationem

1808 3771 2096 3838 quamdam
2140 3774 2461 3844 qualitatum
2492 3778 2708 3848 fecisse,
2739 3784 2952 3842 ratione
2996 3787 3154 3858 cujus
3205 3807 3366 3846 mun.

1809 3861 1936 3924 dum
1969 3878 1999 3917 a
2038 3862 2149 3919 Deo
2171 3876 2410 3921 creatum
2444 3868 2668 3927 afﬁrmo.

1878 3950 2178 4010 ORTHOD.
2213 3954 2510 4012 Videturne
2553 3961 2714 4016 etiam
2743 3960 2841 4018 tibi
2869 3961 3009 4016 mala
3035 3964 3374 4021 substantia-

1805 4051 1930 4092 rum
1961 4050 2084 4092 esse
2116 4042 2441 4109 qualitates?

1880 4132 2033 4189 VAL.
2069 4135 2309 4192 Videtur.

1877 4224 2178 4282 ORTHOD.
2205 4227 2514 4287 Fueruntne
2557 4231 2642 4287 hae
2697 4233 2988 4304 qualitates
3041 4237 3108 4292 ab
3155 4248 3361 4297 aeterno

1807 4317 1862 4371 in
1891 4319 2139 4385 materia,
2169 4334 2237 4373 an
2279 4321 2602 4391 principium
2633 4323 2845 4378 essendi
2876 4325 3220 4381 habuerunt?

1887 4409 2036 4466 VAL.
2073 4410 2265 4466 Fuisse
2319 4411 2417 4467 has
2445 4414 2731 4483 qualitates
2765 4415 2832 4471 ab
2852 4425 3052 4473 aeterno
3082 4434 3204 4473 cum
3236 4435 3359 4475 ma-

1805 4503 1940 4558 teria
1971 4503 2244 4559 existimo.

1870 4591 2080 4648 URTH.
2144 4592 2263 4648 Non
2313 4595 2595 4652 arbitraris
2650 4599 3004 4668 mutationem
3063 4602 3354 4671 quamdam

1797 4685 2118 4756 qualitatum
2148 4701 2271 4742 esse
2297 4701 2329 4739 a
2364 4686 2472 4742 Deo
2501 4687 2746 4744 factam?

1867 4777 2021 4833 VAL.
2047 4779 2293 4835 Arbitror
2313 4780 2533 4836 factam.

1868 4869 2077 4924 ORTH.
2112 4872 2170 4925 In
2203 4873 2437 4928 melius?

1872 4961 2027 5020 VAL.
2053 4963 2182 5018 Mihi
2204 4965 2443 5022 videtur.

1867 5053 2077 5111 ORTH.
2110 5057 2167 5110 Si
2196 5071 2324 5128 ergo
2367 5057 2606 5113 materiae
2632 5059 2924 5129 qualitates
2981 5061 3123 5116 mala
3184 5072 3347 5130 sunt,

1798 5148 1942 5205 Deus
1996 5155 2172 5205 autem
2222 5165 2314 5206 eas
2367 5149 2423 5204 in
2461 5150 2654 5206 melius
2707 5152 2993 5219 convertit,
3045 5156 3361 5210 necessario'

1799 5241 2147 5311 quaerendum
2177 5247 2281 5305 est,
2311 5240 2455 5298 unde
2498 5243 2640 5298 mala
2673 5242 2803 5299 sint.
2838 5245 2946 5298 Aut
2974 5245 3120 5300 enim
3163 5257 3354 5299 omnes

1801 5397 2002 5468 talibus
2032 5395 2280 5468 dialogis.

1871 5467 1982 5546 (2?)
2017 5467 2132 5546 Quo
2188 5467 2358 5546 tamen
2405 5469 2615 5546 mittime
2658 5469 2817 5546 fuerit
2860 5473 3206 5546 negandumh
3241 5471 3348 5519 etc.

1799 5534 2103 5606 Qu'od'sola
2127 5540 2355 5614 mutatio
2398 5534 2746 5614 accidentalis
2779 5534 3103 5614 accesserit:
3141 5534 3355 5614 aliaque

1799 5603 2007 5663 tantum
2026 5617 2080 5664 et
2108 5609 2210 5681 alia
2231 5610 2574 5678 compositio,
2595 5612 2743 5666 salva
2767 5605 3067 5681 substantia
3089 5603 3352 5681 lapidum.

1800 5682 2074 5752 interpres
2120 5679 2299 5733 Photii
2346 5676 2517 5734 totum
2565 5681 2872 5752 oppositum
2919 5676 3202 5740 exprimit,
3255 5676 3358 5732 sed

1763 5789 1767 5794 -
1801 5751 1953 5807 nullo
1985 5766 2150 5808 sensu
2171 5752 2305 5809 satis
2329 5765 2588 5821 congruo.

195 5797 327 5855 dare.
358 5803 560 5866 Multum
595 5797 730 5873 lucis
759 5813 914 5874 aﬂ‘crt
945 5797 1223 5886 expEeSSio
1261 5797 1700 5888 ﬁér'ééia'ruﬁlixi
