3962 6278
1361 319 1485 377 LIB.
1525 319 1612 374 DE
1649 315 1895 372 LIBEBO
1931 313 2282 372 ARBITRIO.
3324 319 3432 376 ξω

206 323 309 379 261

205 438 478 509 ἀγένητα’
525 435 614 490 ἵνα
651 435 883 508 παρήσω
911 433 1020 506 ('55)
1067 433 1126 487 rb
1159 433 1482 505 ἐπιζητῆσαι
1504 472 1520 497 ,
1563 434 1614 488 τί
1643 433 1747 487 ὄντι

1869 430 2002 485 Nam
2031 431 2078 486 si
2134 429 2276 485 Deus
2326 438 2442 484 erat
2499 429 2808 500 ingenitus,
2855 437 3116 501 erantque
3163 431 3434 504 simplicia

205 532 357 584 ἐστὶν
411 529 588 584 ἁπλᾶ·
621 525 720 598 ὕλη
743 569 757 594 ,
792 529 825 600 ἢ
878 525 1047 592 εἷδοςς
1100 527 1273 580 Πολλά
1320 527 1426 598 γὰρ
1470 526 1564 580 καὶ
1600 525 1747 580 οὕτω.

1874 526 1964 579 illa
1995 525 2195 594 quibus
2225 523 2447 577 materia
2477 525 2777 594 composita
2798 522 2921 588 fuit,
2950 523 3188 595 ingenita
3221 544 3233 578 :
3273 526 3432 594 plane

202 623 382 676 ἄτοπα
402 621 836 692 ἀκολουθήσειαν.
866 624 1021 675 Δοκεῖ
1048 620 1104 674 δέ
1133 638 1212 673 σοι
1255 619 1416 691 μηδὲν
1457 619 1562 672 τῶν
1601 619 1747 671 δντω·

1872 635 1982 674 non
2009 626 2166 673 erunt
2213 618 2443 688 amplius
2491 617 2618 681 duo,
2645 626 2698 672 et
2727 619 2841 673 sola
2869 618 3103 689 ingenita
3131 637 3144 673 :
3203 626 3262 672 ut
3292 635 3428 688 prm-

205 715 340 769 αὑτὸ
366 713 538 784 ἐαυτῷ
567 714 932 777 ἀντικεῖσθαι;

1872 711 2164 766 termittam
2216 725 2492 779 quarere,
2551 710 2682 780 quid
2726 709 2928 765 fuerint
2985 710 3076 764 illa
3127 710 3428 782 simplicia;

210 825 337 861 num
367 808 612 872 materia,
643 823 712 860 an
767 806 974 861 forma?
1009 803 1139 858 Nam
1174 803 1301 858 hinc
1323 803 1482 857 etiam
1510 809 1807 873 sequentur
1837 802 2010 857 multa
2043 801 2298 856 absurda.
2357 799 2463 856 Sed
2509 809 2561 857 et
2593 802 2696 858 hoc
2742 818 2927 874 quaero
2966 821 2980 857 :
3009 801 3149 856 Num
3213 799 3428 858 videtur

207 901 344 954 nihil
366 901 419 955 in
441 902 604 957 rebus
656 901 757 955 sibi
793 904 968 969 ipsum
992 913 1113 954 esse
1141 898 1520 953 contrarium?

278 995 481 1048 ΟΥΑΛ.
518 995 692 1047 Δοκεῖ.

273 1080 508 1134 ΟΡΘΟΔ.
551 1079 872 1132 Ἀντίκειται
912 1077 968 1130 δὲ
996 1076 1071 1147 τῷ
1107 1077 1239 1149 πυρὶ
1275 1077 1334 1130 rb
1358 1075 1500 1149 ὕδωρ
1523 1094 1535 1107 '
1569 1077 1662 1130 καὶ
1691 1076 1767 1148 τῷ

1947 978 2102 1036 VAL.
2133 978 2386 1035 Videtur.-

1939 1071 2146 1128 ORTH.
2172 1073 2332 1143 Atqui
2370 1073 2480 1143 igni
2509 1074 2782 1128 contraria
2813 1081 2896 1130 est
2924 1091 3093 1145 aqua;
3145 1084 3198 1131 et
3220 1078 3326 1134 luci
3353 1089 3428 1138 te-

202 1170 343 1239 φωτὶ⁹
376 1170 436 1222 rb
484 1169 672 1233 σκότος
692 1185 704 1199 ·
739 1169 832 1222 καὶ
863 1166 940 1238 τῷ
977 1167 1168 1239 ψυχρῷ
1199 1166 1258 1220 rb
1303 1167 1530 1239 θερμόν⁹
1562 1167 1653 1220 καὶ
1689 1167 1747 1238 rt]

1867 1165 2076 1232 nebraa;
2111 1173 2162 1221 et
2186 1164 2380 1236 frigido
2409 1165 2678 1234 calidum;
2703 1173 2756 1221 et
2787 1166 2938 1223 arido
2970 1167 3273 1225 humidum.

201 1261 356 1333 ξηρῷ
379 1262 439 1314 τὺ
471 1261 653 1332 ὑγρόνο

180 1367 188 1384 ¹
273 1355 478 1409 ΟΥΑΛ.
511 1353 694 1417 Οὕτως
724 1352 865 1424 ἔχειν
892 1350 965 1422 μὴ
993 1351 1098 1421 (54)
1125 1351 1288 1405 δοκεῖ.

155 5741 220 5771 λλ

270 1445 504 1498 ΟΡΘΟΔ.
553 1443 757 1498 υὺκοῦν
806 1445 852 1496 εἰ
891 1443 1054 1514 μηδὲν
1081 1442 1186 1495 τῶν
1225 1442 1391 1496 ὄντων
1424 1443 1553 1496 αὑτὸ
1587 1442 1760 1514 ἑαυτῷ

201 1539 514 1604 ἀντίκειται,
548 1537 794 1608 ἀλλήλοις
825 1538 881 1591 δὲ
920 1537 1090 1590 ταῦτα
1119 1537 1448 1592 ἀντίκειται·
1481 1539 1578 1592 οὑκ
1607 1539 1761 1594 ἔσον-

1936 1345 2090 1401 VAL.
2119 1345 2245 1400 Mihi
2270 1346 2342 1400 ita
2366 1346 2597 1401 videtur.

1933 1438 2140 1494 ORTH.
2171 1438 2310 1509 Ergo
2338 1439 2381 1492 si
2407 1440 2553 1492 nulla
2583 1454 2670 1494 res
2709 1439 2813 1495 sibi
2854 1439 2969 1510 ipsa
3004 1444 3277 1498 contraria
3307 1455 3422 1514 est;

1865 1530 1980 1586 haec
2009 1539 2191 1586 autem
2245 1530 2348 1586 sibi
2389 1538 2734 1601 repugnant:
2800 1548 2910 1588 non
2951 1549 3080 1604 ergo
3105 1546 3263 1592 erunt
3309 1539 3423 1593 sola

201 1647 288 1685 ται
326 1631 422 1702 ὕλη
469 1630 584 1701 μία,
617 1631 736 1684 οὑδὲ
773 1630 877 1702 μὴν
908 1631 965 1695 ἐξ
996 1629 1128 1701 ὕλης
1175 1633 1322 1702 μιᾶς.
1361 1632 1526 1686 Πάλιν
1563 1632 1619 1686 δὲ
1661 1648 1747 1685 πυ-

1863 1623 2090 1678 materia
2117 1640 2132 1686 ;
2167 1623 2274 1677 imo
2299 1638 2475 1693 neque
2502 1639 2569 1678 ex
2602 1624 2829 1678 materia
2861 1625 2996 1680 sola.
3031 1625 3266 1684 Rursum
3298 1645 3425 1683 vero
3451 1683 3454 1686 ,

202 1723 383 1777 θέσθαι
419 1722 707 1796 βούλομαιο
740 1725 898 1777 Δοκεῖ
931 1740 1012 1776 σοι
1055 1723 1121 1776 τὰ
1159 1724 1298 1795 μέρη
1334 1726 1407 1796 μὴ
1445 1725 1747 1797 ἀναιρετικὸ

1863 1713 2023 1766 velim
2051 1713 2238 1767 audire
2271 1733 2283 1767 :
2317 1711 2458 1766 Num
2490 1721 2650 1782 putas
2678 1721 2861 1784 partes
2893 1730 3002 1768 non
3045 1731 3102 1771 se
3147 1716 3295 1786 ipsas
3339 1719 3425 1775 in-

199 1815 437 1888 ἀλλήλων
465 1812 602 1870 εἶναι
627 1834 641 1883 ;

267 1907 469 1960 ΟΥΑΛ.
507 1909 678 1963 Δοκεῖ.

263 1996 498 2052 ΟΡΘΟΔ.
548 1995 703 2052 Εἶναι
740 1997 795 2051 δὲ
826 1999 922 2070 τῆς
959 1998 1090 2070 ὕλης
1117 1999 1309 2070 μέρος·
1344 1999 1405 2052 τό
1435 2017 1493 2054 τε
1527 2000 1637 2074 πῦρ
1668 2003 1760 2057 καὶ

195 2087 253 2140 τὸ
287 2087 452 2159 ὕδωρ,
475 2088 736 2153 ὡσαύτως
763 2089 819 2142 δὲ
843 2091 934 2143 καί⁵
959 2089 1028 2144 τὰ
1055 2089 1216 2145 λοιπά
1236 2131 1251 2155 ,

265 2180 469 2234 ΟΥΑΛ.
505 2179 693 2244 Οὕτως
727 2180 854 2251 ἔχω.

262 2271 494 2325 ΟΡΘΟΔ.
532 2273 596 2324 Τί
629 2273 720 2338 δέ;
746 2274 804 2326 οὑ
835 2274 982 2327 δοκεῖ
1014 2291 1094 2327 σοι
1119 2273 1456 2345 ἀναιρετικὸν
1488 2275 1587 2347 μὲν
1623 2273 1756 2331 εἶναι

195 2359 285 2412 τοῦ
312 2361 480 2433 πυρὸς
504 2363 564 2415 rb
586 2363 749 2434 ὕδωρ,
769 2363 862 2416 τοὺ
891 2363 944 2416 δὲ
969 2364 1189 2428 σκότους
1214 2365 1274 2418 τὸ
1312 2365 1445 2434 φῶς,
1476 2366 1568 2419 καὶ
1592 2365 1756 2420 τᾶλλα

195 2451 290 2504 ὅσα
320 2454 531 2518 τούτοις
562 2455 912 2526 παραπλήσια
933 2471 948 2520 ;

260 2543 472 2597 ΟΥΑΛζ
501 2545 678 2598 Δοκεῖ.

258 2636 504 2690 ΟΡΘΟΔ.
563 2635 790 2700 Οὑκοῦν,
834 2637 882 2688 εἰ
924 2635 991 2689 τὰ
1024 2635 1161 2707 μέρη
1195 2636 1296 2689 οὑκ
1342 2635 1485 2690 ἔστιν
1517 2636 1756 2709 ἀλλήλων

194 2726 531 2799 ἀναιρετικά,
565 2726 738 2781 ταῦτα
760 2729 814 2781 δὲ
845 2729 1162 2799 ἀναιρετικὰ
1191 2729 1302 2799 (55)
1339 2730 1620 2800 τυγχάνει’
1658 2732 1757 2785 οὑκ

199 2819 342 2890 (ἄρα)
374 2812 524 2872 ἔσται
548 2818 790 2890 ἀλλήλων
827 2820 989 2892 μέρη.
1020 2821 1082 2873 El
1113 2820 1170 2872 δὲ
1203 2820 1302 2873 οὑκ
1333 2819 1484 2874 ἔσται
1513 2822 1756 2892 ἀλλήλων

201 2911 356 2984 μέρη,
394 2913 492 2965 οὑκ
535 2911 748 2966 ἔσονται
797 2912 928 2983 ὕλης
981 2915 1126 2984 μιᾶς.
1187 2913 1343 2967 Ἀλλά
1394 2913 1498 2984 μὴν
1543 2915 1650 2968 οὐδ’
1688 2915 1754 2968 ἂν

196 3002 398 3056 ἔσονται
439 3002 560 3074 ὕλη,
594 3002 672 3074 τῷ
715 3003 878 3074 μηδὲν
913 3006 977 3075 τῇ
1025 3003 1130 3057 τῶν
1181 3003 1348 3057 ὄντων
1393 3003 1524 3057 αὐτὸ
1560 3005 1752 3058 ἑαυτοῦ

194 3094 527 3166 ἀναιρετικὸν
551 3089 711 3150 εἶναι.
741 3094 924 3158 Οὕτως
948 3091 1039 3149 οὖν
1065 3095 1172 3149 τῶν
1200 3096 1585 3167 ἀντικειμένων
1610 3097 1753 3168 ὲχόν-

191 3204 313 3250 των,
345 3188 403 3241 τὸ
437 3188 510 3260 μὴ
544 3184 680 3241 εἶναι
720 3186 816 3259 τὴν
849 3187 978 3259 ὕλην
1015 3187 1305 3244 δείκνυται.
1349 3189 1485 3259 Περὶ
1518 3189 1615 3259 μὲν
1645 3191 1747 3262 τῆς

191 3265 316 3350 ὕλης
347 3281 635 3352 αὐτάρκως
665 3279 797 3350 ἔχει.

268 3373 386 3426 Ἐπὶ
416 3373 472 3426 δὲ
497 3373 594 3444 τὴν
625 3370 732 3426 τῶν
763 3372 948 3428 κακῶν
973 3373 1216 3440 ἐξέτασιν
1234 3372 1487 3448 ἔρχεσθαι
1521 3374 1618 3437 δεῖ,
1652 3377 1748 3428 καὶ

189 3465 494 3532 ἀναγκαίως
529 3464 814 3534 ἀναζητεῖν
861 3465 929 3518 τὰ
964 3465 1093 3536 παρ’
1125 3463 1449 3536 ἀνθρώποις.
1477 3464 1556 3518 Τὰ
1599 3465 1747 3536 παρὰ

189 3553 487 3624 ἀνθρώποις
537 3553 717 3617 κακὰ,
753 3556 980 3627 πότερον
1034 3556 1149 3625 εῐδη
1194 3555 1447 3625 τυγχάνει
1493 3555 1660 3608 κακοῦ
1711 3554 1744 3626 ἢ

192 3644 356 3722 μέρῃ;
387 3647 446 3699 Εἰ
503 3647 609 3718 γὰρ
653 3647 765 3718 εἴδη
786 3663 799 3676 ·
833 3647 933 3700 οὑκ
966 3647 1142 3719 (ἄρα)
1171 3647 1320 3700 ἔσται
1367 3647 1552 3718 ἕτερον
1597 3650 1747 3717 παρά

187 3736 351 3789 ταῦτα
389 3739 480 3791 τὸν
530 3738 696 3792 κακὸν
725 3739 843 3792 καθ’
888 3739 1074 3792 ἑαυτόο
1119 3739 1196 3810 τῷ
1242 3740 1310 3794 τά
1354 3741 1483 3812 γένη
1540 3742 1595 3793 ὲν
1628 3742 1748 3803 ταῖς

186 3829 371 3884 εἴδεσιν
394 3819 785 3896 ἐξετάζεσθαι,
844 3831 939 3885 καὶ
987 3832 1296 3900 ὑφεστάναι.
1351 3834 1413 3886 Εἰ
1454 3832 1512 3885 δὲ
1555 3832 1744 3898 τοῦτο,

185 3921 401 3994 γενητὸν
435 3922 592 3995 (ἄρα)
625 3923 773 3976 ἔσται
812 3923 871 3976 rb
915 3923 1104 3979 κακόν.
1134 3924 1222 3984 ,Τά
1258 3923 1365 3994 γὰρ
1402 3923 1515 3995 εἴδη
1547 3923 1747 3995 γενητὰ

189 4013 310 4066 ὕντα
356 4014 674 4070 δείκνυται*
708 4011 820 4068 οἷον
851 4015 1045 4083 φόνος,
1104 4015 1197 4068 καὶ
1253 4015 1494 4086 μοιχεία,
1538 4015 1633 4069 καὶ
1680 4014 1747 4068 τὰ

191 4105 389 4171 τούτοις
415 4107 790 4181 παραπλήσια.
832 4108 894 4159 El
921 4105 977 4159 δὲ
1018 4105 1158 4178 μέρη
1194 4106 1335 4170 τινὸς
1378 4106 1547 4160 κακοῦ
1576 4105 1748 4160 ταῦτα

192 4201 321 4258 εἶναι
343 4203 560 4270 ἐθέλοις,
599 4205 715 4257 ἐστὶ
741 4203 797 4256 δὲ
829 4201 1000 4256 ταῦτα
1021 4202 1252 4272 γενητά’
1287 4202 1496 4272 ἀνάγκη
1531 4202 1747 4255 κάκεῖνο

193 4297 400 4368 γενητὸν
427 4299 711 4372 ὑπάρχειν.
745 4291 844 4350 Ὦν
877 4295 984 4368 γὰρ
1014 4295 1082 4349 τά
1125 4296 1269 4368 ,μέρη
1314 4295 1540 4365 γενητὰ,
1574 4294 1746 4348 ταῦτα

191 4389 378 4458 ὁμοίως
418 4391 474 4457 ἐξ
522 4390 774 4460 ἀνάγκης
806 4391 922 4444 ἐστὶ
976 4389 1195 4461 γενητά.
1245 4388 1317 4440 Τὸ
1367 4386 1474 4458 γάρ
1524 4387 1641 4440 ὅλον
1682 4388 1745 4440 ὲκ

199 4481 366 4552 μερῶν
395 4485 708 4554 συνέστηκε.
763 4485 871 4536 Καὶ
911 4483 972 4536 τὸ
1007 4481 1104 4553 μὲν
1141 4481 1259 4535 ὅλον
1316 4479 1416 4532 οὑκ
1457 4478 1628 4541 ἔσται,
1667 4478 1740 4548 μὴ

197 4569 353 4624 δντων
388 4576 553 4644 μερῶν
579 4593 592 4606 ·
627 4574 778 4628 ἔσται
799 4573 855 4626 δέ
885 4573 994 4645 (56)
1028 4589 1146 4625 τινα
1175 4570 1280 4624 τῶν
1309 4568 1511 4642 μερῶν,
1543 4569 1642 4622 κᾶν
1668 4567 1742 4639 μὴ

199 4663 258 4715 rb
285 4663 396 4716 ὅλον
423 4671 582 4738 παρῇ.
618 4668 845 4730 Οὐδενὸς
873 4668 928 4720 δὲ
958 4665 1066 4718 τῶν
1089 4665 1255 4718 ὄντων
1287 4663 1448 4735 μέρος
1499 4663 1596 4732 μέν
1628 4664 1742 4714 ἐστι

201 4755 431 4825 γενητὸν,
464 4759 617 4829 μέρος
639 4759 700 4811 δὲ
717 4759 1002 4834 ἀγένητον.
1038 4758 1101 4810 Εἰ
1134 4758 1191 4810 δὲ
1221 4756 1492 4810 καὶτοῦτο
1532 4773 1742 4826 συγχω-

208 4846 422 4916 ρήσαιμι
448 4846 520 4917 τῷ
543 4849 702 4920 λόγῳ,
735 4844 803 4919 ἦν
837 4865 964 4901 ποτε
991 4847 1052 4900 rb
1099 4847 1288 4910 κακὸν,
1334 4847 1421 4899 ὅτε
1453 4845 1742 4916 ὁλόκληρον

206 4937 299 4989 οὑκ
331 4933 426 5008 ἦν’
466 4941 696 4994 τουτέστι
737 4942 865 5013 πρὶν
893 4940 1290 5011 δημιουργῆσαι
1332 4939 1429 5008 τὴν
1473 4937 1604 5010 ὕλην
1652 4935 1743 4990 τὸν

209 5029 350 5083 Θεόν.
397 5032 520 5085 Τότε
567 5033 620 5087 δὲ
670 5035 960 5106 ὁλόκληρον
1003 5033 1244 5102 γίνεται,
1296 5034 1384 5085 ὅτε
1429 5032 1562 5102 πρὸς
1607 5029 1740 5084 Θεοῦ

210 5122 416 5190 γέγονεν
453 5125 747 5197 ἄνθρωπος·
773 5127 880 5180 τῶν
926 5126 1034 5197 γὰρ
1066 5125 1247 5197 μερῶν
1291 5123 1385 5178 τοῦ
1425 5123 1595 5176 κακοῦ
1645 5123 1740 5177 ἄν·

213 5213 412 5284 θρωπος
437 5217 649 5289 ὑπάρχει
674 5221 916 5290 ποιητής.
940 5217 1050 5271 Καὶ
1075 5218 1136 5270 τὸ
1173 5215 1420 5270 ἐντεῦθεν
1452 5214 1740 5286 ὁλόκληρον

211 5304 339 5362 εἶναι
389 5310 446 5362 rb
494 5312 648 5365 κακὸν
681 5315 849 5377 αἴτιος
889 5312 1038 5365 ἔσται
1074 5313 1482 5384 δημιουργήσας
1527 5312 1555 5362 ὁ
1579 5312 1734 5376 Θεός·

211 5401 337 5472 ὅπερ
361 5402 557 5475 ἀσεϐές.
601 5406 658 5458 Εἰ
696 5407 738 5460 δ’
767 5407 874 5458 οὐδ’
923 5405 1179 5476 ὁπότερον
1220 5405 1422 5458 τούτων
1457 5403 1634 5472 λέγεις
1679 5405 1740 5458 τὺ

213 5493 384 5558 κακὸν,
413 5493 594 5564 πρᾶξιν
621 5495 675 5548 δέ
707 5514 850 5560 τινος
881 5493 1053 5548 κακοῦ
1087 5495 1197 5562 (37)
1238 5491 1376 5551 εἶναι
1403 5494 1613 5563 λέγεις’
1648 5511 1737 5563 γε-

190 5590 212 5656 ἓ
425 5629 672 5703 Παρήρνω.
711 5631 794 5686 Al.
830 5633 1134 5703 παρήσατο.

417 5699 523 5774 Μή.
560 5699 727 5756 Scrib.
749 5704 872 5774 μοί.

288 5768 388 5836 (55)
427 5768 781 5840 nlla-amartde
819 5775 903 5828 Al.
939 5771 1279 5828 συνανετικά.

1787 1804 1830 1859 Β
1857 1805 2143 1858 terimere?

1930 1894 2085 1951 VAL.
2117 1895 2274 1953 Puto.

1929 1986 2137 2042 OR'I‘H.
2167 1987 2307 2042 Num
2337 2002 2464 2044 vero
2496 1987 2777 2043 existimas
2822 1989 2997 2060 ignem
3027 1998 3080 2045 et
3110 2007 3334 2063 aquam,
3357 2007 3422 2048 ac

1861 2082 2116 2138 similiter
2145 2082 2373 2151 reliqua,
2405 2096 2526 2136 esse
2556 2088 2738 2152 partes
2767 2083 3042 2137 materiae?

1928 2170 2082 2228 VAL.
2116 2169 2192 2226 Ita
2217 2171 2487 2227 existimo.

1927 2263 2136 2319 ORTH.
2173 2263 2314 2329 Quid
2345 2264 2511 2319 vero?
2537 2263 2656 2318 Non
2689 2263 2903 2320 videtur
2952 2265 3050 2320 tibi
3081 2280 3219 2336 aqua
3247 2265 3421 2321 letha-

1857 2353 1925 2409 lis
1971 2355 2114 2425 igni;
2148 2354 2350 2424 luxque
2403 2353 2675 2422 tenebris;
2726 2361 2781 2410 et
2809 2356 2935 2421 alia,
2972 2360 3146 2428 siqua
3174 2365 3301 2412 sunt
3334 2358 3420 2414 his

1858 2446 2092 2500 similia?

1929 2537 2082 2592 VAL.
2124 2538 2363 2594 Videtur.

1923 2628 2133 2686 ORTH.
2169 2629 2226 2684 Si
2253 2645 2382 2701 ergo
2431 2638 2615 2701 partes
2646 2631 2869 2687 minime
2900 2632 3004 2689 sibi
3055 2633 3284 2689 invicem
3311 2635 3420 2690 exi-

1855 2723 1929 2777 tio
1958 2733 2112 2790 sunt;
2143 2723 2257 2778 haec
2282 2732 2460 2778 autem
2487 2741 2544 2780 se
2573 2732 2762 2780 mutuo
2814 2727 3118 2796 perimunt;
3149 2728 3415 2798 sequitur,

1855 2823 1915 2868 ut
1942 2830 2053 2868 non
2086 2816 2196 2869 sint
2226 2816 2458 2872 invicem
2487 2823 2687 2887 partes.
2727 2816 2783 2872 Si
2817 2826 2996 2874 autem
3039 2835 3146 2876 non
3171 2833 3298 2877 sunt
3329 2823 3416 2876 in-

1853 2907 2028 2964 vicem
2061 2917 2278 2980 partes;
2307 2925 2483 2980 neque
2516 2911 2678 2966 unius
2706 2913 2944 2967 materiae
2973 2922 3154 2984 partes
3186 2915 3415 2988 fuerint.

1853 2997 1966 3054 lmo
2003 3017 2180 3071 neque
2202 3011 2362 3057 erunt
2385 3004 2630 3068 materia,
2666 3004 2812 3074 quod
2844 3005 2979 3059 nihil
3027 3007 3131 3060 sibi
3168 3007 3272 3077 ipsi
3297 3009 3416 3063 exi-

1853 3093 1928 3147 tio
1950 3093 2022 3149 sit
2043 3103 2098 3150 et
2115 3096 2471 3152 contrarium.
2526 3095 2662 3152 Cum
2688 3112 2818 3168 ergo
2851 3097 2926 3153 ita
2963 3114 3022 3154 se
3058 3100 3292 3155 habeant
3315 3118 3414 3172 op-

1849 3187 2047 3256 posita,
2075 3197 2220 3258 patet
2240 3189 2365 3244 inde
2390 3205 2453 3244 ea
2488 3204 2597 3244 non
2626 3205 2748 3246 esse
2795 3193 3100 3248 materiam.
3144 3193 3322 3264 Atque
3347 3195 3416 3250 de

1847 3281 2073 3334 materia
2106 3281 2237 3335 satis
2269 3281 2472 3336 dictum
2501 3282 2592 3337 sit.

1917 3371 2253 3428 veniendum
2289 3382 2466 3430 autem
2500 3382 2583 3431 est
2633 3375 2700 3430 ad
2751 3377 3022 3432 malorum
3071 3377 3412 3450 disquisitio-

1847 3479 1992 3528 nem,
2013 3466 2428 3536 necessarioque
2453 3467 2775 3522 excutienda
2796 3477 2922 3524 sunt
2947 3470 3086 3524 mala
3111 3470 3409 3526 hominum.

1848 3555 2044 3622 Quaero
2070 3557 2236 3627 igitur
2263 3578 2275 3612 :
2309 3557 2447 3612 Mala
2469 3560 2770 3625 hominum,
2798 3569 2995 3616 suntne
3023 3563 3235 3632 species
3256 3564 3409 3628 mali,

1848 3661 1917 3701 an
1949 3648 2170 3718 partes?
2201 3646 2257 3702 Si
2296 3649 2541 3720 species;
2576 3665 2686 3705 non
2731 3651 2837 3705 erit
2867 3666 2998 3721 ergo
3029 3653 3174 3706 aliud
3214 3661 3410 3722 preter

1848 3737 1962 3792 hac
2029 3739 2333 3796 subsistens
2387 3741 2611 3806 malum,
2647 3755 2713 3797 eo
2745 3743 2892 3812 quod
2936 3759 3132 3814 genera
3187 3745 3241 3799 in
3286 3761 3410 3816 spe-

1845 3831 2035 3887 ciebus
2063 3831 2413 3888 inveniantur
2439 3843 2494 3889 et
2521 3834 2840 3890 subsistant.
2867 3835 3022 3902 Quod
3055 3838 3103 3893 si
3124 3837 3199 3892 ita
3224 3838 3408 3904 habet,

1845 3924 1949 3978 erit
1999 3939 2130 3981 sane
2178 3927 2378 3981 malum
2464 3928 2670 3997 aliquid
2721 3938 3086 4000 procreatum.
3133 3932 3222 3987 Sic
3262 3933 3410 3989 enim

1847 4017 2056 4084 species
2092 4034 2212 4089 quae
2241 4019 2370 4084 sint,
2400 4018 2604 4075 factum
2633 4021 2853 4092 aliquod
2881 4025 3178 4079 ostendunt
3208 4044 3221 4080 :
3253 4033 3406 4096 puta,

1847 4107 2219 4174 homicidium,
2271 4110 2594 4167 adulterium
2618 4121 2672 4168 et
2731 4115 2818 4170 his
2849 4115 3070 4170 similia.
3109 4116 3202 4170 Sin
3225 4126 3408 4174 autem

1845 4201 2102 4256 malueris
2135 4217 2254 4259 esse
2287 4211 2470 4273 partes
2514 4205 2746 4274 alicujus
2777 4207 2904 4261 mali
2963 4228 2976 4264 :
3011 4223 3135 4263 cum
3170 4209 3274 4264 illas
3296 4211 3406 4265 sint

1845 4293 1976 4364 quid
2014 4291 2250 4360 factum;
2295 4295 2453 4365 plane
2496 4295 2556 4350 [it
2610 4313 2918 4363 necessum,
2955 4309 3016 4354 ut
3065 4307 3120 4354 et
3173 4301 3304 4355 illud
3334 4302 3407 4355 sit

1844 4384 1976 4454 quid
2007 4384 2228 4439 factum.
2247 4384 2487 4451 Quorum
2517 4388 2658 4442 enim
2674 4397 2854 4457 partes
2879 4397 3008 4444 sunt
3032 4390 3161 4459 quid
3179 4391 3402 4458 factum,

1773 4491 1816 4546 ι)
1844 4477 2007 4530 etiam
2039 4475 2154 4545 ipsa
2184 4475 2433 4531 similiter
2462 4479 2771 4535 necessario
2797 4479 3067 4549 ejusmodi
3089 4488 3234 4536 sunt.
3268 4481 3403 4536 Nam

1843 4579 2016 4629 talum
2049 4581 2264 4629 constat
2288 4574 2555 4644 partibus.
2589 4575 2666 4628 Ac
2698 4581 2870 4630 totum
2899 4573 3116 4644 quidem
3149 4589 3258 4627 non
3276 4575 3399 4635 erit,

1843 4668 2087 4738 partibus
2139 4684 2250 4722 non
2304 4667 2736 4723 exsistentibus:
2789 4674 2969 4737 partes
3026 4682 3154 4722 vero
3209 4665 3405 4737 aliqua:

1841 4769 2022 4824 erunt,
2053 4775 2359 4830 quanquam
2392 4767 2563 4814 totum
2584 4759 2941 4814 desideretur.
2979 4757 3192 4815 Nullius
3220 4770 3400 4814 autem

1841 4853 1920 4908 rei
1952 4869 2080 4924 pars
2106 4854 2274 4908 altera
2305 4853 2486 4924 genita
2525 4859 2630 4916 est,
2656 4853 2824 4906 altera
2856 4852 3117 4922 ingenita.
3144 4851 3241 4907 Sin
3271 4867 3403 4909 vero

1841 4943 1943 4998 hoc
1971 4944 2133 4998 etiam
2163 4942 2398 4999 orationi
2432 4942 2668 5008 dedero;
2702 4940 2847 4995 haud
2877 4950 3058 4996 tamen
3087 4943 3272 5012 negari
3300 4958 3399 5012 po-

1839 5041 1966 5097 test,
2029 5033 2199 5089 fuisse
2252 5032 2469 5103 quando
2522 5032 2723 5086 malum
2754 5047 2860 5086 non
2891 5033 3162 5104 integrum
3197 5041 3346 5088 esset
3381 5051 3393 5086 :

1841 5125 1944 5179 hoc
1985 5133 2088 5188 est,
2117 5134 2404 5196 antequam
2440 5123 2582 5179 Deus
2624 5124 2906 5180 materiam
2937 5123 3216 5180 formaret.
3242 5124 3400 5179 Post-

1841 5232 2002 5288 quam
2035 5217 2178 5272 Deus
2206 5217 2479 5272 hominem
2527 5217 2751 5280 ereavit,
2783 5215 2894 5287 jam
2925 5217 3284 5290 integritatem
3313 5231 3398 5269 re-

1841 5310 1991 5379 cipit.
2015 5307 2147 5362 Nam
2183 5308 2361 5371 homo,
2385 5307 2620 5376 partium
2651 5307 2776 5361 mali
2806 5316 2995 5364 auctor
3021 5315 3106 5364 est
3137 5325 3150 5360 :
3199 5321 3394 5375 eoque,

1840 5404 1982 5459 Deus
2005 5400 2380 5473 quicondidit,
2427 5413 2616 5456 auctor
2647 5399 2808 5456 fuerit
2850 5399 3178 5472 integritatis
3228 5397 3392 5452 mali:

1839 5495 1982 5566 quod
2013 5493 2235 5564 impium
2264 5493 2411 5547 dictu
2436 5493 2526 5548 sit.
2557 5491 2614 5546 Si
2635 5507 2763 5548 vero
2782 5501 3028 5548 neutrum
3061 5489 3251 5541 horum
3283 5501 3394 5540 ma-

1911 5629 2021 5698 (56)
2066 5631 2266 5682 Ἔσται
2294 5628 2378 5700 δέ,
2421 5629 2506 5681 Al.
2549 5630 2656 5700 ἄρα
2683 5631 2758 5684 δέ.
2804 5627 2892 5682 Sic
2932 5632 2985 5681 et
3033 5618 3198 5692 paulo
3245 5628 3392 5690 post,

1840 5703 2008 5762 αἴτιος
2038 5701 2143 5770 ἄρα
2173 5700 2322 5752 ἔσται
2354 5699 2481 5769 δημ,

1913 5772 2021 5844 (57)
2061 5769 2274 5827 Κακοῦ.
2429 5769 2619 5824 κακόν.
