3962 6278
598 355 704 411 265
969 351 998 375 ’

1542 355 1604 411 S.
1643 351 1974 411 BIETHODH
2014 353 2323 413 EPISCOPI
2356 357 2443 412 ΕΤ
2487 353 2842 412 MARTYRIS

3749 355 3882 409 264

597 469 713 522 lum
764 466 967 525 dixeris
997 483 1134 533 esse,
1198 467 1290 523 sed
1347 469 1578 540 alicujus
1600 472 1794 526 malam
1846 473 2156 528 actionem:

2266 473 2419 544 νητὸν
2476 474 2635 528 αὑτὸν
2679 473 2938 544 ὑπάρχειν
2979 470 3218 542 μηνύεις.
3276 471 3340 524 Ἠ
3389 471 3494 542 γὰρ
3542 470 3643 524 τοῦ
3707 489 3883 533 τινος

599 570 716 614 tum
753 560 990 630 genitum
1025 575 1088 613 ac
1117 561 1248 630 quid
1309 560 1537 625 factum,
1570 562 1744 631 ipsum
1785 561 1970 617 doces.
2005 561 2159 628 Quod

601 653 748 707 enim
781 652 1010 720 alicujus
1039 653 1183 708 actio
1215 660 1324 719 est,
1387 654 1598 708 initium
1629 655 1847 709 essendi
1878 663 2160 724 acceptum

600 745 784 798 habet.
815 744 894 797 Ad
927 745 1062 808 haac,
1096 747 1305 800 nullum
1329 755 1584 816 przeterea
1619 747 1766 801 aliud
1790 747 1988 801 malum
2019 748 2160 802 assi-

600 851 763 906 gnare
786 843 957 904 potes.
991 835 1164 902 Quam
1193 838 1336 892 enim
1367 839 1526 892 aliam
1555 839 1847 902 actionem,
1893 850 2084 908 praeter
2108 839 2161 893 id

598 927 741 998 quod
787 928 1139 983 committunt
1191 930 1480 994 homines,
1535 931 1819 1001 assignare
1872 932 2163 987 habueris?

595 1017 730 1072 Nam
755 1019 900 1088 quod
924 1020 971 1075 is
1001 1021 1093 1091 qui
1131 1029 1404 1090 operatur,
1442 1038 1550 1077 non
1586 1023 1657 1077 sit
1687 1023 1802 1092 ipse
1835 1023 2035 1076 malum
2076 1039 2163 1078 se-

595 1114 832 1169 cundum
867 1116 1129 1172 rationem
1147 1119 1485 1182 substantite,
1524 1120 1618 1173 sed
1647 1117 1946 1173 secundum
1989 1117 2160 1186 ipsam

595 1209 718 1260 mali
754 1209 1140 1277 operationem,
1191 1210 1305 1279 jam
1357 1218 1638 1266 ostensum
1682 1208 1807 1265 fuit.
1859 1207 1991 1263 Nam
2023 1211 2160 1264 nihil

594 1309 677 1354 est
711 1301 914 1354 malum
971 1309 1190 1367 natura,
1241 1302 1335 1356 sed
1388 1318 1492 1355 usu
1522 1301 1657 1355 fiunt
1707 1303 1846 1355 mala
1874 1317 1992 1372 qua:
2021 1303 2163 1356 mala

596 1401 746 1450 sunt.
779 1393 990 1465 Quippe
1016 1395 1168 1458 dico,
1195 1395 1367 1464 inquit
1391 1393 1757 1464 (Methodius),
1790 1403 2028 1449 creatum
2065 1394 2164 1448 ho-

596 1485 799 1538 minem
831 1485 989 1538 liberi
1039 1485 1275 1549 arbitrii,
1317 1501 1424 1540 non
1471 1486 1618 1540 velut
1649 1485 1789 1540 malo
1845 1486 2161 1555 aliquojam

598 1578 921 1642 exsistente,
954 1577 1110 1647 cujus
1139 1578 1388 1649 eligendi,
1432 1580 1478 1634 si
1508 1578 1683 1641 vellet,
1715 1585 2035 1648 potestatem
2066 1576 2163 1630 ha-

608 1668 813 1723 beret:
866 1669 959 1724 sed
1015 1682 1232 1740 propter
1283 1685 1596 1725 concessam
1650 1669 1958 1724 facultatem
2005 1667 2162 1722 obse—

2261 564 2456 635 πρᾶξις
2489 567 2666 637 ἀρχὴν
2712 566 2804 617 τοῦ
2843 559 2980 616 εἶναι
3024 563 3304 632 λαμϐάνει.
3347 565 3490 635 Πρὸς
3528 564 3587 617 δέ
3619 563 3880 627 τούτοις

2260 654 2411 706 οὐδὲν
2446 655 2628 726 ἓτερον
2660 653 2808 724 παρὰ
2850 651 3020 707 ταῦτα
3051 653 3216 705 κακὸν
3250 655 3422 705 εἰπεῖν
3463 653 3631 723 ἔχεις.
3675 653 3874 707 Ποίαν

2260 745 2368 816 γάρ
2397 745 2589 816 πρᾶξιν
2619 745 2811 816 ἑτέραν
2854 745 3002 816 παρὰ
3030 745 3089 797 τὸ
3122 744 3227 815 (58)
3270 746 3326 797 ἐν
3374 743 3700 816 ἀνθρώποις
3743 745 3870 797 δει-

2260 837 2440 890 κνύειν
2485 837 2660 908 ἔχεις;
2695 839 2814 889 ’Ότι
2859 836 2967 907 γὰρ
3008 836 3270 908 ἐνεργῶν,
3311 837 3372 888 οὐ
3406 836 3551 889 κατὰ
3595 837 3705 888 τὸν
3757 837 3868 905 τῆς

2260 928 2446 992 οὐσίας
2503 929 2655 997 λόγον
2713 929 2943 999 ὑπάρχει
2987 928 3184 992 κακία,
3241 927 3376 982 ἀλλὰ
3417 927 3540 980 κατ’
3588 927 3741 979 αὐτὸ
3801 928 3865 978 τὸ

2261 1022 2498 1091 ἐνεργεῖν
2523 1019 2581 1072 τὸ
2613 1019 2777 1072 κακὸν
2799 1019 2897 1090 ἤδη
2923 1019 3205 1072 δέδεικται.
3238 1020 3442 1089 Ὀτιτῇ
3475 1018 3639 1087 φύσει
3672 1019 3863 1070 κακὸν

2259 1112 2408 1164 οὐδέν
2442 1113 2608 1176 ἐστιν,
2642 1111 2774 1164 ἀλλὰ
2810 1115 2875 1182 τῇ
2910 1113 3099 1182 χρήσει
3131 1112 3336 1180 γίνεται
3388 1111 3533 1162 κακὰ
3566 1109 3638 1161 τὰ
3671 1111 3852 1162 κακά.

2265 1204 2382 1257 Ὅτι
2409 1201 2766 1268 αὐτεξούσιον,
2813 1205 2966 1272 φησὶ,
3008 1203 3284 1272 γεγονέναι
3317 1204 3456 1272 φημὶ
3500 1202 3598 1254 τὸν
3631 1201 3860 1271 ἅνθρω-

2261 1314 2380 1361 πον,
2415 1299 2511 1368 οὐχ
2537 1298 2611 1360 ὡς
2635 1297 3096 1372 προϋποκειμένου
3129 1297 3270 1360 τινὸς
3287 1297 3384 1367 ήδη
3417 1296 3621 1358 κακοῦ,
3654 1289 3723 1347 οὗ
3757 1297 3857 1364 τὴν

2260 1389 2504 1454 ἐξουσίαν
2526 1430 2539 1454 ,
2576 1393 2622 1442 εἰ
2651 1389 2906 1460 βούλοιτο,
2951 1389 3042 1442 τοῦ
3086 1387 3294 1441 ἑλέσθαι
3342 1388 3638 1458 ἄνθρωπος
3671 1389 3851 1456 ἐλάμ-

2262 1481 2439 1544 ϐανεν,
2461 1482 2592 1535 ἀλλὰ
2626 1483 2722 1554 τὴν
2753 1482 2846 1534 τοῦ
2873 1480 3162 1534 ὑπακούειν
3185 1479 3293 1550 (59)
3444 1479 3593 1548 Θεῷ,
3634 1481 3739 1532 καὶ
3779 1481 3849 1550 μὴ

2262 1573 2573 1645 ὑπακούειν]
2599 1574 2765 1626 αῖτιον
2801 1575 2956 1644 μόνον
2978 1569 3064 1643 ἦν.
3084 1570 3250 1624 Τοῦτο
3276 1572 3383 1643 γὰρ
3405 1571 3464 1624 τὸ
3485 1572 3850 1638 αὐτεξούσιον

2261 1664 2507 1717 ἐϐούλετο
2553 1667 2692 1718 τότε.
2757 1667 2866 1719 Καὶ
2929 1666 3219 1736 γενόμενος
3281 1665 3566 1735 ἄνθρωπος
3620 1663 3848 1734 ἐντολὴν

600 1761 803 1830 quendi
836 1760 945 1816 Deo
966 1764 1048 1817 vel
1071 1779 1180 1817 non
1209 1762 1562 1833 obsequendi.
1597 1761 1709 1816 Hoc
1731 1761 1876 1816 enim
1907 1761 2008 1816 sibi
2032 1768 2160 1813 tunc

2266 1755 2522 1826 λαμϐάνει
2555 1756 2701 1828 παρὰ
2731 1756 2824 1810 τοῦ
2857 1757 3009 1810 Θεοῦ.
3053 1758 3162 1811 Καὶ
3195 1757 3439 1809 ἐντεῦθεν
3486 1757 3591 1826 ἤδη
3629 1755 3695 1808 τὸ
3745 1773 3845 1808 κα-

598 1852 835 1917 volebat,
873 1868 936 1906 ac
964 1861 1100 1919 erat,
1135 1854 1360 1908 liberum
1388 1854 1694 1907 arbitrium.
1731 1851 1900 1906 Porro
1944 1858 2160 1905 creatus

597 1943 761 2012 homo
794 1951 1116 2012 praeceptum
1144 1958 1174 1996 a
1209 1942 1318 1997 Deo
1353 1943 1550 2012 accipit
1587 1960 1600 1997 :
1641 1949 1862 2012 tumque
1894 1939 2023 1993 hinc
2047 1954 2162 1992 ma-

597 2009 940 2104 luntoincipit.
969 2009 1094 2090 -Νοη
1134 2036 1275 2088 enim
1325 2009 1487 2104 paret
1510 2032 1694 2088 divino
1744 2009 1998 2086 mandato
2037 2027 2163 2084 :id-

598 2138 704 2192 que
753 2132 806 2178 et
833 2124 1006 2178 solum
1063 2125 1266 2178 malum
1297 2131 1435 2189 erat,
1494 2124 1860 2180 inobedientia
1889 2138 2009 2195 qua:
2038 2136 2161 2176 esse

597 2216 780 2286 cmpit.

717 2326 1096 2386 HETHODII
1155 2328 1257 2383 EX
1318 2328 1537 2384 LIBRO
1602 2327 1700 2382 DE
1762 2326 2034 2382 LIBERO

1193 2398 1564 2454 ARBITRIO.

2263 1847 2356 1900 κὸν
2381 1848 2622 1920 ἄρχεται.
2647 1849 2718 1901 Οὐ
2749 1849 2855 1921 γὰρ
2883 1849 3128 1902 πείθεται
3157 1848 3234 1918 τῷ
3255 1847 3382 1918 θείῳ
3413 1849 3842 1918 προστάγματι·

2265 1941 2356 1995 καὶ
2387 1941 2540 1993 τοῦτο
2581 1942 2674 1994 καὶ
2707 1941 2862 2011 μόνον
2893 1937 2960 2010 ἦν
2993 1940 3051 1994 τὸ
3086 1940 3272 2004 κακὸν,
3318 1941 3350 2010 ἡ
3381 1941 3648 2011 παρακοὴ
3671 1980 3684 2001 ,
3720 1940 3842 2008 ἣτις

2259 2026 2348 2079 τοῦ
2377 2027 2482 2098 (40)
2515 2023 2652 2082 εἶναι
2677 2028 2893 2100 ἤρξατο.

2270 2319 2626 2374 ΜΕΘΟΔῙΟΥ
2681 2319 2779 2372 ΕΚ
2835 2319 3203 2441 ΤΟΥέΙόΊᾷῬΙ
3268 2318 3408 2372 ΤΟΥ
3459 2319 3839 2373 ΑΥΤΕΞΟΥ-

1717 2528 2055 2600 (Excerptum
2079 2527 2141 2581 R.
2169 2525 2234 2580 Ρ.
2262 2523 2532 2580 Sirmondi
2563 2521 2618 2578 S.
2645 2521 2726 2594 J.)

670 2647 842 2706 Homo
867 2649 1009 2705 enim
1035 2656 1356 2720 potestatem
1389 2650 1632 2721 accepit,
1667 2657 1727 2704 ut
1757 2667 1816 2706 se
1844 2651 1960 2722 ipse
1994 2647 2164 2703 servi-

595 2742 698 2797 tuti
736 2741 1040 2806 addiceret,
1070 2757 1180 2797 non
1235 2742 1484 2798 vincente
1543 2743 1868 2799 necessitate
1913 2749 2159 2807 naturae;

600 2849 775 2902 neque
801 2833 1052 2888 facultate
1076 2831 1372 2898 auferente,
1407 2835 1549 2904 quod
1577 2842 1693 2890 erat
1723 2836 1917 2890 melius
1940 2853 1955 2902 ;
2004 2834 2162 2902 cujus

599 2926 761 2978 etiam
799 2925 991 2993 gratia,
1014 2923 1138 2979 dico
1182 2923 1350 2980 fuisse
1379 2941 1697 2982 concessam
1734 2945 1746 2980 :
1798 2934 1857 2980 ut
1900 2926 2160 2980 nimirum

602 3015 845 3069 accessio
873 3016 1053 3086 aliqua
1104 3016 1263 3070 bonis
1293 3016 1564 3086 prioribus
1597 3018 1776 3083 ﬁeret;
1811 3019 1954 3088 quod
1999 3019 2048 3073 ei
2093 3033 2157 3072 ex

2335 2640 2650 2710 ’Ἄνθρωπος
2680 2639 2785 2710 γὰρ
2819 2638 3148 2710 προσέλαϐεν
3185 2638 3452 2706 ἐξουσίαν,
3485 2641 3695 2694 ἐαυτὸν
3728 2643 3828 2696 δου-

2261 2732 2540 2803 λαγωγῶν,
2567 2733 2664 2786 οὑκ
2693 2732 2905 2804 ἀνάγκῃ
2928 2732 3026 2804 τῆς
3053 2731 3264 2800 φύσεως
3291 2733 3490 2803 κρατοὺ
3499 2752 3695 2803 nam”
3724 2737 3826 2790 οὐδὲ

2261 2828 2358 2897 τῆς
2388 2825 2661 2896 δυνάμεως
2690 2824 3082 2896 ἀφαιρούμενος
3112 2823 3243 2897 (41),
3280 2827 3414 2897 ὅπερ
3449 2827 3606 2898 αὐτῷ
3660 2834 3826 2901 κρεῖτ-

2261 2936 2382 2973 τον’
2435 2914 2496 2972 οὗ
2541 2918 2700 2971 ἓνεκα
2743 2917 3062 2988 κεχαρίσθαι
3114 2917 3284 2988 φημί·
3329 2919 3414 2971 ἴνα
3455 2937 3506 2972 τι
3550 2921 3724 2974 πλέον
3764 2916 3827 2974 ὧν

2263 3011 2374 3081 ἔχει
2407 3010 2706 3084 προσλάϐῃ,
2745 3012 2880 3081 ὅπερ
2928 3008 3076 3080 αὐτῷ
3120 3009 3268 3079 παρὰ
3294 3008 3387 3062 τοῦ
3428 3013 3752 3082 κρείττονος
3771 3017 3824 3066 ἐκ

601 3106 907 3161 obedientia
939 3122 968 3161 a
995 3106 1202 3161 meliori
1224 3107 1471 3174 accedit,
1501 3116 1553 3162 et
1572 3116 1630 3163 ut
1655 3109 1895 3164 debitum
1933 3107 2162 3179 exigitur

2267 3106 2362 3175 τῆς
2393 3105 2632 3175 ὑπακοῆς
2657 3103 3023 3175 προσγίνεται,
3051 3103 3144 3156 καὶ
3171 3102 3246 3166 ὡς
3273 3102 3489 3174 ὀφειλὴν
3515 3105 3823 3159 ἀπαιτεῖται

602 3197 673 3252 ab
700 3205 942 3254 auctore.
974 3197 1091 3252 Non
1121 3198 1263 3252 enim
1289 3199 1408 3255 dico
1439 3200 1606 3256 fuisse
1634 3211 1872 3256 creatum
1894 3201 2162 3256 hominem

600 3285 657 3340 in
696 3286 992 3353 interitum,
1041 3287 1134 3342 sed
1160 3297 1378 3358 propter
1405 3291 1648 3345 meliora.
1705 3289 1838 3344 Nam
1888 3291 1932 3345 si
1988 3289 2162 3344 factus

599 3384 743 3431 esset
768 3377 912 3431 velut
957 3378 1173 3447 aliquod
1221 3378 1289 3432 de
1320 3379 1596 3434 elementis
1628 3379 1742 3434 sive
1798 3379 1921 3435 aliis
1970 3378 2048 3434 sic
2078 3379 2162 3432 in-

599 3479 816 3523 sensate
849 3469 1210 3525 servientibus
1263 3468 1392 3534 Deo,
1424 3487 1534 3526 non
1584 3473 1696 3541 jam
1750 3473 2024 3542 proposito
2073 3470 2159 3524 di-

599 3577 756 3630 gnam
785 3561 1084 3617 mercedem
1114 3563 1408 3633 reciperet;
1455 3565 1547 3620 sed
1581 3573 1725 3621 esset
1754 3567 1894 3621 velut
1923 3549 2162 3620 aucforis

600 3654 1039 3717 instrumentum,
1071 3654 1247 3709 aliene
1281 3671 1309 3708 a
1348 3656 1576 3722 ratione,
1605 3658 1675 3713 ob
1701 3658 1841 3712 male
1872 3666 2023 3729 gesta
2073 3672 2162 3712 re-

599 3747 943 3816 prehensioni
987 3749 1278 3803 obnoxius.
1317 3747 1496 3804 Causa
1542 3751 1688 3804 enim
1746 3749 1942 3805 horum
2017 3758 2162 3805 esset

598 3846 777 3892 utens.
806 3839 920 3892 lmo
945 3854 1119 3909 neque
1148 3840 1293 3910 quod
1327 3851 1409 3895 est
1439 3843 1632 3897 melius
1666 3842 1828 3896 homo
1871 3856 2164 3913 cognosce—

598 3940 703 3998 ret,
727 3932 830 3986 nisi
864 3933 1008 3987 illius
1035 3935 1376 4003 cognovisset
1407 3943 1683 3992 auctorem
1705 3979 1719 4000 ,
1747 3937 1842 3992 sed
1873 3937 2002 3990 illud
2043 3945 2164 3991 tan-

603 4029 716 4073 tum
750 4021 816 4074 ad
839 4021 984 4091 quod
1013 4037 1134 4078 esse
1161 4035 1322 4080 natus
1354 4035 1456 4081 est.
1490 4026 1668 4092 Quare
1701 4029 1843 4091 dico,
1875 4044 1998 4082 cum
2022 4027 2163 4084 Deus

603 4111 877 4166 hominem
904 4112 1171 4169 honorare
1203 4124 1257 4170 et
1277 4118 1419 4172 scire
1448 4135 1571 4173 eum
1597 4120 1822 4175 meliora
1850 4122 2006 4176 vellet
2028 4160 2044 4184 ,
2070 4121 2164 4176 de-

602 4203 683 4259 dit
723 4203 772 4257 ci
802 4213 1156 4273 potestatem,
1202 4224 1307 4276 qua
1347 4221 1527 4279 posset
1575 4212 1750 4268 facere
1796 4231 1914 4285 qua:
1964 4216 2159 4282 vellet;

601 4297 831 4366 ejusque
863 4305 1181 4367 potestatem
1221 4300 1288 4353 ad
1321 4301 1546 4355 meliora
1575 4303 1838 4370 hortatur,
1870 4323 1976 4361 non
2019 4306 2161 4378 quod

603 4405 798 4444 rursus
832 4387 1043 4443 auferat
1081 4397 1398 4460 potestatem
1434 4392 1654 4446 liberam
1681 4411 1840 4464 quam
1873 4399 2046 4464 dedit,
2069 4399 2163 4452 sed

604 4489 864 4549 tanquam
903 4481 1047 4551 quod
1069 4482 1262 4537 melius
1287 4490 1390 4546 est,
1421 4483 1696 4540 declarare
1716 4487 1860 4541 velit.
1891 4489 2061 4542 Habet
2090 4489 2165 4542 si-

605 4573 820 4643 quidem
869 4581 1224 4643 polestatem,
1269 4584 1323 4628 et
1367 4576 1680 4630 mandatum
1721 4579 1916 4648 accipit
1963 4597 1977 4633 :
2027 4579 2167 4636 Deus

607 4671 786 4717 autem
818 4661 1092 4731 admonet,
1125 4673 1185 4719 ut
1214 4665 1396 4731 homo,
1428 4667 1778 4732 voluntatem,
1814 4685 1918 4739 qua
1969 4679 2163 4741 potest,

612 4753 665 4806 in
705 4753 904 4807 bonum
953 4752 1236 4810 inflexerit.
1275 4754 1346 4810 ω
1378 4757 1544 4821 enim,
1576 4771 1697 4810 cum
1732 4765 1883 4826 pater
1918 4774 2163 4828 puerum,

609 4844 810 4913 alioqui
858 4844 1144 4901 habentem
1197 4847 1508 4904 facultatem
1549 4849 1615 4903 ad
1659 4849 2044 4919 perdiscendas
2083 4851 2166 4906 di-

611 4933 890 5003 sciplinas,
924 4944 979 4992 et
1017 4938 1186 5008 magis
1229 4954 1418 4995 earum
1465 4941 1644 4996 studio
1693 4941 2164 4997 adhaerescendum

610 5023 879 5090 hortatur,
907 5027 1190 5084 declarans
1234 5046 1356 5086 esse
1394 5031 1444 5085 ei
1493 5031 1546 5086 id
1576 5033 1802 5098 melius,
1854 5049 1962 5114 ηομ
1991 5035 2167 5104 privat

609 5133 834 5187 puerum
884 5127 1149 5188 potestate
1172 5137 1333 5192 quam
1365 5123 1903 5195 habetpquanquam
1931 5126 1976 5180 is
2030 5126 2166 5181 nolit

609 5210 785 5266 libens
812 5210 988 5268 dicere
1017 5231 1030 5267 :
1055 5213 1129 5267 ita
1155 5223 1208 5269 et
1234 5213 1424 5280 Deum,
1455 5233 1576 5270 cum
1620 5218 1891 5273 hominem
1918 5219 2168 5274 hortatur

611 5312 670 5356 ut
693 5304 962 5360 mandatis
998 5314 1206 5376 pareat.
1239 5307 1656 5379 haudquaquam
1708 5312 1943 5366 arbitror
1967 5312 2164 5367 volun-

611 5394 740 5449 tatis
798 5403 1116 5464 potestatem
1145 5398 1375 5464 auferre,
1405 5416 1512 5470 qua
1546 5402 1592 5456 is
1622 5404 1792 5473 possit
1842 5405 2003 5459 etiam
2057 5420 2167 5459 non

829 5568 995 5642 ῌᾳρὰ
1023 5568 1112 5642 τό.
1138 5569 1224 5624 Al.
1255 5569 1408 5642 παρὰ
1437 5570 1551 5625 τοῦ.

685 5635 793 5725 ςξθ)
834 5635 950 5725 Ti?
992 5641 1098 5725 τοῦ
1143 5644 1244 5725 ὑπ.
1269 5635 1739 5725 ,Ρὶωιηὶιιεηιίιιηι
1790 5641 2163 5725 fo_rtasse_.6to't.

617 5698 740 5787 hic:
780 5698 1126 5765 Scribendum
1172 5712 1349 5766 αἰτίαν
1402 5713 1605 5787 μόνην,
1655 5716 1738 5768 vel
1798 5713 1966 5767 αἴτιον
2007 5711 2166 5766 δύνα-

619 5786 732 5842 μιν.

2267 3197 2414 3267 παρὰ
2455 3195 2547 3249 τοῦ
2596 3196 2973 3264 πεποιηκότος.
3010 3196 3084 3247 Οὑ
3125 3193 3232 3265 γὰρ
3267 3195 3358 3246 ἐπὶ
3393 3193 3563 3268 βλάϐῃ
3612 3198 3708 3251 τὸν
3739 3200 3822 3252 ἄν·

2267 3287 2478 3356 θρωπον
2521 3287 2798 3356 γεγονέναι
2837 3288 3003 3358 φημί·
3043 3287 3202 3340 ἕνεκα
3235 3288 3292 3340 δέ
3335 3287 3442 3340 τῶν
3478 3291 3821 3359 κρειττόνων.

2266 3379 2327 3431 Εἰ
2349 3379 2454 3449 γὰρ
2481 3379 2554 3442 ὼς
2587 3379 2643 3430 ἓν
2669 3397 2721 3432 τι
2746 3378 2934 3447 γέγονε
2966 3377 3072 3432 τῶν
3107 3379 3404 3448 στοιχείων,
3435 3381 3467 3450 ἢ
3498 3380 3612 3433 τῶν
3633 3383 3821 3452 ὁμοίως

2264 3470 2616 3524 δουλευόντων
2643 3469 2781 3540 Θεῷ,
2815 3471 2914 3524 οὑκ
2945 3469 3022 3522 ἐτι
3055 3471 3242 3541 μισθὸν
3275 3472 3420 3538 ἄξιον
3446 3473 3548 3542 τῆς
3581 3477 3835 3547 προαιρέέ

2268 3582 2403 3627 σεως
2447 3563 2737 3634 λαμϐάνει·
2791 3563 2905 3616 ἀλλ’
2940 3562 3128 3634 ὥσπερ
3158 3564 3388 3636 ὄργανον
3425 3565 3489 3618 ἂν
3517 3563 3586 3638 ἦν
3617 3567 3709 3620 τοῦ
3741 3571 3817 3638 δη-

2271 3657 2550 3728 μιουργοῦ,
2590 3657 2686 3728 τὴν
2736 3656 2818 3726 ἐφ’
2867 3651 2948 3720 οἷς
2987 3656 3046 3709 οὐ
3095 3656 3274 3720 καλῶς
3320 3657 3571 3730 ἔπραξεν,
3624 3661 3817 3729 ἀλόγως

2270 3751 2476 3822 μέμψιν
2505 3750 2808 3819 ὑπομένων*
2837 3748 3038 3802 τούτων
3073 3748 3178 3819 γὰρ
3207 3749 3374 3812 αἴτιος
3400 3750 3509 3820 (42)
3530 3747 3598 3822 ἦν
3626 3754 3653 3804 ό
3686 3754 3816 3823 χρὼ-

2270 3861 2447 3916 μενος.
2498 3841 2632 3894 Ἀλλ’
2665 3841 2786 3894 οὑδέ
2823 3841 2884 3892 τὸ
2927 3843 3170 3909 κρεῖττον
3220 3840 3500 3913 ἄνθρωπος
3540 3843 3812 3911 ἠπίστατο,

2271 3938 2344 4008 μὴ
2379 3937 2468 3989 τὸν
2510 3934 2676 3989 αἴτιον
2727 3933 2900 3997 εἰδὼς,
2944 3933 3057 3986 ἀλλ’
3106 3936 3278 3986 ἐκεῖνο
3332 3934 3488 4004 μόνον
3535 3937 3619 3998 είς
3665 3937 3693 3988 ὃ
3736 3938 3816 3988 πέ-

2269 4046 2436 4097 φυκεν
2469 4023 2622 4080 εἶναι.
2657 4027 2800 4096 Φημὶ
2832 4025 3116 4097 τοιγαροῦν
3149 4025 3241 4078 τὸν
3273 4025 3402 4078 Θεὸν
3433 4025 3572 4078 οὕτω
3615 4028 3705 4080 τὸν
3738 4029 3814 4081 ἇν-

2269 4119 2482 4189 θρωπον
2507 4119 2728 4189 τιμῆσαι
2759 4117 3205 4188 προαιρούμενον,
3245 4117 3334 4169 καὶ
3367 4116 3471 4170 τῶν
3505 4119 3813 4188 κρειττόνων

2268 4212 2600 4282 ἐπιστήμονα
2631 4209 2888 4277 γίνεσθαι,
2932 4209 3031 4280 τὴν
3072 4209 3313 4272 ἐξουσίαν
3353 4208 3500 4278 αὐτῷ
3528 4208 3623 4262 τοῦ
3668 4210 3811 4264 δύνα-

2269 4304 2390 4356 σθαι
2423 4307 2592 4356 ποιεῖν
2618 4303 2652 4356 ἃ
2685 4303 2949 4373 βούλεται,
2977 4301 3260 4355 δεδωκέναι
3281 4317 3294 4327 ⁸
3326 4301 3418 4354 καὶ
3449 4300 3547 4371 τὴν
3580 4301 3811 4365 ἐξουσίαν

2269 4396 2430 4450 αὑτοῦ
2460 4399 2538 4460 είς
2573 4399 2813 4467 κρεῖττον
2843 4399 3146 4467 παραινεῖν,
3180 4395 3277 4447 οὑκ
3301 4393 3698 4466 ἀφαιρούμενον
3731 4395 3817 4447 πεζι-

2196 4504 2240 4558 D
2268 4489 2349 4541 λιν
2377 4489 2467 4541 τὸν
2501 4488 2855 4552 αὐτεξούσιον,
2889 4488 3021 4540 ἀλλὰ
3061 4487 3150 4539 τὸν
3184 4490 3424 4557 κρεῖττον
3467 4485 3687 4556 μηνύειν
3731 4487 3814 4539 θέ-

2271 4581 2442 4633 λοντα.
2470 4581 2541 4633 Τὸ
2573 4580 2668 4650 μὲν
2690 4579 2797 4651 γὰρ
2824 4578 3077 4632 δύνασθαι
3113 4578 3371 4650 πάρεστιν
3395 4577 3542 4648 αὐτῷ
3564 4595 3576 4607 °
3604 4581 3697 4631 καὶ
3722 4580 3815 4649 τὴν

2271 4673 2486 4742 ἐντολὴν
2524 4671 2816 4742 λαμϐάνει*
2865 4671 2960 4740 τὴν
2992 4671 3049 4722 δέ
3085 4671 3177 4723 τοῦ
3222 4669 3480 4723 δύνασθαι
3510 4670 3813 4740 προαίρεσιν

2271 4768 2349 4827 είς
2377 4764 2434 4819 τὸ
2457 4765 2698 4834 κρεῖττον
2728 4763 2945 4833 τρέπειν
2971 4763 2999 4813 ὁ
3029 4761 3158 4825 Θεὸς
3185 4763 3456 4831 παραινεῖ.
3485 4763 3691 4833 ’Ὠσπερ
3715 4765 3814 4832 γὰρ

2271 4855 2454 4925 πατὴρ
2489 4853 2635 4906 παιδὶ
2664 4855 2947 4924 παραινεῖ,
2981 4851 3227 4915 ἐξουσίαν
3259 4851 3434 4921 ἔχοντι
3470 4853 3814 4922 ἐκμανθάνειν

2269 4945 2335 4997 τὰ
2364 4945 2680 5015 μαθήματα,
2712 4946 2804 4997 καὶ
2851 4944 3046 5014 μᾶλλον
3073 4943 3289 5013 ἔχεσθαι
3317 4942 3426 4996 τῶν
3462 4943 3811 5013 μαθημάτων,

2269 5036 2370 5097 ὅτι,
2402 5037 2643 5106 κρεῖττον
2668 5033 2821 5086 τοῦτο
2847 5033 3084 5105 μηνύων,
3114 5034 3173 5086 οὑ
3199 5033 3295 5104 τὴν
3318 5032 3411 5085 τοῦ
3441 5032 3696 5086 δύνασθαι
3725 5033 3810 5085 τοῦ

2270 5126 2456 5189 παιδὸς
2498 5125 2741 5189 ἐξουσίαν
2786 5127 3024 5196 ἀφαιρεῖ,
3073 5126 3176 5180 κᾶν
3234 5125 3308 5196 μὴ
3344 5124 3484 5178 ἐκὼν
3541 5125 3812 5196 μανθάνειν

2273 5215 2550 5285 βούληταιο
2583 5214 2722 5268 οὕτω
2769 5232 2856 5284 μοι
2884 5215 2977 5267 καὶ
3014 5215 3101 5268 τὸν
3139 5215 3271 5268 Θεὸν
3303 5215 3364 5268 οὑ
3408 5215 3575 5280 δοκεῖ,
3604 5213 3812 5285 προτρέ-

2271 5323 2439 5360 ποντα
2469 5305 2558 5359 τὸν
2595 5304 2878 5376 ἄνθρωπον
2923 5305 3202 5360 πείθεσθαι
3240 5310 3350 5370 τοῖς
3391 5307 3808 5378 προστάγμασιν,

2270 5400 2516 5470 ἀφαιρεῖν
2563 5397 2723 5450 αὑτὸν
2765 5397 2864 5467 τὴν
2900 5398 3143 5464 ἐξουσίαν
3180 5399 3276 5468 τῆς
3320 5399 3685 5470 προαιρέσεως
3727 5396 3806 5450 τοῦ

2343 5576 2453 5645 (40)
2497 5576 2625 5629 Τοῦ.
2659 5577 2742 5630 Al.
2777 5577 2938 5630 αὑτοῦ

2343 5647 2453 5722 (ﬂ)
2500 5647 2963 5722 Ἀφαιρούμενοςι
3003 5648 3182 5722 S_crib.
3220 5650 3642 5722 ἀφαιρουμένης.

2343 5668 2453 5716 tu)
2507 5668 2963 5716 Αφαιρουμενος.
3005 5668 3182 5702 δςτιι).
3220 5668 3642 5774 αιραιρουμενές.

2307 5786 2317 5796 ι
2344 5715 2725 5796 (ηλχούτων
2758 5718 3028 5796 γςξραῖτζ
3041 5718 3218 5774 Locus
3247 5727 3445 5796 etta_tur
3475 5737 3504 5775 a
3590 5739 3635 5776 r.
3673 5719 3798 5777 Tur-

2274 5786 2429 5841 riano
2460 5786 2550 5840 lib.
2584 5802 2633 5839 tv
2659 5786 2952 5858 pro’Epist.
2989 5789 3166 5857 Pont.,
3190 5805 3306 5859 cap.
3333 5789 3386 5844 2.
