3962 6278
612 371 720 428 9.67
1587 368 1644 425 S.
1679 366 2015 425 METHODII
2051 365 2361 425 EPISCOPI
2397 366 2484 423 ΕΤ
2519 363 2874 425 MARTYRIS
3790 365 3918 421 268

616 492 830 560 primis,
887 488 980 545 Dei
1037 491 1288 542 mandata
1345 487 1636 559 negligere,
1688 502 1752 543 ac
1803 487 2027 556 iustitia:
2067 503 2181 558 qum

2289 505 2444 558 γεται
2502 488 2688 542 κακόν.
2741 486 3023 558 Βαρυτάτη
3075 484 3132 538 δὲ
3183 484 3352 556 βλάϐη
3405 483 3468 538 τὸ
3519 482 3912 555 παρακοῦσαι

616 584 874 654 adjuncta
901 578 1139 634 libertati
1167 587 1272 644 est,
1297 578 1496 635 limites
1515 579 1808 649 praeterire.

2289 579 2444 647 Θεοῦ,
2473 582 2596 644 τοὺς
2619 581 2776 654 ὄρους
2795 580 2892 650 τῆς
2923 578 3062 632 κατὰ
3087 575 3147 632 τὸ
3173 577 3518 645 αὐτεξούσιον
3550 578 3657 630 ὑπε
3669 577 3910 648 ρὸἀντα

2288 671 2656 744 δικαιοσύνης.

685 758 748 814 Π.
778 757 910 812 lllud
932 771 1060 812 vero
1086 756 1199 827 jam
1236 765 1390 812 antea
1421 756 1754 826 disputatum
1781 764 1887 821 est,
1910 766 2181 813 monstra-

2360 763 2435 816 B’.
2476 761 2854 835 Προηπόρηται
2886 762 2995 833 (49)
3013 762 3068 815 δὲ
3103 762 3225 834 ἤδη,
3252 763 3346 816 καὶ
3375 759 3703 831 ἀπεδείχθη,
3743 760 3904 826 τοὺς

611 860 856 922 tumque,
909 850 1158 920 pelliceas
1195 853 1398 904 tunicas
1427 851 1467 916 ’⁷,
1498 849 1644 904 aliud
1677 865 1800 905 esse
1831 858 2026 920 praeter
2059 845 2184 906 cor-

609 959 762 1016 pora.
822 941 930 999 Sed
992 943 1347 998 nihilominus
1407 943 1552 998 idem
1601 958 1822 998 rursum
1872 943 2181 1013 (dicendum

607 1040 749 1094 enim
779 1038 979 1108 saepius
1007 1037 1111 1109 est)
1139 1037 1240 1092 hoc
1262 1037 1382 1092 loco
1411 1043 1740 1106 repetamus.
1773 1034 1988 1091 Primus
2021 1037 2183 1108 igitur

605 1132 723 1200 ipse
772 1146 992 1201 parens,
1055 1137 1346 1200 antequam
1395 1144 1474 1184 ea:
1521 1128 1719 1182 tunicae
1765 1141 2179 1196 consuerentur,

603 1237 729 1277 ossa
752 1237 810 1276 se
833 1229 888 1276 et
911 1236 1130 1277 carnem
1157 1220 1360 1275 habere
1389 1219 1714 1286 confitetur;
1739 1235 1861 1274 cum
1898 1223 2178 1285 nimirum,

601 1312 924 1383 perductam
977 1311 1045 1365 ad
1100 1327 1222 1366 sese
1266 1311 1546 1366 mulierem
1610 1312 2027 1380 contemplatus,
2064 1311 2180 1367 Hoc

603 1422 740 1459 nunc
773 1422 855 1469 os,
885 1403 1084 1474 inquit,
1121 1418 1186 1457 ea:
1208 1402 1413 1456 ossibus
1439 1403 1590 1464 meis,
1640 1412 1690 1456 et
1738 1419 1862 1456 caro
1915 1405 1978 1458 de
2027 1421 2182 1460 carne

603 1511 739 1550 mea.
775 1493 841 1548 Et
895 1509 1116 1548 rursum
1150 1512 1163 1546 :
1198 1492 1327 1547 ch
1371 1493 1642 1546 vocabitur
1677 1494 1885 1560 mulier,
1931 1497 2179 1565 quoniam

603 1585 668 1641 de
697 1588 806 1640 viro
835 1595 1045 1656 sumpta
1089 1595 1187 1641 est.
1218 1585 1443 1655 Propter
1473 1586 1569 1638 hoc
1600 1585 1851 1656 relinquet
1890 1585 2041 1639 homo
2071 1602 2182 1655 pa-

604 1688 737 1734 trem
788 1695 942 1733 suum
986 1689 1034 1732 et
1077 1687 1318 1743 matrem,
1350 1687 1397 1732 et
1431 1676 1718 1731 adhaerebit
1755 1679 1912 1732 umori
1938 1695 2048 1732 sua:
2081 1695 2098 1732 :
2129 1689 2179 1733 et

604 1781 756 1825 erum
787 1773 891 1826 duo
927 1772 980 1826 in
1014 1788 1221 1825 carnem
1244 1788 1402 1825 unam
1429 1771 1468 1822 ⁸.
1507 1769 1689 1840 Neque
1709 1771 1851 1825 enim
1875 1781 2053 1826 certos
2083 1770 2180 1824 ho-

2287 853 2674 923 δερματίνους
2700 853 2952 922 χιτῶνας
2989 854 3062 925 μὴ
3095 849 3231 908 εῖναι
3270 853 3339 907 τὰ
3377 853 3631 924 σώματα.
3682 853 3899 922 Ὅμως

2286 946 2343 999 δὲ
2372 945 2478 1016 ,καὶ
2532 945 2691 999 πάλιν
2747 945 2834 1016 (οὐ
2888 947 2997 1018 γὰρ
3057 946 3202 1013 eme
3250 946 3478 1018 ῥητέον)
3537 944 3892 1018 φράσωμεν.

2286 1039 2458 1102 Αὐτὸς
2502 1039 2606 1110 πρὸ
2640 1039 2736 1110 τῆς
2770 1039 3111 1110 κατασκευῆς
3159 1039 3335 1092 αὐτῶν
3362 1041 3390 1093 ὁ
3435 1038 3896 1110 πρωτόπλαστος

2286 1129 2534 1201 ὁμολογεῖ
2575 1131 2670 1184 καὶ
2703 1132 2836 1184 ὀστᾶ
2863 1130 3004 1201 ἔχειν
3050 1131 3144 1184 καὶ
3189 1131 3416 1202 σάρκας,
3469 1130 3638 1182 ὁπότε
3667 1127 3746 1199 δὴ
3787 1128 3891 1198 τὴν

2286 1226 2519 1291 γυναῖκα
2559 1223 2705 1294 αὐτῷ
2733 1226 3130 1296 προσαχθεῖσαν
3153 1223 3508 1292 θεασάμενος,
3544 1219 3744 1275 Τοῦτο
3768 1219 3889 1272 νῦν

2286 1314 2529 1381 ὀστοῦν,
2569 1315 2867 1387 ἐφώνησεν,
2911 1315 2979 1368 ἐκ
3003 1314 3122 1368 τῶν
3157 1311 3355 1367 ὀστῶν
3379 1331 3522 1382 μου,
3577 1311 3684 1364 καί
3719 1311 3885 1378 σὰίξ

2285 1407 2352 1459 ἐκ
2391 1406 2499 1475 τῆς
2535 1408 2760 1475 σαρκός
2802 1422 2952 1476 μου·
2990 1407 3084 1459 καὶ
3127 1405 3318 1458 πάλιν·
3358 1404 3519 1470 Αὕτη
3553 1403 3880 1470 κληθήσε-

2283 1515 2379 1552 ται
2403 1499 2578 1568 γυνὴ,
2608 1499 2696 1552 ὅτι
2717 1500 2786 1552 ἐκ
2810 1499 2915 1552 τοῦ
2944 1497 3164 1567 ἀνδρὸς
3187 1496 3374 1565 αὐτῆς
3397 1498 3662 1567 ἐλήφθη.
3701 1500 3878 1552 ’Ἑνε-

2285 1608 2393 1644 acer
2440 1592 2652 1644 τούτου
2707 1591 3056 1660 καταλείψει
3105 1589 3412 1659 ἄνθρωπος
3469 1589 3580 1644 τὸν
3639 1591 3876 1659 πατέρα

2283 1682 2491 1747 αὑτοῦ,
2529 1684 2626 1737 καὶ
2675 1682 2788 1752 τὴν
2823 1683 3078 1753 μητέρα,
3115 1682 3215 1736 καί
3253 1683 3873 1750 προσκολληθήσεται

2284 1773 2360 1844 τῇ
2399 1776 2633 1846 γυναικὶ
2679 1776 2863 1832 αὑτοῦ
2899 1775 3039 1847 (50)-
3095 1775 3194 1828 καὶ
3231 1775 3471 1828 ἔσονται
3520 1778 3573 1828 οἱ
3629 1775 3752 1828 δύο
3792 1779 3872 1840 εἰς

604 1866 779 1919 mines
825 1863 968 1919 ferre
1021 1879 1282 1934 possum,
1338 1863 1430 1932 qui
1480 1862 1732 1917 consulto
1784 1870 2059 1932 nugantur
2118 1876 2181 1916 ac

2287 1867 2480 1936 σάρκα
2501 1870 2668 1938 μίαν.
2699 1869 2771 1921 Οὐ
2804 1868 2912 1940 γὰρ
2940 1869 3002 1939 δὴ
3034 1867 3292 1939 ἀνέξομαι
3326 1865 3766 1938 φληναφούντων
3799 1885 3871 1918 τι-

604 1954 917 2027 Scripturas
967 1955 1441 2026 impudentissime
1487 1955 1836 2025 detorquent,
1861 1970 1969 2024 quo
2019 1969 2179 2009 suum

603 2051 709 2106 illis
733 2050 800 2105 de
841 2051 1243 2106 resurrectione
1287 2049 1405 2105 sine
1449 2064 1615 2105 carne
1647 2049 1843 2119 dogma
1871 2048 2132 2119 procedat
2163 2065 2176 2102 :

559 2178 566 2183 -
601 2143 693 2200 aui
737 2143 876 2208 ideo,
912 2150 966 2198 et
1019 2157 1146 2197 ossa
1197 2143 1444 2212 quaedam
1478 2141 1855 2212 intelligibilia.
1887 2147 1943 2195 et
1984 2155 2180 2196 carnes

600 2233 846 2288 similiter
878 2221 1248 2303 intelligibiles
1299 2231 1594 2288 commenti
1629 2239 1775 2294 sunt,
1813 2244 1877 2283 ac
1906 2230 2022 2283 suis
2044 2229 2170 2284 alle-

601 2326 762 2395 goriis
797 2325 934 2379 alias
975 2325 1133 2378 aliter
1185 2340 1403 2380 sursum
1457 2325 1822 2392 deorsumque
1871 2338 1992 2379 sese
2048 2337 2181 2378 con-

601 2425 838 2474 vertunt.
880 2418 1044 2488 Atqui
1077 2417 1193 2471 haec
1233 2416 1458 2486 perinde
1505 2430 1569 2469 ac
1628 2414 1831 2484 scripta
1883 2423 2042 2480 sunt,
2085 2430 2181 2470 ac-

601 2509 850 2580 cipienda
901 2523 1058 2574 esse,
1113 2508 1320 2562 Christi
1370 2507 1657 2563 conﬁrmat
1700 2507 2037 2574 auctoritas;
2084 2507 2179 2562 ubi

603 2602 1065 2672 Interrogantibus
1109 2599 1402 2655 Phariszeis
1452 2599 1519 2653 de
1551 2599 1738 2653 uxoris
1783 2596 2037 2661 divortio,
2094 2615 2181 2654 re-

603 2695 889 2768 spondet:
949 2693 1072 2749 Non
1130 2695 1348 2766 legistis,
1410 2694 1534 2764 quia
1591 2692 1682 2763 qui
1741 2691 1865 2760 fecit
1920 2692 2180 2745 hominem

604 2791 666 2844 ab
718 2790 890 2854 initio,
939 2788 1234 2842 masculum
1272 2797 1320 2841 et
1356 2787 1605 2856 feminam
1647 2784 1768 2854 fecit
1816 2799 1902 2838 eos
1926 2785 1954 2840 2
1992 2786 2062 2838 Et
2095 2783 2181 2836 di-

605 2884 728 2936 xit:
769 2881 993 2950 Propter
1040 2881 1134 2935 hoc
1184 2880 1436 2951 relinquet
1494 2878 1648 2932 homo
1699 2887 1904 2947 patrem
1961 2884 2011 2930 et
2065 2891 2181 2929 ma-

605 2983 736 3030 trem
757 2977 801 3039 ”,
834 2984 939 3030 etc.

670 3066 760 3125 lli.
796 3067 904 3123 Sed
935 3075 987 3122 et
1024 3065 1156 3121 illud
1189 3065 1475 3137 perspicue
1527 3061 1821 3118 absurdum
1877 3067 1998 3125 est,
2031 3058 2180 3115 arbi-

608 3160 735 3214 trari
761 3175 961 3229 corpus
997 3159 1051 3212 in
1078 3167 1281 3212 aeterna
1314 3156 1402 3210 illa
1434 3156 1544 3210 vita
1589 3156 1810 3209 minime
1842 3168 1966 3208 cum
1997 3151 2177 3205 anima

609 3252 870 3319 l'uturum,
900 3251 1043 3322 quod
1093 3249 1225 3304 illud
1265 3256 1523 3318 tanquam
1558 3246 1836 3301 vinculum
1870 3259 1933 3298 ac
1986 3243 2177 3314 pedica

607 3346 702 3412 sit;
738 3352 796 3398 ut
827 3359 913 3406 ne,
933 3342 1091 3413 juxta
1123 3340 1269 3412 quod
1303 3341 1618 3410 Opinantur,
1657 3335 2005 3406 sempiternis
2049 3334 2174 3390 vin-

607 3437 740 3492 culis
772 3434 1140 3505 corruptionis
1165 3432 1368 3487 addicti
1390 3431 1690 3493 videamur,
1715 3429 1806 3500 qui
1843 3429 1899 3482 in
1920 3429 2060 3483 lucis
2083 3427 2176 3483 illo

605 3519 766 3600 regno
794 3529 969 3585 simus
993 3525 1312 3580 habitaturi.
1337 3523 1473 3579 Cum
1503 3524 1647 3578 enim
1671 3520 1884 3576 abunde
1907 3520 2177 3575 dissoluta

605 3637 660 3675 ac
689 3619 921 3675 refutata
976 3618 1046 3675 sit
1091 3617 1184 3671 illa
1213 3615 1503 3681 sententia,
1540 3617 1646 3686 qua
1675 3613 1870 3668 animae
1897 3612 2178 3667 vinculum

603 3730 820 3769 carnem
850 3727 972 3768 esse
999 3710 1358 3776 deﬁniebant;
1391 3709 1554 3764 etiam
1602 3706 1737 3762 illud
1780 3707 2018 3761 solutum
2057 3711 2174 3768 est,

604 3822 713 3864 tore
743 3814 802 3861 ut
836 3806 957 3862 ideo
991 3820 1121 3860 caro
1151 3820 1260 3859 non
1283 3810 1557 3873 resurgat,
1589 3817 1659 3856 ne
1693 3800 1740 3857 si
1795 3815 1915 3854 eam
1965 3813 2178 3852 resum-

605 3900 892 3970 pserimus,
921 3897 1088 3952 vincti
1119 3904 1342 3967 propter
1367 3909 1489 3950 eam
1517 3895 1573 3948 in
1601 3905 1771 3962 regno
1802 3892 1895 3945 illo
1926 3889 2065 3944 lucis
2090 3887 2174 3942 iu-

606 3992 708 4045 .uri
738 3991 934 4045 simus.

668 4079 758 4134 Ν.
799 4081 969 4152 Igitur
998 4095 1068 4133 ne
1098 4078 1406 4134 immortale
1451 4077 1725 4149 quoddam
1773 4091 1838 4131 ac
1888 4076 2180 4148 sempiter-

606 4187 731 4226 .ium
760 4172 963 4225 malum
1001 4178 1144 4226 esset
1170 4170 1355 4236 homo,
1403 4177 1463 4224 ut
1501 4171 1613 4239 jam
1666 4168 1905 4224 diximus
1931 4210 1944 4233 ,
1977 4169 2033 4223 in
2068 4181 2180 4237 quo

608 4271 886 4332 peccatum
942 4261 1245 4332 potioribus
1294 4269 1552 4324 auctum,
1605 4260 1905 4315 dominium
1963 4259 2181 4314 obtine-

609 4366 684 4410 (et
717 4355 863 4427 (48);
892 4355 1038 4409 velut
1059 4355 1204 4424 quod
1233 4353 1529 4408 immortali
1558 4353 1612 4407 in
1641 4368 1869 4423 corpore
1913 4353 2180 4424 pullulas-

609 4457 700 4511 εει,
731 4455 786 4503 ει
817 4446 1108 4502 immortali
1138 4445 1365 4517 perinde
1408 4443 1663 4498 alimento
1716 4446 1967 4515 glisceret
1997 4463 2010 4498 :
2045 4458 2175 4513 pro-

2283 1963 2408 2027 νῶν,
2435 1965 2526 2018 καὶ
2557 1962 2888 2035 βιαζομένων
2921 1961 3450 2034 ἀπηρυθριασμένως
3482 1961 3580 2032 τὴν
3617 1961 3661 2013 Γ
3666 1961 3866 2032 ραφὴν,

2281 2056 2368 2109 ἵνα
2411 2057 2593 2120 αὐτοῖς
2631 2055 2751 2127 δίχα
2780 2055 2976 2127 σαρκὸς
3002 2052 3136 2108 εἶναι
3167 2056 3501 2127 προχωρήσῃ
3529 2053 3648 2123 (Si)
3679 2056 3715 2124 ἡ
3745 2055 3868 2107 ἀνά-

2285 2164 2490 2210 στασις,
2514 2147 2646 2200 ὀστᾶ
2668 2145 2854 2216 νοητὰ,
2878 2146 2971 2198 καὶ
2997 2145 3199 2215 σάρκας
3215 2145 3409 2215 νοητὰς
3431 2143 3864 2214 ὑποτιθεμένων,

2281 2238 2374 2291 καὶ
2430 2237 2618 2291 ἄλλοτε
2665 2238 2838 2301 ἄλλως
2885 2235 2996 2290 ἄνω
3042 2237 3135 2288 καὶ
3177 2235 3326 2288 κάτω
3370 2234 3863 2305 μεταϐαλλομένων

2281 2329 2650 2401 ἀλληγορίαις.
2684 2329 2793 2381 Καὶ
2814 2327 2982 2380 ταῦτα
3009 2325 3200 2390 οὕτως,
3225 2326 3300 2388 ὡς
3321 2325 3662 2395 γέγραπται,
3701 2342 3866 2395 παρα·

2280 2421 2670 2494 λαμϐάνεσθαι,
2696 2420 3052 2490 κρατύνοντος
3091 2417 3183 2471 τοῦ
3214 2415 3447 2489 Χριστοῦ
3486 2417 3589 2487 τὴν
3619 2417 3860 2487 Γραφὴν,

2280 2517 2406 2571 ἔνθα
2459 2513 2880 2585 πυνθανομένοις
2917 2515 3030 2576 τοῖς
3067 2512 3379 2583 Φαρισαίοις
3410 2511 3541 2580 περὶ
3576 2507 3858 2581 χωρισμοῦ

2280 2607 2536 2676 γυναικὸς
2569 2607 2951 2678 ἀποκρίνεται·
2995 2607 3115 2659 Οὐκ
3153 2603 3470 2673 ἀνέγνωτε,
3505 2601 3600 2654 ὅτι
3629 2603 3739 2656 ἀπ’
3766 2602 3856 2669 ἀρ-

2281 2698 2398 2768 χῆς
2420 2701 2452 2752 ό
2480 2697 2692 2764 κτίσας
2729 2696 2918 2765 ἄρσεν
2948 2697 3047 2750 καὶ
3077 2696 3233 2764 θῆλυ
3281 2695 3574 2761 ἐποίησεν
3603 2696 3855 2759 αὑτούς;

2281 2791 2392 2844 Καὶ
2433 2790 2602 2843 εἶπεν
2623 2805 2638 2820 ·
2684 2790 2926 2843 Ἕνεκεν
2969 2791 3182 2842 τούτου
3233 2788 3589 2856 καταλείψει
3644 2786 3855 2855 ἄνθρω-

2281 2900 2395 2950 πος
2420 2881 2525 2937 τὸν
2549 2880 2793 2950 πατέρα,
2817 2883 2913 2936 καὶ
2939 2882 3007 2935 τὰ
3034 2879 3179 2952 ἐξῆς.

2352 3061 2427 3114 I".
2471 3059 2702 3113 ’Ἄτοπον
2734 3058 2842 3129 (52)
2873 3057 2929 3112 δὲ
2958 3058 3179 3112 κάκεῖνο
3209 3057 3521 3128 προφανῶς,
3558 3058 3622 3111 τὸ
3661 3058 3852 3112 οἴεσθαι

2281 3149 2341 3205 τὸ
2364 3150 2522 3222 σῶμα
2548 3153 2604 3205 ἐν
2626 3153 2690 3222 τῇ
2715 3152 2794 3214 είς
2813 3151 3010 3212 αἰῶνας
3031 3148 3272 3219 διαγωγῇ
3298 3147 3372 3219 μὴ
3397 3147 3734 3202 συνέσεσθαι
3757 3150 3849 3218 (55)

2205 3206 2248 3265 C
2277 3247 2343 3316 τῇ
2389 3206 2556 3314 ψύχῇ,
2601 3206 2690 3296 διᾶ
2714 3206 2792 3294 τὸ⁷
2817 3206 3013 3311 δεσμὸν
3051 3206 3182 3293 αὐτὸ
3361 3206 3530 3303 ἶττέδιιις
3562 3206 3848 3294 εἶναι·“ῖνα

2282 3335 2355 3408 μὴ
2383 3334 2588 3388 αἰώνιοι
2615 3331 2902 3403 γενώμεθα
2936 3331 3254 3403 κατάκριτοι
3281 3331 3582 3402 δεσμῶται,
3620 3335 3749 3387 κατ’
3773 3337 3848 3386 αὖ·

2276 3428 2422 3492 τοὺς,
2456 3425 2661 3498 φθορᾶς
2688 3425 2802 3495 (54)
2829 3426 2885 3478 ἐν
2904 3427 2970 3496 τῇ
3003 3423 3247 3495 βασιλεία
3268 3424 3360 3476 τοῦ
3387 3426 3565 3494 φωτὸς
3588 3427 3844 3497 ἐσόμενοι.

2277 3519 2584 3590 Λελυμένου
2619 3517 2726 3589 γὰρ
2764 3516 2982 3579 ἱκανῶς,
3009 3517 3100 3569 καὶ
3123 3515 3527 3586 ἐξελεγχθέντος
3551 3518 3653 3572 τοῦ
3681 3520 3842 3586 λόγου,

2280 3612 2337 3664 ἐν
2455 3609 2652 3681 δεσμὸν
2681 3609 2778 3680 τῆς
2813 3607 2992 3678 ψυχῆς
3042 3605 3301 3678 ὼρίζοντο
3336 3603 3476 3662 εἶναι
3508 3608 3614 3680 τὴν
3662 3611 3840 3679 σάρκα,

2279 3702 2496 3756 λέλυται
2532 3701 2625 3754 καὶ
2651 3700 2731 3764 τὸ,
2767 3701 2852 3754 ἵνα
2883 3700 2958 3772 μὴ
2991 3700 3267 3772 δεσμῶται
3297 3701 3353 3752 ἐν
3384 3702 3448 3770 τῇ
3483 3699 3742 3772 βασιλείᾳ
3767 3699 3839 3752 τοῦ

2282 3795 2479 3866 φωτὸς,
2504 3795 2552 3846 εί
2575 3793 2934 3865 ἀπολάϐωμεν
2961 3794 3072 3864 (55)
3097 3791 3286 3865 αὐτὴν,
3309 3792 3567 3863 ἐσόμεθα,
3591 3793 3685 3845 διὰ
3712 3792 3841 3846 τοῦτο

2279 3888 2381 3943 οὐκ
2406 3886 2792 3958 ἀναστήσεται.

2349 4072 2422 4123 Δ⁹.
2449 4070 2565 4124 Ἵνα
2588 4067 2765 4122 τοίνυν
2783 4066 2894 4140 (56)
2929 4065 3001 4138 μὴ
3103 4062 3270 4142 nam
3303 4062 3566 4116 ἀθάνατον
3589 4063 3621 4116 ὁ
3649 4060 3839 4134 ἄνθρω.

2280 4178 2380 4227 πος
2407 4200 2421 4227 ,
2486 4161 2520 4232 ἢ
2582 4160 2847 4224 ἀείζωον,
2899 4160 3036 4230 έχων
3087 4160 3146 4211 έν
3193 4154 3370 4226 ﬁeri?)
3423 4154 3521 4227 τὴν
3581 4157 3839 4228 ἁμαρτίαν

2281 4250 2757 4325 κρατιστεύουσαν,
2791 4250 2889 4304 ἆτε
2933 4252 2989 4304 ἐν
3029 4249 3280 4320 ἀθανάτῳ
3326 4247 3710 4318 βλαστήσασαν
3748 4243 3838 4298 σὼ-

2282 4362 2435 4418 ματι,
2476 4343 2570 4398 καὶ
2608 4344 2871 4398 ἀθάνατον
2906 4343 3132 4414 ἔχουσαν
3163 4343 3388 4412 τροφὴν,
3433 4342 3462 4394 6
3502 4339 3640 4402 θεὸς
3692 4339 3838 4392 αὑτὸν

2279 4440 2366 4493 διὰ
2401 4437 2560 4492 τοῦτο
2598 4435 2787 4507 θνητὸν
2832 4435 3147 4505 ἀπεφήνατο
3193 4433 3475 4505 νεκρότητι
3526 4429 3835 4502 περιϐαλών.

609 4548 783 4609 ριειειι
813 4538 1099 4594 mortalem
1142 4538 1292 4592 illum
1329 4535 1469 4591 Deus
1491 4551 1613 4590 esse
1651 4535 1860 4598 voluit,
1914 4549 1977 4588 ac
2007 4541 2180 4588 morte

2287 4531 2453 4586 Τοῦτο
2485 4530 2595 4602 γὰρ
2626 4530 2674 4582 οἱ
2703 4527 3016 4600 δερμάτινοι
3059 4525 3282 4597 χιτῶνες
3319 4523 3599 4576 ἐϐούλοντο
3618 4563 3633 4586 ,
3672 4523 3758 4575 ἴνα
3784 4522 3838 4592 δὴ

612 4633 897 4688 lamnavit.
933 4630 1048 4686 Hoc
1071 4631 1215 4686 enim
1247 4637 1475 4705 scortea:
1527 4629 1630 4683 illae
1675 4629 1870 4682 tunicae
1899 4627 2174 4697 signiﬁca-

588 4732 753 4789 .oant,
790 4730 852 4777 ut
883 4722 1141 4777 nimirum
1187 4737 1418 4793 corpore
1445 4721 1711 4784 resoluto,
1743 4735 1904 4774 omne
1952 4735 2018 4774 ex
2066 4719 2175 4774 imo

2283 4625 2371 4678 διὰ
2400 4625 2500 4695 τῆς
2530 4622 2837 4685 ἀναλύσεως
2859 4620 2971 4691 (57)
3002 4618 3093 4673 τοῦ
3130 4617 3383 4690 σώματος
3417 4619 3449 4688 ἡ
3479 4617 3726 4690 ἁμαρτία
3750 4615 3839 4668 κάρ

2281 4715 2453 4771 τωθεν
2498 4714 2875 4786 αὑτόπρεμνος
2916 4713 3063 4765 πᾶσα
3107 4709 3416 4781 διαφθαρῇ,
3451 4707 3525 4772 ὼς
3571 4708 3704 4778 μηδὲ
3751 4707 3845 4760 κᾶν

678 4890 698 4920 ⁷
729 4888 858 4945 Gen.
888 4904 972 4953 ιιι,
1001 4887 1090 4941 21.
1166 4887 1188 4919 ⁸
1212 4885 1339 4941 Gen.
1379 4901 1439 4951 ιι,
1470 4883 1561 4948 25,
1585 4881 1674 4936 24.
1754 4882 1776 4912 ⁸
1801 4877 1996 4933 Matth.
2031 4893 2146 4941 xu,
2170 4875 2226 4943 4,
2261 4875 2314 4930 5.

680 5045 790 5118 (48)
827 5043 1140 5118 Potioribus
1168 5052 1402 5118 auctum,
1445 5039 1734 5118 dominium
1768 5031 2173 5118 obtine'rettnSic

613 5103 787 5172 visum
813 5124 897 5170 est
920 5115 1278 5187 circumIOqui
1297 5103 1878 5187 τδ,κρατιστεύουσαν·
1905 5103 2178 5187 signiﬁcat

611 5191 755 5245 enim
790 5201 985 5239 novam
1022 5185 1166 5238 illam
1203 5177 1577 5240 excellentiam
1606 5181 1814 5245 peccati
1846 5177 1899 5229 in
1937 5177 2176 5238 homine,

611 5276 674 5316 ex
708 5256 941 5326 subjecti
983 5255 1414 5320 immortalitate,
1461 5252 1566 5306 nisi
1595 5251 1737 5304 Deus
1774 5251 1950 5318 ipsum
1987 5261 2018 5300 a
2046 5259 2176 5315 pec-

610 5338 754 5394 cato,
787 5333 962 5380 morte
988 5326 1319 5379 damnasset.

680 5386 815 5470 (49L
835 5401 1061 5470 Προηετ.
1102 5395 1292 5466 Epiph.
1323 5393 1454 5448 haer.
1481 5407 1538 5446 ιι.
1581 5389 1653 5444 25
1673 5429 1686 5455 ,
1720 5386 1937 5445 emend.
1969 5401 2034 5441 ex
2076 5400 2177 5439 au-

611 5465 752 5540 tog'r.
775 5465 852 5523 Β.
889 5469 946 5540 l’.
987 5465 1151 5519 Sirm.

638 5528 794 5608 ,(50)
836 5537 913 5607 Τῇ
952 5535 1190 5607 γυναικὶ
1234 5533 1440 5589 αὐτοῦ.
1483 5533 1592 5598 ΑΙ.,
1625 5532 1758 5604 πρὸς
1806 5528 1904 5600 τῆν
1946 5528 2180 5596 γυναῖκα

616 5609 795 5663 αὑτοῦ.

690 5680 798 5750 (51)
815 5680 960 5750 Λίχα
982 5677 1208 5750 σαρκὸς
1228 5671 1382 5750 εἶναι
1398 5671 1775 5750 προχωρήσῃ.
1794 5668 1940 5724 Edit.
1957 5666 2178 5740 Epiph.,

620 5742 1097 5820 mal_e,'6i~"&a.px>$;
1127 5742 1200 5820 μή
1223 5743 1362 5820 εἶναι
1391 5742 1752 5820 προχωρησις.

697 5817 807 5888 (52)
847 5807 1042 5877 Ἄτα-π.
1079 5807 1164 5874 Ἐξ
1189 5807 1395 5891 Ἐρίριι.
1432 5807 1590 5880 ἰωὰ,
1635 5807 1687 5868 ιι.
1723 5811 1814 5883 45,
1855 5807 2070 5866 emend.
2115 5823 2181 5863 ex

2280 5029 2441 5086 codd.
2474 5027 2661 5099 Rupil’.
2700 5033 2754 5082 et
2785 5024 2952 5099 Sirm.

2355 5101 2466 5170 (55)
2506 5087 2894 5170 Σὺνέσεσθαι.
2945 5093 3035 5149 Sic
3068 5093 3225 5170 edit._
3248 5093 3316 5148 Δι
3356 5090 3543 5161 Rupil'.
3581 5097 3634 5145 et
3667 5087 3840 5152 Sirm.,

2288 5164 2653 5227 συνενοῦσθαι.
2687 5171 2877 5221 anima:
2907 5183 3010 5220 non
3035 5164 3339 5218 uniendum.

2359 5242 2469 5310 (54)
2501 5241 2636 5295 Κατ’
2659 5237 2901 5310 αὐτοὺς,
2937 5236 3178 5310 φθορᾶς.
3217 5238 3380 5310 lmpr.
3409 5231 3552 5286 κατὰ
3572 5232 3699 5295 τοὺς
3727 5230 3842 5300 φθο-

2289 5306 2436 5383 ρέας,
2455 5306 2935 5383 ἰέοιιδιιριεβίι-ιιι..
2964 5308 3060 5383 ita}.
3091 5306 3297 5358 ταυτοί.

2355 5371 2465 5453 (55)
2495 5384 2564 5436 Εἰ
2595 5371 3001 5446 ἀπολάϐωμεν.
3028 5378 3191 5446 impr.
3218 5383 3272 5430 et
3302 5373 3493 5439 Sirm.,
3524 5372 3594 5444 ἢν
3621 5371 3844 5442 ἀπολαμρ

2282 5451 2530 5522 ϐάνομεν.

2359 5509 2469 5596 (fili)
2509 5524 2632 5596 ’ἶνα
2661 5521 2807 5596 epla.
2845 5518 2923 5572 Ex
2957 5517 3148 5587 Epiph.
3185 5516 3220 5568 l.
3259 5530 3307 5568 ε.
3341 5530 3492 5596 num.
3519 5512 3615 5578 24,
3640 5509 3838 5567 emend.

2287 5590 2505 5651 excuti.
2537 5590 2748 5660 Rupili,
2783 5591 2836 5642 in
2861 5603 2968 5658 quo
2994 5597 3047 5643 et
3074 5602 3194 5660 quae
3221 5592 3546 5660 sequuntur:

2359 5664 2467 5735 (57)
2500 5649 2999 5735 Τῆς-ἀναλύσεως
3044 5649 3148 5713 τοῦ
3189 5649 3480 5726 σώματος.
3526 5653 3718 5724 Ιιιιρτυ,
3756 5649 3842 5719 τῆς

2286 5735 2348 5791 λύ
2357 5731 2488 5799 iam;
2520 5733 2613 5787 καὶ
2643 5731 2971 5803 διαιρέσεως.
