3962 6278
170 401 271 458 τις

1132 390 1135 393 ’
1228 394 1320 450 EX
1359 388 1564 450 LIBRO
1601 388 1689 448 DE
1729 384 2330 447 RESURRECTIONE.
2366 386 2372 392 ’

3292 382 3399 438 ‘270

170 523 498 599 βραχύτατον
526 520 682 594 ῥίζης
704 519 930 592 ὲαθῆναι
960 520 1142 591 μέρος,
1170 517 1262 588 ἀφ’
1284 511 1343 573 οὗ
1367 517 1485 573 νέαι
1510 515 1731 587 βλάσται

1842 519 2117 584 peccatum
2152 511 2402 581 stirpitus
2432 514 2751 564 enecaretur
2776 546 2789 571 ,
2844 519 2908 559 ac
2951 518 3019 559 ne
3069 501 3403 557 tenuissima:

168 618 326 674 πάλιν
354 616 767 691 ἁμαρτημάτων
801 612 1223 678 ἀναϐλύζωνται.

235 796 310 849 Ε’.
349 792 615 863 Καθάπερ
642 789 775 863 (57‘)
802 789 909 862 γὰρ
942 791 999 842 ὲν
1030 788 1423 859 οἰκοδομήμασι
1456 785 1598 840 ναῶν
1633 803 1732 840 κα-

165 887 280 951 λοῖς
315 884 427 955 (58)
460 885 598 955 συκῆ
629 881 965 953 γεννηθεῖσα,
995 882 1090 935 καὶ
1119 883 1198 944 είς
1233 879 1486 933 ἔκστασιν
1512 879 1606 933 κα)¹
1639 879 1733 949 μέ-

160 977 321 1048 γεθος
364 977 774 1049 εύτραφὴσασα,
813 976 907 1028 καὶ
955 975 1047 1027 ἐπὶ
1096 972 1276 1035 πάσας
1332 971 1429 1035 τὰς
1473 970 1733 1043 ἁρμονίας

163 1068 601 1140 πολυκλημάτοις
625 1067 802 1138 ῥίζαις
822 1066 929 1121 τῶν
948 1065 1108 1119 λίθων
1129 1064 1422 1137 κεχυμένη,
1452 1065 1512 1117 οὐ
1538 1064 1734 1137 πρότε-

164 1140 258 1233 ρον
281 1159 374 1213 τοῦ
399 1158 552 1227 φύειν
576 1158 867 1223 στέλλεται,
890 1158 993 1221 ἕως
1012 1160 1161 1210 πᾶσα
1181 1155 1528 1227 ἀποσπασθῇ,
1553 1154 1736 1209 λυθέν-

162 1267 270 1303 των
297 1249 408 1303 τῶν
440 1249 560 1303 καθ’
603 1248 696 1312 οὓς
726 1248 1021 1319 ἐϐλάστησε
1052 1248 1250 1312 τόπους
1276 1247 1384 1303 τῶν
1415 1247 1606 1301 λίθων·
1647 1247 1736 1300 δυ-

163 1342 323 1396 νατὸν
353 1341 462 1411 γὰρ
482 1344 561 1405 είς
588 1341 711 1406 τοὺς
734 1340 939 1395 ἑαυτῶν
968 1340 1366 1413 ὲναρμοσθῆναι
1387 1341 1586 1404 τόπους
1611 1342 1736 1403 τοὺς

164 1433 367 1498 λίθους,
393 1434 490 1504 τῆς
521 1432 690 1503 συκῆς
718 1431 1096 1504 ἀφῃρημένης,
1121 1433 1269 1495 ὅπως
1291 1434 1319 1485 ό
1349 1432 1447 1504 μὲν
1474 1432 1599 1495 ναὸς
1631 1431 1735 1484 σώ-

163 1529 349 1599 ζηται,
372 1525 533 1599 μηδὲν
557 1526 661 1578 τῶν
688 1523 1057 1595 ἀφανιζόντων
1088 1524 1248 1579 αὐτὸν
1276 1524 1459 1579 κακῶν
1480 1525 1536 1577 ἐν
1561 1522 1736 1595 ἐαυτῷ

171 1621 368 1692 μηκέτι
397 1619 571 1689 φέρων
592 1619 660 1689 ,ἡ
694 1617 750 1669 δὲ
776 1617 916 1687 συκῆ
944 1616 1305 1689 προθέλυμνος
1328 1615 1736 1671 ἀποσπασθεῖσα

163 1712 442 1786 ἀποθάνῃ·
478 1711 616 1765 κατὰ
648 1710 820 1764 ταῦτα
844 1711 941 1764 καὶ
965 1713 993 1764 ό
1015 1709 1147 1772 Θεὸς
1167 1712 1195 1763 ό
1221 1709 1466 1780 τεχνίτης
1492 1708 1584 1762 τὸν
1612 1710 1736 1761 ἐαυ-

168 1806 264 1859 τοῦ
298 1804 420 1868 νεὼ,
464 1803 554 1857 τὸν
604 1802 911 1874 ἄνθρωπον,
955 1801 1109 1873 δίκην
1158 1803 1356 1873 ἀγρίας
1403 1800 1592 1871 συκῆς,
1636 1800 1736 1869 τὴν

167 1893 438 1966 ἁμαρτίαν
470 1892 862 1962 βλαστήσαντα,
892 1889 1183 1944 διεκώλυσε
1210 1889 1440 1944 θανάτου
1474 1887 1737 1958 προσκαί-
1767 1881 1809 1935 Β

170 2002 283 2057 ροις
313 1984 638 2056 προσϐολαῖς
658 1999 671 2014 ⁸
699 1980 1056 2047 ἀποκτείνων,
1081 1981 1219 2034 κατὰ
1245 1982 1306 2034 τὸ
1332 1980 1733 2052 γεγραμμένον,

167 2079 263 2131 καὶ
290 2077 597 2143 ζωοποιῶν·
629 2076 717 2130 ἵνα
745 2074 904 2129 πάλιν
940 2074 1049 2127 τῶν
1080 2073 1257 2127 αὐτῶν
1296 2075 1330 2144 ή
1365 2070 1501 2144 σὰρξ
1536 2072 1734 2144 μερῶν,

166 2169 308 2241 μετά
335 2170 396 2224 τὸ
422 2169 751 2242 ξηρανθῆναι
782 2167 874 2221 καὶ
901 2166 1191 2221 ἀποθανεῖν
1219 2165 1278 2218 τὸ
1310 2165 1630 2238 ἁμάρτημα,
1661 2164 1740 2217 δί-

166 2276 273 2331 κην
300 2257 873 2329 ἀνακαινοποιηθέντος
902 2256 1053 2323 ναοῦ,
1087 2255 1354 2319 ἀθάνατος
1380 2254 1475 2308 καὶ
1503 2255 1738 2325 ἀπήμων

165 2352 390 2424 ἐγερθῇ,
436 2351 631 2416 τελέως
678 2353 741 2404 ὲκ
777 2350 991 2423 βάθρων
1039 2347 1377 2419 ἀπολομένης
1418 2347 1514 2418 τῆς
1556 2347 1737 2417 ἀμαρ-

162 2444 308 2507 τίας.
346 2444 555 2507 Ζῶντος
582 2444 694 2515 γὰρ
732 2443 813 2495 ἔτι
851 2441 944 2496 τοῦ
979 2441 1247 2512 σώματος,
1282 2438 1389 2512 πρὸ
1425 2437 1519 2492 τοῦ
1550 2437 1738 2510 τεθνή-

165 2535 388 2603 ξασθαι,
426 2535 589 2607 συζῇν
620 2536 832 2607 ἀνάγκη
864 2535 960 2589 καὶ
990 2534 1087 2605 τὴν
1130 2531 1424 2605 ἁμαρτίαν,
1453 2531 1598 2585 ἔνδον
1642 2531 1740 2595 τὰς

161 2627 332 2699 ῥίζας
356 2626 526 2697 αὐτῆς
557 2627 615 2679 ὲν
649 2627 779 2696 ἡμῖν
822 2624 1307 2696 ἀποκρύπτουσαν,
1347 2623 1396 2674 εἰ
1429 2622 1521 2674 καὶ
1544 2619 1739 2686 ἔξωθεν

160 2715 367 2790 τόμαῖς
386 2721 504 2783 ταῖς
526 2718 637 2772 ἀπὸ
659 2717 765 2771 τῶν
789 2734 905 2786 σωιρ
913 2715 1179 2788 ρονισμῶν
1211 2713 1342 2785 (59),
1372 2710 1593 2766 καὶτῶν
1623 2726 1742 2765 νου-

166 2810 440 2882 θετήσεων
466 2809 830 2864 ἀνεστέλλετο.
880 2808 1032 2861 Ἐπεὶ
1063 2804 1155 2861 οὖν
1176 2807 1275 2860 οὐκ
1296 2804 1361 2859 ἂν
1387 2802 1524 2876 μετά
1544 2803 1604 2857 τὸ
1635 2820 1742 2872 φω-

163 2900 418 2973 τισθῆναι
465 2900 774 2955 συνέϐαινεν
812 2900 1038 2963 ἀδικεῖν,
1081 2899 1177 2952 ἅτε
1214 2898 1556 2953 παντάπασιν
1606 2896 1737 2949 εἱλι-

164 2993 373 3067 κρινῶς
392 2992 746 3067 ἀφῃρημένης
776 2991 868 3061 ἀφ’
903 2990 1058 3062 ἡμῶν
1089 2990 1190 3061 τῆς
1221 2989 1510 3061 ἁμαρτίας.
1542 2988 1657 3042 Νῦν
1682 2987 1738 3042 δὲ

155 3089 261 3144 καὶ
299 3086 438 3158 μετὰ
465 3086 525 3140 τὸ
562 3084 877 3151 πιστεῦσαι,
912 3084 1007 3137 καὶ
1036 3085 1127 3137 ἐπὶ
1158 3084 1219 3137 τὸ
1258 3082 1402 3156 ὕδωρ
1440 3082 1613 3137 ὲλθεῖν
1644 3080 1738 3136 τοῦ

158 3178 462 3250 ἁγιασμοῦ,
497 3178 753 3242 πολλάκις
774 3179 830 3231 ὲν
855 3175 1149 3248 ἁμαρτίαις
1173 3175 1324 3283 ὄντες
1347 3175 1736 3248 εὑρισκόμεθα.
1764 3227 1807 3283 c

155 3271 353 3332 Οὐδεὶς
390 3269 499 3342 γὰρ
527 3269 696 3333 οὕτως
723 3269 996 3341 ἁμαρτίας
1030 3267 1184 3331 ἐκτὸς
1213 3264 1352 3322 εἶναι
1382 3269 1734 3339 καυχήσεται,

154 3361 235 3425 ὡς
260 3360 399 3434 μηδὲ
424 3360 526 3415 κᾶν
544 3360 909 3432 ἐνθυμηθῆναι
928 3359 987 3412 τὸ
1004 3359 1217 3413 σύνολον
1231 3357 1366 3423 ὅλως
1386 3357 1482 3430 τὴν
1503 3358 1734 3412 ἀδικίαν.

155 3452 321 3505 Ὥστε
359 3450 680 3522 συμϐέϐηκε
711 3451 821 3523 (60)
857 3449 1238 3504 συστέλλεσθαι
1271 3450 1389 3519 μὲν,
1431 3451 1525 3504 καὶ
1547 3466 1740 3503 κατευ-

146 3544 414 3610 νάζεσθαι
449 3546 516 3615 τῇ
547 3542 726 3597 πίστει
748 3541 843 3596 νῦν
871 3543 970 3614 τὴν
997 3528 1290 3615 ἁμαρτίαν,
1327 3544 1406 3607 είς
1437 3541 1498 3595 τὸ
1533 3542 1606 3614 μὴ
1639 3540 1741 3612 φύ-

149 3652 244 3691 σαι
280 3635 397 3707 (61)
438 3635 685 3705 καρποὺς
727 3632 1098 3703 βλαϐοποιοὺς,
1132 3634 1194 3687 ού
1241 3633 1346 3705 μὴν
1393 3631 1742 3703 ἀνασπασθῆ-

150 3747 245 3784 ναι
297 3728 397 3782 καὶ
440 3726 555 3778 τῶν
596 3723 760 3797 ῥιζῶν
817 3726 995 3798 ἄχρις.
1038 3724 1152 3780 Νῦν
1201 3727 1297 3797 μὲν
1357 3725 1590 3779 ἐνταῦθα
1642 3727 1742 3790 τὰς

150 3823 400 3895 βλάστας
439 3818 635 3886 αὐτῆς,
680 3812 790 3871 οἷον
832 3818 933 3881 τὰς
976 3817 1302 3889 ἐνθυμήσεις
1355 3817 1452 3882 τὰς
1476 3819 1736 3891 πονηρὰς,

152 3911 555 3982 συστέλλομεν,
599 3910 671 3980 μή
714 3926 798 3972 τις
834 3910 959 3979 ῥίζα
987 3909 1210 3981 πικρίας
1242 3909 1354 3963 ἀνω
1411 3909 1616 3980 φύουσα
1655 3914 1754 3968 ὲν-,

146 4005 390 4077 οχλήσῃ,
438 4002 520 4073 μὴ
551 4001 748 4062 ἐῶντες
773 4000 1058 4071 ἀναμύειν,
1080 4002 1172 4054 καὶ
1203 4000 1530 4070 διοίγνυσθαι
1555 4002 1624 4056 τά
1648 4020 1766 4075 μετ

151 4098 374 4172 μυκότα
401 4095 609 4166 στόμια
640 4093 778 4164 πρὸς
817 4092 914 4158 τὰς
945 4094 1234 4163 ἐκφύσεις*
1278 4093 1375 4147 τοῦ
1401 4095 1556 4164 λόγου
1589 4096 1744 4166 δίκην

148 4191 346 4261 ἀξίνης
395 4187 544 4255 πρὸς
587 4185 684 4249 τὰς
732 4183 887 4256 ῥίζας
928 4184 1099 4255 αὐτῆς
1139 4185 1239 4249 τὰς
1273 4185 1423 4240 κάτω
1471 4188 1745 4258 φυομένας

1831 605 2053 676 quidem
2082 603 2232 658 ﬁbra:
2269 607 2633 664 remanerent,
2664 597 2808 653 unde
2839 610 2979 652 nova
3016 593 3247 650 subinde
3276 607 3399 665 ger-

1831 697 1979 751 mina
2014 703 2362 765 peccatorum
2404 701 2769 763 erumperent.

1904 787 1970 843 V.
2018 787 2089 842 Ut
2118 787 2262 843 enim
2297 785 2600 857 magniﬁcis
2632 784 2956 855 templorum
2998 782 3287 838 structuris
3312 797 3406 837 ca-

1833 877 2057 948 prilicus
2087 891 2362 940 crescens,
2400 875 2568 945 atque
2590 875 2657 928 in,
2678 874 2969 928 maximam
2990 872 3403 943 amplitudinem

1836 970 2175 1037 adolescens,
2210 975 2264 1024 et
2291 967 2685 1038 multiplicibus
2734 967 2979 1023 radicum
3032 966 3272 1021 brachiis
3308 982 3403 1036 per

1836 1078 2025 1120 omnes
2050 1062 2290 1132 lapidum
2320 1059 2517 1117 diﬁ‘usa
2542 1075 2852 1131 compages,
2883 1075 2990 1115 non
3022 1060 3177 1129 prius
3220 1075 3408 1115 excre-

1837 1170 1990 1211 scere
2023 1170 2087 1210 ac
2139 1154 2405 1225 pullulare
2462 1153 2682 1217 desinit,
2715 1162 2897 1223 quam
2930 1152 3176 1222 disjectis
3231 1168 3298 1207 ex
3343 1168 3409 1208 eo

1837 1247 1981 1304 unde
2010 1258 2170 1304 enata
2209 1259 2293 1305 est
2348 1248 2468 1303 loco
2512 1247 2803 1317 lapidibus,
2835 1255 2949 1301 tota
2976 1246 3195 1317 penitus
3223 1246 3411 1301 evulsa

1836 1342 2092 1397 concidat
2122 1360 2135 1395 :
2175 1350 2290 1396 tum
2321 1341 2488 1408 enim,
2521 1341 2734 1396 sublata
2750 1339 3029 1409 capriﬁco,
3056 1339 3267 1409 lapides
3295 1339 3410 1393 suis

1837 1433 1973 1488 locis
2000 1438 2232 1503 possunt
2253 1432 2490 1496 restitui,
2529 1439 2589 1485 ut
2622 1438 2675 1486 et
2699 1431 2957 1501 templum
2982 1432 3160 1500 ipsum
3194 1430 3409 1485 incolu-

1835 1541 1922 1580 me
1950 1532 2218 1592 servetur,
2267 1540 2388 1579 cum
2422 1525 2631 1578 nullum
2686 1523 2919 1593 amplius
2973 1538 3041 1578 ex
3088 1523 3157 1577 iis
3213 1523 3414 1593 quibus

1837 1619 2202 1686 evertebatur,
2234 1616 2595 1672 incommodis
2620 1617 2846 1683 habeat;
2876 1614 3165 1686 capriﬁcus
3183 1628 3314 1672 vero
3344 1618 3414 1672 ab

1839 1713 1963 1769 imis
2002 1713 2284 1769 radicibus
2313 1712 2501 1768 evulsa
2531 1712 2841 1766 moriatur:
2874 1710 2942 1765 ad
2974 1710 3222 1766 eumdem
3254 1712 3415 1781 plane

1820 1805 2060 1859 modum
2090 1803 2280 1859 artifex
2312 1803 2405 1859 ille
2429 1802 2597 1866 Deus.
2622 1803 3089 1873 templum'suum,
3112 1803 3411 1867 hominem,

1838 1895 1930 1964 qui
1959 1902 2264 1965 peccatum,
2292 1893 2534 1964 capriﬁci
2592 1893 2876 1963 cujusdam
2921 1893 3113 1956 instar,
3141 1893 3418 1962 produxe-

1838 1996 1944 2053 rat,
1990 1988 2183 2041 mortis
2242 1986 2310 2040 ad
2361 1995 2575 2055 tempus
2629 1985 3023 2055 impressione,
3062 1985 3415 2042 fruticatione

1839 2079 2075 2133 inhibuit
2120 2077 2229 2148 (65)
2258 2096 2271 2129 :
2307 2081 2400 2148 qui
2420 2077 2575 2146 juxta
2602 2078 2748 2147 quod
2770 2078 3030 2147 scriptum
3063 2085 3148 2133 est
3169 2080 3234 2141 ιο,
3266 2081 3415 2133 occi-

1839 2169 1932 2223 dat
1965 2176 2019 2223 et
2044 2168 2228 2223 vivere
2250 2166 2413 2222 faciat
2436 2187 2448 2223 :
2476 2178 2536 2222 ut
2570 2168 2765 2223 iisdem
2797 2166 3043 2237 partibus
3060 2182 3210 2232 caro,
3234 2170 3416 2223 exsic-

1840 2264 1963 2313 cato
2008 2257 2480 2327 intermortuoque
2503 2264 2748 2327 peccato,
2783 2256 2929 2311 velut
2958 2257 3210 2326 templum
3241 2257 3418 2327 quod-

1839 2350 1962 2405 dam
1990 2350 2375 2414 instauratum,
2409 2350 2734 2406 immortalis
2768 2349 3079 2421 illaasaque,
3135 2351 3352 2405 sublato
3382 2366 3413 2404 a

1840 2439 2235 2497 fundamentis
2271 2440 2665 2512 proﬁigatoque
2742 2449 2966 2512 peccato
2989 2480 3005 2505 ,
3084 2453 3416 2513 resurgeret.

1839 2533 2050 2591 Etenim
2079 2533 2321 2606 quandiu
2350 2549 2551 2604 corpus
2593 2534 2745 2599 vivit,
2780 2549 2883 2589 nec
2927 2533 3106 2588 adhuc
3136 2547 3413 2590 mortuum

1839 2636 1953 2694 est,
1985 2632 2110 2682 cum
2138 2641 2204 2683 eo
2227 2627 2409 2682 vivere
2436 2634 2722 2696 peccatum
2774 2641 2999 2682 necesse
3055 2633 3174 2690 est,
3223 2636 3280 2681 et
3315 2641 3415 2681 oc-

1840 2718 2016 2773 cultas
2050 2718 2106 2771 in
2137 2718 2296 2772 nobis
2330 2717 2545 2773 radices
2577 2732 2771 2787 agere,
2804 2717 3156 2786 quantumvis
3185 2717 3410 2786 quibus-
3495 2750 3515 2773 ι

1840 2809 1966 2863 dam
1991 2809 2142 2864 velut
2170 2808 2586 2878 castigationum
2634 2808 3225 2878 reprehensionumque
3254 2818 3414 2880 puta-

1838 2898 2078 2954 tionibus
2114 2904 2453 2953 coerceatur.
2510 2896 2762 2967 Alioquin
2788 2907 2909 2967 post
2934 2898 3259 2967 baptismum
3289 2900 3415 2953 nul-

1841 2991 1951 3046 lum
1982 2991 2096 3060 jam
2125 2990 2306 3046 scelus
2351 2996 2761 3060 perpetramus,
2811 2998 3163 3062 posteaquam
3223 3006 3417 3061 pecca-

1840 3090 1956 3138 tum
1980 3096 2017 3135 ra
2042 3082 2205 3137 nobis
2243 3081 2492 3137 funditus
2534 3088 2679 3137 esset
2710 3080 3002 3136 sublatum.
3053 3082 3214 3153 Atqui
3248 3085 3414 3137 etiam

1838 3184 1961 3246 post
1981 3183 2289 3245 susceptam
2322 3174 2501 3239 ﬁdem,
2525 3189 2589 3229 ac
2628 3182 2912 3245 postquam
2945 3175 3012 3230 ad
3045 3190 3240 3244 aquam
3266 3175 3415 3228 illam

1841 3267 2275 3324 sanctiﬁcantem
2305 3268 2672 3335 accessimus,
2727 3270 2869 3338 saepe
2918 3268 3157 3337 peccatis
3193 3267 3413 3321 obnoxii

1842 3361 2173 3416 invenimur.
2208 3358 2395 3431 Neque
2427 3361 2572 3415 enim
2598 3360 2733 3416 adeo
2759 3376 2818 3416 se
2850 3361 3146 3415 immunem
3170 3359 3237 3413 ab
3265 3358 3414 3413 omni

1842 3457 2068 3522 peccato
2100 3450 2322 3521 gloriari
2349 3450 2618 3521 quispiam
2657 3457 2857 3520 potest,
2894 3459 2953 3504 ut
2978 3465 3048 3504 ne
3084 3450 3415 3519 cogitatione

1844 3540 2063 3613 quidem
2118 3542 2297 3598 scelus
2346 3542 2515 3596 ullum
2550 3542 2816 3596 admittat.
2848 3541 3029 3608 Quare
3086 3541 3316 3605 accidit,
3355 3551 3415 3595 ut

1846 3634 2009 3689 modo
2033 3633 2252 3704 quidem
2298 3641 2582 3702 peccatum
2636 3634 2742 3687 ﬁde
2778 3635 3105 3704 reprimatur
3135 3640 3190 3688 et
3215 3647 3416 3687 conso-

1844 3725 2046 3796 piatur,
2078 3734 2138 3779 ut
2161 3740 2231 3780 ne
2253 3725 2592 3795 perniciosos
2633 3724 2844 3780 fructus
2886 3725 3138 3791 emittat;
3179 3739 3290 3779 non
3333 3732 3416 3778 ta-

1846 3833 1969 3873 men
1987 3826 2045 3872 ut
2065 3820 2289 3873 omnino
2321 3832 2385 3873 ac
2413 3818 2678 3874 radicitus
2701 3819 3100 3888 exstinguatur.
3117 3817 3407 3883 Quocirca,

1845 3925 1991 3965 nunc
2018 3910 2237 3981 quidem
2268 3910 2413 3966 illius
2447 3910 2708 3982 germina,
2741 3924 2938 3981 pravas
2983 3909 3238 3964 nimirum
3268 3911 3417 3979 cogi-

1843 4003 2096 4067 tationes,
2130 4002 2471 4070 inhibemus;
2503 4019 2566 4056 ne
2584 4019 2685 4075 qua
2714 4000 2874 4056 radix
2899 4001 3272 4055 amaritudinis
3299 4017 3416 4055 sur-

1844 4109 1961 4147 sum
1991 4094 2289 4163 germinans
2316 4094 2381 4159 “,
2412 4094 2714 4150 molestiam
2764 4093 2921 4149 nobis
2962 4092 3149 4148 allerat
3176 4108 3189 4143 :
3220 4102 3283 4147 ac
3313 4107 3415 4148 nec

1845 4194 2061 4257 apertas
2093 4187 2157 4241 ad
2200 4187 2572 4257 pullulandum
2622 4188 2736 4242 vias
2781 4202 2845 4242 ac
2882 4187 3211 4257 spiramenta
3247 4184 3404 4240 dehi-

147 4283 471 4355 τέμνοντος.
513 4279 649 4332 Τότε
693 4278 789 4332 καὶ
832 4278 892 4332 τὸ
933 4278 1070 4343 ὅλως
1113 4268 1583 4349 ὲνθυμηθήσεσθαι
1617 4279 1740 4350 περὶ

1842 4293 2000 4334 scere
2025 4294 2089 4333 ac
2114 4278 2358 4348 pateﬁeri
2407 4280 2638 4335 sinimus
2658 4319 2673 4343 ,
2714 4280 2898 4335 divino
2929 4278 3107 4334 Verbo
3131 4318 3149 4345 ,
3205 4280 3416 4335 securis

147 4375 356 4439 κακίας
385 4370 844 4444 ἀφανισθήσεται.

1847 4371 2041 4433 instar,
2075 4368 2395 4427 fruticantes
2438 4370 2731 4426 identidein
2784 4371 2852 4427 ab
2881 4370 3064 4426 radice
3092 4371 3291 4440 stirpes
3314 4386 3412 4424 ex»
3462 4418 3468 4424 .

150 4469 397 4528 cidente.
430 4467 503 4521 At
545 4465 604 4519 in
636 4461 821 4518 futuro
846 4462 940 4517 illo
968 4468 1138 4528 statu,
1170 4462 1299 4516 mali
1323 4462 1502 4517 omnis
1527 4462 1613 4516 vel
1641 4460 1829 4515 futura
1854 4461 2119 4531 cogitatio
2156 4462 2401 4517 tolletur.
2772 4509 2779 4517 .

226 4560 323 4627 ς’.
364 4557 507 4630 Φέρε
539 4554 651 4627 (62)
687 4554 814 4625 γὰρ,
851 4554 1070 4607 ἐπειδὰν
1104 4552 1312 4607 πολλῶν
1343 4553 1423 4606 δεῖ
1452 4553 1559 4607 τῶν
1609 4553 1740 4625 περὶ

1913 4553 2003 4609 Vl.
2043 4555 2156 4625 Age
2182 4555 2350 4621 enim,
2377 4555 2634 4626 quoniam
2656 4554 2841 4610 multis
2865 4569 3046 4610 rerum
3076 4553 3415 4624 ejuscemodi

151 4653 226 4709 τὰ
268 4650 501 4705 τοιαῦτα
543 4647 1020 4719 παραδειγμάτων,
1048 4645 1298 4701 ἐντεῦθεν
1329 4644 1469 4700 αύτὰ
1510 4644 1740 4716 μάλιστα

157 4739 565 4812 σκεπτώμεθα,
610 4738 683 4810 μὴ
733 4739 1088 4809 ἀφιστάμενοι
1130 4739 1257 4809 πρὶν
1291 4737 1357 4790 ἂν
1402 4739 1484 4801 είς
1529 4737 1744 4809 εὐδηλο-

152 4837 332 4911 τέραν
375 4820 677 4905 ἑρμηνείαν
731 4829 1146 4902 ἀποτελευτήσει
1172 4829 1264 4883 καί
1294 4828 1563 4895 ἀπόδειξιν
1595 4832 1623 4883 ό
1653 4829 1742 4882 λό-

152 4947 274 5001 γος.
302 4926 566 4981 Φαίνεται
595 4922 770 4978 τοίνυν
795 4921 980 4994 ὥσπερ
1008 4921 1062 4974 εί
1089 4938 1172 4985 τις
1200 4921 1530 4994 δημιουργὸς
1554 4921 1739 4993 ἄκρος,

233 5129 281 5162 ιο
301 5125 467 5182 Deut.
499 5134 676 5186 xxx",
712 5120 799 5177 59.
863 5121 903 5153 ιι
943 5119 1074 5177 Heb.
1104 5136 1203 5188 xtl,
1237 5120 1292 5176 5.

232 5309 376 5384 (εῖτ)
386 5301 646 5384 365041“-
660 5299 876 5384 ηΕξΕρί
885 5301 951 5384 μὲι
961 5300 1136 5384 ιιιεεες,
1151 5316 1208 5355 ιιι
1231 5300 1321 5355 2⁵-

164 5414 167 5415 ν
230 5369 629 5451 (58)’Καλοῒς.
660 5369 1064 5451 Ειιίε.,’κξξιλῶν-ζ
1081 5370 1311 5451 Etmox,
1343 5369 1738 5451 εὐτροξρήσασα.

259 5440 353 5523 59)
384 5442 989 5523 Zwspgoftopét._bls.
1025 5440 1233 5523 Rupili,
1265 5440 1575 5523 συμξρορῶν.

231 5510 349 5596 (ϐυ)
381 5510 753 5596 ξιιίιϐέϐῃκξ.
803 5512 970 5578 Edit.,
997 5510 1312 5596 συνέστηκε.
1341 5510 1458 5566 Mox
1481 5524 1581 5581 pro
1608 5526 1742 5563 κατ-

158 5582 512 5658 ευνάζὲσθαὶ,
536 5584 672 5658 cod_.
696 5583 880 5658 Βίῳ...
897 5582 1262 5647 κατευνάζειν.

233 5648 347 5738 (eo
384 5648 602 5738 φτέοιαι·
634 5648 803 5738 εειίι;;
830 5648 992 5738 ρξσαες
1032 5722 1043 5734 .
1087 5686 1091 5738 ;

234 5722 348 5810 (62)
381 5731 551 5810 ’ἐέρερ
588 5725 807 5810 Τεκλο
830 5722 1141 5810 P393951“!-
1178 5722 1351 5810 "-3.7-

239 5792 365 5879 (63)
383 5792 753 5879 Είυιὶιξαςὶοιιε
790 5792 1065 5879 Λὶηίιξὺμίξζ
1092 5793 1412 5879 Διεκωλυσε,
1431 5808 1627 5879 nempe
1647 5792 1739 5857 τοῦ

170 5865 509 5949 βλάστάνειν.
540 5870 665 5926 Alia
703 5866 863 5925 lectio
888 5865 1152 5938 Epiphan.
1188 5865 1394 5922 διέλυσε
1415 5866 1579 5923 etiam
1607 5878 1739 5921 con-

1845 4646 2107 4717 exemplis
2132 4661 2271 4718 Opus
2306 4654 2391 4703 est
2422 4645 2535 4719 (64)
2556 4687 2572 4713 ,
2616 4647 2748 4702 hinc
2775 4648 3117 4718 potissimum
3148 4648 3253 4702 ista
3283 4661 3419 4702 con-

1848 4739 2184 4806 sideremus;
2216 4756 2393 4812 neque
2438 4742 2592 4811 prius
2621 4741 2690 4797 ab
2717 4756 2784 4798 eo
2811 4748 3131 4812 argumento
3168 4739 3419 4796 disceda-

1850 4847 1973 4887 mus
1997 4872 2011 4897 ,
2050 4847 2213 4903 quam
2245 4834 2303 4887 in
2332 4834 2615 4889 clariorem
2645 4833 3061 4903 explicationem
3095 4848 3160 4886 ac
3215 4832 3418 4903 proba-

1848 4924 2049 4979 tionem
2098 4931 2286 4981 nostra
2332 4924 2555 4981 desierit
2591 4924 2786 4980 oratio.
2818 4924 3049 4981 Perinde
3093 4926 3256 4996 igitur
3279 4942 3420 4981 con-

1916 5298 2013 5353 uit.

1847 5314 2033 5440 Βτῗὲἓ)
2069 5368 2554 5442 Οαρζιὶαηιμηιαίιῇξ
2592 5387 2774 5442 rerum
2822 5371 3139 5442 ejuscemodi
3167 5370 3420 5442 exemplis

1850 5439 1978 5511 opus
2007 5439 2106 5516 est.
2156 5439 2413 5516 Ἐπειδὰν
2433 5439 2642 5516 πολλῶν
2670 5443 2751 5496 δεῖ
2784 5439 2894 5497 τῶν
2927 5445 3053 5516 περὶ
3088 5442 3154 5516 τὰ
3196 5441 3421 5516 τοιαᾳύτα

1849 5509 2329 5582 παραδειγμάτων.
2371 5509 2644 5568 Transitio
2677 5522 2773 5569 est.
2797 5517 2867 5568 ab
2896 5509 3148 5581 exemplo
3174 5511 3416 5579 capriﬁci

1849 5592 1903 5638 et
1934 5584 2120 5652 templi
2153 5582 2220 5635 ad
2249 5583 2551 5652 exemplum
2586 5584 2785 5649 simile,
2818 5585 2934 5637 vitii
2962 5585 3226 5648 labisque,
3262 5588 3316 5635 et
3339 5585 3419 5638 si-

1847 5652 2112 5720 mulacri;
2154 5653 2212 5707 in
2240 5652 2439 5722 quibus
2469 5655 2735 5710 ambobus
2767 5654 2976 5709 destrui
3012 5658 3258 5720 Oporteat
3284 5654 3416 5707 subs

1848 5723 2046 5791 iectum
2072 5724 2266 5779 iterum
2293 5724 2729 5788 instaurandum,
2752 5734 2811 5778 ut
2832 5729 3016 5792 pereat
3040 5723 3186 5791 quod
3216 5725 3415 5779 malum

1847 5795 2100 5866 accessit.
2121 5795 2240 5866 _Non
2264 5793 2400 5850 satis
2427 5793 3267 5866 videtur-_exprimereginterpres
3294 5795 3419 5866 Ιίιιὶι

1846 5865 2028 5933 phanii
2058 5883 2071 5921 :
2103 5864 2365 5932 Quoniam
2395 5865 2573 5921 multis
2602 5864 2670 5918 ad
2702 5864 3033 5935 idaemplis
3058 5881 3184 5937 ppu;
3203 5876 3310 5925 κει.
