3962 6278
189 368 299 426 975

1264 362 1355 418 EX
1395 361 1596 417 LIBRO
1639 360 1721 415 DE
1755 355 2363 417 RESURRECTIONEI

3301 348 3405 403 274

186 485 300 538 Καὶ
326 484 560 555 ἐγένετο
585 484 765 553 λόγος
794 482 1018 551 Κυρίου
1043 479 1191 549 πρὸς
1209 480 1305 550 μὲ,
1328 481 1537 550 λέγων·
1563 482 1626 534 Et
1653 497 1733 534 και

1853 478 2092 532 manibus
2122 479 2275 544 suis;
2310 484 2360 530 et
2395 489 2600 528 rursum
2657 471 2810 542 ﬁnxit
2872 469 2961 523 ille
3006 485 3094 522 uas
3147 466 3400 528 alterum,

189 573 306 642 θὼς
330 578 364 630 ό
393 574 684 645 κεραμεὺς
715 569 892 639 οὗτος
920 575 990 626 οὐ
1019 571 1351 640 δυνήσομαι
1377 572 1550 626 τοῦτο
1579 570 1747 639 ποιῆ-

188 683 296 722 σαι
336 667 510 738 ὑμᾶς,
543 662 706 733 οἶκος
744 664 1020 734 Ἰσραήλ;
1060 663 1203 718 Ἰδοὺ
1234 665 1312 730 ὡς
1343 668 1377 718 ό
1417 666 1609 735 πηλός
1644 664 1747 720 τοῦ

189 757 488 828 κεραμέως
510 757 680 828 ὑμεῖς
709 757 850 812 ἐστε
883 757 954 810 ἐν
983 756 1112 824 ταῖς
1137 757 1311 827 χερσί
1330 775 1470 829 μου.

258 933 334 986 Ζ’.
369 931 608 1004 Πρόσχες
627 931 755 1004 (74⁶)
779 931 885 1004 γὰρ
912 932 1081 996 ὅπως,
1114 933 1187 996 ὡς
1206 931 1361 1002 ἔφην,
1389 931 1524 1004 μετὰ
1553 933 1612 987 τὸ
1645 951 1746 986 πα-

190 1024 421 1096 ραὸἦναι
437 1023 528 1084 τὸν
544 1025 843 1096 ἄνθρωπον,
869 1027 902 1095 ἡ
927 1024 1132 1096 μεγάλη
1163 1025 1283 1096 χεὶρ
1313 1027 1392 1089 εἰς
1419 1029 1564 1090 νῖκος
1591 1044 1750 1080 κατα-

184 1115 366 1188 terea:
390 1118 449 1171 τὸ
478 1119 670 1190 ἑαυτῆς
699 1118 854 1190 ἔργον
883 1119 982 1172 οὐκ
1010 1119 1271 1190 ηὐδόκησε
1299 1119 1374 1184 ὡς
1404 1121 1649 1192 κίϐδηλον
1674 1122 1749 1194 τῷ

183 1207 410 1280 πονηρῷ
441 1208 637 1272 ἀδίκως
669 1209 802 1265 αὐτὸ
826 1209 1186 1281 λυμηναμένῳ
1204 1210 1491 1280 βασκάνοις
1515 1213 1711 1277 αἰτίαις
1731 1229 1744 1242 ο

180 1299 318 1354 ἀλλὰ
375 1299 642 1373 ἀνατήξας
695 1301 975 1355 ἁνέδευσεν
1045 1296 1199 1364 αὖθις
1256 1303 1336 1366 είς
1391 1304 1593 1374 πηλὸν,
1661 1301 1748 1358 οἷα

180 1392 461 1464 κεραμεὺς
509 1393 672 1462 ἄγγος
723 1391 1050 1456 ἀνακλάσας,
1100 1393 1235 1464 πρὸς
1281 1394 1341 1447 τὸ
1387 1395 1745 1466 ἀφανισθῆναι

181 1483 284 1554 μὲν
327 1483 414 1536 διὰ
447 1483 544 1554 τῆς
586 1483 938 1546 ἀναπλάσεως
988 1482 1163 1536 πάντα
1203 1483 1270 1537 τὰ
1318 1487 1375 1537 ὲν
1408 1485 1556 1556 αὐτῷ
1584 1487 1744 1557 αἴσχη

175 1575 277 1631 καὶ
313 1574 610 1646 θλάσματα,
645 1574 938 1646 γενηθῆναι
985 1573 1042 1627 δὲ
1081 1575 1141 1628 τὸ
1188 1575 1295 1628 πᾶν
1327 1575 1528 1631 ἄνωθεν
1571 1576 1745 1647 ἀμέμ-

172 1684 334 1731 πτως
350 1667 593 1739 ἀρεστόν.

1848 568 2287 640 quemadmodum
2315 568 2511 636 placuit
2556 565 2638 620 illi
2667 573 2721 617 ut
2753 563 2964 632 faceret.
2995 557 3060 613 Et
3096 559 3290 629 factum
3323 564 3400 610 est

1848 658 2052 714 verbum
2091 659 2301 713 Domini
2330 657 2398 713 ad
2451 675 2558 724 me,
2611 657 2822 710 dicens:
2851 653 2930 716 Si,
2969 647 3400 722 quemadmodum

1847 749 2037 819 ﬁgulus
2087 749 2202 810 iste,
2237 765 2336 801 non
2367 755 2541 816 potero
2571 763 2656 800 vos
2692 745 2863 814 facere
2886 781 2902 806 ,
2949 740 3132 792 domus
3188 735 3401 792 Israel?

1849 841 2000 904 Ecce,
2025 844 2158 896 sicut
2187 842 2354 895 lutum
2387 839 2536 910 ﬁguli
2571 855 2657 893 vos
2687 837 2808 890 estis
2825 835 2881 887 in
2928 829 3167 885 manibus
3189 829 3311 882 meis
3330 827 3397 882 “.

1917 931 2029 990 VII.
2061 931 2196 987 Illud
2227 931 2394 996 enim,
2419 931 2496 984 uti
2526 929 2788 993 dicebam,
2811 926 2968 981 velim
2996 921 3240 978 attendas
3269 938 3284 974 :
3314 926 3396 985 ut,

1845 1035 1968 1097 post
1993 1025 2227 1080 hominis
2257 1023 2766 1093 transgressionem,
2803 1014 3035 1072 noluerit
3077 1014 3267 1084 ingens
3309 1011 3400 1064 illa

1847 1132 2038 1172 manus
2087 1132 2224 1187 Opus
2271 1131 2431 1172 suum
2463 1123 2715 1184 tanquam
2757 1107 3140 1170 adulterinum,
3191 1103 3399 1159 nefario

1847 1207 1922 1260 illi
1959 1207 2048 1276 qui
2080 1222 2143 1261 ex
2173 1205 2374 1258 invidia
2410 1219 2504 1273 per
2543 1203 2794 1272 injuriam
2833 1200 2958 1254 illud
3009 1197 3284 1261 violasset,
3331 1192 3399 1246 ad

1845 1299 2123 1353 victoriam
2140 1311 2201 1350 ac
2218 1312 2315 1351 ceu
2339 1293 2613 1363 triumpho
2640 1291 2902 1362 agendum
2930 1289 3234 1357 relinquere
3250 1283 3358 1355 (80)
3381 1301 3396 1338 :

1845 1389 1936 1444 sed
1962 1404 2152 1443 rursus
2171 1389 2464 1458 eliquatum
2483 1384 2757 1454 subegerit
2785 1383 2838 1436 in
2867 1383 3059 1445 lutum,
3101 1393 3164 1432 ac
3189 1377 3234 1432 si
3269 1376 3401 1446 ﬁgu-

1844 1483 1929 1535 lus
1960 1497 2055 1536 vas
2095 1479 2421 1550 confringat,
2441 1486 2498 1532 ut
2527 1492 2666 1532 nova
2700 1474 2934 1535 ﬁctione,
2962 1470 3227 1541 quidquid
3258 1469 3400 1522 ineo

1845 1571 2102 1626 foedatum
2149 1578 2234 1625 est
2281 1585 2345 1624 ac
2399 1568 2720 1623 contusione
2765 1563 3156 1624 deformatum,
3185 1561 3400 1630 penitus

1843 1664 2014 1725 tollat,
2044 1671 2326 1732 totumque
2355 1659 2652 1730 opiﬁcium,
2685 1664 2746 1710 ut
2781 1671 2810 1709 a
2838 1653 3126 1726 principio,
3167 1652 3402 1721 irrepre-

1844 1752 2110 1806 liensibile
2137 1759 2528 1821 acceptumque
2555 1748 2801 1802 exsistat.

249 1839 324 1892 Ην.
353 1840 463 1893 Ούκ
490 1840 716 1912 ἀρεστὸν
745 1840 853 1913 (75)
881 1842 937 1895 δὲ
964 1843 1158 1906 ἐκεῖνο,
1183 1841 1242 1895 τὸ
1265 1841 1440 1912 λέγειν
1473 1843 1550 1906 είς
1577 1841 1733 1913 ἄρδηι

1913 1840 2047 1896 ἮΙΙ.
2082 1841 2185 1896 Sed
2217 1857 2316 1896 nec
2356 1841 2487 1895 illud
2510 1851 2832 1908 magnopere
2862 1836 3052 1906 probo,
3093 1840 3154 1887 ut
3183 1831 3402 1886 univer-

176 1929 487 1984 ἀπολεῖσθαι
526 1931 586 1984 τὺ
620 1933 726 1985 πᾶν
744 1948 758 1962 ·
788 1933 880 1986 καὶ
910 1933 1036 2002 γῆν,
1069 1933 1161 1986 καὶ
1192 1933 1348 2004 ἀέρα,
1379 1935 1473 1987 ml.
1499 1933 1742 2005 οὐρανὸν,

175 2022 253 2093 μὴ
284 2021 519 2077 ἔσεσθαι.
561 2024 1041 2096 Ἐκπυρωθήσεται
1070 2026 1167 2096 μὲν
1189 2025 1296 2096 γὰρ
1322 2025 1456 2097 πρὸς
1483 2025 1744 2098 κάθαρσιν

171 2110 266 2162 καὶ
308 2112 725 2183 ἁνακαινισμὸν,
782 2113 1100 2185 καταὸασίῳ
1132 2115 1239 2178 πᾶς
1271 2116 1299 2168 6
1328 2114 1531 2186 κόσμος
1578 2134 1744 2169 κατα-

167 2200 498 2272 κλυζόμενος
529 2203 657 2274 πυρί
692 2203 830 2274 (76)·
863 2204 922 2256 ού
952 2204 1056 2276 μὴν
1079 2206 1159 2268 είς
1180 2204 1448 2260 ἀπώλειαν
1471 2206 1743 2261 ἐλεύσεται

167 2294 408 2364 παντελῆ
453 2296 544 2348 καὶ
593 2295 816 2368 φθοράν.
863 2298 926 2350 Εἰ
957 2297 1064 2370 γὰρ
1105 2300 1348 2369 κρεῖττον
1387 2298 1447 2352 τὸ
1484 2300 1557 2370 μὴ
1601 2299 1741 2354 εἶναι

163 2377 258 2430 τοῦ
287 2375 430 2434 εἶναι
458 2382 545 2435 τὸν
571 2383 791 2454 κόσμον,
822 2385 909 2438 διὰ
930 2385 981 2438 τί
1005 2387 1066 2439 τὸ
1091 2390 1268 2458 χεῖρον
1294 2389 1476 2460 ᾑρεῖτο
1510 2391 1741 2460 ποιήσας

162 2467 255 2521 τὸν
305 2469 508 2540 κόσμον
540 2475 567 2525 6
613 2474 773 2539 Θεός;
824 2476 960 2529 Ἀλλ’
993 2477 1113 2530 οὐδὲ
1153 2480 1180 2531 6
1237 2479 1366 2544 Θεὸς
1431 2481 1736 2556 ματαίωςῆ

169 2561 360 2628 χεῖρον
386 2561 552 2614 ἐποίει
579 2563 711 2633 (77).
730 2566 935 2621 Οὐκοῦν
964 2570 1040 2632 είς
1067 2569 1127 2621 τὸ
1149 2566 1286 2624 εἶναι
1315 2571 1407 2624 καὶ
1441 2573 1617 2643 μένειν
1643 2573 1738 2646 τὴν

174 2649 352 2702 κτίσιν
383 2653 410 2704 ό
444 2652 573 2716 Θεὸς
601 2654 997 2728 διεκοσμήσατο
1019 2699 1033 2724 ,
1080 2661 1327 2733 καθάπερ
1368 2665 1459 2717 καὶ
1501 2667 1538 2736 ἡ⁴
1571 2667 1739 2736 Σοφία

172 2742 509 2814 συνίστησιν,
539 2747 773 2801 Ἕκτισε
800 2751 908 2819 γὰρ
943 2753 1030 2818 είς
1070 2753 1135 2806 τὸ
1159 2750 1338 2818 εἶναι,
1391 2755 1618 2825 λέγουσα
1665 2757 1737 2811 τὰ

167 2831 382 2898 πάντα,
414 2838 447 2888 ό
476 2837 646 2903 Θεόςο
671 2840 771 2893 καὶ
801 2840 1073 2910 σωτήριοι
1113 2848 1172 2898 al
1202 2847 1466 2915 γενέσεις
1497 2849 1602 2902 τοῦ
1637 2851 1736 2904 κό-

166 2934 326 2991 σμου
343 2940 355 2952 ·
375 2925 469 2978 καὶ
494 2927 603 2980 οὐκ
617 2927 788 2982 ἔστιν
807 2929 876 2982 ἐν
903 2931 1110 2997 αὑταῖς
1129 2933 1441 3003 φάρμακον
1461 2937 1727 3006 ὀλέθρου.

166 3015 277 3067 Καὶ
320 3016 349 3068 6
393 3015 598 3081 Παῦλος
640 3019 695 3070 δὲ
733 3021 918 3092 σαφῶς
966 3028 1246 3096 μαρτυρεῖ,
1282 3026 1483 3096 λέγων·
1530 3031 1599 3083 Ἡ
1621 3031 1731 3100 γὰρ

1845 1949 1962 1989 sum
1997 1935 2098 1988 hoc
2127 1932 2369 1987 funditus
2418 1932 2720 2002 periturum
2773 1929 3053 1992 dicamus;
3085 1941 3147 1980 ac
3175 1935 3394 1988 terram,

1843 2040 2132 2094 acremque
2151 2032 2204 2079 ct
2232 2024 2430 2078 caelum
2464 2020 2787 2091 quandoque
2815 2019 3081 2075 desitura.
3111 2015 3252 2071 Sane
3276 2016 3397 2085 qui-

1841 2118 1962 2172 dem
1992 2117 2228 2172 mundus
2259 2116 2345 2169 hic
2372 2125 2519 2169 totus
2549 2123 2607 2168 ut
2644 2111 2861 2184 purgari
2886 2111 3057 2181 possit
3099 2117 3152 2165 et
3190 2111 3398 2165 instau-

1839 2209 1972 2273 rari,
2004 2207 2403 2264 exundantibus
2441 2207 2508 2262 de
2537 2205 2675 2260 coelo
2708 2203 2962 2267 ﬂammis,
2988 2200 3238 2256 incendio
3267 2215 3399 2254 con-

1839 2304 2116 2375 ﬂagrabit;
2143 2318 2250 2358 non
2282 2310 2462 2357 tamen
2491 2299 2734 2355 interibit
2769 2314 2831 2354 ac
2863 2305 3240 2368 corrumpetur
3280 2309 3398 2348 om-

1838 2399 1989 2452 nino.
2027 2394 2236 2450 Etenim
2266 2393 2312 2449 si
2342 2393 2602 2448 mundum
2631 2406 2738 2444 non
2769 2404 2888 2443 esse
2917 2403 3077 2458 quam
3110 2401 3251 2450 esse,
3283 2401 3398 2440 me-

1837 2487 1942 2543 lius
1976 2497 2095 2554 est;
2128 2501 2225 2540 cur
2252 2486 2396 2556 quod
2421 2485 2661 2540 deterius
2683 2489 2786 2545 est,
2827 2480 3087 2534 mundum
3122 2477 3397 2532 fabrican—

1838 2579 1928 2640 do,
1959 2576 2104 2632 Deus
2132 2577 2396 2649 eligeret?
2425 2577 2493 2630 At
2519 2589 2696 2646 neque
2726 2574 2867 2628 Deus
2899 2575 3123 2636 frustra,
3145 2571 3226 2625 vel
3249 2568 3393 2640 quod

1837 2672 2075 2728 deterius
2119 2679 2221 2736 est,
2251 2687 2487 2742 unquam
2535 2675 2768 2723 crearet.
2803 2666 3162 2733 Quamobrem
3209 2672 3269 2717 ut
3301 2679 3393 2719 es-

1836 2770 1955 2820 sent
1985 2777 2048 2815 ac
2075 2768 2374 2823 manerent,
2411 2758 2660 2813 conditas
2705 2772 2735 2811 a
2785 2771 2842 2811 se
2879 2771 2968 2810 res
3001 2752 3147 2810 Deus
3183 2755 3392 2808 consti—

1834 2856 1970 2919 tuit;
2001 2851 2454 2924 quemadmodum
2503 2851 2667 2905 etiam
2725 2838 3002 2917 Sapientia
3065 2847 3261 2901 astruit
3306 2845 3390 2900 liis

1833 2946 2011 3002 verbis
2037 2963 2050 2999 :
2077 2943 2284 2999 Creavit
2311 2943 2469 3006 enim,
2501 2949 2559 2994 ut
2591 2949 2761 2995 essent
2785 2941 2992 3006 omnia,
3017 2937 3190 3002 Deus;
3216 2949 3266 2992 et
3299 2955 3388 2992 sa-

1833 3037 2029 3090 lutares
2067 3046 2186 3090 sunt
2222 3034 2404 3089 mundi
2425 3033 2780 3105 generationes
2811 3049 2828 3085 :
2857 3041 2906 3086 et
2939 3047 3042 3084 non
3075 3041 3152 3085 est
3188 3032 3241 3084 in
3279 3030 3386 3084 illis

164 3105 608 3174 ἀποκαραδοκία
637 3110 744 3179 τῆς
773 3113 1023 3182 κτίσεως
1052 3115 1166 3185 τὴν
1192 3118 1578 3190 ἀποκάλυψιν
1613 3123 1730 3177 τῶν

1831 3128 2261 3184 medicamentum
2279 3126 2573 3182 extermiuii
2597 3125 2659 3176 ¹³.
2690 3124 2788 3178 Cui
2811 3133 2863 3178 et
2884 3124 3166 3194 perspicue
3186 3122 3386 3178 Paulus

163 3197 308 3252 υἱῶν
330 3199 434 3253 τοῦ
466 3200 611 3254 Θεοῦ
629 3203 1036 3275 ἀπεκδέχεται.
1079 3207 1156 3279 Τῇ
1187 3209 1297 3280 γὰρ
1317 3215 1660 3282 ματαιότητι
1689 3219 1724 3286 ἡ

159 3289 357 3356 κτίσις
387 3291 672 3362 ὑπετάγη,
710 3297 822 3365 οὐχ
851 3298 1096 3364 ἑκοῦσα,
1126 3301 1288 3356 ἀλλὰ
1319 3302 1416 3358 διὰ
1448 3305 1554 3359 τὸν
1578 3310 1725 3362 ὑπο-

160 3379 420 3446 τάξαντα
437 3384 530 3436 ἐπ’
561 3385 760 3440 ἑλπίδι
779 3403 793 3418 ο
824 3388 910 3443 ὅτι
940 3391 1036 3445 καί
1077 3393 1229 3462 αὐτὴ
1262 3397 1301 3464 ἡ
1338 3399 1533 3464 κτίσις
1560 3401 1726 3455 ἐλευ-

157 3473 552 3541 θερωθήσεται
593 3479 710 3532 ἀπὸ
757 3480 868 3549 τῆς
903 3481 1183 3553 δουλείας
1224 3487 1334 3557 τῆς
1375 3491 1596 3559 φθορᾶς
1638 3497 1722 3562 εἰς

154 3563 269 3632 τὴν
305 3567 655 3636 ἐλευθερίαν
681 3570 790 3640 τῆς
820 3572 1002 3644 δόξης
1025 3575 1144 3630 τῶν
1172 3577 1396 3635 τέκνων
1422 3584 1527 3638 τοῦ
1553 3587 1719 3641 Θεοῦ.

281 3657 388 3725 γὰρ
430 3661 777 3729 ματαιότητι
845 3667 883 3733 ἡ
930 3668 1126 3737 κτίσις
1191 3671 1476 3746 ὑπετάγη,
1529 3677 1709 3746 φησίν.

163 3745 728 3820 Ἐλευθερωθήσεσθαι
769 3751 826 3805 δὲ
869 3755 965 3825 τῆς
995 3759 1248 3831 τοιαύτης
1281 3745 1520 3826 δουλείας
1544 3745 1721 3836 ντέροσ-

149 3835 301 3908 δοκᾷ,
366 3840 550 3892 κτίσιν
602 3842 690 3894 τὸν
754 3844 957 3917 κόσμον
1009 3848 1194 3904 τοῦτον
1249 3851 1566 3925 βουλόμενος
1607 3835 1717 3911 Ϋκα-

148 3925 258 3979 λείν
293 3927 423 3999 (78).
459 3929 542 3982 Ού
577 3929 685 4000 γὰρ
721 3930 789 3984 τὰ
828 3932 901 4004 μὴ
934 3933 1238 4006 βλεπόμενα
1277 3941 1342 4010 τῇ
1395 3941 1565 4013 φθορᾷ
1596 3942 1716 3995 δου-

143 4015 307 4110 λεύει,
352 4017 509 4110 ἀλλὰ(
540 4019 708 4072 ταῦτα
740 4020 802 4093 δὴ
848 4024 916 4076 τὰ
959 4023 1280 4098 βλεπόμενα.
1327 4031 1492 4085 Μένει
1537 4033 1642 4105 ἄρα
1683 4037 1714 4110 ἡ

141 4109 314 4173 κτίσις
343 4112 420 4175 είς
453 4109 528 4164 τὸ
552 4110 772 4181 ἄμεινον
798 4115 1359 4191 ἀνακαινοποιηθεῖσα,
1401 4125 1492 4177 καὶ
1523 4125 1718 4197 εὐπρε-

147 4199 404 4272 πέστερον
434 4202 804 4276 ἀγαλλομένη,
834 4208 926 4260 καὶ
958 4209 1222 4280 χαίρουσα
1250 4214 1341 4267 ἐπὶ
1371 4218 1482 4278 τοῖς
1509 4217 1716 4279 τέκνοις

149 4291 240 4346 τοῦ
287 4293 441 4359 Θεοῦ,
490 4299 558 4367 τῇ
609 4297 900 4353 ἀναστάσει
942 4301 1205 4363 στενάζει
1255 4306 1388 4378 (79),
1435 4308 1533 4361 καὶ
1568 4326 1714 4364 συν-

1830 3219 2171 3289 astipulatur,
2203 3219 2277 3273 ita
2310 3218 2538 3288 loquens
2576 3233 2590 3270 :
2620 3213 2762 3269 Nam
2783 3216 3100 3284 exspectatio
3130 3225 3381 3268 creatura;

1826 3313 2191 3365 ret-elationem
2227 3310 2459 3379 ﬁliorum
2499 3307 2596 3362 Dei
2638 3316 2920 3376 exspectat.
2972 3306 3209 3360 Vanitati
3246 3308 3384 3360 enim

1824 3409 2067 3453 creatura
2105 3397 2338 3466 subjecta
2391 3405 2490 3461 est,
2532 3414 2633 3451 non
2661 3397 2856 3461 volens,
2893 3395 2980 3450 sed
3023 3405 3230 3464 propter
3265 3411 3382 3449 eum
3418 3465 3426 3472 κ

1823 3490 1910 3559 qui
1937 3487 2158 3556 subjecit
2185 3505 2299 3541 eam
2325 3488 2378 3541 in
2401 3502 2525 3554 spe:
2557 3488 2683 3556 quia
2711 3497 2759 3540 et
2785 3488 2900 3555 ipsa
2925 3494 3169 3539 creatura
3191 3486 3375 3540 libera-

1823 3579 1965 3634 bitur
1995 3597 2028 3633 a
2075 3579 2322 3635 servitute
2351 3580 2724 3648 corruptionis,
2768 3581 2822 3633 in
2866 3579 3162 3632 libertatem
3197 3581 3380 3650 gloria.-

1821 3673 2054 3743 ﬁliorum
2080 3671 2176 3727 Dei
2207 3672 2272 3727 ⁸⁸.
2305 3671 2540 3725 Vanitati
2571 3671 2729 3734 enim,
2763 3670 2957 3740 inquit,
2990 3679 3234 3724 creatura
3257 3671 3380 3725 sub-

1810 3763 1954 3831 jecta
1980 3763 2295 3831 est;abliac
2331 3778 2457 3817 vero
2490 3764 2752 3819 servitute
2779 3763 2869 3818 illa
2886 3770 3168 3832 exspectat
3186 3763 3378 3817 libera,-

1819 3862 1932 3909 tum
1964 3854 2030 3909 iri
2059 3872 2071 3906 :
2095 3870 2202 3922 quo
2223 3863 2486 3909 creaturae
2510 3855 2726 3909 nomine
2755 3853 3014 3908 mundum
3049 3853 3193 3906 hunc
3217 3853 3379 3924 signi-

1818 3948 1980 4002 ﬁcare
2010 3946 2202 4002 voluit.
2237 3945 2354 4000 Non
2396 3947 2538 4003 enim
2568 3961 2689 4016 qua:
2722 3945 2892 4000 videri
2941 3951 3240 4015 nequeunt,
3279 3944 3374 4000 sed

1816 4038 1932 4094 haec
1963 4055 2082 4108 qua:
2123 4037 2511 4108 adspectabilia
2562 4046 2722 4102 sunt,
2757 4038 3077 4107 corruptelae
3106 4037 3368 4093 serviunt.

1815 4128 1992 4184 Manet
2025 4129 2190 4200 igitur
2231 4135 2478 4184 creatura
2526 4128 2580 4183 in
2611 4136 2812 4184 statum
2852 4129 3126 4183 meliorem
3177 4129 3373 4183 decen-

1813 4223 2115 4292 tioremque
2141 4229 2426 4286 renovata,
2455 4220 2695 4292 gaudens
2737 4222 3122 4290 exsultansque
3151 4236 3366 4290 prore-

1813 4311 2157 4382 surgentibus
2214 4311 2340 4367 ﬁliis
2381 4311 2474 4365 Dei
2531 4331 2544 4366 :
2596 4323 2927 4382 quapropter
2975 4312 3263 4381 ingemiscit
3318 4322 3367 4366 et

147 4381 337 4475 ωδίνει
362 4384 496 4475 νῦν,
530 4384 630 4455 τὴν
663 4388 1032 4460 ἀπολύτρωσιν
1055 4393 1210 4463 ἡμῶν
1242 4396 1346 4449 ἀπὸ
1375 4397 1474 4466 τῆς
1511 4399 1712 4472 φθορᾶς

1830 4403 2041 4457 rarturit
2061 4402 2234 4468 modo,
2265 4412 2583 4475 exspectans
2611 4413 2664 4459 et
2685 4404 2800 4474 ipsa
2827 4403 3247 4473 redemptionem
3269 4421 3368 4457 no-

146 4472 243 4566 καὶ
290 4473 425 4566 αύτὴ
459 4475 557 4528 τοῦ
607 4475 854 4547 σώματος
889 4481 1328 4556 ἀπεκδεχομένη·
1366 4488 1511 4553 ὅπως
1555 4490 1710 4560 ἡμῶν

1830 4506 1980 4551 itram
2005 4511 2035 4550 a
2074 4497 2423 4566 corruptione
2450 4497 2732 4566 corporis;
2759 4503 2818 4549 ut
2838 4511 2959 4550 cum
2993 4495 3254 4550 fuerimus
3279 4513 3370 4551 ex-

149 4563 534 4666 ὲὲεγερθέντων
592 4571 686 4622 καὶ
738 4571 1210 4645 ἀποτιναξαμένων
1259 4577 1358 4649 τὴν
1411 4583 1705 4654 νεκρότητα

1830 4588 1959 4645 :itati
1982 4603 2012 4642 a
2038 4589 2287 4654 mortuis,
2315 4603 2377 4644 ac
2423 4589 2604 4643 carnis
2639 4589 3018 4644 mortalitatem
3055 4591 3366 4644 excusseri-

145 4657 255 4756 τῆς
270 4657 657 4756 σαρκοςὶκατὰ
686 4661 745 4712 τὸ
772 4665 1186 4735 γεγραμμένον,
1235 4669 1563 4736 Ἐκτίναξαι
1599 4675 1706 4729 τὸν

1830 4695 1958 4742 mus,
1997 4695 2096 4750 pro
2115 4694 2180 4734 eo
2211 4695 2275 4737 ac
2309 4679 2570 4750 scriptum
2596 4687 2677 4735 est
2719 4700 2730 4734 :
2766 4679 2963 4734 Excute
3021 4681 3280 4748 puluerem
3316 4693 3366 4736 et

148 4747 317 4842 ἕοῦν,
345 4747 441 4842 καί
461 4748 780 4842 ardor-nat,
815 4751 960 4827 [καὶ]
994 4755 1263 4822 κάθισον,
1281 4757 1702 4835 Ἰερουσαλὴμ,

1830 4771 1931 4824 ιεάε
1966 4786 1986 4825 :
2020 4788 2197 4841 surge,
2243 4771 2600 4826 Jerusalem”
2628 4785 2646 4824 :
2678 4769 3049 4842 fuerimusque
3091 4771 3300 4827 liberati
3335 4792 3365 4828 a

148 4835 611 4910 ἐλευθερωθέντων
639 4859 699 4897 τε
740 4843 840 4914 τῆς
875 4846 1180 4918 ἁμαρτίας,
1216 4852 1703 4926 ἐλευθερωθήσεται

1830 4861 2074 4928 peccatis,
2099 4863 2213 4932 ipsa
2245 4878 2461 4932 quoque
2507 4863 2764 4921 liberetur
2791 4877 2818 4920 a
2847 4863 3194 4932 corruptione
3220 4883 3232 4918 :
3263 4879 3373 4918 nes.

219 4990 474 5047 "larem.
501 5009 652 5060 xvm,
685 4998 805 5057 5-6.
884 5002 927 5034 “
949 5000 1076 5074 Sap.
1112 5021 1148 5074 ι,
1181 5006 1268 5065 14.
1367 5008 1410 5046 α’
1443 5009 1591 5068 Rom.
1620 5027 1733 5079 v1",

1830 5012 1962 5071 l-20.
2040 5016 2085 5048 ¹⁸
2115 5012 2229 5069 Isa.
2264 5029 2358 5080 LII,
2388 5014 2445 5069 2.

381 5155 602 5228 Πρόσχ.
629 5156 706 5212 Ex
731 5158 948 5228 Epiph..
975 5159 1107 5214 haer.
1140 5177 1292 5218 num.
1330 5162 1421 5222 28.

245 5217 339 5300 ﬁ)
360 5217 478 5300 ρὺκ
510 5217 888 5300 άβεστόνίΕιι
917 5217 1110 5300 Epiph.
1140 5233 1268 5288 ibid.
1313 5217 1464 5288 num.
1496 5235 1589 5290 δι.

1805 5184 1984 5290 ἵκετο,
2016 5170 2098 5232 είς
2133 5171 2282 5232 νῖκος
2311 5169 2650 5239 καταλεῖψαι.
2683 5169 2889 5255 Alludit
3012 5173 3175 5256 verba
3203 5166 3354 5256 Pauli

1850 5238 1978 5290 Cor.
2008 5255 2098 5290 xv.
2121 5238 2212 5290 54.
2251 5239 2510 5290 Absomta
2541 5253 2617 5290 est
2650 5260 2788 5290 more
2819 5261 2874 5290 m
2900 5253 3138 5290 umtnrm-
3171 5257 3249 5290 etc
3281 5257 3354 5290 νι-

245 5217 330 5358 75)
360 5217 478 5276 Οὑκ
510 5217 888 5291 dico-zemas;
917 5217 1110 5300 Epiph.
1140 5233 1268 5288 ibid.
1313 5217 1464 5288 num.
1496 5235 1589 5290 δι.

241 5287 304 5374 Ἱρ
353 5295 763 5361 Καταϐασίῳ...
783 5301 925 5368 πυρί
929 5343 944 5359 .
962 5301 1214 5357 Mendose
1237 5303 1420 5374 impr.,
1440 5304 1703 5372 καταϐὰς,

1850 5238 1978 5293 Cor.
2008 5255 2098 5302 xv,
2121 5238 2212 5301 54,
2251 5239 2510 5308 Absorpta
2541 5238 2617 5295 est
2650 5260 2788 5297 mors
2819 5245 2874 5297 in
2900 5245 3138 5307 uictoria,
3171 5244 3249 5302 εἰς
3281 5241 3360 5290 νῖ-

215 5145 237 5357 l

1807 5326 1920 5373 κος,
1953 5324 2260 5382 qu_anquam
2296 5309 2494 5382 habent
2527 5312 2690 5382 aliqui
2724 5314 2940 5369 codices
2970 5318 3165 5376 νεῖκος,
3196 5319 3358 5382 utte-

150 5351 178 5376 ‘r
669 5351 680 5361 '
707 5351 750 5358 "
788 5351 817 5353 "
837 5351 1212 5368 ‘f""'““"'
1237 5351 1420 5374 ""r"!
1442 5351 1703 5372 """""31

142 5377 186 5425 ῳ
214 5400 347 5454 l'l'n.
367 5433 406 5454 η
436 5435 456 5454 a
478 5435 516 5454 es
547 5437 596 5454 -.ι
618 5435 670 5454 In
778 5439 790 5454 ι
887 5440 900 5454 ι
993 5439 1055 5454 π..
1167 5442 1244 5454 η-.
1375 5443 1448 5454 Α...
1512 5451 1520 5454 Α

1830 5351 1985 5454 itiiqu
2009 5351 2402 5454 Estiiusmultis
2437 5351 2728 5440 exituri-ens
2755 5384 2821 5437 ad
2850 5351 2975 5448 equ
3008 5351 3206 5454 locu‘m.
3237 5376 3355 5431 Non

145 5493 178 5547 ἀ
213 5428 325 5510 (77)
367 5433 516 5487 Ἀλλ’
536 5435 742 5492 οὐδὲ...
766 5439 971 5494 ἐποίει.
993 5439 1092 5494 Hic
1119 5442 1246 5496 editi
1275 5443 1452 5497 mutili
1473 5451 1528 5498 et
1549 5459 1701 5499 men-
1805 5428 1973 5505 video
1993 5428 2402 5520 difﬂuit—dii}
2435 5428 3354 5524 iriiéﬁ'ré'é'si's'piéiiu;Eiiiégeni

183 5512 280 5554 OSl.
327 5500 457 5555 Nam
501 5513 622 5561 Dost
657 5507 745 5560 τὸν
778 5509 976 5561 κόσμον
997 5513 1025 5561 6
1055 5511 1206 5561 856:.
1236 5513 1433 5561 habent
1463 5515 1700 5561 ματαίως
1795 5520 1924 5561 dum
1950 5519 2009 5561 τὸ
2062 5522 2236 5561 whim-
2277 5521 2509 5561 ἀντὶτηῧ
2561 5524 2740 5561 νινηηρ
2801 5539 2863 5561 οι-
2897 5536 3069 5561 nanum.
3096 5525 3156 5561 ut
3187 5520 3353 5561 alter-

501 5513 622 5591 post
657 5511 745 5588 τὸν
778 5511 976 5591 κόσμον
997 5513 1025 5564 6
1055 5511 1206 5577 Θεός,
1236 5513 1433 5568 habent
1461 5515 1700 5585 ματαίως

1835 5536 1924 5574 um
1950 5519 2032 5584 τὸ,
2058 5511 2256 5591 νεῖκος,
2277 5521 2396 5574 ἀντὶ
2415 5521 2531 5587 τοῦ,
2561 5511 2759 5588 νίκους,
2800 5511 2864 5578 ac
2897 5536 3069 5591 neque
3096 5525 3156 5591 u_t
3187 5511 3353 5569 alter-

147 5567 480 5638 ἐχειροποίει.
502 5567 739 5638 Ὀύκοῦν.
769 5596 822 5632 κ.
854 5567 904 5635 δέ.
933 5579 982 5633 λ.

349 5644 584 5722 Καλεῒν.
607 5637 778 5722 _Rup.,
817 5649 1141 5722 φιλοκαλεῖν.

349 5712 444 5788 Atr)
478 5731 574 5788 στ.
607 5708 789 5788 quit,
823 5708 888 5774 δι’
916 5721 1008 5784 οὓς
1041 5737 1124 5775 στ.

216 5776 322 5849 (8.0)
357 5783 436 5834 Ad
475 5776 742 5844 victoria'm
772 5776 832 5845 ac
858 5808 949 5847 ceu
971 5776 1232 5861 triumpho
1262 5794 1518 5866 agendum
1542 5798 1694 5853 relin-

1795 5598 1978 5644 utrum
2024 5589 2290 5660 signiﬁcet
2326 5603 2340 5640 :
2379 5594 2431 5646 in
2478 5600 2627 5647 tanta
2661 5588 2997 5648 contumelia
3006 5588 3350 5709 (probroque.

1795 5660 2207 5709 Commsuimus
2255 5676 2319 5709 ex
2372 5662 2552 5709 editis-
2611 5672 2666 5709 et
2719 5660 2999 5709 Rnnil‘ucal
3046 5657 3083 5709 ii
3140 5653 3350 5709 codice.

1793 5653 2207 5729 Composuiiuus
2255 5676 2320 5716 ex
2372 5662 2553 5724 editis,
2584 5672 2666 5736 _et
2719 5653 3083 5736 Rupil'ucaldii
3140 5653 3371 5736 codice”

1791 5727 1996 5784 textum
2029 5746 2218 5792 unum,
2267 5747 2459 5786 sanum
2494 5733 2629 5787 satis
2654 5740 2706 5786 et
2734 5727 2959 5791 clarum,
2984 5739 3108 5780 cum
3138 5727 3352 5783 ιιιινοὺίιρ

1791 5816 1893 5870 que
1914 5801 2129 5856 quatus
2158 5809 2331 5858 exstet
2359 5803 2644 5872 minusque
2674 5815 2858 5855 sanus.
