3962 6278
205 327 320 384 281

1284 325 1374 383 EX
1413 327 1614 384 LlBRO
1650 327 1738 382 DE
1774 327 2394 387 RESURRECTIONE.‘

3329 341 3436 396 282

289 446 393 499 iB’.
417 443 508 498 Διδ
527 441 818 515 ἐπίστησον
849 440 978 513 (99),
1011 441 1128 505 ὠςὸ
1153 441 1354 515 Κύριος
1369 443 1438 496 τὰ
1466 443 1601 498 αὐτὰ
1615 442 1761 498 ταῦτι

1969 442 2085 500 XII.
2115 443 2193 498 Ac
2219 443 2363 509 vide,
2412 459 2616 514 quaeso,
2665 447 3116 517 quemadmodum
3153 449 3438 520 Dominus,

200 537 485 591 διδάσκειν
511 534 697 598 θέλων,
718 533 792 604 μὴ
821 532 1175 587 πιστευόντων
1193 533 1556 589 Σαδδουκαίων
1586 537 1666 599 είς
1689 535 1786 606 τὴν

203 626 512 680 ἀνάστασιν
558 623 658 693 τῆς
711 623 933 694 σαρκός.
978 621 1162 693 Δόγμα
1208 623 1316 696 γὰρ
1360 623 1516 679 τοῦτο
1559 626 1788 680 Σαδδου-

203 715 580 774 καίων.”Οθεν
614 715 1076 786 συσκευασάμενοι
1115 715 1215 787 τὴν
1261 716 1402 772 κατὰ
1432 717 1528 790 τὴν
1553 721 1786 788 γυναῖκα

203 812 312 866 καὶ
359 811 485 874 τοὺς
529 808 668 863 έπτά
714 807 974 877 ἀδελφοὺς
1019 807 1350 881 παραϐολὴν,
1389 810 1476 865 ἵνα
1521 809 1610 864 τὸν
1658 811 1785 882 περὶ

201 903 566 965 ἀναστάσεως
587 901 687 971 τῆς
717 900 915 972 σαρκὸς
940 901 1097 970 λόγον
1127 903 1462 974 ἀπορήσωσι,
1509 903 1784 974 Προσῆλ-

201 998 324 1051 θον
375 991 536 1059 αὐτῷ
561 1034 576 1060 ,
628 994 761 1064 φησὶ
785 1032 800 1058 ,
851 993 949 1048 καί
1003 993 1388 1049 Σαδδουκαῖοι
1417 1035 1432 1060 ,
1481 994 1780 1066 λέγοντες,

201 1084 559 1140 ἀνάστασιν
595 1082 681 1154 μὴ
728 1081 900 1139 εἶναι.
944 1085 1002 1140 '0
1051 1081 1144 1139 οὖν
1185 1085 1436 1158 Χριστὸς,
1487 1088 1535 1140 εἰ
1587 1087 1660 1160 μὴ
1712 1083 1781 1158 ἦν

199 1177 514 1242 ἀνάστασις
565 1177 782 1250 σαρκὸς,
811 1177 945 1230 ἀλλά
978 1177 1136 1249 μόνον
1163 1177 1392 1242 ἐσώζετο
1433 1179 1598 1251 ψυχὴ,
1661 1197 1781 1233 συν-

196 1269 370 1326 έθετο
412 1268 480 1323 ἃν
531 1269 732 1332 αὐτοῖς,
765 1268 841 1332 ὡς
890 1268 1070 1333 καλῶς
1118 1270 1211 1324 καὶ
1269 1269 1444 1342 ὀρθῶς
1501 1270 1775 1344 φρονοῦσι.

191 1363 353 1420 Νυνὶ
409 1363 466 1416 δὲ
508 1361 895 1432 ἀποκρίνεται,
929 1360 1132 1430 λέγων’
1178 1360 1276 1416 Ἐν
1325 1363 1398 1431 τῇ
1453 1363 1778 1419 ἀναστάσει

189 1455 356 1515 οὔτε
415 1453 740 1525 γαμοῦσιν,
803 1454 940 1508 οὔτε
1004 1454 1392 1523 γαμίσκονται
1415 1497 1430 1523 ,
1494 1457 1630 1510 ἀλλ’
1696 1455 1778 1520 ὡς

199 1548 454 1617 ἆττελοι
511 1545 580 1599 ὲν
640 1543 873 1613 οὐρανῷ
937 1543 1128 1596 εἰσιν·
1174 1543 1234 1596 οὐ
1308 1543 1385 1616 τῷ
1447 1545 1624 1615 σάρκα
1694 1542 1770 1614 μὴ

207 1637 392 1709 ἔχειν,
445 1636 579 1692 ἀλλά
619 1636 696 1708 τῷ
743 1635 817 1707 μὴ
869 1639 1064 1707 γαμεῖν
1106 1637 1200 1690 καὶ
1260 1635 1588 1707 γαμεῖσθαι,
1641 1635 1777 1690 ἀλλὰ

209 1727 350 1784 εἶναι
397 1728 578 1784 λοιπὸν
629 1729 688 1782 έν
743 1727 1036 1802 ἀφθαρσίᾳ.
1090 1729 1198 1783 Καί
1267 1746 1461 1801 φησιν,
1523 1727 1772 1797 ἀγγέλοις

1886 532 2073 590 eadem
2120 535 2209 589 illa
2262 533 2475 590 tradere
2516 534 2830 594 Sadducazis
2869 540 3319 597 resurrectionem
3343 559 3440 600 ne-

1885 627 2158 695 gantibus,
2213 627 2461 683 voluerit.
2528 628 2621 684 Est
2668 630 2812 685 enim
2883 631 2984 686 hoc
3015 631 3438 692 Sadducaaorum

1883 719 2094 792 dogma.
2125 717 2279 775 Unde
2309 721 2732 790 compositailla,
2783 721 2850 777 de
2901 723 3128 780 muliere
3152 725 3324 798 deque
3352 742 3442 783 se-

1881 818 2024 880 ptem
2058 809 2338 872 fratribus,
2364 810 2643 878 parabola,
2676 825 2838 880 quam
2886 812 3146 868 adversus
3196 831 3441 872 resurre-

1880 900 2078 956 ctionis
2099 915 2386 970 corporum
2430 901 2624 972 dogma
2656 911 3020 973 proponerent
3051 921 3064 957 :
3097 906 3440 963 Accesserant

1880 991 1950 1046 ad
1981 994 2309 1064 eu,m,inquit
2335 994 2400 1063 ",
2430 993 2730 1060 Sadducwt',
2758 994 2983 1050 dicentes
3011 1000 3439 1054 resurrectionem

1879 1093 1982 1132 non
2009 1095 2140 1134 esse.
2191 1077 2426 1136 Proinde
2478 1080 2750 1143 Christus.
2804 1084 2850 1138 si
2898 1084 3047 1138 nulla
3093 1087 3276 1149 carnis
3293 1096 3440 1144 esset

1880 1171 2224 1231 resurrectio.
2277 1169 2369 1226 sed
2421 1172 2599 1226 anima
2655 1173 2921 1228 duntaxat
2966 1176 3196 1231 salutem
3251 1193 3440 1234 conse-

1877 1270 2151 1331 queretur,
2188 1262 2296 1317 illis
2327 1263 2512 1334 utique
2541 1271 2727 1334 utpote
2759 1272 2908 1321 recte
2932 1281 2995 1320 ac
3022 1269 3281 1336 praeclare
3306 1282 3436 1325 sen-

1877 1354 2158 1416 tientibus,
2223 1370 2374 1409 suam
2439 1356 2814 1410 auctoritatem
2877 1357 3215 1429 adjungeret.
3271 1360 3437 1432 Atqui

1876 1443 1982 1496 alia
2012 1445 2196 1498 omnia
2230 1445 2565 1514 respondens
2617 1446 2692 1500 ait
2711 1446 2795 1500 ’δε
2833 1443 2901 1499 In
2947 1451 3322 1504 resurrectione
3353 1468 3439 1506 ne-

1872 1551 1970 1605 que
1998 1533 2193 1590 ducunt
2220 1552 2428 1605 uxores,
2486 1554 2644 1608 neque
2677 1539 2898 1606 nubunt,
2953 1539 3043 1594 sed
3076 1551 3132 1593 ut
3170 1544 3340 1613 angeli
3381 1545 3436 1598 in

1874 1627 2000 1680 coelo
2048 1635 2170 1680 sunt
2203 1642 2222 1679 :
2252 1643 2359 1680 non
2401 1627 2546 1697 quod
2591 1643 2809 1684 carnem
2871 1645 2980 1684 non
3031 1629 3296 1697 habeant,
3337 1635 3434 1689 sed

1874 1718 2017 1789 quod
2049 1726 2265 1773 mutuas
2286 1719 2503 1787 nuptias
2532 1721 2709 1775 nullas
2755 1721 3103 1788 contrahant,
3152 1724 3246 1780 sed
3284 1724 3436 1780 dein-

209 1819 354 1873 γατά
411 1817 568 1871 τοῦτο
631 1816 1024 1889 πλησιάζοντας
1043 1859 1059 1885 ,
1121 1819 1206 1873 ἵνα
1268 1817 1455 1890 ὥσπερ
1501 1818 1550 1870 οἱ
1608 1817 1761 1885 ἄγγε-

1879 1826 2008 1880 ceps
2029 1810 2138 1866 sint
2165 1811 2532 1881 corruptionis
2557 1820 2828 1882 expertes.
2869 1812 3029 1868 Addit
3055 1830 3205 1881 vero,
3234 1832 3298 1871 ea
3330 1832 3432 1873 nos

206 1911 287 1966 λοι
338 1911 394 1964 έν
435 1907 514 1981 τῷ
556 1907 788 1980 οὐρανῷ,
820 1907 960 1963 οὕτω
1008 1910 1101 1963 καὶ
1144 1911 1304 1980 ἡμεῖς
1349 1911 1406 1962 ὲν
1457 1907 1536 1978 τῷ
1587 1924 1768 1978 παρα-

201 2001 384 2073 δείσῳ,
416 2003 556 2073 μήτε
601 2000 800 2071 γάμοις
844 2001 877 2072 ἦ
931 2001 1230 2065 εἰλαπίναις
1274 1999 1354 2053 έτι
1401 1999 1764 2070 σχολάζοντες,

198 2093 336 2148 ἀλλά
385 2095 482 2149 τοῦ
530 2093 748 2165 βλέπειν
795 2093 869 2165 (Ι)
915 2095 1005 2150 τὸν
1035 2094 1185 2157 Θεὸν,
1214 2093 1310 2148 καὶ
1355 2095 1617 2165 γεωργεῖν
1670 2091 1766 2164 τὴν

199 2185 365 2260 ζωὴν,
397 2187 822 2262 πρυτανεύοντος
861 2189 991 2260 ήμίν
1034 2185 1127 2240 τοῦ
1160 2185 1413 2258 Χριστοῦ.
1449 2185 1522 2239 Οὐ
1555 2184 1663 2255 γὰρ
1688 2180 1764 2237 εἷ-

197 2295 323 2343 πεν,
346 2279 587 2334 ἔσονται
625 2279 882 2349 ἄγγελοι,
910 2278 1022 2333 ἀλλ’
1045 2278 1124 2343 ὡς
1162 2275 1399 2346 ἄγγελοι
1419 2315 1434 2339 ,
1467 2271 1578 2327 οἷον
1616 2272 1763 2343 δόξῃ

198 2371 314 2441 μὲν
353 2372 447 2424 καὶ
477 2368 634 2440 τιμῇ,
674 2370 813 2424 κατὰ
838 2369 898 2422 τὸ
926 2367 1328 2440 γεγραμμένον,
1350 2365 1759 2434 ἐστεφανωμέ-

203 2479 317 2523 νοι,
331 2460 529 2529 ,βραχὺ
547 2459 613 2512 δέ
632 2477 687 2512 τι
704 2459 857 2528 παρὰ
878 2459 1016 2526 τοὺς
1043 2458 1334 2529 ἀγγέλους
1353 2455 1758 2511 διαλλάσσον-

202 2569 320 2619 τες,
356 2553 449 2604 καὶ
473 2551 637 2620 ἐγγὺς
658 2550 806 2614 ὄντες
839 2550 931 2603 τοῦ
959 2546 1096 2603 εἶναι
1137 2548 1370 2618 ἄγγελοι.
1414 2548 1679 2621 Καθάπερ
1710 2549 1758 2600 εί

201 2645 401 2712 ἔλεγεν,
437 2642 602 2713 οῦσης
634 2642 887 2709 εὐταξίας
917 2642 1058 2695 κατά
1085 2642 1173 2695 τὸν
1207 2641 1367 2712 ἀέρα,
1399 2642 1492 2694 καὶ
1523 2640 1760 2711 γαλήνης

199 2737 408 2801 νυκτὸς,
432 2736 525 2790 καὶ
551 2734 765 2788 πάντων
785 2733 862 2805 τῷ
891 2729 988 2806 τῆς
1009 2735 1236 2804 σελήνης
1262 2731 1485 2803 αἰθερίῳ
1509 2731 1644 2801 φωτὶ
1669 2749 1760 2784 κε-

199 2827 624 2898 κοσμημένων,ή
652 2826 842 2897 σελήνη
867 2826 1041 2895 φαίνει
1062 2826 1138 2889 ὡς
1161 2827 1189 2879 ὁ
1211 2824 1382 2894 ἥλιος.
1401 2824 1508 2878 Καὶ
1534 2824 1594 2877 οὐ
1618 2824 1756 2878 πάν-

196 2933 300 2979 τως
324 2917 386 2969 ἂν
427 2915 575 2986 ἥλιον
604 2911 741 2968 εἶναι
768 2915 866 2985 τὴν
895 2914 1120 2986 σελήνην
1155 2915 1559 2985 ἀπομαρτυρετν
1591 2913 1753 2968 αὑτὸν

197 3004 419 3076 λέγομεν
451 3005 516 3074 (ί.
550 3003 844 3075 λέγοιμεν),
873 3003 986 3058 ἀλλ’
1023 3005 1098 3067 ὡς
1125 3004 1292 3075 ἥλιον.
1320 3005 1527 3077 Ὥσπερ
1557 3006 1650 3058 καὶ
1692 3005 1753 3059 τὸ

203 3094 277 3167 μὴ
301 3096 537 3168 ὑπάρχον
568 3096 785 3168 χρυσὸς,
817 3097 981 3166 ἐγγὺς
1001 3097 1058 3150 δὲ
1084 3096 1177 3150 τοῦ
1207 3093 1344 3151 εἶναι
1369 3096 1566 3168 χρυσὸς
1588 3115 1753 3166 πεφυ-

1876 1909 2028 1972 parte
2083 1902 2288 1971 angelis
2334 1904 2648 1972 proximos;
2686 1911 2743 1957 ut
2779 1905 3228 1973 quemadmodum
3257 1908 3433 1979 angeli

1874 1994 1928 2047 in
1953 1994 2112 2056 coelo,
2142 1993 2220 2047 sic
2251 2009 2352 2047 nos
2385 1993 2436 2045 in
2465 1995 2717 2061 paradiso
2738 2011 2914 2064 neque
2943 1997 3149 2066 nuptiis
3197 1999 3431 2067 amplius

1871 2099 2049 2154 neque
2069 2084 2334 2138 conviviis
2367 2083 2761 2155 indulgeamus,
2794 2087 2888 2141 sed
2919 2087 2975 2142 in
3013 2090 3431 2159 contemplanth

1871 2174 1982 2231 Deo
2004 2176 2409 2247 excolendaque
2456 2177 2562 2231 vita
2605 2178 2778 2234 simus
2823 2179 3097 2247 occupati,
3119 2179 3348 2248 praeside
3368 2196 3432 2238 ac

1869 2268 2209 2324 moderatore
2258 2269 2496 2325 Christo.
2527 2267 2661 2324 Nam
2715 2285 2822 2324 non
2865 2270 3024 2333 dixit,
3058 2281 3210 2324 erant
3238 2274 3428 2341 angeli,

1869 2359 1986 2424 sed,
2021 2360 2156 2414 sicut
2187 2361 2377 2430 angeli.
2439 2360 2584 2414 velut
2637 2360 2892 2415 nimirum
2925 2362 3095 2432 gloria
3137 2372 3185 2416 et
3239 2364 3431 2419 honore

1866 2448 2122 2509 coronati,
2155 2455 2213 2501 ut
2236 2448 2494 2518 scriptum
2525 2455 2630 2516 est,
2674 2449 2949 2518 paululum
3006 2465 3125 2504 vero
3175 2450 3239 2504 ab
3264 2468 3427 2522 ange-

1867 2540 1934 2594 lis
1984 2540 2280 2610 differentes
2310 2541 2377 2604 '°,
2430 2547 2592 2610 atque
2644 2540 2860 2595 illorum
2915 2548 3124 2596 naturae
3169 2543 3423 2612 proximi.

1864 2631 2032 2698 Quasi
2054 2633 2128 2686 ita
2163 2632 2398 2688 diceret:
2441 2633 2736 2704 tranquillo
2773 2648 2868 2703 per
2900 2641 3112 2690 noctem
3140 2650 3203 2689 ac
3233 2652 3427 2693 sereno

1860 2739 2006 2788 aere,
2030 2740 2155 2779 cum
2206 2724 2416 2780 caelesti
2448 2724 2566 2780 luce
2611 2726 2753 2779 lunae
2774 2725 2956 2781 omnia
2993 2727 3421 2796 collustrantur,

1861 2815 1988 2871 luna
2017 2816 2155 2871 sicut
2182 2817 2262 2871 sol
2285 2815 2550 2886 splendet.
2583 2816 2719 2870 Tum
2753 2817 2920 2881 enim,
2948 2834 3065 2874 non
3087 2819 3309 2875 omnino
3336 2838 3428 2877 so-

1859 2911 1964 2965 lem
1988 2924 2110 2966 esse
2157 2911 2340 2964 lunam
2391 2927 2458 2966 ex
2501 2911 2648 2967 illius
2674 2911 2987 2967 testimonio
3021 2913 3423 2984 colligeremus,

1859 3002 1954 3059 sed
2003 3002 2071 3057 ad
2129 3002 2299 3058 solem
2344 3003 2622 3058 accedere.
2666 3002 2827 3057 Sicut
2849 3004 3012 3060 etiam
3044 3005 3188 3076 quod
3231 3021 3426 3062 aurum

1857 3109 1968 3150 non
1996 3101 2099 3159 est,
2128 3108 2262 3148 auro
2297 3103 2479 3149 tamen
2529 3103 2728 3149 natura
2773 3110 2871 3152 sua
2907 3098 3264 3169 pr0pinquius
3304 3108 3424 3168 est,

201 3164 308 3253 κὸς,
340 3164 636 3260 ὡς-γρυσῦς
664 3164 902 3259 λέγεται,
923 3189 1018 3244 καὶ
1043 3190 1102 3242 οὐ
1127 3189 1323 3261 χρυσός
1461 3190 1517 3242 δὲ
1539 3185 1606 3261 ἦν
1625 3164 1756 3261 χρυ-

1864 3183 2008 3238 velut
2043 3198 2235 3239 aurum
2267 3183 2489 3250 dicitur,
2511 3201 2620 3240 non
2645 3201 2837 3240 aurum
2863 3205 2875 3241 :
2902 3203 3024 3241 nam
3059 3190 3105 3244 si
3136 3198 3280 3245 esset
3325 3205 3425 3244 au-

199 3279 305 3344 σὸς,
335 3281 430 3334 οὐκ
481 3280 694 3351 ἐλέγετο
742 3279 808 3335 ἂν
844 3281 918 3346 ὼς
952 3281 1170 3352 χρυσὸς,
1200 3280 1335 3334 ἀλλά
1363 3281 1585 3353 χρυσός.
1604 3280 1755 3334 Ἐπεὶ

197 3371 251 3427 δὲ
271 3375 342 3444 μὴ
363 3373 473 3428 ἐστι
490 3375 708 3446 χρυσὸς,
733 3373 869 3428 ἀλλά
898 3375 991 3429 τοῦ
1027 3371 1165 3428 εῖναι
1183 3374 1255 3445 (2)
1270 3375 1486 3446 χρυσὸς,
1508 3376 1602 3429 καὶ
1620 3392 1755 3446 φαν-

194 3462 438 3529 τάζεσθαι
461 3466 556 3520 τὸν
579 3465 798 3538 χρυσὸν,
821 3465 896 3530 ὡς
914 3465 1113 3537 χρυσὸς
1142 3466 1354 3535 λέγεται
1369 3483 1383 3496 ⁸
1407 3465 1547 3520 οὕτω
1568 3467 1658 3520 καὶ
1681 3467 1756 3531 ὡς

197 3557 444 3627 ἀγγέλους
479 3558 699 3613 ἔσεσθαι
725 3557 972 3628 λέγοντος
1000 3560 1126 3623 τοὺς
1153 3558 1415 3627 ἀγίουςέν
1433 3561 1499 3629 τῇ
1521 3558 1756 3612 ἀναστά-

199 3667 294 3713 σει,
325 3651 418 3704 οὐκ
461 3651 596 3704 αὐτὸ
624 3651 783 3704 τοῦτο
823 3650 1085 3720 ἀγγέλους
1123 3650 1285 3706 αὐτὸν
1326 3649 1754 3720 ἐπαγγέλλεσθαι

199 3737 451 3810 ἀκούομεν
469 3740 598 3802 τοὺς
619 3739 806 3808 ἁγίους
839 3742 894 3793 ὲν
921 3743 986 3812 τῇ
1016 3741 1306 3794 ἀναστάσει
1332 3740 1575 3807 ἔσεσθαι,
1619 3740 1754 3796 ἀλλά

201 3831 356 3898 ἐγγὺς
378 3830 466 3884 τοῦ
503 3827 643 3885 εἶναι
672 3832 955 3901 ἀγγέλους.
989 3833 1146 3886 Ὥστε
1179 3832 1512 3902 ἀλογώτατον
1544 3835 1750 3903 λέγειν·

216 3921 416 3994 Ἐπειδὴ
435 3926 462 3976 ὁ
478 3923 712 3996 Χριστὸς
753 3925 1064 3996 ἀπεφήνατο
1082 3926 1208 3990 τοὺς
1226 3925 1410 3994 ἁγίους
1429 3925 1653 3997 ὀφθῆναι
1681 3925 1755 3990 ὡς

204 4012 448 4082 ἀγγέλους
470 4017 526 4069 ὲν
555 4017 621 4086 τῇ
654 4014 964 4080 ἀναστάσει,
987 4017 1057 4070 τὰ
1083 4015 1309 4088 σώματα
1335 4016 1423 4070 διὰ
1445 4016 1602 4071 τοῦτο
1627 4016 1755 4071 ταῦ-

205 4123 268 4160 τα
295 4107 362 4178 μὴ
387 4109 720 4165 ἀνίστασθαι·
769 4110 943 4164 καίτοι
972 4110 1072 4180 τῆς
1101 4109 1295 4175 λέξεως
1325 4111 1492 4182 αὐτὴν
1523 4111 1620 4182 τὴν
1646 4127 1754 4164 πα-

208 4196 422 4268 ράδειξιν
445 4200 710 4273 δηλούσης
740 4201 926 4271 σαφῶς
949 4201 1042 4255 τοῦ
1070 4202 1475 4274 συμϐαίνοντος.
1495 4204 1752 4257 Ἀνάστα-

208 4308 285 4354 σις
312 4293 410 4366 γὰρ
437 4293 528 4350 οὐκ
566 4296 656 4348 ἐπὶ
676 4293 770 4348 τοῦ
800 4295 873 4366 μή
907 4295 1276 4361 πεπτωκότος,
1302 4295 1415 4348 ἀλλ’
1438 4296 1530 4350 ἐπὶ
1552 4297 1644 4350 τοῦ
1667 4314 1756 4350 πε-

206 4385 453 4450 πτωκότος
494 4387 735 4455 λέγεται,
787 4387 880 4440 καὶ
921 4386 1516 4460 ἀνισταμένουπῶσπερ
1552 4388 1752 4442 ὀπὰταν

1855 3289 1999 3339 rum,
2035 3290 2143 3330 non
2195 3282 2454 3346 tanquam
2494 3291 2710 3343 aurum,
2745 3278 2842 3334 sed
2893 3293 3089 3333 aurum
3121 3280 3230 3334 dici
3258 3297 3423 3352 opor-

1857 3375 2012 3422 teret.
2047 3367 2185 3433 Quia
2217 3382 2346 3423 vero
2378 3383 2572 3422 aurum
2625 3384 2732 3424 non
2757 3377 2881 3434 est,
2913 3368 3020 3425 sed
3054 3385 3190 3425 auro
3238 3373 3421 3441 proxi-

1855 3473 2027 3525 mum,
2054 3467 2108 3515 et
2135 3467 2195 3513 ut
2218 3461 2511 3516 mentiatur
2542 3461 2780 3531 speciem
2835 3462 2975 3524 auri,
3025 3461 3172 3517 sicut
3230 3479 3423 3520 aurum

1855 3555 2054 3610 dicitur
2086 3555 2310 3610 :eodem
2342 3557 2498 3626 plane
2523 3556 2705 3624 modo,
2734 3555 2880 3627 quod
2911 3557 2968 3611 in
2996 3559 3421 3624 resurrectione,

1855 3646 1973 3702 fore
2000 3653 2219 3704 sanctos
2277 3648 2420 3702 sicut
2469 3647 2688 3717 angelos
2736 3649 3128 3718 pronuntiavit,
3173 3667 3280 3705 non
3343 3651 3426 3708 sic

1855 3737 2227 3809 accipiendum
2259 3747 2364 3804 est,
2407 3741 2579 3808 utieos
2626 3740 2848 3810 angelos
2890 3739 3007 3796 fore
3047 3742 3293 3806 voluerit,
3327 3743 3424 3800 sed

1854 3846 2042 3886 eorum
2073 3838 2284 3885 tantum
2333 3830 2633 3887 conditioni
2665 3832 3024 3902 pr0pinquos.
3059 3832 3422 3900 Quamobrem

1855 3925 2241 3981 stultissimum
2265 3933 2348 3980 est
2396 3924 2475 3978 ita
2525 3926 2822 3996 colligere:
2853 3927 3121 3992 Quoniam
3171 3926 3423 3986 Christus

1855 4026 2075 4074 sanctos
2097 4019 2150 4072 in
2186 4018 2588 4074 resurrectione
2619 4026 2874 4090 tanquam
2905 4021 3126 4092 angelos
3155 4021 3331 4077 visum
3353 4022 3422 4077 iri

1855 4109 2242 4180 pronuntiavit,
2278 4108 2482 4165 idcirco
2515 4109 2632 4166 fore
2670 4119 2731 4166 ut
2749 4127 2979 4182 corpora
3019 4113 3134 4168 haec
3191 4129 3302 4168 non
3331 4127 3422 4168 rc-

1855 4201 2214 4266 surrexerint,
2266 4202 2564 4271 praesertim
2593 4219 2719 4258 cum
2768 4218 2872 4258 vox
2903 4203 3041 4273 ipsa,
3073 4203 3222 4259 velut
3246 4204 3415 4259 colla-

1856 4292 2002 4348 tione
2035 4293 2135 4364 (4),
2167 4293 2286 4362 ejus
2337 4293 2480 4364 quod
2509 4296 2797 4366 contingit,
2832 4295 3098 4351 rationem
3134 4297 3419 4367 perspicue

1855 4385 2123 4440 ostendat.
2156 4385 2290 4439 Nam
2319 4389 2648 4443 resurrectio
2694 4404 2802 4443 non
2844 4388 2910 4443 de
2936 4403 3000 4442 eo
3035 4388 3236 4443 dicitur
3273 4387 3418 4458 quod

209 4472 343 4542 λέγει
371 4480 456 4531 καὶ
484 4483 510 4534 ὁ
543 4482 833 4554 προφήτης
851 4497 865 4511 ·
903 4481 1011 4535 Καὶ
1038 4480 1362 4548 ἀναστήσω
1381 4481 1496 4550 τὴν
1511 4481 1754 4550 σκηνὴν

1864 4494 2130 4549 nunquam
2159 4479 2392 4548 cecidit;
2416 4481 2507 4535 sed
2527 4480 2592 4534 de
2622 4495 2688 4536 eo
2715 4480 2857 4549 quod
2887 4481 3104 4543 cecidit,
3133 4489 3188 4536 et
3221 4482 3419 4536 iterum

219 4565 379 4618 Δαϐὶδ
411 4569 514 4638 τὴν
553 4571 1166 4626 πεπτωκυῖαν.”Επεσε
1197 4573 1253 4626 δὲ
1287 4572 1563 4627 ὀκλάσασα
1589 4576 1622 4645 ή
1655 4591 1746 4628 πυ·

219 4654 342 4727 θητὴ
372 4661 523 4732 σκηνὴ
551 4663 646 4734 τῆς
675 4663 851 4734 ψυχῆς
877 4667 964 4730 εὶς
990 4663 1106 4735 γῆν
1137 4662 1421 4734 χώματος.
1446 4665 1518 4718 Οὐ
1551 4664 1658 4736 γάρ
1684 4665 1746 4719 τὸ

223 4748 290 4818 μὴ
317 4748 541 4820 θνῆσκον,
575 4753 708 4810 ἀλλά
734 4755 792 4808 τὺ
821 4755 1052 4827 θνῆσκον
1081 4755 1336 4830 κλίνεται.
1365 4756 1597 4827 Θνήσκει
1624 4757 1681 4810 δὲ
1709 4759 1742 4830 ἡ

225 4838 372 4909 σάρξο
403 4840 532 4915 ψυχὴ
565 4845 620 4898 δὲ
654 4847 728 4918 ('5)
760 4846 1045 4912 ἀθάνατος.
1078 4848 1186 4902 Καὶ
1215 4849 1413 4913 τοίνυν,
1445 4851 1493 4902 εἰ
1531 4851 1564 4921 ή
1596 4849 1741 4922 ψυχή

222 4925 478 4998 ἀθάνατος,
511 4935 657 5007 σῶμα
691 4937 747 4990 δὲ
783 4938 812 4992 ὁ
849 4939 1059 5012 νεκρὸς,
1090 4940 1139 4992 οἱ
1167 4939 1416 5008 λέγοντες
1449 4942 1742 4996 ἀνάστασιν

230 5017 318 5088 μὲν
343 5017 485 5090 εἶναι,
512 5028 698 5099 σαρκὸς
723 5029 778 5083 δὲ
814 5030 887 5103 μὴ
911 5028 1067 5097 εἶναι,
1103 5032 1387 5105 ἀρνοῦνται
1418 5034 1710 5090 ἀνάστασιν
1727 5053 1741 5069 ο

227 5108 300 5162 ὅτι
329 5110 396 5185 μὴ
425 5114 478 5169 τὸ
502 5117 670 5186 ἑστὸς,
708 5121 844 5175 ἀλλά
880 5121 941 5175 τὺ
985 5125 1270 5189 πεπτωκὸς
1294 5131 1388 5186 καὶ
1408 5129 1582 5184 κλιθὲν
1600 5129 1745 5183 διαν-

1859 4571 2118 4642 assurgit.
2165 4569 2326 4628 Velut
2360 4588 2484 4628 cum
2542 4572 2807 4643 propheta
2842 4571 2975 4626 dicit
3007 4592 3020 4628 :
3056 4572 3121 4626 Et
3152 4572 3417 4627 suscitabo

1852 4661 2247 4717 tabernaculum
2293 4662 2456 4717 David
2477 4663 2614 4735 quod
2635 4661 2897 4717 ceciderat
2927 4663 2993 4717 ’⁷.
3026 4661 3232 4718 Cecidit
3257 4679 3420 4734 porro

1849 4756 2215 4810 desideratum
2268 4756 2402 4810 illud
2436 4757 2842 4812 tabernaculum
2875 4757 3174 4826 collapsum
3221 4757 3275 4810 in
3314 4766 3419 4810 ter-

1850 4865 1966 4902 ram
1998 4851 2199 4920 aggeris
2229 4850 2297 4903 ¹⁸.
2339 4849 2458 4905 Non
2501 4850 2644 4904 enim
2675 4847 2821 4919 quod
2870 4865 2982 4904 non
3039 4851 3290 4913 moritur,
3321 4849 3418 4905 sed

1851 4941 1996 5012 quod
2017 4943 2268 5009 moritur,
2298 4941 2806 4998 inclinarecdicitur.
2853 4939 2922 4994 At
2975 4942 3207 4996 moritur
3231 4955 3362 4995 caro
3397 4956 3412 4990 :

1855 5035 2034 5089 anima
2065 5035 2265 5106 quippe
2288 5035 2629 5090 immortalis.
2658 5033 3001 5105 Quapropter
3022 5035 3067 5091 si
3092 5031 3416 5090 immortalis

1857 5132 1945 5181 est
1973 5125 2174 5189 anima,
2204 5139 2402 5196 corpus
2430 5141 2558 5182 vero
2581 5125 2814 5181 cadaver
2846 5131 2930 5180 est
2955 5142 2970 5192 ;
2992 5124 3086 5195 qui
3119 5124 3195 5179 ita
3231 5135 3416 5177 resur-

257 5294 330 5352 .“
359 5295 680 5370 Hattth,
709 5303 800 5362 23.
865 5305 910 5338 ’⁸
942 5303 1085 5361 Ibid.
1152 5309 1197 5343 “
1227 5307 1379 5365 Psal.
1415 5325 1538 5374 vm,
1573 5306 1626 5361 6.
1698 5307 1741 5340 ⁸⁷

1864 5325 1934 5363 ιοε
1970 5324 2046 5375 Ix,
2081 5309 2165 5364 il.
2233 5307 2279 5340 ³⁸
2316 5306 2457 5363 Dan.
2493 5321 2591 5369 xu,
2617 5305 2673 5360 2.

295 5471 504 5558 (εἶθ-Δίς)
521 5480 708 5558 fiala}.
735 5484 809 5540 Ex
836 5485 1026 5558 Epiph.
1064 5492 1221 5553 ham,
1250 5505 1304 5542 η.
1336 5488 1422 5543 55.

300 5549 368 5679 gi
393 5549 596 5637 ξοῦβτι.
629 5553 786 5636 Forte
804 5549 993 5627 capi.

357 5624 369 5679 )
418 5621 567 5676 Αλλα
603 5641 700 5679 του
731 5624 840 5679 εἶν.
884 5627 990 5679 Pos

308 5615 567 5698 [2)_'A_Ma
603 5625 706 5698 τοῦ
731 5615 1013 5684 siit-[Post
1039 5625 1174 5683 ἀλλά
1220 5630 1370 5685 deest
1407 5626 1590 5698 ἐγγύς.
1645 5627 1736 5685 Sic

247 5686 368 5768 enim
384 5686 583 5768 legimus
597 5697 750 5768 paulo
783 5706 923 5768 post.

320 5756 382 5823 ιδ)
419 5761 566 5830 Ψυχή
586 5756 660 5823 δέ.
687 5756 846 5835 ΕιΙίἱὶ,
882 5766 1028 5842 ψυχὴ
1054 5767 1179 5842 γάρ.

1917 5487 1991 5557 (4)
2030 5485 2181 5541 Velut
2211 5485 2510 5549 collatione,
2531 5496 2637 5557 etc.
2664 5484 2826 5542 Editi.
2866 5484 3082 5556 πρᾶξιν.
3115 5483 3185 5557 At
3224 5480 3413 5557 παρά-

1841 5549 2026 5627 δειξιν,
2058 5574 2158 5630 vox
2189 5559 2492 5629 aptissima.
2530 5555 2720 5630 Posset
2751 5549 3015 5630 forte‘itno
3037 5549 3411 5630 yerbqOreddi,

1842 5619 2264 5684 contentionem}
2316 5629 2589 5698 quomodo
2612 5627 2696 5686 τὸ,
2724 5620 3136 5698 παραδεικνύειν
3170 5619 3414 5678 dicimus

1840 5699 2145 5755 contendere
2193 5715 2288 5756 seu
2332 5693 2409 5752 ’ωε
2484 5697 2700 5751 adverso
2745 5693 2979 5763 conferre
3020 5699 3070 5744 et
3124 5698 3414 5744 contraoo.

1842 5787 1979 5827 nere.
