3962 6278
664 318 774 376 285
1641 318 1700 377 s.
1740 315 2071 383 METHODII
2110 316 2419 374 EPISCOPl
2458 314 2545 369 ET
2587 297 2939 367 MARTYRIS
3842 294 3962 349 28!

668 442 965 502 rectionem
989 456 1108 497 esse
1134 438 1482 503 conﬁtentur,
1508 447 1569 496 ut
1596 456 1715 497 eam
1741 440 1876 494 nihil
1901 439 1966 494 ad
2002 454 2219 494 carnem

2332 442 2527 495 ἰσταται
2551 477 2567 503 ,
2612 432 2755 489 κατὰ
2779 432 2838 486 τὸ
2866 422 3273 501 γεγραμμένονο
3304 420 3404 490 Μὴ
3432 423 3463 475 ό
3496 418 3780 473 πίπτων
3835 415 3962 465 οὐκ

668 533 939 603 pertinere
985 540 1189 603 putent,
1223 536 1677 590 resurrectionem
1721 533 1938 602 penitus
1995 538 2210 602 negant.

2332 530 2651 589 ἀνίσταται,
2699 524 2737 593 ἣ
2764 526 2797 577 ό
2823 518 3211 588 ἀποστρέφων
3233 518 3346 573 οὐκ
3370 507 3770 578 ἀνα-στρέφει

668 599 1108 697 Quandoquidem
1153 641 1262 681 non
1327 626 1459 681 illud
1488 626 1633 697 quod
1687 599 1815 690 stat,
1856 624 1952 682 sed
2008 599 2153 694 quod
2201 622 2397 678 cecidit
2456 633 2508 676 et
2558 617 2874 678 inclinavit,
2930 626 3226 682 exsurgere
3275 607 3475 663 dicitur
3506 612 3563 658 et
3618 599 3957 659 suscitari,

663 726 817 798 juxta
850 738 913 778 ac
945 722 1204 792 scriptum
1246 730 1331 783 est
1360 724 1406 757 “
1437 742 1450 778 :
1486 722 1736 794 Nunquid
1786 722 1876 793 qui
1917 721 2059 775 cadit
2093 736 2196 775 non
2229 719 2478 789 resurgit,
2512 725 2606 770 aut
2635 714 2725 785 qui
2750 712 2936 768 avertit
2970 725 3023 763 se
3046 723 3148 761 non
3184 701 3503 760 revertitur?

735 816 868 872 Xlll.
897 816 1165 883 Quoniam
1191 833 1318 873 caro
1348 818 1489 873 inter
1511 817 1747 873 conﬁnia
1780 817 2150 887 corruptionis
2170 825 2224 872 et

2390 815 2488 868 II".
2524 811 2737 880 Ἐπειδὴ
2788 806 3035 881 μεθόριος
3063 801 3160 875 (4ο)
3190 801 3289 871 τῆς
3320 795 3657 867 ἀφθαρσίας
3699 791 3945 887 ἐγένετο

665 909 1117 981 incorruptionis,
1156 924 1220 964 ac
1268 926 1370 965 nec
1415 911 1691 981 corruptio
1747 924 1847 965 nec
1886 910 2222 978 incorruptio

2332 909 2414 962 καὶ
2435 905 2537 976 τῆς
2589 903 2852 974 φθορᾶςὴ
2896 898 3051 970 σὰρξ,
3091 897 3190 949 οὐκ
3217 889 3351 948 οὖσα
3393 889 3520 944 οὕτε
3557 885 3773 981 φθορά
3806 884 3941 981 οῦτε

662 1010 839 1058 creata
868 1008 1019 1069 erat;
1076 1001 1217 1056 victa
1270 1017 1398 1058 vero
1427 1010 1510 1057 est
1537 1018 1570 1056 a
1594 1000 1945 1070 corruptione
2003 976 2223 1069 propter

2332 997 2594 1070 ὶφθαρσία
2612 1036 2626 1060 ,
2657 993 2928 1066 ἐκρατήθη
2954 991 3011 1057 δέ
3040 988 3127 1042 διὰ
3152 986 3249 1058 τὴν
3278 981 3467 1056 ἡδονὴν
3495 979 3611 1034 ὑπὸ
3647 978 3769 1049 τῆς
3803 976 3939 1045 φθο-

665 1094 990 1162 voluptatem
1019 1131 1035 1157 ,
1062 1107 1373 1161 quanquam
1428 1099 1575 1147 esset
1630 1089 2055 1158 incorruptionis
2083 1102 2222 1157 opus

2332 1094 2441 1164 ρᾶς,
2485 1090 2695 1159 ποίημα
2727 1086 2825 1156 τῆς
2847 1082 3149 1154 ἀφθαρσίας
3173 1079 3267 1132 καὶ
3309 1076 3495 1147 κτῆμα
3531 1072 3933 1164 ὑπάρχουσα·

660 1192 713 1240 et
742 1158 1021 1254 possessio
1045 1199 1059 1234 :
1080 1158 1296 1237 idcirco
1329 1181 1472 1237 facta
1503 1190 1589 1237 est
1612 1179 1940 1249 corruptioni
1964 1177 2218 1242 obnoxia,

2332 1158 2411 1237 ita:
2448 1158 2609 1234 τοῦτο
2636 1179 2848 1247 ἐγένετο
2899 1173 3109 1247 φθαρτὴ
3152 1170 3246 1225 καὶ
3286 1171 3370 1234 εἰς
3396 1165 3516 1236 ¹τήῆν
3562 1161 3785 1231 ἐκλίθη
3815 1158 3932 1227 χώ-

664 1253 1048 1345 incliuavitque
1090 1274 1144 1326 in
1192 1284 1387 1327 terram
1441 1272 1642 1344 aggeris
1666 1272 1732 1327 '°.
1762 1270 2051 1341 Postquam
2092 1285 2221 1341 ergo

2332 1291 2523 1344 ματος.
2554 1271 2662 1327 Καὶ
2686 1271 2805 1324 ἐπεὶ
2836 1264 2926 1323 οὖν
2965 1263 3240 1336 ἐκρατήθη
3269 1259 3374 1314 ὑπὸ
3397 1259 3498 1327 τῆς
3530 1255 3796 1325 φθορᾶς,
3816 1345 3819 1346 ν
3838 1253 3928 1303 καὶ

624 1399 627 1403 -
661 1368 806 1422 victa
832 1365 1024 1422 fuisset
1050 1379 1079 1419 a
1105 1365 1476 1436 corruptione,
1522 1365 1790 1434 mortique
1834 1372 2054 1435 propter
2086 1378 2222 1433 pm—

2332 1367 2540 1436 θανάτῳ
2587 1362 2675 1417 διά
2702 1361 2985 1435 παρακοήν
3026 1354 3312 1428 παρεδόθη,
3360 1354 3438 1415 εἰς
3458 1353 3616 1410 νῖκος
3683 1345 3922 1415 αὐτὴνὸ

663 1461 1049 1514 varicationem
1070 1458 1269 1511 tradita
1292 1498 1307 1522 ,
1344 1457 1520 1512 noluit
1542 1456 1683 1513 Deus
1712 1458 1883 1527 ipsam
1914 1473 2014 1511 ceu
2048 1457 2219 1512 haere-

2332 1459 2455 1522 Βεὸς
2500 1461 2567 1529 τῇ
2601 1457 2774 1530 φθορᾷ
2814 1455 3060 1523 καθάπερ
3104 1443 3546 1520 κληρονομίανοὺ
3574 1439 3916 1494 κατέλιπε,-

664 1553 888 1607 ditatem
950 1552 1289 1621 corruptioni
1346 1551 1412 1627 ad
1444 1551 1724 1605 victoriam
1756 1550 2095 1621 relinquere;
2128 1548 2223 1604 sed

2332 1551 2463 1610 ἀλλὰ
2492 1551 2671 1615 πάλιν,
2721 1550 2808 1603 διὰ
2838 1548 2935 1617 τῆς
2968 1543 3310 1606 ἀναστάσεως
3353 1539 3591 1608 νικήσας
3623 1534 3736 1586 τὸν
3766 1531 3915 1627 θάνα-

663 1660 887 1701 rursum
938 1644 1081 1697 victa
1117 1659 1213 1714 per
1244 1625 1698 1698 resurrectionem
1749 1649 1944 1705 morte,
1976 1641 2225 1696 incorru-

2332 1664 2437 1710 τον,
2480 1644 2759 1716 παρέδωκε
2791 1643 2857 1712 τῇ
2898 1637 3210 1708 ἀφθαρσίᾳ,
3269 1634 3357 1685 ἴνα
3400 1628 3476 1701 μὴ
3504 1625 3913 1716 κληρονομήςε

666 1737 841 1810 ptioni
870 1736 1138 1800 reddidit,
1175 1742 1233 1790 ut
1267 1751 1335 1790 ne
1383 1735 1664 1806 corruptio
1718 1734 2181 1804 incorruptionem
2206 1775 2221 1803 ,

2332 1742 2363 1811 ή
2396 1715 2572 1809 φθορά
2609 1734 2706 1805 τὴν
2751 1729 3075 1802 ἀφθαρσίαν,
3110 1726 3221 1781 ἀλλ’
3258 1728 3292 1796 ἡ
3318 1719 3604 1815 ἀφθαρσίᾳ
3639 1717 3728 1815 Στὸ

669 1807 766 1882 sed
810 1825 979 1896 magis
1031 1824 1388 1894 incorruptio,
1421 1825 1566 1895 quod
1614 1831 1696 1880 est
1747 1824 2118 1893 corruptibile,
2164 1824 2220 1879 in

2332 1807 2430 1885 τόν.
2475 1807 2932 1897 Ἔπαποκρίνεται
2961 1819 3093 1890 γοῦν
3118 1821 3147 1873 ὁ
3169 1815 3485 1877 Ἀπόστολος
3508 1830 3522 1842 ·
3558 1810 3671 1864 Δεῖ
3710 1810 3825 1879 γὰρ
3853 1807 3906 1860 τό

666 1918 1031 1973 haereditatem
1063 1917 1350 1986 acciperet.
1403 1915 1486 1972 Ad
1532 1917 1646 1971 haec
1699 1916 1883 1986 itaque
1932 1915 2224 1985 respondet

2332 1921 2584 1993 φθαρτόν
2629 1917 2804 1973 τοῦτο
2842 1913 3210 1969 ἐνδύσασθαι
3254 1906 3650 1993 ἀφθαρσίαν,

661 2008 997 2080 Apostolus:
1037 2007 1253 2077 Oportet
1304 2008 1443 2061 enim
1502 2006 1834 2075 corruptibile
1886 2005 1981 2060 hoc
2009 2005 2225 2060 induere

2332 1989 2549 2080 θνηινὸν.
2582 2007 2758 2063 τοῦτο
2780 2005 3147 2061 ἐνδύσασθαι
3178 1997 3536 2055 ἀθανασίαν.
3563 1991 3830 2065 Φθαρτὺν

88 3222 109 3243 ’1

88 3294 91 3297 μ
96 3284 103 3299 l

88 3382 105 3399 ι

98 3510 111 3567 ἓ

98 3602 117 3633 .δ

90 3888 113 3943 ,ἐ

90 3978 115 4073 i

88 4155 107 4175 ,α

96 4200 113 4223 ιι

104 4246 115 4279 ‘.

661 2101 1185 2169 incorruptionem,et
1207 2099 1430 2153 mortale
1468 2098 1561 2152 hoc
1590 2097 1802 2152 induere
1850 2097 2226 2152 immortalita-

663 2202 765 2247 tem
795 2192 860 2245 ³¹.
906 2190 1474 2262 Corruptibileautem
1513 2197 1567 2244 et
1589 2190 1817 2244 mortale
1869 2189 1973 2244 hoc
2003 2188 2226 2245 induere

659 2285 1119 2341 immortalitatem
1168 2292 1222 2339 et
1264 2284 1750 2353 incorruptionem,
1784 2281 1917 2352 quid
1950 2281 2100 2337 aliud
2131 2282 2224 2348 sit,

662 2391 824 2448 quam
856 2383 916 2429 ut
942 2374 1080 2445 quod
1126 2375 1413 2428 seminatur
1443 2376 1498 2429 in
1545 2375 1907 2442 corruptione,
1943 2381 2126 2443 surgat
2168 2374 2226 2427 in

662 2469 1051 2537 incorruptione
1088 2466 1132 2499 ⁸¹
1172 2467 1302 2537 (non
1329 2468 1475 2521 enim
1515 2467 1693 2519 anima
1737 2465 2108 2535 corruptibilis
2145 2473 2228 2520 est

665 2570 760 2617 aut
791 2561 1070 2627 mortalis;
1106 2558 1456 2627 corruptibile
1510 2573 1640 2613 vero
1667 2564 1719 2612 et
1744 2557 1889 2627 quod
1915 2556 2222 2626 corrumpi-

664 2661 778 2718 tur,
819 2653 924 2707 ista
953 2668 1078 2708 caro
1108 2650 1253 2722 est)?
1285 2659 1343 2706 ut
1388 2652 1523 2706 sicut
1571 2651 1893 2719 portavimus
1949 2648 2227 2719 imaginem

668 2741 877 2809 terreni,
906 2751 1168 2812 portentus
1187 2750 1235 2796 et
1256 2742 1533 2812 imaginem
1562 2741 1780 2795 caelestis
1803 2739 1869 2794 ³³.
1892 2737 2025 2793 Nam
2054 2739 2231 2809 imago

666 2835 872 2890 terreni
893 2849 1053 2906 quam
1080 2834 1436 2906 portavimus,
1472 2833 1606 2888 illud
1643 2841 1726 2888 est
1760 2852 1771 2886 :
1804 2830 1964 2885 Terra
1988 2847 2062 2894 es,
2098 2840 2149 2885 et
2176 2832 2230 2885 in

670 2935 866 2981 terram
915 2926 1185 2981 reverteris
1211 2923 1277 2978 ⁸⁵.
1306 2925 1487 2994 Imago
1509 2932 1687 2978 autem
1735 2922 1975 2977 caelestis
2028 2929 2112 2976 est
2143 2936 2232 2977 re-

672 3017 939 3074 surrectio
969 3033 1035 3072 ex
1053 3016 1283 3072 mortuis
1307 3023 1361 3072 et
1381 3014 1721 3085 incorruptio
1753 3034 1765 3068 :
1807 3012 1876 3067 Ut
1905 3015 2041 3068 sicut
2074 3012 2229 3069 Chri-

2326 2076 2431 2158 ttat
2446 2101 2639 2172 θνητὸν
2667 2097 2977 2168 ἐνδυόμενον
3001 2089 3297 2149 ἀθανασίαν
3325 2087 3377 2140 τί
3398 2085 3528 2140 ἀλλο
3552 2086 3627 2138 ἂν
3648 2081 3748 2152 εἴη
3772 2076 3903 2149 παρὰ

2322 2194 2391 2249 τό
2441 2192 2836 2261 σπειρόμενον
2895 2187 2967 2240 ἐν
3003 2181 3194 2256 φθορᾷ
3243 2180 3342 2235 καί
3382 2175 3813 2244 ἀνιστάμενον
3846 2176 3903 2226 ἐν

2323 2284 2623 2355 ἀφθαρσίᾳ
2674 2281 2775 2352 (ὅτι
2824 2279 2898 2351 μὴ
2948 2277 3159 2348 φθαρτή
3201 2276 3346 2327 ἐστιν
3386 2270 3420 2342 ἢ
3456 2268 3642 2339 θνητὴ
3689 2270 3731 2338 ἡ

2325 2376 2460 2433 ἀλλά
2492 2376 2554 2429 τὸ
2584 2372 2777 2444 θνητὸν
2796 2368 2955 2424 τοῦτο
2978 2368 3075 2422 καὶ
3105 2365 3454 2439 φθειρόμενον
3489 2359 3787 2433 capacior);
3808 2360 3892 2421 in,

2326 2467 2517 2534 καθὼς
2548 2462 2920 2535 ὲςρορέσαμεν
2954 2460 3070 2529 τὴν
3103 2458 3304 2513 εἰκόνα
3331 2453 3436 2509 τοῦ
3463 2451 3717 2522 χοϊκοῦ,
3752 2448 3893 2520 φερέ-

2325 2576 2524 2629 σωμεν
2561 2556 2659 2611 καὶ
2708 2556 2822 2626 τὴν
2864 2553 3068 2608 εἰκόνα
3109 2549 3217 2605 τοῦ
3251 2545 3651 2616 ἐπουρανίου.
3699 2545 3771 2599 Ἦ
3810 2543 3887 2612 ῖᾶᾷ

2325 2651 2487 2707 εἰκὼν
2514 2649 2610 2704 τοῦ
2631 2646 2814 2721 χοϊκοῦ
2840 2646 2908 2717 ἢν
2952 2644 3310 2716 ἐφορέσαμεν,
3332 2641 3414 2704 τὸ,
3447 2637 3540 2707 Γῆ
3570 2635 3658 2701 εἷ,
3697 2636 3797 2691 καί
3826 2637 3887 2701 ek

2328 2742 2443 2812 γῆν
2466 2741 2800 2809 ἀπελεύσῃ,
2826 2737 3001 2792 ἐστίν·
3032 2738 3066 2807 ἡ
3096 2736 3154 2789 δὲ
3194 2732 3354 2787 εἰκὼν
3382 2729 3477 2783 τοῦ
3511 2730 3660 2783 ἐπου
3671 2727 3839 2799 parvisa
3862 2724 3886 2796 ἠ

2330 2837 2394 2889 ἐκ
2421 2832 2627 2906 νεκρῶν
2665 2833 2959 2894 ἀνάστασις
2988 2829 3081 2884 κα)⁸
3116 2830 3149 2899 ἡ
3179 2824 3482 2896 ἀφθαρσία·
3519 2824 3617 2875 ἵνα
3636 2865 3653 2886 ,
3696 2822 3886 2883 Ὥσπερ

2328 2902 2545 2997 ἠγέρθὴ
2568 2929 2600 2979 ό
2625 2923 2880 2993 Χριστὸς
2917 2921 3015 2977 διὰ
3044 2920 3154 2990 τῆς
3172 2917 3357 2985 δόξης
3376 2912 3486 2968 τοῦ
3527 2912 3795 2981 Πατρός,
3816 2910 3884 2962 εὐ-

2335 3035 2442 3082 τως
2474 3018 2571 3071 καί
2596 3016 2764 3085 ἡμεῖς
2793 3017 2862 3070 ἐν
2888 3014 3187 3080 καινότητι
3209 3009 3356 3078 ζωῆς
3387 3004 3884 3075 περιπατήσωμδκ

668 3119 783 3165 stus
814 3111 1042 3163 surrexit
1066 3126 1156 3178 per
1177 3109 1401 3180 gloriam
1431 3107 1634 3170 Patris,
1667 3106 1744 3160 ita
1767 3115 1817 3161 et
1849 3121 1943 3160 nos
1980 3106 2037 3159 in
2088 3105 2231 3160 trari—

2336 3104 2398 3158 El
2426 3103 2483 3158 δέ
2507 3121 2589 3167 τις
2611 3104 2793 3157 εἰκόνα
2825 3102 2923 3174 μὲν
2970 3100 3158 3172 χοῖκὴν
3195 3098 3293 3168 τὴν
3319 3098 3501 3173 σάρκα
3534 3095 3724 3166 αὐτὴν
3760 3095 3885 3146 (iam

671 3210 781 3257 tate
818 3202 937 3256 vita:
959 3201 1281 3255 ambulemus
1316 3200 1380 3255 ³⁵.
1412 3197 1568 3267 Quod
1589 3199 1634 3254 si
1656 3199 1780 3268 quis
1807 3204 2077 3253 terrenam
2094 3196 2230 3249 ima-

666 3295 868 3366 ginem,
932 3308 1151 3349 carnem
1206 3293 1365 3349 istam
1420 3291 1528 3346 dici
1579 3290 1887 3354 existimet,
1953 3288 2228 3343 caelestem

666 3399 798 3440 vero
831 3382 1140 3454 imaginem,
1171 3396 1370 3451 corpus
1419 3380 1566 3435 aliud
1621 3379 1864 3450 spiritale
1894 3387 2087 3450 praeter
2109 3391 2232 3432 car-

668 3490 792 3531 nem
821 3493 836 3541 ;
861 3474 949 3528 hic
996 3473 1151 3545 prius
1181 3472 1401 3544 cogitet,
1459 3478 1521 3526 ut
1567 3471 1839 3534 Christus,
1873 3469 2113 3525 caelestis
2141 3467 2232 3522 ille

666 3566 851 3631 homo,
888 3566 1131 3621 eamdem
1180 3564 1547 3619 membrorum
1600 3564 1850 3627 formam,
1880 3562 2232 3628 eamdemque

668 3660 958 3732 imaginem
999 3673 1063 3714 ac
1083 3673 1301 3714 carnem
1331 3657 1504 3714 nostri
1529 3656 1760 3711 similem
1790 3663 2011 3726 gestans
2033 3692 2048 3719 ,
2074 3652 2231 3707 visus

671 3754 774 3819 sit;
808 3761 1032 3823 propter
1090 3766 1252 3823 quam
1305 3751 1491 3817 etiam,
1537 3751 1652 3821 ipse
1684 3764 1791 3804 non
1829 3748 2013 3811 homo,
2071 3746 2234 3801 homo

670 3843 848 3899 factus
870 3845 975 3898 sit:
1003 3850 1062 3897 ut
1090 3846 1224 3897 sicut
1272 3844 1328 3896 in
1381 3841 1555 3896 Adam
1590 3856 1766 3895 omnes
1806 3838 2125 3902 moriuntur,
2157 3836 2237 3891 ita

668 3942 719 3988 et
748 3934 804 3987 in
854 3931 1067 3988 Christo
1098 3948 1273 3987 omnes
1306 3932 1628 4001 viviﬁcentur
1660 3914 1726 3983 “.
1757 3927 1876 3983 Non
1910 3928 2058 3983 enim
2112 3924 2236 3982 ideo

674 4039 892 4079 carnem
923 4024 1154 4093 portavit
1183 4031 1238 4078 et
1265 4022 1460 4090 induit,
1480 4029 1540 4078 ut
1559 4036 1669 4077 non
1692 4022 1952 4076 liberaret
2004 4026 2059 4075 et
2087 4033 2239 4073 resu-

674 4113 898 4170 scitaret
919 4127 1158 4168 carnem.
1180 4112 1313 4167 Nam
1333 4112 1463 4182 quid
1485 4112 1685 4168 frustra
1714 4126 1934 4167 carnem
1954 4109 2233 4173 induebat,

674 4221 836 4278 quam
869 4222 966 4261 nec
988 4207 1193 4261 salvam
1226 4206 1403 4261 facere
1430 4206 1709 4261 statuisset
1733 4220 1832 4260 nec
1865 4203 2238 4260 resuscitare?

673 4298 745 4353 At
773 4297 909 4352 nihil
935 4296 1026 4352 Dei
1051 4296 1224 4352 Filius
1250 4295 1456 4353 frustra
1502 4297 1650 4354 facit.
1697 4298 1818 4353 Non
1843 4312 1972 4369 ergo
2001 4296 2237 4353 inaniter

676 4390 933 4460 nullaque
964 4390 1196 4444 utilitate
1232 4389 1376 4445 servi
1400 4388 1628 4445 formam
1673 4393 1990 4461 assumpsit,
2041 4390 2137 4446 sed
2179 4397 2236 4444 ut

672 4483 1073 4538 resurrectione
1089 4482 1318 4538 donaret
1346 4496 1410 4536 ac
1440 4484 1621 4538 salvos
1644 4480 1865 4537 faceret.
1898 4481 2037 4537 Vere
2063 4481 2237 4552 siqui-

674 4573 795 4629 dem
812 4573 973 4629 homo
1000 4574 1176 4628 factus
1226 4582 1280 4629 et
1334 4582 1582 4629 mortuus
1619 4579 1739 4641 est,
1782 4588 1890 4628 non
1924 4572 2236 4642 apparentia

675 4667 932 4735 inanique
988 4667 1192 4737 specie,
1254 4665 1347 4723 sed
1396 4674 1457 4721 ut
1506 4667 1770 4730 veritate,
1831 4666 2234 4735 primogenitum

676 4767 1005 4813 mortuorum
1037 4759 1103 4825 ³⁷,
1155 4767 1372 4814 terreno
1399 4759 1618 4815 homine
1657 4758 1713 4813 in
1754 4758 2054 4823 caelestem,
2087 4772 2235 4812 mor-

677 4851 883 4921 talique
915 4852 966 4906 in
992 4852 1347 4908 immortalem
1367 4859 1595 4916 mutato,
1624 4867 1745 4907 sese
1767 4850 2064 4905 exhiberet.
2095 4848 2232 4903 Cum

677 4959 805 5015 ergo
840 4944 915 4997 ait
939 4943 1138 4999 Paulus
1166 4944 1244 5000 ³⁸ε
1283 4944 1422 5001 Caro
1449 4954 1499 4998 et
1531 4944 1745 5014 sanguis
1770 4957 1981 5012 regnum
2011 4938 2107 4994 Dei
2129 4956 2232 4994 non

674 5044 895 5106 possunt
920 5037 1204 5106 possidere,
1236 5036 1515 5092 uon.velut
1538 5035 1721 5090 carnis
1769 5034 2234 5104 regenerationem

2330 3194 2600 3263 λέγεσθαι,
2630 3194 2812 3248 εἰκόνα
2830 3193 2887 3247 δὲ
2918 3190 3239 3263 ἐπουράνιον
3265 3188 3392 3243 ἀλλο
3418 3187 3574 3256 παρὰ
3596 3186 3711 3256 τὴν
3744 3187 3884 3256 sip-r1

2331 3286 2490 3358 σῶμα
2520 3285 2881 3357 πνευματικόν
2901 3302 2914 3315 ο
2946 3280 3301 3354 ἐνθυμηθήτω
3337 3279 3402 3350 δὴ
3432 3272 3593 3340 οὗτος
3626 3277 3878 3351 πρότερον,

2330 3380 2411 3434 ὅτι
2470 3379 2720 3451 Χριστὸς,
2752 3381 2781 3432 ό
2824 3377 3070 3446 οὐράνιος
3112 3373 3416 3445 ἄνθρωπος,
3453 3371 3515 3423 τὸ
3548 3371 3699 3424 αὐτὸ
3731 3371 3875 3440 exigu

2330 3470 2438 3525 τῶν
2480 3470 2675 3541 μελῶν,
2737 3471 2831 3524 καὶ
2892 3468 3076 3523 εἰκόνα
3102 3467 3195 3519 καὶ
3248 3464 3425 3536 σάρκα
3478 3462 3584 3533 τὴν
3634 3463 3805 3530 αὐτὴν
3834 3458 3875 3525 τῇ

2332 3560 2577 3633 ἡμετέρᾳ
2614 3559 2846 3630 φορέσας
2903 3557 3075 3626 ἐφάνη
3098 3570 3113 3586 ο
3148 3553 3213 3607 δι’
3245 3553 3311 3624 ἦν
3344 3551 3458 3616 καὶ,
3485 3548 3786 3621 ἅνθρωπος
3809 3546 3874 3597 σει

2333 3653 2430 3717 ὢν,
2460 3652 2742 3724 ἄνθρωπος
2773 3650 3021 3720 ἐγένετο⁹
3063 3648 3170 3709 ἵνα,
3204 3642 3465 3712 καθάπερ
3501 3643 3578 3696 ἐν
3606 3641 3695 3709 τῷ
3736 3640 3874 3705 Ἀδὰμ

2334 3745 2554 3811 πάντες
2578 3743 3093 3813 ἀποθνήσκουσιν,
3121 3740 3308 3806 οὕτως
3333 3737 3432 3791 καί
3460 3736 3533 3788 ἐν
3564 3733 3653 3800 τῷ

2335 3837 2556 3902 πάντες
2585 3833 3147 3902 ζωοποιηθήσωνται.
3176 3831 3238 3884 Εἰ
3273 3830 3381 3900 γὰρ
3399 3869 3414 3894 ,
3444 3826 3534 3880 διὰ
3560 3826 3626 3879 τὸ
3656 3827 3733 3896 μὴ
3764 3824 3875 3876 ἐλευ-

2336 3929 2573 4002 θερῶσαι
2597 3928 2695 3999 τὴν
2721 3927 2897 3998 σάρκα
2923 3926 3016 3980 καὶ
3047 3923 3368 3993 ἀναστῆσαι,
3406 3920 3589 3991 σάρκα
3624 3920 3868 3990 ἐφόρεσει,

2334 4022 2388 4074 τί
2412 4022 2505 4075 καὶ
2534 4018 2806 4092 περισσῶς
2837 4018 3014 4089 σάρκα
3056 4015 3262 4086 ἐφόρει,
3292 4015 3359 4085 ἢν
3386 4010 3509 4065 οὗτε
3559 4010 3756 4074 σῶσαι,
3782 4008 3874 4061 οὔτε

2337 4112 2639 4182 ἀναστῆσαι
2693 4110 3008 4182 προῄρητο;
3048 4108 3183 4161 Ἀλλ’
3222 4107 3373 4160 οὐδὲν
3417 4103 3697 4176 περισσῶς
3727 4102 3873 4155 ποιεῖὸ

2340 4203 2467 4267 Υἱὸς
2493 4201 2587 4256 τοῦ
2614 4199 2769 4254 Θεοῦ.
2815 4200 2929 4252 Οὺκ
2968 4198 3075 4269 ἄρα
3103 4194 3392 4266 ἀνωφελῶς
3431 4193 3527 4264 τὴν
3570 4194 3781 4263 μορφὴν
3803 4187 3874 4242 τεῦ

2336 4292 2524 4347 δούλου
2540 4290 2819 4356 ἀνέλαϐεν,
2859 4287 2993 4342 ἀλλά
3012 4288 3144 4360 πρὸς
3169 4288 3230 4340 τὸ
3260 4284 3560 4354 ἀναστῆσαι
3595 4284 3691 4335 καὶ
3720 4283 3873 4335 σῶσαι.

2354 4383 2587 4457 Ἀληθῶς
2619 4383 2726 4454 γὰρ
2764 4379 3044 4453 ἄνθρωπος
3068 4379 3280 4448 ἐγένετο
3308 4376 3401 4430 καὶ
3425 4372 3687 4437 ἀπέθανε,
3735 4375 3816 4425 καὶ
3832 4371 3877 4423 οὗ

2339 4479 2417 4550 τῷ
2466 4479 2662 4540 δοκεῖν,
2712 4474 2825 4529 ἀλλ’
2872 4475 2959 4528 ἵνα
2995 4471 3210 4543 ἀληθῶς
3245 4468 3614 4538 πρωτότοκος
3660 4466 3878 4534 ἀναφανῇ

2342 4570 2459 4624 τῶν
2481 4567 2728 4637 νεκρῶν,
2759 4567 2849 4621 τὸν
2878 4564 3057 4637 χοῖκὸν
3078 4559 3389 4635 μεταϐαλὼν
3421 4560 3498 4622 εἰς
3523 4557 3788 4629 οὐράνιον,
3807 4554 3880 4607 καὶ

2341 4662 2431 4715 τὸν
2463 4659 2654 4731 θνητὸν
2695 4661 2772 4722 εἰς
2804 4656 3089 4711 ἀθάνατον.
3135 4652 3360 4707 Ὀπόταν
3388 4646 3479 4704 οῦν
3507 4647 3705 4731 σᾴρκα
3723 4651 3751 4700 ὀ
3770 4645 3882 4701 Παῦ-

2343 4757 2432 4815 λος
2475 4751 2572 4805 καί
2605 4744 2747 4819 αἷμα
2775 4746 3102 4812 ,βασιλείαν
3147 4742 3293 4798 Θεοῦ
3337 4740 3778 4809 κληρονομῆσαι
3810 4734 3880 4806 μὴ

2340 4846 2632 4900 δύνασθαι
2690 4841 2821 4912 λέγῃ
2842 4879 2856 4905 ,
2884 4839 2982 4909 οὐχ
3030 4838 3103 4901 ὡς
3133 4838 3197 4890 ἐκ
3229 4833 3437 4905 φαύλης
3477 4833 3553 4905 (5)
3586 4833 3682 4903 τῆς
3709 4831 3881 4902 σαρκὸς

2340 4938 2437 5010 τὴν
2468 4932 2883 5004 παλιγγενεσίαν
2915 4929 3291 4999 ἀποφαίνεται,
3319 4925 3431 4980 ἀλλ’
3460 4925 3536 4987 ὡς
3559 4923 3807 4976 διδάσκων
3831 4922 3879 4973 οὗ

2296 5064 2299 5067 -
2345 5025 2790 5100 κληρονομεῖσθαι
2816 5022 3086 5093 βασιλείαν
3116 5018 3272 5079 Θεοῦ,
3321 5015 3532 5071 αἰώνιον
3565 5015 3879 5086 ὑπάρχουσαν

679 5104 841 5198 neget
870 5104 944 5180 ita
969 5127 1144 5190 eﬂ‘ert,
1169 5126 1263 5182 sed
1286 5142 1394 5197 quo
1424 5126 1638 5190 doceat,
1670 5140 1780 5180 non
1824 5138 1986 5194 posse
2008 5137 2231 5194 regnum

2344 5121 2507 5193 ζωὴν,
2570 5120 2673 5173 ὑπὸ
2724 5117 2819 5172 τοῦ
2872 5114 3138 5186 σώματος,
3178 5109 3315 5166 ἀλλὰ
3360 5109 3420 5162 τὸ
3472 5107 3632 5178 σῶμα
3799 5104 3879 5198 τῆς

677 5218 797 5283 Dei,
824 5219 970 5288 quod
1002 5218 1072 5275 sit
1090 5219 1200 5274 vita
1232 5189 1450 5284 acterna,
1492 5216 1760 5288 possideri
1790 5189 2116 5284 a—corpore',
2141 5211 2231 5269 sed

2345 5189 2512 5282 ζωῆς.
2557 5210 2621 5263 Εἰ
2663 5206 2771 5278 γὰρ
2816 5204 3229 5276 ἐκληρονομεῖτο
3288 5203 3320 5272 ἡ
3365 5196 3604 5270 βασιλεία
3642 5193 3731 5248 τοῦ
3768 5189 3877 5248 Θεοῦ

677 5324 926 5381 corpusa
948 5309 1078 5364 vita.
1108 5308 1165 5364 Si
1199 5308 1342 5363 enim
1389 5324 1611 5379 regnum
1643 5308 1759 5373 Dei,
1787 5322 1910 5362 cum
1940 5307 2011 5360 sit
2042 5306 2175 5368 vita,
2207 5318 2231 5359 a

2346 5304 2450 5357 ὑπὸ
2495 5300 2591 5356 τοῦ
2635 5299 2903 5370 σώματος,
2944 5296 3055 5368 ζωὴ
3104 5295 3443 5366 ὑπάρχουσα,
3496 5289 3791 5344 συνέϐαινεν

678 5376 909 5474 corpore
960 5400 1367 5473 possideretur,
1416 5376 1659 5455 eueniret
1692 5400 1857 5455 vitam
1898 5397 2176 5453 absorberi
2208 5410 2231 5450 a

2343 5396 2440 5468 τὴν
2474 5394 2617 5464 ζωὴν
2663 5392 2768 5444 ὑπὸ
2822 5391 2923 5460 τῆς
2958 5388 3161 5460 φθορᾶς
3188 5382 3598 5439 κατατείνεσθαι.
3637 5379 3742 5434 Νῦν
3762 5376 3878 5433 δὲτὸ

756 5548 801 5579 ’⁸
826 5546 1022 5602 Jerem.
1060 5561 1180 5610 vui,
1223 5547 1275 5600 .l.
1346 5545 1390 5577 ³ο
1422 5543 1563 5599 Dan.
1587 5559 1686 5608 xu,
1709 5542 1764 5598 2.
1842 5543 1883 5574 ³¹
1916 5542 1933 5595 Ι
1965 5542 2087 5598 Cor.
2152 5556 2231 5605 xv,

2332 5539 2389 5610 5.7
2441 5540 2483 5571 "
2523 5537 2654 5610 ibid.
2678 5536 2782 5610 >42.
2862 5534 2908 5566 ³³
2937 5532 2953 5587 1
3000 5532 3125 5588 Cor.
3155 5548 3244 5595 xv,
3298 5529 3388 5584 49.
3460 5529 3505 5560 "
3539 5524 3665 5582 Gen.
3694 5540 3772 5592 ut,
3803 5524 3875 5580 i9.

687 5614 732 5647 "
769 5615 913 5673 Rom.
951 5633 1030 5679 vr,
1063 5617 1119 5671 4.
1167 5608 1427 5670 "‘lCor.
1456 5632 1550 5681 xv,
1584 5614 1675 5668 22.
1753 5614 1793 5646 ³⁷
1826 5614 1980 5682 Apoc.
2018 5630 2056 5678 ι,
2083 5611 2134 5669 5.

2349 5609 2476 5667 Cor.
2503 5624 2592 5673 xv,
2627 5608 2715 5663 50.

765 5755 862 5825 (ι’)
898 5758 1127 5829 Ἐπειδὴ
1153 5762 1277 5831 μεθ.
1313 5758 1388 5814 Ex
1410 5758 1509 5814 cod
1558 5755 1743 5829 Rupif.

2419 5748 2498 5822 (5)
2540 5748 2638 5803 Ἐκ
2659 5747 2914 5817 φαύλης.
2953 5742 3128 5800 Scrib.
3162 5735 3500 5809 ἐκφαυλίζων
3528 5750 3594 5791 ex
3615 5732 3878 5791 Photianis.
