3962 6278
173 388 395 445 285‘

1207 377 1301 436 EX
1338 377 1541 435 LlBRO
1581 377 1670 432 DE
1709 375 2337 434 RESURRECTIONEI

3286 371 3391 429 286

171 502 454 577 θνῆσκονή
486 502 596 574 ζωὴ
625 499 980 572 κληρονομεῖ·
1010 498 1096 552 ἵνα
1126 498 1213 563 είς
1240 496 1407 564 νῖκος
1434 500 1467 551 ό
1486 495 1742 561 θάνατος

1859 492 2208 564 :orruptione.
2232 489 2388 545 Nunc
2414 503 2545 544 vero
2594 488 2707 544 vita
2736 493 3005 542 mortuum
3032 484 3293 557 possidet,
3332 495 3394 538 ut

171 591 476 661 καταποθῇ
490 594 609 646 ὑπὸ
628 589 739 659 τῆς
762 589 928 658 ζωῆς,
961 587 1133 643 καὶτὸ
1150 586 1385 658 φθαρτὸν
1405 587 1511 658 ,τῆς
1532 585 1746 659 ἀφθαρ-

176 688 296 752 σίας
322 687 506 756 κτῆμα
534 685 627 737 καὶ
654 684 751 754 τῆς
778 681 1070 744 ἀθανασίας
1098 682 1260 751 φανῇ.
1288 679 1484 748 ἄφετον
1516 679 1614 750 μὲν
1645 678 1743 733 καὶ

175 777 461 846 ἐλεύθερον
511 772 738 827 θανάτου
784 770 1069 841 γενόμενον
1097 768 1192 822 καὶ
1227 766 1516 839 ἁμαρτίας,
1557 766 1744 821 δοῦλον

173 869 235 922 δὲ
260 866 356 923 καὶ
406 867 645 937 ὑπήκοον
709 861 1035 926 ἀθανασίας’
1093 862 1240 924 ὅπως
1279 860 1378 930 τῆς
1438 858 1745 931 ἀφθαρσίας

174 960 265 1031 εἴη
286 958 347 1012 τὸ
369 958 525 1029 σῶμα
549 955 752 1027 κτῆμα,
789 955 882 1009 καὶ
907 953 981 1025 μὴ
1000 952 1092 1005 τοῦ
1116 951 1362 1023 σώματος
1384 953 1419 1022 ἡ
1443 949 1742 1022 ἀφθαρσία.

248 1156 352 1209 IA'.
380 1154 444 1206 Εἰ
469 1152 532 1205 ἑκ
546 1148 799 1220 τοιαύτης
828 1146 901 1219 (6)
930 1146 1186 1214 σταγόνος
1222 1146 1477 1217 βραχείας
1506 1146 1601 1201 καὶ
1640 1163 1745 1217 μη-

175 1244 330 1301 δέπω
373 1242 537 1313 ούσης
586 1240 644 1294 τὺ
698 1239 933 1301 σύνολον,
989 1236 1123 1308 μηδὲ
1155 1236 1213 1289 ὲν
1250 1236 1485 1308 ὑγρασία
1520 1237 1741 1308 τοιαύτῃ

180 1339 279 1391 κα).
302 1336 495 1405 συνοχῇ
524 1334 615 1385 καὶ
644 1329 860 1400 πυγμῇ),
892 1330 956 1381 ὲκ
972 1326 1067 1380 τοῦ
1104 1326 1324 1398 μηδενὸς
1343 1326 1627 1399 ἄνθρωπος
1652 1328 1744 1395 γε-

181 1443 356 1493 νεται,
397 1424 508 1488 πῶς
532 1423 651 1492 οὐχ).
688 1420 883 1493 μᾶλλον
909 1420 974 1471 ὲκ
1001 1417 1093 1470 τοῦ
1145 1416 1247 1487 ήδη
1282 1417 1621 1488 ὑπάρξαντος
1649 1416 1745 1469 ἀν-

184 1518 404 1594 θρώπου
437 1514 714 1587 ἄνθρωπος
756 1512 906 1565 ἔσται
936 1506 1089 1572 αὖθις
1111 1510 1140 1562 ό
1172 1507 1484 1579 ἀνθρωπος;
1521 1509 1597 1562 Οὐ
1635 1508 1748 1580 γὰρ

183 1610 329 1664 οὕτω
356 1607 428 1680 (7)
464 1604 598 1677 μετά
610 1605 671 1657 τὸ
690 1603 787 1674 ήδη
813 1600 1174 1671 γεγενημένον
1193 1600 1284 1652 καὶ
1315 1598 1563 1652 διαλυθὲν
1582 1601 1741 1670 ποιῆ-

189 1717 278 1754 σαι
301 1698 476 1757 πάλιν,
505 1696 580 1759 ὡς
613 1693 835 1766 μηδέπω
879 1689 1239 1761 γεγενημένον
1274 1689 1337 1741 ὲκ
1360 1687 1454 1742 τοῦ
1489 1687 1565 1760 μὴ
1592 1688 1748 1753 ὄντος

185 1791 604 1846 κατασκευάσαι.
666 1789 788 1843 Ἐἀν
825 1785 917 1843 οὖν
945 1790 1284 1862 ὲθελήσωμεν
1331 1788 1499 1854 δεῖξαι
1525 1789 1625 1860 τὴν
1652 1804 1747 1857 γο-

185 1884 280 1956 νὴν
306 1884 403 1955 τὴν
430 1882 537 1936 ἀπὸ
560 1881 653 1934 τοῦ
678 1882 901 1955 ἄρρενος
929 1883 1381 1955 ἀποκρινομένην,
1411 1882 1744 1954 παραγάγω-

186 1989 286 2045 μεν
315 1972 394 2038 δὲ,
414 1971 546 2025 αὐτὸ
566 1970 684 2025 καθ’
718 1972 898 2034 ἑαυτὸ,
921 1973 1016 2025 καὶ
1044 1970 1365 2043 τεθνηκότος
1391 1971 1575 2042 σῶμα·
1600 1973 1749 2024 ποῖον

182 2066 563 2119 πιστεύσουσιν
590 2066 724 2134 ἡμῖν
779 2064 828 2116 οἱ
867 2063 1080 2135 θεωροὶ,
1110 2066 1188 2127 είς
1215 2064 1274 2116 τὸ
1305 2064 1538 2134 φανερὸν
1562 2063 1751 2117 ἑκατέ-

185 2174 296 2228 ρων
326 2157 615 2227 κειμένων,
655 2154 869 2209 ἔσεσθαι
896 2155 1217 2227 ἀνθρωπον;
1247 2152 1355 2227 ἆρα
1385 2157 1485 2229 τὴν
1518 2156 1754 2225 σταγόνα

183 2247 398 2316 εκείνην
429 2251 529 2320 τὴν
555 2248 689 2311 ὅλως
705 2249 855 2301 οὐδὲν
882 2248 1250 2319 ὑπάρχουσαν,
1276 2248 1416 2320 ἢτὸν
1442 2249 1539 2320 ἤδη
1567 2248 1752 2319 σχῆμα

184 2340 282 2392 καὶ
333 2340 559 2409 μέγεθος
608 2342 703 2394 καὶ
754 2341 1049 2393 ὑπόστασιν
1100 2339 1315 2410 ἐχοντα;
1363 2341 1426 2394 El
1448 2340 1556 2412 γάρ
1580 2343 1754 2395 ἐκεῖνο

185 2428 248 2481 τὸ
297 2428 431 2493 ὅλως
468 2431 637 2495 οὐδὲν,
703 2432 858 2501 μόνον
905 2431 1255 2503 ἐθελήσαντος
1304 2430 1462 2493 Θεοῦ,
1501 2432 1661 2485 πάλιν
1693 2431 1755 2485 τὸ

190 2516 324 2570 αὐτὸ
348 2518 627 2588 ἄνθρωπος
666 2520 892 2588 γίνεται,
927 2520 1106 2591 πολλῷ
1137 2518 1334 2590 μᾶλλον
1358 2519 1419 2571 τὸ
1450 2519 1551 2591 ἤδη
1578 2519 1755 2591 ὑπάρ-

189 2624 284 2678 χον
320 2610 414 2661 καὶ
448 2609 891 2697 (τετελειωμένον,
939 2611 1289 2682 ἐθελήσαντος
1324 2610 1418 2663 τοῦ
1480 2610 1636 2675 Θεοῦ,
1695 2610 1757 2664 τὸ

192 2700 323 2753 αὐτὸ
376 2699 538 2753 πάλιν
577 2700 858 2773 ἅνθρωπος
886 2701 1139 2770 γενέσθαι
1173 2702 1271 2773 (8).
1317 2702 1470 2756 Ἐπεὶ
1494 2703 1547 2756 τί
1577 2702 1757 2773 βουλό-

194 2808 351 2863 μενος
377 2792 451 2861 (9)
484 2792 512 2843 ό
535 2791 776 2860 θεολόγος
798 2794 1056 2864 Μωῦσῆς,
1084 2792 1181 2864 τήν
1202 2793 1341 2847 κατὰ
1370 2794 1469 2864 τὴν
1493 2810 1759 2865 σκηνοπη-

192 2883 317 2951 γίαν
349 2881 536 2954 ἑορτὴν
577 2885 634 2936 ὲν
677 2882 754 2953 τῷ
777 2883 1045 2954 Λευῖτικῷ
1095 2866 1377 2954 μυστικῶςκ
1398 2886 1756 2955 είσηγήσατο;

193 2968 339 3046 Ἀρα
358 2973 462 3046 γὰρ
495 2973 579 3027 ἵνα
623 2973 794 3038 οὕτως
839 2975 1185 3046 ἑορτάσωμεν
1217 2975 1297 3046 τῷ
1331 2974 1472 3046 Θεῷ,
1507 2975 1759 3047 καθάπερ

198 3064 510 3136 ἐξηγοῦνται
539 3065 873 3136 χυδαιότερον
896 3067 945 3119 οἱ
961 3066 1204 3118 Ἰουδαῖοι
1230 3065 1477 3130 νοοῦντες
1497 3067 1595 3131 τάς
1623 3067 1759 3137 Γρα-

1774 1846 1823 1905 Β

1841 600 1983 639 mors
2001 585 2059 638 in
2091 582 2364 638 victoriam
2396 580 2738 635 absorbeatur
2765 596 2796 633 α
2818 578 2925 632 vita
2977 577 3060 631 '°:
3094 584 3261 647 utque
3290 575 3393 631 ob-

1839 676 2065 731 noxium
2106 673 2242 729 illud
2270 671 2626 743 corruptioni,
2658 668 3084 739 incorruptionis
3112 669 3392 722 immorta-

1840 765 2120 836 litatisque
2163 763 2440 834 possessio
2491 763 2616 816 ﬁat:
2649 761 2997 828 solutumque
3027 765 3081 811 et
3107 757 3333 811 liberum
3360 770 3393 809 a

1841 866 2016 914 morte
2044 863 2098 911 et
2125 862 2382 926 peccato,
2414 851 2806 907 immortalitati
2845 864 3062 905 servum
3093 847 3395 902 subditum-

1842 966 1948 1023 que
1967 948 2269 1007 concedat:
2309 954 2370 1001 ut
2415 946 2487 1002 sit
2533 960 2765 1015 corpus,
2803 940 3229 1011 incorruptionis
3271 953 3395 1008 pos-

1844 1043 2055 1109 sessio;
2089 1055 2199 1095 non
2223 1024 2883 1107 incorruptiofeorporis.

1912 1153 2052 1209 XIV.
2100 1152 2237 1208 Cum
2260 1166 2325 1205 ex
2365 1159 2474 1204 tam
2528 1147 2743 1202 modica
2793 1143 2996 1201 stillula
3058 1157 3123 1197 ac
3167 1142 3399 1197 necdum
3450 1152 3456 1155 ‘

1841 1261 2069 1320 prorsus
2093 1245 2410 1304 exsistenle,
2436 1254 2504 1294 ne
2525 1239 2743 1310 quidem
2783 1238 2836 1292 in
2868 1235 3134 1307 ejusmodi
3153 1233 3397 1298 humido,

1846 1339 2301 1407 arctitudineque,
2353 1348 2415 1387 ac
2458 1332 2725 1403 parvitate
2778 1330 2923 1401 (10);
2955 1329 3185 1397 denique
3226 1342 3292 1382 ex
3314 1326 3401 1381 ni—

1844 1431 1977 1493 hilo,
2013 1430 2176 1483 homo
2200 1427 2331 1480 ﬁat:
2359 1424 2451 1495 qui
2481 1437 2585 1476 non
2618 1421 2799 1492 potius
2827 1436 2893 1474 ex
2916 1419 3132 1473 homine
3154 1418 3245 1488 qui
3276 1416 3398 1481 fuit.

1845 1520 2008 1575 fuerit
2035 1532 2230 1573 rursus
2278 1515 2679 1570 resurrectione
2731 1509 2935 1565 homo?
2978 1508 3154 1562 Minus
3204 1507 3402 1577 quippe
3513 1564 3516 1566 γ

1844 1611 2058 1665 videtur
2085 1606 2320 1671 diilicile,
2349 1614 2409 1659 ut
2436 1604 2580 1675 quod
2617 1602 2717 1656 fuit
2745 1607 2799 1656 et
2836 1606 2918 1655 est
2939 1598 3283 1660 dissolutum,
3307 1597 3403 1651 de-

1845 1716 1956 1756 nuo
1988 1708 2347 1769 componatur
2364 1703 2418 1751 et
2446 1701 2757 1764 reparatum
2807 1690 2899 1744 ﬁat
2921 1729 2935 1754 ,
2966 1703 3126 1759 quam
3171 1695 3228 1741 ut
3254 1684 3402 1757 quod

1849 1792 2089 1849 nondum
2116 1790 2239 1855 fuit,
2256 1806 2321 1844 ex
2339 1788 2508 1842 nihilo
2524 1784 2764 1856 prodeat.
2794 1780 2990 1848 Quare,
3008 1781 3057 1835 si
3084 1779 3285 1842 lubeat,
3313 1791 3408 1832 ex-

1850 1891 2055 1939 cretam
2086 1896 2117 1934 a
2148 1879 2393 1934 masculo
2426 1876 2688 1941 feturam;
2744 1874 2919 1944 ipsam
2955 1871 3209 1925 nimirum
3253 1883 3404 1925 seor-

1850 1975 1987 2029 sim:
2020 1970 2368 2040 defunctique
2386 1969 2635 2031 cadaver,
2672 1965 2728 2019 in
2759 1964 2992 2019 medium
3016 1962 3401 2033 producamus.

1851 2065 1988 2120 Tum
2010 2078 2164 2134 rogo,
2204 2061 2466 2115 ambobus
2497 2059 2674 2130 palam
2705 2057 2968 2126 expositis
2983 2055 3403 2124 propositisque,

1853 2155 2126 2225 quodnam
2150 2159 2484 2222 spectatores
2508 2149 2781 2205 hominem
2805 2146 2918 2202 fore
2950 2145 3208 2201 credituri
3238 2151 3366 2201 sunt
3382 2143 3411 2200 ?

1850 2260 1982 2300 num
2045 2243 2302 2298 stillulam
2349 2241 2529 2308 illam,
2580 2254 2700 2311 quae
2753 2239 2887 2293 nihil
2927 2252 3151 2308 prorsus
3183 2237 3285 2292 sit?
3336 2250 3409 2292 an

1852 2342 2127 2389 mortuum
2158 2332 2329 2401 ﬁgura
2357 2330 2468 2400 jam
2500 2330 2751 2399 maleque
2782 2334 2834 2384 et
2883 2328 3185 2383 substantia
3211 2325 3411 2396 praedi-

1852 2428 2014 2482 tum?
2045 2425 2099 2481 Si
2133 2427 2276 2481 enim
2303 2423 2437 2478 illud
2466 2422 2609 2493 quod
2643 2423 2800 2493 plane
2846 2420 2983 2473 nihil
3004 2418 3267 2486 videatur,
3299 2417 3411 2473 Deo

1853 2526 2063 2574 tantum
2106 2517 2321 2572 volente
2363 2506 2540 2585 ipsum
2590 2514 2787 2567 iterum
2838 2512 3001 2566 homo
3042 2517 3406 2581 procreatur:

1854 2610 2207 2681 potiorijure,
2235 2607 2381 2677 quod
2427 2615 2511 2661 est
2559 2605 2670 2674 jam
2727 2610 2781 2660 et
2820 2603 2922 2658 fuit
2954 2612 3409 2667 consummatum,

1856 2703 2146 2757 accedente
2185 2701 2368 2755 divina
2393 2698 2690 2760 voluntate,
2744 2695 2798 2750 id
2833 2697 3009 2765 ipsum
3045 2694 3221 2748 denuo
3250 2693 3416 2748 homo

1857 2791 1965 2846 ﬁet.
2027 2788 2162 2844 Nam
2231 2788 2481 2857 alioqui,
2545 2786 2674 2858 quid
2728 2786 2917 2840 volens
2984 2784 3263 2854 theologus
3323 2781 3416 2838 illo

1857 2885 2089 2958 Moyses,
2126 2883 2324 2939 festum
2353 2879 2830 2936 tabernaculorum
2888 2877 3205 2948 spiritaliter
3245 2873 3416 2930 edixit

1858 2950 2144 3048 sauiitque
2184 2974 2592 3037 celebrandum,
2624 2972 2678 3026 in
2702 2970 2944 3027 Levitico
2970 2970 3051 3024 ’⁸⁸2
3083 2968 3221 3022 Num
3269 2967 3412 3022 enim

1856 3082 1919 3129 ut
1944 3075 2019 3129 ita
2045 3073 2215 3129 Deum
2246 3071 2383 3127 festo
2416 3071 2659 3125 colamus
2691 3108 2706 3133 ,
2741 3050 3195 3138 quemadmodum
3242 3060 3413 3117 Judaei

197 3157 333 3225 φάς;
366 3156 440 3220 ὡς
471 3156 563 3209 τοῦ
591 3157 973 3229 Θεοῦσκηναϊς
1002 3157 1273 3221 τοιαύταις
1298 3159 1361 3211 ἐκ
1394 3158 1641 3230 καρπῶν,
1666 3160 1756 3212 καὶ

1859 3167 2023 3222 vilius
2054 3165 2439 3236 vulgariusque
2485 3161 2799 3231 Scripturas
2828 3158 3186 3229 intelligentes
3210 3195 3226 3220 ,
3257 3169 3419 3224 expo-

196 3246 401 3299 κλάδων
424 3247 517 3300 καὶ
532 3246 741 3316 φύλλων
767 3248 1295 3319 κατεσκευασμέναις
1320 3249 1708 3319 ἀρεσκομένου,
1724 3247 1760 3301 δι

196 3335 392 3401 εὐθέως
437 3339 785 3410 μαραίνονται
823 3338 920 3410 τὴν
967 3339 1127 3411 χλόην
1172 3338 1586 3410 ἀποσυλάψιενα.
1647 3341 1760 3393 Ούκ

196 3428 338 3484 ἔστιν
362 3430 555 3484 εἰπεῖν.
574 3431 728 3495 Τίνος
754 3433 850 3501 μὲν
870 3434 902 3503 ή
935 3431 1302 3502 Σκηνοπηγία,
1324 3432 1568 3502 φράσατε
1584 3449 1598 3497 ;
1616 3433 1764 3503 εἰσή-

195 3521 295 3594 χθη
348 3524 572 3599 μήνυμα
608 3522 707 3593 τῆς
739 3522 995 3593 ἀληθινῆς
1024 3523 1180 3594 ήμῶν
1208 3521 1411 3593 ταύτης
1446 3523 1668 3593 σκηνῆς,
1695 3523 1762 3592 ἢν

197 3611 606 3666 καταπεσοῦσαν
668 3615 747 3675 είς
792 3612 996 3685 φθορὰν
1039 3613 1127 3667 διά
1170 3612 1268 3683 τὴν
1310 3612 1638 3684 παράϐασιν,
1668 3613 1763 3667 κα)⁵

178 3704 499 3775 ’λελυμένην
526 3708 592 3776 τῇ
609 3705 870 3777 ἁμαρτίᾳ,
893 3702 1049 3769 αὖθις
1069 3705 1430 3777 συμπήξασαν
1459 3705 1763 3779 ἀνώλεθρον

200 3795 524 3865 ἀναστήσειν
548 3796 719 3860 ὁΘεὸς
746 3798 1114 3868 ἀπηγγείλατο
1133 3797 1196 3867 (f.
1215 3797 1335 3868 ὲπ-)
1355 3814 1368 3827 ο
1402 3798 1547 3861 ὅπως
1579 3797 1765 3869 ἑορτά-

204 3899 387 3954 σωμεν
421 3883 572 3954 αύτῷ
610 3884 822 3955 ἀληθῶς
837 3884 934 3956 τὴν
972 3885 1209 3956 μεγάλην
1232 3885 1422 3957 ἑορτὴν
1464 3886 1557 3939 καὶ
1601 3886 1763 3940 πολυ-

204 3974 494 4047 θρύλλητον
543 3976 642 4046 τῆς
682 3977 1054 4047 Σκηνοπηγίας
1078 3978 1134 4029 ὲν
1160 3978 1225 4047 τῇ
1258 3976 1576 4029 ἀναστάσει·
1605 3978 1764 4032 ὁπότε

205 4068 638 4139 συμπηγνύμενα
682 4069 838 4140 ήμιῖιν
864 4069 943 4132 είς
983 4068 1388 4138 κατακόσμησιν
1420 4068 1520 4138 τῆς
1561 4068 1765 4123 ἀθανα-

208 4159 324 4221 σίας
381 4162 470 4214 καὶ
508 4159 825 4231 συμφωνίας
863 4158 931 4212 τά
988 4159 1340 4231 σκηνώματα,
1397 4161 1462 4213 ἐκ
1504 4159 1600 4213 τοῦ
1646 4161 1768 4231 χοὸς

204 4249 449 4323 ἄφθαρτα
495 4252 838 4306 ἀνίστανται’
875 4253 1036 4306 ὁπότε
1096 4251 1384 4304 ἀκούσουσι
1424 4252 1492 4304 τὰ
1532 4252 1664 4305 ὀστᾶ
1700 4253 1770 4306 τὰ

208 4341 343 4415 ξηρά
371 4346 506 4400 κατά
545 4345 641 4415 τὴν
679 4345 1078 4416 ἀψευδεστάτην
1106 4344 1461 4415 προφητείαν,
1505 4343 1770 4414 προσαγό-

210 4453 342 4506 μενα
366 4439 495 4508 πρὸς
517 4437 619 4500 τὰς
659 4438 917 4508 ἁρμονίας
949 4433 1146 4501 αὐτῶν,
1172 4435 1274 4488 ὑπὸ
1297 4434 1390 4488 τοῦ
1422 4434 1767 4499 ζωοπλάστου

1862 3258 2045 3315 nunt?
2093 3258 2240 3312 velut
2289 3255 2546 3310 nimirum
2596 3253 2707 3309 Deo
2740 3255 2987 3323 placeant
3028 3247 3293 3319 ejusmodi
3349 3260 3416 3302 ex

1862 3349 2127 3404 fructibus
2157 3348 2429 3416 ramisque
2468 3351 2521 3399 et
2551 3343 2695 3400 foliis
2729 3345 2991 3398 adornata
3040 3337 3416 3402 tabernacula,

1863 3448 1995 3513 quaa‘
2014 3440 2172 3496 satim
2188 3437 2485 3508 despoliata
2503 3437 2683 3492 virore
2711 3439 3067 3490 marcescant.
3091 3428 3243 3484 Haud
3261 3429 3419 3498 plane

1864 3533 2027 3589 fuerit
2058 3530 2369 3585 dicendum.
2408 3527 2570 3593 Sane,
2604 3544 2757 3598 rogo,
2792 3528 3079 3597 cujusnam
3110 3523 3180 3578 sit
3213 3520 3417 3576 Sceno~

1862 3623 2057 3696 pegia?
2085 3621 2332 3675 instituta
2393 3628 2477 3673 est
2525 3627 2586 3673 ut
2633 3618 2747 3673 veri
2771 3613 3105 3672 tabernaculi
3140 3613 3311 3665 nostri
3352 3610 3423 3664 si-

1866 3729 2052 3785 gnum,
2084 3711 2315 3782 quodin
2370 3709 2773 3779 corruptionem
2820 3704 3264 3778 praevaricatione
3298 3715 3422 3773 pro-

1864 3808 2097 3876 lapsum,
2124 3813 2455 3876 peccatoque
2496 3804 2755 3866 solutum,
2789 3816 2848 3857 se
2883 3798 3025 3853 Deus
3051 3797 3230 3852 denuo
3269 3809 3421 3850 com-

1863 3907 2081 3970 pactum
2140 3900 2612 3968 compositumque
2646 3936 2661 3962 ,
2736 3893 3006 3949 incolume
3061 3890 3419 3946 excitaturum

1865 3992 2148 4062 promisit;
2174 4007 2280 4061 quo
2305 3991 2356 4046 ei
2388 3992 2633 4053 veritate,
2688 3999 2938 4057 magnam
2959 3983 3127 4060 _illam
3167 3983 3422 4037 decanta-

1868 4083 2240 4152 tissimamque
2273 4082 2618 4152 Scenopegize
2663 4077 3052 4135 solemnitatem
3087 4074 3420 4129 celebremus

1869 4173 1925 4226 in
1952 4173 2378 4239 resurrectione;
2435 4170 2652 4240 quando
2684 4176 2962 4237 compacta
3003 4165 3070 4218 ad
3102 4161 3421 4219 immortali-

1870 4267 1999 4320 tatis
2026 4265 2499 4334 consonantiaeque
2536 4272 2787 4318 ornatum
2821 4267 3006 4314 nostra
3047 4255 3418 4318 tabernacula,

1871 4357 2131 4410 immunia
2190 4370 2219 4408 a
2272 4355 2619 4425 corruptione
2650 4354 2695 4385 δι
2743 4352 2810 4407 de
2850 4351 3067 4421 pulvere
3103 4356 3420 4417 resurgent;

1870 4447 2089 4517 quando
2148 4445 2414 4514 auditura.
2446 4451 2594 4509 sunt,
2656 4451 2715 4498 ut
2743 4442 3024 4497 verissime
3074 4439 3237 4492 habet
3295 4449 3423 4506 pro-

208 4529 339 4583 Θεοῦ
366 4531 457 4584 κα).
488 4532 864 4603 ἀριστοτέχνου
905 4529 1435 4593 ἀνακαινοποιοῦντος
1470 4525 1624 4593 αὖθις
1663 4529 1756 4600 τὴν

1865 4539 2024 4610 pheta
2040 4538 2106 4602 δ’,
2125 4552 2248 4594 ossa
2262 4538 2432 4601 arida,
2453 4537 2566 4592 suis
2591 4537 2783 4591 iterum
2795 4531 3165 4587 commissuris
3192 4528 3422 4592 reddita,

215 4623 389 4693 σάρκα
432 4624 523 4676 καὶ
574 4623 991 4694 συμμιγνύντος,
1035 4625 1093 4677 ού
1124 4623 1382 4687 τοιούτοις
1411 4623 1489 4676 ἔτι
1525 4623 1762 4693 δεσμοῖς,

215 4707 295 4775 οἷς
327 4713 417 4765 καὶ
447 4716 655 4786 πρῶτον
699 4717 989 4787 συνείχετο,
1031 4716 1145 4770 ἀλλ’
1193 4716 1486 4787 ἀκηράτοις
1535 4716 1766 4786 πάμπαν

217 4801 397 4856 λοιπὸν
437 4806 527 4859 καὶ
572 4806 804 4872 ἀλύτοις.
860 4808 1197 4879 Ἐθεασάμην
1248 4808 1355 4879 γάρ
1402 4809 1459 4862 ὲν
1511 4806 1767 4878 Ὀλύμπῳ

220 4894 329 4963 ἐγὼ
351 4896 487 4969 (ὅρος
506 4899 560 4952 δέ
592 4902 705 4955 ἐστι
733 4901 831 4971 τῆς
859 4901 1098 4972 Λυκίας)
1124 4900 1235 4972 πῦρ
1282 4900 1595 4971 αὐτομάτως
1629 4901 1769 4954 κατὰ

222 4987 317 5056 τὴν
339 4988 634 5060 ἀκρώρειαν
671 4993 763 5045 τοῦ
801 4992 956 5065 ὅρους
979 4993 1221 5047 κάτωθεν
1250 4995 1314 5046 ὲκ
1341 4993 1441 5062 τῆς
1463 4994 1565 5065 γῆς
1587 4992 1768 5046 ἀναδι-

223 5077 467 5149 δόμενον·
507 5085 629 5154 περ).
670 5085 698 5138 ὃ
739 5086 847 5158 πῦρ
886 5086 1048 5156 ἄγνου
1094 5087 1254 5157 φυτὸν
1291 5084 1640 5150 ὲστὸς,οῦτω
1669 5086 1768 5157 μὲν

292 5246 335 5280 ³⁸
368 5247 385 5299 I
419 5245 540 5301 Cor.
565 5264 652 5313 xv,
679 5250 768 5305 54.
846 5250 891 5282 ³⁵⁸
920 5249 1064 5304 Levi‘
1112 5265 1272 5315 xm],
1304 5249 1372 5304 39
1406 5263 1523 5318 seq.

298 5390 374 5456 (6)
402 5391 466 5443 El
490 5390 557 5443 ἐκ
582 5408 631 5443 τ.
667 5391 741 5446 Ex
768 5392 957 5447 eodem
982 5391 1101 5448 cod.
1140 5390 1323 5461 Rupif.

301 5460 373 5534 (ἶ)
400 5461 478 5534 ρύ
507 5461 611 5534 πὰρ
631 5463 798 5534 οὕτω.
834 5461 992 5516 Deest
1030 5459 1253 5534 ἄπορον,
1301 5468 1395 5516 aut
1425 5459 1553 5531 quid
1578 5461 1771 5518 simile.

297 5528 374 5601 (8)
405 5528 703 5601 Γενέσθαι.
735 5531 897 5586 Forte
927 5528 1228 5601 γενήσεται.

302 5600 376 5683 (9)
408 5600 578 5683 Ἐπεί
608 5603 663 5683 τί
710 5602 988 5683 βουξόμ..
1019 5600 1164 5683 idem
1225 5611 1599 5683 argumentum
1626 5617 1770 5683 Aper-

236 5678 422 5806 lactat
456 5671 511 5725 S.
534 5672 701 5796 ἔσιθι·
724 5676 780 5728 in
823 5670 1069 5727 Couvivio
1118 5670 1311 5725 decent—
1344 5672 1488 5742 Virg.
1512 5670 1661 5726 Orat.
1696 5687 1769 5737 ix,

319 5779 332 5793 .
365 5756 509 5806 seqq.
582 5759 695 5799 ALL.

296 5754 332 5793 ι.
365 5756 509 5810 seqq.
534 5754 695 5799 ωιι..

308 5810 412 5881 (10)
436 5813 504 5866 Ac
525 5816 793 5882 parvitate,
825 5814 919 5868 καὶ
938 5811 1158 5885 πυγμῷ.
1186 5811 1311 5868 Mihi
1345 5811 1496 5869 valde
1519 5817 1771 5884 suspecta

1875 4629 2195 4685 admovente
2228 4628 2441 4683 vivitico
2487 4628 2658 4697 plaste
2718 4626 3027 4695 optimoque
3063 4619 3256 4691 opiﬁee
3291 4617 3422 4682 Deo,

1871 4735 2089 4775 carnem
2110 4718 2290 4774 denuo
2314 4726 2608 4772 renovante
2625 4716 3115 4781 commiscenteque
3141 4716 3195 4765 et
3221 4707 3424 4763 astrin-

1871 4821 2046 4881 gente,
2080 4827 2186 4864 non
2210 4811 2321 4880 jam
2356 4809 2608 4879 qualibus
2660 4808 2822 4861 etiam
2871 4806 3022 4860 initio
3049 4801 3427 4857 continebatur

1865 4902 2116 4964 vinculis,
2149 4902 2244 4957 sed
2288 4901 2447 4971 plane
2496 4900 2754 4968 deinceps
2806 4895 3206 4951 immortalibus
3265 4901 3427 4961 atque

1863 4993 2264 5050 insolubilibus.
2316 4991 2453 5045 Nam
2508 4991 2617 5045 vidi
2639 5005 2741 5059 ego
2800 4988 2854 5042 in
2897 4986 3123 5059 Olympo
3167 4986 3239 5058 (is
3264 4994 3426 5055 porro

1867 5100 2025 5140 mons
2049 5092 2133 5140 est
2154 5083 2350 5156 Lyciae)
2382 5083 2559 5153 ignem
2600 5091 2791 5151 sponte
2838 5097 2959 5146 sua,
3006 5084 3060 5133 in
3112 5078 3311 5133 tuentis
3338 5089 3428 5129 ca-

1603 5248 1646 5280 “
1685 5247 1826 5304 Dan.
1859 5248 2035 5316 xu,‘2.
2108 5248 2152 5280 ⁸³
2190 5246 2379 5302 Ezech.
2415 5261 2616 5308 xxxv".
2648 5246 2702 5299 4.

1878 5408 1982 5447 vox
2008 5400 2112 5446 est.
2144 5390 2279 5444 Illud
2307 5391 2533 5454 clarum,
2584 5387 2794 5441 elevare
2840 5383 2958 5439 istis
2997 5381 3250 5454 omnibus
3281 5377 3424 5430 fetu-

1873 5478 2011 5525 ram,
2041 5476 2145 5532 qua
2172 5461 2352 5531 proles
2376 5450 2548 5529 primo
2562 5456 2918 5532 ‘_concipitur,
2953 5450 3098 5532 velut
3131 5461 3244 5501 rem
3287 5461 3424 5532 pene

1871 5516 2026 5586 nihili
2058 5516 2075 5583 ἶ
2115 5516 2189 5586 οἱ
2208 5547 2311 5600 qua
2344 5516 2533 5600 tamen,
2564 5526 2705 5582 Deus
2738 5516 2895 5580 suum
2922 5589 2934 5600 _
2954 5517 3083 5600 illud
3108 5516 3424 5600 popuftuho-

1869 5584 2090 5664 minem,
2123 5584 2249 5670 quia
2296 5601 2413 5654 vult
2460 5599 2655 5670 solum,
2694 5600 2884 5670 eruat;
2921 5587 2971 5640 id
2996 5584 3176 5670 ipsum
3211 5584 3425 5667 facilius

1870 5652 2249 5742 iiiiéés'iiiiﬁu?
2276 5652 2363 5727 exii
2393 5652 2769 5739 praedefunctis
2829 5652 3168 5726 corporibus.
3228 5652 3427 5724 111³30ιὶ

1872 5745 2028 5808 mole,
2061 5749 2167 5797 etc.
