3962 6278
583 347 691 406 287
1541 349 1599 404 S.
1632 346 1961 404 ΜΕΤΗΟΒΠ
1999 348 2305 406 EPISCOPI
2343 349 2429 405 ET
2469 349 2826 407 MARTYRIS

3689 351 3800 406 283

582 467 824 534 cumine,
852 479 936 524 ex
995 467 1102 522 imo
1143 473 1302 523 terra
1347 475 1747 538 erumpentem;
1777 469 1929 538 juxta
1971 485 2131 540 quem

2249 470 2450 534 ιύθαλὲς
2475 471 2568 524 καὶ
2599 470 2835 542 χλοερὸν,
2868 469 3009 524 οὕτω
3050 470 3107 525 δὲ
3137 470 3374 536 σύσκιον,
3401 469 3480 536 ὡς
3512 470 3799 523 ὑποτπὰ-

582 568 762 618 exstat
791 559 950 614 arbor
997 558 1176 628 Agnus
1227 558 1451 615 nomine
1472 560 1582 631 (ll)
1601 599 1616 624 ,
1644 561 1780 616 adeo
1807 560 2016 627 ﬂorida,
2048 563 2127 616 vi-

2249 579 2323 616 rat
2349 562 2486 634 ὕδωρ
2525 562 2721 633 μᾶλλον
2771 563 2992 618 ἀένναον
3039 565 3168 618 αὐτὸ
3211 564 3667 635 βεδλαστηκέναι.
3719 561 3805 614 Δι’

582 668 714 708 rens
738 659 790 707 et
811 665 997 722 opaca,
1033 659 1093 704 ut
1117 650 1337 720 jugibus
1368 651 1545 720 potius
1571 653 1724 722 aquis
1753 652 1953 722 irrigua
1979 654 2132 709 nasci

2249 655 2296 727 ἢν
2322 655 2495 710 αἰτίαν
2518 651 2629 720 οὗν,
2655 656 2704 708 εἰ
2727 656 2912 726 φύσεις
2939 657 3043 710 εἰσὶ
3065 657 3334 728 φθαρτῶν,
3364 657 3454 711 καὶ
3487 655 3595 709 ὑπὸ
3629 655 3808 726 πυρὸς

583 745 849 801 videatur.
902 745 1073 808 Quam
1134 743 1300 814 igitur
1335 743 1406 798 ob
1456 759 1696 805 causam,
1760 762 1882 799 cum
1929 756 2134 803 natura:

2249 747 2764 820 ιαταναλισκομένων
2792 750 3073 820 σωμάτων,
3121 751 3212 804 καὶ
3247 750 3507 804 ἀδύνατον
3543 749 3808 802 hausta

583 835 961 907 corruptibiles
991 835 1121 898 sint,
1145 847 1197 890 et
1223 850 1448 904 corpora
1477 836 1585 907 igni
1608 849 2015 902 consumantur,
2033 856 2134 895 nec

2249 842 2495 910 ῑιαμεῖναι
2514 840 2582 894 τὰ
2605 840 2747 908 ἅπαξ
2763 841 2974 910 φύσεως
2993 843 3296 914 ὑπάρχοντα
3324 843 3422 913 τῆς
3452 841 3767 911 καυσττικῆς
3784 857 3802 871 ⁸

581 929 695 984 fieri
725 927 896 998 possit
924 933 983 981 ut
1017 927 1127 998 igni
1161 926 1326 981 illaesa
1379 937 1750 997 permaneant,
1813 944 1932 999 quae
1968 931 2133 985 semel

2249 931 2289 983 ιύ
2345 932 2500 1002 μόνον
2559 933 2620 985 ού
2675 933 3068 1002 καταφλέγεται
3129 934 3190 987 τὸ
3234 935 3396 1004 φυτὸν
3450 932 3640 996 τοῦτο,
3684 933 3809 986 ἀλλ’

579 1038 676 1092 per
703 1030 954 1076 naturam
989 1027 1114 1076 sunt
1152 1021 1552 1076 combustibilia
1599 1037 1612 1070 :
1651 1029 1863 1075 tantum
1893 1023 2048 1078 abest
2076 1030 2134 1077 ut

2249 1023 2587 1096 ἱκμαιότερον
2629 1026 2824 1096 μᾶλλον
2855 1027 3082 1098 ὑπάρχει
3119 1027 3211 1080 καὶ
3249 1027 3629 1098 χλοηρότερον,
3676 1025 3707 1077 ὅ
3731 1027 3805 1096 τῇ

578 1115 694 1169 haec
741 1115 904 1170 arbor
954 1120 1250 1178 exuratur,
1317 1122 1376 1168 ut
1418 1113 1603 1177 etiam,
1655 1128 1961 1183 quanquam
2013 1127 2134 1170 nata

2249 1116 2387 1186 ρύσει
2412 1117 2525 1169 ἐστὶ
2546 1118 2796 1182 καυστὸν,
2845 1119 2938 1172 καὶ
2969 1118 3140 1172 ταῦτα
3169 1119 3294 1188 περὶ⁵
3313 1117 3478 1180 αὐτᾶς
3500 1116 3672 1170 αὑτοῦ
3702 1121 3808 1178 τὰς

579 1205 847 1268 comburi,
875 1203 1135 1260 virentior
1159 1205 1388 1260 exsistat
1419 1211 1582 1275 atque
1614 1203 1925 1273 ﬂorentior;
1951 1207 2131 1276 idque,

2249 1207 2386 1271 Βίζας
2422 1207 2513 1260 τοῦ
2559 1207 2726 1279 πυρὸς
2773 1209 3152 1279 ὲντυφομένου.
3207 1208 3446 1271 Κλάδους
3499 1206 3640 1274 γοῦν
3690 1205 3810 1273 ἐγὼ

578 1312 702 1352 cum
733 1297 800 1351 ad
823 1297 994 1367 ipsius
1049 1297 1166 1366 ejus
1212 1297 1426 1352 radices
1455 1296 1596 1364 ignis
1631 1293 1872 1351 foveatur
1920 1305 1974 1352 et
2005 1313 2133 1352 eru-

580 1398 706 1445 ctet.
738 1389 1007 1459 Sane-ego
1034 1389 1320 1458 decerptos
1366 1400 1398 1439 e
1447 1388 1864 1458 circumjacente
1893 1391 2026 1446 silva
2048 1406 2138 1444 ar-

2231 1295 2458 1368 δένδρων
2507 1300 2571 1351 ὲκ
2619 1299 2717 1368 τῆς
2759 1299 3159 1371 παρακειμένης
3185 1298 3313 1367 ῦλης
3346 1297 3549 1369 ἔρριψα
3579 1296 3710 1350 καθ’
3747 1296 3812 1347 δν

2231 1388 2580 1459 ἀνερεύγεται
2625 1391 2686 1443 τὸ
2743 1389 2852 1460 πῦρ
2898 1392 3080 1454 τόπον,
3124 1391 3216 1444 καὶ
3248 1389 3446 1452 εὐθέως
3491 1391 3576 1451 εἰς
3626 1388 3808 1456 φλόγα

581 1483 798 1546 borum,
828 1497 1035 1544 ramos,
1069 1481 1124 1534 in
1147 1480 1325 1552 ignem
1356 1481 1467 1535 illic
1495 1489 1863 1551 erumpentem
1890 1483 2134 1553 conieci;

2249 1479 2486 1550 ἱρθέντες
2509 1481 2908 1551 ὲτεφρὼθησαν.
2926 1482 3171 1553 Φράσατε
3199 1477 3290 1535 οῦν
3315 1480 3395 1550 δὴ,
3417 1479 3483 1532 δι’
3516 1481 3587 1551 ἢν
3625 1477 3808 1532 αἰτίαν

581 1575 676 1644 qui
738 1574 922 1628 subito
970 1573 1204 1628 ﬂammis
1258 1572 1515 1642 correpti,
1548 1573 1604 1627 in
1637 1573 1874 1629 cinerem
1931 1575 2134 1629 redacti

2249 1571 2292 1624 ιδ
2309 1571 2381 1642 μὴ
2410 1572 2676 1644 ύποφέρον
2693 1573 2825 1644 μηδὲ
2847 1573 2944 1643 τὴν
2979 1572 3038 1637 ἐξ
3055 1572 3205 1642 ἡλίου
3228 1570 3479 1637 δέξασθαι
3505 1569 3808 1636 ἔκκαυσιν,

585 1673 734 1720 sunt.
767 1664 920 1736 Rogo
971 1665 1180 1734 itaque.
1215 1665 1565 1734 quamobrem
1595 1664 1738 1734 quod
1791 1680 1965 1734 neque
2007 1666 2141 1724 solis

2249 1664 2364 1717 ιλλά
2397 1663 2778 1735 ξηραινόμενον
2810 1665 2902 1718 ἐὰν
2930 1664 3003 1735 μὴ
3042 1663 3271 1735 ἀρδευθῇ
3308 1661 3529 1734 βραχὲν,
3558 1661 3808 1729 τοσούτῳ

585 1763 776 1810 aestum
813 1755 954 1810 ferre
983 1763 1178 1825 potest,
1216 1756 1312 1810 sed
1366 1755 1470 1810 nisi
1515 1756 1766 1826 irrigetur
1795 1764 2131 1826 poteturque,

2240 1754 2406 1826 πυρὸς
2433 1755 2655 1826 φλογμῷ
2680 1757 3024 1826 συνεχόμενον
3061 1755 3122 1808 ού
3149 1754 3632 1816 καταναλίσκεται,

585 1847 805 1913 arescit,
829 1855 1140 1902 coarctante
1170 1854 1320 1900 tanto
1349 1847 1618 1910 inccndio,
1651 1863 1754 1901 non
1778 1849 2131 1912 consumitur;

2249 1843 2299 1915 ζῇ
2352 1862 2410 1896 τε
2452 1846 2544 1920 καὶ
2595 1845 2812 1912 θάλλεις
2875 1846 2938 1899 Τί
2963 1842 3055 1898 οὖν
3102 1845 3344 1916 βούλεται
3367 1845 3428 1898 τὸ
3459 1843 3806 1914 παράδοξονς

587 1939 720 2008 quin
752 1937 955 1991 vivitet
1006 1935 1200 1992 ﬂoret?
1224 1936 1362 2002 Quid
1405 1937 1505 1992 sibi
1541 1952 1668 2006 ergo
1691 1937 1802 1990 vult
1835 1937 1936 1992 hoc
1971 1937 2135 1992 mira-

586 2031 811 2084 culum?
859 2028 1042 2084 Posuit
1105 2029 1246 2084 Deus
1298 2029 1490 2084 futura:
1547 2029 1652 2084 diei
1681 2030 1826 2084 illius
1874 2030 2133 2086 indicium

586 2123 853 2193 quoddam
875 2131 929 2176 et
953 2121 1197 2185 initium,
1228 2122 1561 2184 utsciamus,
1594 2122 1709 2178 fore
1740 2131 1798 2176 ut
1829 2123 1952 2192 igne
1981 2123 2135 2177 caeli-

585 2225 671 2271 tus
692 2217 926 2286 pluente,
951 2215 1420 2270 omnibusobrutis
1449 2215 1874 2285 absumptisque,
1905 2230 2134 2286 corpora

584 2307 675 2361 illa
732 2321 850 2376 quae
901 2306 1214 2361 claruerunt
1245 2306 1300 2359 in
1331 2305 1579 2360 castitate
1639 2315 1692 2360 et
1744 2306 1979 2376 justitia,
2039 2320 2136 2376 per

585 2401 760 2470 ignem
793 2415 900 2453 non
924 2412 1082 2454 secus
1113 2413 1175 2452 ac
1204 2413 1299 2467 per
1341 2413 1535 2468 aquam
1579 2396 1848 2468 frigidam,
1880 2399 1998 2454 sine
2036 2399 2136 2452 ali-

584 2509 694 2563 quo
723 2492 907 2547 dolore
959 2506 1020 2545 ac
1054 2491 1296 2546 molestia
1333 2491 1402 2545 ab
1439 2490 1557 2557 ipso
1611 2490 1962 2545 deducantur.
2000 2489 2136 2548 Vere

585 2585 729 2639 enim
770 2589 1086 2636 nostrorum
1142 2581 1572 2647 commodorum,
1628 2581 2024 2638 studiosissime
2083 2591 2138 2638 et

588 2677 868 2744 magnifice
893 2673 1138 2738 Domine,
1177 2673 1268 2727 tibi
1300 2675 1491 2744 [actori
1543 2676 1766 2730 serviens
1816 2686 2058 2730 creatura
2084 2678 2138 2729 in

588 2764 836 2818 ultionem
877 2763 1121 2818 adversus
1151 2764 1354 2835 iniquas
1387 2765 1678 2819 intenditur
1725 2764 2136 2835 obrigescitque:

587 2863 743 2922 atque
763 2852 830 2905 ad
857 2853 1154 2921 beneﬁcium
1193 2868 1286 2922 pro
1331 2855 1394 2908 iis
1435 2855 1523 2925 qui
1559 2853 1827 2922 conﬁdunt
1874 2855 1926 2907 in
1956 2863 2024 2918 te,
2057 2871 2139 2908 re-

589 2943 753 2996 missa
781 2944 1044 2997 emollitur
1065 2944 1108 2976 “
1143 2963 1156 2998 :
1190 2946 1508 3014 volenteque
1536 2952 1610 3006 te,
1637 2945 1776 3014 ignis
1805 2943 2020 3012 quidem
2055 2960 2140 2998 re-

590 3033 868 3101 frigerium
897 3033 1040 3099 facit,
1085 3035 1152 3091 iis
1208 3035 1342 3089 nihil
1379 3035 1521 3089 laesis
1553 3049 1784 3104 quorum
1827 3034 1940 3102 ipse
1978 3033 2136 3088 saluti

592 3129 901 3183 consultum
921 3128 1261 3196 decreveris;
1294 3135 1484 3183 contra
1518 3142 1646 3182 vero
1675 3141 1814 3196 aqua
1853 3126 2136 3182 vehemen-

601 3221 710 3276 tius
739 3220 1023 3292 acriusque
1055 3221 1176 3292 igne
1232 3219 1533 3285 comburit,
1583 3234 1683 3273 nec
1715 3218 2005 3288 quidquam
2041 3218 2137 3271 im-
2171 3207 2212 3264 C

601 3313 817 3366 mortali
851 3322 942 3368 tuo
995 3313 1223 3384 imperio
1269 3322 1321 3366 et
1339 3311 1523 3365 virtuti
1576 3310 1802 3365 resistit.
1846 3308 2038 3365 Omnia
2067 3310 2144 3364 si-

2238 1939 2444 2008 Δεῖγμα
2501 1937 2656 1992 τοῦτο
2704 1939 2802 2008 τῆς
2850 1937 3144 2010 μελλούσης
3205 1939 3233 1990 ὁ
3277 1937 3406 2000 Θεὸς
3452 1935 3678 2006 ἡμέρας
3722 1933 3813 1988 καὶ

2241 2030 2518 2100 προοίμιον
2572 2030 2739 2096 ἔθετο,
2791 2033 2877 2085 ἵνα
2903 2030 3252 2101 γινώσκωμεν
3292 2028 3670 2099 εύδηλότερον,
3706 2028 3814 2092 ὅτι,

2241 2123 2455 2176 πάντων
2509 2124 2640 2194 πυρὶ
2697 2123 3013 2194 καταϐασιῳ
3058 2120 3576 2192 κατομϐρουμένων,
3631 2119 3710 2171 τὰ
3756 2121 3814 2171 ἐν

2239 2213 2429 2285 ἁγνείᾳ
2453 2216 2671 2284 σώματα
2697 2216 2788 2268 καὶ
2808 2214 3117 2287 δικαιοσύνη
3137 2213 3524 2283 διαπρέψαντα,
3550 2209 3812 2280 καθάπερ

2238 2303 2430 2376 ψυχρῷ
2462 2307 2612 2359 ὓδατι
2642 2306 2718 2376 τῷ
2743 2308 2875 2378 πυρὶ
2901 2306 3048 2360 οὐδὲν
3081 2305 3434 2374 ἀλγυνόμενα,
3467 2303 3614 2373 πρὸς
3646 2301 3812 2354 αὑτοῦ

2240 2396 2607 2468 έπιϐήσονται.
2643 2398 2876 2468 Ἀληθῶς
2901 2398 3028 2470 γὰρ,
3049 2392 3093 2451 ὧ
3126 2394 3480 2468 μεγαλωφελῆ
3512 2394 3616 2447 καὶ
3647 2411 3816 2464 μεγα-

2240 2491 2440 2564 λόδωρε
2462 2492 2722 2552 Δέσποτα,
2769 2493 2807 2560 ἠ
2836 2491 3031 2557 κτίσις
3072 2505 3170 2544 σοι
3196 2488 3275 2554 τῷ
3299 2487 3627 2553 ποιήσαντι
3659 2489 3812 2551 ὑπη-

2233 2585 2515 2658 ρετοῦσα,
2562 2585 2908 2638 ἐπιτείνεται
2947 2586 3035 2650 εις
3063 2585 3321 2637 κόλασιν
3366 2580 3517 2634 κατὰ
3542 2578 3672 2632 τῶν
3695 2576 3808 2631 ἀεί-

2239 2693 2379 2732 κωνο
2403 2678 2498 2730 καὶ
2527 2676 2748 2730 ἀνίεται
2777 2679 2861 2741 εὶς
2895 2675 3241 2745 εὐεργεσίαν
3270 2671 3418 2741 ὑπὲρ
3442 2670 3568 2725 τῶν
3585 2671 3691 2723 ἐπὶ
3715 2667 3805 2723 σά

2240 2768 2628 2824 πεποιθότων·
2653 2767 2746 2819 καὶ
2772 2765 3015 2829 θέλοντός
3051 2781 3167 2829 σου,
3195 2762 3304 2834 πῦρ
3337 2763 3432 2833 μὲν
3476 2759 3806 2829 καταψύχει,

2241 2860 2630 2931 λυμαινόμενον
2657 2859 2808 2912 οὐδὲν
2850 2852 2925 2912 ὧν
2975 2858 3136 2922 αὐτὸς
3183 2857 3386 2929 κρίνεις
3407 2852 3799 2918 διασώζεσθαι·

2245 2951 2386 3022 ὕδωρ
2435 2953 2526 3004 καὶ
2583 2951 2812 3023 ἔμπαλιν
2855 2950 3203 3024 δριμυτέραις
3253 2945 3585 3016 καταφλέγει
3646 2945 3809 3016 πυρδς

2245 3042 2592 3114 προσϐολατςο
2628 3043 2720 3096 καὶ
2746 3043 2896 3095 οὐδὲν
2929 3039 3300 3094 ἀντιτάσσεται
3329 3054 3418 3090 σου
3450 3035 3530 3106 τῷ
3563 3036 3812 3102 ἀνικήτῳ

2245 3137 2454 3206 κράτει,
2509 3137 2601 3188 καὶ
2625 3139 2690 3206 τῇ
2733 3138 2799 3206 σῇ
2851 3133 3009 3204 ἰσχύϊ.
3038 3133 3218 3187 Πάντα
3242 3130 3350 3202 γὰρ
3387 3129 3615 3190 ἔκτισας
3641 3128 3700 3192 ἐξ
3718 3127 3812 3178 οὐκ

2245 3223 2438 3276 ὄντων·
2483 3225 2560 3278 διὸ
2619 3225 2713 3279 καὶ⁸
2751 3226 2923 3279 πάντα
2962 3223 3322 3295 μεταλλεύεις,
3366 3220 3435 3274 σὰ
3464 3219 3810 3288 ὑπάρχοντα,

2248 3315 2342 3367 καὶ
2371 3316 2810 3385 μετασκευάζεις,
2855 3317 3010 3386 μόνος
3045 3314 3299 3386 ὑπάρχων
3334 3311 3483 3375 Θεὸς,
3508 3311 3584 3373 ὡς

587 3406 809 3477 quidem
835 3423 901 3462 ex
924 3408 1092 3462 nihilo
1122 3406 1320 3462 creasti
1360 3427 1372 3461 :
1406 3421 1574 3476 quare
1599 3406 1758 3462 etiam
1795 3405 1995 3470 omnia,
2020 3421 2141 3462 cum
2173 3414 2266 3464 tua
2296 3411 2426 3477 sint,
2461 3420 2520 3466 ut
2572 3411 2814 3474 libuerit,
2853 3413 2907 3465 in
2951 3411 3174 3465 formam
3216 3409 3376 3463 aliam
3429 3407 3807 3474 rationemque

587 3500 862 3556 eunvertis
884 3508 936 3554 et
964 3507 1162 3562 mutas,
1197 3497 1292 3568 qui
1311 3497 1459 3552 solus
1490 3496 1631 3551 Deus
1661 3498 1902 3553 exsistis.

660 3592 773 3648 XV.
806 3594 1100 3662 Apostolus
1123 3607 1275 3662 ergo,
1301 3608 1423 3645 cum
1456 3591 1700 3662 plantare
1725 3601 1778 3648 et
1805 3594 2004 3664 rigare,
2035 3594 2140 3647 arti

589 3700 655 3742 ac
688 3695 843 3741 terra:
869 3693 921 3742 et
945 3701 1098 3756 aquae
1127 3685 1446 3750 tribuisset,
1489 3684 1598 3740 Deo
1630 3687 1729 3742 soli
1780 3688 2140 3741 accretionem

589 3778 880 3842 concessit,
912 3792 1033 3832 cum
1066 3777 1141 3830 ait
1169 3795 1182 3830 :
1222 3774 1402 3846 Neque
1430 3777 1520 3847 qui
1557 3777 1762 3845 plantat
1797 3787 1874 3831 est
1905 3777 2104 3847 aliquid
2125 3817 2139 3841 ,

590 3885 749 3940 neque
774 3871 863 3940 qui
893 3870 1061 3938 rigat;
1109 3868 1200 3922 sed
1221 3872 1310 3940 qui
1338 3869 1430 3922 dat
1460 3871 1870 3934 incrementum,
1903 3868 2042 3924 Deus
2074 3869 2139 3922 “.

587 3959 824 4015 Noverat
855 3961 998 4014 enim
1049 3960 1286 4014 divinam
1319 3962 1488 4026 illam,
1513 3966 1638 4017 ante
1659 3961 1842 4042 omnia
1869 3961 2103 4032 genitam
2124 4001 2141 4028 ,

591 4053 774 4106 omnia
804 4053 1204 4121 progignentem
1230 4054 1580 4124 omniumque
1609 4054 1868 4108 artificem
1912 4053 2003 4109 Dei
2045 4051 2145 4108 Sa-

594 4147 887 4216 pientiam,
915 4145 1168 4200 universa
1195 4147 1249 4200 in
1288 4146 1547 4201 mundum
1597 4147 1930 4218 producere;
1983 4161 2144 4217 quam

593 4236 758 4290 etiam
789 4235 996 4304 antiqui
1028 4245 1275 4290 naturam
1301 4248 1630 4293 vocaverunt
1653 4247 1706 4294 et
1729 4239 2144 4309 providentiam,

594 4325 740 4396 quod
771 4341 983 4396 semper
1015 4327 1302 4396 providens
1323 4343 1629 4398 curansque
1649 4369 1662 4392 ,
1693 4331 1944 4385 omnibus
1975 4329 2063 4384 det
2092 4337 2150 4382 ut

596 4427 891 4473 nascantur
931 4425 984 4474 et
1013 4429 1278 4473 crescant.
1314 4418 1446 4473 Nam
1469 4460 1483 4485 ,
1519 4421 1693 4490 inquit
1716 4421 1783 4488 ",
1815 4422 1977 4476 Pater
2009 4437 2151 4475 meus

2315 3593 2416 3648 lE'.
2456 3591 2514 3646 '0
2539 3590 2666 3661 γοῦν
2707 3590 3018 3654 Ἀπόστολος
3065 3588 3195 3662 (12),
3242 3591 3304 3642 τὸ
3347 3590 3680 3659 φυτεύεσθαι
3723 3592 3804 3644 καὶ

2247 3685 2558 3749 ποτίζεσθαι
2585 3685 2745 3756 τέχνῃ
2790 3685 2880 3737 καὶ
2911 3687 2981 3756 γῇ
3014 3684 3106 3737 καὶ
3129 3682 3275 3736 ὕδατι
3304 3682 3444 3746 δοὺς,
3474 3682 3554 3753 τῷ
3602 3684 3729 3754 Θεῷ
3752 3687 3805 3737 τὸ

2247 3775 2494 3841 αὐξάνειν
2519 3775 2857 3848 συνεχώρησε
2895 3775 3062 3846 μόνῳ·
3101 3773 3254 3839 ἔνθα,
3286 3775 3422 3827 οὔτε
3459 3777 3490 3827 ὀ
3533 3778 3806 3843 φυτεύων

2246 3868 2384 3921 οὔτε
2422 3870 2454 3921 ό
2481 3866 2726 3927 ποτίζων
2765 3867 2898 3920 ἐστι
2943 3883 3020 3931 τι,
3080 3865 3215 3919 ἀλλ’
3255 3868 3287 3918 ό
3319 3863 3598 3928 αὐξάνων
3645 3869 3802 3932 Θεὸς,

2249 3957 2374 4029 εφη.
2409 3959 2700 4013 Ἦπίστατο
2721 3957 2828 4029 γὰρ
2851 3958 3023 4011 πάντα
3041 3956 3312 4026 γεννῶσαν
3336 3957 3432 4028 τὴν
3464 3959 3804 4028 πρωτόγονον

2251 4051 2442 4121 σοφίαν
2472 4051 2565 4106 τοῦ
2609 4052 2764 4115 Θεοῦ,
2801 4052 2892 4104 καὶ
2939 4053 3153 4106 πάντων
3185 4049 3468 4122 τεχνίτιδα,
3507 4052 3696 4106 πάντα
3734 4055 3806 4115 εἰς

2249 4143 2340 4196 τὸν
2371 4142 2572 4214 κόσμον
2612 4144 2928 4214 προφέρειν·
2978 4145 3042 4214 ἣν
3078 4143 3185 4214 γὰρ
3213 4143 3318 4212 (15)
3350 4142 3568 4195 παλαιοὶ
3617 4144 3803 4214 ἄνδρες

2253 4234 2410 4302 φύσιν
2441 4233 2700 4288 ἐκάλεσαν
2739 4236 2832 4289 καὶ
2867 4235 3135 4307 πρόνοιαν,
3171 4233 3321 4305 παρὰ
3349 4235 3408 4287 τὸ
3441 4235 3596 4304 φύειν
3641 4236 3804 4306 αὐτὴν

2257 4327 2468 4381 ἅπαντα
2501 4329 2592 4380 καὶ
2623 4326 2838 4394 αὔξειν,
2887 4327 3284 4399 προνοουμένην
3326 4328 3410 4380 ἀεὶ
3459 4328 3550 4380 καὶ
3592 4329 3804 4399 φροντί-

2257 4416 2482 4481 ζουσανο
2524 4419 2576 4470 '0
2619 4419 2728 4489 γὰρ
2762 4417 2960 4486 Πατήρ
3001 4436 3116 4488 μου
3164 4417 3273 4483 ἕως
3310 4416 3438 4485 ἄρτι
3489 4417 3804 4486 ἐργάζεται,

597 4527 757 4580 usque
801 4510 952 4564 modo
991 4521 1256 4579 operatur,
1291 4521 1338 4566 et
1385 4529 1476 4583 ego
1530 4529 1731 4582 aperor.
1794 4512 2145 4578 Quamobrem

2260 4512 2410 4580 φησὶ,
2451 4509 2610 4579 κάγὼ
2649 4509 2974 4578 ἐργάζομαι.
3015 4509 3175 4563 ’Ὀθεν
3219 4509 3306 4562 διὰ
3351 4509 3522 4562 ταῦτα
3553 4509 3619 4580 δὴ
3648 4511 3745 4561 καὶ
3783 4511 3808 4560 ὁ

596 4603 759 4656 etiam
795 4601 1082 4667 Salomon,
1135 4604 1391 4673 artiﬁcem
1425 4605 1688 4668 omnium,
1740 4604 2026 4675 appellavit
2055 4604 2100 4636 ⁸⁸
2133 4621 2148 4659 :

2256 4602 2502 4672 Σολομῶν
2546 4601 2823 4655 ἁπάντων
2856 4601 3020 4672 αὐτὴν
3069 4588 3365 4670 τεχνὶτιδα
3410 4602 3666 4654 ἐκάλεσεν
3689 4619 3702 4631 ·
3737 4605 3808 4663 εἰς

599 4693 796 4766 quippe
823 4711 946 4750 cum
984 4695 1130 4749 nulla
1159 4697 1228 4751 sit
1256 4697 1308 4750 in
1341 4695 1449 4752 Deo
1488 4695 1783 4767 indigentia
1806 4737 1820 4758 .
1850 4695 1944 4750 sed
1975 4697 2145 4750 omnia

2255 4697 2406 4750 οὐδὲν
2438 4698 2798 4767 πτωχεύοντος
2831 4697 2922 4750 τοῦ
2965 4696 3122 4760 Θεοῦ,
3165 4695 3298 4750 ἀλλὰ
3329 4696 3595 4758 πλουσίως
3637 4696 3809 4748 πάντα

600 4786 884 4854 opulenter
920 4795 975 4841 et
1007 4801 1194 4844 creare
1239 4796 1292 4844 et
1323 4788 1498 4844 facere
1530 4796 1586 4844 et
1619 4789 1828 4844 variare
1859 4797 1912 4844 et
1961 4805 2145 4859 augere

2259 4789 2353 4842 καὶ
2389 4788 2611 4852 κτίζειν,
2643 4791 2736 4843 καὶ
2780 4791 2968 4853 ποιεῖν,
3006 4789 3099 4842 καὶ
3141 4788 3464 4851 ποικίλλειν,
3512 4787 3606 4840 καὶ
3635 4784 3810 4851 αὔξειν

602 4877 799 4932 valeat.

675 4989 720 5022 ”
754 4989 879 5058 Sap.
907 5007 1019 5058 xvr,
1048 4993 1137 5048 24.
1221 4992 1305 5047 ι⁸³1
1339 4992 1464 5048 Cor.
1501 5007 1582 5058 In,
1607 4991 1658 5046 '7.

2259 4880 2575 4951 δυναμένου.

1745 4992 1790 5024 ⁸³
1811 4989 2031 5056 Joan.v,
2058 4992 2140 5046 i7.
2227 4992 2273 5024 ⁸⁸
2306 4990 2432 5060 Sap.
2460 5009 2557 5060 vn,
2579 4991 2668 5047 2-1.

677 5106 790 5177 (Η)
821 5105 990 5177 Arbor
1024 5107 1199 5177 Agnus
1249 5109 1472 5174 nomine,
1537 5108 1700 5175 ἄγνου
1748 5105 1930 5177 φυτόν.
1965 5103 2159 5177 Hiero-7

603 5175 815 5250 nymus
843 5175 1013 5250 μένει.
1031 5175 1227 5250 uixnl,
1258 5178 1348 5250 40,
1378 5179 1591 5250 calicem
1612 5177 1856 5250 torrentis
1885 5176 2036 5250 dicit,
2063 5175 2158 5250 ubi

2269 5105 2361 5160 ubi
2391 5104 2551 5168 εἰει..
2584 5105 2786 5168 κλῶνες
2835 5104 3026 5176 ἀγροῦ,
3058 5111 3112 5159 et
3148 5103 3366 5176 θρωπε,
3411 5105 3545 5158 ἰτέαι
3576 5106 3812 5176 χειμάρ-

2269 5179 2365 5246 ρου
2391 5219 2404 5242 ,
2436 5177 2622 5230 salices
2645 5173 2922 5238 torrentis,
2959 5183 3112 5246 notat
3147 5173 3391 5246 Nobilius
3434 5176 3486 5246 iu
3519 5176 3641 5231 aliis
3663 5173 3814 5246 libris

603 5243 766 5306 etiam
794 5243 935 5318 ωιχ
979 5247 1042 5318 a_d
1065 5261 1250 5302 vocem
1275 5247 1458 5318 ﬁmo
1493 5247 1697 5318 addunt
1724 5247 1816 5300 τοῦ
1843 5245 2142 5318 χειμάρρου

2267 5243 2390 5318 esse
2443 5246 2624 5318 ἄγνους
2663 5245 3198 5318 forte_scribeudum_
3228 5245 3409 5313 ἄγνου.
3441 5244 3644 5318 Catena
3675 5245 3813 5298 Lon-

605 5315 1677 5398 ad_signiﬂcandum.gaudereejusmodi
1703 5315 1950 5398 arborem
1982 5315 2163 5398 aquis,

2267 5316 2486 5368 diniana
2517 5317 2568 5370 in
2597 5315 2716 5379 Job,
2749 5315 2814 5369 ad
2845 5331 2966 5370 eum
3004 5331 3218 5369 versum
3252 5331 3448 5382 marg..
3483 5333 3571 5384 πρ.
3604 5314 3807 5383 ἄγνου,

606 5385 965 5456 videmusque
999 5385 1199 5456 passim
1233 5386 1566 5440 luxuriantes
1592 5386 1658 5440 ad
1698 5389 1844 5456 ripas
1881 5385 2162 5439 ﬂuminum
2264 5395 2317 5438 et
2340 5386 2414 5438 sic
2440 5387 2495 5437 in
2517 5403 2614 5440 ms.
2646 5386 2864 5440 Thecla.
2919 5385 3172 5440 Eamdem
3237 5387 3483 5456 arborem
3540 5385 3706 5438 etiam
3749 5402 3813 5440 ex

607 5460 852 5528 locisque
878 5457 1210 5528 palustribus
1235 5471 1247 5506 :
1273 5471 1380 5528 quo
1409 5456 1575 5528 magis
1615 5465 1842 5528 augetur
1870 5456 2163 5528 Mretliodia-

611 5527 943 5583 num’istud
1000 5542 1124 5581 vere
1186 5527 1387 5594 grande
1439 5527 1798 5578 miraculum:
1839 5527 1924 5578 cui
1976 5534 2156 5578 tamen

614 5606 863 5654 astruunt
893 5596 1051 5651 Iidem
1084 5597 1238 5650 nives
1263 5596 1365 5649 illa:
1391 5596 1630 5664 adiipsas
1654 5597 1834 5649 fauces
1855 5595 2157 5648 ﬂammivo-

617 5683 733 5722 ruas
770 5669 1023 5721 similium
1054 5668 1315 5721 montium
1361 5666 1417 5718 in
1462 5663 1633 5722 Italia.
1664 5665 1896 5734 olimque
1929 5665 1982 5717 in
2019 5665 2158 5717 Sici-

620 5738 710 5796 lia.
739 5738 831 5791 ubi
851 5739 1138 5791 bituminea
1185 5736 1411 5790 materia
1444 5735 1590 5790 velut
1621 5736 1884 5790 exhausta
1911 5735 1976 5788 ad
2011 5735 2163 5787 ﬂam-

622 5822 740 5861 mas
772 5807 890 5862 illas
937 5808 1204 5863 terribiles
1247 5808 1476 5864 videtur.
1525 5803 1626 5862 Job
1659 5821 1870 5876 quoque
1910 5820 2029 5874 cap.
2075 5821 2162 5868 ιι,

2267 5456 2509 5524 profanis
2539 5456 2695 5510 docet
2729 5458 2968 5510 Dioscor.
3019 5458 3052 5509 I.
3102 5473 3140 5517 ι,
3176 5473 3223 5510 c.
3251 5455 3371 5520 H6,
3396 5456 3624 5524 ejusque
3651 5471 3815 5522 expo-

2266 5526 2402 5594 sitor
2431 5525 2760 5580 Matlhiolus.
2790 5557 2859 5568 —
2895 5526 3130 5594 Hujusce
3182 5525 3393 5579 arboris
3415 5525 3663 5580 nrotuinit
3691 5529 3811 5579 item

2267 5593 2322 5667 ξ.
2363 5595 2560 5667 Martyr
2590 5597 2641 5650 in
2671 5595 2917 5667 Convivia
2940 5593 3111 5650 decem
3137 5596 3324 5666 virgin.
3366 5595 3470 5650 sub
3498 5597 3736 5660 initium,
3765 5602 3819 5652 et

2263 5665 2409 5720 Orat.
2443 5665 2556 5737 x,'§
2581 5667 2632 5723 5.
2655 5666 2822 5720 ϐλιιι.

2337 5734 2705 5806 Ηὶγστοῡν
2753 5738 2881 5790 Ἀπ.
2906 5737 2983 5791 Ex
3017 5737 3202 5790 eodem
3235 5735 3356 5790 cod.
3390 5734 3575 5805 llupif.

2338 5807 2450 5877 (ιῦ)
2484 5809 2596 5861 ’Ἢν
2623 5807 2748 5881 πάρ.
2772 5807 2877 5863 Pro
2922 5808 3030 5879 γάρ
3057 5807 3218 5862 scrib.
3255 5806 3368 5861 καί.
