3962 6278
180 359 288 415 293

1273 365 1365 420 EX
1402 363 1603 422 LIBRO
1637 364 1725 419 DE
1757 364 2361 426 RESUHRECTIONE.

3308 378 3409 435 294

185 476 340 547 τάξαι
358 480 534 538 ἔλαιον
563 485 873 559 ἔμπροσθεν
900 485 992 540 τοῦ
1020 485 1328 557 ἀγάλματος
1356 487 1584 558 ὲκχέειν,
1608 486 1748 539 ὥστε

1861 485 2029 540 oleum
2064 486 2300 554 eﬂ‘undi,
2337 495 2396 542 ut
2423 488 2533 544 vim
2567 488 2646 545 illi
2688 489 3047 562 immortalem
3093 510 3157 550 ea
3205 499 3411 554 ratione

181 571 450 628 ἀθάνατον
477 577 558 640 εὶς
584 577 811 649 δύναμιν
837 578 967 632 αὐτὸ
991 577 1374 646 φυλάσσεσθαι.

252 663 325 718 Z'.
364 667 506 731 Ὅτι,
535 671 716 740 φησὶν,
749 673 778 724 6
820 670 1060 734 διάϐολός
1090 673 1203 722 ἐστι
1241 670 1455 742 πνεῦμα
1498 663 1625 742 περὶ
1655 671 1754 743 τὴν

185 753 318 828 ὓλην
349 759 636 830 γενόμενον
665 762 770 815 ὑπὸ
805 762 897 815 τοῦ
926 761 1083 824 Θεοῦ,
1119 762 1366 834 καθάπερ
1396 764 1488 816 καὶ
1531 763 1754 834 Ἀθηνα-

183 849 322 921 γόρᾳ
377 851 572 924 ἐλέχθη
629 853 850 925 (ὥσπερ
903 854 967 925 δὴ
1013 854 1106 907 καὶ⁹
1149 856 1198 906 οἱ
1253 855 1428 908 λοιποὶ
1471 856 1753 924 γεγόνασιν

182 940 274 992 ὑπ’
307 941 469 994 αὑτοῦ
516 945 776 1014 ἄγγελοι),
813 946 906 1000 καὶ
957 947 1053 1018 τὴν
1104 947 1197 1000 ἐπὶ
1236 951 1300 1019 τῇ
1351 947 1449 1020 ωῃ
1510 948 1602 1000 καὶ
1643 950 1754 1012 τοῖς

179 1032 281 1102 τῆς
313 1033 444 1106 ὕλης
471 1037 632 1090 εἴδεσι
687 1039 1112 1111 πεπιστευμένον
1136 1040 1418 1112 διοίκησιν.
1450 1040 1618 1094 Τοῦτο
1645 1041 1753 1113 γὰρ

181 1125 214 1196 ἡ
247 1126 354 1179 τῶν
379 1129 627 1197 ἀγγέλων
651 1130 924 1195 σύστασις,
953 1133 1030 1202 τῷ
1060 1132 1178 1203 Θεῷ
1207 1134 1300 1186 ἐπὶ
1339 1134 1564 1205 προνοίᾳ
1597 1150 1754 1201 γεγο-

180 1215 328 1271 νέναι
358 1221 473 1284 τοῖς
496 1221 586 1273 ὑπ’
615 1223 776 1275 αὑτοῦ
805 1224 1324 1294 διακεκοσμημένοις
1343 1241 1356 1254 °
1391 1225 1497 1287 ἵνα,
1531 1225 1627 1295 τὴν
1655 1225 1752 1296 μὲν

180 1312 512 1386 παντελικὴν
546 1318 638 1371 καὶ
659 1317 876 1388 γενικὴν
908 1319 936 1372 6
962 1317 1093 1382 Θεὸς
1133 1317 1269 1387 ἔχων
1301 1317 1408 1370 τῶν
1446 1317 1580 1371 ὅλων
1618 1319 1752 1389 πρό-

178 1415 354 1464 νοιαν,
450 1404 509 1456 τὸ
542 1405 706 1476 κῦρος
728 1408 821 1459 καὶ
851 1406 910 1460 τὸ
947 1405 1144 1476 κράτος
1174 1405 1427 1460 ἁπάντων
1452 1405 1613 1468 αὐτὸς
1638 1405 1750 1472 (29)

177 1491 587 1562 ἀνηρτημένος·
619 1493 738 1565 [τὴν
767 1495 822 1547 δὲ
858 1493 945 1547 διὰ
989 1493 1189 1566 μέρους
1237 1496 1284 1546 οἰ
1323 1494 1415 1546 ἐπὶ
1462 1491 1616 1546 τοῦτο
1655 1508 1750 1543 τα-

177 1584 405 1655 χθέντες
429 1585 690 1658 ἄγγελοι.]
725 1586 863 1639 Ἀλλ’
896 1587 945 1639 οἱ
999 1586 1096 1656 μὲν
1139 1585 1336 1648 λοιποὶ,
1369 1585 1453 1654 ἐφ’
1487 1578 1560 1637 ὧν
1589 1582 1751 1646 αὐτὸς

185 1677 408 1747 ἐποίησε
467 1679 558 1732 καὶ
602 1677 880 1744 διετάξατο
921 1680 949 1731 6
990 1678 1138 1742 Θεὸς,
1185 1678 1436 1748 ἔμεινανο
1487 1676 1646 1738 αὐτὸς
1693 1675 1751 1728 δὲ

185 1769 453 1841 ἐνύϐρισε,
493 1771 586 1824 καὶ
617 1771 848 1844 πονηρὸς
879 1771 1008 1842 περὶ
1037 1771 1134 1841 τὴν
1165 1770 1273 1823 τῶν
1309 1769 1750 1839 πεπιστευμένων

1855 578 2198 634 conciliaret.

1925 670 2036 725 Vll.
2077 671 2356 737 Diabolus,
2388 673 2585 744 inquit,
2631 683 2713 730 est
2747 677 3010 747 spiritus,
3053 678 3197 734 circa
3241 688 3414 738 mate-

1855 762 2010 826 riam,
2039 777 2068 815 a
2100 761 2212 819 Deo
2241 763 2438 828 factus,
2467 771 2526 818 ut
2553 772 2607 819 et
2635 766 2991 838 Athenagorae
3023 769 3226 840 placuit
3259 772 3371 842 (50)
3397 812 3413 836 ,

1855 854 2306 924 quemadmodum
2361 863 2415 910 et
2465 857 2658 926 reliqui
2700 861 2874 930 angeli
2909 861 2976 915 ab
3034 862 3224 917 eodem
3284 865 3415 918 lacti

1855 952 2003 1006 sunt,
2036 945 2124 998 cui
2174 954 2228 999 et
2257 946 2482 1000 materia
2510 948 2644 1019 (51),
2673 960 2724 1004 et
2747 950 3046 1004 formarum
3081 951 3134 1005 in
3196 951 3419 1006 materia

1853 1035 2251 1090 administratio
2281 1039 2702 1109 procuratioque
2733 1041 3022 1097 commissa
3047 1042 3138 1097 sit.
3169 1039 3243 1094 Ea
3272 1043 3416 1097 enim

1852 1130 2229 1198 productionis
2259 1130 2574 1200 angelorum
2606 1134 2744 1187 ratio
2772 1133 2872 1188 fuit
2893 1176 2910 1202 ,
2961 1144 3020 1188 ut
3052 1135 3107 1189 in
3138 1135 3204 1190 iis
3236 1151 3354 1205 quas
3387 1151 3418 1190 a

1853 1218 1964 1274 Deo
1995 1220 2214 1275 condita
2243 1229 2459 1285 essent,
2490 1223 2831 1292 providentia
2867 1225 3236 1289 moderandis,
3269 1228 3419 1280 vica-

1851 1311 1986 1364 riam
2033 1310 2144 1366 Deo
2171 1327 2389 1381 operam
2431 1320 2726 1375 navarent;
2785 1316 2862 1369 uti
2908 1316 3204 1380 nimirum,
3268 1333 3420 1371 com-

1851 1418 2069 1457 munem
2101 1418 2164 1457 ac
2189 1405 2489 1473 generalem
2533 1405 2776 1458 omnium
2805 1421 2991 1459 curam
3026 1423 3217 1475 gerens
3244 1407 3416 1472 Deus,

1850 1496 2089 1548 omnium
2109 1497 2225 1565 ipse
2253 1496 2556 1550 dominium
2583 1496 2694 1566 (5'2)
2719 1497 3131 1570 imperiumque,
3149 1501 3420 1570 pendente

1851 1588 1920 1643 ab
1951 1590 2068 1655 ipso
2101 1589 2345 1644 omnium
2395 1590 2600 1646 virtute
2645 1589 3129 1661 ﬁrmamentoque,
3171 1598 3415 1657 teneret,

1853 1678 1998 1752 [cum
2034 1681 2254 1736 interim
2287 1683 2616 1752 singularem
2650 1681 2981 1736 iunctionem
3013 1691 3172 1751 atque
3228 1696 3419 1736 curam

1851 1773 2128 1844 praepositi
2161 1777 2228 1829 ad
2268 1774 2373 1830 hoc
2407 1774 2580 1844 angeli
2624 1772 3000 1846 sustinerent.]
3036 1774 3104 1826 At.
3147 1789 3276 1829 vero
3308 1787 3418 1828 caa-

185 1837 400 1931 ὲγένετο
443 1863 706 1936 διοίκησιν
725 1837 768 1926 ,η
795 1837 984 1933 φθόνον
1030 1837 1356 1936 ὲγκισσήσας
1399 1863 1518 1916 καθ’
1557 1837 1745 1934 ημῶνθ

1861 1837 2200 1932 teri-quidem
2232 1863 2286 1917 in
2308 1878 2372 1917 ea
2400 1837 2634 1918 statione
2659 1837 3036 1932 perstiterunt,
3062 1863 3220 1933 cujus
3244 1865 3420 1934 gratia

183 1952 372 2026 ὥσπερ
402 1954 496 2007 καὶ
524 1954 574 2006 οἱ
617 1953 753 2024 μετὰ
795 1952 967 2007 ταῦτα
1011 1953 1224 2024 σαρκῶν
1272 1953 1608 2024 ἐρασθέντες,
1657 1953 1751 2007 καὶ

178 2051 298 2110 ταῖς
319 2047 427 2100 τῶν
448 2045 748 2118 ἀνθρώπων
769 2047 848 2108 εἰς
871 2045 1183 2116 φιλοτησίαν
1211 2044 1563 2115 ὁμιλήσαντες
1586 2045 1753 2115 θυγα-

175 2140 393 2210 τράσιν.
417 2139 748 2210 Αὐθαίρετον
778 2138 888 2209 γὰρ
913 2137 1008 2191 καὶ
1029 2125 1208 2200 αὐτοῖς
1231 2137 1371 2206 ἔχειν
1396 2137 1531 2208 πρὸς
1559 2137 1750 2191 ἑκάτε-

181 2247 251 2301 ρα
280 2229 562 2295 διετάξατο
593 2229 845 2300 βούλησιν
890 2229 918 2281 6
944 2227 1094 2292 Θεὸς,
1135 2221 1222 2281 οἷα
1264 2226 1358 2280 καὶ
1387 2226 1481 2280 ἐπὶ
1522 2225 1629 2280 τῶν
1659 2228 1754 2282 άν-

180 2319 436 2390 θρώπων.
472 2322 582 2376 Καὶ
608 2321 724 2384 πῶς
750 2319 910 2374 τοῦτο
941 2319 1206 2390 ληπτέον;

1855 1969 1885 2008 a
1909 1953 2020 2009 Deo
2047 1953 2276 2017 conditi,
2308 1963 2361 2008 et
2392 1955 2448 2008 in
2478 1970 2639 2024 quam
2663 1953 2903 2024 praefecti
2933 1962 3130 2009 erant:
3161 1955 3418 2013 diabolus

1856 2058 1985 2099 vero
2015 2045 2325 2114 petulanter
2351 2045 2482 2114 egit,
2513 2051 2567 2097 et
2600 2044 2656 2098 in
2695 2059 2882 2098 eorum
2913 2059 3036 2116 quae
3062 2043 3167 2100 sibi
3203 2044 3420 2102 fuerant

1857 2137 2191 2201 commissa,
2233 2135 2647 2205 procuratione,
2704 2144 2967 2206 concepta
3017 2136 3279 2192 adversus
3316 2152 3419 2193 nos

1857 2226 2062 2280 invidia
2110 2227 2406 2298 pessimum
2445 2242 2503 2282 se
2551 2226 2798 2296 praebuit.
2856 2227 3318 2292 Quemadmodum
3365 2233 3420 2282 et

1859 2319 1938 2374 illi
1969 2321 2060 2390 qui
2096 2329 2284 2392 postea
2309 2335 2596 2391 corporum
2631 2321 3072 2387 concupiscentia
3096 2320 3382 2392 ﬂagrantes
3399 2375 3419 2404 ’

179 2425 310 2464 cum
343 2411 553 2466 liliabus
600 2411 880 2489 hominum
936 2409 1109 2479 stupri
1145 2407 1594 2463 consuetudinem
1643 2407 1955 2465 habuerunt
1994 2409 2060 2466 ⁸³.
2134 2410 2343 2465 Etenim
2399 2411 2543 2480 quod
2599 2411 2950 2476 hominibus,
3007 2411 3148 2467 idem
3204 2419 3258 2466 et
3309 2411 3418 2466 illis

181 2517 507 2556 concessum
529 2542 544 2566 ,
575 2511 634 2556 ut
665 2505 852 2572 utique
886 2503 1115 2557 liberum
1147 2501 1408 2556 haberent
1445 2500 1740 2556 voluntatis
1775 2505 2084 2559 consilium.
2118 2504 2222 2570 Qui
2244 2520 2374 2560 vero
2399 2505 2501 2558 hoc
2529 2503 2947 2574 accipiendum?

254 2596 339 2649 H'.
374 2596 492 2647 Ὅτι
536 2596 886 2666 δερματίνους
930 2595 1157 2665 χιτῶνας
1198 2594 1287 2647 τὸν
1333 2593 1557 2647 θάνατόν
1593 2609 1745 2662 φησι.

180 2687 347 2756 Λέγει
376 2687 484 2758 γὰρ
514 2688 642 2758 περὶ
671 2685 763 2740 τοῦ
807 2686 995 2757 Ἀδὰμ,
1023 2687 1080 2739 ὃν
1106 2689 1134 2739 6
1153 2686 1283 2749 Θεὸς
1310 2688 1338 2738 ὁ
1362 2687 1750 2758 παντοκράτωρ

180 2778 450 2834 ἀθάνατον
477 2777 645 2832 κακὸν
671 2777 729 2842 ἐξ
757 2777 1045 2849 ἐπιϐουλῆς
1077 2776 1199 2830 ἰδὼν
1229 2778 1588 2848 γεγενημένον
1607 2817 1620 2842 ,
1654 2794 1751 2830 κα-

173 2869 361 2939 θάπερ
395 2870 488 2923 καὶ
517 2871 545 2923 6
573 2868 852 2940 πλανήσας
881 2869 1040 2922 αὐτὸν
1078 2868 1320 2932 διάϐολος
1352 2865 1439 2939 ἦν,
1476 2867 1600 2931 τοὺς
1627 2867 1748 2938 δερ-

183 2962 442 3030 ματίνους
485 2959 714 3031 χιτῶνας
755 2959 844 3012 διὰ
889 2959 1045 3012 τοῦτο
1103 2959 1535 3022 κατεσκεύασεν,
1589 2958 1750 3011 οἱονεὶ

1923 2595 2055 2650 Vlll.
2113 2595 2216 2652 Per
2268 2597 2520 2668 pelliceas
2593 2597 2807 2651 tunicas
2858 2603 3087 2650 mortem
3145 2593 3419 2666 intelligit.

1853 2689 2050 2744 Narrat
2077 2689 2219 2745 enim
2245 2689 2313 2743 de
2340 2688 2510 2744 Adam
2533 2704 2658 2743 cum
2683 2688 2825 2744 Deus
2849 2690 3192 2758 omnipotens
3213 2688 3418 2744 malum

1853 2790 2114 2836 aternum
2146 2796 2214 2836 ex
2257 2779 2473 2835 insidiis
2517 2780 2779 2834 daemonis
2824 2779 3023 2834 factum
3070 2780 3316 2843 videret,
3362 2784 3422 2835 et

1855 2873 2032 2943 qualis
2053 2878 2171 2926 erat
2201 2871 2465 2940 impostor
2495 2869 2765 2934 diabolus,
2802 2869 3000 2926 iecisse
3035 2871 3286 2940 pelliceas
3326 2877 3418 2927 tu-

1856 2965 2008 3021 nicas
2033 2979 2141 3035 quo
2181 2963 2328 3018 velut
2381 2962 2714 3018 mortalitate
2757 2979 2881 3018 eum
2924 2964 3215 3018 indueret:
3249 2973 3306 3018 ut
3333 2964 3419 3019 ni-

176 3056 469 3126 νεκρότητι
504 3051 807 3125 περιϐαλὼν
849 3053 1031 3117 αὐτὸν,
1078 3054 1225 3116 ὅπως
1269 3052 1358 3106 διὰ
1399 3053 1498 3121 τῆς
1545 3051 1749 3116 λύσεως

1861 3056 2050 3109 mirum
2085 3057 2333 3124 corporis
2362 3054 2721 3110 dissolutione
2751 3055 3221 3122 intermoreretur,
3255 3055 3417 3126 quid-

177 3146 274 3198 τοῦ
311 3145 563 3217 σώματος
593 3147 700 3200 πᾶν
740 3143 801 3196 τὸ
832 3144 890 3196 ὲν
939 3145 1088 3216 αὐτῴ
1127 3145 1354 3217 γενηθὲν
1397 3142 1566 3199 κακὸν
1617 3145 1751 3198 ἀπο-

171 3239 337 3292 θάνη.

247 3256 280 3289 ην
322 3277 337 3292 .

247 3254 325 3385 8!}.
361 3331 485 3384 Ὀτι
512 3328 605 3383 δύο
637 3328 1003 3400 ἀποκαλύψεις
1027 3331 1158 3402 φησὶ
1182 3330 1462 3400 γεγονέναι
1489 3329 1566 3400 τῷ
1611 3329 1751 3401 ἁγίῳ

277 3506 326 3541 ⁸⁸
357 3505 492 3563 Gen.
523 3521 602 3573 vl,
626 3506 685 3562 2.

170 3687 328 3759 pedes
371 3694 810 3759 ante_sta_tu_am.
866 3683 1004 3738 Male
1035 3695 1165 3752 ergo
1216 3679 1307 3734 hic
1357 3685 1647 3748 interpres,
1689 3686 1750 3759 ut

170 3755 348 3814 oleum
371 3757 600 3810 interius
628 3755 862 3824 infusum
893 3768 1090 3822 semper
1108 3767 1171 3804 ea:
1189 3759 1369 3824 statua
1390 3756 1743 3824 promendi-et.

170 3828 316 3884 Plin.
345 3830 384 3884 l.
418 3844 512 3890 xv,
541 3818 731 3880 c.17':
771 3818 1119 3878 Existimetur
1152 3821 1320 3874 oleum
1365 3818 1690 3890 vindicando
1715 3834 1748 3872 a

173 3901 320 3954 carie
352 3898 481 3952 utile
497 3888 644 3950 esse.
677 3892 826 3949 Certe
851 3893 1194 3949 simulacrum
1229 3890 1446 3944 Saturni
1472 3888 1648 3942 Romae
1673 3888 1750 3942 lu-

169 3978 260 4024 tu:
309 3970 424 4024 oleo
457 3967 719 4036 repletum
759 3974 867 4036 est.
924 3962 1173 4036 Restitui
1207 3959 1365 4036 facile
1408 3965 1588 4036 potest
1633 3967 1752 4036 tex_-

173 4049 267 4094 tus
303 4029 606 4110 Epiphahii
633 4034 964 4110 praeﬁxoex
1019 4030 1311 4110 Pbotianis
1333 4029 1495 4110 ὥστε,
1526 4035 1584 4082 ιιι
1616 4029 1754 4110 scri-

172 4121 324 4179 ptum
349 4098 517 4164 l'uérit
573 4098 716 4160 ὥστε
749 4103 1062 4175 φυλάσσειν,
1093 4101 1237 4172 quod
1261 4101 1349 4155 hic
1374 4098 1516 4152 ὥστε
1553 4098 1756 4167 φυλάσ-

174 4180 385 4234 σεσοαι.

243 4249 357 4322 (29)
387 4250 608 4316 Αὐτός.
627 4246 788 4322 Forte
805 4242 1142 4322 qﬁ?05._QtlfI‘
1165 4257 1294 4296 vero
1308 4255 1431 4322 mox
1455 4247 1756 4322 sequuntur

171 4311 350 4376 un‘eis’
379 4311 599 4385 clausa,
629 4334 697 4374 ex
744 4315 1045 4388 Epiphanio
1078 4315 1374 4382 desumpta‘
1389 4327 1443 4364 ιι.
1484 4311 1576 4373 21,
1613 4311 1746 4365 bar.

398 4459 466 4515 Ut
499 4470 548 4516 et
596 4454 1196 4532 Athenqgorte_placuit,
1256 4451 1595 4532 Ἀθηναγιξρᾳ
1635 4451 1750 4532 ἐλέ-

178 4499 578 4598 χθξίῗνὲῆἐῖἷε
591 4499 1746 4598 {ﬁ'ié's'ﬁi'ﬁéﬁdEgisti}ﬁmhjﬂgéi,
1785 4499 1826 4553 ο

173 4591 283 4670 ubi
303 4609 387 4653 est
406 4597 450 4654 ᾧ
477 4600 844 4670 Ἀθηναγόρα.
879 4596 1013 4670 Nam
1039 4593 1343 4670 Methodius
1371 4609 1433 4670 ert
1465 4593 1587 4662 ejus
1606 4591 1747 4646 Ora-

173 4669 316 4722 tione
350 4685 444 4736 pro
487 4664 810 4724 Christianis
845 4667 1006 4721 verba
1037 4664 1504 4736 istagdescripsit,‘
1533 4670 1586 4716 et
1628 4676 1750 4732 quae

178 4733 488 4806 sequuntur
513 4743 696 4794 minus
724 4753 856 4792 sana
899 4737 966 4792 de.
990 4734 1193 4806 angelis
1217 4733 1592 4787 adamantibus
1611 4747 1750 4806 _mu-

177 4802 344 4863 lieres
368 4823 421 4863 et
453 4827 578 4864 cum
603 4812 685 4866 eis
712 4807 1047 4875 congressis;
1069 4802 1126 4858 in
1153 4820 1260 4874 quo
1286 4819 1469 4858 errore
1493 4802 1748 4872 praefatus

179 4877 563 4949 Athenagoras
603 4880 806 4933 multos
844 4877 1420 4949 habuit_antiquorum
1463 4888 1743 4943 sequaces.

178 4942 429 5003 Videndi'
469 4951 806 5018 expositores
835 4948 901 5002 ad
935 4963 988 5000 v1
1019 4942 1240 5018 Cenes},
1267 4945 1326 4995 ι).
1361 4942 1552 5018 Thom.
1601 4959 1616 4996 ι
1665 4959 1744 5018 p.,

177 5031 233 5085 q.
273 5018 363 5093 5i,
387 5035 439 5074 a.
464 5013 556 5093 3L;—
580 5019 717 5093 _Si_xt.
749 5034 838 5093 an.
889 5019 978 5081 75,
1013 5026 1117 5093 etc.
1154 5017 1246 5093 Τὸ,
1278 5015 1556 5093 γενετικῄν
1600 5013 1747 5093 apud

180 5083 435 5158 eumdem
497 5083 857 5158 Epiphanium
913 5088 1302 5142 restituendum
1363 5101 1428 5158 ex
1471 5083 1670 5158 Pliotio
1694 5092 1749 5158 et

181 5154 570 5232 Atlieltagonai
586 5154 826 5232 γενικήν.
870 5160 1013 5232 ’ᾼντὶ
1041 5157 1244 5210 τούτων
1270 5155 1610 5210 restituimus
1642 5154 1747 5223 ipsi

179 5227 360 5300 τοῦτο,
379 5227 451 5282 "ex
480 5227 781 5300 Epiphanio
805 5237 858 5285 et
887 5230 1248 5300 Athenagora.

253 5297 368 5370 (5i)
393 5300 494 5353 Cui
517 5293 841 5363 ét'materia,
867 5308 972 5355 etc.
998 5293 1134 5370 Sunt
1163 5305 1216 5351 et
1237 5297 1339 5370 ista
1369 5293 1743 5370 Athenagorae,

181 5366 385 5440 quibus
407 5371 748 5440 signiﬁcatur
769 5387 878 5425 non
904 5371 1071 5425 fuisse
1090 5367 1362 5440 diabolum
1388 5366 1627 5434 supremi
1661 5381 1748 5440 or-

140 5451 144 5456 ’
181 5438 346 5501 diuis,
390 5435 485 5494 sed
539 5443 606 5496 ad
657 5457 950 5504 summum,
998 5453 1307 5508 supremum
1348 5436 1489 5508 inter
1527 5435 1746 5503 angelos

183 5508 472 5572 praefectos
514 5513 636 5567 istis
666 5513 964 5582 corporeis,
1000 5505 1191 5582 inquo
1221 5519 1414 5582 praeter
1460 5505 1747 5559 Damasce-

140 5581 311 5648 grturn
341 5593 708 5653 nostrumque
735 5576 1270 5653 Methodiuuy'etiain
1302 5576 1746 5653 Chrysostomum

185 5657 472 5723 sequacem
507 5646 732 5720 habuit;
768 5654 859 5723 qui
884 5650 1112 5723 censuit,
1140 5649 1373 5723 retinere
1401 5646 1576 5723 adhuc
1602 5646 1748 5713 prio-

187 5724 297 5792 rem
332 5716 728 5792 principatum.
749 5716 922 5792 eoque
966 5721 1071 5776 dici
1109 5719 1390 5792 principem
1421 5716 1746 5792 tenebrarum

149 5801 152 5804 ⁴
187 5785 346 5852 aeris,
379 5799 485 5847 etc.
514 5785 634 5852 ’διο
662 5796 806 5852 enim
836 5785 904 5850 ad
935 5808 1059 5850 eum
1100 5785 1276 5847 locum
1309 5790 1452 5845 hom.
1476 5787 1508 5842 4
1540 5805 1554 5842 ;
1593 5785 1745 5857 Ἐμοὶ

1855 3147 1984 3217 quid
2014 3145 2068 3201 in
2096 3162 2162 3202 eo
2197 3146 2322 3200 mali
2350 3145 2676 3217 productum
2709 3154 2874 3201 esset.

1928 3323 2016 3379 IX.
2053 3322 2215 3379 Binas
2245 3320 2302 3378 S.
2336 3321 2505 3380 Paulo
2539 3322 2677 3394 (55)
2709 3321 3069 3378 revelationes
3119 3321 3417 3394 contigisse

1853 3675 2001 3730 δοκεῖ
2019 3677 2300 3758 γενόμενος
2335 3678 2516 3758 ἄρχων
2560 3676 2667 3758 ύπὸ
2693 3677 2783 3758 τὸν
2812 3676 3039 3758 οὐρανὸν
3068 3675 3140 3749 μὴ
3180 3694 3418 3749 μεταπι-

1855 3747 2131 3819 πτωκέναι
2151 3748 2250 3817 τῆς
2272 3747 2464 3819 ἀρχῆς,
2493 3749 2582 3802 καὶ
2615 3749 2750 3819 μετὰ
2776 3747 3101 3819 παράϐασιν,
3130 3747 3249 3801 eam
3285 3758 3418 3805 esset

1852 3817 2129 3887 prwfectu:
2185 3817 2776 3884 rebus'subcwlestibus,
2837 3817 2926 3872 nec
2978 3829 3092 3887 post
3126 3829 3421 3887 transgres-

1855 3888 2057 3942 sionem
2107 3891 2345 3943 amisisse
2372 3890 2738 3956 principatum.
2801 3887 3230 3944 Modestissimus
3269 3887 3418 3944 Tho-

1858 3974 1997 4024 mas,
2033 3961 2151 4014 sola
2183 3958 2502 4018 Damasceni
2528 3961 2870 4022 auctoritate,
2903 3975 3054 4013 suam
3104 3959 3232 4013 huic
3290 3975 3419 4015 sen-

1858 4032 2055 4100 tentiae
2091 4030 2569 4100 probabilitatem”:
2603 4045 2910 4098 quanquam
2945 4027 3212 4100 Gregorii,
3253 4031 3416 4099 cujus

1857 4114 1984 4154 vere
2017 4099 2193 4170 Magni
2232 4101 2491 4170 natalitia
2515 4099 2768 4154 Ecclesia:
2799 4099 2988 4153 faciem
3011 4115 3157 4170 nunc
3178 4099 3281 4154 diei
3307 4115 3417 4170 qua

1860 4171 2042 4225 scribo
2066 4179 2333 4232 recreant,
2368 4169 2588 4239 praelata
2611 4187 2624 4224 :
2649 4171 2850 4224 salvam
2879 4169 3076 4234 voluit;
3127 4169 3336 4234 majori
3355 4171 3417 4224 ﬁ-

1858 4240 2018 4294 ducia
2049 4237 2383 4302 asserturus,
2415 4240 2462 4294 si
2493 4237 2713 4293 Patrqu
2748 4239 2880 4292 illud
2910 4255 3100 4308 agmen
3157 4240 3417 4294 subiisset

1858 4311 2098 4390 animum
2130 4330 2142 4363 :
2177 4324 2482 4391 quanquam
2505 4309 2730 4391 ηερ-βία,
2767 4310 3015 4389 acerrimi
3050 4309 3224 4391 virum
3269 4309 3417 4378 judi-

1859 4380 1950 4442 cii,
1973 4395 2001 4433 a
2037 4378 2207 4434 nostri
2226 4378 2467 4450 Gregorii
2486 4379 2730 4434 solidiori
2754 4378 3044 4442 sententia,
3065 4379 3303 4435 arbitror
3332 4395 3418 4434 re-

1856 4465 2157 4504 CCSSlll‘lllll.

1926 4520 2036 4590 (52)
2065 4519 2311 4591 Omnium
2334 4520 2447 4589 ipse
2471 4520 2782 4578 dominium,
2819 4529 2951 4591 etc.,
3044 4515 3106 4591 τὸ
3131 4516 3294 4591 κῦρος
3321 4518 3417 4571 καὶ

1854 4590 1912 4643 τὸ
1925 4587 2140 4662 ξκράτος
2171 4587 2420 4662 ἁπάντων
2444 4591 2605 4653 αὐτὸς
2630 4591 2729 4658 ἁνη
2740 4605 2835 4659 ρτη
2846 4587 3180 4662 μένοςζ-ΡΙιιε
3205 4587 3418 4642 videtur

1853 4656 2012 4723 velle,
2046 4675 2206 4728 quam
2239 4661 2561 4729 interpretes
2594 4656 2979 4729 expriEssei-int.
3023 4656 3244 4726 Nempe,
3276 4673 3417 4726 prae-

1855 4739 1937 4784 ter
1991 4731 2294 4784 universale
2328 4731 2650 4793 dominium,
2705 4731 2813 4781 vim
2867 4729 3010 4781 illam
3045 4730 3414 4782 conservatri-

1855 4815 1969 4853 cem
2024 4802 2288 4860 omnium,
2322 4800 2717 4870 διακρατοῦσαν
2748 4797 2824 4870 τὸΔ
2863 4800 2990 4870 πᾶν,
3027 4812 3131 4870 qua
3163 4798 3419 4870 sibi_om-

1854 4871 2003 4925 nium
2035 4871 2203 4925 robur
2251 4867 2757 4938 ﬁrmamentumque
2795 4867 3118 4931 devinxerit,
3145 4867 3419 4936 pendens-

1853 4956 1958 5010 que
1992 4941 2107 5010 ipse
2137 4957 2166 4994 a
2209 4955 2268 4994 se
2301 4947 2500 5000 teneat.
2543 4942 2685 5008 quod
2715 4953 2834 5010 vox
2868 4938 2976 5010 illa
3021 4939 3414 5010 ἀνηρτημένος,

1854 5007 2087 5065 maxime
2141 5011 2394 5064 restituto
2438 5007 2624 5072 αὐτοῦ,
2677 5009 2833 5079 plane
2865 5009 3086 5079 iudicat.
3114 5007 3247 5072 Qua
3285 5023 3417 5079 ergo

1857 5082 2230 5136 concessimus
2256 5081 2397 5143 aliis,
2418 5095 2524 5148 qua
2564 5078 2722 5134 nobis
2776 5078 3160 5137 satisfecimus.
3204 5078 3417 5132 utrum-

1853 5167 1958 5222 que
1979 5149 2675 5222 complexi.Alrt_Epipha_nio
2706 5149 3084 5219 corrigendum
3114 5149 3184 5222 to
3206 5151 3261 5220 ῆ.

1926 5221 2036 5290 (55)
2064 5219 2228 5274 Binas
2251 5219 2313 5274 S.
2333 5218 2525 5273 Paulo.
2542 5219 2768 5274 Videtur
2789 5218 2894 5274 non
2926 5234 3096 5289 usque
3126 5218 3259 5290 adeo
3285 5218 3415 5274 soli-

1854 5289 2004 5352 dum,
2038 5299 2094 5344 ut
2123 5306 2222 5344 nec
2250 5290 2407 5358 cujus
2431 5305 2593 5344 causa
2625 5291 2920 5353 inducitur,
2959 5291 3170 5343 futurus
3200 5289 3289 5341 ille
3311 5298 3415 5340 tera

1854 5361 2045 5416 restris
2103 5361 2390 5430 paradisus
2435 5361 2734 5431 beatorum,
2779 5363 2834 5416 in
2880 5377 3038 5431 quem
3091 5361 3222 5431 bene
3258 5364 3412 5431 notat

1853 5432 2080 5486 Pbotius
2104 5426 2396 5505 impulsum
2429 5430 2776 5505 Methodium,
2808 5432 2876 5486 ad
2897 5426 3220 5505 Tugiendum
3261 5426 3410 5504 aliud

1853 5511 2152 5558 extremum
2183 5497 2588 5571 Drigenianum,
2614 5502 2809 5556 futura:
2831 5497 3246 5571 resurrectionis
3289 5497 3413 5571 sine

1855 5573 2177 5644 corporibus
2222 5587 2235 5622 :
2269 5562 2362 5627 sed
2412 5562 2838 5644 veritasmedia
2879 5567 3146 5644 consistit.
3189 5562 3410 5644 ,ϐε-σησῇὶ

1854 5631 1992 5700 saltu
2011 5642 2255 5715 Photius,
2288 5658 2317 5695 a
2349 5659 2403 5715 ιι.
2433 5643 2524 5704 Ἡ,
2554 5641 2711 5715 cujus
2745 5650 2829 5695 est
2854 5633 3156 5715 praecedens
3183 5631 3409 5715 ἐκλογήε

1853 5715 2051 5769 transit
2084 5715 2148 5766 ad
2179 5701 2266 5772 4'77.
2297 5714 2456 5783 cujus
2480 5701 2735 5783 snnt'ista
2771 5701 2910 5783 apud
2933 5701 3288 5783 Epiphanium
3315 5701 3411 5759 cui

1855 5796 1978 5846 ante
2022 5769 2384 5856 ἀναληφθέντῖ
2409 5769 2822 5840 restituendum;
2848 5769 3090 5837 οὐρανόν.
