3962 6278
665 388 779 449 295
1607 385 1664 442 s.
1703 361 2032 442 nemon"
2071 384 2380 442 EPISCOPI
2421 385 2510 442 ET
2550 386 2910 444 MARTYBIS
3796 389 3896 443 sas

663 506 822 562 dicit.
870 502 1053 576 Neque
1095 501 1238 558 enim
1265 499 1594 572 Apostolus,
1645 499 1854 568 inquit,
1909 498 2197 567 paradisun

2326 498 2553 570 Παύλῳ·
2589 498 2737 568 λέγει
2765 500 2900 572 γάρ’
2939 499 3076 553 Ἀλλ’
3115 499 3235 553 οὐδὲ
3265 499 3294 552 ὁ
3336 497 3668 563 ’Δπόσ-τολος
3715 500 3893 554 ὑποτε-

664 602 723 655 in
757 597 919 654 tertio
948 595 1085 650 coelo
1117 594 1382 658 collocat,
1419 594 1463 648 si
1509 591 1630 663 quis
1663 593 1805 646 illius
1834 591 1996 644 verba
2029 589 2194 644 snbtil

2321 589 2470 644 θεται
2495 587 2631 645 εἶναι
2658 591 2748 645 τὸν
2776 591 3098 664 παράδεισον
3129 593 3188 646 ὲν
3215 591 3293 663 τῷ
3321 592 3492 664 τρίτῳ
3509 591 3758 663 οὐρανῷ,
3790 596 3895 656 τοῖς

663 690 892 762 quadam
929 685 1280 755 intelligentia
1312 684 1574 755 percipiat
1600 680 1753 737 :Scio
1783 680 2133 750 enim,inquit
2149 679 2191 712 δ’

2317 681 2525 735 λεπτῶν
2573 683 2871 755 ἀκροᾶσθαι
2917 683 3087 752 λόγων
3138 684 3554 756 ἐπισταμένοις,
3606 679 3760 738 Οἶδα
3795 685 3896 753 τὰρ

661 777 960 850 huiusmodi
978 777 1236 830 hominem
1267 786 1474 845 raptum
1499 791 1656 844 usque
1677 773 1744 826 ad
1777 775 1984 826 tertium
2006 772 2190 826 caelum

2314 775 2425 828 τὸν
2463 775 2730 830 τοιοῦτον
2789 775 3129 845 ἁρπαγέντα
3187 775 3298 841 ἕως
3359 776 3564 844 τρίτου
3605 776 3892 842 οὐρανοῦ,

667 872 737 927 Et
763 872 868 925 scio
913 867 1217 938 hujusmodi
1264 868 1554 926 hominem,
1601 866 1705 920 sive
1742 865 1797 918 in
1833 879 2078 932 corpore,
2110 864 2197 916 sint

2314 867 2505 936 λέγων.
2535 867 2646 922 Καὶ
2685 865 2815 921 οῖδα
2846 869 2953 920 τὸν
2991 867 3260 922 τοιοῦτον
3287 866 3629 935 ἄνθρωπον,
3677 868 3804 920 ειτε
3832 868 3894 920 ἐγ

657 973 807 1017 extra
837 977 1055 1030 corpus,
1086 960 1224 1014 Deus
1245 961 1374 1022 scit;
1402 958 1648 1029 quoniam
1687 965 1876 1025 raptus
1917 963 1994 1009 est
2029 955 2086 1008 in
2121 969 2197 1023 ρα-

2314 959 2394 1024 τῷ
2412 958 2654 1028 σώματι,
2685 960 2804 1013 εἶτε
2826 959 3001 1028 χωρίς
3025 960 3130 1013 τοῦ
3157 958 3446 1028 σώματος,
3471 962 3506 1014 ὁ
3531 959 3690 1024 Θεὸς
3714 959 3890 1013 οἶδεν·

654 1051 915 1106 radisum.
963 1050 1174 1116 Quibus
1217 1049 1432 1113 verbis,
1469 1050 1607 1103 duas
1635 1062 1695 1102 se
1725 1047 1963 1102 illustres
2009 1046 2197 1100 revela-

2313 1052 2402 1106 ὅτι
2430 1052 2665 1122 ἡρπάγη
2693 1055 2780 1118 εἰς
2816 1052 2923 1105 τὸν
2957 1051 3340 1121 παράδεισον.
3371 1053 3475 1105 Δύο
3511 1053 3892 1122 ἀποκαλύψεις

654 1145 832 1199 tiones
886 1143 1088 1198 vidisse
1154 1141 1456 1213 signiﬁcat;
1511 1142 1597 1197 bis
1639 1139 1924 1196 manifeste
1975 1148 2197 1209 raptus:

2316 1144 2552 1214 μεγάλας
2584 1145 2879 1214 ἑωρακέναι
2913 1143 3123 1214 μηνύει,
3153 1144 3236 1208 δὶς
3250 1143 3583 1214 ἀναληφθεὶς
3612 1145 3889 1215 ἐναργῶς·

655 1236 821 1291 semel
851 1235 1068 1306 quidem
1096 1249 1267 1304 usque
1297 1234 1362 1288 ad
1397 1233 1619 1288 tertium
1648 1233 1880 1298 malum;
1913 1232 2077 1287 semel
2116 1247 2197 1285 aut

2314 1233 2459 1298 ἅπαξ
2493 1235 2589 1304 μὲν
2616 1234 2719 1298 ἕως
2740 1234 2922 1306 τρίτου
2949 1233 3198 1306 ούρανοῦ,
3224 1236 3366 1302 ἅπαξ
3397 1236 3442 1301 δέ
3470 1238 3555 1299 εἰς
3578 1238 3682 1290 τὸν
3717 1240 3886 1310 παρά-

652 1337 784 1390 tem,
823 1327 875 1380 in
908 1325 1242 1396 paradisum.
1270 1322 1394 1378 “EBG
1423 1323 1567 1378 enim
1605 1323 1765 1377 verba
1800 1339 1814 1375 :
1853 1319 1976 1375 Scio
2003 1330 2197 1389 raptum

2310 1325 2504 1379 δεισον.
2530 1323 2604 1376 Τὸ
2629 1323 2756 1396 γὰρ,
2785 1319 2928 1378 Οἶδα
2955 1325 3291 1394 ἁρπαγέντα
3329 1326 3434 1380 τὸν
3463 1324 3757 1380 τοιοῦτον
3792 1328 3887 1392 ἕως

651 1417 952 1487 hujusmodi
975 1433 1136 1486 usque
1168 1414 1236 1470 ad
1268 1415 1477 1468 tertium
1510 1413 1716 1478 coelum,
1753 1411 2024 1482 peculiare
2051 1409 2197 1480 quid-

2308 1417 2508 1484 τρίτου
2536 1415 2826 1484 οὐρανοῦ,
2870 1416 3012 1480 ἰδίως
3050 1417 3388 1488 ἀποκάλυψιν
3422 1420 3574 1491 αὐτῷ
3625 1419 3783 1474 κατὰ
3813 1418 3886 1472 τὸν

653 1508 780 1562 dam
804 1548 819 1572 ,
862 1523 986 1563 cum
1013 1506 1079 1562 ad
1101 1507 1316 1562 tertium
1345 1506 1542 1559 coelum
1577 1511 1723 1559 esset
1753 1510 1993 1563 evectus,
2027 1511 2197 1556 osten‘

2308 1507 2487 1578 τρίτον
2511 1507 2732 1580 οὐρανὸν
2763 1505 3056 1578 πεφηνέναι
3080 1507 3376 1580 συνίστησι.
3393 1509 3466 1562 Τὸ
3489 1511 3573 1573 δὲ,
3596 1510 3727 1563 Καὶ
3747 1509 3882 1570 οἶδα,

655 1613 780 1651 sum
819 1597 896 1652 illi
941 1612 1062 1652 esse
1102 1596 1490 1651 demonstrant.
1523 1592 1656 1647 Illud
1693 1605 1824 1647 vero
1860 1589 2006 1661 quod
2037 1590 2197 1658 subji-

2312 1599 2468 1652 πάλιν
2501 1599 2909 1671 ἐπιφερόμενον,
2939 1599 3044 1654 τὸν
3080 1601 3350 1656 τοιοῦτον
3386 1602 3746 1670 ἄνθρωπον,
3779 1603 3880 1654 εἴτε

649 1691 798 1745 citur
828 1709 841 1744 :
867 1688 936 1742 Et
956 1690 1062 1744 scio
1093 1684 1394 1756 hujusmodi
1438 1684 1717 1748 hominem,
1746 1683 1851 1737 sive
1871 1683 1924 1736 in
1955 1696 2197 1751 corpore1

2309 1690 2378 1744 ἐν
2396 1690 2637 1760 σώματι,
2670 1692 2790 1746 εἴτε
2822 1691 2992 1757 ἐκτὸς
3021 1691 3310 1761 σώματος,
3333 1696 3364 1748 ὁ
3407 1693 3557 1758 Θεὸς
3580 1688 3783 1754 οἶδεν,
3810 1691 3877 1744 ὅτι

651 1782 759 1835 sive
785 1789 933 1834 extra
959 1794 1143 1848 corpus
1163 1820 1178 1845 ,
1209 1776 1348 1830 Deus
1384 1777 1519 1840 scit;
1547 1777 1796 1846 quoniam
1829 1781 2011 1844 raptus
2043 1783 2118 1827 est
2150 1773 2197 1826 in

2311 1781 2547 1852 ἡρπάγη
2572 1785 2658 1848 εὶς
2703 1782 2810 1836 τὸν
2853 1781 3247 1850 παράδεισον,
3296 1782 3486 1854 ἑτέραν
3532 1778 3710 1847 αὖθις
3755 1780 3874 1851 αὺτῷ

649 1873 990 1945 paradisum:
1013 1870 1158 1924 aliud
1193 1883 1380 1924 rursus
1410 1868 1462 1921 in
1492 1868 1747 1938 paradiso
1777 1867 1853 1920 illi
1879 1863 2197 1936 patefactum

2309 1873 2720 1945 πεφανερῶσθαι
2745 1873 2886 1927 κατὰ
2914 1874 3006 1927 τὸν
3036 1876 3357 1946 παράδεισον
3385 1873 3751 1943 ἀποκάλυψιν
3787 1873 3870 1925 δεξ-

649 1973 704 2021 et
734 1963 1026 2020 revelatum
1057 1959 1315 2015 ostendit.
1373 1957 1500 2013 Hac
1541 1967 1718 2012 autem
1753 1972 1818 2012 eo
1863 1956 2026 2020 dicit,
2064 1953 2197 2026 quod

2307 1980 2483 2018 κνυσι.
2511 1964 2694 2019 Ταῦτα
2716 1965 2774 2018 δὲ
2789 1965 2954 2034 λέγει,
2983 1965 3103 2019 ἐπεὶ
3123 1967 3172 2019 οι
3195 1965 3261 2019 δι’
3291 1965 3540 2029 ἐναντίας
3575 1965 3680 2019 τὸν
3719 1967 3870 2035 παρὰ·

646 2056 979 2112 contrarium
1033 2053 1328 2109 sentientes
1352 2094 1366 2118 ,
1408 2049 1723 2122 paradisum
1752 2056 1962 2104 tantum
1987 2048 2208 2119 spirita-

643 2146 748 2201 lem
807 2150 1068 2215 ponerent
1117 2157 1184 2197 οι
1237 2140 1539 2210 apostolico
1592 2138 1777 2206 dicto,
1836 2139 1983 2194 velut
2038 2152 2206 2208 supra

641 2239 876 2305 malum;
922 2245 982 2290 ut
1028 2234 1154 2290 inde
1230 2232 1468 2288 futuram
1497 2232 1554 2286 in
1581 2231 1838 2302 paradiso
1870 2232 2036 2286 vitam
2087 2230 2207 2286 sine

639 2346 869 2401 corpore
896 2327 1308 2383 concluderent.

710 2420 782 2476 Χ.
814 2421 976 2475 Docet
1011 2421 1206 2482 etiam,
1255 2417 1460 2470 malum
1499 2413 1678 2470 facere
1725 2421 1820 2469 aut
1847 2429 1956 2470 non
1985 2413 2202 2479 facere,

639 2529 764 2568 esse
797 2513 852 2566 in
882 2518 1068 2567 nostra
1090 2517 1360 2581 potestate
1389 2527 1403 2564 :
1437 2523 1566 2562 nam
1611 2507 1852 2578 alioquin
1874 2521 1982 2562 non
2012 2522 2205 2577 pinnas

641 2605 916 2658 lueremus
969 2616 1065 2672 pro
1108 2600 1247 2655 male
1281 2599 1448 2665 actis,
1509 2613 1610 2653 nec
1663 2598 1884 2668 praemia
1930 2598 2203 2669 recipere-

639 2711 766 2750 mus
796 2695 850 2766 (5
862 2694 910 2766 ι)
942 2708 1038 2765 pro
1059 2692 1269 2748 meritis
1297 2710 1308 2745 :
1333 2699 1387 2745 at
1415 2693 1654 2761 cogitare
1677 2729 1692 2754 ,
1729 2689 1813 2744 vel
1832 2704 1941 2744 non
1968 2689 2204 2759 cogitare

2305 2059 2478 2112 δεισον
2506 2060 2694 2130 νοητὸν
2726 2059 2906 2114 ἔθεντο
2939 2061 3004 2114 ὲκ
3035 2059 3128 2113 τοῦ
3159 2059 3514 2114 ἀποστολικοῦ
3572 2057 3778 2130 ῥητοῦ,
3814 2059 3869 2119 «ἐς

2305 2152 2434 2207 ὄντα
2459 2153 2597 2224 ὑπὲρ
2636 2153 2728 2206 τὸν
2755 2153 3008 2225 οὐρανόν·
3045 2153 3131 2206 ἵνα
3179 2153 3240 2207 τὸ
3277 2153 3590 2224 ἀσωμάτως
3627 2151 3867 2220 γενέσθαι

2302 2241 2404 2314 τὴν
2425 2244 2483 2297 ὲν
2511 2241 2590 2313 τῷ
2621 2243 2934 2314 παραδείσῳ
2964 2242 3238 2315 διαγωγὴν
3267 2241 3594 2307 συνάξωσιν.

2372 2420 2430 2472 I’.
2468 2418 2588 2472 Ὅτι
2609 2419 2740 2490 φησὶ
2767 2419 2826 2472 τὸ
2851 2419 2949 2490 μὲν
2971 2419 3195 2491 πρᾶξαι,
3217 2419 3250 2490 ἢ
3285 2419 3358 2490 μὴ
3383 2416 3603 2490 πρᾶξαι
3625 2418 3706 2472 τὰ
3729 2420 3864 2476 καὶ.

2304 2510 2386 2577 ἐφ’
2430 2510 2586 2579 ἡμῖν’
2638 2511 2758 2564 ἐπεὶ
2788 2511 2887 2564 οὐκ
2936 2511 3002 2564 ἂν
3039 2511 3192 2574 δίκας
3235 2509 3474 2580 ὲδίδομεν
3526 2509 3652 2564 τῶν

2301 2600 2612 2671 δρωμένων,
2663 2602 2769 2655 οὐδ’
2823 2603 3055 2674 ἀμοιϐὰς
3086 2603 3460 2675 ἐλαμϐάνομεν
3503 2603 3629 2657 τῶν

2301 2692 2362 2746 τὸ
2400 2692 2444 2745 δ’
2467 2692 2840 2766 ἐνθυμηθῆναι
2878 2695 2948 2748 τὰ
3002 2695 3180 2761 κακὰ,
3231 2696 3264 2767 ἢ
3303 2696 3397 2767 μὴ,
3443 2697 3549 2749 οὐκ
3598 2699 3691 2767 ἐφ’
3738 2700 3862 2769 ἡμῖν.

2303 2785 2399 2838 Διὰ
2425 2785 2580 2839 τοῦτο
2613 2788 2704 2840 καὶ
2728 2787 2820 2842 τὸν
2841 2787 2982 2841 θεῖον
3011 2788 3220 2842 Παῦλόν
3241 2805 3371 2859 φησι
3403 2788 3530 2857 λέγε
3541 2808 3598 2842 ιν
3621 2808 3635 2820 ·
3665 2794 3746 2844 Οὐ
3777 2791 3867 2859 τῲ

2301 2875 2334 2928 ὃ
2362 2876 2531 2943 θέλω,
2582 2877 2756 2933 τοῦτο
2807 2879 3088 2947 πράσσω·
3114 2881 3249 2936 ἀλλ’
3276 2866 3309 2933 δ
3351 2883 3421 2935 οὐ
3476 2883 3664 2947 θέλω,
3705 2882 3867 2936 τοῦτο

2300 2968 2446 3021 ποιῶ
2466 2985 2479 2999 ο
2509 2969 2812 3034 τουτέστιν,
2845 2972 2942 3042 οὐχ
2977 2971 3005 3024 ὃ
3028 2972 3164 3026 θέλω
3205 2973 3423 3040 ἐννοεῖν,
3453 2974 3632 3028 τοῦτο
3688 2975 3862 3028 ἐννοῶ·

640 2787 804 2852 mala,
837 2801 944 2840 non
981 2800 1101 2840 esse
1127 2785 1180 2838 in
1211 2793 1392 2839 nostra
1425 2782 1661 2854 positum
1681 2789 1970 2853 potestate.
2002 2782 2204 2848 Quam-

640 2879 825 2932 obrem
869 2877 944 2930 ait
993 2875 1240 2930 divinum
1303 2873 1528 2928 Paulum
1583 2873 1766 2928 dicere
1820 2892 1832 2927 :
1899 2871 2023 2927 Non
2065 2873 2201 2927 enim

638 2969 775 3041 quod
794 2968 936 3032 voto,
966 2966 1060 3021 hoc
1080 2981 1209 3038 ago;
1235 2963 1323 3020 sed
1355 2964 1488 3035 quod
1512 2963 1660 3028 nolo,
1688 2963 1782 3017 hoc
1814 2963 1952 3032 facio
1976 2962 2043 3018 '°.
2088 2959 2203 3014 Hoc

639 3069 725 3117 est
753 3080 764 3115 :
794 3061 913 3114 Non
939 3059 1083 3130 quod
1123 3058 1244 3112 volo
1268 3057 1526 3128 cogitare,
1552 3056 1654 3110 hoc
1686 3055 1866 3124 cogito
1886 3095 1901 3120 ,
1935 3051 2029 3108 sed
2057 3051 2197 3122 quod

2299 3059 2460 3114 ἀλλ’ὃ
2491 3059 2566 3131 μὴ
2628 3059 2784 3115 Θέλω.
2855 3058 3242 3135 Ἐκριζὼθῆναι
3273 3063 3329 3116 δέ
3381 3080 3519 3134 φησι
3575 3067 3679 3118 καὶ
3720 3066 3775 3118 τὸ
3810 3065 3857 3115 τὰ

638 3154 787 3210 nolo.
841 3150 1015 3206 Porro
1063 3150 1397 3206 eradicatum
1450 3149 1525 3202 ait
1554 3146 1706 3201 malas
1739 3145 2085 3217 cogitationis
2115 3144 2197 3198 vi-

2301 3152 2447 3206 κακὰ
2503 3152 2848 3224 ἐνθυμεῖσθαι
2917 3154 3004 3208 διὰ
3054 3156 3151 3226 τῆς
3195 3153 3291 3209 τοῦ
3343 3157 3587 3225 φυσικοῦ
3654 3156 3852 3210 θανάτοιο

637 3244 795 3308 tium,
821 3242 1136 3298 adveniente
1173 3241 1405 3297 naturali
1438 3246 1609 3294 morte
1636 3255 1649 3290 :
1675 3253 1800 3292 nam
1829 3244 1882 3292 et
1902 3235 2024 3292 ideo
2049 3250 2197 3291 mors

2299 3213 2777 3316 παρουσίαςίὲπεὶ
2809 3248 2902 3300 καὶ
2932 3247 3020 3300 διὰ
3041 3213 3198 3300 τούτο
3227 3249 3254 3300 ὁ
3287 3213 3516 3311 θάνατος
3535 3249 3707 3322 ἐδόθη
3743 3263 3851 3319 παρα

635 3335 907 3406 peccatori
939 3333 1141 3388 inﬂicta
1170 3343 1274 3397 est,
1301 3341 1360 3388 ut
1403 3348 1473 3387 ne
1503 3331 1703 3386 malum
1737 3339 1995 3386 aeternum
2031 3327 2192 3384 foret.

2298 3336 2432 3390 Θεοῦ
2474 3337 2552 3409 τῷ
2607 3337 3027 3411 ὲξημαρτηκότι,
3063 3341 3148 3394 ἵνα
3181 3341 3254 3412 μὴ
3291 3341 3563 3402 ἀθάνατον
3615 3343 3773 3413 μείνῃ
3813 3339 3845 3390 τὲ

634 3427 899 3482 Ceterum
948 3441 1054 3498 qua
1107 3426 1160 3481 id
1223 3425 1436 3480 ratione
1507 3422 1954 3493 intelligendum?
2004 3419 2194 3477 Scien-

2298 3431 2484 3484 κακόν.
2520 3430 2676 3483 Ἀλλὰ
2707 3430 2822 3495 πῶς
2834 3432 2992 3486 τοῦτο
3023 3432 3231 3505 εἴρηται
3263 3433 3656 3504 (σημειωτέον,
3689 3436 3769 3487 ὅτι
3789 3435 3837 3483 xi

635 3521 762 3575 dum
792 3518 908 3592 (55)
945 3520 1047 3574 hoc
1074 3519 1236 3575 etiam
1269 3519 1337 3574 ab
1365 3519 1487 3574 aliis
1511 3518 1715 3573 nostris
1743 3515 1996 3571 Patribus
2024 3515 2195 3571 fuisse

2298 3522 2475 3587 ἄλλοις
2503 3525 2658 3596 ἡμῶν
2684 3525 2957 3597 Πατράσιν
2992 3526 3243 3598 εἴρηται),
3261 3526 3417 3596 εἴπερ
3441 3527 3472 3578 ὁ
3503 3525 3752 3588 θάνατος

633 3611 911 3666 traditum.
950 3609 1094 3665 Mors
1138 3621 1285 3666 certe
1349 3625 1446 3680 per
1491 3609 1623 3664 illud
1677 3618 1890 3679 tempus
1929 3623 2037 3679 quo
2070 3609 2194 3679 quis

2298 3616 2479 3670 τοῦτον
2514 3619 2927 3691 μετερχομένοις
2980 3618 3119 3673 κατὰ
3148 3620 3239 3672 τὸν
3260 3618 3446 3690 καιρὸν
3501 3619 3727 3672 ἐκεῖνον
3761 3616 3841 3668 εἰτ’.

631 3703 722 3758 illa
750 3703 1083 3775 defungitur,
1108 3717 1283 3775 neque
1315 3702 1561 3758 accessio
1596 3707 1943 3771 peccatorum
1965 3739 1980 3765 ,
2016 3713 2194 3771 neque

2301 3709 2586 3782 προσθήκη
2618 3709 2740 3765 οὔτε
2772 3711 3176 3785 ύφαίρεσις(57)
3199 3711 3626 3784 ἁμαρτημάτων
3655 3713 3843 3779 γίνετιιξ
3957 3695 3959 3704 ’

630 3797 928 3852 subtractio
960 3796 1144 3852 fuerit.

631 4022 1011 4093 Compendiosa
1052 4022 1320 4092 Expositio
1344 4007 1622 4093 dictorum
1664 4021 2013 4093 quorumdam
2049 4036 2180 4090 apo-

2298 4021 2402 4077 Τοῦ
2439 4022 2645 4085 αὑτοῦ,
2693 4023 2761 4093 ἐκ
2809 4019 2913 4093 τοῦ
2961 4014 3146 4093 αὐτοῦ
3189 4017 3395 4093 λόγον,
3445 4011 3848 4093 αποστολυιὲ*

806 4087 1223 4157 ειοίίεονωη,ἐκ
1258 4091 1434 4147 eodem
1467 4094 1524 4148 S.
1557 4087 1809 4147 Met/tedii
1841 4089 1999 4148 libro.
2083 4087 2091 4090 Ὗ

2562 4092 2763 4161 ῥητῶν
2799 4090 3076 4160 ἑρμηνεία
3110 4090 3259 4142 κατὰ
3294 4087 3587 4152 σύνοψιν.

1753 4203 1935 4278 (Apud
1955 4201 2207 4260 Photium
2232 4206 2386 4272 ibid.,
2415 4222 2534 4280 pag,
2566 4207 2723 4278 909.)

701 4315 743 4368 l.
767 4312 928 4369 Lecta
954 4322 1039 4371 est
1090 4329 1155 4369 ex
1196 4317 1384 4370 eodem
1415 4316 1562 4373 illius
1612 4317 1752 4372 libro
1792 4316 2184 4384 compendiosa

2362 4319 2438 4371 A'.
2483 4315 2817 4386 Ἀνεγνώσθη
2869 4315 2963 4368 τοῦ
3004 4312 3191 4379 αὑτοῦ,
3234 4315 3296 4366 ὲκ
3328 4310 3421 4365 τοῦ
3465 4311 3642 4366 αὐτοῦ
3695 4313 3854 4378 λόγου,

629 4404 899 4460 dictorum
957 4406 1313 4476 quorumdam
1372 4408 1792 4477 apostolicorum
1850 4407 2182 4477 explanatio.

2298 4409 2658 4464 ἀποστολικῶν
2690 4408 2866 4480 ῥητῶν
2901 4406 3162 4478 ἑρμηνεία
3188 4405 3326 4459 κατὰ
3355 4404 3597 4473 σύνοψιν.
3647 4407 3856 4472 Ἴδωμν

627 4497 924 4556 Videamus
956 4515 1084 4556 vero
1115 4500 1261 4572 quod
1307 4501 1541 4571 primum
1574 4501 1628 4555 in
1652 4502 1972 4572 Apostolum
1995 4501 2181 4556 dicere

2298 4500 2364 4565 δὲ,
2393 4501 2446 4554 τί
2479 4495 2546 4570 ἦν
2573 4500 2708 4572 ὅπερ
2739 4499 2950 4571 πρῶτον
2983 4499 3061 4561 εἰς
3093 4496 3183 4549 τὸν
3228 4493 3548 4548 Ἀπόστολον
3583 4494 3856 4567 προήχθη-

627 4592 737 4664 (36)
767 4594 1010 4666 aggressi
1045 4593 1337 4650 fueramus.
1369 4593 1504 4647 Nam
1537 4593 1679 4664 quod
1715 4594 1789 4647 ait
1821 4594 1867 4625 '°
1903 4613 1916 4648 :
1953 4592 2061 4664 Ego
2089 4609 2183 4646 au-

2298 4608 2384 4660 ιεν
2421 4593 2613 4645 εἰπεῖν.
2654 4591 2727 4645 Τὸ
2767 4591 2898 4660 γὰρ,
2936 4589 3074 4661 Ἐγὼ
3118 4587 3187 4642 δὲ
3219 4587 3389 4653 ἔζων,
3436 4586 3634 4656 λεχθὲν
3689 4584 3860 4654 αὐτῷ.

694 4707 741 4742 δ’
771 4708 814 4764 ll
843 4708 968 4766 Cor.
995 4723 1094 4775 xu,
1118 4710 1173 4779 2,
1215 4711 1267 4767 5.
1341 4711 1388 4744 ⁵⁰
1413 4709 1564 4765 Rom.
1596 4724 1691 4772 vu,
1717 4709 1805 4763 15.
1864 4709 1908 4740 ⁸¹
1933 4707 2081 4763 Rom.
2115 4723 2210 4773 vn,
2241 4706 2296 4764 9.

2296 4843 2494 4912 quibus
2515 4841 2624 4912 jam
2648 4839 2869 4912 subjicit
2897 4853 3014 4894 sua.
3043 4836 3274 4912 Exstant
3303 4835 3405 4889 ista
3441 4834 3585 4912 apud
3624 4834 3866 4912 Epipha-

2292 4907 2441 4968 nium
2477 4907 2532 4965 n.
2565 4911 2653 4966 55.
2685 4907 2942 4964 Litteram
2987 4912 3124 4965 male
3172 4907 3614 4974 interpunctione
3677 4909 3733 4960 in
3763 4907 3870 4958 im—

2290 4986 2494 5054 pressis
2523 4982 2890 5054 depravalam,
2917 4994 3015 5034 nec
3049 4981 3184 5054 bene
3207 4979 3469 5054 redditam
3492 4977 3869 5038 restituimus,

2293 5047 2351 5107 ut
2385 5053 2499 5122 ipsa
2532 5047 2628 5120 per
2653 5067 2723 5122 se,
2745 5051 2891 5122 clara
2935 5051 3211 5122 procedat.
3237 5047 3408 5122 Quod
3433 5061 3623 5122 _porro_
3651 5057 3872 5116 spectat

2290 5124 2358 5177 ad
2395 5115 2551 5177 istan]
2607 5121 2860 5176 Methodii
2897 5115 3313 5189 eipositioneln,
3361 5115 3520 5189 video
3561 5115 3878 5171 aduersan-

2289 5202 2372 5249 tes
2399 5193 2581 5264 plures
2603 5193 2872 5263 iuniores,
2907 5187 3136 5264 quorum
3164 5190 3368 5264 leyinra
3387 5187 3682 5264 rideantur
3712 5203 3878 5264 argu-

2289 5257 2492 5318 menta.
2526 5257 2638 5331 Ego
2677 5277 2798 5316 cum
2842 5257 3116 5315 soliditate
3146 5258 3560 5331 subtilissimum
3596 5257 3873 5331 arbitror.

2287 5349 2449 5403 quam
2498 5327 2659 5389 etiam
2705 5333 2985 5402 amplexus
3033 5338 3351 5403 est‘noster
3401 5327 3727 5403 gajetanus,
3783 5329 3880 5380 vir

2287 5398 2432 5460 certe
2460 5404 2604 5458 acris
2628 5398 2828 5472 ingenii
2851 5403 2905 5456 in
2933 5401 3182 5472 venando
3213 5415 3377 5455 sensu
3411 5398 3659 5459 litterali,
3695 5413 3874 5472 quem

2287 5490 2454 5530 unum
2483 5475 2594 5532 fere
2636 5469 2899 5530 sectatur.
2941 5471 3078 5526 Puto
3109 5482 3288 5526 tamen
3311 5485 3419 5524 non
3450 5481 3577 5521 esse
3629 5469 3884 5522 restrin-

2283 5547 2514 5618 gendam
2564 5543 3310 5618 apostolicantsententiam,
3359 5539 3652 5618 ad_solam
3713 5540 3882 5618 illam

2285 5609 2684 5672 Methodianam
2726 5613 3140 5687 expositionem,
3189 5625 3365 5683 neque
3415 5609 3470 5665 id
3503 5610 3888 5733 οοιιιαῧιιιιξεο

3703 5695 3734 5733 e
3809 5695 3884 5732 o-

3703 5695 3884 5734 etno-

651 4913 662 4925 .
697 4842 823 4925 (34)_
870 4842 975 4925 Nec
1003 4848 1252 4925 Apraimiu
1279 4850 1644 4925 reciperemus,
1685 4853 1790 4901 etc.
1825 4845 1979 4925 Apud
2043 4841 2188 4925 Plio-

622 4913 830 4995 tiumﬁ
865 4913 1049 4995 Ξμοιὸ.
1107 4913 1488 4995 ηοεῑίιιιίιιίυεη
1517 4918 1637 4971 οὐδέ
1679 4933 1770 4995 ἐκ
1829 4913 2044 4995 codice.
2072 4913 2188 4995 S_ir-

623 4983 835 5065 mundi.
865 4983 1086 5040 Tractat
1124 4988 1226 5042 ista
1258 4987 1562 5044 Methodius
1585 5004 1640 5042 n.
1675 4986 1743 5042 56
1775 4985 1915 5057 apud
1946 4984 2188 5055 Epipha-

621 5068 796 5109 mum.

679 5123 806 5206 βξ)
831 5123 1126 5206 §ciendu_m,
1155 5139 1258 5184 etc.
1298 5129 1378 5206 ita
1417 5128 1621 5206 passim
1667 5127 2094 5206 Cl1_ryso§tomus
2131 5131 2187 5206 et

619 5193 734 5249 alii.
758 5193 966 5250 Iudicat
991 5198 1154 5252 etiam
1181 5193 1438 5269 propheta
1469 5199 1577 5254 illis
1610 5193 1798 5269 verbis
1817 5215 1828 5248 :
1867 5195 2182 5264 Superuenit

617 5269 1047 5339 mansuetudo_et
1085 5267 1446 5339 corripiemur,
1489 5279 1595 5323 etc.
1642 5267 1988 5323 Acceleratas
2037 5281 2186 5339 mor-

615 5343 702 5410 tes
724 5336 1081 5410 quorumdam
1114 5333 1384 5410 singulari
1417 5339 1678 5394 beneficio
1721 5339 1974 5410 legimus,
2007 5333 2183 5410 ut_Jo-

614 5407 733 5470 site,
762 5414 867 5479 etc.
895 5406 1166 5479 Interpres
1188 5406 1328 5479 male
1373 5409 1477 5463 ista
1513 5406 2136 5479 sequentiliusdcorgulat
2165 5420 2180 5456 :

614 5479 788 5549 v‘elut_
789 5478 880 5532 illa
911 5475 1096 5532 dicant
1140 5479 1230 5534 alii
1266 5478 1476 5549 Patres,
1503 5475 1609 5534 non
1640 5480 1838 5549 priora_
1854 5475 2185 5549 illa__Metho-

615 5547 712 5629 dii.
749 5546 851 5629 Est
871 5549 1029 5620 plane
1058 5550 1192 5605 illud
1240 5548 1397 5629 είπερ
1425 5545 1782 5619 epiphonema
1811 5545 2015 5629 Photii,
2044 5561 2181 5616 qua-

615 5615 912 5702 lialpffss’i‘m
939 5630 1224 5702 auctorum
1251 5615 1414 5702 dictis
1433 5615 1756 5702 ceu—Icensor
1775 5615 2036 5673 annectit.

688 5680 796 5758 (56)
822 5689 973 5754 Quod
1000 5693 1226 5759 primum
1253 5691 1308 5744 in
1335 5690 1644 5760 Apostolum
1671 5689 1869 5760 dicere,
1893 5698 1998 5760 etc.
2029 5685 2082 5738 τί
2110 5680 2178 5756 ἦν

615 5752 752 5833 ᾗπερ
780 5752 1060 5833 ἄτρωτον...
1077 5752 1430 5833 προήχθημεν
1449 5762 1641 5833 εἰπεῖν.
1673 5757 1836 5833 Plura
1853 5758 1964 5833 jam
1984 5756 2036 5810 in
2055 5752 2177 5810 eum

619 5820 796 5878 locum
827 5820 1255 5902 'disputave'rat':
1288 5820 1435 5889 v'élut
1480 5828 1810 5904 Origeniana
1853 5820 2167 5890 destruens,

2347 5821 2459 5894 (ὅτ)
2501 5821 2734 5895 ’Υφαίμ
2765 5821 2849 5876 Al.
2888 5822 3097 5890 ὕφεσις.
