3962 6278
212 303 323 358 2'94
1310 307 1400 362 EX
1443 308 1643 364 LIBRI.)
1679 307 1765 363 DE
1802 307 2402 368 RESUIlIlECTlONE.
3351 325 3457 379 21:3

210 402 397 473 χωρίς
429 404 616 466 νόμου
668 402 845 458 ποτέ*
904 403 1002 476 τὴν
1052 402 1168 457 ἀνω
1220 406 1278 457 ἐν
1325 404 1403 475 τῷ
1462 406 1772 478 παραδείσῳ

1897 414 1997 459 tem
2028 407 2257 461 vivebam
2288 410 2401 463 sine
2418 409 2527 480 lege
2552 411 2835 481 aliquando
2863 430 2880 468 :
2916 429 3075 486 quam
3108 416 3237 470 olim
3285 422 3339 472 in
3374 437 3462 489 pa-

208 495 470 569 καθάπερ
492 496 551 562 ἐξ
579 497 755 568 ἀρχῆς
787 496 1114 568 ὑπεθέμεθα,
1149 497 1255 568 πρὸ
1291 497 1391 570 τῆς
1427 498 1665 568 ἐντολῆς,
1694 500 1772 552 οὐ)

1894 499 2097 564 radiso,
2120 501 2177 554 in
2224 502 2414 570 primis
2443 505 2781 571 parentibus,
2819 514 2945 562 ante
2969 515 3319 578 praeceptum,
3349 526 3459 565 non

205 586 373 650 ἐκτὸς
411 585 679 657 σώματος,
721 586 857 641 ἀλλά
906 586 1041 659 μετά
1090 586 1339 659 σώματος
1368 588 1542 660 ἡμῶν,
1586 592 1644 644 ἐν
1682 592 1793 653 τοῖς

207 679 660 750 πρωτοπλάστοις
694 679 966 752 διαγωγὴν
1009 682 1311 753 παρεγγυᾷ.
1342 682 1531 747 Ἑκτδς
1568 682 1624 736 δὲ
1669 684 1790 735 ἐπι-

205 772 415 844 θυμίας
456 774 744 847 διήγομεν,
798 775 860 827 at)
910 773 1267 842 γινώσκοντες
1319 775 1453 839 ὅλως
1500 774 1792 846 ἐπιθυμίας

205 866 541 937 προσϐολάς.
576 867 649 920 Τὸ
679 866 787 937 7&9
839 866 913 940 μὴ
959 866 1101 938 ἔχειν
1124 868 1422 939 διορισμὸν,
1470 867 1594 923 καθ’
1627 868 1685 921 ὃν
1712 869 1793 922 δεῖ

204 958 589 1013 πολιτεύεσθαι
607 976 623 990 θ
681 958 814 1032 μηδὲ
859 958 1108 1023 ἐξουσίαν
1148 959 1534 1014 αὐτοδὲσποτον
1585 958 1786 1029 λογίου,

202 1046 354 1119 ποίῳ
379 1047 460 1102 δεῖ
484 1049 713 1121 χρῆσθαι
738 1049 1111 1121 πολιτεύματι,
1151 1050 1238 1104 ἵνα
1274 1049 1496 1114 δικαίως
1521 1050 1555 1122 ἢ
1587 1050 1786 1123 τιμηθῇ

201 1136 240 1208 ἦ
282 1138 492 1211 ψεχθῇ,
551 1140 915 1195 ἀνυπεύθυνον
969 1141 1169 1206 παντὸς
1223 1141 1470 1196 λέλεκται
1524 1141 1788 1212 ὑπάρχειν

201 1230 371 1285 τοῦτο
405 1232 766 1305 ἐγκλήματος.
792 1234 911 1287 Ὅτι
946 1233 1020 1306 μὴ
1045 1234 1268 1289 δύναται
1307 1234 1510 1288 τούτων
1546 1252 1630 1298 τις
1667 1237 1787 1288 ἐπι-

203 1325 477 1398 θυμῆσαι,
508 1320 583 1380 ὧν
609 1327 682 1399 μὴ
729 1326 1061 1381 κεκώλυται’
1101 1326 1204 1382 κᾶν
1236 1326 1548 1399 ἐπιθυμήσῃ
1585 1324 1662 1388 δὲ,
1688 1327 1786 1379 οὐκ

203 1416 604 1490 αίτιαθήσεται.
640 1417 713 1471 Τὸ
743 1416 852 1489 γὰρ
879 1416 1214 1488 ἐπιθυμῆσαι
1244 1417 1343 1471 οὐκ
1370 1416 1462 1469 ἐπὶ
1502 1415 1608 1469 τῶν
1650 1432 1787 1487 παρ-

202 1510 383 1565 όντων
455 1512 567 1566 καὶ.
606 1510 978 1583 ὑποκειμένων
1024 1512 1081 1563 ἐν
1132 1509 1349 1583 ἐξουσίᾳ
1393 1509 1601 1573 πίπτει,
1648 1508 1783 1563 ἀλλά

202 1604 304 1657 ἐπὶ
334 1603 442 1657 τῶν
465 1603 745 1675 παρόντων
778 1604 898 1675 μὲν,
933 1603 1008 1676 μὴ
1040 1603 1207 1657 ὄντων
1230 1603 1276 1656 δ’
1309 1603 1365 1656 ἐν
1393 1601 1630 1674 ἐξουσία.
1658 1600 1784 1664 Πῶς

1894 593 2142 663 corporis
2173 602 2443 663 expertes.
2471 596 2564 651 sed
2589 614 2712 652 cum
2740 614 2987 669 corpore,
3013 600 3348 658 ducebamus
3379 620 3462 658 vr-

1895 690 2025 744 tam,
2081 682 2372 753 signiﬁcat,
2407 685 2860 754 quemadmodum
2888 688 3178 746 docuimus
3219 690 3274 745 in
3304 707 3460 763 supe-

1891 774 2151 829 rioribus.
2188 773 2360 831 Porro
2384 775 2654 832 immunes
2688 782 2980 850 agebamus
3012 796 3043 835 a
3064 784 3458 853 concupiscen-

1893 866 1988 930 tia,
2037 882 2106 921 ne
2154 867 2266 922 ullo
2290 868 2506 937 quidem
2570 872 2731 927 modo
2791 872 3029 930 insultus
3068 874 3186 939 ejus
3238 878 3458 947 vimque

1893 952 2149 1008 scientes.
2180 952 2393 1010 Etenim
2418 972 2528 1013 non
2558 958 2756 1015 habere
2786 961 2853 1015 ad
2885 963 3045 1031 cujus
3077 968 3455 1036 praescriptum

1889 1045 2046 1101 vivas
2072 1085 2087 1110 ,
2116 1061 2294 1117 neque
2313 1049 2620 1119 explicandi
2648 1054 2790 1123 jussi
2826 1054 2995 1110 divini
3020 1058 3149 1129 (quo
3178 1069 3339 1131 pacto
3370 1063 3454 1116 vi-

1889 1136 2122 1190 vendum
2178 1138 2272 1204 sit,
2320 1148 2378 1194 ut
2402 1142 2488 1196 vel
2534 1144 2717 1201 debito
2769 1150 2994 1218 praemio
3032 1150 3306 1217 alliciaris,
3369 1152 3454 1208 vel

1889 1226 2187 1301 damneris)
2237 1230 2543 1288 absolutam
2576 1238 2801 1294 omnino
2845 1248 3202 1309 potestatem,
3250 1242 3354 1299 hoc
3385 1244 3454 1297 ab

1887 1320 2037 1373 omni
2061 1320 2287 1377 crimine
2319 1322 2569 1380 absolvit.
2593 1326 2727 1381 Nam
2752 1346 2911 1387 nemo
2927 1335 3282 1407 concupierit,
3305 1337 3451 1405 quod

1889 1424 1995 1464 non
2019 1416 2104 1465 est
2137 1413 2358 1468 vetitum
2387 1433 2404 1473 :
2428 1430 2529 1471 nec
2558 1432 2688 1473 vero
2708 1421 2811 1474 etsi
2845 1424 3451 1493 concupierincrimini

1886 1501 2123 1560 dabitur.
2180 1504 2389 1577 Cupere
2420 1510 2563 1563 enim
2621 1525 2730 1565 non
2761 1512 2817 1567 in
2851 1528 2916 1569 ea
2963 1516 3129 1581 cadit,
3162 1533 3282 1587 qua:
3304 1534 3449 1588 prae"

1887 1596 2084 1661 sentin,
2118 1597 2174 1651 in
2205 1607 2393 1654 nostra
2443 1610 2709 1670 potestate
2733 1612 2861 1659 sunt
2894 1625 2906 1660 :
2975 1607 3068 1662 sed
3125 1608 3179 1663 in
3218 1625 3282 1664 ea
3328 1627 3451 1681 quae

203 1696 318 1767 7&9
345 1688 407 1750 οὗ
439 1696 510 1769 μὴ
544 1695 846 1751 κεκώλυται
873 1714 976 1761 τις,
1011 1695 1143 1767 μηδὲ
1175 1695 1361 1766 ἐνδεής
1404 1695 1539 1757 ἐστι,
1592 1692 1772 1747 τούτου

1884 1686 2104 1755 quidem
2135 1690 2426 1759 prazsentia
2469 1700 2616 1756 sunt,
2661 1709 2771 1749 non
2803 1704 2983 1751 tamen
3014 1706 3141 1753 sunt
3170 1700 3225 1754 in
3259 1713 3449 1758 nostra

200 1765 342 1860 ἐρᾷ;
373 1765 509 1842 ὅθεν-
538 1787 628 1843 διά
662 1787 820 1842 τοῦτο
854 1787 970 1857 τὴν
1004 1765 1323 1858 ἐπιθυμίαν
1358 1789 1468 1841 οὐκ
1514 1785 1701 1856 ᾔδειν,
1732 1786 1772 1838 ε]

1886 1783 2171 1844 potestate.
2230 1778 2515 1846 Quomodo
2540 1784 2684 1838 enim
2730 1785 2850 1855 ejus
2878 1788 3147 1858 quispiam
3177 1790 3448 1850 desiderio

199 1882 287 1952 μὴ
315 1885 348 1935 ὀ
377 1883 562 1952 νόμος
600 1882 839 1951 ἐλεγεῖα
884 1882 1004 1935 Οὐκ
1044 1879 1449 1950 ἐπιθυμήσεις.
1494 1878 1785 1933 ’Δκοὺσαν-

199 1991 297 2039 τες
327 1975 465 2048 γάρ·
507 1974 638 2030 Ἀπὸ
664 1974 734 2028 δὲ
757 1973 862 2028 τοῦ
892 1972 1081 2039 ξύλου
1109 1970 1217 2025 τοῦ
1252 1971 1564 2043 γινώσκειν
1595 1970 1786 2025 καλὸν

200 2068 302 2122 καί
356 2067 626 2137 πονηρὸν
672 2068 744 2120 οὐ
788 2065 1050 2135 φάγεσθε
1090 2063 1191 2118 ἀπ’
1239 2062 1446 2118 αὑτοῦ.
1480 2055 1564 2135 ᾞ
1608 2062 1667 2116 δ’
1709 2060 1786 2115 ἂν

200 2160 395 2230 ἡμέρᾳ
435 2159 664 2232 φάγητε
706 2158 809 2213 ἀπ’
846 2156 1053 2220 αὐτοῦ,
1094 2153 1326 2220 θανάτῳ
1359 2153 1752 2210 ἀποθανεῖσθε
1765 2174 1779 2186 ο

198 2252 324 2306 τότε
363 2252 425 2306 τὸ
466 2250 804 2323 ἐπιθυμῆσαι
853 2248 1164 2313 συνέλαϐον,
1194 2247 1290 2301 καὶ
1330 2246 1648 2318 ἐκίσσησαν.
1692 2245 1783 2299 Διὸ

197 2344 266 2417 δὴ
302 2344 422 2414 Τὴν
445 2344 761 2415 ἐπιθυμίαν
800 2340 981 2406 καλῶς
1013 2342 1132 2395 ὀὐκ
1161 2338 1329 2410 ᾔδειν
1368 2338 1579 2410 ἐλέχθη,
1615 2340 1667 2392 εί
1693 2336 1780 2407 μὴ

201 2437 238 2488 ὁ
275 2436 461 2505 νόμος
505 2437 742 2505 ἔλεγεν·
789 2435 910 2487 Οὐκ
948 2431 1365 2503 ἐπιθυμήσεις·
1395 2430 1516 2483 οὐδὲ
1558 2428 1777 2493 ἐσθίειν,

203 2527 255 2578 εί
295 2525 372 2597 μὴ
400 2526 616 2597 εἴρητο·
663 2524 761 2594 Μὴ
814 2523 1073 2594 φὰγ-εσθε
1108 2524 1208 2579 ἀπ’
1251 2522 1457 2577 αὑτοῦ.
1501 2522 1779 2575 Ἐντεῦθεν

202 2616 313 2689 γάρ
340 2618 612 2688 ἐκτήσατο
641 2616 890 2689 ἀφορμὴν
913 2617 994 2680 εἰς
1028 2616 1090 2669 τὸ
1123 2614 1400 2680 διαπαῖξαί
1444 2631 1509 2686 με
1540 2616 1573 2686 ἡ
1603 2615 1780 2685 ἀμαρ-

199 2707 308 2761 τία.
350 2707 614 2778 Δοθείσης
642 2707 751 2778 γὰρ
779 2706 878 2777 τῆς
905 2705 1142 2778 ἐντολῆς,
1179 2705 1303 2777 ἔσχε
1341 2705 1509 2778 λαϐὴν
1537 2707 1567 2758 ὁ
1601 2705 1780 2759 διάδο-

197 2798 285 2865 λος
320 2798 771 2872 κατεργάσασθαι
817 2801 875 2853 ὲν
920 2798 1044 2870 ἐμοὶ
1088 2798 1186 2870 τὴν
1231 2796 1550 2869 ἐπιθυμίαν
1590 2798 1779 2867 Χωρίς

197 2895 304 2964 γὰρ
356 2895 553 2963 »νόμου
609 2894 647 2961 ἡ
686 2892 939 2962 ἁμαρτία
990 2890 1193 2959 νεκρά.
1248 2886 1378 2945 Οἷα·
1415 2891 1489 2945 Οὐ
1533 2889 1778 2963 δοθείσης

207 2986 314 3059 γὰρ
340 2985 442 3056 τῆς
478 2984 720 3055 ἐντολῆς,
768 2983 1047 3055 ἄπρακτος
1072 2978 1139 3054 ἦν
1165 2984 1198 3052 ή
1238 2982 1499 3054 ἁμαρτία.
1534 2981 1675 3051 Ἐγὼ
1716 2981 1778 3036 δέ

210 3076 342 3143 ἔζων
371 3077 474 3149 πρὸ
499 3078 596 3149 τῆς
616 3076 833 3148 ἐντολῆς
854 3075 1157 3147 ἀμέμπτως
1180 3072 1333 3145 (57‘),
1364 3074 1464 3127 οὐκ
1492 3073 1629 3146 ἔχων
1657 3075 1775 3127 ἐπι-

207 3126 1659 3239 animi?me;“nienses:13.0.3...
1702 3164 1771 3219 δὲ
1800 3126 1841 3184 ο

208 3256 315 3326 τῆς
336 3258 607 3327 ἐντολῆς,
649 3260 688 3328 ή
721 3258 973 3329 ἁμαρτία
1002 3256 1309 3326 ἀνέζησεν.
1346 3255 1492 3327 Ἐγὼ
1528 3254 1595 3308 δὲ
1619 3256 1768 3310 ἁπέ-

204 3352 408 3405 θανονο
453 3348 554 3404 καί
593 3348 805 3419 εὑρέθη
844 3349 884 3419 ἡ
925 3347 1166 3417 ἐντολὴ,
1201 3350 1239 3417 ἠ
1272 3350 1359 3414 είς
1406 3346 1577 3416 ζωὴν,
1614 3348 1767 3417 αὕτη

201 3443 286 3507 εἰς
317 3440 593 3496 θάνατον.
630 3441 750 3495 ’Ότι
791 3440 929 3512 μετὰ
976 3440 1037 3493 τὸ
1076 3439 1433 3511 νομοθετῆσαι
1482 3439 1572 3493 τὸν
1614 3440 1766 3503 Θεὸν,

202 3532 291 3586 καὶ
315 3532 717 3587 διαστείλασθαί
753 3549 842 3604 μοι
871 3532 906 3587 ἃ
939 3532 1207 3604 ποιητέον,
1238 3533 1333 3585 καὶ
1382 3532 1457 3604 μὴ
1492 3532 1763 3603 ποιητέον,

201 3627 589 3698 κατειργάσατο
628 3628 685 3679 ἐν
731 3626 852 3697 ἐμοὶ
880 3626 978 3697 τὴν
1010 3625 1299 3696 ἐπιθυμίαν
1335 3626 1363 3678 ὁ
1395 3624 1658 3689 διάϐολος.
1701 3624 1766 3677 Ἠ

204 3716 310 3789 γὰρ
334 3719 634 3788 ἐπαγγελία
681 3718 773 3773 τοῦ
828 3717 962 3772 θεοῦ
1007 3720 1041 3789 ἠ
1078 3717 1291 3771 δοθείσά
1341 3735 1450 3789 μοι,
1503 3716 1641 3787 αὕτη
1687 3719 1768 3781 είς

210 3805 348 3877 ζωὴν
388 3810 479 3863 καὶ
520 3808 849 3880 ἀφθαρσίαν,
883 3808 991 3870 ἵνα,
1023 3807 1337 3879 πειθόμενος
1365 3807 1522 3878 αὐτῇ,
1555 3806 1767 3861 ἀειθάλ-

209 3896 360 3952 λοντα
390 3899 528 3970 πρὸς
558 3897 852 3959 ἀθωασίαν
882 3896 994 3967 βίον
1031 3896 1157 3967 ἔχω,
1211 3897 1306 3950 καὶ
1345 3897 1546 3967 χαράν’
1575 3895 1767 3966 ἀθετή-

209 4006 355 4044 σαντι
379 3991 564 4063 αὐτὴν,
595 3992 675 4054 είς
715 3988 942 4044 θάνατον
970 3988 1169 4059 ἀπέϐη.
1209 3987 1423 4059 Ἐπειδὴ
1448 3989 1476 4040 δ
1501 3986 1761 4051 διάϐολος,

202 4079 262 4137 ὃν
286 4084 549 4155 ἁμαρτίαν
574 4075 667 4137 νῦν
688 4076 844 4144 οὗτος
871 4078 1093 4135 ἐκάλεσε
1122 4077 1209 4132 διά
1228 4077 1289 4131 τὸ
1317 4077 1640 4149 δημιουργὸν
1668 4077 1765 4130 αὐ-

1884 1867 2219 1934 exardescat,
2249 1885 2279 1923 a
2318 1886 2426 1940 quo
2456 1887 2564 1927 non
2591 1883 2828 1939 arcetur,
2860 1885 2913 1931 et
2938 1879 3083 1947 quod
3104 1880 3325 1936 minime
3351 1898 3446 1938 ne-

1884 1960 2187 2015 cessarium
2251 1962 2484 2017 habeat?
2546 1965 2670 2020 Ideo
2737 1969 2921 2038 igitur,
2970 1972 3445 2039 concupiscentiam

1884 2052 2232 2116 nescioissem,
2266 2055 2371 2109 nisi
2413 2056 2496 2109 lea:
2548 2055 2769 2111 dixisset
2797 2075 2810 2087 °
2848 2059 2971 2115 Non
3010 2065 3339 2130 concupisces
3370 2067 3440 2121 δι.

1882 2140 2020 2196 Nam
2041 2158 2165 2197 cum
2194 2145 2532 2203 audivissent
2563 2167 2576 2201 :
2608 2148 2681 2202 De
2708 2150 2846 2221 ligno
2903 2162 3076 2207 autem
3102 2158 3446 2225 cognoscendi

1884 2233 2075 2290 bonum
2103 2245 2153 2291 et
2190 2237 2412 2303 malum,
2449 2256 2553 2294 non
2588 2242 2751 2297 edetis
2782 2243 2845 2297 de
2867 2244 2978 2299 illo.
3012 2245 3131 2311 Qua
3166 2249 3251 2302 die
3270 2260 3445 2304 autem

1880 2329 2093 2383 ederitis
2114 2344 2179 2384 ea:
2207 2345 2286 2396 eo,
2317 2341 2483 2385 morte
2528 2336 2825 2390 moriemini
2878 2338 2958 2405 5';
2990 2346 3122 2394 tunc
3177 2355 3443 2413 concepe-

1879 2427 2010 2473 runt
2037 2421 2559 2491 concupiscentiam,
2595 2425 2944 2497 improbeque
3005 2444 3068 2484 ac
3098 2430 3272 2485 instar
3300 2448 3438 2502 prato

1879 2512 2098 2583 gnantis
2129 2514 2491 2583 appetierunt.
2519 2514 2644 2570 Ideo
2674 2518 2810 2574 bene
2833 2519 3037 2575 dictum
3066 2531 3151 2578 est
3180 2542 3192 2577 :
3236 2524 3443 2580 Concu-

1877 2602 2187 2672 piscenliam
2207 2606 2558 2672 nescivissem,
2602 2609 2706 2662 nisi
2738 2609 2824 2663 lea:
2847 2611 3066 2666 dixisset
3099 2629 3119 2667 :
3158 2613 3280 2669 Non
3314 2633 3441 2671 con-

1876 2696 2131 2765 cupisces.
2154 2695 2339 2768 Neque
2362 2697 2756 2755 desiderassem
2785 2705 3087 2770 comedere,
3119 2708 3224 2763 nisi
3246 2708 3441 2768 fuisset

1876 2788 2077 2843 dictum
2115 2808 2127 2844 :
2159 2788 2283 2843 Non
2314 2792 2589 2847 comedetis
2619 2809 2685 2848 ea:
2710 2811 2790 2849 eo.
2820 2794 2958 2852 Hinc
2985 2802 3129 2854 enim
3161 2814 3438 2872 peccatum

1875 2881 2010 2935 mihi
2041 2881 2305 2938 illudendi
2331 2884 2671 2940 occasionem
2695 2889 2920 2957 accepit.
2953 2888 3087 2947 Dato
3112 2895 3257 2949 enim
3284 2911 3440 2952 man-

1873 2972 2022 3038 dato,
2068 2974 2255 3029 habuit
2301 2975 2550 3033 diabolus
2594 2993 2702 3050 quo
2731 2978 2786 3033 iu
2837 2996 2922 3036 me
2944 2986 3439 3055 concupiscentiam

1875 3072 2149 3131 operetur.
2187 3063 2313 3120 Sine
2347 3065 2454 3138 lege
2489 3067 2627 3121 enim
2659 3078 2925 3138 peccatum
2948 3083 3211 3130 mortuum
3233 3089 3347 3132 erat
3365 3080 3432 3135 ⁵³.

1877 3151 2035 3209 Velut
2058 3154 2384 3212 dicatzNon
2433 3158 2562 3213 data
2604 3160 2751 3215 enim
2793 3163 2907 3234 lege
2960 3175 3243 3235 peccatum
3287 3171 3434 3226 velut

1873 3244 2119 3302 inefficax
2144 3256 2280 3303 erat.
2314 3248 2426 3320 Ego
2480 3259 2660 3306 autem
2699 3261 2823 3308 ante
2883 3266 3209 3327 praeceptum
3240 3260 3430 3326 latum,

1872 3337 2407 3408 irreprehensibilem
2457 3344 2623 3399 vitam
2662 3347 2907 3416 agebam,
2947 3355 3004 3401 ut
3051 3350 3144 3419 qui
3180 3366 3426 3405 normam

1875 3445 1985 3484 non
2009 3430 2260 3488 haberem
2285 3438 2586 3492 secundum
2616 3453 2778 3508 quam
2802 3441 3061 3495 viverem.
3093 3440 3195 3496 Sed
3211 3459 3330 3496 cum
3356 3460 3434 3498 ve-

1872 3523 2035 3577 nisset
2068 3524 2374 3580 mandatum
2392 3567 2404 3591 ,
2437 3538 2706 3597 peccatum
2736 3532 2939 3585 revixit.
2968 3531 3078 3601 Ego
3101 3542 3273 3587 autem
3295 3551 3435 3589 mor-

1873 3621 1994 3668 tuus
2030 3631 2147 3669 sum
2174 3633 2191 3669 :
2215 3626 2264 3669 et
2293 3618 2558 3673 inventum
2576 3630 2652 3675 est
2684 3623 2809 3675 mihi
2835 3623 3143 3677 mandatum
3171 3627 3307 3695 quod
3317 3637 3432 3682 erat

1872 3706 1942 3759 ad
1965 3708 2144 3771 vitam,
2163 3707 2258 3762 hoc
2283 3725 2396 3764 esse
2427 3711 2498 3764 ad
2533 3725 2753 3767 mortem
2781 3714 2848 3768 “.
2893 3713 3025 3768 Nam
3052 3726 3173 3785 post
3198 3719 3367 3790 legem
3400 3736 3431 3775 a

1863 3799 1982 3854 -Deo
2021 3802 2205 3865 latam,
2248 3809 2303 3859 et
2360 3812 2647 3876 postquam
2694 3805 2796 3860 fuit
2828 3807 2882 3862 in
2929 3810 3196 3867 mandatis
3245 3811 3430 3868 datum

1870 3893 1999 3963 quid
2027 3892 2335 3950 faciendum
2373 3904 2521 3951 esset
2552 3911 2729 3965 quove
2779 3898 3183 3966 abstinendum,
3234 3919 3431 3973 opera-

1864 3991 1960 4038 tus
2019 3991 2103 4039 est
2153 3987 2210 4038 in
2272 3999 2359 4040 me
2402 3987 2900 4056 concupiscentiam
2941 3987 3209 4046 diabolus.
3273 3991 3429 4059 Quod

1868 4076 2016 4132 enim
2042 4092 2074 4130 a
2102 4076 2211 4132 Deo
2244 4077 2312 4131 ad
2334 4077 2501 4132 vitam
2545 4086 2600 4134 et
2622 4078 3085 4150 incorruptionem
3111 4085 3427 4142 mandatum

269 4237 307 4269 ⁸¹
332 4238 601 4302 Rom.vu,
636 4237 686 4291 7.
760 4236 806 4269 “
833 4233 959 4291 Gen.
995 4249 1056 4301 ιι,
1084 4234 1171 4288 l7.
1245 4232 1292 4265 ⁵³
1320 4231 1472 4287 Rom.
1515 4247 1611 4296 vn,
1636 4231 1690 4286 8.
1757 4230 1803 4263 ”
1822 4230 1951 4286 ibid.
1986 4230 2041 4298 9,
2070 4231 2155 4288 10.

208 4393 544 4465 Methodium,
582 4402 645 4450 ut
669 4408 848 4465 neque
881 4392 1332 4465 Chrysostomum
1359 4396 1416 4445 et
1463 4388 1601 4465 alios
1629 4403 1759 4444 cono
1794 4392 1838 4445 ι)
1867 4388 2041 4465 pluris
2064 4387 2214 4455 facit,
2236 4388 2584 4465 impugnatio
2605 4406 2669 4447 ex
2700 4392 2793 4447 illo
2824 4394 3019 4465 capite.
3048 4393 3236 4449 Solum
3270 4396 3428 4451 vidi-0

210 4464 437 4522 tendisse
460 4459 738 4530 existimo,
760 4459 1150 4530 restringenda
1195 4462 1261 4515 ad
1303 4474 1462 4516 suum
1516 4459 1757 4530 ipsorum

213 4550 416 4591 sensum
441 4538 602 4592 verba
624 4527 957 4605 apostolica.
974 4527 1160 4605 Fuerit
1175 4546 1305 4605 ergo
1322 4527 1758 4585 locutus'Paulus

214 4604 487 4675 universim
511 4609 579 4662 de
600 4602 807 4675 exlege.
839 4604 1017 4674 qualis
1038 4602 1368 4675 fuitprimus
1391 4614 1608 4675 parens,
1632 4608 1758 4675 ante

217 4674 351 4753 illud
368 4686 681 4753 praeceptum
723 4670 834 4730 non
859 4670 1179 4753 comedendi
1207 4670 1455 4753 debligno
1483 4672 1754 4753 scientiae,

216 4744 355 4813 quod
371 4741 619 4800 nimirum
639 4754 848 4815 spectat
873 4743 939 4799 ad
972 4745 1139 4813 legem
1163 4741 1448 4815 positivam
1474 4741 1757 4815 :‘fuerunt-

219 4812 318 4893 que
347 4814 579 4893 hamincs
608 4812 763 4893 .ante
791 4814 994 4886 Moysis
1034 4812 1226 4893 lcgem,
1261 4812 1755 4893 quodetiamnspe-

221 4880 328 4937 ctat
344 4883 407 4954 ad
435 4888 589 4939 multa
602 4885 741 4954 juris
767 4880 978 4940 natura:
1008 4880 1187 4939 minus
1213 4880 1362 4937 nota.
1392 4880 1753 4946 lisomnibus,

223 4953 357 5024 quod
382 4965 572 5034 spectat
595 4953 660 5010 ad
692 4955 1104 5034 ejursmodbngn
1134 4959 1422 5034 praecepta,
1477 4961 1753 5034 mortuum

222 5023 349 5103 erat_
370 5033 667 5093 peccatum;
713 5023 857 5103 sive-
882 5024 1554 5103 diabolumniiicentorem
1600 5023 1750 5103 illum

224 5093 561 5148 extrinsecum
610 5092 773 5151 sensu
807 5093 1157 5151 Methodiano
1192 5092 1579 5161 intelligamus,
1637 5093 1752 5146 sive

225 5165 689 5232 concupiscentiam
718 5176 772 5221 et
802 5166 1063 5225 fomitem,
1110 5161 1749 5232 incentorenrdomestiw

224 5248 351 5307 cura
370 5231 569 5305 z’vex9&
597 5236 857 5307 ἁμαρτία,
888 5236 1186 5306 ἄπρακτος,
1211 5234 1387 5307 inquit
1424 5231 1749 5307 Methodius,

225 5302 444 5372 inefﬁcax
467 5302 555 5384 aut
582 5302 733 5384 nihil:
768 5302 999 5384 posset}
1028 5322 1200 5375 eoque
1235 5305 1475 5384 ignotum
1495 5302 1752 5384 [formali-

225 5371 325 5437 ter,
344 5388 435 5428 nec
449 5373 544 5428 nisi
565 5371 846 5431 occasione
869 5376 996 5446 legis
1011 5371 1466 5446 cognoscendum.
1495 5371 1585 5426 Sic
1604 5373 1750 5446 enim

226 5456 401 5517 revera
430 5448 763 5514 cognovimus
790 5443 1472 5517 diabolum,'cognovitque
1518 5443 1750 5498 maxime

263 5514 418 5570 rimus
445 5530 643 5582 parens,
678 5525 739 5570 ut
759 5516 897 5571 nihil
934 5517 987 5569 in
1029 5516 1148 5570 istis
1180 5514 1361 5570 minus
1406 5528 1748 5582 consequens

269 5584 409 5638 abeat
437 5584 743 5649 Methodius.
795 5586 1058 5657 nihilique
1106 5587 1178 5640 sit
1226 5584 1545 5652 Justiniani,
1583 5598 1746 5653 quam

296 5739 417 5814 (37‘)
453 5743 785 5813 Ἀμέμπτως.
814 5744 920 5810 AL,
955 5742 1068 5813 βίον
1104 5742 1411 5814 ἄμεμπτον.

514 5841 765 5906 Parum.
808 5844 925 5902 Gn.
963 5840 1198 5903 XVI”.

1865 4458 2133 4534 achillem
2161 4459 2250 4534 cui
2278 4458 2372 4514 uni
2403 4458 2458 4515 et
2490 4460 2674 4516 Estius
2723 4472 2776 4516 et
2809 4458 2905 4517 alii
2930 4479 3087 4519 secus
3138 4467 3427 4534 opinantes

1861 4529 2055 4603 ﬁdunt,
2090 4529 2330 4603 nondum
2379 4539 2712 4603 prostratum
2745 4550 2758 4583 ε
2806 4549 2999 4603 nempe
3027 4529 3424 4590 dissohantiam

1861 4600 2088 4673 alterius
2128 4600 2233 4673 loci
2270 4601 2513 4669 ejusdem
2553 4601 2819 4672 Apostoli,
2848 4600 2957 4673 quo
2984 4606 3082 4668 ait,
3107 4620 3216 4659 non
3253 4603 3425 4661 fuisse

1858 4670 2344 4743 Adamqseductum
2368 4690 2393 4743 κε
2416 4687 2523 4724 non
2551 4670 2677 4743 ergo
2698 4673 2786 4728 hic
2803 4670 3084 4729 seductum
3120 4675 3285 4730 dicit:
3312 4693 3425 4731 non

1858 4754 1988 4811 ergo
2024 4740 2091 4817 de
2121 4756 2180 4794 se
2220 4741 2344 4817 ipso
2366 4740 2697 4817 loquitur'ut
2723 4744 2776 4798 in
2808 4744 3013 4817 Adamo
3051 4758 3177 4802 ante
3230 4761 3425 4817 pecca-

1860 4809 1975 4886 tum
1992 4812 2214 4886 ἐπίσειε.
2248 4809 2536 4886 Enimvero
2558 4810 2734 4886 facile
2770 4816 3085 4884 responderi
3115 4809 3311 4886 potest,
3341 4817 3423 4873 lo—

1861 4882 1953 4950 qui
1992 4881 2095 4936 boc
2118 4879 2237 4951 luco
2264 4879 2492 4951 Baulum
2524 4882 2796 4951 absolute;
2842 4879 3014 4939 altero
3058 4879 3239 4942 adtem
3266 4879 3421 4942 Som-

1860 4949 2143 5019 paratione
2156 4949 2236 5025 _ad
2263 4950 2463 5025 Evam;
2482 4960 2645 5022 atque
2642 4955 2747 5025 _ita
2772 4949 3075 5019 verissime,
3106 4958 3418 5025 seductum,

1858 5028 1912 5074 ct
1937 5037 2045 5077 non
2077 5020 2383 5085 seductum,
2411 5020 2610 5077 dicere.
2642 5021 2767 5077 Fuit
2788 5033 2935 5080 certe
2985 5027 3131 5081 velut
3184 5020 3420 5085 mediate

1858 5092 2136 5169 seductus,
2172 5092 2264 5161 qui
2295 5107 2480 5169 errore
2521 5094 3132 5169 pi'ac_tieo__judicaverit
3171 5100 3421 5169 acquies-

1855 5162 2085 5237 cendum
2132 5163 2457 5237 serpentinze
2510 5162 2574 5218 ac
2608 5162 3288 5237 diabolicaeﬁsuggestioni,
3324 5184 3421 5236 per

1858 5229 2024 5285 Evam
2057 5229 2380 5307 propositae,
2414 5249 2725 5307 quanquam
2748 5236 2960 5307 νοητῶς
2986 5229 3413 5307 ἐῖερεευίιιίἱῖνε,

1857 5316 1966 5355 non
1997 5302 2231 5376 nesciret
2260 5302 2473 5373 suggeri
2523 5302 2679 5367 falsa,
2715 5306 2769 5359 in
2799 5302 2906 5376 quo
2946 5302 3229 5361 velut'non
3254 5308 3417 5361 sedu-

1855 5382 1998 5434 ctus,
2035 5373 2207 5427 videri
2232 5383 2428 5443 potest,
2458 5384 2511 5429 et
2559 5376 2761 5430 dicitur
2804 5373 2835 5429 εἰ
2869 5376 3056 5439 Paulo,
3100 5379 3417 5444 praeferente

1853 5444 2028 5515 virium
2064 5454 2119 5496 ut
2148 5446 2337 5512 majori
2369 5461 2397 5498 a
2426 5453 2640 5510 natura,
2697 5448 2959 5515 sapientia
3014 5448 3227 5499 mulieri
3255 5464 3272 5511 ;
3325 5450 3415 5501 cui

1854 5513 1907 5567 in
1932 5512 2040 5567 Eva
2078 5529 2300 5583 serpens
2325 5516 2403 5570 sic
2436 5516 2591 5571 facile
2620 5512 2869 5576 illusi-rit,
2910 5518 3213 5585 falsumque
3244 5522 3297 5570 et
3330 5518 3415 5571 di-

1852 5585 2134 5640 vinitatem
2160 5585 2525 5642 existimatum
2557 5587 2913 5657 persuaserit.
