3962 6278
602 321 722 377 τ’)θό

1575 317 1634 372 s.
1678 314 2007 416 ΜΕςιἮοοιι
2049 314 2357 371 ΕΡὶΞίΖΟΡΙ
2396 317 2484 372 ET
2526 281 2887 373 Msnr'rnis

3775 318 3867 373 5U

617 441 761 512 gelii.
798 438 866 495 In
899 437 1134 495 omnibus
1159 446 1331 491 autem
1359 454 1693 492 assumamus
1719 447 1925 493 scutum
1956 437 2103 508 fidei,
2127 439 2174 491 in

2298 439 2422 492 Ἐπὶ
2448 438 2599 494 πᾶσι
2613 458 2677 495 τε
2690 441 3080 511 ἀναλάϐωμεν
3095 440 3202 494 τὸν
3217 440 3438 510 θυρεὸν
3453 438 3565 507 τῆς
3584 441 3862 507 πίστεως.

619 550 728 604 qua
748 534 1009 600 possimus
1039 530 1212 582 omnia
1242 529 1345 583 tela
1376 521 1680 602 nequissimi
1712 531 1865 600 ignea
1893 532 2185 602 exstingue-

619 642 677 679 re
708 641 726 678 :
749 634 797 678 et
818 623 1020 694 galeam
1046 620 1270 685 salutis,
1320 630 1369 674 et
1410 620 1648 691 gladium
1671 622 1915 688 spiritus,
1944 624 2080 692 quod
2106 632 2186 676 est

618 715 826 771 verbum
882 712 979 766 Dei
1033 727 1052 765 :
1102 719 1161 763 ut
1213 712 1478 780 possimus
1507 720 1647 765 stare
1677 711 1927 766 adversus
1960 712 2182 767 insidias

616 805 818 861 diaboli
849 805 934 858 διε
961 803 1308 873 cogitationes
1337 803 1461 856 item
1490 802 1778 865 destruere,
1804 812 1853 857 et
1874 819 2077 858 omnem
2103 803 2186 857 al-

620 897 894 950 titudinem
935 894 1270 949 extollentem
1320 911 1373 948 se
1415 893 1664 949 adversus
1710 896 1986 949 scientiam
2025 894 2184 949 Chri-

616 990 687 1043 sti
712 988 776 1043 ε’.
812 988 1075 1054 Quoniam
1098 998 1213 1040 'uon
1255 994 1333 1040 est
1380 985 1530 1040 nobis
1586 986 1891 1040 colluctatio
1935 987 2182 1041 adversus

615 1097 822 1135 carnem
844 1089 891 1133 et
923 1080 1230 1149 sanguinem
1252 1079 1319 1132 “.
1353 1076 1474 1131 Non
1498 1079 1639 1131 enim
1667 1079 1806 1149 quod
1829 1078 1945 1132 volo
1967 1079 2178 1142 bonum,

616 1171 711 1225 hoc
729 1186 862 1241 ago;
889 1168 978 1223 sed
1011 1169 1149 1240 quod
1181 1167 1290 1233 odi,
1319 1167 1453 1222 illud
1502 1169 1663 1238 facio.
1726 1168 1788 1225 Si
1832 1180 2004 1224 autem
2044 1170 2183 1241 quod

618 1261 757 1325 nolo,
796 1260 928 1314 illud
973 1260 1112 1330 facio
1133 1301 1147 1326 ,
1183 1260 1450 1313 consentio
1483 1259 1603 1328 legi,
1640 1261 1887 1329 quoniam
1918 1261 2051 1315 bona
2081 1272 2177 1317 est.

618 1351 772 1405 Nunc
796 1362 972 1406 auten
993 1351 1112 1421 jam
1142 1368 1245 1404 non
1285 1367 1377 1420 ego
1418 1367 1603 1419 operor
1631 1351 1789 1419 illud,
1817 1352 1907 1406 sed
1928 1352 2066 1423 quod
2090 1353 2183 1406 Ita-

616 1445 833 1499 bitatin
860 1461 938 1498 mc
959 1452 1249 1511 peccatum.
1279 1442 1402 1496 Scio
1428 1424 1566 1495 enim
1590 1444 1715 1514 quia
1748 1461 1852 1497 non
1889 1444 2096 1498 habitat
2126 1447 2180 1499 in

615 1554 715 1600 me,
745 1538 839 1590 hoc
868 1545 944 1590 est
967 1536 1023 1588 in
1051 1551 1209 1587 carne
1238 1550 1374 1597 mea,
1408 1534 1597 1588 bonum
1625 1535 1690 1589 ⁸⁷.
1730 1535 1998 1591 Praeclare
2030 1536 2179 1591 islud

615 1629 856 1699 quidem.
890 1626 1211 1681 Meministis
1239 1627 1404 1691 enim,
1454 1627 1595 1696 quod
1630 1629 1883 1696 superius
1916 1627 2018 1682 fuit
2046 1643 2179 1683 con-

616 1728 866 1777 stitutum
906 1739 920 1774 :
960 1726 1020 1772 ut
1053 1734 1118 1772 ex
1148 1733 1254 1788 quo
1280 1718 1515 1787 primum
1564 1719 1729 1773 homo
1763 1720 2044 1785 seductus,
2082 1719 2176 1775 Dei

2288 531 2359 583 ἐν
2387 527 2426 603 ᾖ
2450 531 2831 602 δυνησόμεθα
2869 532 3065 586 πάντα
3090 531 3160 585 τὰ
3179 532 3338 601 βέλη
3370 532 3479 586 τοῦ
3504 532 3783 601 πονηροῦ
3808 535 3868 587 τὰ

2286 621 2677 690 πεπυρωμένα
2698 621 2911 675 σϐέσαι
2932 641 2945 653 υ
2979 622 3078 676 καὶ
3109 620 3222 689 τὴν
3252 621 3743 690 περικεφαλαίαν
3774 623 3867 676 τοῦ

2285 714 2604 781 σωτηρίου,
2622 714 2719 767 καὶ
2737 713 2852 781 τὴν
2865 713 3166 783 μάχαιραν
3181 714 3287 768 τοῦ
3305 716 3678 784 πνεύματος,
3696 714 3734 767 ὅ
3751 716 3866 767 ἐστι

2276 803 2443 873 ῥῆμα
2484 803 2658 858 Θεοίν
2699 805 2847 873 πρὸς
2880 803 2947 857 τὸ
2979 804 3271 858 δύνασθαι
3303 804 3529 874 στῆναι
3565 806 3730 873 πρὸς
3766 805 3865 871 τὴν

2278 893 2594 962 μεθοδείαν
2620 893 2727 947 τοῦ
2756 894 3038 950 διαϐόλου
3058 913 3071 926 ·
3112 897 3443 966 λογισμούς
3473 913 3542 949 τε
3567 898 3861 961 καθελειν,

2284 986 2389 1039 παὶ
2411 984 2533 1041 πᾶν
2547 986 2762 1056 ὕψωμα
2775 989 3167 1057 ἐπαιρόμενον
3183 990 3331 1042 κατὰ
3344 987 3454 1056 τῆς
3468 987 3761 1057 γνώσεως
3772 988 3865 1042 τοῦ

2281 1078 2683 1146 Χριστοῦ.“οτι
2703 1078 2788 1148 μή
2816 1079 2985 1133 ἐστιν
3009 1080 3153 1149 ἡμῖν
3176 1083 3214 1149 ἡ
3239 1079 3402 1148 πάλη
3427 1080 3587 1148 πρὸς
3611 1075 3762 1148 αἷμα
3781 1080 3865 1132 καὶ

2282 1169 2496 1238 σάρκα.
2521 1173 2602 1225 Οὐ
2621 1171 2731 1239 γὰρ
2750 1169 2781 1223 ὃ
2804 1172 2955 1226 θέλω
2978 1172 3252 1240 πράσσω,
3276 1173 3415 1227 ἀλλ’
3436 1172 3467 1226 ὃ
3488 1171 3687 1242 μισῶ,
3701 1174 3863 1228 τοῦτο

2281 1260 2445 1314 ποιῶ.
2456 1265 2525 1314 El
2538 1261 2604 1314 δὲ
2617 1261 2647 1314 ὃ
2661 1264 2732 1316 οὑ
2745 1261 2919 1327 θέλω,
2933 1263 3108 1317 τοῦτο
3138 1261 3306 1326 ποιῶ,
3322 1265 3610 1333 σύμφημι
3623 1263 3709 1329 τῷ
3718 1268 3862 1334 νόμῳ

2282 1352 2367 1407 ὅτι
2391 1354 2575 1419 καλός
2594 1353 2725 1424 (49).
2751 1353 2903 1407 Νυνὶ
2937 1352 3006 1407 δὲ
3034 1356 3144 1408 οὐκ
3170 1355 3258 1408 ἐτι
3437 1351 3863 1424 κατεργάζομαι

2279 1444 2445 1511 αὐτὸ,
2466 1446 2603 1499 ἀλλ’
2616 1447 2653 1514 ἠ
2676 1445 2927 1500 οἰκοῦσα
2943 1446 3012 1500 ἐν
3031 1446 3160 1516 ἐμοὶ
3174 1447 3447 1516 ἁμαρτία.
3457 1442 3609 1500 οῖδα
3630 1452 3766 1515 γὰρ,
3788 1446 3859 1498 ὅτι

2280 1539 2390 1591 οὐκ
2410 1537 2562 1591 οἰκεῖ
2573 1538 2643 1591 ἐν
2656 1538 2807 1607 ἐμοὶ,
2821 1538 3092 1592 τουτέστι
3112 1539 3181 1591 ἐν
3196 1537 3269 1607 τῇ
3285 1538 3465 1607 σαρκί
3476 1555 3633 1607 μου,
3651 1538 3725 1592 τὸ
3741 1538 3861 1607 ἁγα-

2281 1629 2408 1682 θόνσ
2425 1627 2598 1699 ὀρθῶς
2618 1628 2811 1697 λέγων.
2828 1628 3118 1700 Μέμνησθε
3133 1628 3203 1698 γά
3212 1647 3262 1700 ρ,
3276 1628 3351 1693 ὼς
3366 1631 3422 1681 ὲν
3434 1632 3552 1693 τοῖς
3564 1628 3860 1702 ἔμπροσθεν
3956 1642 3957 1657 ‘

2279 1718 2655 1792 διωριζόμεθα,
2687 1719 2780 1790 ἀφ’
2813 1714 2874 1773 οὗ
2923 1719 3012 1772 τὸν
3062 1719 3347 1792 ἄνθρωπον
3378 1718 3746 1790 πλανηθέντα
3778 1721 3854 1791 τὴν

616 1810 928 1865 mandatum
971 1809 1217 1879 violavit,
1255 1810 1401 1873 inde,
1454 1826 1520 1864 ex
1574 1811 1945 1866 inobedientia
2000 1823 2174 1867 ortum

2285 1786 2513 1882 ἐντολὴν⁷
2527 1786 2788 1881 ἀθετῆσαι
2821 1811 3043 1884 συνέϐη,
3075 1786 3322 1866 ἐντεῦθεν
3347 1814 3413 1865 ἐκ
3440 1786 3562 1882 τῆς
3586 1786 3856 1884 imprimi;

617 1910 919 1975 peccatum,
955 1901 1136 1958 sedem
1186 1902 1239 1956 in
1270 1918 1335 1957 eo
1364 1903 1630 1972 posuerit.
1690 1902 1783 1958 Sic
1812 1906 1956 1960 enim
1988 1906 2183 1961 seditio

615 1994 838 2050 conﬂari
866 1994 1031 2066 coapit
1063 1992 1174 2065 (46)
1229 2012 1242 2049 :
1279 2009 1343 2048 ac
1401 1995 1731 2051 turbulentis
1789 1997 2182 2067 agitationibus

614 2087 1142 2159 cogitationibusque
1172 2086 1490 2156 incongruis
1518 2101 1710 2142 sumus
1744 2086 1958 2156 repleti,
1997 2087 2182 2144 divino

613 2181 792 2237 aﬂlatu
818 2182 999 2245 vacui,
1025 2196 1317 2251 rerumque
1343 2179 1397 2234 in
1425 2179 1656 2234 materia
1676 2187 1729 2234 et
1763 2195 2178 2250 corporearum,

610 2290 772 2344 quam
801 2273 1032 2328 callidus
1067 2271 1225 2329 nobis
1257 2286 1486 2341 serpens
1516 2270 1838 2338 insumaret,
1885 2266 2201 2344 Cupiditate

612 2365 777 2435 pleni.
832 2362 973 2418 Hinc
1022 2361 1187 2428 Deus,
1241 2371 1472 2417 mortem
1502 2377 1610 2431 qua
1640 2361 1846 2418 deleret
1872 2373 2177 2434 peccatum,

610 2455 787 2511 nostri
810 2468 977 2510 causa
999 2455 1352 2525 excogitavit,
1381 2465 1437 2507 ut
1468 2469 1536 2508 ne
1570 2457 1625 2507 in
1658 2454 1818 2510 nobis
1855 2456 2177 2513 immortali-

609 2547 734 2615 bus,
761 2546 1215 2616 quemadmodum
1233 2547 1440 2600 dictum
1468 2555 1574 2610 est,
1604 2545 1984 2617 reﬂorescens,
2017 2552 2180 2606 etiam

613 2640 792 2710 ipsum
833 2639 1137 2693 immortale
1168 2647 1334 2694 esset.
1365 2638 1500 2693 Cum
1535 2654 1667 2710 ergo
1717 2640 1792 2694 ait
1831 2640 2129 2711 Apostolus
2161 2662 2175 2700 :

614 2730 739 2786 Scio
766 2732 904 2785 enim
932 2731 1073 2801 quod
1096 2748 1198 2785 non
1230 2730 1437 2784 habitat
1466 2732 1521 2784 in
1553 2748 1654 2793 me,
1689 2731 1785 2787 hoc
1816 2742 1915 2800 est,
1939 2735 1992 2789 in
2025 2753 2181 2792 carne

614 2839 755 2887 mea,
777 2822 988 2891 bonum,
1030 2830 1310 2893 peccatum
1346 2823 1517 2877 voluit
1553 2824 1889 2895 signiﬁcare,
1925 2830 2070 2898 quod
2112 2845 2179 2884 ex

612 2917 706 2971 illa
740 2916 911 2972 divini
947 2916 1183 2971 mandati
1215 2916 1673 2987 transgressione,
1694 2934 1792 2989 per
1823 2920 2179 2990 cupiditatem

611 3006 671 3062 in
703 3021 806 3062 nos
839 3006 1115 3061 invectum
1144 3012 1228 3061 est
1265 3024 1278 3061 :
1332 3021 1400 3062 ex
1459 3022 1591 3077 quo,
1648 3024 1746 3064 ceu
1800 3011 1926 3065 novi
1956 3012 2174 3082 quidam

617 3097 823 3153 surculi
851 3097 1172 3168 voluptariae
1207 3112 1307 3153 nos
1336 3096 1717 3168 cogitationes,
1781 3115 1879 3155 ceu
1941 3105 2172 3173 agmine,
2202 3136 2244 3194 ο

608 3189 969 3243 circumstant
992 3200 1206 3255 semper
1227 3191 1282 3240 et
1310 3184 1583 3240 obsident.
1631 3184 1726 3242 Est
1758 3187 1904 3241 enim
1935 3188 1990 3242 in
2017 3189 2174 3245 nobis

606 3281 808 3352 duplex
843 3279 1238 3352 cogitationum
1273 3293 1445 3349 genus
1478 3296 1493 3332 :
1530 3278 1677 3333 aliud
1704 3280 1850 3351 quod
1905 3296 1970 3335 ex
2018 3283 2173 3353 cupi-

606 3371 774 3426 ditate
800 3370 918 3435 illa,
946 3369 1195 3424 latitante
1219 3368 1275 3422 in
1306 3382 1536 3438 corpore
1578 3368 1805 3423 excitari
1854 3370 2022 3437 solet;
2054 3387 2175 3441 qua:

604 3460 883 3523 nimirum,
942 3467 998 3514 ut.
1042 3459 1175 3523 dixi,
1207 3473 1237 3512 a
1273 3458 1467 3514 fraude
1510 3458 1846 3530 artiﬁcioque
1904 3463 2170 3531 procedit,

603 3551 804 3607 addicti
829 3551 1071 3606 materiae
1098 3550 1323 3622 spiritus
1353 3548 1500 3622 (47);
1537 3550 1682 3605 aliud
1709 3559 1911 3616 autem,
1942 3551 2085 3622 quod
2105 3568 2172 3606 ex

604 3643 721 3714 lege
755 3641 999 3697 mandati
1025 3641 1306 3696 derivatur
1345 3660 1359 3697 :
1401 3644 1541 3715 lege,
1576 3643 1822 3714 inquam,
1867 3644 1980 3707 illa,
2009 3660 2170 3715 quam

605 3734 827 3790 insitam
879 3742 933 3790 et
980 3749 1012 3787 a
1067 3746 1261 3788 natura
1296 3736 1594 3806 ingenitam
1652 3735 1937 3790 hausimus
1976 3753 1988 3788 :
2026 3736 2079 3789 in
2116 3734 2171 3788 id

601 3825 843 3879 animum
868 3822 1192 3879 excitantem
1225 3833 1743 3895 provocantemque,
1783 3825 1928 3895 quod
1959 3832 2041 3880 est
2067 3826 2170 3879 ho-

604 3925 842 3972 nestum.
903 3916 982 3970 Eo
1028 3917 1106 3981 ﬁt,
1148 3926 1208 3972 ut
1259 3924 1441 3973 mente
1473 3917 1693 3988 quidem
1729 3917 2173 3971 condelectemur

605 4008 711 4079 legi
736 4007 829 4062 Dei
864 4026 879 4063 :
911 4007 1016 4061 hoc
1039 4010 1181 4063 enim
1204 4015 1289 4064 est
1315 4008 1478 4064 homo
1512 4010 1602 4064 ille
1640 4009 1873 4064 interior
1904 4027 1917 4063 :
1956 4009 2170 4078 cupidi-

607 4107 722 4153 tate
743 4107 926 4153 autem
958 4115 1079 4169 qua:
1104 4101 1314 4154 habitat
1352 4101 1410 4155 in
1441 4117 1628 4165 carne,
1664 4099 1767 4171 legi
1802 4098 2026 4154 diaboli.
2044 4099 2172 4155 Ilaec

606 4188 754 4244 enim
782 4203 846 4244 ea
872 4189 955 4246 lex
987 4200 1072 4246 est
1106 4191 1247 4263 (48),
1282 4206 1406 4246 cum
1457 4191 1641 4246 divina
1692 4207 1962 4263 pugnans,
2011 4193 2172 4263 eique

605 4280 902 4347 resistens;
948 4280 1025 4334 illi
1064 4281 1324 4335 nimirum
1380 4284 1580 4338 mentis
1616 4282 1673 4336 in
1710 4283 1935 4345 bonum,
1971 4282 2172 4353 impul-

605 4373 783 4440 sioni;
814 4388 936 4445 quae
966 4373 1195 4430 vitiosas
1231 4372 1680 4445 faeculentasque,
1705 4382 1758 4430 et
1791 4375 1859 4431 ad
1906 4375 2171 4447 improbi-

602 4473 767 4522 tatem
796 4466 1092 4538 dissipatas
1116 4464 1481 4540 cogitationes
1504 4466 1776 4537 producit.

669 4575 756 4632 ιιι.
782 4576 1061 4649 Siquidem
1087 4576 1385 4649 Apostolus
1437 4585 1551 4633 tres
1598 4578 1820 4633 omnino
1870 4579 2014 4649 leges
2064 4578 2166 4634 hoc

600 4670 801 4726 inloco
822 4670 1140 4728 distinxisse
1172 4671 1462 4727 manifeste
1514 4669 1747 4725 videtur.
1784 4668 1903 4723 Una
1938 4670 2029 4724 illa
2057 4676 2160 4735 est,

595 4761 752 4832 juxta
788 4762 1010 4818 insitum
1053 4763 1212 4821 nobis
1255 4763 1485 4828 bonum,
1538 4776 1705 4833 quam
1753 4768 1939 4832 aperte
1990 4761 2161 4832 legem

2283 1901 2380 1972 τὴν
2409 1901 2681 1973 ἁμαρτίαν
2713 1901 2981 1955 λαϐοῦσαν
3007 1902 3239 1971 γένεσιν,
3266 1904 3346 1965 εἱς
3367 1902 3537 1955 αὐτὸν
3569 1903 3855 1973 simpuvi-

2283 2008 2389 2045 ναι.
2422 1990 2576 2044 Οὕτω
2626 1990 2734 2062 γὰρ
2785 1990 2973 2054 στάσις
3025 1991 3268 2055 ἐνέπεσε,
3304 1991 3655 2062 σφαδασμῶν
3694 2010 3755 2044 τε
3782 1992 3855 2044 nl

2282 2081 2554 2153 λογισμῶν
2602 2083 2880 2136 ἀνοικείων
2915 2082 3343 2155 ἐπληρώθημεν
3379 2082 3727 2146 κενωθέντες
3779 2084 3853 2153 μὲν

2280 2171 2375 2224 τοῦ
2421 2174 2813 2244 ἐμφυσήματος
2844 2172 2938 2225 τοῦ
2969 2172 3125 2235 Θεοῦ,
3158 2172 3544 2245 πληρωθέντες
3590 2173 3655 2226 δὲ
3688 2174 3851 2226 ἑπιθνο

2285 2263 2410 2334 μίας
2459 2262 2667 2333 ὑλικῆς,
2697 2264 2763 2333 ἣν
2805 2264 2833 2315 ὁ
2884 2262 3217 2342 πολύτροπος
3250 2264 3363 2332 (50)
3411 2262 3767 2333 ἐνεφύσησεν
3796 2266 3854 2325 εἰς

2282 2356 2427 2425 ἡμᾶς
2458 2353 2600 2422 ὄφις.
2635 2352 2725 2406 Διὸ
2751 2353 2846 2406 καὶ
2873 2353 2964 2406 τὸν
2997 2352 3225 2407 θάνατον
3252 2354 3280 2405 ὁ
3312 2353 3446 2417 Θεὸς
3477 2354 3627 2425 πρὸς
3664 2355 3851 2425 ἀναίρε.

2281 2462 2365 2498 σιν
2409 2444 2509 2513 τῆς
2551 2442 2824 2516 ἁμαρτίας
2871 2444 3012 2515 ὑπὲρ
3049 2443 3208 2515 ἡμῶν
3241 2443 3537 2515 ἀνεύρετο·
3583 2445 3681 2498 ἵνα
3720 2446 3847 2515 μὴέτ

2280 2536 2570 2601 ἀθανάτοις
2617 2539 2748 2608 ἡμῖν
2797 2535 3143 2600 ἀνατείλασα,
3170 2535 3245 2599 ὡς
3287 2535 3444 2606 ἔφην,
3486 2536 3768 2599 ἁθάνανος

2282 2626 2442 2680 Ὅθεν
2486 2629 2514 2680 ὁ
2554 2627 2900 2690 Ἀπόστολος’
2943 2622 3088 2679 Οἶδα
3137 2625 3268 2696 reip,
3311 2625 3401 2679 ὅτι
3446 2628 3570 2679 οὐκ
3625 2628 3775 2680 οἰκεῖ
3798 2629 3842 2678 ἐν

2278 2718 2431 2788 ἐμοὶ,
2467 2718 2779 2772 τουτέστιν
2821 2718 2891 2772 ἐν
2925 2716 2999 2786 τῇ
3024 2718 3205 2786 σαρκί
3225 2735 3361 2788 μου,
3406 2718 3477 2771 τὸ
3501 2719 3765 2788 ἀγαθὸν,
3785 2720 3842 2771 Li-

2278 2827 2410 2879 γων,
2443 2810 2539 2882 τὴν
2583 2811 2691 2864 ἀπὸ
2738 2810 2839 2881 τῆς
2882 2809 3244 2881 παραϐάσεως
3288 2808 3377 2863 διὰ
3414 2810 3518 2879 τῆς
3578 2812 3841 2883 ἐπιθυμίας

2279 2901 2696 2955 εἰσοικισθεῖσαν
2726 2903 2805 2965 είς
2833 2902 2978 2972 ἡμᾶς
3014 2901 3286 2972 ἁμαρτίαν
3312 2899 3575 2970 βούλεται
3615 2902 3839 2974 μηνύειν

2277 2988 2345 3065 ἧς
2378 2994 2463 3064 δὴ,
2495 2992 2747 3065 καθάπερ
2779 2993 3133 3065 βλαστήματα
3177 2992 3291 3056 νέα,
3320 2994 3369 3045 oi
3410 2993 3708 3065 φιλήδονοι
3752 2996 3845 3065 περὶ

2278 3088 2425 3157 ἡμᾶς
2470 3087 2555 3140 ἀεὶ
2595 3086 2846 3157 λογισμοὶ
2878 3086 3241 3140 συνίστανται.
3276 3086 3443 3139 Δισσὰ
3487 3087 3615 3159 γὰρ
3662 3092 3724 3142 ἐν
3747 3091 3846 3159 ἡμῖν
3928 3116 3933 3135 .

2276 3178 2554 3250 λογισμῶν
2595 3177 2762 3249 γένη·
2811 3177 2871 3231 τὸ
2900 3177 3000 3249 μὲν
3030 3178 3138 3231 ἀπὸ
3173 3176 3274 3247 τῆς
3302 3176 3617 3247 ἐπιθυμίας
3648 3181 3747 3252 τῆς
3776 3181 3846 3248 ἑμ-

2276 3269 2622 3341 φωλευούσης
2666 3270 2725 3323 ἐν
2778 3269 2856 3340 τῷ
2909 3268 3121 3340 σώματι
3172 3269 3592 3339 συνιστάμενον,
3651 3273 3772 3343 ἥτις
3806 3273 3845 3336 ἐξ

2274 3361 2535 3427 ἐπινοίας,
2565 3362 2641 3425 ὡς
2671 3361 2828 3431 ἔφην,
2866 3360 3091 3431 συνέστη
3133 3359 3229 3414 τοῦ
3277 3360 3461 3415 ὑλικοῦ
3511 3364 3839 3435 πνεύματος·

2273 3453 2335 3507 τὸ
2358 3453 2414 3507 δὲ
2443 3454 2549 3506 ἀπὸ
2578 3451 2673 3506 τοῦ
2702 3453 2867 3523 νόμου
2896 3453 2990 3506 τοῦ
3017 3452 3158 3505 κατὰ
3191 3453 3288 3525 τὴν
3313 3452 3561 3524 ἐντολὴν,
3600 3455 3668 3508 ὅν
3710 3457 3831 3527 Ep;-

2272 3563 2365 3599 τον
2397 3542 2662 3617 ἐλάϐομεν
2686 3546 2830 3618 ἔχειν
2856 3547 2948 3601 καὶ
2982 3547 3208 3617 φυσικὸν
3243 3546 3405 3616 νόμον
3432 3547 3582 3618 πρὸς
3622 3550 3691 3603 τὸ
3718 3550 3831 3603 x12!

2273 3639 2430 3711 ἡμῶν
2461 3638 2801 3710 ὲξεγείροντα
2833 3640 2923 3693 τὸν
2955 3638 3397 3711 λογισμόν.”()θεν
3441 3641 3511 3709 τῇ
3568 3642 3683 3711 μὲν
3716 3658 3838 3710 WE»

2274 3732 2429 3803 θεσίᾳ
2473 3731 2565 3785 τοῦ
2614 3731 2747 3785 Θεοῦ
2793 3731 2932 3785 κατὰ
2974 3732 3064 3785 τὸν
3114 3730 3237 3786 νοῦν
3282 3732 3676 3803 συνηδόμεθα·
3721 3734 3842 3786 eoin

2270 3822 2380 3895 γὰρ
2410 3825 2438 3877 ὁ
2467 3823 2573 3877 ἔσω
2602 3822 2916 3894 ἄνθρωπος’
2957 3826 3023 3895 τῇ
3065 3823 3122 3876 δέ
3169 3823 3457 3895 νομοθεσίᾳ
3485 3824 3587 3877 τοῦ
3622 3826 3841 3881 διαὸὁὶεῡ

2270 3914 2413 3968 κατὰ
2442 3914 2537 3986 τὴν
2568 3915 2879 3969 ἐνοικοῦσαν
2906 3916 3195 3986 ἐπιθυμίαν
3235 3917 3293 3969 ἐν
3337 3918 3403 3987 τῇ
3447 3918 3650 3988 σαρκί.
3670 3920 3727 3972 ’0
3762 3917 3843 3986 γὰρ

2273 4006 2823 4078 ἀντιστρατευόμενος
2875 4007 2968 4061 καὶ
3015 4007 3394 4077 ἀντιπράσσων
3439 4006 3522 4076 τῷ
3564 4010 3730 4081 νόμῳ
3771 4005 3843 4062 τοῦ

2271 4094 2426 4160 Θεοῦ,
2456 4090 2567 4148 οἷον
2607 4099 2675 4168 τῇ
2722 4096 2857 4167 πρὸς
2893 4096 2955 4149 τὸ
2983 4096 3186 4165 ἀγαθὸν
3218 4098 3361 4168 ὁρμῇ
3391 4095 3489 4150 τοῦ
3516 4099 3673 4163 νοὸς,
3704 4101 3843 4158 αὑτάς

2272 4188 2436 4251 ἐστιν,
2468 4189 2496 4241 ὁ
2521 4187 2646 4250 τοὺς
2670 4186 2934 4258 ἐμπαθεῖς
2957 4188 3212 4259 ἀναφύων
3234 4188 3321 4242 ἀεὶ
3349 4190 3445 4242 καὶ
3463 4189 3701 4256 ὑλικοὺς
3728 4186 3844 4262 πρὶς

2273 4278 2502 4350 ἀνομίαν
2535 4278 2966 4350 περισπασμούς.

2340 4579 2417 4635 Γ’.
2434 4578 2593 4651 Τρεῖς
2607 4579 2715 4652 γὰρ
2734 4581 2928 4652 νόμους
2941 4581 3329 4655 ὑποτιθέμενος
3344 4586 3373 4637 ὁ
3384 4584 3596 4651 Παῦλος
3622 4589 3846 4659 ἀναφαν-

2269 4668 2358 4723 δὸν
2385 4669 2619 4724 ἐνταῦθά
2649 4688 2737 4741 μοι
2767 4672 3322 4741 καταφαίνεται.Ἒνα
3344 4675 3441 4746 μὲν
3474 4677 3623 4732 κατὰ
3666 4679 3729 4734 τὸ
3752 4678 3847 4748 ἑμ-

2269 4777 2433 4830 φυτον
2483 4763 2539 4816 ἐν
2582 4763 2712 4833 ἡμῖν
2743 4763 2964 4832 ἀγαθὸν,
2992 4765 3050 4819 ὃν
3085 4766 3179 4819 καὶ
3210 4768 3369 4840 νόμον
3396 4769 3586 4838 σαφῶς
3614 4770 3846 4827 ἐκάλεσε

673 4937 721 4972 ⁸⁸
750 4936 1049 5010 Ephes.'v1,
1074 4940 1165 5007 ll,
1207 4938 1403 4995 15-17.
1481 4937 1525 4970 ⁸⁸
1554 4935 1620 4992 II
1647 4935 1773 4992 Cor.
1807 4952 1863 5001 ι,
1893 4936 1946 4992 5.
2023 4933 2070 4969 ⁸⁸
2094 4934 2171 5005 Ep

2279 4980 2282 4989 .
2312 4952 2387 5004 VI,
2421 4936 2508 4991 12.
2584 4937 2626 4969 "
2649 4936 2799 4993 Rom.
2820 4954 2926 5006 svn,
2967 4938 3144 4995 15-17.

669 5094 787 5167 (46)
819 5095 909 5167 Sic
935 5098 1071 5152 enim
1113 5097 1299 5152 seditio
1340 5096 1563 5166 conﬂari
1594 5096 1762 5165 coepit.
1808 5095 2004 5160 Στάσις
2052 5094 2161 5150 ἐνέ-

594 5164 734 5238 «eos
755 5183 769 5195 ·
802 5164 952 5238 velut
986 5168 1145 5238 irruit
1174 5187 1187 5222 :
1228 5164 1447 5238 justum
1470 5169 1626 5236 plane
1647 5164 1925 5237 praemium
1982 5166 2159 5238 rebel-

594 5237 761 5292 lionis
789 5238 846 5292 in
888 5236 1076 5294 Deum.
1115 5236 1386 5307 interpres
1420 5236 1595 5292 Photii
1645 5236 1801 5291 aliter
1843 5237 2053 5307 accepit
2099 5237 2159 5290 τὸ

593 5307 804 5371 στάσις,
837 5323 937 5377 pro
964 5318 1107 5363 statu
1133 5328 1146 5362 :
1179 5312 1273 5363 sed
1303 5308 1485 5363 minus
1512 5310 1781 5377 congruit.

664 5323 937 5430 autgfro
964 5323 1107 5363 Slalu
1133 5328 1146 5362 :
1179 5323 1273 5363 seu
1303 5323 1485 5363 minus
1512 5323 1781 5377 congruit.

664 5378 779 5447 (47)
885 5377 1070 5445 fraude
1103 5378 1432 5447 arti/icioque
1467 5379 1702 5446 procedit
1737 5378 1939 5431 addicti
1986 5387 2155 5447 mate-

593 5446 689 5501 riai
719 5450 959 5518 spiritus.
1001 5448 1091 5512 Ἐξ
1118 5446 1359 5511 ἐπινοίας
1392 5447 1485 5500 τοῦ
1512 5448 1693 5501 ὑλικοῦ
1718 5448 2043 5518 πνεύματος.
2074 5446 2160 5501 Ιη-

594 5518 786 5588 telligit
820 5520 1115 5583 diabolum,
1146 5535 1307 5588 quem
1358 5519 1610 5588 superius
1658 5534 1780 5588 cum
1816 5520 2158 5588 Athenagora

592 5586 732 5660 dixit
781 5588 999 5660 πνεῦμα
1045 5586 1177 5659 περ’(
1217 5587 1314 5660 τὴν
1373 5586 1528 5660 ὓλην
1556 5587 1843 5660 γενόμενον
1909 5586 2157 5660 ὑπὸςτοῦ

595 5655 758 5729 Θεοῦ-,λ
781 5655 939 5713 Velut
987 5655 1371 5729 cum'quadam
1407 5655 1727 5729 habitudine
1756 5659 1821 5712 ad
1853 5656 2154 5729 materiam,

595 5731 652 5781 et
686 5725 763 5781 illi
792 5730 1084 5795 addictum,
1119 5725 1167 5784 a'
1191 5729 1488 5787 creatione.
1515 5727 1830 5785 Plusculum
1866 5728 2003 5783 forte
2026 5728 2156 5783 dicit

2264 5096 2422 5222 illudb,
2449 5096 2676 5221 qontireti
2722 5112 2841 5151 cum
2867 5098 3113 5166 materia,
3136 5096 3382 5170 Petavii;
3414 5107 3473 5155 ut
3501 5106 3560 5156 et
3586 5116 3848 5171 corporo-

2287 5185 2352 5222 ιε.
2426 5184 2455 5222 c
2476 5186 2526 5222 ιω
2579 5184 2616 5222 ι.

2287 5169 2352 5231 is,
2386 5168 2616 5222 Schotti.

2335 5239 2447 5308 (48)
2488 5238 2613 5293 Ηωσ
2638 5236 2773 5313 enim
2806 5237 2982 5313 ea‘lea:
3003 5248 3100 5313 est.
3127 5235 3367 5313 _Beferre
3417 5239 3614 5313 legem,
3645 5251 3703 5298 et
3732 5243 3851 5313 ipse

2265 5307 2573 5382 contentus,
2596 5315 2650 5363 et
2672 5309 2849 5382 littera
2878 5307 3161 5382 Epiplianii
3190 5326 3294 5382 qua
3318 5307 3677 5382 exprimitur,
3709 5307 3850 5368 satis

2266 5377 2464 5432 docent
2498 5394 2510 5430 :
2550 5394 2723 5446 eoque
2753 5377 3012 5433 Scltottus
3037 5377 3219 5433 minus
3238 5380 3373 5434 bene
3392 5377 3603 5436 'retulit
3625 5384 3699 5436 ad
3727 5384 3853 5437 dia-

2266 5448 2448 5523 bolum
2474 5448 2592 5523 sub
2625 5449 2824 5523 diaboli
2847 5517 2859 5523 _
2879 5450 3105 5523 nomine
3135 5467 3149 5503 :
3186 5449 3464 5523 hactenus
3480 5453 3626 5523 enim
3664 5455 3849 5523 legem

2265 5517 2367 5588 legi
2396 5518 2640 5588 opponit,
2665 5517 2895 5573 subinde
2922 5519 3271 5588 expositurus
3317 5530 3371 5574 et
3416 5521 3697 5579 divisione
3724 5517 3853 5579 'de-

2264 5589 2588 5659 claraturus,
2615 5589 2922 5659 hujusmodi
2955 5590 3118 5659 leges.

2338 5658 2447 5729 (49)
2464 5660 2682 5724 Καλός.
2714 5659 2796 5711 Al.
2828 5658 3010 5729 καλόν.

2336 5728 2444 5800 (50)
2469 5730 2872 5797 Πολύτροπος.
2908 5728 3125 5800 Epiph.,
3153 5743 3211 5783 n.
3239 5728 3330 5796 60,
3366 5729 3745 5797 πολύπλοκος.
