3962 6278
174 427 279 484 305

1258 425 1350 482 EX
1390 428 1596 486 LIBRO
1635 428 1721 484 DE
1758 424 2358 485 RESURRECTIONE.

3311 421 3416 475 396

168 545 451 610 νοός.”Ενα
475 543 533 598 δὲ
562 542 657 599 τὸν
688 544 756 598 ἐκ
803 539 1105 617 προσὸολῆς
1156 545 1543 618 συνιστάμενον
1588 547 1748 619 νόμον

1856 548 2055 603 mentis
2078 547 2333 618 appellat.
2366 543 2548 600 Altera
2580 549 2663 598 est
2691 555 2812 613 quae
2859 555 2928 596 ex
2957 537 3275 610 nequissimi
3309 539 3412 593 imu

164 637 265 694 τοῦ
297 635 559 709 πονηροῦ,
591 635 685 690 καὶ
712 637 794 701 είς
823 636 923 700 τὰς
949 634 1217 708 ἐμπαθεῖς
1247 637 1532 703 ἐξὲλκοντα
1566 640 1753 697 πολλά-

165 747 255 795 κις
307 727 607 800 φαντασίας
658 726 755 798 τὴν
806 726 1004 798 ψυχὴν,
1046 726 1105 781 ὃν
1150 729 1636 802 ἐπιστρατεύεσθαι
1675 733 1753 807 τῷ

164 823 329 890 νόμῳ
355 819 462 875 τοῦ
487 818 630 887 νοὸς
657 818 781 890 ἔφη.
815 819 927 873 Καὶ
954 818 1135 890 τρίτον
1180 819 1320 873 κατά
1351 820 1449 893 τὴν
1476 824 1752 896 ἁμαρτίαν

165 912 231 965 ἐκ
282 912 381 983 τῆς
424 910 716 982 ἐπιθυμίας
745 907 1088 982 σκιρώσαντα
1122 909 1235 982 (51)
1283 913 1340 966 ἐν
1372 915 1437 984 τῇ
1471 915 1652 987 σαρκὶ,
1693 914 1752 970 ὃν

164 1000 459 1072 ἁμαρτίας
505 1001 695 1070 νόμον
721 998 1001 1054 οἰκοῦντα
1038 1000 1108 1053 ἐν
1137 998 1260 1066 τοῖς
1280 1000 1537 1071 μέλεσιν
1564 1001 1755 1069 ἐκάλε-

164 1111 263 1147 σεν
288 1111 301 1124 ·
332 1087 377 1163 ᾧ
397 1093 761 1165 ἐποχούμενος
781 1091 1040 1155 πολλάκις
1068 1090 1191 1145 καθ’
1208 1092 1366 1163 ἡμῶν
1382 1092 1750 1162 ἐγκελεύεται,

163 1182 309 1256 πρὸς
338 1182 550 1236 ἀδικίαν
588 1182 682 1236 καὶ
714 1179 942 1253 πράξεις
969 1180 1309 1236 συνελαύνων
1342 1183 1539 1247 κακὰς.
1566 1184 1754 1238 Φαίνε-

162 1292 257 1329 ται
283 1273 394 1347 γὰρ
414 1273 487 1338 ὡς
520 1274 731 1337 ἑαυτοῖς
758 1275 889 1345 ἡμῖν
916 1272 978 1326 τὸ
1012 1273 1111 1346 μέν
1141 1273 1371 1346 βέλτιον,
1402 1275 1462 1328 τὸ
1491 1276 1547 1329 δέ
1572 1279 1753 1351 χεῖρον

164 1368 249 1422 ὃν.
288 1366 402 1421 Καὶ
431 1368 557 1421 ὃταν
596 1366 764 1439 μέλλῃ
809 1366 869 1420 τὸ
919 1365 1126 1438 βέλτιον
1172 1366 1329 1437 φύσει
1378 1367 1472 1421 τοῦ
1514 1369 1752 1440 χείρονος

165 1458 598 1531 ἐγκρατέστερον
625 1457 938 1530 γενηθῆναι,
979 1459 1203 1532 φέρεται
1232 1461 1352 1526 ὅλος
1376 1463 1510 1533 πρὸς
1532 1464 1592 1517 τὸ
1616 1464 1753 1532 ἀγα-

166 1551 262 1605 Θὸν
305 1551 334 1604 ό
376 1551 530 1617 νοῦς·
576 1551 703 1605 ὅταν
737 1550 793 1604 δὲ
819 1551 880 1604 τὸ
919 1554 1099 1623 χεῖρον
1140 1552 1393 1626 ἐπιϐρίσῃ
1430 1554 1751 1622 πλεονάσαν,

164 1644 360 1714 ἄγεται
388 1643 546 1698 πάλιν
578 1644 948 1717 ἀντιστρόφως
996 1645 1134 1717 πρὸς
1165 1644 1457 1718 λογισμοὺς
1504 1649 1752 1721 χείρονας

164 1738 196 1790 ὁ
229 1735 529 1810 ἄνθρωπος.
563 1722 637 1790 Οἵ)
679 1736 744 1808 δὴ
786 1736 882 1791 καὶ
912 1737 1071 1810 χάριν
1112 1738 1141 1791 ὁ
1180 1737 1502 1804 ’Λπόστολος
1535 1738 1751 1811 εὔχεται

165 1827 430 1901 ρυσθῆναι
459 1868 473 1894 ,
526 1827 753 1882 θάνατον
805 1828 937 1882 αὐτὸ
996 1827 1089 1882 καὶ
1150 1827 1367 1899 ὄλεθρον
1413 1830 1747 1902 ἡγούμενοςο

1852 640 2138 711 pressione
2165 637 2420 704 conﬂata,
2452 636 2507 690 in
2534 635 2760 691 vitiosas
2809 633 3005 703 stepius
3061 631 3416 702 cogitationes

1850 739 1904 787 et
1931 732 2252 802 phantasias
2296 732 2537 786 animum
2579 727 2827 799 conjicit,
2862 740 3027 797 quam
3076 723 3177 796 legi
3226 725 3416 779 mentis

1852 824 2124 878 adversari
2151 822 2310 878 dixit.
2369 820 2556 876 Tertia
2587 820 2828 883 demum,
2861 833 2982 888 qua:
3010 831 3108 887 per
3140 825 3416 886 peccatum

1851 931 1914 970 ex
1938 914 2238 985 cupiditate
2261 915 2414 969 carni
2438 912 2728 981 occalluit;
2778 925 2943 983 quam
2977 910 3088 975 ille,
3119 907 3276 978 legem
3308 923 3421 978 pec-

1851 1007 1958 1060 cati
1990 1006 2317 1060 habitantem
2352 1007 2409 1059 in
2437 1004 2685 1060 membris
2745 1003 2966 1067 nostris,
3014 1000 3232 1057 vocavit
3268 1019 3282 1055 :
3331 998 3420 1054 cui

1851 1100 2016 1153 etiam
2048 1098 2329 1170 improbus
2363 1098 2454 1155 ille
2487 1098 2662 1155 hostis
2695 1097 2938 1157 insidens
2970 1094 3105 1167 (53),
3151 1107 3293 1164 sape
3325 1091 3420 1145 ad-

1850 1207 2071 1247 versum
2092 1207 2193 1248 nos
2222 1190 2447 1256 excitat,
2478 1200 2642 1262 atque
2687 1190 2755 1245 ad
2800 1189 3127 1259 injustitiam
3163 1186 3420 1244 scelestu-

1851 1301 1958 1356 que
1991 1284 2233 1339 facinora
2263 1283 2559 1354 compellit.
2592 1282 2725 1337 Nam
2759 1283 2917 1352 quasi
2962 1281 3120 1337 nobis
3147 1279 3281 1352 ipsis
3307 1277 3419 1349 (54)

1850 1375 1998 1430 aliud
2031 1390 2155 1431 esse
2178 1375 2417 1439 videtur,
2446 1373 2592 1444 quod
2628 1375 2699 1430 sit
2723 1373 2941 1436 melius,
2980 1373 3128 1427 aliud
3153 1372 3297 1442 quod
3334 1370 3419 1425 de-

1853 1465 2024 1522 terius
2050 1464 2143 1521 sit.
2171 1463 2419 1535 Cumque
2441 1464 2497 1520 id
2525 1463 2667 1535 quod
2694 1472 2889 1518 natura
2912 1461 3127 1525 melius,
3164 1462 3421 1517 deteriori

1849 1557 2130 1628 potentius
2161 1572 2284 1613 esse
2316 1556 2587 1621 debuerit,
2623 1571 2778 1610 mens
2827 1562 2939 1610 tota
2972 1554 3091 1623 ipso
3127 1553 3333 1622 impetu
3366 1553 3421 1606 in

1852 1649 2061 1703 bonum
2098 1645 2292 1702 fertur.
2331 1646 2469 1702 Cum
2501 1653 2680 1701 autem
2713 1643 2767 1699 id
2801 1643 2946 1714 quod
2977 1649 3060 1698 est
3087 1643 3266 1713 pejus,
3288 1657 3423 1697 exu-

1851 1741 2051 1797 berans
2077 1754 2177 1797 suo
2193 1739 2435 1811 pondere
2461 1737 2818 1810 depresserit,
2840 1744 2955 1791 tum
2985 1736 3202 1791 demum
3227 1751 3295 1790 es
3323 1736 3421 1788 ad-

1852 1847 2012 1888 verso
2040 1831 2098 1886 in
2126 1832 2426 1888 deteriores
2451 1832 2811 1902 cogitationes
2850 1843 3091 1900 praeceps
3145 1829 3328 1898 agitur
3357 1842 3421 1882 ac

162 1917 353 1991 ὥσπερ
385 1919 449 1991 δὴ
472 1919 568 1974 καὶ
600 1921 629 1973 ὁ
657 1920 947 1992 προφήτης
967 1936 981 1951 ⁸
1035 1920 1169 1975 Ἀπό
1194 1921 1313 1975 τῶν
1340 1922 1606 1992 κρυφίων
1630 1940 1748 1992 μου

1855 1924 2109 1978 trahitur.
2141 1922 2319 1994 Atque
2345 1938 2408 1979 ea
2447 1938 2613 1977 causa
2657 1930 2743 1977 est
2773 1938 2873 1976 cur
2909 1920 3228 1991 Apostolus,
3272 1934 3421 1973 mor—

160 2010 498 2079 καθίὶρισόν
529 2028 625 2081 με,
656 2011 850 2081 λέγων.
884 2012 1033 2066 Αὑτά
1076 2008 1170 2066 οὖν
1211 2013 1282 2067 τὰ
1334 2015 1553 2086 ῥήματα
1592 2014 1749 2069 τοῦτο

161 2103 457 2155 συνιστῶσι
481 2119 494 2132 °
527 2100 873 2171 Συνήδομαι
895 2102 1006 2179 γᾴρ
1036 2099 1116 2168 τῷ
1144 2105 1307 2173 νόμῳ
1331 2103 1438 2159 τοῦ
1478 2105 1626 2160 Θεοῦ
1647 2122 1751 2159 κα-

156 2194 233 2246 τὰ
257 2193 365 2245 τὸν
388 2193 531 2257 ἔσω,
564 2191 831 2260 λέγοντος,
858 2193 1174 2262 ἄνθρωπον
1191 2211 1204 2224 ·
1239 2194 1450 2259 ,βλέπω
1474 2196 1525 2250 δ’
1546 2196 1750 2267 ἕτερον

152 2285 350 2354 νόμον
377 2283 503 2350 τοῖς
528 2283 744 2355 μέλεσι
761 2302 901 2355 μου,
926 2286 1636 2358 ἀντιστρατειῑόμενον-τῷ
1656 2291 1750 2345 νό-

154 2393 253 2443 μῳ
279 2375 386 2429 τοῦ
414 2377 556 2443 νοός
576 2395 717 2446 μου,
753 2379 850 2431 καὶ
875 2366 1379 2449 αἰχμαλωτίζοντὰ
1397 2399 1474 2451 με
1492 2382 1572 2448 τῷ
1586 2382 1746 2451 νόμῳ

154 2484 271 2535 της
289 2467 602 2537 ἁμαρτίας,
627 2468 707 2534 τῷ
736 2469 861 2524 ὄντι
889 2471 959 2523 ἐν
988 2471 1112 2538 τοῖς
1127 2471 1346 2543 μέλεσι
1369 2492 1509 2543 μου.
1542 2475 1748 2529 Ταλαι-

152 2575 361 2627 πωρος
390 2560 504 2631 ἐγὼ
536 2560 875 2628 ἄνθρωπος]
916 2565 1007 2630 Τίς
1030 2582 1106 2635 με
1124 2566 1376 2634 ῥύσεται
1404 2567 1472 2621 ἐκ
1492 2568 1600 2622 τοῦ
1631 2564 1748 2621 σώς-

148 2670 346 2723 ματος
384 2653 490 2707 τοῦ
523 2654 782 2709 θανάτου
815 2656 1066 2721 τούτου;
1093 2658 1165 2711 Οὐ
1210 2657 1270 2711 τὸ
1317 2658 1478 2729 σῶμα
1518 2656 1747 2714 θάνατον

147 2746 622 2817 ἀποφαινόμενος,
659 2746 794 2801 ἀλλά
822 2748 913 2800 τὸν
942 2748 1106 2820 νόμον
1135 2749 1236 2821 τῆς
1268 2751 1541 2823 ἁμαρτίας
1568 2750 1658 2805 τὸν
1688 2752 1746 2804 ἐν

140 2841 258 2904 τοῖς
290 2836 515 2911 μέλεσι,
543 2830 629 2890 διά
657 2838 758 2909 τῆς
792 2839 1155 2910 παραϐάσεως
1201 2842 1259 2895 ἐν
1292 2844 1424 2914 ἡμῖν
1467 2841 1746 2913 ἐμφωλεύ-

148 2949 304 2998 οντα,
328 2930 436 2985 καὶ
468 2929 603 3002 πρὸς
633 2929 861 2984 θάνατον
882 2932 968 2985 ἀεὶ
997 2931 1134 3005 [τὸν]
1164 2933 1260 3005 τῆς
1288 2933 1503 2998 ἀδικίας
1523 2933 1620 3006 τὴν
1643 2933 1746 3004 ψυ-

156 3022 263 3094 χὴν
315 3021 1046 3096 ἐμφαντάζοντα.Ἐπιφέρει
1090 3022 1222 3094 γοῦν
1270 3025 1493 3091 εὐθέως,
1548 3026 1743 3098 ἀμέλει

152 3114 529 3184 διαλυόμενος,
563 3114 745 3169 ὁποίου
790 3115 1020 3170 θανάτου
1062 3115 1304 3187 ἐγλίχετο
1335 3115 1618 3190 ῥυσθῆναι,
1648 3117 1743 3171 καὶ

152 3208 239 3271 τίς
268 3206 434 3260 αὑτὸν
467 3210 495 3261 ὁ
523 3208 785 3280 ῥυόμενος
811 3204 878 3281 ἦν
903 3226 917 3239 ο
948 3208 1128 3278 Χάρις
1157 3209 1225 3263 δὲ
1248 3209 1326 3276 τῷ
1360 3209 1482 3276 Θεῷ
1510 3208 1607 3264 διὰ
1633 3209 1741 3264 τοῦ

1856 2021 1963 2068 tem
1991 2012 2284 2083 quamdam
2319 2020 2373 2068 et
2417 2011 2644 2067 exitium
2688 2026 2801 2066 rem
2837 2011 3156 2073 arbitratus,
3204 2007 3420 2063 liberari

1856 2122 1915 2162 se
1963 2112 2148 2175 optet;
2198 2102 2661 2175 quemadmodum
2728 2103 2895 2158 etiam
2948 2100 3242 2172 Propheta,
3296 2115 3422 2153 eum

1855 2197 1931 2251 ait
1954 2197 2048 2251 “z
2091 2195 2170 2255 Ab
2218 2195 2436 2250 occultis
2498 2196 2624 2249 meis
2680 2192 2879 2247 munda
2944 2209 3042 2247 me.
3092 2190 3240 2247 Istud
3278 2190 3425 2246 enim

1852 2291 2018 2346 verba
2045 2290 2163 2360 ipsa
2192 2305 2304 2360 pra:
2334 2305 2393 2345 se
2418 2288 2600 2344 ferunt
2640 2309 2652 2343 :
2688 2287 3032 2343 Condelectcr
3060 2286 3222 2348 enim,
3248 2284 3426 2354 inquit

1855 2376 1923 2444 ",
1959 2378 2057 2449 legi
2076 2376 2174 2431 Dei
2191 2376 2477 2431 secundum
2501 2378 2799 2432 interiorem
2821 2378 3101 2430 hominem.
3134 2374 3293 2430 Video
3324 2391 3425 2429 au-

1855 2478 1958 2524 tem
1988 2470 2152 2523 aliam
2180 2469 2341 2541 legem
2362 2468 2419 2523 in
2446 2469 2693 2524 membris
2723 2471 2873 2533 meis,
2926 2478 3297 2539 repugnantem
3324 2469 3425 2542 legi

1853 2560 2038 2614 mentis
2066 2577 2215 2628 mete,
2238 2569 2289 2614 et
2313 2561 2668 2631 captivantem
2704 2578 2784 2615 me
2816 2561 2916 2632 legi
2946 2563 3170 2631 peccati,
3202 2577 3318 2632 qua:
3345 2572 3425 2619 est

1850 2655 1905 2708 in
1934 2653 2179 2709 membris
2200 2654 2353 2709 meis.
2378 2652 2579 2725 Infelix
2596 2671 2690 2725 ego
2718 2654 2909 2708 homo!
2952 2653 3083 2720 Quis
3112 2670 3192 2708 me
3231 2653 3423 2707 libera~

1853 2745 1925 2799 bit
1967 2745 2032 2800 de
2076 2762 2295 2817 corpore
2339 2747 2527 2801 mortis
2571 2746 2775 2816 hujus?
2834 2744 3047 2812 Quibus
3080 2760 3188 2799 non
3222 2759 3423 2815 corpus

1850 2848 2079 2893 mortem
2130 2840 2473 2909 pronuntiat,
2524 2839 2618 2894 sed
2650 2839 2858 2909 peccati
2902 2839 3071 2909 legem
3101 2852 3222 2909 quae
3248 2844 3333 2893 est
3366 2838 3421 2892 in

1851 2929 2130 2993 membris,
2166 2929 2224 2985 in
2265 2930 2467 3001 quibus
2495 2945 2524 2984 a
2556 2930 2758 2985 violato
2790 2928 3047 2985 mandato
3091 2944 3191 2984 ceu
3220 2928 3423 2985 latibu-

1848 3018 1963 3073 lum
1989 3019 2172 3086 habet,
2208 3036 2310 3076 nec
2349 3023 2592 3076 animum
2627 3021 2696 3075 ad
2725 3020 3009 3090 iniustitiae
3043 3028 3296 3085 mortem,
3324 3037 3420 3076 va-

1849 3112 1947 3169 riis
1995 3113 2322 3184 imaginibus
2367 3114 2666 3180 illudendo,
2701 3114 2919 3169 trahere
2965 3114 3186 3171 desinit.
3224 3112 3419 3170 Statim

1848 3218 1977 3275 ergo
2007 3204 2172 3261 infert
2202 3226 2213 3261 :
2250 3207 2508 3262 nimirum
2569 3207 2928 3277 quaestionem
2982 3206 3293 3263 dissolvens
3322 3205 3421 3262 de-

162 3298 364 3366 Ἰησοῦ
391 3299 673 3368 Χριστοῦ.
702 3300 1042 3372 Προσεκτέον
1065 3300 1142 3365 δὲ,
1170 3302 1220 3353 ει
1245 3301 1306 3353 τὸ
1334 3301 1492 3372 σῶμα
1515 3299 1743 3355 θάνατον

1850 3297 2171 3368 claransque
2192 3297 2304 3371 (55)
2333 3315 2441 3370 qua
2466 3306 2640 3354 morte
2667 3306 2893 3370 cuperet
2921 3298 3163 3361 liberari,
3183 3305 3235 3352 et
3260 3312 3291 3351 a
3310 3312 3419 3368 quo

147 3391 328 3455 τοῦτο,
350 3386 396 3446 ὦ
435 3392 746 3462 Ἀγλαοφῶν
767 3393 901 3464 (52),
923 3393 999 3458 ὡς
1028 3394 1390 3466 ὑπειλήφατε,
1410 3395 1616 3465 ἔλεγεν,
1642 3398 1742 3450 οὐκ

145 3483 213 3537 ἂν
255 3483 349 3537 τὸν
393 3484 658 3556 Χριστὸν,
684 3485 760 3548 ὡς
808 3485 1072 3557 ῥυόμενον
1115 3486 1276 3541 αὑτὸν
1305 3485 1529 3560 ὕστερον
1555 3489 1619 3541 ἐκ
1645 3487 1740 3543 τοῦ

140 3576 391 3630 τοιούτου
441 3576 645 3642 κακοῦ,
695 3577 1302 3649 παρελάμϐανεν.Ἐπεὶ
1342 3579 1396 3632 τί
1441 3580 1742 3653 παράδοξον

140 3670 253 3723 ἀπὸ
271 3668 371 3722 τοῦ
394 3669 641 3743 Χριστοῦ
665 3670 763 3741 τῆς
785 3671 1085 3742 παρουσίας
1108 3673 1421 3743 ἐσχήκαμεν
1443 3690 1458 3738 ;
1484 3674 1549 3726 Τί
1567 3673 1622 3726 δὲ
1647 3674 1741 3727 καὶ

141 3762 172 3815 ὁ
201 3760 536 3823 Ἀπόστολος
559 3760 716 3823 ὅλως,
740 3762 816 3825 ὡς
839 3761 927 3815 διὰ
945 3761 1045 3831 τῆς
1069 3763 1365 3834 παρουσίας
1388 3764 1483 3818 τοῦ
1503 3765 1738 3837 Χριστοῦ

140 3852 276 3908 δυνα
285 3852 389 3925 μού
397 3868 564 3924 μενος
589 3850 682 3906 τοῦ
704 3851 933 3906 θανάτου
962 3853 1066 3906 ὑπὸ
1088 3852 1181 3907 τοῦ
1202 3853 1336 3907 Θεοῦ
1377 3855 1739 3929 ἐλευθερωθῆ-

1845 3389 2161 3446 liberandus
2192 3399 2337 3446 esset
2369 3410 2382 3445 :
2419 3389 2630 3455 Gratia,
2668 3392 2867 3461 inquit,
2920 3391 3026 3445 Deo
3061 3390 3174 3462 (56)
3207 3405 3298 3459 per
3323 3386 3418 3444 Je-

1846 3503 1965 3541 sum
1993 3484 2264 3542 Christum
2293 3488 2365 3541 "°.
2403 3486 2614 3558 Quippe
2642 3486 2930 3559 diligenter
2977 3483 3415 3540 animadversum

1846 3580 2008 3635 velim
2044 3599 2057 3635 :
2094 3580 2142 3637 si
2175 3595 2375 3651 corpus
2396 3580 2521 3645 hoc,
2553 3586 2615 3637 ut
2638 3578 2986 3642 existimatis,
3020 3592 3052 3632 ο
3076 3574 3415 3647 Aglaophon,

1847 3679 2076 3727 mortem
2138 3670 2390 3735 dixisset,
2449 3670 2871 3741 haudquaquam
2925 3669 3163 3732 Christi,
3222 3674 3283 3721 ut
3330 3666 3416 3722 sui

1847 3765 2195 3836 postmodum
2235 3765 2303 3820 ab
2340 3764 2610 3835 ejusmodi
2643 3764 2785 3818 malo
2815 3761 3148 3824 liberatoris,
3179 3760 3415 3816 mentio-

1845 3868 1969 3913 nem
2003 3856 2300 3913 l‘acturum.
2336 3857 2554 3929 Alioqui
2589 3857 2733 3912 enim
2787 3854 2916 3925 quid
2951 3854 3109 3910 nobis
3143 3851 3417 3924 singulare

140 3964 252 4011 ναι,
270 3944 437 3999 τοῦτο
459 3943 762 4014 ἐφθέγγετο
777 3961 789 3972 ·
815 3945 976 3997 ὁπότε
995 3945 1129 3997 πᾶσι
1153 3945 1244 3998 καὶ
1266 3945 1370 4016 πρὸ
1390 3944 1484 3999 τοῦ
1505 3947 1595 4001 τὸν
1614 3948 1741 4019 Χρι-

1850 3948 2175 4005 accessisset
2226 3948 2430 4005 Christi
2483 3948 2756 4004 adventu?
2810 3947 2953 4014 Quid
3014 3963 3143 4002 vero
3192 3945 3414 4000 omnino

141 4040 270 4094 στὸν
294 4038 477 4093 ἐλθεῖν
516 4037 604 4100 είς
627 4036 716 4090 τὸν
742 4038 945 4107 κόσμον
973 4035 1251 4092 συνέϐαινε
1274 4036 1556 4109 θνήσκειν;
1580 4039 1741 4092 Ὥστε

1850 4038 2161 4109 Apostolus,
2203 4039 2359 4109 quasi
2393 4038 2597 4094 Christi
2632 4038 2920 4107 praesentia
2953 4035 3331 4100 conﬁrmatus,
3354 4041 3415 4090 ut

135 4132 201 4188 οὐ
242 4130 306 4186 τὸ
351 4129 518 4202 σῶμα
563 4127 741 4192 τοῦτο,
766 4121 811 4182 ὦ
844 4127 1176 4199 Ἀγλαοφῶν,
1204 4128 1451 4197 θάνατον,
1474 4129 1609 4184 ἀλλά
1644 4131 1742 4204 τὴν

1852 4131 1945 4188 Dei
1978 4130 2240 4186 beneficio
2267 4141 2496 4187 mortem
2525 4130 2663 4187 liber
2691 4128 2963 4194 evaderet,
2997 4127 3142 4184 istud
3170 4142 3415 4200 pronun-

207 4288 255 4321 ⁸⁸
280 4286 439 4343 Psal.
465 4298 633 4351 XVIII,
668 4283 754 4339 15.
836 4284 880 4316 ⁸⁸
915 4282 1068 4339 Rom.
1100 4301 1198 4351 vn,
1219 4285 1411 4342 22-24.
1491 4286 1537 4319 ’°
1560 4284 1688 4340 ibid.
1719 4285 1808 4341 25.

214 4448 330 4520 (31)
363 4443 634 4514 Σκιρώσ.
658 4440 1070 4515 Σκιρῤὡσαντα.
1102 4442 1295 4513 Epiph.
1320 4458 1378 4497 ιι.
1409 4441 1499 4507 61,
1560 4443 1739 4499 ἐνσκι-

1850 4441 2050 4520 hgmini
2078 4442 2379 4520 violentum
2408 4449 2513 4520 est,
2541 4441 2840 4520 quodnejtm
2873 4442 3066 4520 potiori
3114 4441 3277 4520 parti,
3315 4440 3411 4496 καὶ

139 4510 522 4596 abes-3919C-
601 4582 657 4596 η.
1486 4589 1496 4596 .
1687 4590 1698 4596 -

1850 4511 2000 4595 τῷέν
2032 4512 2180 4596 ας)τῷ
2201 4510 2648 4596 ἡγεμονικῷ-νη
2691 4510 2846 4596 ίίιέτίιἒ
2873 4510 3407 4596 ’Νειιιει-.“ξιιιει’βι·εε

214 4589 332 4658 (52)
377 4590 548 4657 Ἀγλ.
601 4582 792 4658 Sirm.,
849 4582 1216 4658 ’Aﬂaézppqv,
1263 4592 1322 4639 ut
1373 4589 1535 4655 paulo
1581 4590 1726 4653 post.
1771 4632 1811 4658 η
1843 4581 1975 4658 satis
2007 4581 2221 4658 videtur
2250 4581 2389 4637 hanc
2414 4581 3009 4658 Methodianmphrasis
3038 4581 3103 4636 ad
3140 4584 3409 4637 intentum

138 4632 1352 4728 Αιχἱῑᾙῑρὶιέἐπῖἱὶιρ.”ἰὶῌὶἑίιὶθ,ίῖιῇᾧξςιῖόξῷιὶ-”’Δ
1375 4632 1528 4728 ri"
1583 4632 1726 4728 ’ξ’
1766 4632 1812 4688 Β
1838 4632 2906 4728 isserat;sissiiataigai'agmggitge;

213 4716 332 4795 (55)
355 4716 473 4782 ’σαὶ
494 4727 661 4781 etiam
690 4716 1073 4795 iniprobus'ille
1108 4716 1284 4795 hostis
1308 4722 1589 4795 _insidens.
1641 4722 1735 4795 Sic
1888 4716 2675 4795 '(55).Nititirumpquktestione'm
2691 4723 2978 4795 dissolvens
3010 4723 3403 4795 declaransgue,

139 4788 481 4869 clare'apud
525 4788 915 4869 Epiphanium,
971 4792 1260 4869 referendo
1291 4792 1591 4869 diabolum,
1642 4793 1735 4863 qui
1836 4788 1942 4869 etc'.
1987 4794 2201 4869 ξΑμέλει
2235 4788 2601 4869 διαλυόμενος.
2634 4794 2694 4869 In
2734 4794 2875 4849 idem
2913 4794 3051 4869 redit
3103 4796 3243 4869 apud
3275 4788 3406 4864 Epi-

143 4862 399 4927 invadat.
438 4882 506 4920 ac
539 4862 691 4921 velut
734 4864 998 4933 inequitet
1028 4862 1334 4933 cupiditati,
1392 4864 1512 4933 ejus
1545 4863 1598 4917 in
1632 4862 1734 4918 nos

143 4950 335 4989 motus
371 4935 726 4989 inordinatos
760 4934 1117 4989 succendens.
1154 4932 1291 4987 Male
1316 4948 1446 4989 ergo
1474 4932 1734 4989 Schottus

1850 4862 2096 4949 phanium
2141 4882 2199 4919 ιι.
2235 4864 2326 4928 62,
2371 4862 2432 4946 τό
2464 4864 2865 4935 διαλεγόμενος,
2904 4865 3051 4946 velut
3094 4862 3403 4946 edisserens.

1850 4937 2098 4989 schottus
2119 4951 2247 4989 vero
2277 4949 2464 4989 nescro
2490 4950 2598 4989 (Illa
2623 4936 2934 4989 narenthem
2951 4941 3124 4989 totum
3157 4937 3403 4989 involwt.

92 4994 99 5000 .
140 4950 335 4997 motus
371 4935 726 4992 inordinatos
760 4932 1117 5005 succendens.
1154 4932 1291 4987 Male
1316 4948 1446 5003 ergo
1474 4932 1734 5005 Schottus
1837 4932 2098 4991 Schottus
2119 4951 2247 4990 vero
2277 4934 2464 5005 nescio
2490 4950 2598 5003 qua
2623 4932 2934 5005 parenthesi
2951 4941 3124 4991 totum
3157 4936 3404 4999 involvit,

139 5012 337 5067 retulit
373 5007 443 5063 ad
490 5005 792 5072 hominem,
838 5003 958 5075 ipso
1003 5004 1166 5060 etiam
1219 5002 1555 5077 repugnante
1590 5002 1735 5059 Pbo-
1830 5006 2052 5075 jamque
2084 5013 2304 5076 repente
2349 5002 2641 5077 liberatum
2671 5004 2901 5077 Paulum
2935 5021 3096 5077 quem
3136 5005 3402 5062 hactenus

138 5085 612 5139 tianocontcxlu.
684 5145 694 5148 _
819 5144 862 5148 _
921 5145 931 5148 _
1003 5146 1013 5148 _
1129 5143 1174 5148 __
1249 5145 1259 5148 _
1474 5093 1482 5102 '
1582 5144 1596 5148 _
1834 5074 2202 5148 captivitatem
2246 5080 2561 5148 querentem
2596 5074 2918 5148 habuimus1
2951 5074 3185 5148 inducit.

216 5152 336 5228 (δᾴ)
346 5148 415 5228 _1_V
421 5164 507 5228 ant
539 5145 695 5228 quasi
742 5144 892 5228 nobis
914 5145 1062 5228 ipsis.
1089 5216 1101 5228 I
1127 5143 1214 5228 ἐἷς
1241 5145 1485 5228 ἑαυτοῖς..
1515 5144 1638 5228 vel,
1674 5152 1734 5200 ut

1874 5143 2231 5228 _(5A6)~Gratia
2265 5143 2402 5228 ‘Deo.
2437 5143 2649 5228 habent
2684 5147 2846 5228 modo
2871 5145 3069 5228 _Gra_:_ca
3097 5143 3405 5228 εὐχαριστῶ

140 5213 292 5297 apud
318 5213 573 5297 ’ξριτιξιῇ
624 5213 714 5297 -ὼς
740 5216 816 5297 ’ἐν
870 5216 1245 5297 ᾑμῖν-αὐτοῖς,
1279 5214 1528 5297 quodin
1586 5213 1729 5297 idem

1850 5213 1921 5288 τῷ
1940 5213 2080 5288 Θεῷ,
2114 5232 2217 5271 nec
2241 5226 2325 5272 est
2357 5215 2649 5297 verisimile
2681 5216 2924 5297 l‘uissein
2960 5219 3067 5272 illis
3105 5213 3398 5297 quidquam

142 5284 311 5352 redit.
344 5284 843 5360 Signiﬁcaturista
868 5284 1089 5360 bonitas
1138 5286 1222 5339 vel
1282 5285 1508 5360 malitia,
1560 5293 1641 5360 ut_
1673 5285 1728 5339 in
1833 5284 2100 5360 mutatum
2127 5302 2361 5360 {aeneo
2387 5293 2648 5360 nostrum
2685 5287 3046 5360 interpretem
3075 5284 3180 5343 sibi
3222 5284 3402 5360 indul-

141 5368 307 5424 nobis
372 5353 439 5414 ac
491 5370 666 5440 penes
712 5354 1000 5440 judicium
1036 5363 1315 5437 nostrum,
1364 5353 1730 5440 Sequentibus
1833 5356 2286 5440 slssehquodhie
2312 5355 2592 5440 Sch'ottus,
2625 5365 2683 5411 ut
2713 5353 2848 5440 grati
2884 5358 3049 5440 animi
3082 5355 3400 5440 expressioa

142 5423 277 5494 vero
302 5423 537 5502 exponit
560 5426 861 5502 discrimen
893 5432 1074 5502 motus
1105 5425 1355 5502 animiin
1372 5425 1434 5502 _i_d
1456 5423 1600 5502 quod
1632 5441 1731 5502 na-
1832 5442 1954 5502 nem
1980 5423 2148 5502 illam,
2181 5429 2233 5482 in
2274 5427 2518 5502 beneﬁcii
2548 5423 3232 5502 assertionentmutaverit.
3268 5423 3402 5502 Cre-

143 5520 265 5565 tura
290 5493 500 5560 bonum
527 5504 636 5558 est,
666 5503 718 5568 et
747 5494 799 5547 id
829 5493 975 5568 quod
997 5493 1617 5568 tantumabﬂell‘ectigle
1644 5496 1730 5568 hic
1833 5497 2061 5552 diderim
2094 5513 2222 5568 ergo
2254 5496 2578 5560 reddidisse,
2612 5506 2668 5551 ut
2710 5499 3047 5554 Methodiana
3076 5496 3143 5549 ad
3174 5495 3397 5568 verbum

143 5520 265 5565 tura
290 5512 500 5560 bonum
527 5512 636 5558 est,
666 5512 718 5546 et
747 5512 799 5547 ιιι
829 5512 975 5565 quou
997 5512 1203 5548 tantum
1239 5512 1306 5550 an
1333 5512 1545 5550 euecuo
1585 5512 1617 5552 e
1644 5512 1730 5551 me
1833 5512 2061 5552 utaertm
2094 5513 2222 5568 ergo
2254 5512 2578 5560 reuututsse,
2612 5512 2668 5551 ut
2710 5512 3047 5554 Metuomana
3076 5512 3143 5549 aa
3174 5512 3397 5550 vernum

142 5589 198 5636 et
237 5590 390 5634 nunc
413 5570 546 5629 boni
583 5565 850 5621 rationem
875 5563 1050 5618 induit
1083 5585 1096 5619 :
1131 5573 1188 5618 ut
1219 5566 1269 5618 in
1304 5566 1435 5620 illud
1468 5512 1631 5688 ιᾲ
1650 5566 1728 5621 fe-
1830 5567 2071 5624 habent:
2111 5567 2296 5622 Gratia
2322 5568 2449 5626 Deo.
2483 5569 2626 5638 quod
2663 5571 2913 5632 subinde,
2934 5567 3263 5636 scriptorum
3296 5564 3400 5617 im-

144 5662 301 5688 m“..-
342 5647 497 5688 πριιιι
528 5654 633 5688 sum
664 5637 779 5688 inse
804 5634 1075 5688 pondere:
1126 5635 1179 5688 in
1202 5635 1332 5688 illud
1366 5637 1510 5688 velut
1568 5650 1595 5688 r
1629 5637 1728 5688 ha-
1831 5640 2024 5688 neritia
2058 5647 2266 5688 mutato
2298 5658 2328 5688 ο
2360 5639 2413 5688 in
2447 5640 2484 5688 ἰ.
2519 5636 2705 5688 Gratia
2747 5640 2841 5688 Dei
2894 5638 3097 5688 factum
3134 5636 3226 5688 sit.
3262 5632 3399 5688 Nam

144 5632 320 5717 ratur,
342 5647 497 5703 velut
528 5654 633 5717 suo
664 5637 779 5706 ipse
804 5634 1075 5717 pfltldere'z
1126 5635 1179 5688 in
1202 5635 1332 5716 illud
1365 5632 1728 5717 velut'ﬁ'liha-
1831 5640 2025 5717 peritia
2058 5647 2266 5693 mutato
2298 5658 2328 5694 o
2360 5639 2413 5693 in
2447 5632 2705 5717 ἰςϐζαιὶᾳ
2728 5640 2850 5717 _I)ei_
2894 5632 3239 5717 factum-sit:
3262 5632 3399 5717 Nam
3495 5641 3499 5645 ’

146 5704 338 5777 iiii-"ai;
380 5717 435 5772 vi
472 5704 717 5785 quadam
771 5704 963 5785 agatur
992 5722 1004 5757 :
1034 5705 1308 5785 sic_enim
1363 5706 1452 5759 illa
1502 5707 1726 5778 φέρεται
1829 5704 1884 5764 et
1931 5709 2295 5782 Hieronymus
2338 5716 2533 5785 quaest.
2569 5709 2623 5785 8’,
2672 5708 2743 5785 ad
2789 5706 3064 5785 Algasiam
3116 5707 3190 5785 ita
3229 5704 3396 5785 legit‘;

149 5770 452 5860 ὲῖἰξὲτάι,
488 5770 708 5840 delectu
738 5770 1075 5848 sigutiticant;
1098 5776 1212 5831 sive
1264 5770 1594 5858 postremum
1642 5793 1726 5832 re-
1829 5795 1930 5904 Ero
1957 5797 2066 5851 quo
2095 5770 2280 5853 postea
2313 5770 2535 5849 reperit,
2579 5776 2791 5857 Gratias
2835 5770 2929 5848 ego
2962 5775 3087 5832 Deo.
3128 5770 3306 5833 Plura'
3333 5770 3395 5828 1“.

156 5864 293 5904 tam:
316 5861 408 5904 τὸν
440 5855 589 5904 νοῦν.
627 5857 689 5904 ιιι
721 5856 894 5904 potest
922 5847 1206 5902 commode
1234 5847 1374 5904 anud
1422 5846 1674 5902 Phottum
1707 5867 1720 5903 :
1875 5866 2004 5904 ucas
2043 5850 2354 5904 Bruaensis.
2382 5850 2562 5904 Estius
2591 5858 2643 5902 et
2665 5849 2775 5900 alu.

155 5846 296 5919 ΐοισιιί
316 5861 408 5915 τὸν
438 5846 589 5919 νοῦν,
627 5857 689 5905 ιιι
720 5846 894 5919 potest
922 5847 1210 5925 conn-aede
1234 5847 1376 5925 apud
1422 5846 1674 5925 Pho_t_ium
1707 5867 1720 5903 :
1831 5846 2004 5909 Lucas
2043 5846 2354 5925 Brugcnsis,
2379 5846 2562 5906 Estius
2591 5858 2643 5902 et
2665 5848 2775 5900 alii.

155 5916 385 5992 εἰγετὸν
417 5916 736 5999 ἄνθρωπον,
763 5927 820 5975 ιιι
840 5927 923 5977 est
951 5918 1089 5990 apud
1118 5916 1495 5997 Epiphanium.
1521 5917 1656 5975 Nam
1672 5927 1726 5976 et

1836 4788 1942 4849 elc'.
1987 4794 2201 4865 Ἀμέλει
2235 4788 2601 4865 διαλυόμενος.
2634 4794 2694 4865 In
2734 4794 2875 4849 idem
2913 4794 3051 4848 redit
3103 4796 3243 4865 apud
