3962 6278
196 405 308 462 309

1328 410 1418 466 EX
1455 409 1660 467 LIBRO
1694 409 1781 465 DE
1819 409 2423 469 RESURRECTEONE.

3373 419 3480 477 διο

195 520 370 590 δγκον
405 522 512 594 τῆς
556 524 789 597 δρυάδες
820 527 1322 583 καταναλίσκουσιν.
1362 529 1563 601 ΓἘχρῆν
1592 529 1720 601 γὰρ,
1762 546 1785 581 ε

1913 543 1943 582 a
1976 527 2252 583 radicibus
2279 527 2580 586 ascendens
2616 539 2782 596 terra,
2833 530 3174 603 lignescerct,
3214 540 3272 588 ut
3298 538 3479 592 omnis

193 607 409 684 ἀληθὲς
451 610 547 686 ἦν,
592 617 684 670 διὰ
727 617 834 671 τῶν
881 619 1046 691 ῥιζῶν
1089 620 1456 692 ἀνερχομένην
1506 619 1806 685 ἀποξυλοῦ-

197 707 331 761 σθαι
363 708 483 780 (62)
521 710 626 782 τὴν
660 712 782 782 γῆν,
816 712 1029 766 ἅπαντα
1055 712 1146 766 τὸν
1182 713 1312 784 περὶ
1345 713 1484 767 αὐτὰ
1507 712 1670 767 τόπον
1703 713 1806 784 τῆς

195 803 309 874 γῆς
335 804 739 870 κοιλαίνεσθαι,
768 807 848 859 ὅτι
879 808 954 879 μὴ
983 807 1255 879 ὲπιρῤέειν
1281 808 1490 876 πέφυκε
1523 806 1584 860 τὸ
1617 806 1800 879 ξηρὸν,

197 894 472 968 καθάπερ
495 897 676 951 καὶτὸ
703 899 886 969 ὑγρὸν,
921 899 1008 952 ἀεὶ
1038 901 1172 971 πρὸς
1203 899 1265 953 τὸ
1292 899 1624 972 κινούμενον.
1663 901 1802 972 Ἤδη

197 986 260 1040 δὲ
298 988 398 1041 καὶ
441 991 632 1053 συκαὶ,
662 989 755 1042 καὶ
791 988 926 1043 ἄλλα
957 990 1181 1044 τοιαῦτα
1219 990 1393 1060 φυτὰ,
1430 991 1705 1062 μνημείων
1746 993 1804 1044 ἐν

199 1077 625 1150 οἰκοδομήμασι
651 1079 907 1145 πολλάκις
928 1080 1326 1152 βλαστήσαντα,
1353 1081 1503 1135 οὐδὲν
1530 1083 1609 1146 εἰς
1636 1082 1803 1137 ἑαυτὰ

198 1167 308 1240 τῆς
351 1170 649 1244 οἰκοδομῆς
689 1172 823 1237 ὅλως
864 1173 1203 1247 ἱστοροῦνται
1233 1173 1695 1244 κατηναλωκέναι.
1739 1174 1802 1226 Εἰ

199 1261 344 1330 γοῦν
381 1263 528 1317 ἐτῶν
560 1264 766 1318 πολλῶν
795 1265 1213 1335 συλλογίσασθαί
1239 1283 1324 1330 τις
1349 1266 1439 1321 τὸν
1469 1265 1679 1338 καρπὸν
1701 1266 1800 1318 αὺ-

201 1354 322 1409 τῶν
352 1357 453 1411 καὶ
486 1356 559 1411 τὰ
598 1357 769 1427 φύλλα
801 1358 1111 1432 βουληθείη,
1157 1359 1364 1413 κατίδοι
1395 1358 1460 1414 ἂν
1492 1359 1799 1413 πολλαπλα-

205 1447 368 1503 σίονα
411 1448 516 1519 τῆς
559 1449 786 1503 ἐπὶτῶν
834 1451 1114 1522 μνημείων
1145 1451 1249 1521 γῆς
1290 1450 1384 1505 τὸν
1431 1451 1594 1522 δγκον
1623 1449 1800 1505 αὐτῶν

202 1539 608 1610 γεγενημένον.
651 1539 812 1593 Ὅθεν
859 1539 1206 1596 ἀτοπώτατον
1245 1541 1492 1614 ἡγεῖσθαι
1537 1541 1635 1612 τὴν
1673 1542 1804 1615 γῆν,

203 1632 291 1692 εἰς
324 1631 560 1703 καρπῶν
597 1630 768 1703 φορὰν
800 1632 1276 1706 μεταϐαλλομένην
1305 1635 1395 1688 καὶ
1433 1633 1608 1704 φύλλα
1663 1653 1800 1692 κατ-

198 1720 616 1776 αναλίσκεσθαιο
646 1720 748 1774 κᾶν
797 1720 864 1774 δι’
913 1722 1083 1794 αὐτῆς
1131 1723 1346 1776 ἅπαντα
1393 1722 1599 1792 γίνεται
1661 1723 1796 1792 (65),

203 1805 339 1878 ἕδρᾳ
373 1809 517 1880 αὐτῇ
554 1809 823 1882 χρώμενοι
861 1812 954 1866 καὶ
987 1812 1154 1883 τόπῳ.
1189 1814 1322 1868 Οὐδὲ
1345 1812 1453 1885 γὰρ
1483 1815 1644 1886 ἄρτος
1679 1814 1802 1884 δίχα

203 1899 380 1968 μύλου
411 1901 512 1954 καὶ
538 1903 724 1962 τόπου,
758 1905 849 1956 καὶ
878 1905 1092 1976 χρόνου,
1129 1905 1223 1959 καὶ
1250 1906 1420 1976 πυρὸς
1449 1906 1674 1974 γίνεται-
1707 1907 1801 1959 καὶ

196 1991 356 2044 οὐδέν
383 1993 540 2048 ἐστιν
565 1993 598 2065 ἢ
627 1995 837 2062 γίνεται
864 1995 1068 2050 τούτων
1103 1997 1131 2050 ὁ
1161 1999 1343 2071 ἄρτος.
1372 1999 1483 2052 Καὶ⁴
1511 1997 1604 2050 ἐπὶ
1628 1995 1802 2051 ἄλλων

195 2084 426 2154 μυρίων
455 2085 741 2149 ὡσαύτως.

266 2172 347 2230 Ε’.
374 2175 503 2228 Ὅτι
521 2179 609 2245 τὸ,
625 2175 882 2246 Οἴδαμεν
896 2177 1027 2246 γὰρ,
1052 2179 1152 2244 ὡς,
1178 2177 1339 2249 ἐὰνὴ
1359 2179 1619 2252 ἐπίγειος
1634 2183 1802 2254 ἡμῶν

189 2267 359 2321 οἰκία
393 2267 507 2322 τοῦ
539 2269 810 2338 σκήνους
843 2269 1176 2340 καταλυθῇ,
1203 2273 1297 2326 καὶ
1331 2271 1477 2345 ἑξῆς·
1506 2276 1555 2327 οί
1590 2276 1799 2347 Ὠριγε-

1908 619 2334 690 circumquaque
2367 620 2520 676 locus
2556 629 2884 691 cavaretur;
2913 624 3057 694 quod
3093 631 3327 696 nequeat
3353 642 3478 682 cor-

1907 725 2010 780 pus
2039 709 2276 775 aridum,
2309 709 2484 764 instar
2508 712 2826 767 substantiae
2852 713 3105 778 humidae,
3153 713 3220 768 ad
3254 715 3306 769 id
3331 718 3476 788 quod

1905 812 2154 856 movetur
2175 807 2229 856 et
2263 799 2406 854 cedit
2445 801 2583 865 loco,
2613 805 2870 858 continuo
2910 804 3052 859 velut
3080 803 3307 870 afﬂuxu,
3331 823 3464 862 con-

1907 893 2149 950 tendere.
2188 893 2306 949 Jam
2336 912 2463 951 vero
2483 897 2644 952 etiam
2677 897 2811 953 ﬁcus
2837 896 3208 970 videmus(64)
3237 900 3476 972 aliasque

1905 985 2172 1056 ejusmodi
2198 986 2418 1058 stirpes,
2451 989 2745 1045 exstructis
2774 991 3142 1046 monumentis
3172 990 3473 1048 adnascen-

1904 1086 2008 1141 tes,
2035 1083 2096 1132 ut
2131 1076 2267 1132 nihil
2293 1077 2518 1134 omnino
2543 1079 2756 1134 aedilicii
2788 1080 2844 1134 in
2865 1096 2923 1136 se
2957 1079 3104 1150 ipsas
3127 1090 3470 1138 convertant.

1905 1167 1963 1224 Si
1981 1169 2104 1242 quis
2121 1185 2252 1227 sane
2283 1171 2460 1227 editos
2481 1173 2666 1228 multis
2688 1175 2846 1229 annis
2870 1171 3081 1230 fructus
3110 1172 3346 1246 foliaque
3361 1175 3475 1231 col-

1902 1263 2070 1335 ligere
2098 1265 2368 1328 statuerit,
2405 1265 2598 1321 multis
2630 1266 2879 1335 partibus
2915 1268 3216 1323 auctiorem
3252 1269 3470 1334 molem,

1901 1361 2047 1409 terra
2076 1355 2442 1411 monumentis
2475 1366 2692 1428 aggesta
2729 1359 3088 1428 perspexerit.
3121 1357 3473 1416 Absurdissi-

1898 1461 2047 1501 mum
2077 1461 2208 1517 ergo
2239 1455 2342 1512 est,
2369 1448 2709 1514 existimare,
2731 1456 2932 1506 terram
2950 1452 3005 1506 in
3023 1450 3300 1508 fructuum
3319 1455 3473 1510 uber-

1897 1543 2068 1594 tatem
2095 1536 2335 1609 t‘oliaque
2367 1540 2618 1595 consumi
2653 1557 2668 1607 ;
2701 1555 3015 1611 quanquam
3056 1558 3151 1612 per
3175 1543 3315 1599 banc
3343 1545 3475 1601 ﬁant

1897 1631 2102 1697 omnia,
2152 1631 2348 1689 ‘sedem
2379 1632 2494 1704 ipsa
2526 1641 2580 1689 et
2607 1631 2787 1689 locum
2838 1642 3151 1705 praestante.
3205 1635 3340 1692 Nam
3373 1653 3474 1693 ne-

1897 1740 2004 1794 que
2028 1725 2184 1796 panis
2232 1725 2352 1782 sine
2382 1725 2526 1781 mola
2579 1725 2662 1791 ﬁt,
2692 1727 2810 1782 sine
2836 1727 2978 1793 loco,
3004 1729 3122 1784 sine
3150 1735 3396 1801 tempore
3417 1737 3472 1784 et

1897 1817 2044 1887 igni:
2097 1833 2199 1874 nec
2237 1825 2421 1874 tamen
2455 1820 2652 1874 horum
2686 1818 2890 1890 aliquid
2915 1827 2999 1876 est
3045 1828 3141 1875 aut
3183 1819 3245 1876 ﬁt
3289 1821 3469 1892 panis.

1899 1907 2056 1975 Quod
2083 1911 2264 1982 ipsum
2287 1911 2346 1968 in
2373 1913 2650 1970 sexcentis
2679 1913 2803 1969 aliis
2824 1912 3112 1985 contingit.

1971 2169 2039 2227 ν.
2070 2170 2187 2228 Hoc
2211 2170 2394 2228 Pauli:
2423 2170 2631 2228 Scimus
2663 2171 2822 2238 enim,
2845 2171 3096 2242 quoniam
3127 2171 3175 2226 si
3204 2175 3466 2228 terrestris

1899 2263 2085 2319 domus
2112 2276 2296 2320 nostra
2323 2264 2648 2319 tabernaculi
2673 2262 2995 2318 dissolvatur
3013 2263 3083 2330 τ’,
3112 2270 3220 2319 etc.
3281 2263 3470 2335 Orige—

191 2359 382 2413 νισταὶ
432 2362 515 2424 εἰς
556 2360 833 2433 ἀναίρεσιν
866 2363 965 2433 τῆς
994 2362 1102 2415 τῶν
1148 2364 1416 2434 σωμάτων
1453 2365 1785 2430 ἀναστάσεως

1897 2359 2056 2414 nistae
2077 2357 2143 2412 ad
2179 2356 2474 2412 tollendam
2497 2371 2788 2429 corporum
2807 2355 3265 2412 resurrectionem
3294 2357 3466 2428 profc-

194 2451 625 2520 προϐἁλλονται,
654 2454 846 2525 σκῆνος
872 2453 934 2510 τὸ
961 2453 1136 2526 σῶμα,
1165 2455 1257 2509 καὶ
1294 2456 1700 2530 ἀχειροποίητον
1738 2461 1785 2513 ὲκ

1895 2458 2025 2505 runt
2055 2490 2071 2516 ,
2099 2449 2366 2514 dicentes,
2391 2449 2810 2505 tabernaculum
2837 2464 2959 2504 esse
2979 2464 3216 2520 corpus;
3244 2449 3466 2505 domum

195 2544 461 2613 οὐρανοῖς
482 2548 675 2614 οἰκίαν,
701 2549 767 2602 τὰ
795 2551 924 2620 παρ’
957 2549 1132 2604 αὐτῶν
1154 2551 1500 2622 πνευματικὰ
1527 2552 1785 2624 ἐνδύματα

1895 2551 2074 2598 autem
2103 2558 2214 2598 non
2245 2558 2412 2598 manu
2459 2541 2662 2596 factam
2691 2541 2748 2596 in
2779 2541 2954 2606 cmlis,
2989 2558 3108 2612 quae
3139 2541 3215 2597 illi
3239 2542 3466 2597 commi-

197 2634 484 2702 λέγοντες.
517 2639 629 2705 Διὸ,
675 2639 837 2712 φησὶν
878 2643 906 2692 ὁ
949 2641 1100 2708 ἆγιος
1127 2641 1410 2707 Μεθόδιος,
1439 2645 1678 2713 ἐπίγειον
1718 2648 1785 2700 οἰ-

1892 2637 2180 2692 niscuntur
2219 2635 2484 2706 spiritalia
2533 2633 2874 2689 indumenta.
2926 2633 3064 2690 Hinc
3091 2634 3223 2690 dicit
3256 2633 3315 2690 S.
3352 2633 3464 2691 Me-

192 2726 324 2779 κίαν
379 2727 488 2801 τὴν
539 2732 771 2785 ἐνταῦθα
825 2732 1111 2805 βραχύϐιον
1155 2733 1300 2805 ζωὴν
1343 2737 1785 2809 καταχρηστικῶς

1890 2729 2132 2794 thodius,
2163 2743 2260 2798 per
2275 2733 2590 2782 terrestrem
2624 2726 2869 2790 domum,
2892 2726 3109 2782 brevem
3142 2726 3283 2780 lianc
3297 2725 3463 2780 vitam

184 2818 464 2891 ληπτέον,
505 2825 599 2877 καὶ
638 2825 698 2877 οὐ
748 2826 808 2878 τὸ
839 2826 1037 2896 σκῆνος
1074 2826 1250 2880 τοῦτο.
1291 2829 1355 2881 Εἰ
1404 2827 1510 2900 γὰρ
1553 2831 1785 2899 ἐπίγειον

1890 2821 2116 2876 abusive
2160 2818 2570 2891 intelligendam
2605 2833 2902 2897 ;non_vero
2923 2833 3044 2874 esse
3072 2820 3176 2873 hoc
3205 2819 3464 2874 taberna-

190 2911 372 2966 οἰκίαν
413 2915 830 2987 καταλυομένην
869 2916 928 2969 τὸ
963 2916 1120 2989 σῶμα
1161 2919 1406 2972 τίθεσθαι
1432 2920 1593 2974 αὑτὸν
1637 2922 1788 2993 νομί-

199 3004 356 3070 ζετε·
410 3008 676 3076 φράσατε,
711 3008 772 3061 τὸ
811 3010 1006 3080 σκῆνος
1039 3009 1092 3062 τί
1123 3011 1294 3077 ἐστιν,
1344 3003 1406 3065 οὗ
1442 3015 1474 3084 ἡ
1507 3014 1654 3066 οἰκία
1687 3031 1786 3068 κα-

195 3096 493 3164 ταλύεται;
523 3099 746 3171 Ἕτερον
777 3100 886 3172 γὰρ
913 3101 974 3154 τὸ
1002 3102 1217 3173 σκῆνος,
1251 3103 1345 3157 καὶ
1375 3103 1501 3158 ἄλλο
1527 3103 1621 3158 τοῦ
1652 3107 1785 3178 σκή-

196 3205 327 3252 νους
356 3191 390 3261 ἡ
432 3191 578 3244 οἰκία
598 3207 610 3220 ·
659 3192 752 3245 καὶ
781 3191 966 3264 ἕτερον
1008 3195 1186 3264 ἡμεῖς,
1219 3187 1293 3247 ὧν
1327 3195 1443 3248 ἐστι
1470 3195 1531 3248 τὸ
1562 3196 1779 3268 σκῆνος.

208 3279 348 3333 Ἐὰν
379 3281 489 3351 γὰρ
518 3284 556 3351 ἠ
596 3283 854 3354 ἐπίγειος
888 3282 1056 3354 ἡμῶν
1095 3286 1274 3353 οἰκία,
1304 3284 1460 3357 φησί,
1488 3286 1596 3340 τοῦ
1632 3285 1783 3355 σκή-

192 3387 346 3439 νους
368 3375 707 3444 καταλυθῇ·
743 3372 852 3430 οἷον
880 3377 1029 3448 ἡμᾶς
1059 3377 1157 3448 μὲν
1184 3376 1282 3443 τὰς
1313 3377 1490 3448 ψυχὰς
1519 3373 1657 3433 εἶναι
1689 3379 1782 3452 δη-

192 3463 409 3530 λώσας·
452 3467 649 3537 σκῆνος
691 3467 746 3522 δὲ
793 3468 855 3522 τὸ
899 3468 1086 3540 σῶμα·
1126 3468 1304 3522 οἰκίαν
1330 3470 1387 3523 δὲ
1420 3468 1514 3524 τοῦ
1548 3471 1780 3541 σκήνους

1887 2914 2090 2968 culum.
2121 2911 2179 2968 Si
2207 2913 2375 2976 enim,
2407 2910 2605 2982 inquit,
2632 2925 2728 2981 per
2759 2917 3073 2966 terrestrem
3107 2911 3328 2966 domum
3351 2912 3463 2968 dis-

1885 3006 2221 3071 solvendam,
2253 3019 2455 3074 corpus
2486 3014 2732 3056 nostrum
2766 3003 2835 3058 ab
2863 3018 2928 3058 eo
2968 3003 3193 3074 intelligi
3222 3003 3460 3073 putatis;

1883 3099 2013 3173 quid
2030 3099 2439 3155 tabernaculum
2454 3098 2544 3164 sit,
2559 3097 2768 3161 docete,
2788 3096 2945 3167 cujus
2969 3095 3163 3151 domus
3185 3097 3255 3150 sit
3271 3094 3462 3152 dissol-

1881 3191 2055 3248 venda
2082 3190 2106 3243 ?
2147 3190 2309 3246 Aliud
2339 3190 2485 3246 enim
2515 3199 2600 3246 est
2641 3189 3072 3253 tabernaculum,
3103 3187 3247 3241 aliud
3283 3188 3462 3242 taber-

1879 3284 2066 3341 naculi
2093 3283 2290 3338 domus
2327 3301 2342 3339 :
2371 3290 2426 3338 et
2454 3279 2604 3335 aliud
2637 3295 2738 3335 nos
2761 3320 2774 3345 ,
2812 3294 3046 3350 quorum
3082 3287 3165 3333 est
3204 3277 3458 3331 taberna-

1879 3379 2083 3435 culum.
2118 3375 2179 3433 Si
2221 3377 2380 3440 enim,
2422 3375 2619 3445 inquit,
2652 3372 2912 3428 terrestris
2946 3370 3132 3424 domus
3163 3377 3345 3423 nostra
3377 3379 3460 3422 ta-

1880 3469 2148 3526 bernaculi
2203 3468 2578 3523 dissolvatur:
2629 3467 2814 3532 velut,
2871 3478 2993 3519 esse
3041 3477 3165 3526 nos,
3202 3460 3456 3528 animas;

190 3551 292 3624 τὴν
319 3555 466 3610 κατὰ
490 3557 586 3627 τὴν
619 3556 898 3628 παροῦσαν
929 3558 1073 3630 ζωὴν
1100 3558 1397 3614 ἀπόλαυσιν
1426 3559 1524 3631 τῆς
1555 3559 1778 3631 σαρκὸς,

1888 3561 2296 3618 tabernaculum
2337 3568 2541 3624 autem,
2569 3573 2803 3628 corpus;
2829 3554 3164 3610 tabernaculi
3202 3568 3330 3607 vero
3359 3554 3459 3608 do-

187 3647 494 3715 τροπικῶς.
557 3649 680 3703 Ἐὰν
713 3646 805 3705 οὖν
839 3653 872 3722 ἠ
902 3651 996 3705 νῦν
1025 3651 1089 3724 δὴ
1138 3651 1278 3723 αὕτη
1321 3654 1355 3725 ἡ
1388 3651 1482 3706 τοῦ
1527 3652 1779 3724 σώματος

187 3738 309 3812 ζωὴ
356 3741 518 3812 δίκην
547 3741 722 3804 οἰκίας
749 3743 1044 3815 καταλυθῇ,
1089 3743 1281 3816 ἕξομεν
1327 3744 1426 3817 τὴν
1458 3747 1516 3799 ὲν
1542 3747 1655 3809 τοῖς
1686 3745 1778 3799 οὐ·

189 3835 382 3902 ρανοίς
420 3833 852 3905 ἀχειροποίητον.
903 3836 1394 3906 Ἁχειροποίητον,
1425 3837 1577 3909 φησὶ,
1602 3837 1690 3892 διὰ
1720 3837 1780 3890 τὸ

184 3925 578 3997 χειροποίητον
625 3925 828 3998 ταύτην
864 3926 1116 3996 λέγεσθαι
1157 3927 1255 4000 τὴν
1287 3927 1450 4001 ζωὴν,
1504 3929 1646 3983 κατὰ
1689 3929 1781 3982 ἀν-

183 4016 557 4088 τιδιαστολὴν,
602 4017 752 4089 παρὰ
801 4019 860 4073 τὸ
905 4019 1084 4075 πάντα
1130 4020 1286 4093 ἡμῶν
1332 4023 1402 4076 τὰ
1448 4025 1780 4095 κοσμήματα

185 4110 284 4163 καὶ
331 4109 728 4178 σπουδάσματα
777 4111 871 4165 τοῦ
925 4112 1041 4184 βίου
1093 4115 1250 4185 χερσὶ
1303 4114 1657 4187 παλαμᾶσθαι
1687 4116 1780 4170 ἀν-

185 4201 454 4275 θρώπων.
487 4203 560 4256 Τὸ
587 4205 696 4275 γὰρ
727 4203 904 4275 σῶμα,
932 4205 1320 4279 δημιούργημα
1345 4206 1588 4279 ὑπάρχον
1619 4205 1776 4273 Θεοῦ,

184 4294 574 4367 χειροποίητον
620 4295 682 4348 οὐ
745 4295 985 4365 λέγεται,
1035 4298 1116 4351 ὅτι
1151 4299 1226 4382 μὴ
1274 4299 1602 4372 ὲπαλαμήθη
1648 4300 1774 4371 τέχ-

189 4401 313 4450 ναις
340 4385 665 4458 ἀνθρὼπων.
693 4385 756 4440 Εἰ
783 4386 861 4452 δὲ,
891 4388 1024 4443 διότι
1057 4390 1162 4444 ὑπὸ
1185 4391 1318 4446 Θεοῦ
1350 4392 1776 4466 ὲδημιουργήθη,

1885 3669 2060 3718 man,
2083 3655 2268 3707 carnis
2302 3665 2527 3706 usuram
2571 3650 2626 3704 in
2655 3650 2766 3703 vita
2797 3647 3075 3719 praesenti,
3101 3644 3379 3721 m'oraliter
3403 3652 3458 3698 et

1887 3761 2052 3803 sensu
2101 3743 2335 3814 spiritali
2367 3740 2775 3814 signiﬁcaverit.
2813 3737 2870 3794 Si
2899 3753 3030 3810 ergo
3061 3736 3176 3792 haec
3209 3736 3456 3807 corporis

1885 3839 1995 3895 vita
2027 3839 2202 3894 instar
2225 3835 2421 3891 domus
2455 3834 2815 3896 dissolvatur,
2856 3831 3094 3886 habituri
3129 3844 3319 3884 sumus
3357 3827 3454 3882 do-

1885 3946 2034 3986 mum
2082 3929 2230 3983 illam
2261 3943 2370 3984 non
2399 3942 2566 3981 manu
2597 3925 2796 3981 factam
2841 3924 2894 3979 in
2929 3924 3106 3979 cmlis.
3144 3919 3314 3976 Vocat
3351 3936 3454 3975 non

1884 4037 2045 4074 manu
2075 4019 2295 4089 factam,
2337 4016 2656 4072 diﬂ‘erentiac
2709 4029 2920 4082 causa;
2977 4013 3122 4084 quod
3170 4013 3280 4067 vita
3335 4010 3452 4066 hinc

1884 4116 2007 4172 ideo
2036 4129 2200 4169 manu
2233 4112 2374 4166 facta
2408 4109 2642 4174 dicatur,
2665 4108 2809 4180 quod
2841 4107 3020 4163 omnis
3051 4107 3172 4176 ejus
3188 4108 3369 4162 cultus
3395 4115 3452 4163 et

1883 4200 2084 4266 studia,
2114 4199 2392 4254 hominum
2416 4197 2666 4252 manibus
2695 4196 3152 4252 administrentur
3175 4205 3230 4251 et
3261 4213 3453 4268 geran-

1876 4301 1986 4348 tur.
2019 4291 2156 4346 Nam
2190 4305 2410 4361 corpus,
2443 4303 2566 4344 cum
2595 4289 2670 4344 sit
2692 4286 2783 4342 Dei
2838 4286 3136 4357 opiﬁcium,
3175 4302 3284 4341 non
3313 4288 3450 4343 dici-

1873 4393 1965 4442 tur
1988 4400 2154 4439 manu
2181 4381 2407 4444 factum,
2442 4379 2590 4451 quod
2616 4395 2722 4434 non
2757 4379 2828 4434 sit
2849 4387 2966 4434 arte
3001 4379 3237 4432 humana
3272 4383 3444 4434 mani-

184 4479 569 4551 χειροποίητον
631 4479 763 4533 αὐτὸ
818 4480 1064 4546 λέξουσι·
1120 4485 1483 4556 χειροποίητοι
1527 4485 1635 4557 ἄρα
1685 4485 1777 4538 καὶ

1888 4494 1976 4535 οιιε
2004 4477 2367 4534 eil'ormatum.
2387 4471 2543 4539 Quod
2581 4472 2629 4528 si
2664 4471 2787 4526 ideo
2808 4485 3010 4542 corpus
3023 4470 3260 4525 dixerint
3281 4487 3444 4526 manu

185 4571 245 4623 αἱ
278 4570 471 4642 ψυχαὶ,
519 4570 688 4645 [καὶ]
731 4575 779 4626 οἱ
829 4573 1069 4644 ἄγγελοι,
1105 4578 1199 4629 καὶ
1243 4576 1314 4631 τὰ
1358 4577 1650 4652 ἐνδύματα,
1708 4576 1777 4634 τὰ

1888 4572 2098 4637 ’act-um,
2130 4570 2274 4642 quod
2305 4568 2437 4623 illud
2471 4566 2614 4622 Deus
2645 4565 2714 4621 sit
2739 4577 2999 4635 operatus
3026 4605 3041 4630 ,
3075 4564 3235 4634 plane
3266 4565 3446 4634 sequi-

188 4664 249 4715 ὲν
272 4665 389 4725 τοῖς
413 4663 676 4734 οὐρανοῖς.
705 4663 839 4718 Θεόὖ
868 4665 976 4738 γὰρ
1005 4667 1276 4740 αὑτουργή
1287 4685 1429 4738 ματα
1453 4670 1545 4725 καὶ
1567 4668 1761 4722 ταῦτα.

1871 4675 1982 4730 tur,
2014 4673 2075 4721 ut
2100 4673 2155 4720 et
2187 4665 2404 4727 animae,
2435 4671 2488 4716 et
2520 4659 2715 4729 angeli,
2750 4658 2975 4727 ipsaque
3004 4657 3058 4710 in
3091 4655 3246 4712 caelis
3275 4658 3446 4728 spiri-

190 4754 292 4819 Τίς
334 4749 426 4808 οὖν
457 4755 604 4808 ἐστιν
639 4759 672 4828 ἡ
721 4760 1094 4832 χειροποίητος
1122 4759 1302 4830 οἰκία;
1350 4761 1413 4819 Ἦ
1455 4761 1768 4840 βραχύϐιος,

1888 4759 2004 4818 alia
2028 4757 2572 4823 indumenta,,manu
2605 4749 2750 4808 facta
2776 4749 3049 4805 dicantur.
3083 4747 3294 4806 Nam-et
3326 4750 3441 4816 illa,

157 4905 171 4979 ξ
259 4911 308 4942 τ’
342 4907 406 4964 II
435 4907 636 4978 Conv,
673 4912 724 4967 ‘l.

191 5072 306 5141 tur,
343 5073 436 5120 aut
476 5075 624 5124 certe
661 5069 846 5123 minus
885 5070 1219 5141 percipiatur
1263 5072 1622 5128 subtractum.
1665 5071 1761 5127 Vi-

189 5138 382 5213 demus
413 5153 588 5213 quam.
606 5154 808 5213 paucos
827 5138 1062 5213 cineres,
1089 5158 1210 5213 quae
1245 5143 1358 5199 fere
1384 5152 1598 5198 terrena
1626 5145 1762 5200 sub—

189 5207 397 5286 stantia
419 5207 472 5262 in
513 5207 984 5286 combustibilibus
1029 5207 1134 5278 est',
1170 5216 1364 5286 ingens
1407 5215 1760 5286 rsilvayrelin-

1873 5073 2082 5135 levitas,
2115 5087 2222 5142 qua
2267 5068 2621 5142 etiamfaquis
2654 5075 3046 5142 supernatant;
3080 5084 3276 5142 aquam
3309 5083 3440 5124 vero

1875 5151 2074 5213 praeter
2103 5141 2208 5198 alia
2243 5141 2482 5198 ostendit
2516 5156 2706 5213 earum
2737 5141 2921 5197 virens
2952 5142 3216 5205 luxuries,
3253 5146 3439 5213 matu-

1868 5211 2159 5285 ratumque
2184 5221 2556 5285 augmentum,
2581 5212 2783 5283 quibus
2805 5213 2942 5268 locis
2962 5227 3118 5283 aquae
3144 5211 3301 5282 copia
3322 5224 3439 5263 ma-

189 5285 359 5349 quat:
384 5281 567 5335 inesse
585 5296 714 5335 vero
741 5282 1034 5352 plurimum
1057 5285 1199 5340 aeris
1217 5281 1528 5350 arboribus,
1559 5285 1765 5340 indicat
1869 5295 2020 5340 nant.

262 5482 375 5555 (se)
418 5483 620 5547 Ἀποξ.
657 5483 821 5540 Sirm.
856 5485 1264 5551 ἁναξυλοῦσθαι.

261 5554 378 5627 (63)
408 5555 669 5609 Γίνεται.
715 5555 828 5618 ΑΙ..
859 5556 1132 5624 γίνωνται.
1164 5557 1230 5611 Et
1265 5574 1392 5612 mox
1433 5557 1590 5627 forte,
1618 5579 1686 5634 χρ
1707 5561 1762 5614 ἱ)-

401 5695 564 5773 Ficus
584 5696 835 5773 uidemus,
859 5705 964 5753 etc.
988 5696 1248 5773 Accipere
1278 5699 1485 5773 aliquid
1512 5718 1542 5758 ε
1573 5702 1752 5773 paria-

190 5765 335 5822 tibus
366 5768 988 5843 quibusadnascuntur,
1029 5765 1342 5839 huj'usmodi
1371 5765 1491 5828 sive
1531 5765 1752 5843 capriﬁ-

1870 5490 2142 5560 lapidibus
2192 5490 2526 5562 intrusisque
2558 5490 2614 5545 in
2656 5491 2832 5545 locum
2854 5482 3432 5562 cmmentiradicibus,

1865 5555 2096 5639 ejusque
2133 5571 2364 5639 essucto
2387 5555 2567 5639 terreo
2597 5562 2907 5639 pinguiore;
2948 5568 3005 5613 ut
3034 5555 3228 5639 debeat
3261 5570 3434 5639 quan-

1863 5625 2044 5702 doque
2076 5634 2253 5703 paries
2283 5633 2478 5690 infesta
2503 5625 2836 5703 plantatione
2852 5625 3235 5703 depurgaudus
3259 5625 3428 5691 dirui,

1860 5702 2146 5776 novusque
2185 5702 2518 5776 instaurari:
2559 5704 2704 5776 quod
2745 5702 2862 5776 ipse

1857 5776 2028 5844 plum,
2055 5770 2111 5830 in
2135 5784 2398 5842 nostram,
2426 5770 2674 5843 stirpitus
2703 5770 2982 5844 evellendo
3013 5778 3255 5844 peccato,
3287 5785 3441 5833 mor.

2954 5696 3204 5754 ethodius
3244 5713 3438 5753 exent-

190 5851 304 5916 COS.
358 5837 471 5916 sive
517 5840 718 5910 stirpes
762 5843 920 5916 alias,
972 5837 1168 5916 praeter
1213 5843 1340 5916 alia,
1372 5844 1535 5916 etiam
1589 5837 1744 5899 ruina
1855 5837 2431 5916 iem.secuturamque
2460 5837 3176 5911 resurrectionem,egregie
3201 5839 3259 5898 in
3277 5857 3412 5911 supe

193 5906 447 5977 ostendit,
481 5906 644 5981 quam
675 5911 902 5986 tandem
951 5906 1182 5970 aedilicio
1217 5913 1468 5982 afferunt,
1501 5915 1745 5988 disjectis
1847 5917 2086 5976 rioribus
2115 5906 2355 5975 deducit:
