3962 6278
618 367 720 427 Sil
1585 367 1643 425 S.
1685 366 2017 424 METIIODII
2047 362 2355 426 EPISCOPI
2396 369 2483 423 ΕΤ
2525 367 2885 426 MARTYRIS
3781 368 3885 424 3f!

616 484 740 542 suis
766 482 914 538 velut
940 478 1207 545 manibus,
1236 478 1286 533 is
1319 477 1437 548 ipse
1467 487 1745 549 operatus,
1770 479 1916 534 fecit.
1938 479 2072 546 Quae
2099 491 2169 535 es:

2286 480 2359 545 ὡς
2392 479 2547 551 ἔφην,
2579 480 2716 553 αὕτη
2745 480 2879 552 ζωὴ,
2970 480 3067 534 ἀπ’
3101 480 3466 569 ἀνθρωπίνων
3497 479 3713 553 χειρῶν
3759 481 3883 554 δρα-

617 591 751 647 ergo
777 575 970 629 domus
1000 588 1161 626 manu
1193 570 1381 627 facta?
1434 570 1632 644 Utique
1670 574 1852 629 brevis
1880 577 1996 629 haec
2048 577 2169 637 vita1

2290 573 2729 645 ματουργημένη.
2778 574 2942 645 didm
2986 573 3114 646 γὰρ,
3168 574 3353 646 φησὶν,
3411 574 3487 628 ἐν
3527 573 3744 643 [amba
3779 575 3881 629 τοῦ

616 665 1066 741 quemadmodum
1115 665 1387 731 dicebam,
1439 666 1692 721 humanis
1724 665 1979 721 manibus
2034 666 2187 721 velut

616 764 808 818 alfecta
838 769 892 815 et
924 765 1251 814 sustentata.
1278 756 1414 813 Nam
1461 758 1659 830 inquit,
1686 757 1756 814 In
1782 759 1979 814 sudore
2009 759 2183 814 vultus

617 857 692 909 tui
712 853 928 909 vesceris
959 867 1095 922 pane
1128 859 1217 906 tuo
1251 851 1296 883 ⁷³
1324 867 1343 905 :
1374 866 1478 922 qua
1502 851 1791 917 dissoluta,
1821 851 2183 907 immortalem

613 947 761 1001 illam
784 944 951 998 vitam
983 959 1091 999 non
1114 959 1281 999 manu
1307 942 1505 998 factam
1522 958 1892 1014 occupamus:
1921 942 2184 1015 quemad-

612 1041 831 1097 modum
856 1041 972 1112 ipse
1003 1038 1269 1096 Dominus
1298 1038 1616 1104 declaravit,
1648 1054 1774 1095 cum
1800 1038 1940 1094 dixit
1971 1038 2053 1094 ’δε
2077 1036 2183 1094 Fa-

611 1136 709 1190 cite
756 1133 898 1190 vobis
929 1134 1125 1189 amicos
1161 1134 1225 1189 de
1266 1151 1567 1189 mammona
1595 1134 1773 1204 iniquo
1803 1132 1935 1205 (65),
1960 1141 2021 1187 ut
2063 1149 2182 1188 eum

608 1225 906 1295 defeceritis
934 1265 950 1290 ,
1003 1226 1260 1294 recipiant
1306 1240 1395 1279 vos
1446 1226 1501 1278 in
1559 1232 1759 1279 (eterna
1810 1222 2176 1281 tabernacula.

610 1317 768 1384 Quod
804 1318 948 1372 enim
976 1315 1089 1371 illic
1127 1312 1387 1370 Dominus
1417 1313 1758 1368 tabernacula
1784 1313 1998 1368 vocavit
2026 1352 2041 1377 ,
2089 1312 2181 1366 hic

609 1412 905 1483 Apostolus
958 1415 1119 1465 vocat
1169 1406 1499 1460 indumenta.
1551 1404 1707 1471 Quod
1738 1404 1850 1459 illic
1882 1405 2078 1458 amicos
2117 1402 2182 1458 de

604 1504 907 1577 iniquitate,
932 1502 1021 1557 hic
1037 1500 1331 1572 Apostolus
1350 1498 1533 1553 damas
1560 1496 1943 1552 dissolvendae.
1974 1496 2178 1563 Quem-

610 1596 901 1652 admodum
949 1608 1101 1665 ergo,
1149 1606 1274 1647 cum
1322 1590 1607 1662 praesentis
1648 1589 1774 1645 vitae
1814 1597 2018 1645 nostra:
2062 1587 2180 1645 dies

610 1687 928 1754 defecerint,
942 1695 1159 1741 nostras
1176 1684 1386 1739 animas
1403 1692 1530 1739 sunt
1552 1688 1845 1754 acceptura
1874 1680 2179 1739 beneﬁcen-

609 1781 699 1839 tiae
728 1779 941 1842 merita,
971 1777 1019 1834 si
1045 1791 1173 1849 qua,
1198 1775 1383 1847 iniqua
1403 1775 1505 1830 hac
1537 1775 1669 1838 vita,
1691 1774 2128 1846 comparavimus
2158 1790 2174 1843 ;

2285 665 2607 733 προσώπου
2660 681 2778 721 σου
2839 664 2946 719 τὸν
3000 664 3181 733 ἄρτον
3230 680 3382 721 σου·
3429 659 3501 739 ἧς
3544 665 3878 721 καταλυθεί-

2286 771 2406 826 σης,
2452 756 2668 828 ἐκείνην
2704 755 2802 828 τὴν
2840 756 3249 829 ἀχειροποίητον
3290 755 3438 830 ζωὴν
3476 757 3717 829 ἔχομεν.
3769 760 3876 813 Ka-

2284 845 2461 919 θάπερ
2493 849 2588 902 καὶ
2619 849 2649 902 ὁ
2682 847 2886 920 Κύριος
2913 848 3104 915 εἰπιὶιν,
3134 848 3401 921 ἐδήλωσεο
3429 849 3758 919 Ποιήσατε
3787 853 3874 921 φί-

2281 945 2433 1007 λους
2470 939 2539 994 ἐκ
2560 938 2671 1008 τῆς
2697 939 2933 1007 ἀδικίας
2960 941 3067 996 τοῦ
3097 939 3409 1012 μαμμωνᾶ,
3430 943 3557 1008 ἵνα,
3603 942 3762 997 ὅταν
3784 945 3871 997 ἑκ-

2280 1034 2515 1101 limits,
2558 1032 2844 1098 δέξωνται
2879 1032 3037 1103 ὑμᾶς
3065 1034 3152 1099 είς
3178 1033 3284 1100 τὰς
3297 1035 3587 1103 αἰωνίους
3609 1036 3869 1104 σκηνάς.

2288 1126 2353 1179 Ὃ
2384 1125 2497 1199 γὰρ
2556 1127 2674 1180 ἐκεῖ
2722 1126 2960 1195 σκηνὰς
2993 1126 3023 1178 ὁ
3063 1126 3266 1199 Κύριος
3297 1127 3547 1193 ἐκάλεσε,
3580 1129 3756 1183 «mino
3785 1131 3866 1183 ὲν-

2279 1219 2455 1274 ταῦθα
2493 1221 2523 1273 ὀ
2563 1219 2881 1283 ’Δπόστολος
2925 1219 3243 1290 ἐνδύματα.
3285 1222 3351 1273 Ὃ
3383 1220 3613 1276 δὲ’ὲκεῑῖ
3652 1223 3869 1289 φίλους

2278 1313 2347 1367 ἐκ
2377 1312 2487 1383 τῆς
2507 1313 2763 1380 ἀδικίας,
2798 1312 3031 1367 ἐνταῦθα
3059 1313 3511 1383 καταλυομένας
3543 1316 3577 1368 ὁ
3612 1315 3867 1369 11:63:9-

2278 1404 2369 1468 λος
2424 1405 2634 1472 οίκίας.
2682 1404 2950 1477 Καθάπερ
2979 1404 3133 1475 γοῦν,
3182 1407 3275 1460 ὲάν
3305 1405 3636 1478 ὲλλείψωσιν
3681 1410 3742 1460 αἱ
3775 1409 3865 1478 τῆς

2278 1496 2562 1569 παρούσης
2601 1496 2746 1568 ζωῆς
2776 1498 2931 1569 ἡμῶν
2964 1499 3187 1570 ἡμέραι,
3220 1499 3288 1553 τὰ
3317 1499 3448 1572 πρὸς
3479 1500 3749 1554 εὐποιίαν
3778 1502 3864 1565 τὰς

2277 1587 2455 1660 ψυχὰς
2505 1589 2664 1661 ἡμῶν
2707 1588 3053 1659 ὑποδέξονται
3110 1591 3611 1664 ἀγαθοεργήματα,
3677 1592 3716 1647 ἃ
3767 1594 3859 1646 ἀπὸ

2276 1681 2375 1752 τῆς
2403 1682 2460 1735 ὲν
2482 1685 2548 1754 τῇ
2574 1682 2756 1754 ἀδικίᾳ
2795 1683 2943 1755 ζωῆς
2987 1685 3356 1757 ἐκτησάμεθα,
3380 1687 3459 1759 τῷ
3482 1686 3599 1742 τὸν
3631 1690 3861 1759 κόσμω-

2275 1773 2348 1827 ἐν
2379 1773 2460 1840 τῷ
2505 1774 2745 1845 πονηρῷ
2795 1775 3028 1833 κεῖσθαι
3050 1793 3065 1807 ·
3099 1776 3260 1844 οὕτω,
3293 1778 3390 1851 τῆς
3435 1779 3590 1851 ζωῆς
3622 1782 3853 1836 καταλυ-

609 1890 677 1932 eo
708 1873 915 1944 iniqua,
949 1871 1091 1944 quod
1122 1871 1350 1925 mundus
1406 1870 1474 1925 sit
1509 1869 1712 1938 positus
1742 1871 1797 1925 in
1823 1867 2058 1939 maligno
2079 1867 2125 1901 ⁷⁵
2157 1883 2169 1921 :

2278 1864 2466 1939 θείσης
2497 1867 2596 1939 τῆς
2627 1867 2936 1941 ὠκυμόρου,
2962 1869 3060 1943 τὴν
3091 1870 3199 1942 πρὸ
3222 1871 3319 1943 τῆς
3350 1872 3721 1938 ἀναστάσεως
3751 1876 3853 1941 Ego-

610 1969 687 2023 ita
717 1970 827 2024 cito
861 1968 1101 2039 peritura
1131 1966 1242 2022 vita
1296 1965 1401 2021 hac
1439 1963 1729 2028 dissoluta,
1778 1963 2177 2019 habitationem

609 2063 751 2133 apud
791 2061 955 2117 Deum
1013 2074 1133 2131 qua:
1186 2067 1271 2116 est
1320 2064 1446 2113 ante
1487 2055 1993 2125 resurrectionem,
2046 2056 2173 2128 ipsi,

608 2155 713 2211 hoc
742 2162 826 2212 est
866 2153 1080 2216 animai,
1127 2167 1317 2208 sumus
1347 2150 1585 2207 habituri
1614 2148 1753 2221 (66),
1798 2149 1975 2205 donec
2016 2148 2176 2204 nobis

607 2247 963 2305 instauratam
996 2245 1217 2300 domum
1262 2243 1432 2309 illam,
1467 2258 1768 2314 numquam
1807 2257 2059 2299 casuram
2088 2259 2175 2299 re-

604 2343 893 2414 cipiamus.
935 2338 1081 2394 Unde
1128 2349 1177 2394 et
1225 2339 1637 2410 ingemiscimus,
1672 2354 1731 2391 eo
1758 2334 1896 2407 quod
1928 2336 2173 2390 nolumus

602 2430 894 2500 exspoliari
925 2444 1147 2499 corpus,
1183 2429 1273 2483 sed
1308 2434 1519 2483 retento
1550 2427 1664 2492 illo,
1699 2427 1865 2481 vitam
1909 2427 2174 2498 reliquam

607 2521 943 2595 supervestiri
964 2520 1033 2576 ⁷⁸.
1064 2514 1200 2575 Illud
1232 2520 1376 2576 enim
1410 2518 1474 2573 de
1506 2517 1632 2571 ctelo
1659 2516 2009 2582 domicilium,
2036 2516 2175 2587 quod

607 2615 912 2685 superindui
954 2615 1214 2685 cupimus,
1269 2614 1648 2669 immortalitas
1691 2620 1776 2668 est
1810 2629 1823 2667 :
1853 2626 2017 2683 quam
2048 2627 2173 2666 cum

605 2708 873 2765 fuerimus
925 2707 1289 2777 superinduti,
1347 2706 1711 2762 absorbebitur
1760 2708 1982 2776 penitus
2012 2704 2173 2776 quid-

605 2801 738 2873 quid
766 2800 822 2856 in
851 2818 914 2856 ea
952 2793 1226 2854 infirmum
1258 2809 1343 2856 est
1374 2807 1428 2857 et
1457 2798 1700 2864 mortale,
1733 2797 1798 2852 ab
1834 2808 2033 2854 aeterna
2065 2799 2173 2852 vita

605 2902 1011 2967 consumptum.
1049 2893 1151 2948 Per
1181 2892 1338 2964 ﬁdem
1388 2894 1525 2948 enim
1574 2893 1930 2957 ambulamus,
1977 2900 2027 2947 et
2068 2908 2173 2945 non

603 3004 698 3059 per
721 2988 939 3058 speciem
969 2988 1036 3043 ⁷⁷.
1077 2985 1191 3042 Hoc
1220 2994 1305 3043 est
1343 3006 1357 3043 :
1399 2986 1535 3041 Nam
1564 2987 1742 3043 adhuc
1774 3002 1873 3058 per
1904 2984 2063 3041 ﬁdem
2094 2985 2173 3039 in-

605 3079 870 3143 cedimus,
904 3086 1100 3133 statum
1126 3079 1276 3133 illum
1310 3078 1698 3134 obscurissima
1732 3076 2171 3133 consideratione

603 3171 948 3241 aspicientes,
973 3178 1025 3224 ct
1062 3186 1166 3225 non
1197 3170 1344 3225 clare
1370 3187 1384 3237 ;
1412 3175 1470 3223 ut
1499 3168 1706 3234 videre,
1733 3168 1841 3223 frui
1879 3174 1934 3224 et
1958 3182 2082 3224 esse
2111 3165 2167 3220 in

602 3263 697 3318 illo
726 3264 1016 3334 possimus.
1050 3263 1165 3318 Hoc
1194 3273 1368 3319 autem
1405 3263 1544 3332 dico,
1573 3263 1789 3333 fratres,
1819 3261 1942 3334 quia
1962 3278 2088 3317 caro
2119 3267 2168 3315 et

600 3356 814 3426 sanguis
862 3372 1075 3427 regnum
1114 3355 1205 3411 Dei
1235 3354 1501 3426 possidere
1554 3372 1657 3410 non
1704 3361 1925 3425 possunt
1958 3369 1977 3419 ;
2010 3369 2170 3425 neque

600 3449 865 3518 corruptio
916 3449 1359 3519 incorruptionem
1403 3447 1692 3519 possidebit
1723 3448 1789 3505 ⁷⁸.
1837 3446 2034 3503 Carnis
2067 3462 2168 3501 no-

598 3541 744 3597 mine
800 3557 912 3597 non
960 3541 1132 3613 ipsam
1164 3557 1384 3597 carnem
1436 3539 1786 3611 signiﬁcavit,
1820 3540 1916 3596 sed
1942 3539 2166 3595 brutum

597 3634 895 3704 appetitum
927 3634 982 3689 in
1013 3635 1243 3690 lascivas
1273 3634 1470 3689 animae
1521 3633 1850 3703 voluptates.
1894 3629 2000 3687 Ubi
2036 3644 2167 3702 ergo

598 3726 847 3787 dixisset.
871 3726 1009 3798 quod
1038 3743 1160 3781 caro
1191 3736 1243 3781 et
1272 3726 1489 3798 sanguis
1522 3741 1739 3796 regnum
1778 3723 1872 3778 Dei
1899 3722 2168 3793 possidere

597 3836 700 3874 non
737 3829 977 3885 possunt,
1009 3827 1412 3889 consequentur
1434 3818 1829 3889 pronuntiavit,
1860 3833 2022 3887 neque
2049 3832 2167 3871 cor-

598 3913 773 3981 ruptio
832 3914 1275 3981 incorruptionem
1329 3911 1636 3982 possidebit.
1670 3910 1837 3983 Atqui
1890 3910 2169 3979 corruptio

595 4020 709 4060 non
732 4020 822 4061 res
853 4006 973 4075 ipsa
1017 4012 1100 4061 est
1150 4021 1270 4076 quae
1320 4008 1711 4079 corrumpitur,
1742 4005 1839 4063 sed
1867 4005 2015 4077 quod
2040 4020 2166 4060 cor-

594 4098 822 4169 rumpit.
854 4097 1185 4155 Praevalente
1217 4100 1431 4170 quidem
1465 4109 1641 4157 morte
1662 4141 1677 4166 ,
1736 4101 1911 4172 vergit
1962 4114 2167 4169 corpus

597 4193 661 4248 in
687 4193 1091 4264 corruptionem
1131 4214 1144 4248 :
1176 4202 1367 4249 contra
1398 4210 1550 4260 vero,
1594 4203 1949 4266 permanente
1997 4195 2051 4250 in
2100 4209 2167 4249 eo

592 4284 731 4349 vita,
781 4293 889 4340 stat
943 4286 1387 4343 illahcfactalum.
1437 4286 1618 4354 Quare
1670 4304 1793 4343 cum
1840 4303 1971 4343 caro
2024 4288 2167 4342 inter

596 4380 834 4437 conﬁnia
865 4380 1238 4451 corruptionis
1257 4386 1312 4436 et
1340 4380 1791 4451 incorruptionis,
1823 4395 1887 4435 ac
1920 4395 2021 4435 nec
2040 4396 2165 4436 cor-

593 4476 775 4546 ruptio
800 4490 901 4532 nec
931 4474 1272 4545 incorruptio
1299 4474 1439 4529 facta
1493 4481 1679 4542 esset;
1704 4473 1845 4528 victa
1873 4489 2003 4528 vero
2032 4490 2163 4545 pro-

593 4575 717 4639 pter
742 4569 1099 4639 voluptatem,
1127 4582 1436 4640 quanquam
1479 4565 1913 4637 incorruptionis
1947 4580 2085 4636 opus
2109 4574 2164 4621 et

2280 1976 2380 2030 μεν
2429 1960 2660 2032 οἴκησιν,
2713 1963 2770 2017 αἱ
2810 1962 3010 2035 ψυχαὶ,
3057 1964 3207 2034 παρὰ
3230 1964 3309 2036 τῷ
3346 1964 3465 2037 Θεῷ
3526 1965 3676 2038 (6'7),
3722 1969 3852 2032 εἰςτ’

2276 2051 2852 2125 ἀνακαινοποιηθεῖσαν
2898 2058 3028 2128 ἡμῖν
3074 2056 3323 2112 ἄπτωτον
3370 2058 3748 2132 ἀηλάᾶυμεν
3770 2064 3849 2133 τὴν
3956 2094 3957 2133 ᾖ

2275 2144 2473 2200 οὶκίαν.
2527 2144 2695 2202 Ὅθεν
2748 2148 2845 2201 καὶ
2905 2148 3281 2220 στενάζομεν,
3318 2150 3404 2221 μὴ
3457 2151 3759 2222 θέλοντες
3802 2158 3847 2208 τὸ

2278 2234 2437 2308 σῶμα
2495 2238 2950 2294 ἀπεκδύσασθαι
2969 2281 2984 2305 ,
3044 2243 3180 2298 ἀλλ’
3245 2246 3331 2299 ἐπ’
3387 2244 3544 2318 αὐτῷ
3591 2249 3706 2321 τὴν
3762 2251 3843 2303 λα-

2275 2328 2382 2402 πὴν
2443 2330 2888 2388 ἐπενδύσασθαι
2930 2332 3095 2407 ζωήν.
3145 2335 3218 2389 Τὸ
3259 2337 3368 2409 γὰρ
3408 2339 3831 2410 οικητιγξριοντο

2273 2420 2342 2487 ἐξ
2375 2422 2654 2491 οὐρανοῦ,
2686 2421 2719 2477 ὃ
2744 2424 3189 2484 ἐπενδύσασθαι
3209 2428 3647 2501 ἐπιθυμοῦμεν,
3680 2437 3713 2505 ἡ
3737 2434 3819 2489 bia-

2273 2516 2432 2571 νασία
2458 2517 2605 2572 ἐστίν
2626 2534 2639 2547 ·
2669 2517 2736 2589 ἢν
2769 2517 2865 2572 ἐὰν
2908 2519 3344 2593 ὲπενδυσὼμεθα,
3372 2526 3821 2593 καταποθήσετει

2274 2609 2384 2663 πᾶν
2404 2610 2466 2663 τὸ
2498 2611 2556 2665 ὲν
2597 2611 2732 2682 αὐτῇ
2758 2611 3061 2686 ὁλοσχερῶς
3093 2614 3333 2681 ἀσθενὲς,
3355 2617 3472 2671 ὑπὸ
3494 2618 3608 2690 τῆς
3634 2622 3833 2694 dmin

2275 2697 2420 2769 ζωῆς
2443 2702 2845 2770 καταναλωθὲν,
2876 2705 2971 2758 καὶ
3002 2707 3240 2773 θνητόν.
3276 2707 3378 2762 Διὰ
3430 2710 3715 2780 πίστεως

2273 2794 2726 2865 περιπατοῦμεν,
2774 2800 2847 2852 οὺ
2896 2798 2994 2854 διὰ
3016 2799 3237 2868 εἴδους.
3289 2800 3551 2857 Τουτέστι
3575 2823 3593 2836 -
3626 2809 3735 2861 Διά
3774 2808 3843 2861 εἰ·

2275 2901 2443 2950 στεως
2469 2885 2577 2959 γὰρ
2598 2887 2949 2960 ὲπιῦαίνομεν
2981 2890 3081 2958 ἔτι,
3117 2893 3485 2966 ἀτρανωτάτῳ
3512 2896 3843 2971 λογισμῷτε
3948 2886 3959 2933 ⁸

2272 2981 2386 3033 ἐκεῖ
2419 2983 2719 3055 πράγματα
2744 2986 3185 3051 κατοπτεύοντες,
3226 2991 3319 3042 καὶ
3351 2989 3413 3043 οὐ
3447 2992 3655 3061 σαφῶς
3677 3010 3694 3024 ·
3730 2994 3847 3048 ὥστε
3948 2994 3959 3061 l

2272 3075 2364 3127 καὶ
2388 3077 2538 3147 ὀρᾷν,
2575 3079 2670 3132 καὶ
2717 3078 3029 3146 ἀπολαύειν,
3065 3082 3236 3136 καὶέν
3261 3082 3441 3147 αὐτοῖς
3477 3080 3655 3140 εἶναι.
3688 3088 3849 3142 Τοῦτο

2268 3165 2337 3221 δέ
2357 3185 2527 3238 φημι,
2571 3168 2842 3241 ἀδελφοὶ,
2882 3171 2971 3227 ὅτι
2996 3173 3150 3242 σὰρξ
3178 3175 3276 3230 καί
3300 3170 3443 3247 αἷμα
3473 3180 3852 3251 κληρονορῇο

2272 3275 2377 3314 σαι
2401 3261 2728 3325 ,ϐασιλείαν
2773 3264 2921 3319 Θεοῦ
2966 3267 3036 3320 οὐ
3063 3265 3364 3336 δύνανται,
3409 3270 3554 3325 οὐδὲ
3595 3275 3643 3343 ἡ
3679 3279 3849 3345 εσθᾳὰ

2269 3353 2386 3422 τὴν
2410 3354 2753 3424 ἀφθαρσίαν
2789 3357 3164 3428 κληρονομεῖ.
3202 3359 3407 3432 Σάρκα,
3448 3363 3655 3435 φησὶν,
3687 3367 3753 3420 οὐ
3777 3369 3849 3435 :‘rg.

2273 3444 2449 3517 σάρκα
2509 3448 2680 3519 αὐτὴν
2738 3447 3026 3520 ἐδήλωσεν,
3062 3450 3195 3505 ἀλλὰ
3229 3452 3328 3525 τὴν
3366 3453 3564 3524 ἄλογον
3591 3460 3750 3531 πρὸς
3774 3459 3849 3521 ti;

2274 3537 2563 3609 μαχλὼσας
2626 3539 2725 3610 τῆς
2779 3540 2957 3613 ψυχῆς
3001 3541 3175 3615 ὁρμὴν
3219 3544 3429 3616 ἡδονάς.
3469 3545 3679 3604 Εἰπὼν
3728 3548 3849 3605 οὖν’

2272 3628 2393 3681 Ὀτι
2411 3628 2565 3697 σὰρξ
2589 3630 2686 3683 καί
2707 3625 2849 3700 ulna
2868 3633 3194 3695 βασιλείαν
3217 3635 3363 3689 Θεοῦ
3391 3639 3851 3711 κληρονομῆσαι

2269 3720 2341 3773 οὐ
2398 3720 2715 3777 δύνανται·
2785 3726 3201 3798 ὲπαπεφήνατοο
3235 3727 3387 3783 Οὐδὲ
3432 3731 3468 3799 ἡ
3510 3733 3723 3801 φθορὰ
3754 3734 3853 3802 τὴν·

2269 3813 2610 3884 ἀφθαρσίαν
2645 3820 3021 3890 κληρονομεῖ.
3068 3820 3246 3893 Φθορὰ
3276 3821 3332 3875 δὲ
3360 3823 3457 3876 οὐκ
3482 3825 3626 3879 αὐτό
3658 3831 3779 3882 ἐστι
3803 3833 3850 3881 τὸ

2270 3906 2644 3980 φθειρόμενον,
2670 3910 2807 3967 ἀλλά
2835 3913 2896 3967 τὸ
2928 3913 3166 3987 φθεῖρον.
3211 3916 3729 3990 Ἐπικρατήσαντος
3763 3923 3849 3995 μὲν

2268 4001 2376 4076 γὰρ
2409 4002 2503 4057 τοῦ
2540 4005 2791 4074 θανάτου,
2822 4007 3063 4063 κλίνεται
3084 4008 3146 4065 τὸ
3169 4008 3325 4081 σῶμα
3353 4012 3430 4074 εἰς
3457 4009 3711 4085 φθοράν·
3744 4021 3850 4071 ἐπ’.-

2272 4096 2536 4170 μενούσης
2582 4099 2639 4154 δὲ
2675 4098 2908 4173 ἔμπαλιν
2931 4101 3029 4173 τῆς
3054 4101 3201 4171 ζωῆς
3249 4103 3307 4155 ἐν
3339 4102 3505 4175 αὐτῷ,
3538 4105 3752 4179 ἕστηκε
3780 4112 3845 4180 μὴ

2269 4190 2713 4265 καθαιρούμενον.
2756 4193 2848 4246 Διὸ
2903 4193 3090 4267 ἐπειδὴ
3126 4195 3372 4268 μεθόριον
3408 4196 3508 4268 τῆς
3536 4199 3847 4275 ἀφθαρσίας

2267 4285 2502 4357 ἐγενήθη
2521 4287 2614 4340 καὶ
2637 4287 2736 4359 τῆς
2759 4285 2963 4359 φθορᾶς
2987 4290 3019 4360 ἡ
3052 4286 3206 4360 σὰρξ,
3235 4290 3337 4345 οὐκ
3356 4285 3490 4346 οὖσα
3517 4292 3644 4347 οὐδὲ
3674 4296 3848 4368 φθορὲ

2267 4375 2388 4429 οὐδὲ
2411 4375 2710 4448 ἀφθαρσῑα,
2744 4376 3020 4451 ἐκρατήθη
3062 4378 3119 4432 δὲ
3140 4379 3227 4433 διὰ
3263 4380 3361 4451 τὴν
3385 4381 3578 4454 ἡδονὴν
3613 4384 3729 4438 ὑπὸ
3756 4388 3847 4456 τῆς

2269 4469 2495 4543 φθορᾶς,
2547 4470 2756 4543 ποίημα
2809 4471 2907 4544 τῆς
2945 4469 3251 4543 ἀφθαρσίας
3299 4474 3395 4528 καὶ
3448 4476 3637 4548 κτῆμα
3668 4478 3846 4550 ὑπάρ-

2270 4581 2476 4635 χουσα’
2538 4564 2627 4618 διὰ
2675 4563 2831 4619 τοῦτο
2882 4566 3173 4639 γεγένηται
3202 4568 3280 4631 εἰς
3306 4567 3530 4641 φθοράν.
3566 4571 3682 4625 Καὶ
3730 4572 3847 4625 ἐπεὶ

592 4663 901 4735 possessio,
947 4661 1143 4717 fuisset
1182 4675 1214 4714 a
1253 4660 1642 4731 corruptione:
1705 4666 1994 4731 propterea
2039 4675 2165 4715 cor-

2274 4658 2634 4732 συνεκροτήθη
2678 4657 2791 4731 (68)
2836 4659 2941 4713 ὑπὸ
2973 4661 3071 4731 τῆς
3098 4662 3322 4734 φθορᾶς,
3357 4666 3449 4718 καὶ
3506 4664 3733 4742 θανάτῳ
3761 4669 3846 4723 διὰ

659 4776 708 4809 ⁷³
736 4774 862 4831 Gen.
893 4791 975 4841 nl,
1002 4777 1091 4834 l9.
1166 4778 1213 4810 ⁷³
1239 4777 1370 4835 Luc.
1404 4796 1517 4845 xw,
1544 4778 1599 4835 9.
1675 4781 1722 4813 ⁷⁸
1745 4781 1766 4837 1
1790 4780 1951 4835 Joan.
1983 4798 2037 4843 ν,
2069 4782 2153 4837 l9.

668 4867 781 4939 (65)
827 4866 905 4941 lle
949 4878 1249 4941 mammona
1281 4870 1490 4941 iniquo.
1538 4868 1635 4925 Ἐκ
1660 4871 1761 4941 τῆς
1807 4871 2023 4935 ἀδικίας
2065 4871 2161 4926 τοῦ

597 4938 915 5013 μαμμωνᾶ,
960 4939 1108 5013 velut
1153 4953 1219 4992 ex
1276 4938 1545 5007 injustitia
1597 4938 1923 4997 mammonae
1960 4959 1972 4994 :
2016 4943 2161 5013 quod

593 5008 844 5082 inagnatu
899 5008 1059 5063 habet
1100 5014 1509 5082 expressionem
1553 5028 1565 5063 :
1600 5026 1912 5082 quanquam
1963 5008 2163 5068 habent

592 5076 781 5134 Grzéca
821 5076 953 5150 Luc.
990 5085 1057 5150 uti
1091 5076 1327 5134 reddidit
1373 5091 1563 5137 noster
1611 5076 1903 5150 interpres,
1950 5086 2014 5138 ὲκ
2066 5083 2160 5137 τοῦ

593 5150 874 5223 μαμμωνᾶ
892 5148 990 5223 τῆς
1006 5149 1216 5223 ﬁducia;
1242 5171 1255 5205 :
1280 5167 1380 5207 nec
1410 5153 1548 5207 forte
1577 5153 1709 5207 illud
1742 5148 1994 5209 Methodii
2019 5156 2162 5209 aliud

588 5220 868 5291 estquam
906 5220 1234 5293 ύπερϐατόν,
1278 5224 1456 5293 qualia
1498 5226 1701 5293 passim
1738 5225 1888 5280 illius
1920 5234 2163 5293 exstant,

591 5311 654 5349 ac
683 5290 828 5347 velut
859 5290 1130 5345 affectata.

663 5363 777 5435 (6(5)
811 5360 945 5437 Ipsi,
976 5361 1073 5437 [ioc
1110 5362 1443 5437 cslAattimaf,
1473 5380 1652 5437 sumus
1694 5365 1945 5429 habituri,
1972 5366 2166 5437 ἕξομεν

590 5430 918 5508 οἰήσῃ-αἱ
959 5430 1149 5508 ψυχαί,
1184 5430 1283 5508 Sic
1299 5435 1460 5508 paulo
1501 5434 1825 5508 inferiusn.
1852 5437 1883 5488 7
1911 5454 1924 5489 :
1973 5430 2165 5508 Ἦμῖεῖς

590 5502 767 5577 γὰρόἰ
799 5502 1002 5568 ζῶντες
1036 5502 1091 5557 αἱ
1116 5504 1285 5574 ψυχαί
1321 5505 1507 5577 ἐσμεν.
1536 5521 1629 5559 nos
1660 5506 1749 5575 qui
1779 5507 2017 5570 vivimus,
2044 5502 2166 5561 ani-

594 5576 693 5629 me
737 5591 944 5640 sumus,
990 5577 1140 5630 velut
1181 5584 1353 5630 totum
1402 5576 1695 5642 hominem,
1724 5592 1883 5631 unam
1923 5579 2162 5632 animam

595 5643 871 5716 Platonice
915 5653 1196 5716 agnoscat,
1224 5655 1279 5701 et
1307 5646 1436 5716 velit
1464 5661 1494 5699 a
1533 5644 1702 5700 Paulo
1740 5647 2104 5716 signiﬁcatum
2141 5663 2155 5700 :

591 5714 740 5785 quod
785 5715 917 5768 nihil
946 5714 1239 5773 Viennensi
1285 5723 1338 5771 et
1373 5715 1725 5772 Lateranensi
1767 5714 2013 5774 conciliis
2054 5718 2155 5772 ad-

591 5792 864 5857 versatur,
882 5787 1370 5857 pronuntiantibus
1412 5788 1675 5857 adversus
1703 5787 2048 5843 Averroistas
2071 5790 2155 5844 vel

593 5859 754 5913 etiam
801 5853 1159 5924 Origenianos
1200 5874 1340 5928 quos
1376 5853 1817 5917 hic'Mctbodius
1852 5859 2153 5933 impugnat,

2257 4782 2306 4813 ⁷⁸
2333 4780 2377 4836 ll
2400 4781 2524 4837 Cor.
2550 4798 2604 4845 v,
2624 4780 2681 4847 2,
2713 4781 2766 4835 5.

2863 4782 2907 4812 ⁷⁷
2940 4780 3068 4837 ibid.
3104 4781 3153 4834 7.
3232 4783 3278 4814 ⁷⁸
3307 4783 3328 4838 1
3360 4783 3485 4841 Cor.
3520 4800 3614 4854 xv,
3644 4787 3740 4843 50.

2264 4881 2529 4943 ponentes
2578 4886 2777 4943 corpus
2808 4872 2955 4925 velut
2982 4873 3207 4927 omnino
3239 4881 3558 4931 extraneum
3605 4877 3835 4943 homini,

2264 4942 2367 4997 nec
2399 4958 2438 5021 a_
2459 4942 2732 4997 creatione
2763 4949 3067 5021 acceptum,
3102 4944 3196 5021 sed
3223 4947 3462 5021 carceris
3496 4947 3619 5021 loco
3639 4951 3693 5002 in
3728 4967 3843 5021 pm-

2265 5027 2390 5084 nam
2408 5013 2626 5080 datum;
2651 5027 2768 5084 non;
2787 5014 3097 5067 damnatam
3115 5015 3390 5084 plerisque
3413 5015 3671 5075 Patribus
3704 5013 3844 5075 ἐντε-

2264 5082 2481 5154 λέχειαν
2502 5083 2647 5138 illam
2678 5082 3012 5147 Aristotelis,
3038 5082 3183 5138 velut
3209 5082 3403 5141 anima:
3440 5087 3838 5147 immortalitati

2264 5153 2539 5229 infestam,
2571 5168 2642 5229 ac
2671 5155 2795 5223 plus
2818 5153 2969 5222 justo
3002 5156 3239 5209 materiae
3270 5155 3705 5229 immergentem,
3745 5180 3840 5217 nec

2269 5225 2409 5301 satis
2433 5225 2737 5301 absolutam
2781 5233 3111 5301 servantem,
3139 5241 3245 5301 ceu
3276 5225 3518 5301 divinum
3562 5231 3766 5301 dogma
3787 5245 3837 5287 et

2269 5296 2338 5370 ab
2378 5294 2584 5370 Spiritu
2619 5302 2831 5357 sancto,
2871 5295 3279 5370 definientibus.
3313 5296 3585 5370 lnterpres
3623 5294 3838 5358 videtur

2269 5365 2678 5439 dissimulasse,
2727 5372 2936 5439 mutata
2974 5367 3148 5435 prima
3193 5382 3425 5437 persona
3459 5365 3535 5425 ἰη
3580 5376 3834 5439 tertiam,

2269 5438 2463 5491 animae
2496 5436 2808 5516 liabebuntga
2845 5437 2940 5516 sed
2981 5436 3289 5516 tion_lic_uit
3321 5440 3379 5495 in
3421 5442 3669 5511 reliquis.
3719 5436 3837 5516 Ipse

2269 5515 2449 5583 tamen
2480 5510 2657 5578 palam
2685 5505 2991 5583 Methodius
3017 5508 3171 5563 initio
3200 5509 3398 5583 horum
3428 5505 3835 5583 excérptonim,

2268 5578 2541 5651 hominem
2584 5594 2694 5633 non
2722 5578 2919 5651 'solam
2959 5593 3081 5633 esse
3124 5581 3360 5651 animam
3403 5578 3615 5637 statuit:
3660 5578 3841 5651 Quare

2268 5648 2357 5703 hic
2388 5651 2747 5726 metonymice
2778 5648 3040 5718 loquitur,
3067 5656 3120 5703 et
3151 5649 3591 5709 dcnominatione
3618 5648 3839 5726 sumpta

2263 5735 2293 5773 a
2326 5720 2546 5788 potiori.

2334 5790 2446 5858 (67)
2478 5793 2582 5856 Εὶς
2607 5793 2657 5844 τ’
2685 5792 2859 5846 ἁνακ,
2894 5789 3059 5855 Editi,
3092 5792 3200 5846 ἔστ’
3228 5793 3294 5846 ἂν
3319 5792 3480 5847 ἀνακ.

2333 5860 2444 5933 (68)
2462 5860 2896 5932 Συνεκροτήθη.
2936 5862 3126 5920 Scribe
3156 5866 3532 5938 συνεκρατήθη
3560 5883 3627 5923 ex
3653 5868 3836 5941 liupif.

3950 2106 3957 2429 Α

3948 2476 3959 2879 i

3948 3004 3962 3249 Κ
