3962 6278
149 436 261 495 313

1261 428 1355 484 EX
1391 427 1594 485 LIBRO
1632 428 1719 483 DE
1754 422 2352 484 BESUBRECTIONE.

3301 416 3408 474 5M

149 559 409 616 παιδείαν
460 556 767 629 παρεδόθη,
815 557 895 631 είς
922 556 1068 616 νῖκος
1097 552 1266 620 αὐτὴν
1291 556 1358 626 τῇ
1384 553 1557 625 φθορᾷ
1583 552 1741 608 καθά-

1846 551 2084 623 ruptioni
2116 550 2424 620 mancipata
2450 553 2556 603 est.
2610 545 2904 616 Postquam
2935 556 3064 615 ergo
3090 539 3233 597 victa
3275 538 3408 596 l‘nis-

150 668 262 724 περ
289 649 668 721 κληρονομίαν
700 649 762 702 οὐ
790 645 1107 701 κατέλιπεν·
1138 644 1275 697 ἀλλά
1317 645 1497 710 πάλιν,
1532 644 1621 699 διὰ
1641 645 1743 717 τῆς

151 740 514 803 ἀναστάσεως
538 740 770 811 νικήσας
795 737 887 790 τὸν
908 735 1156 800 θάνατον,
1172 734 1421 789 ἀπέδωκε
1439 738 1504 807 τῇ
1530 736 1741 808 ἀφθαρ-

154 832 272 904 σίᾳ,
315 832 408 886 ἴνα
442 832 518 904 μὴ
562 830 949 903 κληρονομήσῃ
989 828 1022 899 ἠ
1057 826 1233 900 φθορὰ
1270 829 1372 900 τὴν
1412 829 1739 903 ἀφθαρσίαν,

152 924 275 979 ἀλλ’
302 926 337 996 ὴ
366 923 654 996 ἀφθαρσία
682 922 742 976 τὸ
779 919 1036 993 φθαρτόν.
1083 920 1535 993 Ἐπαποκρίνεται
1575 923 1737 992 γοῦν·

157 1016 260 1071 Δεῖ
285 1016 400 1087 γὰρ
422 1014 491 1069 τὸ
521 1013 784 1084 φθαρτὸν
803 1010 976 1066 τοῦτο
996 1011 1363 1067 ἐνδύσασθαι
1385 1012 1503 1081 τὴν
1516 1014 1742 1083 ἀφθαρ-

157 1107 330 1172 σίαν,
361 1105 466 1159 καὶ
505 1105 570 1159 τὸ
605 1104 826 1173 θνητὸν
867 1101 983 1171 τὴν
1021 1102 1376 1159 ἀθανασίαν.
1404 1104 1643 1177 Φθαρτὸν
1684 1105 1741 1159 δὲ

158 1199 256 1252 καὶ
289 1197 488 1269 θνητὸν
529 1196 842 1268 ἐνδυόμενον
875 1193 1172 1250 ἀθανασίαν
1204 1197 1298 1250 καὶ
1329 1194 1656 1268 ἀφθαρσίαν,
1688 1195 1741 1250 τί

161 1289 230 1345 ἂν
259 1289 452 1361 ἓτερον
481 1289 570 1359 εἴη
607 1286 759 1359 παρά
786 1287 854 1342 τὸ
886 1288 1279 1358 σπειρόμενον
1301 1288 1372 1341 ἐν
1407 1286 1616 1357 φθορᾷ,
1642 1287 1740 1342 καὶ

160 1376 573 1447 ἀνιστάμενον
586 1377 658 1430 ἐν
672 1378 975 1446 ἀφθαρσίᾳ
994 1395 1009 1444 ;
1029 1377 1136 1443 ἵνα,
1157 1375 1351 1442 καθὼς
1371 1377 1743 1447 ἐφορέσαμεν

161 1467 281 1536 τὴν
305 1469 512 1522 εἰκόνα
532 1468 638 1522 τοῦ
660 1467 890 1537 χοϊκοῦ,
913 1467 1257 1537 φορέσωμεν
1284 1467 1385 1522 καί
1402 1467 1519 1536 τὴν
1536 1469 1742 1522 εἰκόνα

162 1559 275 1614 τοῦ
302 1559 687 1628 ἐπουρανίου.
736 1560 799 1612 Ἦ
831 1557 940 1629 γὰρ
970 1558 1131 1614 είκὼν
1154 1559 1249 1613 τοῦ
1282 1559 1485 1631 χοϊκοῦ,
1514 1561 1582 1631 ἢν
1615 1561 1741 1629 ἐφο-

168 1654 439 1725 ρέσαμσν·
465 1652 547 1716 τὺ,
578 1650 669 1721 Γῆ
699 1647 773 1716 εἷ,
804 1649 904 1704 καὶ
946 1653 1033 1716 εἰς
1059 1648 1177 1720 γῆν
1207 1650 1540 1719 ἀπελεύσῃ,
1568 1650 1736 1704 ἐστίν.

175 1744 243 1797 Ἥ
267 1743 325 1797 δὲ
361 1740 524 1798 είκὼν
547 1741 643 1795 τοῦ
676 1740 995 1814 ἐπουρανίου
1020 1742 1055 1812 ή
1083 1741 1148 1794 ὲκ
1189 1739 1397 1813 νεκρῶν
1443 1740 1739 1804 ἀνάστασις

163 1834 260 1887 καὶ
286 1834 320 1904 ἡ
351 1832 653 1906 ἀφθαρσία.

164 1923 297 1979 illud
346 1933 432 1981 est
491 1943 506 1980 :

162 2017 382 2072 incorru
387 2018 524 2086 ptio.

1843 653 1978 701 seta
2011 643 2385 714 corruptione,
2411 640 2686 709 mortique
2717 642 2944 708 propter
2991 635 3406 706 castigationem

1843 737 1953 810 (7i)
1988 736 2184 791 tradita
2214 776 2229 801 ,
2274 734 2448 790 noluit
2476 732 2640 797 Deus,
2681 746 2781 787 ceu
2814 728 3181 785 hereditatem
3213 768 3230 790 ,
3283 739 3408 779 cor-

1841 828 2075 899 ruptioni
2100 827 2168 882 ad
2184 825 2470 881 victoriam
2496 824 2807 896 relinquere
2842 839 2857 875 :
2882 819 2981 875 sed
3008 817 3152 873 victa
3182 832 3406 872 rursum

1842 927 2016 975 morte
2060 933 2158 989 per
2199 914 2682 991 resurrectionem,
2720 909 3120 981 incorruptioni
3150 907 3407 972 reddidit,

1842 1017 1904 1064 ut
1936 1025 2006 1065 ne
2035 1007 2315 1078 corruptio
2347 1005 2813 1075 incorruptionem
2837 1045 2854 1070 ,
2896 999 2994 1059 sed
3025 998 3200 1070 magis
3227 997 3409 1051 incor-

1841 1099 2041 1170 ruptio,
2074 1097 2221 1168 quod
2271 1104 2355 1152 cst
2402 1096 2756 1167 corruptibile
2782 1095 2837 1149 in
2867 1090 3237 1148 baereditatem
3268 1086 3406 1142 acci-

1840 1174 2012 1262 peret.
2032 1191 2113 1246 Ad
2140 1190 2253 1246 haec
2286 1189 2470 1259 itaque
2498 1187 2792 1258 respondet
2809 1184 3101 1256 Apostolus
3126 1181 3171 1213 τ’
3199 1198 3213 1235 :
3240 1179 3410 1249 Opor-

1841 1293 1911 1339 tet
1934 1284 2073 1339 enim
2094 1283 2431 1353 corruptibile
2459 1282 2554 1335 hoc
2588 1279 2804 1335 induere
2845 1276 3289 1346 incorruptionem
3311 1314 3328 1338 ,
3358 1280 3409 1325 et

1840 1376 2102 1440 mortale,
2156 1375 2635 1429 immortalitatem.
2698 1368 3067 1439 Corruptibile
3111 1373 3293 1419 autem
3355 1369 3410 1418 et

1839 1469 2068 1524 mortale
2117 1467 2220 1523 hoc
2278 1467 2505 1522 induere
2565 1462 3030 1520 immortalitatem
3072 1463 3126 1513 et
3155 1457 3408 1511 incorru-

1838 1560 2098 1631 ptionem,
2123 1560 2253 1632 quid
2287 1557 2437 1614 aliud
2468 1558 2559 1620 sit,
2597 1570 2759 1627 quam
2791 1559 2850 1607 ut
2879 1549 3015 1621 quod
3046 1549 3335 1603 seminatur
3356 1549 3410 1603 in

1843 1653 2195 1721 corruptione,
2223 1659 2405 1723 surgat
2432 1651 2488 1705 in
2514 1646 2905 1716 incorruptione
2916 1645 2962 1676 ⁸ο
2987 1646 3011 1700 7
3039 1641 3111 1698 Ut
3140 1643 3410 1711 sicutpor-

1843 1742 2070 1797 terimus
2128 1743 2412 1814 imaginem
2459 1740 2673 1805 terreni,
2719 1747 2983 1808 portemus
3030 1743 3077 1789 et
3127 1733 3411 1803 imaginem

1841 1832 2059 1889 catastis
2108 1833 2174 1887 ⁸⁸.
2203 1832 2338 1888 Nam
2384 1833 2565 1903 imago
2590 1828 2795 1885 terreni
2851 1842 3015 1898 quam
3047 1823 3407 1896 portavimus,

566 1925 731 1980 Terra
762 1941 837 1990 es,
872 1923 1000 1979 etin
1030 1933 1224 1978 terram
1252 1922 1523 1981 reverteris
1563 1923 1632 1979 ⁶’.
1673 1922 1856 1995 Imago
1887 1935 2066 1981 autem
2115 1927 2378 1989 cmlestis,
2434 1923 2768 1981 resurrectio
2836 1930 2920 1977 est
2961 1934 3030 1975 ex
3084 1918 3314 1973 mortuis
3355 1923 3411 1972 et

232 2141 322 2207 ς’.
368 2139 658 2202 Ἰουστῖνος
695 2137 752 2191 δὲ
791 2138 821 2192 6
874 2135 1216 2210 Νεαπολίτης
1241 2179 1256 2205 ,
1311 2137 1451 2210 ἀνὴρ
1493 2134 1618 2190 οὔτε
1662 2134 1740 2207 τῷ

1911 2135 2000 2193 Ἦ.
2029 2136 2280 2193 Justinus
2330 2152 2463 2194 vero
2509 2134 2901 2205 Neapolitanus
2926 2129 3091 2203 K72),
3130 2131 3219 2185 vir
3263 2128 3411 2185 haud

156 2227 339 2302 χρόνῳ
385 2227 581 2298 πόρρω
625 2225 700 2281 ὢν
748 2226 860 2283 τῶν
911 2226 1223 2282 ἀποστόλων
1246 2226 1370 2282 οὔτε
1419 2230 1484 2300 τῇ
1538 2228 1741 2301 ἀρετῇ,

155 2317 621 2391 κληρονομεῖσθαι
658 2319 757 2392 μὲν
786 2320 847 2374 τὸ
892 2321 1252 2392 ἀποθνῆσκον,
1292 2320 1648 2393 κληρονομεῖν
1680 2321 1745 2393 δὴ

153 2411 257 2484 τὴν
288 2411 435 2483 ζωὴν
468 2413 605 2484 (69),
634 2415 801 2483 λέγει.
840 2415 951 2468 Καὶ
995 2414 1361 2486 ἀποθνήσκειν
1394 2414 1490 2486 μὲν
1530 2414 1743 2486 σάρκα,

152 2501 256 2573 ζῇν
309 2503 370 2555 δὲ
426 2502 531 2572 τὴν
590 2505 860 2576 βασιλείαν
910 2505 1019 2560 τῶν
1069 2504 1332 2578 οὐρανῶν.
1401 2505 1632 2560 Ὀπόταν
1681 2505 1746 2578 δὴ

144 2589 349 2659 σάρκα
377 2592 407 2643 ό
436 2592 668 2659 Παῦλος
699 2595 796 2650 καὶ
821 2591 962 2665 αἷμα
988 2596 1073 2666 μὴ
1108 2595 1399 2651 δύνασθαι
1426 2596 1539 2665 τὴν
1567 2597 1748 2662 ,βασι-

150 2680 323 2735 λείαν
350 2679 456 2736 τοῦ
523 2684 671 2739 Θεοῦ
706 2684 1154 2755 κληρονομῆσαι
1193 2685 1359 2760 λέγῃ·
1398 2688 1495 2757 οὐχ
1530 2687 1606 2752 ὡς
1651 2689 1745 2741 ὲκ·-

158 2770 466 2840 φαυλίζων,
550 2774 716 2845 φησὶ,
772 2775 871 2846 τῆς
928 2775 1129 2846 σαρκὸς
1177 2776 1277 2847 τὴν
1331 2775 1746 2845 παλιγγενεσίαν

164 2864 548 2935 ἀποφαίνεται,
580 2864 716 2919 ἀλλά
742 2865 1029 2930 διδάσκων,
1058 2867 1119 2919 οὐ
1163 2867 1613 2939 κληρονομεῖσθαι
1648 2867 1745 2938 βα-

173 2956 375 3010 σιλείαν
417 2955 586 3022 Θεοῦ,
616 2954 832 3010 αἰώνιον
875 2954 1224 3026 ὑπάρχουσαν
1269 2955 1414 3028 ζωὴν
1436 2995 1451 3020 ,
1497 2957 1600 3010 ὑπὸ
1649 2957 1742 3012 τοῦ

175 3047 449 3120 σώματος,
472 3048 606 3102 ἀλλά
631 3049 690 3102 τὸ
720 3047 878 3119 σῶμα
904 3047 1008 3101 ὑπὸ
1035 3048 1132 3119 τῆς
1156 3047 1320 3119 ζωῆς.
1349 3049 1413 3102 Εἰ
1446 3048 1556 3121 γὰρ
1584 3051 1744 3121 ἐκλη-

172 3140 503 3212 ρονομεῖτοή
538 3138 779 3210 βασιλεία
805 3137 901 3191 τοῦ
929 3136 1064 3192 Θεοῦ
1095 3138 1199 3191 ὑπὸ
1219 3137 1314 3192 ⁴ιοῦ
1354 3137 1601 3212 σώματος
1628 3141 1742 3215 ζωὴ

168 3230 487 3302 ὑπάρχουσα
506 3272 521 3297 ,
555 3228 860 3284 συνέϐαινεν
891 3229 957 3283 ἂν
993 3229 1091 3301 τὴν
1111 3230 1255 3302 ζωὴν
1278 3231 1383 3284 ὑπὸ
1407 3232 1503 3303 τῆς
1538 3231 1744 3303 φθορᾶς

166 3323 581 3378 καταπίνεσθαι.
603 3322 716 3377 Νῦν
735 3322 792 3376 δὲ
820 3323 879 3376 τὸ
902 3321 1164 3393 τεθνηκὸς
1188 3324 1222 3394 ἡ
1253 3322 1365 3395 ζωὴ
1394 3324 1740 3396 κληρονομεῖ,

168 3413 255 3466 ἵνα
301 3414 385 3478 είς
425 3416 574 3478 νῖκος
609 3412 891 3485 καταποθῇ
949 3414 978 3466 ό
1008 3412 1254 3476 θάνατοςῖ
1284 3413 1389 3466 ὑπὸ
1422 3415 1521 3486 τῆς
1561 3413 1740 3486 ζωῆς,

162 3505 258 3558 καὶ
313 3504 377 3558 τὸ
441 3503 679 3575 φθαρτὸν
728 3504 827 3575 τῆς
874 3503 1180 3576 ἀφθαρσίας
1228 3504 1417 3574 κτῆμα
1466 3507 1744 3577 ἀναφανῇ’
1775 3489 1815 3545 C

160 3593 451 3668 ἐλεύθερον
513 3595 609 3667 μὲν
671 3594 902 3649 θανάτου
959 3596 1052 3649 καὶ
1112 3596 1387 3667 ἁμαρτίας
1445 3597 1744 3668 γεγενημέ-

161 3704 254 3743 νον
273 3728 289 3752 ,
332 3687 522 3742 δοῦλον
559 3688 615 3741 δὲ
668 3690 761 3741 καὶ
795 3690 1034 3760 ὑπήκοον
1081 3687 1374 3751 ἀθανασίας
1395 3705 1410 3719 ο
1455 3689 1604 3753 ὅπως
1643 3690 1745 3762 τῆς

159 3778 479 3851 ἀφθαρσίας
500 3777 563 3831 τὸ
594 3777 751 3850 σῶμα
779 3775 835 3853 ᾖ,
857 3780 950 3832 καὶ
981 3779 1054 3851 μὴ
1075 3778 1168 3832 τοῦ
1197 3778 1445 3851 σώματος
1471 3781 1505 3851 ἡ
1531 3780 1742 3852 ἀφθαρ-

160 3868 274 3922 σία.
888 3876 895 3882 ’

229 3956 305 4009 Z'.
336 3955 611 4019 "015:,Kal
639 3959 692 4010 οὶ
724 3956 923 4025 νεκροὶ
946 3958 1016 4012 ἐν
1042 3957 1271 4026 Χριστῷ
1298 3959 1744 4026 ἀναστήσονται

160 4045 430 4114 πρῶτον,
459 4047 662 4102 ἔπειτα
693 4047 862 4118 ἡμεῖς
895 4052 949 4103 oi
983 4047 1195 4116 ζῶντες
1212 4066 1226 4080 ⁸
1253 4052 1281 4103 ό
1310 4051 1462 4120 ἀγιος
1488 4050 1744 4116 Μεθὸδιος

160 4137 305 4192 οὕτω
339 4139 501 4210 φησί.
528 4139 785 4192 Τουτέστι
803 4155 816 4169 ο
848 4139 1036 4211 αὐτάή
1047 4139 1161 4211 μῶν
1183 4140 1355 4195 ταῦτα
1384 4140 1453 4194 τά
1486 4139 1738 4213 σώματα·

162 4228 328 4300 ἡμεῖς
358 4229 473 4303 γὰρ
497 4232 547 4284 οἱ
578 4231 776 4296 ζῶντες
808 4234 863 4286 αἱ
894 4232 1062 4304 ψυχαί
1109 4235 1296 4304 ἐσμεν,
1332 4235 1381 4287 οἱ
1417 4234 1741 4306 ἀπολαμϐά-

164 4337 350 4388 νοντες
381 4322 694 4395 ἐγερθέντες
719 4324 826 4398 (70)
857 4326 922 4379 ἐκ
941 4327 1040 4398 τῆς
1069 4325 1175 4396 γῆς
1200 4328 1326 4390 τοὺς
1350 4326 1604 4397 νεκρούς·
1632 4327 1739 4393 ἵνα,

159 4411 245 4478 είς
284 4415 592 4488 ἀπάντησιν
625 4415 742 4488 ἅμα
773 4418 954 4483 αὐτοῖς
989 4417 1360 4490 ἁρπασθέντες
1385 4419 1477 4473 τοῦ
1513 4419 1741 4492 Κυρίου,

1846 2231 2006 2302 longe
2048 2231 2118 2286 ab
2156 2230 2528 2301 apostolorum
2551 2226 2892 2299 temporibus
2924 2231 2979 2280 et
3002 2224 3296 2279 virtutibus
3327 2238 3417 2279 re-

1846 2332 2048 2387 motus,
2083 2322 2230 2394 quod
2255 2322 2475 2392 quidem
2501 2320 2758 2382 smortale
2798 2324 2903 2383 est,
2952 2315 3221 2387 possideri
3254 2315 3408 2379 dicit,

1843 2416 2008 2471 vitam
2040 2422 2218 2470 autem
2278 2412 2579 2485 possidere.
2629 2409 2696 2464 Et
2721 2423 2942 2464 carnem
2974 2406 3191 2478 quidem
3220 2405 3359 2460 mori
3391 2445 3408 2470 ,

1844 2508 2108 2561 caelorum
2145 2511 2326 2560 autem
2377 2517 2606 2575 regnum
2660 2499 2866 2555 vivere.
2923 2498 3060 2554 Cum
3112 2497 3295 2569 itaque
3335 2497 3413 2549 ait

1844 2597 2045 2655 Paulus
2075 2598 2143 2666 ⁸³,
2177 2612 2281 2652 non
2309 2609 2460 2665 posse
2491 2609 2703 2648 carnem
2731 2603 2781 2647 et
2809 2593 3116 2661 sanguinem
3144 2628 3160 2655 ,
3196 2603 3411 2659 regnum

1845 2688 1943 2744 Dei
1967 2689 2232 2760 possidere
2255 2704 2273 2741 :
2309 2701 2419 2742 non
2469 2698 2555 2752 eo,
2599 2683 2798 2755 inquit,
2840 2681 2992 2746 dicit,
3022 2688 3084 2734 ut
3109 2680 3293 2735 carnis
3322 2694 3412 2735 re-

1845 2782 2241 2852 generationem
2269 2778 2521 2835 videatur
2554 2790 2750 2846 negare
2778 2792 2794 2843 ;
2825 2774 2919 2830 sed
2952 2779 3012 2827 ut
3054 2771 3268 2836 doceat,
3298 2785 3411 2826 non

1845 2872 2110 2946 possideri
2137 2887 2364 2944 regnum
2400 2870 2495 2927 Dei
2526 2871 2673 2942 quod
2711 2876 2795 2925 est
2817 2870 2928 2922 vita
2960 2873 3182 2929 acterna,
3227 2878 3258 2917 a
3288 2877 3412 2918 θοι-υ

1846 2978 2009 3034 pore,
2040 2962 2137 3019 sed
2165 2977 2367 3033 corpus
2388 2975 2417 3015 a
2451 2960 2583 3017 vita.
2618 2959 2676 3014 Si
2701 2961 2847 3015 enim
2886 2969 3114 3028 regnum
3146 2952 3408 3017 Dei,cum

1842 3054 1914 3109 sit
1935 3053 2065 3121 vita,
2094 3069 2125 3107 a
2151 3067 2382 3123 corpore
2406 3050 2817 3122 possideretur;
2863 3048 3104 3105 eveniret
3129 3052 3190 3101 ut
3234 3045 3342 3100 vita
3377 3058 3411 3097 a

1843 3144 2196 3214 corruptione
2247 3144 2652 3199 absorberetur.
2708 3139 2865 3197 Nunc
2919 3148 3132 3204 contra,
3166 3137 3221 3193 id
3265 3136 3412 3208 quod

1843 3243 1925 3292 est
1957 3243 2255 3300 mortuum,
2285 3251 2316 3290 a
2340 3237 2450 3291 vita
2480 3234 2813 3306 possidetur,
2844 3241 2905 3288 ut
2934 3248 3084 3288 mors
3106 3232 3164 3286 in
3183 3230 3411 3286 victoria

1843 3330 2204 3386 absorbeatur
2229 3344 2261 3383 a
2293 3330 2402 3383 vita
2436 3349 2448 3384 :
2476 3326 2939 3398 corruptibileque
2984 3323 3118 3378 illud
3161 3323 3414 3377 incorru-

1848 3418 2018 3489 ptioni
2044 3418 2322 3489 possessio
2354 3418 2510 3473 cedat
2541 3436 2555 3485 ;
2608 3418 2899 3471 liberatum
2928 3413 3148 3484 quidem
3180 3426 3210 3465 a
3241 3421 3414 3466 morte

1851 3520 1905 3566 et
1933 3518 2179 3582 peccato,
2223 3508 2425 3564 factum
2458 3517 2639 3564 autem
2678 3505 3073 3562 immortalitati
3107 3502 3414 3574 subjectum

1848 3614 1902 3661 et
1931 3619 2184 3671 servum;
2236 3612 2296 3658 ut
2324 3618 2524 3673 corpus
2552 3600 2771 3672 quidem
2821 3599 2894 3655 sit
2936 3595 3366 3667 incorruptionis
3392 3633 3411 3661 ,

1847 3712 1955 3753 non
1986 3695 2326 3768 incorruptio
2356 3694 2621 3764 corporis.

1917 3962 2032 4020 VII.
2062 3965 2201 4020 Illud
2235 3982 2250 4020 :
2286 3963 2353 4019 Et
2385 3964 2580 4018 mortui
2613 3964 2703 4034 qui
2730 3964 2783 4017 in
2817 3960 3028 4018 Christo
3061 3968 3202 4025 sunt,
3229 3975 3409 4015 resur-

1846 4067 1965 4130 gant
1994 4060 2223 4129 primunt
2248 4099 2265 4123 ,
2304 4057 2491 4112 deinde
2520 4075 2614 4112 nos
2643 4057 2733 4127 qui
2770 4057 2988 4110 vivimus
3024 4054 3069 4087 ⁸⁸
3099 4071 3118 4108 :
3149 4055 3230 4109 sic
3266 4053 3413 4108 edis-

1849 4152 1982 4208 serit
2010 4150 2067 4204 S.
2103 4150 2426 4206 Methodius.
2460 4149 2573 4204 Hoc
2602 4161 2723 4204 est:
2761 4145 2883 4219 Ipsa
2915 4154 3101 4202 nostra
3136 4147 3249 4200 haec
3286 4159 3412 4200 cor-

1850 4253 1981 4309 pora
2009 4255 2022 4290 :
2056 4236 2167 4293 Nos
2203 4238 2347 4293 enim
2389 4239 2481 4308 qui
2511 4238 2746 4294 vivimus
2783 4238 2918 4310 (73),
2969 4237 3163 4291 anima:
3197 4250 3412 4301 sumus.

1848 4333 1940 4400 qui
1973 4330 2301 4387 resumimus
2333 4332 2563 4386 excitata
2586 4347 2614 4385 a
2640 4339 2786 4386 terra
2808 4345 3037 4401 corpora
3068 4338 3315 4395 mortua;
3353 4338 3414 4384 ut

1850 4423 1908 4475 in
1940 4434 2229 4475 occursum
2264 4419 2500 4487 Domini,
2527 4438 2634 4476 una
2668 4437 2792 4477 cum
2824 4422 2932 4477 illis
2966 4421 3141 4492 rapti,
3177 4421 3415 4492 gloriose

237 4572 490 4648 "lter.
523 4609 610 4659 xv,
635 4593 723 4649 55.
798 4593 845 4626 ιο
873 4593 1006 4649 ibid.
1035 4594 1126 4648 ιε.
1196 4594 1240 4628 οι
1275 4593 1405 4649 ibid.
1433 4594 1523 4650 49.
1598 4593 1741 4650 εισε

1850 4611 1887 4659 I,
1922 4596 2007 4652 19.
2083 4596 2128 4630 ⁸³
2156 4597 2176 4651 l
2202 4596 2327 4654 Cor.
2356 4614 2446 4663 xv,
2475 4597 2563 4652 50.
2637 4596 2684 4628 ⁸⁸
2714 4595 2733 4649 I
2770 4595 2951 4651 Thess.
2982 4610 3056 4663 tv,
3085 4594 3170 4651 16.

249 4765 515 4837 (69)ῌΤὴν
553 4764 722 4837 ζωήν.
759 4767 918 4834 Editi,
950 4772 1012 4825 τὸ
1053 4769 1180 4836 ζῶν.
1217 4770 1474 4828 Fortasse
1514 4774 1734 4828 reetius.

1844 4775 2041 4848 Συρίας
2062 4775 2160 4848 τῇς
2181 4773 2561 4848 Παλαιστίνης,
2584 4775 2756 4846 Syria:
2780 4774 3104 4838 Palazstina’,
3129 4785 3187 4830 ut
3207 4775 3405 4833 Euseb.

168 4834 575 4924 .Hafret'litariid
596 4834 732 4924 quod
762 4841 982 4924 mortale
1011 4834 1089 4924 est
1120 4842 1266 4924 dicit,
1303 4842 1610 4924 ltwretlitare
1639 4863 1737 4898 au-
1771 4869 1813 4924 υ
1844 4834 1989 4924 iv,
2019 4834 2185 4924 e._l'i,
2220 4855 2278 4924 et
2303 4857 2369 4924 ut
2388 4834 2834 4924 Plinii-ustuoster
2858 4848 2911 4924 in
2942 4834 3178 4924 s_ua_lia_c
3212 4849 3411 4924 Μυριο-

181 4905 536 5002 ecferri
576 4909 721 5002 erit;
748 4909 877 5002 3'22
918 4911 1526 5002 ίῡςιειμητρεετιίηιετ
1571 4930 1735 4984 ovem

1846 4905 2033 5002 ὅίςλέρ·
2060 4905 2297 5002 [lay-956a
2318 4912 2428 5002 εἶχε
2447 4917 2737 5002 Νεάπολιν.
2767 4917 2864 5002 τὴν
2891 4916 3115 5002 Cineam
3139 4905 3409 5002 ὲςταρέίαν

183 4975 557 5055 tieperditaS.
588 4976 785 5055 Justini
829 4979 896 5036 Μ.
922 4983 1284 5055 doctissimus
1319 4975 1732 5055 Maranusfpag.

183 5048 311 5111 596,
345 5047 437 5101 uixi
476 5048 587 5124 haec
619 5051 839 5124 adnotat
870 5051 1121 5124 :__Similis
1166 5055 1433 5108 sententia
1461 5047 1737 5124 apud-Ire-

181 5132 362 5175 nmium
395 5137 407 5171 :
441 5118 533 5187 qui
574 5120 787 5185 quidem
824 5121 952 5174 mihi
983 5123 1196 5178 videtur
1224 5118 1529 5178 accuratius
1561 5126 1741 5180 dicere

183 5203 397 5243 carnem
418 5187 719 5263 haereditate
738 5190 987 5259 possideri
1004 5195 1069 5263 in
1100 5210 1275 5263 regno,
1310 5209 1369 5248 ea
1400 5194 1451 5246 in
1479 5192 1738 5263 Spiritum

185 5266 438 5337 sanctum
470 5262 826 5337 transferens,
851 5277 968 5331 quae
1002 5262 1304 5318 Illetliodius
1329 5264 1396 5319 de
1433 5262 1550 5334 ipso
1581 5281 1746 5337 regno

184 5331 447 5384 cmlorum
469 5328 622 5384 dixit.
656 5329 820 5386 GALL.

412 5397 810 5473 ’ξγερθέντεᾳ
828 5400 917 5473 ΑΙ.
946 5402 1282 5473 ὲγερθέντας.

256 5468 370 5540 (⁵11)
410 5468 646 5540 Propter
678 5468 1089 5538 castigationem.
1139 5475 1237 5528 Διά
1282 5473 1579 5531 παίδευσιν.
1626 5474 1741 5531 Bu-

183 5539 658 5615 pil'ucald:_liabet,
689 5540 777 5615 διὰ
812 5542 1111 5615 παρακοήν.
1145 5542 1342 5615 Neutra
1382 5546 1542 5598 lectio
1589 5563 1742 5615 sper-

182 5607 383 5681 nenda.
428 5607 497 5663 Ut
524 5612 669 5663 enim
720 5607 943 5664 fuerit'a
976 5607 1417 5681 praevaricatione
1465 5623 1518 5669 et
1558 5607 1744 5672 inube-

185 5679 413 5755 dientia,
441 5679 1138 5755 castigatio_niliilotiiinus
1176 5684 1307 5755 fuit,
1342 5699 1608 5755 poenaque
1656 5688 1743 5742 in-

185 5749 368 5820 ducta,
397 5765 502 5820 non
534 5749 805 5820 pe'rdendo
837 5751 1060 5817 homini,
1092 5754 1184 5807 sed
1217 5749 1531 5811 erudiendo:

262 5818 794 5894 _(7_2)_Justinuspero
835 5821 1238 5894 Neapolitanus.
1276 5823 1594 5894 Neapoleos,
1630 5842 1741 5881 non

192 5889 420 5947 celebris
462 5890 606 5948 illius
651 5889 961 5965 Campaniae
1006 5894 1059 5948 in
1109 5892 1283 5961 Italia,
1340 5889 1441 5953 sed.
1490 5913 1612 5968 quae
1657 5910 1741 5955 est

1841 4986 2100 5039 τελοῦσαν
2116 4985 2495 5058 Παλαιστίνης,
2515 4989 2752 5058 patriant
2766 4985 2946 5058 Italguit
2975 4985 3413 5058 Neapolim-[Pa-

1847 5058 2068 5110 ltustinw
2110 5073 2382 5110 accensum
2413 5055 2678 5125 oppidum.
2721 5055 2812 5111 Sic
2842 5055 3030 5113 Latine
3063 5055 3197 5115 satis
3241 5060 3410 5114 inter-

1845 5140 1970 5194 pres
2008 5127 2149 5195 apud
2178 5125 2453 5180 Iustinum
2499 5128 2756 5183 Parisinus
2798 5130 3053 5186 editionis
3094 5130 3250 5193 i615,
3301 5132 3408 5184 uti-

1847 5212 1971 5270 nam
2012 5212 2167 5270 aique
2195 5196 2505 5270 Christiane
2533 5198 2600 5270 in
2632 5199 2805 5270 titulo_
2826 5201 3043 5270 egisset,
3077 5216 3140 5255 ac
3178 5203 3257 5255 vel
3294 5217 3405 5255 non

1854 5267 2071 5320 fecisset
2098 5268 2300 5329 l‘ucnm',
2332 5268 2414 5321 vel
2443 5267 2545 5323 sibi
2578 5267 2687 5323 lieri
2717 5284 2747 5323 a
2769 5267 3012 5326 Graeculo
3034 5270 3405 5337 scliismatico,

1852 5345 2181 5411 praenotante
2194 5346 2462 5411 sanctum,
2490 5337 2594 5392 diri
2629 5339 2939 5411 schismatis
2965 5344 3400 5411 antesignanum,

1850 5421 1956 5479 non
1989 5408 2339 5474 permisisset.
2365 5404 2565 5463 Locum
2596 5425 2660 5464 ex
2703 5427 2810 5479 quo
2835 5404 3271 5466 Methodius'ista
3307 5410 3404 5465 de-

1849 5477 2100 5551 scripsit,
2126 5479 2267 5551 mala
2311 5480 2519 5533 numeri
2568 5477 2826 5551 ascriptio
2864 5482 2915 5534 in
2951 5480 3163 5536 Justiuo
3184 5481 3402 5538 celavit.

1918 5547 2030 5615 (75)
2053 5546 2161 5602 Nos
2185 5549 2321 5602 enim
2340 5551 2428 5619 qui
2455 5551 2689 5604 vivimus.
2717 5546 2985 5607 "Subtilior
3006 5553 3216 5604 videtur
3235 5565 3399 5619 quam

1849 5619 2075 5692 solidior
2115 5621 2244 5673 dicti
2291 5622 2573 5692 apostolici
2622 5625 2918 5692 expositio,
2975 5621 3107 5676 satis
3156 5622 3400 5690 alioquin

1849 5689 2078 5743 diliicilis
2102 5707 2116 5756 ;
2144 5707 2251 5759 quo
2284 5689 2459 5744 tamen
2496 5689 2708 5745 Paulus
2723 5693 2897 5760 magni
2929 5707 3039 5744 rem
3069 5692 3397 5746 sacramenti

1848 5760 2338 5834 contineriimmit.
2373 5761 2690 5834 Communis
2728 5762 3014 5834 expositio,
3047 5769 3107 5814 ut
3147 5765 3401 5834 loquatur

1847 5832 1914 5886 de
1948 5832 2014 5884 iis
2046 5831 2136 5900 qui
2176 5839 2305 5904 tunc
2330 5832 2652 5904 superstites
2673 5840 2853 5895 erqu,
2886 5839 2941 5888 et
2977 5832 3029 5887 in
3055 5831 3245 5890 eorum
3276 5845 3399 5904 per-

1846 5914 1977 5956 sona
2000 5918 2015 5968 ;
2039 5916 2143 5972 qua
2167 5903 2235 5958 de
2264 5917 2324 5956 re
2355 5902 2425 5956 ibi
2459 5902 2799 5968 interpretes.
