3962 6278
517 437 628 494 315

1481 431 1536 488 Β.
1577 428 1903 486 METHODll
1946 427 2253 484 EPISCOPI
2293 423 2379 478 ET
2423 420 2778 478 MARTYRIS

3665 419 3729 473 3-!
3740 419 3777 472 6

517 554 624 620 ipsi
666 552 1000 608 celebremus
1052 548 1246 603 festum
1299 547 1766 603 resurrectionis:
1818 561 1884 600 eo
1934 544 2081 615 quod

2196 540 2405 607 ἐνδόξως
2435 539 2778 610 ἐορτάσωμεν
2809 535 2956 608 αὐτῷ
2995 536 3096 609 τὴν
3128 535 3357 609 φαιδρὰν
3389 535 3495 606 τῆς
3530 535 3775 590 ἀναστά-

517 653 720 699 aeterna
746 649 933 696 nostra
961 637 1333 702 tabernacula,
1369 653 1644 706 nunquam
1676 636 1908 707 amplius
1941 635 2082 690 inte-

517 739 692 791 ritura
723 735 805 789 vel
836 730 1206 794 dissolvenda,
1235 731 1624 799 acceperimus.

593 827 726 882 Vlll.
761 826 900 885 Vidi,
923 825 1119 894 inquit,
1145 824 1199 878 in
1219 821 1442 894 Olympo
1465 831 1649 878 monte
1677 821 1874 893 Lyciae,
1901 823 2078 892 ignem

520 931 711 990 sponte
734 935 830 971 sua
864 919 916 972 in
954 917 1154 971 montis
1183 918 1464 972 cacumine
1502 928 1847 971 enascentem
1881 933 1896 981 ;
1927 916 2080 984 juxta

519 1028 675 1082 quem
709 1012 896 1079 stirps,
939 1026 1213 1081 pyragnus
1251 1011 1491 1072 nomine,
1520 1007 1758 1072 exsistit,
1791 1007 1926 1062 adeo
1980 1005 2080 1060 llo-

517 1105 636 1157 rida
667 1105 844 1156 virens
859 1112 909 1156 et
937 1119 1125 1171 opaca,
1155 1112 1212 1156 ut
1235 1119 1265 1157 e
1294 1102 1441 1156 fonte
1463 1100 1642 1171 potius
1665 1109 1791 1153 nata
1813 1099 2078 1154 videatur.

517 1194 688 1261 Quam
716 1195 879 1264 igitur
898 1196 966 1248 ob
996 1210 1240 1258 causam,
1284 1209 1409 1248 cum
1443 1201 1652 1247 natura!
1699 1191 2082 1261 corruptibiles

518 1289 647 1347 sint.
684 1295 736 1339 et
769 1301 996 1356 corpora
1050 1287 1119 1340 ab
1148 1287 1272 1356 igne
1302 1293 1736 1351 consumantur;
1787 1284 1900 1338 haec
1937 1284 2082 1338 nihi-

517 1379 755 1433 lominus
789 1380 976 1447 stirps,
1015 1394 1123 1432 non
1157 1378 1317 1432 modo
1345 1393 1452 1432 non
1478 1377 1761 1440 exuritur,
1795 1377 1888 1431 sed
1918 1376 2082 1431 etiam

518 1473 693 1542 magis
721 1470 1036 1531 efﬂorescit,
1077 1469 1328 1539 quamvis
1355 1475 1550 1522 natura
1574 1468 1732 1524 facile
1759 1469 1917 1522 exuri
1955 1483 2085 1538 pos-

518 1566 612 1627 sit,
648 1565 949 1634 praesertim
975 1564 1039 1620 ad
1078 1563 1250 1632 ipsius
1306 1561 1519 1616 radices
1575 1561 1698 1630 igne
1749 1562 2085 1616 eructante?

519 1654 722 1707 ilziinos
753 1669 884 1723 ergo
930 1670 993 1707 ex
1025 1653 1468 1721 circumjaccntis
1509 1653 1658 1708 silva:
1687 1652 1970 1707 arboribus
2027 1651 2083 1706 in

519 1747 703 1816 ignem
750 1746 860 1798 illic
890 1753 1262 1815 erumpentem
1290 1745 1497 1813 conjeci
1531 1762 1544 1810 ;
1595 1744 1688 1814 qui
1719 1743 1902 1798 subito
1933 1742 2084 1796 llam-

2183 650 2317 697 σεως
2365 632 2588 702 ἑορτὴν,
2639 631 2754 685 ἀνθ’
2801 648 2876 684 ων
2907 631 3157 693 αἰωνίους
3202 629 3358 700 ἡμῶν
3404 627 3510 691 τὰς
3561 630 3775 698 σκηνὰς

2181 725 2360 778 οὐκέτι
2396 723 2790 795 τεθνηξομένας
2824 723 2857 793 ἢ
2884 721 3255 793 λυθησομένας
3283 720 3698 790 ἀπειλήφαμεν.

2250 819 2331 871 H'.
2370 817 2509 880 Ὅτι,
2536 816 2721 886 φησὶν,
2757 815 3068 884 ἐθεασάμην
3093 816 3148 865 ὲν
3189 813 3450 884 Ὀλύμπῳ
3470 811 3588 881 ἐγὼ
3614 811 3772 882 (ὅρος

2179 906 2237 961 δέ
2283 909 2428 960 ἐστιν
2467 909 2495 960 ό
2532 905 2807 976 Ὄλυμπος
2839 904 2936 972 τῆς
2979 902 3254 970 Λυκίαςο)
3300 901 3412 973 πῦρ
3438 899 3773 968 αὐτομάτως

2180 998 2323 1052 κατά
2351 997 2446 1068 τὴν
2473 995 2782 1068 ἀκρώρειαν
2820 994 2916 1048 τοῦ
2961 999 3123 1068 ὅρους
3151 993 3393 1048 κάτωθεν
3420 995 3488 1046 ὲκ
3523 992 3628 1062 τῆς
3668 991 3772 1059 γῆς

2183 1088 2584 1159 ἀναδιδόμενον,
2619 1087 2748 1158 περ)¹
2774 1087 2803 1140 δ
2853 1085 3129 1157 πύραγνος
3181 1085 3343 1154 φυτόν
3389 1086 3582 1144 ἐστιν,
3626 1083 3776 1136 οὕτω

2185 1181 2282 1251 μὲν
2312 1179 2536 1243 εὐθαλὲς
2567 1179 2662 1232 καὶ
2707 1178 2948 1249 χλοερὸν,
2984 1177 3124 1231 οὕτω
3167 1175 3225 1230 δὲ
3257 1176 3504 1238 σύσκιον,
3539 1175 3622 1238 ὡς
3664 1175 3775 1228 ὑπὸ

2184 1273 2365 1344 πηγῆς
2395 1272 2591 1344 μᾶλλον
2622 1271 2750 1325 αὐτὸ
2798 1268 3235 1341 βεδλαστηκέναι.
3284 1269 3360 1321 Δι’
3395 1269 3628 1338 ἥντινα
3679 1263 3766 1320 οὖν

2182 1365 2381 1428 αἰτίαν,
2413 1367 2460 1418 εἰ
2487 1365 2680 1434 φύσεις
2711 1363 2818 1416 εἰσὶ
2851 1361 3107 1433 φθαρτῶν
3128 1401 3143 1426 ,
3184 1354 3272 1409 καὶ
3297 1353 3392 1407 ὑτὸ
3421 1357 3606 1425 πυρὸς
3637 1369 3770 1407 κατ-

2187 1451 2623 1522 αναλισκομένων
2679 1454 2966 1524 σωμάτων,
2987 1453 3046 1504 ού
3087 1450 3245 1522 μόνον
3265 1451 3324 1503 ού
3353 1447 3766 1516 καταφῆγεται

2180 1547 2242 1602 τὸ
2269 1546 2432 1615 φυτὸν
2462 1546 2639 1608 τοῦτο,
2667 1545 2801 1599 ἀλλά
2833 1543 2927 1598 κα)⁵
2957 1541 3153 1614 μᾶλλον
3187 1538 3561 1610 ἀκμαιότερον
3594 1537 3764 1607 ὑπάρ-

2181 1655 2287 1708 χει,
2317 1639 2455 1709 είτῇ
2497 1637 2660 1707 φύσει
2703 1636 2853 1691 ἐστὶν
2884 1634 3214 1698 εὖκαυστον,
3269 1633 3364 1686 καὶ
3419 1631 3608 1684 ταῦτα
3649 1633 3764 1701 περὶ

2182 1728 2352 1792 αὐτὰς
2371 1728 2534 1782 αὐτοῦ
2565 1727 2719 1800 ῥίζας
2747 1727 2840 1780 τοῦ
2873 1726 3044 1797 πυρὸς
3072 1722 3486 1792 ὲντυφωμένους
3526 1721 3763 1782 κλάδους

523 1838 630 1891 niis
663 1837 923 1905 correpti,
976 1837 1030 1888 in
1087 1835 1325 1890 cinerem
1369 1835 1571 1890 redacti
1601 1843 1747 1889 sunt.
1782 1834 1923 1901 Quid
1954 1850 2082 1904 ergo

2196 1820 2312 1890 γοῦν
2345 1820 2454 1890 ἐγὼ
2488 1820 2717 1892 δένδρων
2750 1820 2814 1872 ὲκ
2838 1819 2937 1890 τῆς
2966 1815 3376 1889 παρακειμένης
3415 1813 3561 1883 ὕλης
3606 1813 3761 1884 ἐςτέρ-

521 1930 627 1984 sibi
659 1929 769 1982 vult
798 1929 899 1982 hoc
925 1927 1282 1981 miraculum?
1307 1926 1529 1995 Signum
1559 1935 1612 1982 et
1641 1927 1902 1982 indicium
1929 1925 2079 1980 futu-

2196 1913 2334 1984 sapa,
2365 1912 2486 1966 καθ’
2524 1912 2584 1965 δν
2628 1912 2913 1983 ἐρεύγεται
2934 1910 2994 1964 τὸ
3027 1909 3138 1979 πῦρ
3173 1908 3334 1962 τόπον
3359 1923 3373 1937 ο
3413 1907 3518 1995 καὶ
3569 1906 3760 1969 εὐθέως

521 2037 595 2076 τω
623 2022 767 2076 illius
799 2021 903 2076 diei
955 2019 1096 2076 Deus
1126 2021 1227 2075 hoc
1263 2019 1526 2081 exhibuit,
1555 2022 1632 2073 uti
1659 2020 1898 2074 sciamus
1918 2059 1933 2084 ,
1967 2018 2084 2073 fore

521 2123 580 2168 ut
608 2114 730 2184 igne
783 2115 1046 2168 obruente
1089 2113 1270 2166 omnia
1299 2128 1362 2166 ac
1395 2120 1753 2166 consumente
1778 2151 1794 2176 ,
1848 2126 2080 2181 corpora

517 2225 636 2279 quae
665 2208 717 2262 in
757 2209 1010 2263 castitate
1032 2218 1086 2261 et
1107 2206 1322 2275 justitia
1351 2213 1567 2260 versata
1590 2212 1741 2267 sunt,
1776 2219 1875 2274 per
1897 2205 2080 2274 ignem

515 2300 771 2356 incedant
797 2299 941 2354 haud
973 2314 1133 2354 secus
1159 2312 1222 2352 ac
1262 2312 1358 2367 per
1391 2295 1649 2366 frigidam
1683 2308 1905 2364 aquam.

586 2543 678 2598 1X.
725 2541 880 2605 Vide,
915 2542 1112 2612 inquit,
1157 2550 1342 2596 utrum
1386 2557 1497 2596 non
1542 2541 1603 2598 B.
1649 2541 1925 2607 Joannes}
1957 2557 2080 2597 cum

517 2638 652 2692 dicit
669 2637 713 2668 ⁸⁸
751 2657 761 2689 :
790 2635 940 2689 Dedit
975 2652 1116 2689 mare
1145 2651 1378 2689 mortuos
1403 2652 1550 2699 suos,
1586 2636 1676 2706 qui
1712 2638 1765 2690 in
1795 2653 1852 2691 eo
1881 2647 2031 2691 erant
2065 2654 2083 2691 :

515 2739 567 2783 et
590 2747 728 2783 mors
759 2738 807 2782 et
827 2730 1062 2797 infernus
1085 2727 1337 2781 dederunt
1358 2737 1590 2781 mortuos
1612 2745 1757 2795 suos,
1773 2731 1863 2800 qui
1884 2731 1936 2782 in
1955 2731 2083 2798 ipsis

516 2833 712 2886 erant;
743 2830 925 2892 partes
950 2822 1016 2875 ab
1048 2821 1331 2875 elementis
1355 2821 1595 2875 redditas
1634 2821 1700 2875 ad
1733 2822 2087 2892 uniuscujus-

519 2930 626 2983 que
654 2914 1085 2982 reparationem,
1134 2912 1476 2966 ostenderit?
1531 2910 1598 2966 Ut
1656 2929 1806 2968 mare
1842 2915 2084 2984 quidem,

521 3003 855 3072 intelligatur
899 3001 1212 3056 substantia
1262 3000 1528 3055 humida:
1581 3000 1828 3056 infernus
1882 3009 2084 3064 autem,

522 3110 638 3157 aer,
689 3093 832 3163 quod
880 3093 1147 3147 obscurus
1177 3107 1282 3146 non
1309 3092 1576 3155 videatur,
1633 3091 2086 3162 quemadmodum

2181 2009 2261 2072 είς
2293 2007 2464 2078 φλόγα
2507 2004 2790 2078 ἀρθέντες,
2833 2001 3238 2074 ὲτεφρώθησαν.
3275 1999 3340 2052 Τί
3383 1994 3481 2052 οὖν
3519 1998 3761 2068 βούλετεέ.

2179 2097 2240 2150 τὸ
2281 2095 2605 2168 παράδοξον;
2649 2098 2855 2166 Δεῖγμα
2888 2093 3043 2147 τοῦτο
3086 2091 3188 2163 τῆς
3236 2089 3549 2161 μελλούσης
3581 2092 3612 2142 ὁ
3649 2089 3760 2151 Θεὸς

2181 2187 2389 2260 ἡμέρας
2424 2189 2517 2242 καὶ
2549 2187 2829 2259 προοίμιον
2867 2183 3046 2238 ἔθετο·
3087 2183 3173 2236 ἵνα
3214 2181 3595 2252 γινώσκωμεν
3621 2223 3638 2246 ,
3673 2183 3760 2243 ὅτι,

2181 2281 2397 2334 πάντων
2427 2281 2558 2350 πυρὶ
2585 2277 3099 2349 κατομόρουμὲνων,
3123 2274 3189 2327 τά
3220 2277 3276 2327 ὲν
3305 2273 3504 2343 ἁγνείᾳ
3543 2272 3760 2342 σώματι

2180 2371 2534 2442 διατρίψαντα
2562 2371 2672 2441 (76)
2732 2371 2825 2424 καὶ
2879 2367 3228 2438 δικαιοσύνῃ,
3271 2365 3535 2435 καθάπερ
3588 2365 3759 2436 ψυχρῷ

2184 2459 2334 2516 ύδατι
2368 2461 2737 2533 ὲπιϐήσονται.

2251 2553 2328 2607 Θ’.
2369 2556 2509 2619 Ὅτι,
2545 2553 2728 2625 φησὶν,
2760 2551 3051 2622 ἐπίστησον
3079 2549 3134 2602 δὲ
3163 2550 3370 2620 μήππε
3394 2548 3498 2602 καὶ
3531 2551 3566 2600 ὁ
3602 2545 3754 2619 μακά·

2190 2657 2299 2711 ριος
2329 2640 2596 2708 Ἰωάννης,
2640 2641 2894 2694 Ἔδωκεν
2933 2643 2969 2707 ἠ
3002 2640 3279 2693 θάλασσα
3314 2639 3463 2704 τοὺς
3510 2642 3751 2706 νεκρᾶς

2183 2731 2326 2797 τοὺς
2351 2733 2420 2784 ἐν
2459 2729 2632 2798 αὐτῇ,
2661 2731 2862 2798 λέγων’
2893 2731 2989 2784 καὶ
3037 2734 3069 2783 ό
3108 2730 3358 2795 θάνατος
3388 2732 3497 2782 καὶ
3555 2736 3591 2785 o'
3623 2733 3752 2798 ᾅδης

2187 2820 2414 2875 ἔδωκαν
2439 2821 2578 2886 τοὺς
2606 2821 2857 2889 νεκροὺς
2883 2821 3025 2887 τοὺς
3050 2822 3118 2874 ἐν
3141 2822 3342 2887 αὺτοῖς
3359 2837 3374 2852 ’
3401 2823 3483 2875 τὰ
3516 2823 3624 2877 ἀπὸ
3654 2823 3746 2874 τῶν

2191 2918 2463 2987 στοιχείων
2492 2917 2845 2986 ἀναδιδόμενα
2877 2915 3012 2986 πρὸς
3054 2915 3504 2969 ἀποκατάστασιν
3539 2918 3750 2970 ἐκάετο-,ι

2193 3006 2354 3078 μόρια
2397 3007 2664 3076 ὲδήλωσε;
2701 3006 2810 3076 Τὴν
2863 3005 2961 3075 μὲν
3009 3005 3115 3075 γὰρ
3164 3005 3436 3057 Θάλασσαν
3491 3002 3642 3058 εἶναι
3677 3007 3754 3074 τὴν

2195 3096 2366 3168 ὑγράν
2391 3098 2593 3150 οὐσίαν·
2625 3097 2754 3166 ᾅδην
2783 3096 2840 3147 δὲ
2873 3096 2962 3148 τὸν
2993 3096 3150 3165 ἀέρα,
3181 3096 3327 3167 παρά
3356 3096 3414 3148 τὸ
3445 3098 3657 3161 ἀειδὲς·
3691 3098 3759 3150 διὰ

521 3187 781 3257 Origenes
817 3188 931 3257 ipse
949 3185 1183 3254 explicat
1210 3204 1222 3238 :
1249 3200 1396 3238 mors
1427 3185 1664 3254 denique
1687 3194 1829 3239 terra
1851 3186 2089 3255 accipia-

2196 3191 2250 3242 τὸ
2294 3190 2366 3260 μὴ
2412 3188 2670 3260 ὁρᾶσθαι,
2707 3187 2953 3259 καθάπερ
2991 3187 3180 3257 ἐλέχθη
3225 3189 3314 3240 καὶ
3341 3188 3651 3258 Ὠριγένει·
3685 3194 3756 3243 καὶ

521 3285 632 3338 tu-r,
687 3292 750 3330 eo
782 3286 925 3346 quod
979 3285 1227 3330 mortuus
1269 3275 1322 3328 in
1372 3290 1434 3328 ea
1466 3283 1806 3344 reponatur:
1861 3276 2005 3332 unde
2036 3286 2089 3333 et

2196 3281 2418 3335 θάνατον
2445 3280 2540 3352 τὴν
2567 3284 2689 3350 γῆν,
2722 3279 2870 3350 παρά
2894 3280 3030 3332 τὸέν
3059 3281 3193 3350 αὐτῇ
3221 3279 3499 3333 κλίνεσθαι
3528 3282 3630 3333 τὸν
3661 3282 3755 3350 θυή-

522 3366 693 3436 pulvis
723 3368 908 3420 mortis
942 3367 1248 3436 appellatur
1289 3364 1344 3417 in
1376 3363 1608 3420 Psalmis
1639 3366 1705 3433 ⁸⁸,
1739 3364 1961 3422 Christo
2007 3368 2081 3423 di-

523 3469 698 3522 cente,
727 3476 779 3514 se
806 3459 857 3511 in
888 3460 1150 3527 pulverth
1175 3459 1360 3511 mortis
1392 3457 1674 3511 deductum
1709 3475 1840 3513 esse.

592 3553 660 3610 Χ.
699 3552 970 3622 Quidquid
1008 3553 1171 3613 enim,
1211 3549 1404 3619 inquit,
1445 3564 1514 3602 ex
1549 3564 1684 3619 puro
1720 3564 1843 3604 aere
1870 3555 1924 3603 et
1951 3563 2092 3620 puro

521 3647 646 3717 igne
679 3646 1044 3714 componitur,
1076 3641 1318 3708 eiusdem
1347 3657 1468 3694 cum
1499 3641 1758 3709 angelicis
1783 3641 2093 3695 concretio.-

524 3741 684 3794 nibus
717 3738 829 3809 (74)
877 3748 926 3794 et
961 3738 1284 3808 corporibus
1325 3736 1644 3792 substantiae
1680 3744 1784 3798 cst,
1816 3734 2096 3805 haudqua-

523 3846 685 3900 quam
731 3843 886 3885 terraa
923 3845 986 3883 ac
1016 3846 1169 3900 aquae
1198 3830 1460 3901 qualitate
1488 3827 1774 3898 praeditum
1817 3837 1934 3896 est;
1965 3828 2092 3898 quia

523 3923 836 3976 necessario
879 3921 1055 3990 ipsum
1099 3929 1240 3977 esset
1297 3929 1578 3976 terrestre.
1637 3919 1768 3976 Tale
1797 3928 1851 3976 et
1895 3920 2094 3976 talibus

525 4022 804 4074 constans,
861 4023 1293 4066 resurrecturum
1340 4028 1542 4082 corpus
1590 4011 1747 4067 ﬁnxit
1806 4013 2090 4083 Origenes,

527 4105 670 4175 quod
707 4106 867 4156 etiam
900 4105 1179 4173 spirituale
1212 4107 1519 4174 appellavit.

600 4194 690 4248 Xl.
732 4195 916 4264 Atqui,
947 4197 1140 4266 inquit,
1186 4213 1305 4266 quae
1345 4200 1554 4266 species
1583 4197 1688 4253 erit
1733 4198 2091 4270 resurgentis,

529 4288 578 4343 si
610 4287 784 4342 forma
814 4289 927 4342 haec
958 4289 1213 4354 humana,
1246 4292 1388 4343 velut
1424 4293 1691 4345 sententia
1729 4291 1899 4362 ipsius
1931 4291 2097 4345 inuti-

530 4380 620 4441 lis,
658 4379 921 4433 abolenda
951 4380 1057 4446 sit;
1092 4381 1249 4450 longe
1288 4381 1376 4433 illa
1407 4396 1472 4434 ex
1503 4383 1754 4438 omnibus
1785 4385 2092 4448 amabilior,

529 4488 651 4542 qua:
675 4472 726 4525 in
763 4473 1018 4525 animalia
1048 4482 1411 4526 concrescunt
1433 4491 1444 4526 :
1465 4489 1571 4542 qua
1600 4481 1653 4527 et
1685 4472 1895 4528 Numen
1916 4476 2094 4544 ipsum

530 4570 590 4618 ut
619 4563 870 4633 imagine
903 4565 1074 4617 utitur
1105 4563 1240 4634 (75),
1295 4566 1753 4636 quemadmodum
1796 4565 1959 4620 etiam
1998 4584 2095 4622 ex-

606 4719 653 4753 “
679 4721 840 4790 Apoc.
875 4739 965 4788 xx,
997 4722 1051 4776 5.
1127 4722 1172 4754 ⁸⁸
1205 4719 1354 4777 Psal.
1390 4738 1503 4787 ut,
1533 4721 1623 4776 16.

2197 3390 2393 3426 σκοντα
2412 3391 2424 3403 ·
2452 3373 2573 3425 ὅθεν
2612 3372 2704 3424 καὶ
2729 3370 2876 3438 χοῦς
2899 3370 3098 3442 ἐκλήθη
3127 3370 3381 3424 θανάτου
3408 3372 3470 3424 ὲν
3509 3372 3752 3443 ﬁgulensi:

2193 3467 2279 3532 εὶς
2312 3465 2464 3534 χοῦν
2489 3463 2743 3520 θανάτου
2771 3461 3078 3530 κατῆχθαι.
3111 3464 3387 3534 εἰρηκότος
3413 3466 3690 3537 Χριστοῦ.

2260 3563 2317 3614 l'.
2360 3562 2501 3623 Ὅτι,
2539 3560 2690 3631 φησὶ,
2733 3561 2840 3613 πᾶν
2872 3558 2981 3631 γὰρ
3009 3558 3069 3611 τὸ
3098 3559 3163 3610 ἐκ
3202 3555 3444 3628 καθαροῦ
3477 3555 3653 3626 ἀέρος
3680 3554 3753 3607 καὶ

2190 3653 2430 3724 καθαροῦ
2486 3653 2656 3723 πυρὸς
2712 3652 3094 3722 συνιστάμενον
3157 3649 3455 3720 σύγκριμα,
3510 3649 3615 3700 καὶ
3668 3649 3757 3707 τοὶς

2191 3742 2496 3812 ἀγγελικοὶς
2523 3742 2803 3812 όμοούσιον
2833 3741 3098 3812 ὑπάρχον,
3118 3741 3179 3794 ού
3214 3740 3434 3792 δύναται
3475 3739 3590 3809 γῆς
3637 3739 3757 3808 ἔχειν

2193 3835 2449 3904 ποιότητα
2504 3834 2597 3886 καὶ
2643 3832 2848 3897 ὓδατος·
2901 3832 3087 3904 ἐπειδὴ
3143 3833 3484 3902 συμϐήσεται
3553 3829 3758 3882 ἑσεώαι

2192 3926 2323 3980 αὐτὸ
2363 3925 2582 3994 γεῶδες.
2615 3925 2868 3979 Τοιοῦτον
2899 3924 2994 3978 καὶ
3021 3925 3085 3977 ὲκ
3121 3924 3324 3976 τούτων
3365 3923 3425 3974 τὸ
3471 3922 3758 3991 ἀναστῆναι

2196 4018 2384 4088 μέλλον
2412 4018 2571 4088 σῶμα
2603 4017 2890 4088 ἀνθρώπου
2933 4015 3210 4088 Ὠριγένης
3235 4013 3596 4083 ὲφαντάξετο·
3623 4014 3654 4067 ὃ
3684 4013 3760 4066 καὶ

2195 4110 2560 4181 πνευματικὸν
2591 4109 2693 4182 ἔφη
2722 4110 2855 4181 (77).

2267 4204 2362 4257 IA'.
2401 4205 2544 4267 Ὅτι,
2581 4204 2731 4272 φησὶ,
2759 4203 2998 4256 ποταπὸν
3021 4202 3131 4272 ἀρα
3151 4199 3302 4253 ἔσται
3323 4196 3435 4268 (78)
3456 4196 3557 4249 καὶ
3586 4195 3764 4266 σχῆμα

2193 4298 2254 4350 τὸ
2286 4296 2658 4366 ἀνιστάμενον,
2694 4298 2743 4348 εἰ
2787 4296 2922 4359 ὅλως
2950 4295 3011 4348 τὸ
3045 4290 3437 4364 ἀνθρωποειδὲς
3477 4288 3670 4352 τοῦτο,
3700 4287 3764 4348 ὡς

2194 4389 2463 4459 ἄχρηστον
2487 4389 2546 4442 ὃν
2575 4389 2693 4442 κατ’
2715 4388 2897 4451 αὐτὸν,
2927 4385 3327 4457 ὲξαφανίζεται·
3351 4382 3378 4436 ὃ
3410 4382 3638 4435 πάντων
3663 4378 3770 4433 ἐστὶ

2194 4480 2301 4533 τῶν
2334 4483 2414 4544 εἰς
2448 4479 2561 4544 ζῶα
2607 4482 3050 4552 συγκεκριμένων
3100 4477 3392 4549 σχημάτων
3426 4471 3768 4545 ἐρασμιώτα-

2193 4588 2284 4625 τον
2309 4589 2323 4602 °
2354 4565 2398 4640 ᾧ
2423 4573 2517 4626 καὶ
2543 4573 2604 4625 τὸ
2625 4572 2777 4626 Θεῖον
2807 4573 3004 4644 χρῆται
3033 4571 3199 4624 εἰκόνι
3223 4569 3362 4641 (79),
3392 4565 3655 4638 καθάπερ
3685 4564 3769 4616 καὶ

607 4875 716 4948 (74)
756 4876 886 4931 Cum
929 4877 1174 4948 angelicis
1225 4859 1640 4932 concretionibus
1677 4887 1727 4931 et
1777 4877 2089 4944 corporibus.

2205 4874 2401 4948 Omisit
2425 4877 2693 4944 interpres
2720 4877 2809 4948 vel
2840 4875 3098 4930 librarius
3136 4874 3218 4948 ,ει-δ
3262 4875 3426 4948 εικόνι
3457 4877 3543 4930 vel
3568 4876 3771 4943 εἰκόνα,

538 4946 724 5020 Refert
752 4950 891 5020 enim
922 4949 982 5000 τὸ
1003 4946 1288 5020 ’σύγκριμα
1319 4965 1382 5003 ex
1417 4964 1540 5003 aere
1568 4957 1622 5002 et
1654 4949 1775 5017 igne
1799 4991 1812 5015 ,
1851 4949 2001 5017 puris
2039 4949 2102 5020 il-

541 5019 627 5074 lis.
661 5019 727 5072 ab
753 5019 1106 5087 impuriorum
1132 5019 1287 5075 terra:
1329 5026 1382 5071 e-t
1412 5034 1565 5087 aqua:
1625 5021 1876 5073 niistione
1903 5037 1914 5071 :
1945 5019 2102 5087 quale

539 5088 756 5158 plurimi
786 5098 993 5144 veteres
1051 5092 1348 5161 angelicum
1388 5090 1666 5161 σύγκριμα
1690 5098 1743 5144 et
1776 5104 2104 5161 (-orpi_15_po-

542 5167 801 5225 Suerunt;
834 5175 971 5228 quos
993 5158 1154 5213 etiam
1181 5160 1474 5228 Caietanns
1497 5158 1561 5213 ad
1586 5158 1705 5229 Cap.
1727 5175 1779 5212 vi
1805 5158 2100 5229 ad'Ephes.

540 5240 764 5300 secutus
801 5239 904 5295 est,
961 5229 1014 5282 in
1067 5229 1166 5283 hoc
1211 5233 1324 5300 ipse
1381 5231 1602 5284 minime
1639 5228 1967 5298 séquendus.
2009 5228 2106 5300 llic

542 5301 657 5369 ipse
692 5299 942 5366 Origenis
984 5315 1158 5363 error,
1193 5299 1280 5354 ille
1313 5300 1558 5370 Eutychii
1603 5301 1924 5369 patriarchae
1953 5299 2103 5354 vide-

539 5381 648 5430 tur,
675 5373 922 5441 negantis
954 5371 1081 5423 olim
1143 5372 1474 5441 tt'actabilem
1507 5385 1794 5438 corporum
1852 5386 2099 5424 resurre-

539 5438 806 5507 ctionem;
840 5457 948 5511 quo
975 5455 1097 5494 eum
1128 5455 1335 5500 errore,
1375 5438 1668 5510 Gregorius
1699 5449 1903 5502 noster,
1949 5448 2008 5511 ut
2032 5455 2097 5494 eo

540 5512 673 5565 nihil
700 5516 746 5565 ci
777 5510 1073 5566 decesserit
1116 5511 1441 5574 sanctitatis,
1470 5511 1719 5565 absolvit.
1750 5511 1838 5563 Sic
1869 5510 2092 5579 passim,

542 5584 888 5637 Suet-essione
915 5591 1242 5651 temporum,
1280 5581 1670 5634 recrudescunt
1717 5581 1897 5651 potius
1957 5588 2101 5633 vete-

541 5666 628 5702 res
665 5655 910 5713 lizereses.
975 5650 1138 5721 quam
1195 5665 1345 5704 nom
1383 5651 1627 5705 oriantur
1661 5670 1674 5705 :
1707 5650 1850 5720 quod
1894 5651 2097 5703 utinam

542 5722 700 5792 paulo
728 5725 998 5792 superius,
1027 5730 1377 5790 nostrumque
1407 5722 1581 5790 ipsum
1626 5737 1817 5786 aevum,
1852 5721 1908 5774 in
1949 5728 2096 5775 tanta

543 5790 816 5863 hangeseon
848 5794 1076 5846 colluvie
1107 5807 1214 5846 non
1241 5800 1381 5846 esset
1416 5799 1720 5863 expertum.

619 5859 730 5931 (75)
765 5861 884 5928 Qua
941 5871 990 5916 et
1024 5863 1230 5918 Numen
1288 5863 1456 5931 ipsum
1487 5859 1571 5920 'ut
1620 5862 1845 5932 imagine
1906 5862 2089 5940 utitur.

2205 4947 2349 5018 quod
2378 4943 2670 5016 utrumque
2690 4947 2981 5070 Iprobatum
3013 4954 3114 4999 est.
3136 4943 3336 5009 Utitur,
3358 4947 3615 5015 inquam;
3665 4964 3774 5003 non

2207 5021 2360 5070 auasi
2389 5017 2565 5070 ipsum
2592 5018 2663 5070 sit
2710 5016 2990 5070 teurabile.
3011 5017 3102 5069 sed
3139 5025 3394 5070 tauauam
3436 5017 3568 5069 velut
3597 5021 3774 5070 perfe-

2207 5016 2360 5087 quasi
2389 5017 2565 5086 ipsum
2592 5018 2663 5072 sit
2690 5016 2990 5087 ﬁgurabile,
3011 5017 3102 5087 sed
3139 5025 3394 5084 tauquam
3436 5017 3568 5069 velut
3596 5021 3774 5084 perle-

2207 5085 2451 5142 ctissim’o
2479 5088 2856 5159 repraesentari
2877 5085 2930 5138 in
2963 5086 3201 5159 quolibet
3227 5087 3310 5140 vel
3361 5101 3493 5140 sexu
3545 5089 3632 5159 vel
3686 5106 3776 5159 ge-

2208 5174 2337 5212 nere
2369 5177 2382 5212 :
2411 5172 2516 5228 qua
2537 5157 2724 5210 eadem
2761 5157 2988 5217 ratione,
3019 5157 3370 5226 incorporeas
3396 5157 3625 5228 angelos
3678 5157 3776 5212 rio-

2209 5229 2401 5298 bisque
2430 5227 2650 5298 natura
2700 5234 3037 5295 praestantes,
3073 5242 3180 5298 non
3216 5228 3319 5281 nisi
3376 5227 3516 5280 virili
3549 5229 3775 5298 exhibe-

2207 5296 2328 5354 mus
2363 5300 2550 5367 ﬁgura.
2577 5297 2651 5352 De
2671 5299 2868 5366 quibus
2892 5305 3068 5351 tamen
3092 5297 3237 5351 velut
3265 5298 3546 5366 corporeis
3572 5296 3775 5354 Metho-

2203 5368 2326 5424 dius
2357 5379 2558 5434 noster,
2591 5380 2780 5422 nostro
2813 5367 2992 5422 statim
3024 5367 3217 5434 modo;
3242 5369 3524 5435 attributa,
3559 5370 3774 5424 ratione

2198 5441 2360 5493 etiam
2389 5440 2657 5508 corporis,
2688 5440 2939 5508 imagine,
2973 5438 3404 5508 philosophatur.

2265 5509 2376 5580 (76)
2407 5507 2818 5576 Διάτρίψαντα.
2852 5508 2984 5563 Cod.
3019 5507 3226 5580 Rupili,
3256 5508 3640 5580 διατρέψαντα.

2205 5651 2229 5704 ἕ
2275 5579 2386 5651 (77)
2427 5583 2486 5633 Ὃ
2545 5580 2643 5632 καὶ
2709 5579 3308 5650 πνευματικὸνὶὲφη.
3369 5579 3555 5647 Editi;
3597 5579 3630 5636 ὃ
3675 5595 3776 5636 πν.

2234 5666 2391 5704 causa.

2314 5667 2391 5703 σε.

2234 5666 2391 5720 φησε.

2275 5722 2384 5788 (78)
2413 5721 2644 5774 Ἔσται.
2677 5719 2784 5782 AL,
2808 5720 2836 5773 ὃ
2862 5720 2998 5772 ἐστι.

2303 5724 2384 5788 78)
2413 5724 2644 5774 Ἔσται.
2677 5724 2784 5782 AL,
2808 5724 2836 5773 ὅ
2862 5724 2998 5772 ἐστι.

2274 5724 2384 5863 (79)
2403 5792 2625 5847 Emori.
2651 5790 2816 5846 Sirm.
2853 5789 3050 5844 εἰκόνα.
