3962 6278
221 465 323 521 ΞΠ

1314 459 1406 517 EX
1441 460 1644 517 LiBRO
1681 459 1771 514 DE
1802 457 2399 523 RESURRECTIONE.

3345 462 3451 519 518

217 590 248 639 6
300 582 609 655 σοφώτατος
654 582 867 648 Παῦλος
912 582 1091 655 δηλοῖ·
1148 582 1318 653 Ἀνὴρ
1355 583 1623 657 μὲνγὰρ
1683 585 1793 639 οὐκ

1900 586 2079 656 planat
2127 591 2563 660 sapientissimus
2611 588 2814 646 Paulus
2835 588 2924 645 ’τε
2962 586 3055 641 Vir
3097 584 3303 658 quidem
3347 602 3452 638 non

221 678 449 747 ὀφείλει
500 678 1060 732 κατακαλύπτεσθαι
1108 674 1224 745 τὴν
1270 676 1565 746 κεφαλὴν,
1614 675 1794 730 εἰκὼν

222 773 321 825 καὶ
361 769 511 836 δόξα
561 769 709 824 Θεοῦ
738 767 1054 837 ὑπάρχων
1089 770 1168 833 εἰς
1204 768 1233 822 6
1269 771 1363 822 καὶ
1388 769 1457 823 τὰ
1488 768 1647 841 νοερὰ
1684 768 1793 823 τῶν

222 862 472 932 ἀγγέλων
502 858 729 933 σώματα
767 858 1237 932 διεκοσμήθησαν;
1265 856 1413 932 *Δρα
1446 863 1790 934 κυκλοτερὲς,

220 954 257 1026 ἢ
288 952 640 1023 πολυγὼνιον,
687 952 719 1023 ἢ
757 951 1053 1024 κυὸικδν,ἦ
1096 952 1492 1024 πυραμοειδές;
1539 953 1793 1007 Πλεῖσται

222 1046 333 1117 γὰρ
358 1045 467 1099 τῶν
493 1045 786 1116 σχημάτων
813 1046 868 1098 at
897 1043 1242 1117 παραλλαγαί
1260 1063 1273 1076 ·
1308 1045 1441 1100 ἀλλά
1467 1046 1625 1100 τοῦτο
1651 1047 1795 1118 ἀμή-

223 1154 408 1208 χανον.
444 1135 651 1190 Οὐκοῦν
681 1137 763 1201 τίς
787 1139 819 1208 ἠ
848 1136 1246 1208 ἀποκλήρωσις,
1273 1136 1333 1190 τὸ
1368 1137 1465 1209 μὲν
1493 1137 1793 1191 θεοείκελον

226 1230 417 1302 σχῆμα
450 1229 729 1301 (ὁμολογεῖ
763 1228 869 1300 γὰρ
915 1228 1009 1281 καὶ
1048 1228 1209 1293 αὐτὸς
1253 1229 1471 1302 ὁμοειδῆ
1519 1226 1656 1284 εἶναι
1696 1228 1795 1301 τὴν

222 1321 405 1393 ψυχὴν
434 1319 512 1392 τῷ
546 1319 810 1391 σώματι·)
844 1320 1279 1392 ἁπαγορεύεσθαι
1309 1321 1384 1387 ὡς
1414 1320 1790 1393 ἀκλεέστερον,

224 1413 400 1468 ἄπουν
426 1413 483 1467 δὲ
508 1413 601 1466 καὶ
626 1411 843 1485 ἀχειρον
862 1411 1209 1479 ἀνίστασθαι;

298 1598 399 1652 IB'.
437 1597 574 1661 Ὅτι,
600 1598 785 1669 φησιν,
812 1598 840 1652 6
867 1597 1436 1671 μετασχηματισμδςή
1466 1601 1548 1664 είς
1570 1600 1631 1654 τὸ
1658 1601 1794 1656 ἀπαρ

231 1688 321 1754 θὲς
346 1690 437 1744 καὶ
462 1688 667 1754 ἔνδοξόν
699 1691 845 1744 ἐστιν
894 1690 1351 1755 ἀποκατάστασις.
1381 1689 1494 1745 Νῦν
1533 1692 1636 1761 μὲν
1682 1692 1793 1765 γὰρ

230 1782 296 1836 τὸ
322 1780 488 1852 σῶμα
518 1782 810 1855 ἐπιθυμίας
842 1784 958 1837 ἐστὶ
988 1782 1083 1837 καὶ¹
1111 1780 1537 1851 ταπεινώσεως·
1571 1784 1652 1838 διὸ
1694 1787 1793 1842 καὶ

227 1872 423 1945 Δανιὴλ
448 1874 605 1943 ἀνὴρ
631 1874 946 1944 ἐπιθυμίας
993 1874 1155 1946 ἤκουε
1184 1874 1319 1947 (80).
1354 1875 1486 1928 Τότε
1519 1875 1577 1928 δὲ
1624 1893 1791 1947 μετα-

231 1966 623 2036 σχηματίσεται
657 1967 737 2029 είς
770 1965 927 2037 σῶμα
952 1965 1188 2030 ἀπαθές⁶
1219 1966 1277 2020 οὐ
1310 1969 1374 2038 τῇ
1400 1966 1665 2039 ἐξαλλαγῇ
1693 1969 1792 2041 τῆς

221 2052 636 2126 διακοσμήσεως
681 2053 789 2107 τῶν
837 2052 1034 2126 μελῶν,
1084 2052 1219 2109 ἀλλά
1262 2053 1341 2126 τῷ
1381 2054 1455 2127 μὴ
1512 2056 1795 2128 ἐπιθυμεῖν

222 2140 331 2195 τῶν
364 2142 564 2197 ὐλικῶν
587 2142 810 2215 ἡδονῶν.

296 2234 416 2289 Ὀτι
485 2235 670 2307 φησὶν,
722 2233 1019 2307 ἐξελέγχων
1081 2234 1172 2289 τὸν
1234 2234 1534 2309 Ὠριγένηνο
1597 2235 1794 2292 Βούλε-

222 2342 313 2379 ται
356 2325 533 2379 τοίνυν
572 2328 601 2379 6
652 2326 931 2399 Ὠριγένης
972 2325 1068 2399 τὴν
1115 2327 1212 2399 μὲν
1260 2327 1428 2400 αὐτὴν
1468 2328 1647 2401 σάρκα
1694 2331 1796 2384 οὐκ

225 2419 689 2473 ἀποκαθίστασθαι
716 2423 782 2492 τῇ
814 2419 980 2492 ψυχῇ,
1004 2421 1102 2494 τὴν
1133 2420 1189 2475 δὲ
1218 2422 1376 2476 ποίαν
1402 2422 1631 2477 ἑκάστου
1665 2441 1797 2496 μορ-

228 2508 358 2579 φὴν,
379 2510 522 2563 κατά
539 2511 599 2564 τὸ
626 2507 786 2577 εἶδος,
809 2512 870 2564 τὸ
896 2511 993 2583 τὴν
1019 2513 1196 2585 σάρκα
1216 2515 1311 2569 καί
1337 2514 1432 2568 νῦν
1462 2516 1797 2589 χαρακτηρί-

225 2600 339 2665 ζον,
381 2602 439 2654 ἐν
485 2600 655 2672 ἑτέρῳ
676 2602 1042 2674 πνευματικῷ
1085 2605 1530 2680 ἐντετυπωμένην
1562 2609 1797 2682 ἀναστή-

225 2690 415 2744 σεσθαι
441 2691 671 2762 σώματι·
695 2694 783 2747 ἵνα
808 2693 1035 2760 ἕκαστος
1056 2696 1218 2751 πάλιν
1240 2699 1267 2750 6
1296 2699 1457 2764 αὐτὸς
1486 2703 1626 2773 φανῇ
1657 2702 1796 2757 κατὰ

217 2784 316 2857 τὴν
373 2786 608 2856 μορφήνι
663 2787 757 2840 καὶ
799 2785 957 2841 τοῦτο
1002 2784 1138 2843 εἶναι
1184 2788 1283 2861 τὴν
1325 2790 1796 2867 ὲπαγγελλομένην

217 2876 539 2930 ἀνάστασιν.
597 2876 846 2931 Ῥευστοῦ
891 2878 1020 2952 γὰρ,
1072 2883 1256 2951 φησὶν.
1316 2883 1655 2957 ὑπάρχοντος
1700 2886 1794 2942 τοῦ

224 2967 412 3022 ὒλικοῦ
446 2968 717 3040 σώματος,
759 2970 855 3025 καὶ
894 2972 1163 3043 μηδέποτε
1197 2974 1447 3046 μένοντος
1477 2979 1561 3049 ἐφ’
1594 2979 1792 3052 ἐαυτῷ,

226 3060 362 3115 άλλά
390 3063 779 3134 ἀπογινομένου
806 3064 899 3117 καὶ
928 3066 1304 3137 ἐπιγινομένου
1326 3071 1455 3140 περὶ
1479 3070 1538 3124 τὸ
1568 3066 1706 3136 εἶδος
1733 3073 1794 3126 τὸ

225 3154 628 3227 χαρακτηρίζον
652 3155 751 3227 τὴν
791 3156 1025 3228 μορφὴν,
1060 3158 1150 3228 ὑφ’
1183 3151 1243 3212 οὗ
1280 3162 1374 3214 καὶ
1404 3167 1791 3235 συγκρατεῖ-ται

1894 679 2044 735 debet
2093 681 2266 737 velare
2301 694 2455 752 caput
2502 700 2675 749 suum,
2705 682 2954 754 quoniam
2993 681 3165 751 imago
3196 689 3246 734 et
3283 678 3456 751 gloria

1894 772 1993 827 Dei
2020 785 2134 838 est;
2167 774 2236 828 ad
2267 776 2412 846 quod
2440 775 2627 841 etiam,
2661 772 2993 846 intelligendi
3027 770 3283 827 facultate
3311 787 3453 840 prae-

1893 863 2005 918 dita
2037 865 2353 935 angelorum
2385 881 2634 936 corpora,
2673 875 2931 921 exornata
2960 872 3089 919 sunt
3120 871 3175 918 et
3210 861 3460 933 digesta?

1892 953 2031 1009 Num
2064 971 2192 1027 ergo
2226 956 2395 1027 figura
2438 957 2709 1027 ejusmodi
2747 955 3034 1012 rotundior
3061 955 3164 1011 erit
3195 962 3288 1008 aut
3318 953 3458 1008 mul-

1893 1045 2137 1116 tangula,
2171 1053 2265 1099 aut
2320 1046 2533 1112 cubica,
2564 1055 2658 1101 aut
2688 1044 3076 1118 pyramidalis?
3108 1043 3287 1099 Varia:
3309 1044 3455 1098 enim

1893 1146 2022 1194 sunt
2058 1137 2354 1209 ﬁgurarum
2397 1140 2610 1210 species
2636 1156 2651 1193 :
2677 1139 2773 1195 sed
2822 1150 2907 1194 est
2955 1139 3058 1193 hoc
3101 1135 3456 1207 impossibile.

1891 1230 2076 1302 Ecqua
2106 1246 2234 1286 vero
2262 1230 2594 1296 distributio,
2627 1240 2685 1285 ut
2715 1230 2887 1285 forma
2921 1229 3138 1301 quidem
3182 1228 3275 1285 Dei
3305 1228 3460 1284 simi-

1894 1320 1962 1376 lis
1992 1320 2246 1390 (similem
2279 1320 2427 1375 enim
2472 1321 2708 1374 animam
2752 1333 2876 1374 esse
2905 1319 3117 1390 corpori
3166 1319 3281 1389 ipse
3320 1332 3459 1388 quo-

1893 1429 2001 1485 que
2042 1413 2262 1485 fatetur)
2311 1429 2409 1469 ceu
2478 1412 2767 1484 ignobilior
2799 1412 3122 1484 abjiciatur;
3172 1414 3293 1469 sine
3327 1429 3458 1470 vero

1894 1504 2129 1577 pedibus
2158 1503 2521 1575 manibusque
2549 1503 2713 1558 homo
2739 1503 3029 1574 resurgat?

1965 1593 2083 1649 XII.
2124 1593 2577 1655 Trausformatio,
2610 1593 2811 1665 inquit,
2845 1602 2929 1649 est
2952 1594 3006 1648 in
3031 1602 3233 1650 statum
3270 1593 3462 1649 immn-

1893 1702 2018 1742 nem
2045 1702 2075 1741 a
2111 1689 2385 1758 passione,
2408 1701 2471 1741 ac
2500 1686 2686 1758 gloria,
2756 1686 2811 1740 in
2842 1686 3113 1757 integrum
3156 1687 3453 1746 restitutio.

1893 1778 2051 1834 Nunc
2073 1780 2272 1849 quippe
2295 1795 2484 1849 corpus
2505 1780 2759 1836 desiderii
2794 1787 2876 1834 est
2898 1788 2951 1835 et
2979 1779 3291 1834 humilitatis
3307 1782 3456 1852 (82);

1896 1868 2042 1922 unde
2086 1876 2141 1922 et
2176 1867 2363 1922 Daniel
2393 1868 2471 1921 vir
2514 1866 2892 1923 desideriorum
2931 1870 3228 1940 appellatus
3265 1871 3456 1927 est“:

1900 1967 2031 2014 tunc
2063 1966 2240 2013 autem
2271 1958 2745 2030 transﬁgurabitur
2774 1960 2828 2014 in
2862 1976 3061 2031 corpus
3088 1961 3456 2031 impossibile;

1896 2066 2006 2106 non
2052 2051 2420 2106 membrorum
2461 2059 2656 2106 ornatu
2701 2060 2929 2119 mutato,
2960 2052 3054 2107 sed
3094 2054 3460 2125 corporalium

1895 2144 2238 2213 voluptatum
2264 2143 2534 2198 exstincto
2555 2143 2850 2199 desiderio.
2965 2175 2981 2195 .

1967 2234 2106 2291 Tum
2145 2236 2243 2300 ait,
2274 2250 2582 2307 coarguens
2605 2234 2891 2308 Origenem
2920 2256 2932 2292 :
2961 2236 3251 2293 Existimat
3280 2237 3461 2309 itaque

1896 2325 2159 2398 Origenes
2198 2343 2307 2383 non
2340 2328 2587 2384 eamdem
2621 2329 2815 2384 animae
2844 2345 3063 2385 carnem
3100 2330 3460 2385 instauratum

1895 2421 1999 2488 iri;
2044 2419 2138 2475 sed
2167 2418 2306 2485 fore,
2350 2426 2409 2474 ut
2448 2421 2626 2492 qualis
2679 2429 2764 2479 est
2814 2421 3152 2492 singulorum
3193 2419 3367 2474 forma
3406 2419 3463 2473 in

1895 2514 2096 2585 specie,
2138 2528 2259 2585 quae
2289 2522 2345 2569 et
2377 2516 2538 2568 modo
2563 2528 2783 2569 carnem
2829 2528 2929 2568 ceu
2973 2512 3227 2583 obsignat
3260 2511 3461 2566 distin-

1895 2609 2136 2680 guitque,
2166 2607 2395 2677 spiritali
2418 2607 2509 2661 alii
2532 2606 2747 2677 corpori
2779 2606 3071 2676 impressa,
3095 2613 3371 2676 resurgat;
3402 2612 3463 2661 ut

1894 2702 2091 2757 iterum
2129 2698 2269 2754 idem
2299 2698 2553 2769 quisque,
2593 2697 2892 2755 secundum
2929 2698 3163 2768 speciem
3196 2695 3462 2751 formam-

1895 2808 2002 2864 que
2050 2798 2344 2864 appareat:
2375 2798 2538 2862 atque
2582 2792 2723 2846 hanc
2766 2804 2889 2846 esse
2936 2790 3263 2859 promissam
3302 2788 3461 2847 nobis

1896 2885 2372 2942 resurrectionem.
2417 2882 2553 2939 Cum
2601 2883 2770 2950 enim,
2803 2881 3000 2952 inquit,
3041 2894 3243 2952 corpus
3289 2888 3463 2937 mata-

1895 2977 2030 3033 riale
2064 2977 2269 3032 ﬂuxum
2305 2978 2400 3043 sit,
2443 2991 2620 3046 neque
2651 2976 2706 3030 in
2750 2991 2809 3031 se
2853 2975 2971 3046 ipso
3005 2989 3242 3045 unquam
3287 2972 3463 3027 consi-

1896 3077 2025 3138 stat,
2066 3069 2161 3126 sed
2189 3069 2417 3125 decedat
2444 3068 2775 3138 accedatque
2812 3067 2960 3122 circa
3004 3066 3240 3137 speciem
3267 3064 3463 3121 distin-

1895 3168 2146 3233 guentem
2199 3160 2454 3224 formam,
2510 3172 2619 3230 qua
2674 3159 2836 3214 etiam
2885 3158 3053 3228 figura
3105 3156 3461 3225 continetur;

220 3246 282 3299 τὸ
316 3248 518 3317 σχῆμα
555 3247 766 3319 ἀνάγκη
813 3246 876 3319 δὴ
916 3255 1014 3321 την
1053 3250 1347 3305 ἀνάστασιν
1379 3254 1471 3306 ἐπὶ
1518 3254 1678 3326 μόνου
1711 3254 1789 3309 εῖ-

1900 3255 2058 3325 plane
2083 3252 2455 3307 necessarium
2477 3250 2785 3312 conﬁcitur.
2819 3257 2880 3304 ut
2907 3250 3238 3306 resurrectio
3265 3250 3321 3304 in
3345 3249 3463 3341 sola

217 3338 339 3402 δους
371 3338 614 3394 ἔσεσθαι.

288 3430 382 3487 II".
418 3427 559 3485 Εἶτα
589 3434 706 3503 μετ’
735 3433 912 3503 ὀλίγον
937 3431 1120 3504 φησιν’
1156 3432 1386 3499 οὐκοῦν,
1416 3428 1462 3488 ὦ
1502 3435 1792 3508 Ὠρίγενες,

212 3524 260 3578 εί
292 3523 384 3577 ἐπὶ
410 3521 515 3576 τοῦ
544 3522 716 3587 εἴδους
742 3524 901 3595 μόνον
931 3523 1328 3594 προσδοκᾶσθαι
1362 3524 1668 3598 διισχυρίζῃ
1696 3527 1795 3599 τὴν

212 3615 518 3670 ἀνάστασιν
568 3617 624 3668 ὲν
672 3613 1023 3686 πνευματικῷ
1073 3616 1509 3688 μεταθησομένου
1562 3616 1794 3689 σώματι,

160 3784 165 3787 1
216 3706 494 3771 ἀπόδειξίν
530 3723 589 3759 τε
620 3706 991 3779 δοκιμωτάτην
1022 3708 1117 3780 τὴν
1150 3710 1290 3764 κο.τά
1315 3711 1405 3765 τὸν
1449 3710 1632 3765 Ἠλίαν
1665 3702 1796 3783 ἡμῖν

218 3797 483 3852 ὀπτασίαν
515 3798 613 3851 καὶ
656 3800 859 3858 Μωσέα
909 3801 1187 3873 παρέχειςο
1218 3800 1405 3873 ὥσπερ
1438 3804 1653 3868 ἐκεῖνοι,
1691 3803 1797 3871 φά-

222 3906 401 3962 μενος,
453 3889 599 3961 μετά
629 3890 727 3961 τὴν
756 3891 862 3944 ἀπὸ
888 3892 983 3945 τοῦ
1020 3892 1133 3961 βίου
1166 3892 1340 3957 ἔξοδον
1388 3892 1666 3964 ὤφθησαν,
1699 3894 1799 3966 οὐχ

217 3983 403 4055 ἕτερον
449 3984 586 4053 παρ’
631 3981 661 4036 ὃ
707 3978 851 4055 εἶχον
899 3979 1038 4048 εἶδος
1070 3984 1129 4053 ἐξ
1189 3986 1361 4058 ἀρχῆς
1407 3986 1757 4052 διασώζοντες
1782 4004 1798 4020 ο

215 4076 357 4131 κατά
384 4077 454 4130 τὰ
484 4074 634 4131 αὐτὰ
677 4078 771 4131 καὶ
808 4079 841 4149 ή
879 4078 1095 4131 πάντων
1136 4077 1286 4132 ἔσται
1325 4080 1621 4143 ἀνάστασις
1657 4080 1794 4151 (81).

229 4169 286 4223 ’0
323 4170 538 4244 Μωσῆς
598 4168 657 4222 δὲ
686 4169 781 4223 καὶ
822 4169 1027 4234 Ἠλίας,
1059 4170 1162 4243 πρὸ
1188 4168 1283 4224 τοῦ
1313 4171 1406 4225 τὸν
1434 4172 1664 4243 Χριστὸν
1696 4190 1799 4228 πα-

214 4260 325 4318 θεῖν
348 4263 439 4316 καὶ
466 4261 799 4331 ἀναστῆναι,
817 4262 918 4334 ήδη
946 4262 1007 4315 τὸ
1024 4259 1160 4327 εἶδος
1182 4263 1354 4326 τοῦτο,
1377 4264 1405 4318 6
1433 4266 1559 4337 φῂς,
1584 4264 1798 4337 ἔχοντες

212 4356 510 4427 ἀνέστησαν
532 4355 642 4409 οιαὶ
672 4352 934 4426 ὤφθησαν
960 4371 974 4386 ο
1009 4355 1127 4420 πῶς
1148 4356 1211 4428 δὴ
1235 4356 1313 4410 ἔτι
1332 4357 1360 4410 6
1382 4356 1613 4430 Χριστὸς
1641 4361 1800 4427 Πρω-

217 4448 456 4515 τότοκος
486 4444 633 4502 εἶναι
664 4446 784 4501 τῶν
810 4446 1039 4517 νεκρῶν
1088 4448 1193 4502 ὑπὸ
1236 4448 1345 4502 τῶν
1372 4448 1667 4522 προφητῶν
1704 4450 1798 4505 καὶ

220 4538 328 4594 τῶν
361 4540 675 4594 ἀποστόλων
707 4540 929 4611 issam;
965 4541 1029 4594 Et
1057 4540 1167 4612 γάρ
1194 4541 1542 4610 Πρωτότοκος
1573 4541 1680 4596 τῶν
1710 4560 1795 4597 νε-

1896 3343 2079 3415 specie
2108 3351 2161 3397 et
2197 3343 2372 3397 forma
2402 3341 2513 3398 fiat.

1965 3432 2104 3491 Xlll.
2130 3433 2351 3489 Deinde
2394 3442 2518 3505 post
2551 3446 2723 3504 pauca
2751 3430 2885 3487 dicit
2915 3450 2928 3486 :
2961 3428 3017 3486 Si
3063 3430 3250 3503 igitur,
3274 3445 3309 3485 ο
3344 3432 3464 3485 Ori-

1895 3543 2083 3601 genes,
2116 3527 2570 3582 resurrectionem
2618 3524 2673 3578 in
2704 3524 2820 3581 sola
2865 3522 3047 3593 specie
3085 3533 3141 3577 et
3177 3521 3373 3587 forma,
3406 3522 3463 3579 in

1896 3621 2143 3692 spiritale
2173 3635 2374 3690 corpus
2414 3625 2643 3684 mutata,
2684 3615 3102 3687 exspectandam
3152 3615 3460 3680 contendis,

1896 3723 1950 3771 et
1974 3714 2234 3769 visionem
2266 3712 2395 3767 Elite
2420 3719 2474 3767 et
2505 3711 2705 3780 Moysis
2730 3724 2828 3782 pro
2856 3709 3162 3764 certissima
3196 3707 3353 3763 nobis
3377 3709 3465 3764 de-

1897 3806 2294 3862 monstratione
2328 3805 2553 3859 exhibes
2587 3799 3083 3874 :qnemadmodnm
3126 3800 3224 3867 illi,
3257 3800 3460 3869 inquis,

1900 3908 2024 3970 post
2047 3907 2298 3962 mortem,
2340 3914 2449 3952 non
2489 3897 2593 3950 alia
2639 3908 2803 3966 quam
2848 3892 3093 3948 viventes
3121 3892 3249 3947 olim
3300 3892 3465 3947 habe-

1897 3990 2050 4054 bant,
2072 3991 2255 4059 specie
2284 3987 2567 4057 formaque
2593 3992 2998 4057 apparuerunt;
3032 3983 3105 4037 ita
3135 3992 3188 4038 et
3213 3997 3316 4037 nos
3344 3998 3465 4037 om-

1898 4096 1997 4135 nes
2034 4096 2403 4151 resurgemus.
2435 4078 2597 4149 Atqui
2643 4076 2857 4149 Moyses
2886 4075 3160 4146 ﬁliasque,
3187 4074 3299 4145 jam
3333 4082 3463 4131 ante

1898 4169 2104 4227 Christi
2134 4173 2442 4243 passionem
2469 4186 2533 4225 ac
2563 4169 3040 4232 resurrectionem,
3066 4166 3293 4221 formam
3319 4166 3461 4222 hanc

1900 4278 2065 4334 quam
2100 4265 2201 4328 ais,
2232 4262 2493 4318 habentes
2520 4269 2938 4316 resurrexerunt
2969 4265 3023 4313 et
3055 4265 3457 4329 apparuerunt:

1898 4357 1993 4426 qui
2016 4370 2147 4426 ergo
2171 4354 2425 4411 Christus
2483 4352 2870 4423 Primogenitus
2914 4362 3242 4406 mortuorum
3264 4349 3308 4382 ⁸⁸
3340 4363 3463 4418 pro-

1896 4448 2116 4518 phetico
2143 4448 2552 4519 apostolicoque
2580 4446 2852 4516 praeconio
2880 4442 3229 4500 celebratur?
3258 4440 3391 4494 Nam
3413 4439 3463 4495 si

1898 4539 2152 4596 Christus
2174 4539 2574 4609 l’rimogenitus
2597 4545 2938 4592 mortuorum
2970 4534 3211 4589 creditus
3238 4538 3342 4594 est,
3376 4535 3465 4588 est

210 4622 367 4705 ¹κρῶν
387 4633 620 4705 Χριστὸς
642 4628 780 4687 εἶναι
808 4633 1184 4695 πεπίστευται,
1230 4632 1571 4706 πρωτότοκος
1592 4632 1648 4687 δέ
1675 4634 1791 4688 ἐστι

1900 4646 2025 4688 vero
2071 4633 2472 4702 primogenitus
2516 4640 2875 4691 mortuorum,
2904 4628 2998 4697 qui
3042 4640 3231 4680 omnes
3272 4637 3462 4678 resur-

219 4723 328 4777 τῶν
353 4725 556 4796 νεκρῶν
582 4726 615 4778 6
640 4725 746 4796 πρὸ
774 4726 993 4780 πάντων
1024 4725 1279 4788 ἀναστάς-⁸
1304 4728 1333 4779 6
1352 4725 1410 4778 δὲ
1451 4724 1653 4796 Μωσῆς
1687 4725 1786 4798 ἠδη

223 4816 318 4870 καὶ
349 4816 455 4887 πρὸ
480 4816 571 4870 τοῦ
596 4817 689 4870 τὸν
722 4817 952 4888 Χριστὸν
986 4817 1177 4870 παθεῖν
1209 4816 1347 4887 ἔχων
1373 4820 1436 4870 τὸ
1467 4814 1605 4882 εἶδος
1633 4818 1791 4873 τοῦτο

225 4908 396 4979 ἐφάνη
427 4912 538 4972 τοῖς
562 4910 896 4973 ἀποστόλοις,
925 4909 1053 4980 περ)⁵
1075 4908 1104 4963 ὃ
1132 4908 1465 4980 πληροῦσθαι
1496 4910 1602 4983 φῂς
1628 4910 1790 4975 αὐτὸς

224 5000 320 5071 τὴν
348 5001 657 5057 ἀνάστασιν·
685 5003 786 5056 οὐκ
812 5003 922 5074 ἄρα
950 5001 1044 5056 τοῦ
1076 5001 1249 5067 εἴδους
1274 5004 1442 5074 χωρὶς
1463 5004 1562 5076 τῆς
1592 5006 1793 5077 σαρκός

293 5154 339 5189 ⁸⁷
367 5153 388 5209 1
414 5153 539 5211 Cor.
569 5172 647 5223 ιι,
678 5156 729 5212 7.
789 5142 849 5191 ’⁸⁸
872 5157 1014 5213 Dan.
1047 5174 1124 5226 Ix,
1156 5159 1247 5216 25.
1321 5159 1366 5192 ⁸⁹
1393 5158 1558 5230 Apoc.
1590 5175 1632 5227 ι,
1664 5161 1721 5217 5.

438 5311 664 5385 ΙᾏΞιιουε.
688 5312 809 5385 AL,
843 5313 1064 5385 ἤκουσε.

294 5380 408 5447 (81)
450 5380 880 5437 Ἕσταιάνὼστζ
914 5384 1020 5446 AL,
1050 5400 1132 5437 σοι
1163 5385 1352 5441 ἀνάστ.

296 5451 407 5522 (δῇ)
434 5450 638 5522 Corpus
660 5452 907 5507 desiderii
954 5464 1002 5507 et
1033 5455 1369 5513 humilitatis.
1405 5455 1646 5511 Alterum
1694 5456 1793 5511 ha-

223 5521 313 5576 bet
350 5519 560 5598 Paulus
593 5522 819 5598 Philipp.
880 5539 960 5586 ιιι,
1010 5524 1102 5598 ει,
1162 5527 1390 5581 alterum
1428 5535 1545 5598 ipso
1590 5528 1791 5598 aliique

262 5593 427 5648 assim
460 5593 758 5666 insinuant,
786 5595 914 5648 dum
945 5596 1128 5650 carnis
1156 5602 1211 5649 et
1237 5593 1481 5666 corporis
1521 5593 1790 5653 desideria

245 5673 519 5736 muuntur
572 5683 584 5718 :
631 5665 827 5733 vixque
863 5666 966 5719 nisi
1001 5666 1054 5720 in
1087 5666 1279 5720 malam
1334 5665 1562 5736 partem.
1613 5671 1678 5722 At
1734 5668 1788 5723 in

229 5729 450 5807 [la—niele,
486 5748 712 5807 summae
739 5729 961 5791 virtutis
984 5736 1231 5807 probatio
1255 5729 1359 5800 est',
1385 5746 1444 5792 ut
1479 5739 1558 5792 vir
1579 5738 1787 5792 deside-

228 5803 423 5878 riorum
455 5804 707 5878 audierit.
741 5803 1050 5878 quanquam
1082 5822 1184 5878 nec
1214 5807 1330 5877 ipse
1376 5810 1516 5864 male
1562 5807 1787 5863 affertur

1894 4726 2069 4798 gendo
2096 4725 2411 4796 praecessit:
2451 4721 2664 4795 Moyses
2690 4729 2872 4777 autem
2920 4720 3032 4790 jam
3088 4728 3214 4773 ante
3256 4715 3461 4773 Christi

1894 4822 2205 4893 passionem
2234 4835 2300 4876 ea
2323 4819 2500 4874 forma
2524 4817 2788 4888 apostolis
2818 4816 2972 4871 visus
2999 4825 3105 4878 est,
3146 4814 3200 4868 in
3232 4828 3339 4884 qua
3369 4826 3460 4868 re-

1895 4914 2286 4971 surrectionem
2358 4910 2686 4981 implendam
2755 4908 2894 4964 dicis
2946 4926 2960 4962 :
3018 4906 3206 4977 utique
3279 4903 3465 4975 sequi-

1897 5014 1988 5061 tur
2017 5004 2154 5078 (83),
2190 5011 2252 5060 ut
2288 5001 2465 5060 forma
2497 5015 2607 5056 non
2645 5008 2892 5069 resurgat
2933 4996 3054 5052 sine
3095 5009 3279 5051 carne.
3323 4990 3463 5048 Nam

1899 5313 2037 5384 θείᾳ,
2058 5319 2113 5367 et
2141 5318 2285 5367 statu
2318 5310 2524 5384 gloriae,
2551 5324 2661 5381 quo
2689 5310 2805 5366 sola
2832 5317 2937 5377 est,
2957 5310 3042 5366 vel
3070 5316 3128 5365 ut
3150 5308 3266 5364 sola
3306 5306 3463 5363 beata

1896 5382 2199 5439 desiderata
2234 5382 2531 5451 possessio.

1967 5453 2081 5525 185)
2117 5447 2305 5524 Utique
2349 5453 2606 5525 sequitur,
2639 5461 2698 5504 ut
2726 5451 2901 5525 forma
2931 5467 3034 5525 non
3081 5457 3320 5525 resurgat
3351 5447 3464 5525 sine

1895 5518 2073 5579 carne;
2105 5518 2230 5578 Οὐκ
2250 5525 2357 5594 ἄρα
2386 5518 2481 5577 τοῦ
2513 5522 2684 5586 είδους
2708 5518 2876 5594 χωρὶς
2908 5521 3004 5591 τῆς
3031 5518 3228 5594 σαρκός
3250 5520 3461 5594 ἑστιν-ἡ

1894 5596 2211 5659 ἀνάστασις.
2247 5590 2405 5650 Clara
2459 5590 2761 5653 conclusio,
2793 5590 3014 5662 'quam__
3035 5590 3293 5643 Schuttus
3322 5590 3464 5646 male

1893 5666 2321 5735 assumptionem
2355 5665 2484 5719 facit
2514 5682 2528 5719 :
2570 5660 2909 5735 sequensque
2945 5660 3198 5735 dilennna
3247 5674 3463 5719 assum-

1891 5728 2099 5806 ptionis
2123 5737 2306 5805 specie
2342 5736 2599 5806 obscurat
2633 5728 2857 5806 mango
2887 5728 3206 5806 confundit;
3244 5739 3302 5785 ut
3331 5746 3464 5789 vero

1891 5801 2266 5867 reddidimus.
2309 5805 2443 5860 nihil
2487 5801 2649 5859 habet
2699 5801 3067 5863 difficultatis;
3129 5801 3353 5871 ipseque
3401 5817 3464 5861 Ie

228 5867 282 5923 ln
336 5867 850 5947 extemplumasunt
903 5867 1046 5934 enim
1095 5867 1256 5931 etiam
1298 5879 1566 5947 ejusmodi
1602 5880 1783 5935 cordis
1888 5876 2065 5947 ipsum
2110 5875 2441 5945 Methodius,
2474 5890 2637 5945 quam
2689 5867 3172 5947 {mysgeqpartxoé
3217 5867 3303 5947 sit
3335 5888 3460 5947 uer;-

228 5943 445 5997 contriti
466 5953 652 6001 sancta
678 5946 970 6017 desideria,
1001 5948 1175 6006 aliena
1196 5948 1266 6007 ab
1302 5943 1500 6023 supera
1526 5949 1619 6008 illa
1640 5950 1781 6006 ἁπα-

1890 5942 2163 6021 vos'tsq'te
2219 5954 2441 6019 argutor
2493 5942 2791 6000 'ostendit.
2850 5942 3055 6012 Ubique
3112 5943 3168 5998 in
3219 5944 3338 6001 istis
3397 5942 3465 5996 rb
