3962 6278
510 416 613 484 519

1463 427 1520 484 S.
1560 420 1886 480 METHODII
1922 419 2231 478 EPlSCOPI
2271 422 2356 478 ET
2393 420 2749 479 MARTYBIS

3618 414 3736 470 320

510 544 590 597 vel
626 540 950 597 resurrectio
993 539 1186 607 solius,
1222 548 1284 595 ut
1326 541 1513 607 doces,
1557 540 1741 596 formae
1783 549 1897 607 est;
1925 543 1941 561 ‘
1969 554 2060 595 eo-

2169 541 2308 595 ὲστιν
2353 543 2388 613 ἦ
2427 542 2738 605 ἀνάστασις.
2771 541 2924 593 Ἤτοι
2963 535 3071 608 γάρ
3107 533 3200 590 τοῦ
3235 533 3408 598 εἴδους
3440 530 3619 593 ἐστὶν,
3652 528 3737 592 ὡς

508 649 618 705 que
661 632 845 704 nequit
870 631 981 701 jam
1017 630 1273 689 Christus
1310 648 1433 690 esse
1473 632 1874 704 Primogcnitus
1921 645 2064 686 mor-

508 734 746 788 tuorum,
793 723 937 794 quod
985 738 1049 779 ea
1103 723 1281 780 forma
1325 734 1449 781 ante
1486 726 1663 796 ipsum
1713 726 2063 795 apparuerint

507 815 888 873 defunctorum
942 816 1179 871 animae:
1216 827 1309 871 aut
1340 832 1400 872 re
1455 832 1619 880 vera,
1662 815 2063 887 Primogenitus

505 916 612 971 eat,
646 915 704 962 ut
747 914 866 973 est;
897 914 1142 979 tumque,
1175 910 1326 965 nullo
1373 925 1601 982 prorsus
1644 909 1827 972 modo,
1859 915 1920 962 ut
1965 909 2066 963 ali-

507 1003 599 1072 qui
624 1008 748 1055 ante
776 1001 951 1071 ipsum
984 1016 1103 1056 eam
1136 1004 1417 1058 consecuti
1450 1005 1563 1060 sint
1585 1004 2061 1067 resurrectionem,

504 1107 615 1163 qua
645 1106 711 1144 ne
754 1090 986 1160 amplius
1030 1101 1396 1157 morerentur,
1427 1092 1543 1150 ﬁeri
1593 1100 1789 1164 potest.
1825 1090 1977 1158 Quod
2016 1091 2065 1145 si

508 1198 665 1238 nemo
692 1190 817 1237 ante
844 1183 996 1236 illum
1028 1185 1364 1251 resurrexit;
1398 1183 1576 1239 Moses
1611 1191 1792 1238 autem
1839 1191 1893 1238 et
1922 1181 2065 1239 Elias

508 1290 618 1330 non
653 1273 829 1329 induti
877 1289 1120 1338 carnem,
1169 1276 1264 1332 sed
1316 1276 1486 1331 solam
1536 1274 1767 1329 formam
1801 1274 2066 1329 habentes

502 1374 876 1436 apparuerunt
915 1367 1179 1438 apostolis
1214 1386 1229 1423 :
1260 1367 1544 1439 perspicue
1586 1367 1770 1421 futura
1808 1366 1864 1420 in
1904 1380 2067 1421 carne

508 1459 843 1511 resurrectio
895 1458 1224 1513 ostenditur.
1282 1457 1568 1512 Enimvero
1612 1456 2066 1512 absurdissimum

501 1556 612 1611 est,
649 1556 708 1601 ut
747 1546 805 1601 in
848 1548 965 1603 sola
1000 1548 1172 1602 forma
1216 1548 1542 1604 resurrectio
1586 1546 1895 1609 definiatur,
1941 1559 2066 1600 cum

511 1639 690 1711 palam
716 1641 810 1703 sit,
842 1639 1051 1694 animas
1076 1638 1209 1711 (84),
1249 1648 1533 1709 postquam
1559 1638 1721 1693 etiam
1750 1645 1878 1692 sunt
1902 1650 2069 1691 carne

508 1744 767 1800 egressae,
800 1728 1034 1798 speciem
1066 1728 1211 1781 illam
1240 1726 1575 1796 formamque
1603 1742 1765 1797 quam
1788 1729 1863 1780 ait
1883 1741 2070 1780 resur-

513 1829 809 1882 recturam,
848 1835 1125 1890 nunquam
1155 1819 1441 1890 deponere.
1465 1818 1625 1886 Quod
1661 1820 1708 1874 si
1737 1819 1828 1872 illa
1860 1818 2069 1873 irrevo-

509 1911 708 1966 cabilis
752 1909 921 1974 adest,
958 1919 1016 1965 ut
1058 1909 1115 1965 in
1159 1911 1337 1965 anima
1380 1909 1544 1966 Mosis
1607 1918 1660 1965 et
1688 1908 1856 1976 Elige;
1892 1924 1956 1963 ac
1982 1924 2068 1964 ne-

513 2017 641 2071 que,
669 2009 728 2055 ut
755 2001 1058 2064 existimas,
1085 2003 1455 2072 corrumpitur
1487 2002 1715 2072 peritve,
1744 2001 1945 2070 ubique
1976 1999 2066 2055 in-

510 2092 686 2147 divise
732 2092 1044 2171 adhaerens;
1090 2092 1247 2163 plane
1301 2092 1568 2163 sequitur,
1621 2106 1732 2146 non
1785 2105 2070 2162 resurgere

510 2182 740 2238 formam
771 2183 1040 2253 ejusmodi
1065 2199 1185 2254 qua:
1215 2199 1491 2254 nunquam
1523 2182 1736 2238 cecidit.

578 2271 717 2326 XIV.
759 2270 915 2338 Quod
964 2274 1011 2329 si
1063 2273 1186 2343 quis
1235 2272 1457 2342 indigne
1511 2271 1733 2336 ferens,
1791 2268 1974 2324 dicat:
2009 2266 2069 2322 Si

508 2378 688 2425 nemo,
717 2363 1033 2433 priusquam
1060 2362 1311 2418 Christus
1349 2364 1417 2418 ad
1453 2362 1660 2420 inferos
1689 2362 2066 2427 descenderet,

509 2453 832 2517 resurrexit,
868 2452 1141 2522 quomodo
1179 2452 1492 2507 referuntur
1525 2453 1691 2523 aliqui
1730 2460 1854 2507 ante
1888 2452 2067 2522 ipsum

511 2540 856 2607 surrexisse;
890 2542 1029 2595 inter
1069 2556 1207 2611 quos
1264 2541 1407 2597 ﬁlius
1436 2542 1613 2596 viduae
1662 2541 1974 2612 Sareptanre
1996 2542 2066 2610 ",

511 2637 567 2685 et
605 2628 959 2687 Sunamitidis
1011 2631 1249 2695 ﬁlius",
1301 2633 1539 2704 itemque
1583 2632 1823 2689 Lazarus
1845 2633 1929 2685 '3?
1964 2631 2069 2688 Re-

513 2721 923 2791 spondendum,
973 2721 1050 2775 ita
1102 2723 1495 2789 resurrexisse,
1542 2733 1604 2777 ut
1647 2724 1842 2777 iterum
1885 2730 2071 2779 essent

514 2812 766 2867 morituri
799 2831 811 2867 :
843 2828 945 2869 nos
970 2822 1150 2868 autem
1177 2813 1245 2869 de
1268 2815 1334 2870 iis
1360 2817 1799 2886 pronuntiamus,
1829 2816 1921 2886 qui
1950 2824 2071 2885 post

514 2901 973 2957 resurrectionem
1020 2919 1298 2974 nunquam
1342 2911 1470 2960 sunt
1501 2903 1771 2957 morituri.
1824 2902 1978 2969 Quod
2022 2905 2070 2958 si

511 2995 679 3051 etiam
730 2993 797 3049 de
839 2994 1016 3050 anima
1058 2994 1190 3051 Elite
1235 2996 1434 3051 dubius
1477 2995 1694 3060 dixerit,
1728 2996 1883 3067 quasi
1930 2994 2073 3050 Serio

516 3088 692 3160 putris
712 3086 1100 3142 aﬂirmantibus
1120 3089 1271 3143 illum
1291 3089 1345 3143 in
1371 3103 1539 3143 carne
1561 3098 1902 3160 assumptum
1925 3104 2067 3156 esse,

517 3196 619 3235 nos
653 3186 830 3233 autem
858 3178 1152 3236 doceamus
1198 3180 1348 3235 illum
1380 3180 1639 3249 apostolis
1666 3181 1871 3250 absque
1907 3194 2070 3235 carne

517 3271 1337 3343 apparuisse:respondendum,
1369 3274 1539 3344 atqui,
1572 3273 1718 3344 quod
1751 3273 2071 3345 apparuisse

516 3362 775 3433 apostolis
806 3362 861 3416 in
893 3377 1058 3419 carne
1098 3364 1366 3427 dicamus,
1396 3362 1522 3418 huic
1562 3371 1761 3419 nostrae
1792 3363 2071 3419 sententiae

513 3452 686 3524 magis
708 3451 871 3507 favet.
898 3451 1008 3508 Res
1034 3453 1199 3517 enim,
1224 3469 1426 3525 corpus
1453 3467 1671 3525 quoque
1693 3460 1939 3509 nostrum
1970 3466 2066 3507 ca-

514 3559 619 3614 pax
651 3559 771 3599 esse
815 3544 1240 3602 immortalitatis
1273 3548 1488 3617 probat,
1542 3548 1684 3602 sicut
1713 3554 1766 3601 et
1811 3544 1911 3601 fuit
1942 3562 2070 3617 pro-

515 3635 697 3688 batum
740 3634 795 3688 in
828 3633 1014 3689 Enoch
1041 3637 1306 3691 translato
1336 3637 1403 3689 ⁸³.
1437 3638 1494 3692 Si
1534 3637 1676 3693 enim
1706 3640 2069 3707 incorruptio-

515 3726 601 3782 nis
629 3742 799 3799 capax
823 3742 933 3783 non
963 3738 1129 3794 esset,
1162 3731 1579 3802 haudquaquam
1622 3740 1774 3787 tanto
1805 3740 2066 3802 tempore,

516 3817 753 3873 immune
782 3833 814 3871 a
861 3821 1227 3891 corruptionis
1252 3821 1374 3877 labe
1419 3823 1730 3878 mansisset.
1763 3821 1821 3875 Si
1850 3821 2069 3893 quidem

585 3996 603 4016 ⁶
640 3993 908 4050 Scholion.
973 3993 1097 4051 Not.
1155 3997 1292 4054 Esse
1346 4000 1451 4056 hoc
1504 4002 1732 4057 minoris
1787 4000 2066 4056 momenti.

515 4061 839 4144 Quanquam
870 4067 1015 4120 enim
1047 4083 1154 4121 non
1183 4071 1249 4124 de
1280 4072 1462 4144 specie
1502 4080 1588 4144 iet,
1616 4073 1810 4134 forma,
1858 4070 1970 4144 sed
2001 4070 2071 4126 de

515 4142 818 4210 composito
845 4152 1074 4210 corpore
1100 4142 1392 4210 contendat
1415 4157 1430 4206 ;
1461 4142 1591 4195 nihil
1615 4145 1796 4197 minus
1823 4142 2070 4210 sequitur

515 4202 621 4282 hoc
641 4202 725 4282 vel
756 4205 906 4260 illud.
931 4202 1173 4282 Alterum
1203 4202 1426 4282 quidem
1457 4226 1520 4265 eo
1557 4213 1803 4277 solvitur,
1831 4202 1975 4282 quod
2004 4212 2070 4264 il-

517 4272 609 4354 lud
640 4272 835 4354 iterum
858 4275 1182 4329 moriturum
1214 4272 1316 4354 sit;
1348 4282 1619 4354 quomodo
1641 4298 1745 4336 non
1781 4272 1997 4354 proprie
2016 4288 2070 4354 et

514 4342 763 4419 absolute
813 4354 993 4419 statua
1037 4350 1273 4416 resurgit
1305 4342 1327 4398 ⁷;
1367 4342 1597 4419 alterum
1654 4342 1830 4406 autem
1881 4342 2071 4419 nequit

510 4413 685 4481 solvi;
715 4415 980 4484 siquidem
1012 4432 1123 4470 non
1158 4413 1333 4485 putest
1380 4418 1555 4472 forma
1587 4419 1780 4475 iterum
1808 4436 1929 4477 esse
1957 4413 2071 4475 mo-

510 4485 704 4551 ritura,
724 4500 848 4540 cum
865 4486 1015 4540 nullo
1038 4487 1198 4541 modo
1232 4487 1514 4543 moriatur.

2160 634 2473 706 παρεγγυᾷς
2504 631 2810 705 (85),μόνου
2842 631 2876 703 ἡ
2900 629 3191 691 ἀνάστασις
3219 628 3261 692 ⁶,
3283 626 3378 679 καὶ
3407 623 3470 678 οὐ
3496 621 3735 685 δύναται

2159 723 2239 778 ἐτι
2270 724 2616 797 Πρωτότοκος
2639 719 2777 778 εἶναι
2803 724 2831 777 6
2861 720 3093 793 Χριστὸς
3112 718 3217 771 τῶν
3241 715 3471 789 νεκρῶν,
3503 713 3589 784 τῷ
3623 713 3736 785 πρὸ

2160 813 2324 867 αὐτοῦ
2383 815 2609 885 ἐχούσας
2660 813 2814 867 τοῦτο
2865 811 3001 883 μετά
3054 810 3151 882 τὴν
3182 806 3433 878 τελευτὴν
3471 804 3534 859 τὸ
3589 799 3735 867 εἶδος

2161 907 2454 975 πεφηνέναι
2497 905 2672 977 ψυχάς
2694 922 2710 939 ’
2769 905 2804 978 ἢ
2862 904 3207 977 Πρωτότοκος
3264 899 3478 970 ἀληθῶς
3534 897 3736 968 ὥσπερ

2164 998 2298 1059 ἐστὶ,
2338 997 2431 1052 καὶ
2463 997 2718 1052 ἀδύνατον
2747 997 2883 1060 ὅλως
2911 995 3171 1066 ἠξιῶσθαι
3219 992 3324 1066 πρὸ
3355 990 3525 1046 αὐτοῦ
3573 1006 3736 1051 τινας

2161 1088 2260 1158 τῆς
2290 1089 2369 1152 εἰς
2397 1088 2459 1142 τὸ
2507 1089 2582 1160 μὴ
2629 1083 2783 1152 αὖθις
2815 1085 3101 1142 ἀποθανεῖν
3146 1086 3517 1147 ἀναστάσεως.
3570 1082 3642 1134 Εἰ
3675 1081 3735 1134 δὲ

2162 1180 2358 1251 ἀνέστη
2403 1178 2577 1242 οὐδεὶς
2620 1178 2725 1249 πρὸ
2764 1177 2948 1243 αὐτοῦ,
2982 1180 3030 1231 οἱ
3077 1177 3134 1229 δὲ
3189 1177 3329 1247 ἀμφὶ
3358 1175 3451 1228 τὸν
3486 1173 3737 1229 Mentissa.

2165 1271 2259 1323 ml
2288 1268 2379 1323 τὸν
2424 1269 2608 1323 Ἠλίαν
2640 1270 2848 1342 σάρκας
2885 1268 2982 1341 μὲν
3020 1267 3234 1339 ἔχοντες
3265 1258 3737 1331 τοῖςάποστόλοξ

2163 1362 2262 1414 οὐκ
2293 1359 2569 1433 ὤφθησαν,
2607 1360 2762 1431 μόνον
2793 1359 2851 1413 δὲ
2891 1361 2951 1413 τὸ
2990 1355 3161 1421 εἶδος·
3198 1360 3231 1429 ἡ
3276 1357 3384 1428 ἀρα
3429 1358 3738 1419 ἀνάστασις

2166 1454 2259 1507 ἐπὶ
2286 1452 2387 1522 τῆς
2417 1452 2615 1523 σαρκὸς
2660 1450 2948 1523 προφανῶς
2992 1449 3262 1522 δηλοῦται.
3307 1446 3416 1502 Καὶ
3446 1447 3567 1520 γὰρ
3610 1450 3736 1501 ἀτο-

2167 1542 2412 1598 πώτατον
2444 1544 2536 1597 ἐπὶ
2582 1543 2742 1614 μόνου
2775 1542 2866 1596 τοῦ
2899 1542 3072 1606 εἴδους
3099 1542 3198 1613 τὴν
3229 1541 3533 1596 ἀνάστασιν
3570 1540 3739 1612 διορί-

2168 1635 2375 1701 ζεσθαι,
2424 1635 2585 1689 ὁπότε
2615 1637 2669 1689 αἱ
2696 1634 2885 1705 ψυχαὶ,
2920 1635 3013 1688 καὶ
3050 1633 3190 1706 μετὰ
3225 1634 3321 1706 τὴν
3353 1632 3587 1705 σαρκῶν
3629 1632 3741 1700 Ego-

2167 1727 2275 1791 δον,
2324 1726 2573 1780 οὐδέποτε
2614 1725 2890 1797 φαίνονται
2934 1726 2993 1779 τὸ
3034 1721 3188 1792 εἶδος,
3234 1726 3263 1779 ὃ
3300 1742 3465 1797 φησιν
3515 1723 3740 1776 ἀνίστα-

2173 1817 2313 1883 σθαι,
2361 1817 2767 1888 ἀποτιθέμεναι.
2799 1817 2862 1869 Εἰ
2890 1816 2947 1869 δὲ
2976 1815 3350 1889 συμπαρέσται
3384 1813 3504 1884 (86)
3554 1815 3741 1877 αὐτοῖς

2165 1907 2320 1962 τοῦτο
2339 1908 2714 1978 ἀναφαίρετον,
2738 1906 2986 1979 καθάπερ
3012 1908 3106 1960 καὶ
3130 1906 3221 1960 ἐπὶ
3244 1908 3309 1978 τῇ
3332 1906 3467 1958 Μωῦ
3477 1904 3628 1966 σέως
3653 1904 3743 1956 καὶ

2180 2000 2355 2054 Ἠλίου
2399 1998 2573 2071 ψυχῇο
2622 2000 2716 2053 καὶ
2761 1998 2883 2053 οὔτε
2926 1998 3223 2069 φθείρεται,
3282 1996 3425 2050 κατά
3476 1996 3567 2059 σὲ,
3618 1993 3742 2046 οὔτε

2167 2091 2481 2157 ἀπόλλυται,
2539 2091 2636 2145 σὺν
2686 2092 2874 2155 αὐταῖς
2935 2088 3204 2160 πανταχοῦ
3260 2087 3560 2158 συμπαρόν
3582 2105 3596 2114 ·
3647 2087 3744 2139 οὐκ

2166 2185 2273 2258 ἀρα
2316 2184 2376 2239 τὺ
2419 2180 2557 2248 εἶδος
2597 2182 2898 2249 ἀνίσταται,
2951 2183 2980 2236 ὃ
3014 2181 3277 2254 μηδέποτε
3306 2180 3643 2232 πέπτωκεν.

2236 2277 2330 2331 IA'.
2390 2275 2512 2331 Ἐὰν
2553 2274 2611 2329 δέ
2649 2293 2751 2339 τις,
2784 2274 3137 2345 δυσχεράνας,
3183 2272 3290 2325 Kal.
3318 2269 3440 2334 πῶς
3476 2269 3577 2342 δὴ,
3614 2271 3747 2323 ἀπο-

2167 2365 2350 2437 κριθῇ,
2393 2367 2441 2417 εί
2489 2365 2673 2436 μηδεὶς
2710 2364 2905 2436 ἀνέστη
2938 2363 3043 2434 πρὸ
3090 2363 3183 2416 τοῦ
3226 2361 3509 2414 κατελθεῖν
3547 2363 3635 2423 είς
3661 2362 3745 2412 τὸν

2168 2458 2297 2531 ᾅδην
2316 2457 2404 2511 τὸν
2432 2455 2683 2529 Χριστὸν,
2714 2455 3040 2518 ἀναστάντες
3060 2454 3169 2535 Ιῆδη
3198 2453 3336 2516 τινὲς
3365 2451 3743 2522 ἱστορὴθηςαν

2168 2550 2274 2622 πρὸ
2302 2546 2463 2603 αὑτοῦ
2486 2566 2499 2579 ·
2534 2551 2593 2603 ὲν
2620 2542 2701 2612 οἷς
2722 2548 2821 2619 τῆς
2843 2546 3182 2618 Σαραφθίνης
3210 2546 3381 2617 χήρας
3410 2545 3441 2597 6
3473 2544 3628 2607 υἱὸς,
3659 2546 3741 2596 καὶ

2168 2639 2267 2709 τῆς
2313 2637 2710 2709 Σουναμίτιδος,
2759 2637 2852 2691 καὶ
2899 2639 2927 2689 6
2962 2636 3241 2708 Λάζαροςς
3289 2634 3551 2688 λεκτέον·
3615 2634 3741 2686 Ἀλλ’

2168 2725 2313 2784 οὗτοι
2343 2732 2420 2793 εἰς
2448 2730 2509 2783 τὸ
2550 2729 2644 2783 καὶ
2674 2723 2830 2792 αὖθις
2870 2726 3155 2780 ἀποθανεῖν
3204 2726 3543 2794 ἀνέστησαν·

2168 2824 2226 2881 δὲ
2276 2824 2403 2896 περὶ
2447 2821 2553 2875 τῶν
2587 2820 2782 2893 μηκέτι
2828 2818 2963 2892 μετά
2998 2818 3096 2890 τὴν
3134 2816 3346 2888 ἔγερσιν
3387 2812 3725 2886 διοριζόμεθα

2167 2914 2586 2986 τεθνηξομένων.
2644 2912 2766 2966 Ἑάν
2809 2911 2989 2965 δὲκαὶ
3030 2908 3159 2979 περὶ
3203 2907 3303 2977 τῆς
3332 2905 3523 2976 ψυχῆς
3562 2905 3729 2958 διατο-

2172 3005 2342 3075 ρήσας
2373 3002 2555 3075 φράσῃ
2578 2999 2672 3054 τοῦ
2711 2999 2912 3067 Ἠλίου,
2944 2998 3017 3063 ὡς
3043 2999 3149 3052 τῶν
3187 2999 3282 3070 μὲν
3319 2995 3571 3069 Γραφῶν
3610 2998 3737 3049 eivs:-

2168 3093 2366 3166 λῆφθαι
2395 3093 2557 3147 αὑτὸν
2577 3092 2844 3163 λεγουσῶν
2867 3094 2924 3145 ἐν
2958 3090 3139 3162 σαρκὶ,
3171 3090 3328 3161 ἡμῶν
3357 3088 3413 3141 δὲ
3452 3088 3739 3158 ἁσύμπλο-

2171 3201 2264 3239 κον
2325 3184 2524 3254 σαρκὸς
2584 3185 2699 3247 τοῖς
2769 3179 3083 3244 ἀποστόλοις
3138 3173 3314 3249 ὦφθαι
3372 3178 3739 3247 φασκόντων·

2169 3275 2405 3339 λεκτέον,
2438 3275 2520 3327 ὅτι
2552 3273 2646 3328 καὶ
2681 3273 2786 3345 μὴν
2834 3272 3029 3344 μᾶλλον
3062 3270 3120 3324 τὸ
3148 3270 3323 3339 λέγειν
3355 3269 3527 3321 αὐτὸν
3564 3263 3739 3337 ὦφθαι

2167 3371 2277 3430 τοῖς
2309 3366 2621 3428 ἀποστόλοις
2647 3366 2704 3418 ὲν
2735 3364 2897 3435 σαρκὶ
2925 3363 3059 3434 πρὸς
3090 3360 3246 3433 ἡμῶν
3280 3364 3415 3414 ἐστι.
3446 3360 3737 3413 Δείκνυται

2168 3458 2276 3528 γὰρ
2302 3459 2396 3510 καὶ
2417 3456 2503 3510 διὰ
2519 3455 2674 3509 τοῦτο
2698 3454 3000 3526 ἀφθαρσίας
3020 3453 3175 3525 ἡμῶν
3197 3453 3465 3524 ὑπάρχον,
3486 3452 3552 3505 τὸ
3586 3453 3734 3523 σῶμα

2167 3545 2428 3610 δεκτικὸν,
2477 3545 2722 3617 καθάπερ
2760 3544 2970 3616 ἐδείχθη
3002 3544 3093 3598 καὶ
3136 3543 3226 3595 ἐπὶ
3268 3542 3361 3596 τοῦ
3418 3541 3606 3612 Ἑνὼχ
3655 3558 3737 3612 με·

2167 3639 2537 3712 τατιθεμένου.
2585 3640 2647 3692 Εί
2685 3637 2757 3709 μὴ
2797 3635 2903 3709 γάρ
2955 3634 3259 3706 ἀφθαρσίαν
3307 3632 3546 3703 ἠδύνατο
3590 3632 3737 3696 δέξει-

2171 3734 2312 3800 σθαι,
2358 3734 2457 3787 οὐκ
2510 3732 2576 3786 ἂν
2624 3731 2744 3784 οὐδὲ
2795 3729 3060 3799 διέμεινεν
3107 3729 3164 3780 ὲν
3211 3725 3448 3794 ἀπαθείᾳ
3496 3725 3733 3793 τοσούτῳ

2167 3827 2364 3900 χρόνῳ.
2434 3826 2497 3879 Εἰ
2527 3822 2701 3878 τοίνυν
2733 3821 2884 3893 ὤφθη
2935 3819 3071 3893 μετά
3100 3817 3194 3873 τοῦ
3227 3817 3501 3889 σώματος,
3538 3819 3641 3871 καὶ
3675 3812 3735 3887 ἦν

2239 4010 2259 4084 ξ
2307 4009 2484 4084 Σζχᾴλι.
2519 4004 2848 4084 Σημείιυσαι.
2877 3999 3142 4084 παρά
3177 3996 3499 4084 τοῦτολνκαὶ
3538 3997 3654 4083 Tag
3690 3999 3731 4049 si

2170 4079 2264 4133 καὶ
2294 4068 2487 4150 μὲῖὲπὶ
2509 4068 2612 4150 τοῖξ
2625 4074 2826 4150 Αεῖδορς,
2865 4073 2978 4150 ἀλλ⁹
3005 4068 3098 4150 ἐπὶ
3124 4069 3217 4150 τος)
3248 4068 3505 4150 συνθέτου

2167 4167 2258 4213 τος
2278 4138 2528 4225 τείνεται.
2554 4140 2893 4225 ρύδὲρνιῆττον
2924 4143 2985 4225 τὸ
3021 4140 3152 4225 at???)
3178 4140 3367 4225 ἕπεται
3409 4139 3469 4223 ﬂ"
3483 4139 3550 4190 τὸ
3582 4138 3727 4221 αὐτό.

2169 4208 2253 4272 Τδ
2276 4220 2373 4290 μὲν
2404 4217 2509 4290 γ-ἀρ
2553 4217 2664 4290 ἔχει
2707 4208 2878 4290 λύσιν,
2917 4214 3003 4290 ᾅτι
3043 4211 3200 4265 πάλιν
3229 4208 3599 4290 θνῄξειιέὸτ-έυς
3639 4208 3733 4290 οὐκ

2168 4273 2288 4360 ἐστί
2320 4273 2545 4360 κυρίώς,Δ
2559 4273 2876 4360 ἀνδριάντος
2906 4282 3221 4360 ἀνάστα-σις-
3256 4273 3412 4360 τὸρῦ
3433 4296 3446 4308 ⁸
3477 4280 3648 4351 εἴπερ
3677 4284 3733 4330 το

2169 4356 2304 4423 εἶδος
2327 4349 2597 4429 οὑ’θνήξει
2626 4349 2806 4421 πάλιν,
2840 4355 2919 4407 ὅτι
2950 4353 3068 4425 μηδ’
3099 4352 3233 4414 ὅλως
3261 4349 3509 4419 θνήσκει.

578 4640 625 4671 ⁹⁰
656 4639 728 4694 Ill
750 4638 874 4711 Reg.
906 4656 1038 4707 xvu,
1067 4640 1158 4697 22.
1234 4640 1281 4673 ⁹¹
1310 4638 1377 4694 1V
1405 4640 1527 4714 Reg.
1566 4658 1643 4702 ιν,
1666 4642 1756 4698 55.
1833 4643 1878 4677 ⁹¹
1903 4645 2061 4699 Joau.

2169 4686 2172 4703 .
2204 4642 2295 4698 44.
2370 4644 2417 4675 ’³
2448 4641 2575 4697 Gen.
2611 4656 2664 4705 ν,
2693 4639 2785 4695 24.

508 4794 794 4884 ῷοςηεει
829 4801 975 4883 velut
996 4802 1330 4884 distinctius}
1364 4806 1708 4884 proprietas,
1738 4818 1845 4884 qua
1892 4806 2063 4884 possit
2093 4808 2136 4863 D
2165 4822 2285 4884 quae
2310 4816 2437 4884 sunt
2486 4806 2670 4861 minus
2723 4804 2998 4884 spiritales
3019 4821 3045 4884 ⁸ε
3089 4799 3380 4884 quomodo
3413 4797 3727 4884 etiam

508 4870 618 4946 dici
640 4878 698 4946 _et
724 4872 963 4946 agnosci,
996 4872 1083 4927 hic
1104 4875 1248 4939 talis,
1282 4870 1499 4946 Petrus;
1519 4873 1721 4929 Paulus
1747 4870 1906 4946 {ipse
1919 4876 2063 4946 idem

509 4940 602 5008 qui
636 4939 809 5017 fuerat
842 4941 895 4994 in
926 4956 1120 5017 carne;
1153 4946 1423 5017 quomodo
1466 4943 1687 4999 fuerunt
1718 4939 1884 5017 agiiiti
1916 4943 2065 5016 Moy-

510 5007 600 5063 ses
625 5017 679 5063 et
712 5007 858 5086 Elias
881 5025 895 5060 ε
919 5007 1471 5086 divesqué_Lazarum
1522 5007 1779 5085 agnovit:
1817 5007 2063 5086 Explicat

508 5094 629 5152 non;
644 5080 832 5152 procul
854 5095 883 5133 a
913 5080 1015 5152 (lite
1035 5080 1152 5152 ipse
1179 5082 1505 5142 Methodius.

581 5149 693 5229 (84)
734 5149 867 5229 cum
886 5149 1074 5229 palam
1095 5155 1184 5216 sit,
1213 5155 1440 5229 animos,
1465 5162 1570 5210 etc.
1590 5155 1847 5229 Crassius
1879 5155 2060 5229 loquiv

504 5225 596 5296 tur
630 5220 697 5275 de
719 5220 1027 5296 animabus,
1058 5230 1313 5292 tanquam
1342 5226 1469 5279 velit
1516 5240 1675 5280 suum
1715 5226 1848 5281 illud
1883 5220 2059 5296 spiri-

507 5292 614 5366 tale
638 5306 863 5366 corpus,
897 5292 952 5345 in
984 5306 1094 5366 quo
1137 5302 1537 5351 resurrecturas
1563 5297 1819 5351 volebant
1867 5292 2058 5366 Orige-

506 5361 674 5425 niani,
708 5376 987 5434 nunquam
1024 5361 1326 5434 deponere;
1355 5379 1526 5434 eoque
1576 5366 1821 5420 ﬁctitiam
1848 5361 2056 5423 esse'in

505 5445 572 5501 eo
601 5433 1075 5501 resurrectionem,
1096 5432 1186 5487 vel
1210 5432 1321 5501 jam
1347 5432 1467 5489 esse
1507 5433 1742 5500 factam;
1775 5443 1835 5488 ut
1860 5437 1897 5491 ii
1926 5438 2056 5491 olim

506 5497 772 5571 docebant
795 5517 932 5570 quos
962 5500 1168 5559 Paulus
1195 5497 1418 5557 tradidit
1448 5503 1663 5559 Satanae
1696 5497 1739 5559 ll
1768 5505 1904 5561 Tim.
1935 5523 1974 5571 ι,
2000 5523 2052 5561 v.

507 5567 596 5631 15,
632 5581 690 5642 ut
709 5567 927 5628 doceret
949 5588 1057 5627 non
1085 5572 1476 5642 blasphemare.
1504 5572 1732 5629 Possent
1783 5567 2056 5630 nihilomi-

508 5652 612 5717 nus
643 5641 753 5717 haec
772 5643 964 5717 exponi
997 5650 1055 5697 ut
1084 5644 1150 5717 ad
1183 5641 1452 5697 hominem
1482 5644 1653 5711 dicta;
1687 5645 1793 5699 nisi
1824 5662 2055 5716 sequen-

507 5710 583 5760 tia
623 5710 901 5765 obstarent
930 5713 1216 5786 inquibus
1245 5724 1328 5767 est
1369 5710 1682 5786 ειμι-εεεῇοτ
1707 5734 1719 5767 :
1749 5710 2060 5786 quanquam

504 5790 618 5832 non
642 5794 890 5859 magnum
918 5784 1201 5859 videatur,_
1222 5791 1279 5836 ut
1305 5785 1396 5859 qui
1438 5785 1643 5859 angelis
1684 5784 2065 5859 aethereacor-

509 5860 638 5918 pora
660 5857 713 5902 ct
741 5852 1000 5917 spiritalia
1029 5852 1248 5925 alliugit,
1302 5852 1462 5909 etiam
1506 5852 1793 5911 animabus
1825 5855 2057 5928 aﬁingat,

2163 4869 2368 4946 plures,
2404 4879 2546 4946 iique
2584 4869 2843 4946 perquam
2873 4875 3034 4946 alieni
3078 4869 3416 4946 a'dainnatis
3443 4869 3732 4946 erroribus

2162 4940 2409 5018 Origenis
2436 4940 2491 5000 u‘.
2521 4940 2747 5018 materia
2799 4944 3122 5018 atlimarum,
3167 4942 3420 5018 videntur
3462 4940 3727 5018 sensisse.

2160 5010 2299 5071 Νυιῖι
2328 5019 2398 5072 sit
2428 5017 2585 5070 modo
2617 5030 2770 5069 error
2800 5016 2852 5067 in
2879 5013 3000 5073 lide,
3027 5014 3128 5066 ista
3151 5013 3267 5067 sive
3287 5012 3353 5065 de
3377 5011 3588 5079 angelis
3614 5010 3733 5065 sive

2160 5089 2229 5142 de
2296 5085 2881 5142 liuiitaitisaniiiiabits
2945 5084 3253 5147 sententia,
3313 5089 3731 5136 controvertunt

2160 5158 2393 5227 theologi
2412 5173 2436 5227 ι
2467 5173 2519 5225 p.
2544 5172 2597 5225 q.
2632 5155 2719 5210 50.
2754 5153 3016 5227 Mitiorpm
3065 5167 3164 5222 ego
3190 5162 3246 5206 et
3277 5161 3570 5227 negantem
3601 5166 3728 5227 cum

2164 5221 2371 5282 nostris
2397 5221 2661 5288 Ca'raiiza,
2698 5226 2868 5287 Sixto,
2908 5221 3188 5291 Cajetauo,
3217 5238 3392 5292 exque
3436 5221 3563 5274 aliis
3615 5221 3727 5276 Me-

2162 5298 2323 5358 ratio.
2354 5304 2484 5357 etc.,
2509 5298 2845 5365 amplexatus
2873 5294 3086 5356 fuerim,
3120 5295 3271 5347 nullo
3299 5293 3479 5347 adhuc
3527 5306 3726 5365 occur-

2162 5376 2336 5427 rente,
2364 5366 2453 5419 ubi
2473 5367 2517 5421 is
2545 5364 2680 5420 satis
2707 5369 2778 5421 sit
2797 5380 3111 5433 expressus,
3166 5366 3251 5417 vel
3304 5378 3373 5417 ex
3420 5364 3726 5416 intentione

2162 5436 2449 5490 damnatus
2500 5451 2653 5491 error
2698 5452 2710 5487 :
2759 5432 3012 5489 Pati-ibus
3068 5432 3562 5494 Lateraneusibus,
3617 5434 3723 5486 alio

2200 5508 2337 5567 lane,
2374 5514 2427 5560 et
2449 5507 2516 5559 ad
2543 5505 2934 5575 pnedamnatas
2950 5503 3196 5575 Origeuis
3229 5506 3484 5564 haereses,
3515 5518 3627 5558 non
3651 5503 3722 5557 ad
3790 5569 3794 5573 ,

2200 5523 2337 5567 Iane,
2374 5523 2427 5560 et
2449 5523 2516 5559 au
2543 5523 2934 5575 pneuamnatas
2950 5523 3196 5573 urigeuis
3229 5523 3484 5564 intereses,
3515 5523 3627 5558 non
3651 5523 3722 5557 au

2159 5523 2378 5631 Batrum
2403 5578 2686 5645 Opiniones
2717 5576 2979 5630 hactenus
3026 5574 3370 5645 obtinenzes,
3426 5574 3725 5641 respicitur-

2160 5648 2307 5702 tibus
2341 5665 2355 5700 :
2387 5643 2491 5715 qua
2511 5648 2578 5700 de
2600 5664 2654 5699 re
2682 5646 2942 5700 videndus
2973 5646 3038 5698 ad
3064 5645 3287 5712 primam
3310 5643 3382 5695 De
3402 5653 3567 5698 creat.
3598 5661 3724 5700 vere

2162 5719 2400 5792 angelus
2413 5719 2589 5792 pacis,
2612 5715 3246 5792 Prazcmptor‘z’tngelicus.

2232 5783 2343 5854 (85)
2388 5783 2481 5851 Ὡς
2508 5783 2870 5856 παρεγγυᾷς.
2906 5783 3044 5849 ΑΙ,
3079 5783 3265 5856 ὥσπερ
3299 5783 3521 5855 ἐγγυᾷς.

2233 5853 2343 5928 (86)
2371 5853 2800 5926 Συμπαρέσὲαι.
2834 5855 2994 5913 Forte
3028 5853 3382 5925 συμπάρεστι.
