3962 6278
195 291 292 348 521

1290 294 1379 348 EX
1419 295 1622 350 LIBRO
1667 294 1754 348 DE
1788 293 2385 353 RESERRECTIONE.

3339 307 3446 361 529.

197 415 519 486 τελευτήσας
555 416 675 486 μὲν.
715 415 950 480 ἀναστὰς
981 415 1035 468 δὲ
1074 415 1173 487 ἤδη
1209 417 1272 469 ἐκ
1302 417 1510 489 νεκρῶν
1534 419 1760 473 οὐδέπω.

1868 432 1996 488 ergo
2029 416 2140 487 (88)
2175 418 2424 488 apparuit
2451 433 2576 474 cum
2607 434 2855 492 corpore,
2915 429 3141 492 eratque
3162 433 3444 494 mortuus;

199 506 304 560 Καὶ
328 505 496 559 ταῦτα
525 505 611 559 ἵνα
640 506 703 576 δὴ
740 508 1187 578 συγχωρήσωμεν
1213 508 1290 579 τῷ
1328 509 1609 582 Ὠριγένει,
1649 509 1772 564 καθ’

197 598 355 651 ἑαυτὸ
388 599 447 650 τὸ
497 594 637 662 εἶδος
675 598 884 667 λέγοντι
936 598 1074 669 μετὰ
1107 599 1204 670 τὴν
1246 600 1500 671 τελευτὴν
1545 599 1775 665 ἀποζευ-

197 690 462 762 γνύμενον
505 691 612 744 ἀπὸ
645 691 738 744 τοῦ
776 690 1024 761 σώματος
1053 694 1117 762 τῇ
1166 691 1310 762 ψυχῇ
1341 692 1598 758 δίδοσθαι,
1636 695 1773 764 ὅπερ

196 784 341 837 ἐστὶν
373 784 626 838 ἁπάντων
658 783 937 848 ἀδύνατον,
966 783 1043 854 τῷ
1074 784 1512 856 προαπόλλυσθαι
1534 787 1604 840 -τὸ
1636 782 1773 850 εἶδος

195 875 303 927 τῶν
355 873 574 947 σαρκῶν
628 877 685 929 ἐν
731 877 852 939 ταῖς
895 875 1233 939 ἀλλοιώσεσι,
1286 875 1534 948 καθάπερ
1568 877 1662 930 καὶ
1712 877 1773 930 τὸ

196 968 381 1038 σχῆμα
416 968 508 1021 τοῦ
543 969 1018 1041 συγχωνευομένου
1060 968 1374 1040 ἀνδριάντος
1407 969 1512 1040 πρὸ
1538 970 1636 1042 τῆς
1658 968 1772 1024 δια-

193 1057 400 1123 λύσεως
423 1058 516 1114 τοῦ
547 1061 688 1114 ὅλου.
728 1061 849 1113 Ὅτι
888 1059 961 1131 μὴ
1007 1059 1227 1114 δύναται
1273 1059 1600 1132 χωρίζεσθαι
1647 1060 1770 1115 καθ’

196 1154 492 1206 ὑπόστασιν
524 1153 632 1208 ἀπὺ
672 1153 771 1224 τῆς
801 1153 933 1224 ὕλης
976 1155 1009 1225 ἡ
1043 1153 1298 1222 ποιότηςο
1333 1152 1623 1224 χωρίζεται
1673 1153 1770 1225 μὲν

193 1245 303 1317 γὰρ
355 1245 463 1298 ἀπὸ
525 1244 617 1299 τοῦ
671 1245 986 1317 ἀνδριάντος
1032 1244 1395 1316 χωνευθέντος
1444 1247 1477 1316 ή
1523 1246 1651 1318 περὶ
1692 1246 1770 1318 τῷ

191 1338 382 1410 χαλκῷ
436 1339 615 1410 μορφὴ
646 1337 1036 1410 ἀφανιζομένη,
1086 1337 1148 1391 οὑ
1203 1338 1311 1410 μὴν
1358 1338 1646 1407 ὑφεστῶσα
1690 1338 1768 1392 ἔτι

187 1434 318 1486 κατ’
350 1432 556 1487 οὑσίαν.

264 1523 364 1578 lE’.
419 1526 568 1578 Ἐπεὶ
597 1524 652 1578 δὲ
680 1524 898 1593 λέγεται
925 1524 982 1577 ἐν
1003 1522 1080 1594 τῷ
1103 1523 1318 1594 θανάτῳ
1347 1524 1408 1577 τὸ
1440 1519 1578 1588 εἶδος
1603 1523 1767 1596 χωρί-

192 1615 385 1682 ζεσθαι
415 1617 520 1672 ἀπὸ
561 1617 662 1687 τῆς
699 1618 936 1689 σαρκὸς,
970 1616 1122 1688 φέρε,
1163 1617 1223 1670 τὸ
1256 1616 1616 1687 χωριζόμενον
1668 1633 1764 1669 πο-

200 1710 375 1782 σαχῶς
418 1710 631 1777 λέγεται
681 1708 1029 1781 χωρίζεσθαι,
1065 1707 1504 1780 ἐπισκεψώμεθα.
1535 1707 1764 1778 Λέγεται

1875 517 1931 564 at
1963 525 2070 564 non
2100 511 2247 566 velut
2272 511 2384 581 jam
2416 528 2480 567 ex
2515 514 2747 570 mortuis
2778 516 3190 572 resurrexisset.
3231 517 3296 571 Et
3327 518 3444 575 haec

1874 599 2147 654 utdemus
2193 601 2396 671 aliquid
2443 599 2685 674 Origeni,
2736 605 2831 675 qui
2875 605 3047 675 ipsam
3090 622 3188 676 per
3235 624 3295 664 se
3330 609 3446 664 for-

1871 705 2040 754 mam,
2077 699 2201 761 post
2243 699 2472 749 mortem
2523 709 2554 748 a
2592 711 2822 767 corpore
2871 697 3199 768 sejunctam,
3249 701 3450 758 anima}

1873 779 2030 834 reddi
2059 781 2213 848 dicit,
2245 782 2388 852 quod
2428 798 2540 852 prae
2578 786 2834 841 omnibus
2867 786 3050 842 minus
3083 788 3297 844 videtur
3317 806 3446 862 pos-

1869 873 2058 938 sibile;
2090 889 2154 928 eo
2176 873 2324 944 quod
2366 875 2420 929 in
2470 877 2910 943 alterationibus,
2938 879 3090 949 prior
3133 879 3305 934 forma
3331 883 3446 954 (89)

1871 980 2035 1036 quam
2066 980 2265 1021 carnes
2297 977 2721 1038 corrumpatur;
2767 981 2826 1024 ut
2869 979 2924 1026 et
2974 972 3144 1042 figura
3176 973 3310 1030 fusae
3341 988 3448 1032 sta-

1871 1064 1978 1111 tuae
2007 1055 2162 1123 prius
2183 1072 2348 1128 quam
2394 1065 2570 1114 totum
2618 1061 2982 1119 dissolutione
3022 1065 3279 1124 intereat.
3320 1067 3441 1124 Non

1869 1147 2014 1203 enim
2042 1155 2220 1217 potest
2247 1149 2487 1218 qualitas
2519 1165 2548 1203 a
2581 1153 2810 1206 materia
2851 1154 3118 1222 separari.
3157 1157 3233 1210 ita
3260 1163 3318 1210 ut
3349 1173 3446 1228 per

1869 1253 1931 1294 se
1956 1238 2185 1293 exsistat
2217 1248 2541 1309 :separatur
2565 1242 2786 1312 quidem
2823 1259 2853 1296 a
2880 1244 3000 1299 fusa
3029 1257 3206 1301 statua
3237 1265 3356 1318 qua:
3387 1251 3444 1305 in

1867 1344 1975 1385 aere
2018 1337 2123 1396 est,
2157 1329 2332 1385 deleta
2372 1329 2568 1399 forma,
2608 1333 2688 1387 sic
2737 1340 2921 1390 tamen
2981 1343 3038 1390 ut
3069 1353 3180 1392 non
3213 1343 3446 1413 amplius

1867 1422 2169 1478 secundum
2205 1423 2570 1477 substantiam
2602 1425 2889 1481 subsistat.

1937 1510 2053 1568 XV.
2087 1511 2224 1578 Quia
2239 1528 2370 1567 vero
2393 1512 2568 1567 forma
2589 1529 2615 1566 a
2634 1529 2799 1570 carne
2819 1517 2873 1570 in
2899 1525 3075 1576 morte
3096 1525 3342 1592 separari
3371 1526 3450 1580 di-

1865 1607 2044 1676 citur;
2078 1623 2210 1679 age,
2247 1615 2382 1679 quot
2430 1607 2608 1664 modis
2661 1625 2832 1664 unum
2866 1613 2935 1667 ab
2984 1615 3156 1670 altero
3203 1620 3442 1688 separari

1866 1701 2104 1765 dicatur,
2135 1701 2441 1756 videamus.
2485 1701 2694 1757 Dicitur
2715 1720 2845 1776 ergo
2868 1720 3036 1760 unum
3062 1708 3129 1762 ab
3152 1709 3258 1763 alio
3287 1726 3446 1780 sepa-

195 1800 370 1853 τοίνυν
399 1798 727 1871 χωρίζεσθαι
759 1816 811 1851 τι
846 1798 954 1852 ἀπό
985 1816 1130 1862 τινος
1164 1799 1198 1870 ἢ
1233 1798 1483 1870 ἐνεργείᾳ
1513 1799 1608 1852 καὶ
1641 1799 1763 1851 ὑπο-

1872 1793 2019 1859 rari,
2045 1792 2130 1847 vel
2170 1802 2312 1860 actu,
2329 1801 2384 1847 et
2417 1793 2795 1860 subsistentia,
2830 1797 2914 1850 vel
2944 1800 3272 1868 cogitatione
3311 1821 3324 1856 :
3361 1803 3445 1859 vel

197 1892 401 1952 στάσει,
423 1891 455 1962 ἢ
481 1891 711 1962 ἐπινοίᾳ·
809 1891 1080 1962 ἐνεργείᾳ,
1110 1891 1170 1943 οὑ
1202 1889 1307 1961 μὴν
1331 1889 1424 1943 καὶ
1447 1889 1759 1942 ὑποστάσει.

205 1984 292 2047 Ὠς
319 1985 364 2036 εί
394 1983 600 2053 πυρούς
642 2000 725 2046 τις
771 1982 866 2035 καὶ
907 1982 1103 2055 κριθὰς
1147 1981 1458 2052 μεμιγμένα
1484 1981 1764 2050 χωρίσειεν

191 2077 286 2130 ἀπ’
322 2077 603 2148 ἀλλήλων
727 2075 824 2146 μὲν
866 2074 976 2147 γὰρ
1022 2074 1163 2128 κατὰ
1206 2074 1420 2145 κίνησιν
1453 2075 1763 2144 χωρίζεται,

192 2166 447 2237 ἐνέργεια
470 2167 708 2235 λέγεται·
827 2165 884 2219 δέ
919 2165 1254 2236 χωρισθέντα
1286 2165 1609 2236 ὑφέστηκεν,
1637 2165 1764 2218 ὑπο-

193 2259 378 2312 στάσει
410 2260 624 2328 λέγεται
665 2259 1017 2331 κεχωρίσθαι.
1080 2258 1320 2331 Ἐπινοίᾳ
1365 2258 1443 2323 δὲ,
1493 2260 1621 2313 ὅταν
1667 2260 1766 2330 τὴν

192 2349 328 2421 ’ύλην
359 2351 468 2406 ἀπὸ
506 2351 612 2405 τῶν
653 2353 952 2422 ποιοτήτων
985 2349 1325 2423 χωρίζωμεν,
1360 2349 1456 2404 καὶ
1487 2349 1587 2413 τὰς
1617 2350 1765 2404 ποιό-

191 2459 363 2514 τητας
401 2444 508 2498 ἀπὸ
538 2444 636 2513 τῆς
666 2442 816 2507 ὑλης,
846 2443 1094 2514 ἐνεργείᾳ
1132 2443 1208 2508 δὲ,
1257 2442 1318 2496 οὐ
1356 2442 1463 2514 μὴν
1496 2443 1590 2496 καὶ
1629 2444 1763 2498 ὑπο-

197 2534 408 2596 στάσει,
438 2533 564 2585 ὃταν
594 2531 858 2603 χωρισθέν
879 2549 932 2584 τι
959 2532 1067 2585 ἀπό
1098 2548 1244 2594 τινος
1275 2530 1473 2602 μηκέτι
1507 2531 1762 2602 ὑπάρχοι,

197 2625 496 2678 ὑπόστασιν
533 2623 718 2686 οὐσίας
748 2624 846 2676 οὑκ
887 2622 1044 2693 ἔχων.
1081 2622 1240 2692 Γνοίη
1271 2623 1314 2675 δ’
1354 2623 1420 2677 ἀν
1453 2641 1539 2686 τις
1570 2622 1667 2676 καὶ
1707 2624 1764 2676 ἐν

194 2719 310 2779 τοῖς
339 2717 785 2787 χειροτεχνήμασι
816 2714 890 2778 ὡς
921 2714 1054 2785 ἔχει,
1089 2714 1382 2788 ἀνδριάντα
1417 2712 1560 2778 ἰδὼν,
1595 2715 1627 2786 ἢ
1679 2715 1767 2768 ἴπ-

192 2824 297 2862 πον
343 2805 595 2877 χαλκοῦν.
633 2805 815 2860 Ταῦτα
857 2806 968 2878 γὰρ
1015 2806 1381 2878 λογιζόμενος,
1430 2807 1618 2877 ὄψεται
1667 2806 1765 2879 τὴν

190 2899 432 2969 ἔμφυτον
482 2897 695 2969 μορφὴν
739 2897 1152 2951 διαλλάττονταο
1197 2900 1276 2962 εἰς
1307 2899 1363 2951 δὲ
1406 2898 1599 2970 ἐτέραν
1643 2898 1764 2969 ὄψιν

193 2989 563 3060 μεθιστάμενα
596 2990 686 3058 ὑφ’
709 2982 777 3060 ἧς
806 2987 914 3060 (87)
947 2989 1006 3042 τὸ
1036 2991 1430 3061 ξυγγενόμενον
1457 2986 1593 3054 εἶδος
1619 2992 1762 3060 ἀφα-

186 3081 417 3145 νίζεται.
450 3083 512 3134 Et
559 3081 667 3150 γάρ
704 3097 786 3144 τις
815 3080 882 3133 τά
909 3078 1045 3152 ἔργα
1077 3081 1145 3136 τά
1193 3083 1640 3154 σχηματιζόμενα
1683 3083 1763 3146 είς

182 3169 326 3235 εἶδος
359 3172 644 3245 ἀνθρώπου
691 3173 725 3244 ἢ
776 3173 940 3226 ἵππου
993 3173 1265 3245 συντήκοι,
1311 3165 1536 3246 εὑρήσει
1564 3175 1626 3228 τὸ
1663 3174 1761 3246 μὲν

179 3264 276 3318 τοῦ
313 3266 593 3336 σχήματος
621 3261 758 3329 εἶδος
780 3265 1194 3338 ἀφανιζόμενον,
1225 3267 1392 3340 αὐτὴν
1413 3268 1470 3322 δέ
1499 3268 1599 3340 τὴν
1629 3267 1761 3338 ὓλην

182 3358 477 3430 μένουσαν.
517 3359 679 3411 Ὥστε
711 3357 1012 3413 ἀσύστατον
1047 3359 1107 3411 τὸ
1135 3359 1318 3429 λέγειν
1365 3359 1425 3412 τὺ
1478 3359 1575 3430 μὲν
1621 3356 1759 3424 εἶδος

173 3449 507 3504 ἀνίστασθαι
542 3450 941 3522 ἠμαυρωμένον
969 3450 1150 3521 μηδὲν,
1185 3451 1247 3504 τὸ
1273 3451 1331 3504 δέ
1361 3451 1520 3523 σῶμα
1539 3452 1597 3504 ἐν
1619 3444 1664 3519 ᾧ
1691 3447 1762 3524 ἦν

171 3541 234 3596 τὸ
262 3537 405 3605 εἶδος
436 3540 904 3612 ἐντετυπωμένον,
938 3541 1366 3615 διαφθείρεσθαι.

238 3725 358 3790 ις’.
412 3719 586 3774 Ἀλλά
614 3722 722 3786 ναὶ,
753 3723 912 3793 φησίν
932 3741 945 3753 °
977 3725 1036 3776 ἐν
1078 3722 1430 3794 πνευματικῷ
1453 3723 1561 3795 γὰρ
1597 3741 1761 3794 μετα-

164 3818 462 3889 τεθὴσεται
502 3813 734 3886 σώματι.
761 3816 969 3869 Οὐκοῦν
996 3818 1206 3888 ἀνάγκη
1234 3817 1295 3870 τὸ
1327 3819 1424 3890 μὲν
1448 3815 1588 3883 εἶδος
1619 3821 1760 3884 ἰδίως

167 3911 462 3980 ὁμολογεῖν
508 3907 644 3962 αὐτὸ
690 3907 751 3961 τὸ
785 3907 996 3979 πρῶτον
1028 3909 1101 3980 μὴ
1139 3909 1481 3978 ἀνίστασθαι,
1529 3911 1607 3982 τῷ
1642 3929 1763 3964 συν-

167 4001 508 4074 ηλλοιῶσθαι
557 4000 686 4053 αὑτὸ
727 4000 1024 4072 συμφθίνον
1068 4005 1132 4073 τῇ
1187 4003 1379 4073 σαρκί·
1420 4003 1520 4057 κᾶν
1563 4003 1672 4077 γὰρ
1704 4007 1762 4058 ἐν

167 4091 540 4164 πνευματικῷ
577 4092 924 4166 μεταπλασθῇ
966 4091 1196 4164 σώματι,
1226 4095 1358 4147 αὑτὸ
1401 4096 1498 4167 μὲν
1530 4096 1674 4161 ἰδίως
1703 4097 1760 4150 τὸ

168 4184 390 4257 πρῶτον
433 4182 800 4253 ὑποκείμενον
835 4184 1009 4237 ἐκεῖνο
1055 4184 1155 4237 οὑκ
1201 4183 1374 4251 ἔσται,
1424 4186 1675 4257 ὁμοιότης
1702 4187 1760 4241 δέ

163 4294 252 4341 τις
286 4275 499 4330 ἐκείνου
536 4277 600 4327 ἐν
632 4275 956 4347 λεπτομερεῖ
993 4277 1487 4349 μεταπεπλασμένη
1528 4278 1755 4350 σώματιο

166 4371 216 4422 εί
243 4369 301 4422 δέ
337 4369 478 4440 μήτε
511 4365 583 4420 τὸ
629 4362 768 4432 εἶδος
801 4368 861 4420 τὸ
890 4368 1042 4432 αὑτὸ,
1090 4369 1226 4440 μήτε
1258 4367 1320 4422 τὺ
1353 4368 1510 4440 σῶμα
1543 4370 1760 4424 ἀνίστα-

1866 1890 2014 1946 actu,
2054 1898 2165 1938 non
2199 1884 2328 1939 item
2379 1885 2756 1940 subsistentia.
2791 1885 2862 1940 Ut
2893 1888 2936 1941 si
2961 1891 3085 1958 quis
3115 1891 3349 1946 triticum
3389 1899 3446 1949 ει

1865 1973 2128 2029 hordeum
2155 1977 2318 2029 mista
2348 1974 2490 2030 inter
2518 1989 2596 2038 se,
2620 1985 2872 2032 secernat
2898 1995 2909 2032 :
2937 1989 3206 2049 quatenus
3225 1983 3443 2052 quidem

1865 2080 1963 2136 per
1988 2076 2194 2120 motum
2231 2075 2576 2138 separantur,
2602 2069 2806 2126 dicitur
2833 2073 3104 2142 separatio
3133 2086 3254 2128 actu
3283 2083 3445 2146 atque

1865 2171 1962 2223 re;
1998 2167 2269 2227 quatenus
2301 2175 2431 2213 vero
2462 2168 2715 2230 separata
2744 2164 2972 2216 seorsim
3003 2164 3330 2231 subsistunt,
3363 2169 3446 2223 di-

1867 2248 2012 2301 citur
2044 2251 2342 2319 separatio,
2377 2251 2752 2310 subsistentia.
2804 2253 3146 2324 Cogitatione
3175 2267 3350 2312 autem
3389 2268 3444 2313 et

1865 2341 2096 2406 ratione,
2115 2341 2264 2395 velut
2290 2343 2333 2397 si
2369 2345 2647 2399 materiam
2670 2360 2699 2398 a
2722 2347 3078 2417 qualitatibus
3105 2364 3440 2418 separemus,

1866 2446 1932 2486 ac
1961 2432 2250 2502 qualitates
2280 2449 2311 2488 a
2335 2436 2584 2495 materia.
2621 2436 2760 2493 Actu
2791 2437 3027 2508 denique
3051 2482 3064 2506 ,
3095 2447 3148 2493 at
3179 2455 3285 2494 non
3315 2442 3446 2497 sub-

1863 2524 2110 2582 sistentia
2134 2563 2150 2589 ,
2183 2541 2306 2580 eum
2341 2534 2653 2595 separatum
2694 2528 2898 2597 aliquid
2930 2529 2998 2583 ab
3023 2530 3130 2582 alio
3150 2569 3164 2592 ,
3191 2545 3300 2583 non
3330 2545 3444 2584 am-

1864 2617 2008 2687 plius
2036 2615 2229 2680 fuerit,
2269 2633 2378 2672 non
2419 2620 2624 2677 habens
2656 2636 2765 2691 quo
2808 2620 3096 2676 subsistat.
3135 2620 3355 2676 Noverit
3382 2630 3441 2676 ut

1864 2709 1978 2764 hac
2006 2707 2243 2764 habeant
2272 2712 2436 2765 etiam
2470 2712 2520 2765 in
2554 2713 2910 2776 mechanicis,
2959 2714 3004 2768 si
3044 2713 3165 2783 quis
3205 2720 3440 2768 statuam

1864 2815 2136 2870 equumve
2181 2815 2290 2856 aere
2339 2806 2521 2857 fusum
2565 2803 2814 2873 aspiciat.
2847 2801 3063 2857 Videbit
3087 2803 3265 2869 enim,
3310 2805 3440 2859 dum

1865 2887 2113 2944 advertat
2159 2892 2426 2957 animum,
2464 2898 2524 2943 ut
2573 2891 2864 2946 immutent
2893 2891 3120 2947 formam
3158 2893 3439 2960 innatum,

1863 2987 2026 3052 atque
2080 2981 2138 3036 in
2189 2981 2418 3054 ﬁguram
2449 2982 2608 3037 aliam
2638 2999 2670 3037 a
2698 2999 2805 3054 qua
2829 2984 3074 3040 deleatur
3102 2985 3276 3043 forma
3305 3003 3440 3044 con-

1864 3073 2044 3143 genita
2071 3113 2086 3136 ,
2115 3073 2474 3131 transferant.
2513 3073 2646 3129 Nam
2690 3075 2735 3130 si
2767 3077 2890 3146 quis
2921 3077 3075 3148 signa
3110 3079 3166 3133 in
3203 3080 3440 3138 hominis

1863 3173 1956 3220 aut
1984 3165 2110 3237 equi
2136 3165 2364 3238 ﬁguram
2382 3166 2612 3238 efﬁgiata
2637 3167 2972 3234 conflaverit,
3016 3169 3201 3225 formaa
3223 3174 3439 3243 quidem

1863 3255 2088 3329 ﬁguram
2109 3260 2461 3324 exstinctam,
2493 3261 2777 3317 materiam
2825 3277 2955 3317 vero
2985 3266 3330 3333 superstitem
3357 3267 3443 3320 in-

1862 3359 2124 3405 venturus
2146 3359 2249 3406 est.
2283 3352 2473 3422 Itaque
2495 3351 2791 3407 absurdum
2824 3359 2940 3421 est,
2973 3362 3028 3407 ut
3058 3356 3181 3425 quis
3209 3355 3441 3410 formam

1863 3455 1984 3511 qua;
2009 3441 2147 3496 nihil
2185 3441 2290 3496 fuit
2321 3443 2592 3499 exstincta
2634 3454 3065 3499 resurrecturam
3101 3445 3280 3510 dicat,
3318 3460 3442 3500 cor-

1858 3549 2074 3606 pusque
2130 3534 2220 3588 cui
2289 3534 2381 3590 illa
2443 3534 2547 3590 fuit
2602 3535 2900 3606 impressa,
2987 3548 3302 3608 corruptum
3373 3539 3442 3595 iri

1863 3627 2178 3684 contendat.

1933 3718 2074 3775 XVI.
2094 3719 2324 3775 Maxime
2343 3719 2642 3786 enimvero,
2671 3723 2875 3793 inquit;
2913 3722 3272 3779 transferetur
3294 3725 3439 3779 enim

1862 3816 1917 3870 in
1940 3828 2141 3884 corpus
2160 3813 2424 3884 Spiritale.
2456 3813 2596 3886 Ergo
2627 3815 2783 3872 fateri
2818 3833 3042 3873 necesse
3067 3825 3170 3884 est,
3192 3818 3439 3874 eamdem

1861 3909 2078 3978 proprie
2107 3907 2336 3960 formam
2359 3907 2588 3977 primam
2608 3923 2717 3963 non
2745 3924 3050 3980 resurgere,
3071 3926 3137 3964 eo
3153 3909 3298 3980 quod
3320 3926 3442 3965 mu-

1861 4005 1972 4052 tata
2013 3997 2086 4053 sit
2111 4006 2165 4052 et
2204 4007 2458 4068 corrupta
2481 4038 2495 4062 ,
2528 4015 2636 4054 una
2669 4015 2793 4056 cum
2836 4016 3018 4056 carne.
3066 4000 3178 4057 Etsi
3203 4003 3347 4057 enim
3380 4002 3439 4058 in

1862 4089 2106 4159 spiritale
2155 4105 2354 4159 corpus
2396 4092 2662 4147 translata
2704 4094 2809 4158 sit,
2855 4095 2972 4164 ipsa
3020 4103 3201 4151 tamen
3247 4097 3438 4153 eadem

1861 4196 1969 4236 non
2009 4181 2114 4236 erit
2158 4181 2393 4250 primum
2426 4185 2642 4254 proprie
2668 4187 2975 4255 subjectum
3000 4227 3014 4252 ,
3053 4187 3146 4243 sed
3182 4189 3428 4259 quaedam

1861 4271 2012 4326 illius
2036 4274 2092 4326 in
2127 4273 2318 4327 subtili
2349 4289 2578 4345 corpore
2608 4277 2996 4334 transformata
3019 4280 3336 4337 similitudo.
3373 4281 3436 4336 Si

1860 4373 2038 4419 autem
2057 4379 2164 4419 non
2182 4365 2368 4421 eadem
2400 4365 2572 4422 forma
2600 4385 2739 4445 ;nec
2773 4370 2912 4427 idem
2944 4387 3146 4444 corpus
3177 4373 3433 4443 resurgit,

164 4479 280 4527 ται,
312 4461 429 4515 ἀλλ’
469 4462 668 4532 ἕτερον
698 4461 817 4514 ἀντὶ
849 4460 941 4514 τοῦ
971 4461 1256 4534 προτέρου.
1293 4462 1366 4514 Τὸ
1406 4463 1513 4535 γὰρ
1545 4463 1750 4534 ὅμοιον,

1868 4455 1958 4512 sed
1989 4457 2135 4511 aliud
2172 4472 2271 4528 pro
2299 4459 2426 4513 alio.
2453 4458 2588 4514 Nam
2636 4461 2842 4530 simile,
2887 4479 3010 4518 cum
3062 4467 3133 4520 sit
3174 4467 3319 4521 aliud
3367 4468 3436 4522 ab

165 4554 358 4624 ἕτερον
385 4553 482 4606 τοῦ
516 4550 719 4606 ἐαυτοῦ
741 4551 926 4622 ὁμοίου
958 4551 1036 4617 ὃν,
1069 4553 1198 4607 αὐτὸ
1222 4555 1399 4607 ἐκεῖνο
1425 4553 1487 4606 τὸ
1513 4553 1756 4626 πρῶτον,

170 4644 314 4718 πρὸς
339 4644 370 4696 δ
399 4644 643 4710 ἐγένετο,
679 4637 817 4698 εἶναι
850 4645 909 4697 οὐ
940 4643 1182 4698 δύναται.

267 4862 360 4938 8'1?
396 4862 683 4938 ἔτευξε
707 4857 802 4932 ἧς·
840 4861 950 4938 At;
1006 4862 1418 4938 μεθιστάμενος,
1445 4866 1531 4936 ἐφ’
1551 4860 1642 4938 iic-

274 4933 367 4999 88)
394 4931 684 5003 Siquidem
722 4931 863 5003 ergo.
887 4931 1047 4986 Clara
1075 4931 1355 4990 conclusio
1403 4954 1416 4988 :
1450 4931 1511 4990 ut
1558 4931 1672 4995 sive
1703 4937 1762 4992 in

174 5001 435 5086 corpore.
461 5001 580 5083 sive
603 5001 938 5086 sola_airima,
969 5005 1280 5086 siveadltuc
1314 5015 1614 5086 superstes,
1645 5009 1763 5086 sive

180 5072 466 5131 redivivus
497 5072 652 5126 visus
685 5074 754 5146 sit
795 5072 961 5137 Elias,
987 5075 1121 5146 nihil
1142 5077 1264 5145 ejus
1302 5072 1572 5146 apparitio
1603 5072 1764 5134 Vobsit

157 5152 418 5216 speratae
449 5143 842 5216 resurrectioni
874 5145 1075 5216 carnis.
1112 5143 1566 5202 schotttis'aliter
1585 5149 1759 5213 effert,

175 5214 350 5289 γειυιΔ
370 5221 654 5289 mortuum
707 5214 932 5289 allirmet
971 5215 1276 5289 Methodius
1311 5218 1511 5289 :quod
1544 5233 1604 5273 re
1643 5220 1764 5289 ipsa

175 5303 285 5342 non
327 5284 500 5342 facit:
552 5282 648 5358 sed
694 5286 956 5358 permittit
1017 5286 1236 5357 Origeni
1288 5282 1554 5358 quidquid
1587 5282 1760 5352 malit,

173 5353 832 5429 ejusqueundequaque
885 5353 1242 5429 inconSuBum
1306 5353 1498 5429 dogma
1558 5360 1758 5425 arguit.

177 5423 544 5500 Spectatbuc
567 5423 837 5500 scholion,
871 5427 1012 5494 quod
1041 5429 1202 5500 paulo
1229 5423 1583 5491 antefseeuti
1606 5423 1762 5484 notas

176 5495 502 5569 Illescbelii,
531 5495 912 5569 ascripsimus,
952 5495 1257 5552 ascribente
1315 5500 1404 5553 hic
1455 5501 1765 5569 apograplto

178 5568 502 5634 Sit-mundi;
529 5574 736 5637 estque
764 5565 882 5634 ejus
914 5582 1108 5621 sensus
1162 5569 1362 5634 facilis,
1399 5570 1444 5624 si
1473 5565 1597 5637 duis
1639 5565 1762 5624 cum

179 5645 300 5710 ipso
319 5636 674 5710 Methodiano
703 5645 968 5710 textusut
1000 5638 1102 5692 fuit
1133 5653 1163 5690 a
1186 5639 1346 5693 nobis
1375 5636 1643 5704 redditus,
1675 5641 1762 5695 vel

180 5707 240 5766 ut
266 5712 385 5783 ipse
410 5709 610 5783 ._l_iabet,
635 5707 950 5783 contulerit.

251 5776 366 5855 (89)
399 5779 482 5836 Eo
529 5776 757 5851 quodin
783 5778 1182 5835 alterationibus
1232 5780 1377 5848 prior
1421 5780 1614 5850 forma,
1655 5791 1761 5837 etc.

1862 4565 1927 4605 eo
1942 4547 2056 4622 (90)
2087 4549 2230 4620 quod
2260 4550 2362 4620 ipsi
2401 4550 2576 4608 simile
2602 4561 2709 4619 est,
2729 4553 2860 4608 illttd
2891 4557 3067 4626 ipsutn
3087 4558 3341 4627 primum,
3365 4559 3436 4613 ad

1861 4641 2005 4713 quod
2027 4641 2128 4697 fuit
2162 4642 2364 4698 factum
2391 4651 2447 4700 et
2471 4644 2616 4715 quod
2649 4646 2915 4714 imitatur,
2937 4664 3060 4704 esse
3093 4665 3202 4704 non
3233 4658 3433 4721 potest.

1859 4867 1952 4941 Τῷ
1995 4867 2437 4941 προαπόλλυσθαι
2481 4871 2544 4924 τὸ
2588 4866 2725 4934 εἶδος
2769 4869 2878 4924 τῶν
2930 4871 3170 4940 σαρκῶν,
3217 4873 3321 4934 vel,
3375 4882 3436 4930 ut

1863 4937 2065 5012 Si‘rm,
2080 4939 2384 5012 σαρκικῶν,
2415 4944 2608 5012 eodem
2649 4956 2833 4996 sensu.
2877 4937 3067 5012 Arguit
3095 4952 3282 4998 contra
3318 4943 3432 4998 for-

1861 5024 2005 5082 mam
2036 5008 2182 5068 illam
2204 5008 2612 5080 Origenianam,
2649 5019 2707 5065 ut
2735 5028 2844 5066 non
2869 5008 3042 5082 possit
3075 5013 3166 5068 illa
3217 5016 3434 5071 restitui

1863 5080 2098 5156 animae,_
2127 5095 2292 5134 carne
2341 5089 2640 5156 perempta.
2696 5097 2819 5156 cum
2870 5080 3066 5156 pereat
3111 5085 3229 5156 ipsa
3286 5086 3439 5154 prior

1863 5163 2054 5225 carpe.
2077 5148 2138 5203 in
2167 5165 2275 5225 qua
2303 5148 2450 5225 velut
2479 5148 2832 5225 sul'isistebat,
2864 5148 2931 5225 eo
2950 5148 3235 5225 modoquo
3261 5148 3432 5225 figura

1863 5228 1918 5293 et
1950 5219 2121 5273 forma
2144 5221 2267 5293 equi
2303 5221 2355 5274 in
2379 5236 2505 5293 aere.
2543 5221 2680 5276 Male
2710 5238 2839 5285 ergo
2876 5219 3156 5280 Schottus'
3185 5243 3244 5279 eo
3294 5219 3433 5293 quod

1865 5290 2038 5366 forum
2071 5292 2266 5351 carnis,
2301 5299 2428 5366 etc.,
2449 5292 2718 5366 pluraque
2743 5296 2847 5346 alia
2875 5296 3108 5366 quisque
3144 5290 3433 5366 perspexe-

1865 5361 1937 5414 rit
1962 5361 2141 5415 minus
2170 5369 2292 5430 apte
2326 5364 2407 5415 vel
2442 5362 2670 5417 fideliter
2700 5361 2930 5418 reddita.

1932 5429 2044 5500 (90)
2074 5429 2289 5504 (Sumsit
2317 5433 2462 5504 aliud
2492 5433 2555 5504 ab
2585 5443 2790 5504 eo,__etc.
2831 5435 2921 5488 Sic
2949 5436 3104 5504 plane
3121 5433 3429 5502 legendum,

1867 5501 2061 5574 ἕτερον
2102 5501 2196 5554 τοῦ
2226 5501 2402 5574 ἑαυιῴ
2435 5503 2618 5574 δμοίου
2655 5501 2733 5569 ὃν,
2768 5501 2964 5559 suadet
2993 5506 3104 5572 ipse
3144 5501 3432 5574 centextus

1863 5583 1917 5625 et
1974 5572 2196 5626 inducta
2251 5572 2535 5640 probatio;
2567 5589 2687 5643 quae
2718 5575 2874 5628 aliter
2924 5579 3206 5639 concepta,
3248 5573 3428 5697 inepta

1863 5650 1968 5695 est.
1995 5640 2146 5696 Valet
2169 5658 2296 5696 vero
2325 5643 2627 5697 in.creatis.
2659 5645 2750 5697 ubi
2796 5644 2941 5697 nulla
2999 5641 3193 5697 forma.
3247 5645 3428 5697 mutis

1863 5650 1968 5695 est.
1995 5640 2146 5696 Valet
2169 5658 2296 5696 vero
2325 5640 2627 5707 in.creatis,
2659 5645 2750 5698 ubi
2796 5644 2941 5697 nulla
2999 5641 3193 5701 forma,
3247 5640 3431 5709 multis

1841 5727 1927 5766 -re
1982 5729 2107 5767 vera
2141 5721 2194 5768 et
2224 5713 2502 5769 individue
2535 5714 2840 5767 communis
2872 5720 2974 5766 est.
3006 5713 3061 5764 In
3113 5709 3314 5766 divinis
3343 5727 3428 5769 est

1870 5784 2060 5839 saltem
2091 5784 2226 5840 alter
2248 5784 2401 5841 alteri
2423 5784 2636 5850 similis,
2667 5798 2837 5851 eoque
2866 5779 3158 5852 singularis
3184 5785 3425 5850 quaedam
