3962 6278
573 292 678 352 323

1545 301 1602 356 S.
1637 301 1965 358 METHODII
2005 302 2311 359 EPISCOPI
2353 306 2435 360 ET
2479 305 2834 361 MARTYRIS

3725 307 3837 365 524

632 411 796 468 XVII.
836 413 924 470 Ait
969 412 1107 481 εἶδος
1142 425 1195 473 et
1231 419 1460 474 l'ormam
1502 437 1647 486 esse,
1681 423 1827 494 quod
1858 426 2114 479 membro-

2313 427 2406 481 IZ'.
2452 430 2567 482 ’Ότι
2600 425 2736 495 εἶδός
2781 447 2943 501 φησιν
2971 426 3198 484 εἶναιτὸ
3224 430 3320 501 τὴν
3361 429 3682 498 ταυτότητά
3724 431 3835 481 τῶν

571 519 695 560 rum
724 505 1079 572 identitatem,
1116 510 1169 564 in
1196 512 1365 580 ligura
1391 512 1576 568 forma:
1598 517 1868 586 propriisq
1881 517 2144 572 ueunius-

570 599 837 668 cujusque
849 598 1062 654 distinct
1074 603 1197 663 ivis,
1213 605 1450 659 exhibet.

645 690 824 745 XVIII.
862 692 1177 764 Exponente
1199 694 1434 764 Origene
1455 712 1620 751 sensu
1654 697 1966 766 allegorico,
1998 701 2141 769 quod

569 785 638 837 ab
667 783 942 839 Ezechiele
971 788 1232 856 propheta
1259 789 1460 842 dictum
1483 789 1602 853 fuit,
1623 789 1690 844 de
1708 793 2137 858 resurrectione,

567 885 727 944 atque
754 877 820 930 ad
866 876 1232 932 Israelitarum
1266 897 1294 935 e
1328 881 1654 951 Babylonica
1714 883 2024 952 captivitate
2052 901 2140 940 re-

564 967 733 1020 ditum
768 967 1141 1038 delorquente,
1169 980 1288 1039 post
1327 973 1518 1035 multa,
1554 988 1678 1026 cum
1717 987 1953 1044 arguens
2003 974 2142 1030 San-

560 1068 705 1120 ctus,
741 1059 842 1112 hoc
873 1061 1060 1128 adjicit
1089 1080 1101 1115 :
1136 1061 1213 1116 Ac
1238 1079 1411 1132 neque
1446 1063 1547 1133 ipsi
1571 1061 1744 1119 Judaai
1777 1066 1991 1134 plenam
2026 1067 2140 1122 sin-

565 1165 853 1220 ceramque
905 1152 1207 1208 libertatem
1268 1156 1508 1210 assecuti
1559 1164 1719 1219 sunt,
1749 1173 1926 1228 neque
1949 1161 2138 1227 majori

560 1248 830 1310 potestate
863 1244 1091 1300 devictis
1131 1247 1404 1310 hostibus,
1435 1247 1863 1320 Hierosolymam
1891 1251 2137 1306 incolue-

560 1343 717 1389 runt:
739 1351 803 1390 ac
823 1351 946 1390 cum
968 1338 1170 1406 saepius
1197 1342 1522 1394 statuissent
1553 1341 1814 1410 templum
1845 1341 2134 1405 aediﬁcare,

560 1435 629 1488 ab
655 1435 778 1490 aliis
813 1437 1069 1505 gentibus
1115 1439 1372 1507 prohibiti
1401 1449 1546 1494 sunt.
1584 1437 1734 1495 Unde
1755 1440 1917 1495 etiam
1953 1442 2040 1496 vix
2072 1442 2136 1494 il-

559 1527 652 1580 lud
677 1527 820 1581 intra
851 1544 1024 1583 annos
1055 1546 1175 1584 XLVI
1201 1531 1572 1596 absolverunt,
1596 1549 1719 1586 cum
1749 1531 2006 1589 Salomon
2041 1549 2137 1586 an-

559 1621 649 1673 nis
666 1629 872 1690 septem
894 1637 922 1674 a
944 1622 1309 1679 fundamentis
1325 1627 1619 1679 excitatum
1644 1626 1979 1696 perfecisset.
1995 1625 2135 1692 Quid

559 1727 693 1764 vero
726 1727 950 1768 necesse
996 1715 1067 1770 sit
1118 1716 1272 1786 plura
1323 1717 1664 1778 dicere,cum
1704 1733 1732 1770 a
1773 1715 2133 1772 Nabuchodo-

2247 521 2421 591 μελῶν
2467 523 2523 572 ἐν
2560 520 2636 591 τῷ
2675 523 2977 594 χαρακτῆρι
3028 522 3127 592 τῆς
3177 521 3391 592 μορφῆς
3434 522 3677 574 ἑκάστου
3737 525 3838 589 ἐμ-

2245 616 2449 682 φαῖνον.

2311 705 2417 757 IH'.
2471 706 2610 772 Ὅτι,
2657 704 2716 758 τὸ
2746 705 2894 775 παρὰ
2925 704 3018 758 τοῦ
3072 705 3346 776 προφήτου
3389 701 3660 771 Ἰεζεκιὴλ
3705 703 3834 770 περὶ

2242 794 2338 862 τῆς
2383 797 2725 859 ἀναστάσεως
2769 795 2874 848 τῶν
2912 795 3120 866 νεκρῶν
3156 795 3317 866 ῥητὸν
3360 794 3684 865 εἰρημένον,
3740 793 3829 844 τοῦ

2255 887 2557 958 Ὠριγένους
2592 887 3032 959 ἀλληγοροῦντος,
3079 887 3171 940 καὶ
3217 889 3298 951 εἰς
3331 887 3429 955 τὴν
3457 886 3575 938 τῶν
3606 887 3693 947 εἰς
3731 884 3832 935 Bz-

2239 978 2452 1032 ϐυλῶνα
2483 979 3022 1050 αἰχμαλωτισθέντων
3063 978 3406 1050 Ἰσραηλιτῶν
3435 976 3714 1029 ἐπάνοδον
3746 978 3830 1027 εκ-

2241 1069 2556 1141 6ιαζομένου
2579 1071 2844 1142 εἰρῆσθαι,
2873 1069 3166 1140 ἐξελέγχων
3191 1069 3325 1140 μετὰ
3349 1067 3524 1121 πολλὰ
3551 1070 3581 1120 δ
3611 1067 3825 1133 Ἄγιος,

2239 1161 2330 1213 καὶ
2359 1162 2516 1216 τοῦτό
2551 1180 2730 1234 φησιν·
2775 1163 2908 1215 Οὐδὲ
2948 1162 3055 1233 γὰρ
3081 1162 3201 1215 οὐδὲ
3233 1162 3382 1214 αὐτοὶ
3414 1160 3562 1231 πρὸς
3611 1159 3826 1211 ἐλευθε-

2241 1253 2360 1324 ρίαν
2389 1254 2694 1324 ἀνέσφηλαν
2728 1254 2993 1325 καθαράν,
3015 1253 3132 1306 οὐδὲ
3165 1252 3269 1306 τῶν
3291 1251 3502 1322 ἐχθρῶν
3541 1268 3826 1322 κατακραα

2235 1347 2494 1415 τήσαντες
2563 1345 3106 1416 ἐξουσιαστικώτερον
3156 1344 3265 1414 (95)
3321 1343 3669 1414 κατῴκησαν
3729 1343 3823 1411 τὴν

2249 1437 2618 1508 Ἰερουσαλήμ.
2651 1439 2908 1510 Εἴργοντο
2940 1438 3067 1506 γοῦν
3093 1439 3196 1490 ὑπὸ
3232 1437 3337 1489 τῶν
3377 1435 3699 1489 ἀλλοεθνῶν
3721 1436 3816 1504 (94)

2236 1530 2490 1594 πολλάκις
2517 1531 2865 1601 οἰκοδομῆσαι
2893 1530 3212 1600 θελήσαντες
3245 1529 3444 1598 μᾶλλον
3474 1529 3525 1596 (9
3537 1528 3625 1597 5).
3663 1528 3815 1580 Ὅθεν

2235 1623 2328 1674 καὶ
2378 1624 2434 1674 ἐν
2483 1627 2576 1690 μς¹
2613 1622 2774 1674 αὐτὸν
2821 1621 2916 1674 καὶ
2965 1620 3023 1684 ἒξ
3068 1619 3210 1672 ἔτεσι
3260 1619 3410 1687 μόλις
3464 1617 3813 1687 ἠδυνήθησαν

2233 1712 2541 1782 δείμασθαι,
2592 1710 2684 1764 τοῦ
2737 1710 3076 1781 Σολομῶντος
3123 1711 3179 1762 ἐν
3225 1711 3478 1762 ἑπταετεί
3529 1711 3724 1780 χρόνῳ
3761 1711 3810 1759 ἐκ

560 1817 759 1859 nosore
804 1813 856 1859 et
892 1809 1308 1864 successoribus
1344 1809 1463 1876 ejus
1510 1808 1563 1862 in
1599 1808 1874 1880 Babylone
1898 1825 2114 1880 regnan-

2235 1805 2496 1874 θεμελίων
2517 1805 2676 1858 αὐτὸν
2706 1802 3219 1875 συμπληρώσαντος.
3246 1803 3350 1854 Καὶ
3375 1801 3427 1852 τί
3465 1803 3583 1872 χρὴ
3609 1802 3805 1868 λέγειικ

556 1895 728 1958 tibus,
753 1913 923 1966 usque
956 1898 1021 1952 ad
1043 1897 1330 1954 Persarum
1361 1901 1414 1954 in
1445 1900 1701 1971 Assyrios
1732 1902 2131 1970 expeditionem

557 1996 612 2044 et
662 1990 956 2044 Alexandri
1001 1991 1291 2061 imperium
1332 2001 1385 2046 et
1435 1992 1634 2046 bellum
1687 2009 1810 2048 cum
1872 1993 2132 2049 Romanis

553 2083 928 2146 commissum,
962 2084 1138 2140 sexies
1171 2086 1241 2138 ab
1267 2085 1516 2140 hostibus
1541 2085 1913 2158 Hierosolyma
1946 2088 1998 2140 in
2035 2105 2131 2158 po-

554 2181 804 2230 testatem
838 2175 1056 2230 redacta
1083 2175 1540 2248 sint?Narratque
1565 2177 1852 2247 Josephus,
1887 2180 2078 2234 dicens
2112 2200 2125 2235 :

549 2263 745 2337 [Capta
759 2275 839 2320 est
873 2266 1264 2340 Hierosolyma]
1288 2286 1424 2323 anno
1445 2270 1668 2324 secundo
1703 2269 2124 2337 Vespasiauiim-

545 2359 829 2426 peretoris.
862 2357 1032 2427 Capta
1058 2370 1105 2413 et
1138 2369 1258 2413 ante
1293 2359 1408 2428 jam
1441 2361 1712 2431 quinquies
1735 2400 1749 2423 ,
1771 2371 1892 2414 tunc
1932 2363 2121 2416 iterum

548 2459 759 2502 vastata
811 2460 909 2503 est.
958 2450 1242 2505 Asochazus
1281 2453 1418 2504 enim
1448 2451 1669 2522 Αἴθρη)ιί
1702 2467 1820 2515 rex,
1865 2462 1914 2507 et
1965 2455 2122 2524 hujus

546 2557 817 2594 successor
852 2543 1172 2605 Antiochus;
1207 2541 1391 2596 deinde
1432 2543 1740 2611 Pompeius,
1788 2554 1836 2596 et
1881 2555 1996 2612 post
2027 2546 2120 2598 hos

545 2647 665 2685 eum
709 2631 918 2686 Herode
960 2631 1167 2693 Sosius,
1212 2644 1420 2702 captam
1470 2634 1650 2689 urbem
1686 2651 1953 2689 servavere
1984 2635 2118 2706 (9i).

546 2717 682 2774 Ante
710 2740 827 2778 vero
858 2741 949 2778 rex
972 2725 1382 2796 Babyloniorum
1407 2744 1471 2780 ea
1497 2729 1714 2797 potitus,
1742 2729 2030 2783 exciderat.

2232 1898 2340 1951 ἀπὸ
2369 1897 2476 1968 γὰρ
2503 1899 2567 1968 δὴ
2601 1897 3061 1968 Ναϐουχοδονόσορ
3099 1897 3192 1950 καὶ
3224 1894 3330 1948 τῶν
3361 1897 3480 1965 μετ’
3518 1897 3696 1948 αὑτὸν
3723 1896 3805 1947 Ba-

2233 1991 2467 2054 δυλῶνος
2511 1991 2940 2061 βασιλευσάντων
2983 1990 3108 2060 άχρι
3141 1989 3240 2057 τῆς
3284 1987 3513 2058 Περσῶν
3549 1988 3653 2039 ἐπὶ
3701 1991 3803 2049 15L;

2245 2084 2558 2154 Ἀσσυρίους
2601 2082 2845 2145 καθόδου,
2875 2082 2970 2151 τῆς
3007 2097 3066 2132 τε
3109 2079 3457 2148 Ἀλεξάνδρου
3491 2080 3798 2148 ἡγεμονξας,

2233 2177 2326 2230 καὶ
2353 2176 2444 2230 τοῦ
2489 2175 2773 2246 Ῥωμαίων
2804 2173 2896 2227 τοῦ
2938 2173 3074 2244 πρὸς
3107 2174 3230 2235 τοὺς
3273 2171 3579 2234 Ἰουδαίους
3620 2174 3798 2242 συρρε-

2229 2271 2420 2339 γέντος
2469 2268 2727 2338 πολέμου,
2782 2267 2966 2334 ἑξάκις
3024 2265 3486 2337 κατεστράφησαν
3541 2266 3664 2317 ὑπὸ
3720 2265 3798 2316 τῶν

2231 2361 2500 2431 πολεμίων
2554 2360 2620 2414 τὰ
2686 2360 3048 2431 Ἰεροσόλυμα.
3099 2359 3207 2410 Καὶ
3265 2356 3422 2409 τοῦτο
3506 2356 3794 2426 Ἰώσηπος

2230 2455 2431 2524 ἱστορεῖ
2457 2453 2628 2520 λέγων
2649 2469 2662 2482 ·
2686 2453 2836 2505 Ἔτει
2869 2451 3122 2519 δευτέρῳ
3144 2451 3250 2520 (96)
3274 2450 3385 2518 τῆς
3415 2453 3792 2505 Οὐεσπασισρ

2228 2543 2338 2597 νοῦ
2370 2542 2707 2610 ἡγεμονίας.
2748 2541 3001 2594 Ἀλο-ῦσα
3033 2541 3101 2593 δὲ
3133 2540 3229 2593 καί
3257 2542 3565 2607 πρότερον
3610 2543 3789 2594 πεντά-

2225 2654 2338 2700 κις,
2374 2630 2550 2690 τοῦτο
2577 2632 2859 2700 δεύτερον
2881 2631 3175 2700 ἠρημώθη.
3205 2631 3536 2698 Ἀσωχαῖος
3569 2633 3782 2701 μὲν

2227 2731 2259 2780 ό
2289 2726 2406 2780 τῶν
2433 2726 2768 2796 Αἰγυπτίων
2792 2724 3109 2790 βασιλεὺς.
3151 2723 3246 2776 καί
3273 2725 3401 2791 μετ’
3455 2726 3658 2778 αὑτὸν
3701 2728 3787 2776 Ἂν·

545 2813 766 2883 τῑοχος,
801 2815 1002 2870 ἔπειτα
1037 2819 1363 2886 Πομπήϊος.
1394 2820 1490 2873 καί
1519 2821 1616 2873 ἐπὶ
1646 2823 1878 2888 τούτοις
1904 2822 2026 2875 σὺν
2058 2818 2271 2889 Ἡρώδῃ
2308 2819 2532 2885 Σώσιος
2555 2820 2818 2884 ἑλόντες,
2841 2817 3185 2884 ἐνέπρησαν
3215 2814 3326 2883 τὴν
3351 2817 3573 2869 πόλιν.
3598 2817 3702 2884 Πρέ
3729 2815 3786 2866 δὲ

543 2906 790 2969 τούτων,
828 2911 860 2960 ό
891 2907 1010 2960 τῶν
1039 2910 1438 2964 Βαϐυλωνίων
1461 2911 1782 2978 βασιλεὺς,
1817 2911 2144 2980 κρατήσας,
2180 2911 2500 2980 ἠρήμωσεν
2534 2907 2744 2973 aii“??-

619 2995 757 3050 XIX.
793 2995 938 3063 "336,
973 2998 1168 3067 inquit,
1196 2999 1270 3051 ait
1293 2996 1573 3069 Origenes.
1606 3001 1770 3071 Atqui
1803 3010 1978 3072 potest
2002 3017 2115 3054 ino-

545 3088 661 3141 veri
693 3089 916 3143 dubium
945 3089 1010 3145 de
1042 3089 1252 3145 Lazaro
1280 3101 1333 3146 et
1363 3090 1564 3146 divite:
1590 3093 1711 3147 aliis
1742 3093 1957 3162 quidem
1988 3094 2117 3146 sim-

544 3182 741 3250 plicius
789 3183 998 3237 dictum
1052 3185 1408 3254 putantibus,
1442 3185 1599 3255 quasi
1629 3186 1790 3240 ambo
1834 3187 1889 3240 in
1922 3199 2118 3254 corpo-

2296 3000 2394 3054 IB'.
2435 3001 2555 3052 ’Ότι
2610 2999 2892 3069 Ὠριγένης
2922 2997 3047 3050 τάδε
3090 2996 3252 3066 φησί·
3287 2997 3425 3068 Περὶ
3467 2998 3532 3051 δὲ
3579 2998 3671 3050 τοῦ
3701 3001 3785 3050 Aa-

2225 3093 2388 3163 ζάρου
2427 3091 2521 3144 καὶ
2569 3088 2662 3143 τοῦ
2711 3089 2960 3142 πλουσίου
3014 3089 3332 3160 ἀπορεῖσθαι
3378 3089 3656 3145 δύναταιο
3705 3091 3782 3142 τίν
3873 3095 3875 3139 l

2228 3187 2325 3258 μὲν
2371 3182 2751 3254 ἁπλουστέρων
2787 3182 2896 3253 (97)
2931 3183 3187 3252 οἰομένων
3217 3182 3392 3236 ταῦτα
3419 3184 3704 3254 λελέχθαι,

543 3275 732 3340 ribus,
768 3274 933 3345 digna
981 3275 1144 3332 factis
1175 3278 1230 3331 in
1261 3277 1370 3332 vita
1399 3280 1706 3349 receperint
1741 3297 1753 3334 :
1785 3279 1906 3333 aliis
1937 3288 2114 3334 autem

2226 3253 2544 3348 άμφοτέρων
2576 3253 2710 3346 μετὰ
2738 3274 2843 3327 τῶν
2874 3273 3140 3344 σωμάτων
3161 3273 3559 3344 λαμϐανόντων
3584 3253 3662 3329 τά
3690 3275 3774 3338 ᾰᾷι

541 3366 828 3434 subtilius;
854 3383 974 3421 cum
995 3376 1118 3438 post
1144 3370 1596 3425 resurrectionem
1614 3369 1723 3443 (9‘2)
1743 3371 1924 3424 nullus
1941 3371 1995 3424 in
2011 3370 2118 3423 vita

540 3459 916 3530 relinquatur;
973 3476 1082 3516 non
1124 3462 1563 3519 existimantibus
1611 3465 1726 3519 haec
1763 3465 1820 3518 in
1871 3478 2119 3519 resurre-

537 3551 717 3608 ctione
758 3552 1076 3623 contigisse.
1105 3551 1242 3609 Nam
1270 3559 1343 3610 ait
1369 3556 1522 3613 dives
1545 3557 1593 3590 ”
1627 3575 1642 3612 :
1681 3555 1862 3611 Habeo
1892 3555 2119 3627 quinque

607 3689 654 3724 “
673 3689 804 3746 Luc.
840 3706 953 3761 xvi.
974 3691 1067 3748 28.

535 3807 881 3879 similitudo,
940 3823 1105 3879 quam
1184 3807 1365 3878 aptius
1443 3806 1782 3862 identitatem
1852 3803 2108 3879 dicimus.

533 3877 728 3949 Gmci,
758 3875 1167 3949 ὁμοουσὶότητα·
1191 3875 1495 3948 ταυτότητά
1527 3892 1674 3940 vero,
1717 3883 1782 3949 ut
1795 3892 1906 3949 qua
1931 3875 2112 3930 Sabel-

534 3947 822 4002 lianismus
851 3947 1172 4018 explicetur,
1191 3947 1723 4018 omniextremorum
1754 3947 2106 4001 distinctione

536 4019 774 4076 sublata.
823 4017 1080 4087 reprobat
1117 4018 1466 4088 Epiphanius.
1539 4017 1610 4072 De
1651 4018 1754 4071 hac
1784 4018 1966 4071 divina
2006 4033 2106 4088 ex-

537 4088 755 4142 cellenti
788 4087 1172 4158 similitudine.
1189 4104 1358 4157 pauca
1392 4090 1635 4158 quaedam
1671 4087 1737 4141 ad
1772 4103 1964 4142 novam
1997 4087 2105 4141 Ca-

538 4158 762 4211 techesin
786 4157 991 4221 Basilii,
1028 4158 1082 4211 in
1108 4157 1225 4212 Vita
1247 4157 1436 4227 ipsius,
1470 4167 1693 4214 auctore
1721 4160 2102 4229 Ainpliilocliio

534 4236 746 4282 DOSU'O.

609 4297 721 4367 (91)
755 4296 1053 4367 Servavere.
1090 4296 1414 4366 Ἐτὴρησαν.
1439 4295 1516 4349 Ita
1541 4297 1826 4367 legendum
1860 4304 2005 4366 patet
2037 4315 2102 4352 ex

536 4368 658 4438 ipso
689 4377 840 4422 textu
881 4366 1121 4438 .Ioseplii.
1151 4382 1310 4438 quem
1337 4367 1531 4438 melius
1566 4366 1874 4421 Hmschelio
1908 4370 2101 4438 legisse

532 4436 588 4493 et
621 4438 944 4508 expendisse
973 4436 1300 4492 Metliodium
1341 4436 1634 4490 verisimile
1661 4447 1762 4496 est,
1792 4445 1845 4508 et
1877 4453 1940 4491 ex
1964 4436 2102 4490 'om-

2222 3368 2330 3420 τῶν
2363 3368 2464 3438 (ἐν)
2513 3367 2588 3436 τῷ
2623 3365 2721 3437 βίῳ
2754 3365 3182 3437 πεπραγμένωνο
3231 3364 3336 3418 τῶν
3380 3365 3437 3418 δὲ
3479 3367 3771 3438 ἀκριϐεστέ-

2225 3479 2351 3532 ρωψ
2382 3463 2502 3514 ἐπεὶ
2535 3461 2669 3532 μετὰ
2701 3459 2797 3530 τὴν
2826 3461 3115 3514 ἀνάστασιν
3157 3459 3328 3523 οὐδεὶς
3377 3460 3437 3514 ὲν
3488 3461 3599 3531 βίῳ
3655 3477 3769 3515 κατθ-

2223 3551 2484 3609 λείπεται,
2518 3553 2617 3605 οὐκ
2645 3553 2702 3604 ὲν
2728 3555 2793 3624 τῇ
2817 3552 3106 3605 ἀναστάσει
3139 3551 3397 3620 οἰομένων
3430 3552 3620 3606 ταῦτα
3649 3570 3750 3622 τετυ

2216 3818 2338 3858 rum
2389 3803 2758 3874 apparitiones
2804 3803 3028 3873 exponit
3079 3819 3091 3854 :
3144 3817 3266 3872 qua:
3318 3813 3470 3874 certe
3526 3807 3764 3860 crassiora

2215 3882 2364 3936 sunt,
2389 3873 2682 3944 putidaque
2699 3884 2752 3929 et
2783 3876 3035 3928 haeretica
3061 3892 3075 3938 ;
3107 3888 3420 3943 quanquam
3450 3873 3601 3930 forte
3625 3879 3764 3928 minus

2215 3947 2384 4000 solide
2413 3961 2442 3998 a
2474 3957 2662 4000 nostro
2692 3946 2963 4000 hletliodio
2993 3945 3302 4014 impugnata
3332 3945 3458 4014 :qui
3489 3957 3549 4000 et
3587 3951 3698 4015 ipse
3720 3951 3763 3996 ad

2213 4031 2444 4085 corpora
2470 4025 2741 4076 recurrat,
2769 4017 2863 4071 sed
2894 4016 3042 4069 velut
3068 4023 3327 4086 cognata,
3346 4023 3400 4068 et
3433 4016 3563 4071 sine
3598 4018 3767 4086 quitus

2212 4088 2437 4140 nnnime
2475 4087 2743 4142 exsistant
2788 4087 3014 4156 spiritus
3066 4085 3310 4146 humani,
3345 4097 3553 4154 suapte
3599 4085 3764 4140 natura

2209 4159 2479 4226 corporei,
2527 4172 2836 4226 quanquam
2893 4171 3120 4225 corpore
3174 4157 3396 4210 alterius
3448 4159 3687 4212 rationis
3717 4163 3766 4209 ab

2208 4227 2335 4283 isto.
2367 4229 2510 4298 quod
2541 4244 2640 4298 ceu
2663 4229 3041 4281 indumentum
3063 4233 3344 4298 externum
3383 4237 3702 4293 gestemus,
3725 4234 3766 4298 rt

2207 4300 2570 4366 corruptibili.
2625 4297 2779 4352 Esset
2813 4312 2950 4366 opus
2984 4297 3211 4366 longiori
3271 4297 3675 4366 disputatione,
3713 4297 3767 4350 ad

2206 4369 2598 4439 ostendendum
2642 4370 2916 4437 quomodo
2958 4369 3092 4439 _veri
3151 4367 3398 4436 Spiritus,
3460 4381 3769 4437 naturaque

2207 4453 2430 4506 prorsus
2485 4437 2818 4509 incorporea!
2859 4437 3157 4508 patiantur,
3221 4439 3529 4509 praesertim
3579 4442 3650 4494 ab
3679 4439 3767 4508 igni

534 4507 705 4564 nibus,
733 4509 1031 4568 historicis,
1069 4507 1382 4578 aputhuos
1429 4522 1698 4578 nusquam
1753 4507 1838 4578 illa
1885 4516 2100 4578 exstant
2134 4524 2177 4578 ι)
2206 4524 2470 4578 corporeo
2498 4527 2510 4562 :
2537 4507 2824 4564 sed'l'uerit
2851 4507 3020 4561 metas
3061 4509 3343 4566 excedere,
3375 4508 3588 4578 quibus
3642 4507 3769 4563 unus

533 4576 1299 4650 Hierosolymorumkexcidia:
1327 4584 1554 4646 excepto
1575 4577 1749 4650 primo
1772 4577 1862 4629 illo
1883 4575 2104 4650 Babilo-
2138 4575 2163 4578 ⁷
2205 4575 2462 4634 Μρίυοιίἰί
2491 4587 2684 4650 textus
2721 4579 3079 4650 elucidandus
3119 4575 3433 4650 propositus
3478 4590 3592 4634 est.
3633 4581 3769 4633 Miris

533 4651 660 4704 nico
703 4657 757 4703 et
793 4647 994 4703 'ultimo
1041 4647 1303 4702 Romano.
1364 4647 1751 4718 Kateerpa’upq
1786 4661 1915 4718 ergo
1972 4649 2103 4704 urbs

534 4720 649 4782 illa,
675 4720 896 4773 subacta
924 4727 1006 4773 est
1033 4729 1085 4774 et
1119 4725 1274 4787 capta
1295 4718 1472 4773 sexies
1495 4737 1506 4772 :
1527 4716 1796 4788 ἠρημώθη
1819 4717 2101 4788 ἄρνυσο

533 4799 590 4844 et
623 4790 804 4845 excisa
826 4797 908 4844 est
933 4789 1144 4843 tandem
1170 4786 1365 4843 iterum
1387 4786 1633 4843 secundo
1651 4786 1870 4856 imperii
1898 4786 2102 4857 Vespa-

534 4861 674 4914 siani
706 4874 882 4927 anno;
923 4861 1064 4928 quod
1093 4866 1148 4912 et
1173 4859 1288 4928 ipse
1314 4857 1694 4913 Methodianus
1720 4866 1921 4922 textus,
1951 4861 2097 4916 clare

533 4935 688 4986 satis.
713 4931 764 4982 in
790 4945 885 4983 sua
915 4930 1078 4984 etiam
1102 4930 1418 4994 vitiositate,
1445 4937 1816 4999 repraesentat.

606 5001 717 5071 (92)
742 4999 874 5053 Cum
899 5011 1014 5068 post
1031 5001 1479 5071 resurrectionem,
1503 5008 1608 5054 etc.
1644 4999 1866 5054 Videtur
1893 4999 2098 5068 signiﬁ-

530 5069 645 5124 cari
680 5071 925 5124 absoluta
950 5072 1036 5124 illa
1061 5069 1383 5140 Origeniana
1409 5071 1873 5134 ἀποκατάστασις,
1914 5080 1968 5125 et
2008 5086 2095 5125 re-

530 5141 744 5194 stitutio
768 5141 822 5194 in
847 5141 1133 5210 integrum,
1160 5142 1213 5195 in
1239 5156 1344 5210 qua
1369 5143 1552 5196 nullus
1588 5143 1661 5196 sit
1705 5142 2094 5210 relinquendus

527 5211 584 5267 in
619 5211 728 5265 vita
754 5228 768 5274 ;
799 5210 1056 5281 intellige,
1090 5211 1352 5280 passibili,
1379 5227 1475 5266 seu
1530 5214 1693 5267 etiam
1729 5213 1782 5265 in
1812 5227 2042 5281 corpore
2071 5229 2087 5276 ;

526 5283 614 5334 cui
645 5282 692 5336 is
724 5281 972 5350 alligatos
1003 5290 1190 5335 censet
1228 5283 1450 5350 spiritus
1503 5283 1556 5336 in
1594 5297 1828 5352 paruam,
1859 5283 1951 5336 sed
2000 5281 2091 5334 illa

525 5351 744 5424 tandem
766 5351 1004 5424 solubili,
1022 5360 1083 5424 et
1120 5353 1372 5424 omnibus
1395 5351 1724 5424 quandoque
1741 5352 2086 5424 remittenda.

525 5420 762 5487 Exponit
790 5437 920 5491 ergo
942 5420 1225 5491 Origenes,
1246 5429 1303 5473 ut
1321 5420 1428 5475 ista
1444 5425 1495 5474 in
1519 5420 1837 5491 corporibus
1862 5437 1891 5474 a
1917 5429 2091 5475 morte

525 5494 801 5562 acceptis;
835 5494 890 5546 in
945 5493 1146 5560 quibus
1176 5507 1367 5562 usque
1408 5493 1474 5544 ad
1527 5493 1974 5547 resurrectionem
2034 5498 2091 5545 et

526 5561 890 5617 omnimodam
911 5564 980 5616 ab
1014 5563 1122 5616 illis
1139 5561 1556 5626 absolutionem,
1590 5565 1673 5617 vel
1696 5563 1980 5630 refrigerio
2003 5561 2088 5614 vel

525 5643 708 5696 ptena,
740 5633 964 5702 spiritus
995 5633 1326 5702 emigrautes
1377 5634 1684 5700 potiantur;
1737 5642 1887 5702 gesta
1915 5631 2087 5684 dicta-

526 5713 633 5766 que
660 5701 801 5771 sint;
830 5703 1095 5771 ejusmodi
1116 5701 1300 5755 adhuc
1324 5703 1665 5771 corporibus,
1703 5701 1874 5756 instar
1899 5715 2086 5756 carce-

528 5784 650 5821 rum
676 5785 707 5823 a
729 5770 835 5827 Deo
863 5770 1143 5840 adhibitis,
1174 5770 1448 5844 quomodo
1477 5773 1640 5830 ctiam
1665 5773 1800 5828 alias
1842 5781 2084 5827 mortuo-

2203 4662 2368 4711 certe.
2411 4649 2504 4704 sed
2551 4651 2692 4704 veris
2745 4650 2921 4704 modis
2953 4649 3135 4702 divina
3189 4649 3402 4718 justuia
3461 4665 3605 4705 suos
3663 4653 3772 4705 illos

2202 4737 2325 4776 reos
2359 4729 2573 4789 torquet
2606 4737 2618 4771 :
2659 4736 2760 4776 nec
2789 4719 2943 4774 deest
2979 4727 3319 4773 utextraueo
3377 4735 3617 4788 corpore
3676 4732 3776 4775 tor-

2199 4801 2381 4861 queat,
2413 4807 2532 4860 quze
2571 4793 2732 4845 torsit
2767 4790 3080 4861 conjuncto.
3119 4789 3407 4843 Extensior
3434 4790 3626 4846 divina
3664 4809 3770 4844 ma-

2198 4859 2324 4923 nus,
2355 4859 2516 4931 quam
2569 4873 2626 4916 ut
2668 4877 2787 4916 eam
2838 4859 3530 4932 subtilissimusquisque
3551 4864 3772 4932 spiritus

2197 4930 2401 5002 fugiat;
2427 4948 2491 4987 eo
2525 4948 2635 4986 non
2686 4933 2846 5002 male,
2881 4939 2936 4985 et
2967 4931 3373 5002 comparatione
3402 4933 3470 4985 ad
3507 4930 3681 4986 Deum
3714 4937 3768 4987 il-

2195 4999 2305 5057 lum
2353 5002 2636 5073 Spiritum,
2675 5011 2729 5057 et
2762 5001 2928 5073 Deum
2979 5001 3298 5073 spirituum,
3338 4999 3686 5056 Damasceno
3724 5013 3770 5056 et

2195 5073 2352 5138 aliis;
2379 5065 2506 5127 dum
2535 5065 2723 5142 ita’pie
2753 5088 2877 5128 cum
2898 5071 2961 5124 Ι).
2978 5065 3186 5126 Tlionia
3207 5072 3439 5125 velimus
3461 5088 3765 5144 exponere;

2193 5144 2374 5199 dictus
2413 5159 2732 5213 corporeus.

2247 5235 2380 5320 '(93)
2421 5233 3076 5304 Ἐξουσιαστικώτερον.
3127 5233 3194 5289 Η.
3254 5231 3360 5298 St.,
3426 5232 3766 5300 ὲξουσιαστς-

2192 5324 2330 5360 κωτε
2371 5324 2446 5368 οι,

2263 5324 2373 5469 (949)
2415 5395 2799 5469 ’A.2.1080w_7w.
2824 5395 2889 5449 Η.
2922 5395 3028 5469 SL,
3063 5396 3237 5449 ἄλλων
3265 5395 3459 5450 ἐθνῶν.

2262 5467 2372 5536 (95)
2410 5469 2677 5522 Μᾶλλον.
2703 5467 2831 5536 Leg.
2855 5467 3002 5520 ναόν.

2222 5541 2372 5664 ό,(96)
2412 5542 2570 5592 Ἔτει
2625 5538 2786 5591 δευτο
2821 5538 3010 5608 Suppl.
3053 5553 3118 5592 ex
3152 5536 3378 5606 Joseph.
3414 5537 3564 5591 ἑάλω
3603 5537 3762 5610 Ἱερο-

2253 5627 2418 5680 Αυμα.

2189 5629 2314 5666 com
2362 5629 2418 5666 α.

2258 5629 2379 5774 (οξ),
2411 5697 2871 5767 Ἀπλουστέρων.
2921 5699 3031 5766 AL,
3087 5700 3479 5774 ἁπλούστερον,
3531 5711 3589 5758 et
3617 5715 3762 5766 mox.

2187 5771 2474 5846 ἀκριϐέστε
2486 5788 2592 5843 ρον.
