3962 6278
181 309 288 365 59.5
328 283 329 286 γ

1269 303 1359 358 EX
1398 303 1602 359 LIBRO
1642 303 1729 358 DE
1766 300 2374 359 RESURBECTIONE.

3330 301 3438 358 323

177 423 347 479 νέναι.
380 419 541 490 Λέγει
583 417 688 490 γάρ
726 418 755 470 6
788 417 1060 481 πλούσιος,
1109 415 1190 469 ὅτι
1225 415 1410 469 Πέντε
1452 414 1744 484 ἀδελφοὺς

1859 414 2097 484 fratres:
2145 431 2208 467 ne
2237 425 2284 467 et
2313 414 2414 482 ipsi
2456 416 2666 468 veniant
2707 415 2760 466 in
2798 413 2931 467 hunc
2954 413 3126 467 locum
3157 422 3436 470 tormento-

174 515 316 584 ἔχω,
357 511 456 566 καὶ
500 511 600 563 ἵνα
624 507 710 579 μὴ
743 510 1004 563 ἔλθωσιν
1049 510 1136 575 εὶς
1165 507 1273 560 τὸν
1313 509 1500 560 τόπον
1539 508 1752 561 τοῦτον

175 603 289 673 τῆς
313 599 617 668 βασάνου,
650 597 892 668 πέμψον
922 597 1188 667 Λάζαρον
1219 597 1628 667 ἀπαγγέλλοντα
1658 598 1753 650 αὑ-

175 698 288 758 τοῖς
313 693 382 748 τά
410 690 664 746 ἐνταῦθα.
693 693 802 745 Καὶ
827 690 916 744 διὰ
939 690 1094 743 τοῦτο
1123 690 1426 762 ζητούντων
1449 692 1547 761 τὴν
1579 689 1752 758 γλῶσ-

178 803 302 851 σαν,
338 786 432 840 καὶ
462 785 550 838 τὸν
581 783 861 847 δάκτυλον,
904 783 1151 846 καὶτοὺς
1199 783 1434 846 κόλπους
1477 781 1750 854 Ἀϐραάμ,

177 878 274 931 καὶ
294 878 392 947 τὴν
420 875 714 948 ἀνάκλησιν
735 875 866 945 (98),
886 876 980 928 καὶ
995 875 1136 946 τάχα
1164 875 1224 929 τὸ
1245 877 1341 948 τῆς
1361 875 1534 947 ψυχῆς
1556 877 1670 948 ἃμα
1685 879 1750 948 τῇ

175 968 469 1040 ἀπαλλαγῇ
522 969 707 1038 σχῆμα
733 967 974 1037 ὁμοειδὲς
1017 967 1076 1020 ὃν
1114 967 1191 1038 τῷ
1242 971 1408 1040 παχεῖ
1449 969 1542 1022 καὶ
1580 969 1754 1040 γηΐνῳ

178 1059 414 1132 σώματι,
469 1059 690 1113 δύναται
740 1057 882 1113 οὕτω
929 1057 1322 1130 λαμϐάνεσθαι.
1381 1060 1449 1113 Εἴ
1483 1076 1612 1114 ποτε
1661 1056 1753 1114 οὖν

179 1151 459 1224 ἱστόρηται
477 1169 560 1216 τις
580 1151 688 1204 τῶν
713 1151 1124 1222 κεκοιμημένων
1145 1151 1490 1223 φαινόμενος,
1553 1151 1753 1222 ὁμοίως

176 1243 291 1315 ,(99)
324 1244 560 1316 ἑώραται
593 1243 670 1315 τῷ
700 1243 788 1296 ὅτε
817 1243 914 1316 τὴν
943 1243 1137 1315 σάρκα¹
1158 1239 1292 1314 εἶχε,
1325 1238 1755 1315 σχήματι.Εἷτα·

174 1333 312 1392 ἀλλά
387 1341 404 1360 '
427 1337 524 1391 καὶ
561 1338 589 1389 6
632 1335 886 1406 Σαμουὴλ
912 1336 1257 1407 φαινόμενος,
1287 1336 1360 1399 ὡς
1405 1335 1562 1407 δῆλόν
1608 1338 1756 1390 ἐστιν

175 1429 372 1500 ὁρατὸς
392 1427 488 1492 ὥν,
512 1426 858 1498 παρίστησιν,
882 1428 962 1480 ὅτι
990 1426 1146 1499 σῶμα
1168 1429 1492 1501 περιέκειτο·
1522 1430 1753 1501 μάλιστα

175 1518 276 1571 ὲάν
310 1515 736 1588 ἀναγκασθῶμεν
782 1518 886 1571 ὑπὸ
916 1517 1025 1571 τῶν
1069 1518 1395 1586 ἀποδείξεων
1436 1520 1534 1591 τὴν
1565 1521 1754 1573 οὐσίαν

177 1610 277 1682 τῆς
303 1611 478 1682 ψυχῆς
499 1610 784 1684 ἀσώματον
807 1607 966 1676 εἶναι,
982 1613 1074 1665 καὶ
1122 1607 1326 1678 ταυτὴν
1351 1611 1750 1684 ἀποφήνασθαι.

168 1701 306 1758 ἀλλά
339 1707 356 1724 ⁶
384 1704 476 1756 καὶ
502 1704 530 1756 6
561 1702 921 1773 κολαζόμενος
955 1701 1226 1766 πλούσιος,
1256 1703 1350 1756 καὶ
1380 1705 1407 1756 ὁ
1435 1705 1492 1756 ὲν
1532 1703 1754 1768 κόλποις

192 1791 441 1864 Ἀϐραάμ
471 1793 638 1866 πένης
681 1793 1117 1866 ἀναπαυόμενος,
1165 1794 1270 1864 πρὸ
1313 1793 1413 1864 τῆς
1454 1793 1752 1866 παρουσίας

176 1883 271 1938 τοῦ
304 1887 551 1958 Σωτῆρος
575 1888 667 1941 καὶ⁵
696 1887 802 1960 πρὸ
827 1887 926 1957 τῆς
961 1886 1268 1951 συντελείας
1287 1886 1380 1940 τοῦ
1413 1887 1625 1952 αἰῶνος,
1659 1886 1753 1939 καὶ

171 1977 262 2032 ειά
293 1977 450 2032 τοῦτο
493 1978 600 2050 πρὸ
642 1979 742 2050 τῆς
788 1978 1138 2040 ἀναστάσεως
1166 1977 1445 2048 λεγόμενοι
1477 1978 1505 2028 ὁ
1544 1978 1644 2047 μὲν
1695 1978 1752 2030 ὲν

169 2070 300 2144 ᾅδου
360 2071 707 2136 κολάζεσθαι,
745 2071 774 2123 ὁ
824 2071 881 2124 δὲ
929 2073 986 2124 ὲν
1039 2069 1261 2134 κόλποις
1326 2069 1574 2140 Ἀϐραὰμ
1623 2071 1754 2124 ἀνα-

169 2162 460 2229 παύεσθαι,
481 2163 843 2226 διδάσκουσιν,
866 2164 946 2216 ὅτι
977 2162 1071 2216 καὶ
1117 2160 1214 2215 νῦν
1236 2163 1301 2232 τῇ
1332 2161 1616 2234 ἀπαλλαγῇ
1651 2161 1750 2234 (1),

171 2254 385 2328 σώματι
433 2256 628 2327 χρῆται
677 2257 710 2326 ἡ
757 2256 923 2326 ψυχή.
976 2254 1121 2326 Πρὸς
1150 2252 1322 2307 ταῦτα
1367 2255 1395 2307 6
1444 2252 1598 2322 ἅγιος
1627 2253 1752 2307 τάδε

171 2348 334 2419 φησί’
369 2347 564 2418 Σχῆμα
596 2347 723 2402 ἄλλο
755 2347 998 2418 ὁμοειδὲς
1025 2346 1105 2418 τῷ
1131 2344 1374 2416 αἰσθητῷ
1407 2346 1580 2416 τούτῳ
1613 2346 1753 2416 μετά

173 2437 272 2506 τὴν
296 2439 546 2494 ἐντεῦθεν
580 2440 841 2511 ἐκδημίαν
870 2439 1009 2510 ἔχειν
1040 2435 1386 2508 ἐκτιθέμενος
1419 2437 1518 2510 τὴν
1550 2436 1747 2508 ψυχήν·

175 2530 468 2602 ἀσώματον
505 2533 610 2586 ὑπὸ
659 2533 712 2587 τί
746 2532 1107 2598 Πλατωνικῶς
1144 2534 1501 2602 ἀποφαίνεται
1543 2535 1747 2607 αὑτήν;

177 2621 253 2673 T6
285 2622 394 2692 γὰρ
435 2624 529 2677 καὶ
577 2623 714 2693 μετά
752 2624 848 2696 τὴν
880 2624 986 2677 ἀπὸ
1013 2624 1106 2677 τοῦ
1142 2625 1348 2694 κόσμου
1393 2628 1752 2700 ἀποφοίτησιν

176 2713 447 2784 ὀχήματος
469 2715 637 2786 αὐτὴν
663 2715 879 2769 δέεσθαι
907 2716 1002 2770 καὶ
1030 2715 1323 2787 περιϐολῆς
1362 2717 1560 2788 λέγειν,
1591 2720 1666 2782 ὡς
1689 2719 1749 2772 οὐ

174 2803 476 2876 δυναμένην
521 2805 924 2876 κατασχεθῆναι
968 2807 1201 2879 γυμνὴν,
1245 2806 1363 2871 πῶς
1393 2808 1493 2861 οὐκ
1533 2808 1599 2862 ἂν
1625 2809 1746 2864 καθ’

175 2896 374 2968 ἑαυτὴν
401 2896 688 2968 ἀσώματος
717 2900 837 2971 ετη;
884 2901 1199 2973 Ἀσώματος
1225 2902 1282 2956 δὲ
1313 2899 1465 2967 οὖσα,
1499 2903 1617 2967 πῶς
1647 2906 1747 2958 οὐκ

173 2987 327 3042 ἔσται
374 2990 467 3044 καὶ
503 2991 850 3056 ἀνεπίδεκτος
891 2993 1117 3060 παθῶν;
1176 2995 1480 3048 Ἀκολουθεῖ
1518 2995 1627 3068 γάρ
1668 2995 1746 3068 τῷ

172 3080 460 3151 ἀσώματον
509 3083 676 3155 αὐτὴν
711 3085 978 3156 ὑπάρχειν
1023 3087 1116 3139 καὶ
1161 3087 1223 3140 τὸ
1251 3087 1436 3158 ἀπαθῆ
1466 3084 1609 3145 εἶναι
1650 3090 1745 3142 καὶ¹

168 3172 597 3243 ἀπερίσπαστον.
631 3177 693 3230 Εἰ
719 3177 818 3247 μὲν
847 3173 940 3231 οὖν
973 3178 1076 3232 ὑπὸ
1108 3177 1300 3247 ἀλόγου
1325 3179 1385 3232 οὐ
1417 3179 1744 3250 παρείλκετο

1859 523 1996 566 rum.
2033 507 2179 559 mitte
2208 505 2474 558 Lazarum
2494 515 2547 559 ut
2574 505 2682 559 illis
2705 504 3008 571 denuntiet,
3027 522 3145 576 qua:
3167 506 3253 560 hic
3273 507 3428 565 liunt.

1861 600 2040 670 Atque
2071 601 2205 654 adeo
2237 601 2282 655 si
2313 615 2620 668 quaeramus
2655 599 2891 668 linguam
2918 599 3061 651 illam
3094 609 3148 652 et
3175 599 3430 669 digitum,

1857 691 2147 760 sinumque
2175 691 2407 744 Abrahae
2425 701 2476 745 et
2505 689 2809 745 recubitum
2837 708 2850 742 :
2880 688 3016 742 forte
3036 705 3164 743 vero
3193 698 3246 743 et
3266 707 3430 760 quam

1857 785 2039 840 statim
2071 799 2100 837 a
2135 794 2342 847 morte,
2375 799 2563 838 crasso
2618 785 2741 837 huic
2775 791 2828 838 et
2857 790 3076 834 terreno
3110 784 3322 852 corpori
3357 784 3432 837 si—

1855 875 2036 928 milem
2087 874 2317 928 formam
2366 875 2545 927 anima
2583 874 2787 939 induit;
2835 875 2913 926 sic
2953 879 3130 942 potest
3184 872 3430 944 intelligi.

1858 966 1914 1020 Si
1949 969 2168 1038 quando
2211 967 2377 1037 igitur
2426 968 2670 1022 historiis
2697 968 2966 1038 proditum
3006 975 3088 1022 est
3115 968 3433 1037 apparuisse

1857 1059 2091 1129 aliquem
2122 1070 2420 1120 mortuum,
2453 1059 2614 1114 simili
2654 1057 2829 1113 forma
2863 1075 2925 1113 ac
2952 1057 3080 1112 dum
3121 1067 3434 1114 versaretur

1857 1151 1912 1205 in
1963 1166 2149 1216 carne,
2197 1151 2471 1221 apparuit.
2506 1149 2774 1205 Prmtcrea
2806 1170 2818 1204 :
2854 1150 3131 1206 enimvero
3169 1154 3186 1173 ‘
3215 1150 3436 1206 Samuel

1857 1257 2132 1313 apparens
2161 1242 2238 1313 (2)
2269 1243 2416 1296 velut
2437 1243 2612 1297 oculis
2644 1246 2978 1313 conspicuus
3001 1243 3068 1306 ⁸⁵,
3105 1243 3352 1296 iudutmu
3376 1257 3436 1296 se

1855 1351 2058 1406 corpus
2085 1333 2324 1389 ostendit
2356 1353 2368 1388 :
2418 1337 2721 1404 praesertim
2747 1337 2792 1389 si
2823 1335 3328 1391 demonstrantibus
3350 1351 3438 1391 ur-

1857 1443 2081 1498 geamur
2114 1427 2268 1482 fateri
2303 1443 2424 1483 esse
2449 1429 2686 1482 animam
2712 1437 2906 1481 natura
2942 1428 3341 1500 incorpoream,
3372 1445 3437 1485 ac

1854 1519 2124 1582 eamdem,
2149 1520 2410 1590 nullaque
2427 1521 2690 1575 varietate
2715 1522 2948 1589 partium
2969 1523 3067 1590 (5).
3099 1520 3200 1575 Sed
3218 1521 3437 1577 etdives

1854 1613 2100 1683 punitus,
2131 1621 2184 1674 ct
2211 1629 2418 1685 pauper
2447 1614 2499 1668 in
2529 1614 2654 1669 sinu
2687 1614 2940 1677 Abrahae,
2978 1623 3103 1667 ante
3133 1612 3435 1669 Salvatoris

1857 1705 2147 1761 adventum
2183 1705 2477 1777 saeculique
2518 1707 3044 1761 consummationem
3067 1747 3082 1768 ,
3114 1715 3275 1776 atque
3300 1707 3436 1762 adeo

1857 1807 1981 1853 ante
2004 1801 2455 1854 resurrectionem
2477 1799 2656 1868 quiete
2676 1800 2881 1869 potitus
2903 1815 2917 1863 ;
2936 1797 3080 1869 quod
3096 1799 3232 1852 alter
3252 1798 3436 1868 puniri

1859 1891 1913 1945 in
1975 1890 2221 1954 inferno,
2269 1891 2403 1945 alter
2435 1890 2491 1944 in
2536 1891 2659 1946 sinu
2697 1891 2925 1944 Abrahae
2967 1889 3182 1943 dicatur
3217 1891 3436 1960 requie-

1855 1998 2036 2047 scere;
2074 1981 2126 2036 id
2158 1982 2375 2047 docent,
2407 1983 2572 2037 etiam
2608 1982 2788 2044 modo,
2825 1981 3006 2034 statim
3033 1996 3061 2033 a
3091 1981 3434 2051 migratione,

1854 2075 1936 2128 uti
1985 2074 2222 2128 animam
2257 2089 2505 2145 corpore.
2543 2073 2624 2127 Ad
2659 2090 2782 2143 quae
2832 2074 2904 2127 ita
2961 2075 3046 2126 vir
3074 2083 3296 2129 sanctus
3345 2090 3434 2129 re-

1856 2165 2115 2236 spondet:
2150 2163 2374 2228 docens,
2402 2165 2598 2218 habere
2618 2165 2852 2217 animam
2887 2163 2974 2218 ubi
3011 2179 3040 2217 a
3071 2179 3302 2234 corpore
3331 2166 3435 2219 mi-

1853 2258 2032 2328 gravit
2055 2299 2070 2321 ,
2116 2254 2346 2310 formam
2379 2256 2544 2309 aliam
2571 2296 2586 2320 ,
2623 2255 2815 2311 huicce
2857 2257 3136 2323 sensibili,
3162 2259 3342 2327 specie
3368 2273 3434 2314 ac

1855 2349 2043 2403 habitu
2086 2348 2342 2403 similem.
2376 2346 2649 2413 Quorsum
2689 2364 2817 2403 vero
2842 2351 3102 2410 animam,
3139 2351 3430 2421 iuquit(4),

1851 2440 2131 2497 Platonice
2156 2441 2530 2511 incorpoream
2563 2441 2868 2514 (Origenes)
2894 2442 3077 2497 delinit
3093 2443 3116 2496 ?
3131 2450 3262 2509 Qua:
3282 2447 3430 2502 enim

1851 2543 1976 2603 post
2020 2534 2186 2590 etiam
2232 2549 2516 2589 excessum
2548 2551 2578 2589 e
2615 2536 2747 2599 vita,
2793 2535 3044 2590 vehiculo
3087 2547 3240 2606 egeat
3269 2545 3322 2591 et
3347 2553 3432 2592 ve-

1854 2632 1958 2692 ste,
1993 2627 2142 2680 velut
2171 2624 2317 2680 nuda
2343 2625 2726 2696 comprehendi
2758 2643 2868 2681 non
2903 2629 3075 2698 possit
3111 2638 3204 2682 aut
3234 2629 3427 2694 teneri,

1849 2718 2121 2788 quomodo
2146 2734 2254 2773 non
2282 2718 2397 2788 ipsa
2416 2735 2512 2788 per
2541 2733 2600 2772 se
2625 2719 2946 2788 incorporea
2969 2720 3075 2774 sit?
3103 2719 3428 2790 lucorporea

1847 2825 2002 2874 vero,
2023 2810 2117 2881 qui
2142 2827 2250 2866 non
2279 2814 2440 2867 etiam
2462 2811 2528 2866 ab
2555 2810 2702 2864 omni
2753 2810 3006 2881 passione
3036 2812 3294 2868 immunis
3319 2811 3432 2867 sit?

1847 2897 2216 2972 Consequitur
2252 2901 2398 2958 enim
2423 2937 2439 2962 ,
2481 2907 2539 2952 ut
2569 2902 2888 2972 incorporea
2909 2904 3001 2966 sit,
3020 2910 3072 2958 et
3093 2912 3273 2957 utnon
3298 2918 3426 2973 pos-

1847 2994 1917 3048 sit
1935 2992 2071 3048 allici
2093 3009 2158 3048 ac
2191 2993 2523 3064 perturbari.
2550 2990 2605 3046 Si
2624 2993 2772 3046 nulla
2795 3007 2926 3063 ergo
2943 2994 3171 3056 ratione,
3197 2995 3374 3048 alieno
3391 3007 3424 3048 ἃ

1844 3086 2056 3140 ratione
2079 3086 2321 3156 appetitu
2348 3085 2690 3151 trahebatur,
2724 3085 2885 3154 plane
2919 3101 3021 3140 nec
3051 3086 3425 3142 dolentiscnr—

1843 3176 1994 3245 poris
2010 3177 2375 3247 patientisque
2386 3190 2551 3232 sensu
2574 3177 2685 3230 ullo
2706 3175 3112 3231 immutabatur.
3135 3176 3422 3248 Nunquam

164 3264 303 3328 ὅλως
340 3265 653 3338 ἐπιθυμίας,
694 3269 815 3323 οὐδὲ
847 3270 1317 3342 συμμετεϐάλλετο
1360 3270 1613 3340 ἀλγοῦντι
1650 3273 1743 3327 καὶ

1850 3269 1989 3324 enim
2020 3269 2166 3339 quod
2197 3277 2352 3324 vacat
2375 3257 2621 3339 corpore,
2655 3284 2762 3323 una
2793 3285 2918 3323 cum
2942 3285 3191 3339 corpore,
3227 3285 3291 3324 ac
3321 3287 3424 3327 nec

162 3357 428 3429 πάσχοντι
483 3360 561 3431 τῷ
610 3359 842 3433 σώματι.
903 3363 1214 3435 Ἀσώματον
1262 3363 1371 3435 γάρ
1421 3361 1654 3434 σώματι,
1700 3364 1735 3435 ἢ

161 3449 331 3521 σῶμα.
355 3451 630 3524 ἀσωμάτῳ
655 3453 755 3506 οὐκ
787 3453 852 3507 ἀν
881 3471 1010 3507 ποτε
1053 3453 1351 3524 συμπάθοι,
1386 3453 1472 3507 ἵνα
1503 3451 1570 3507 ἂν
1597 3451 1741 3506 ἀσώ-

225 3610 244 3630 ⁶
271 3608 871 3688 ξχόλλᾼαιμόνιον-ἦν
897 3613 1132 3688 τὸμςπαρά
1151 3615 1250 3687 τῆς
1277 3614 1739 3688 Ἔνγαστριμύθου

148 3681 421 3753 ἀναχθὲν,
445 3681 556 3734 ἀλλ’
577 3681 672 3752 οὐχ
699 3684 727 3735 6
759 3681 1029 3755 Σαμουήλ.

217 3821 264 3853 ⁵⁵
295 3821 332 3875 ῐ
361 3817 491 3888 Reg.
518 3833 712 3884 xxvm,
737 3819 827 3874 i2.

226 3958 339 4027 (98)
393 3955 776 4025 Ἀνάκλησιν.
810 3955 973 4012 Forte
995 3955 1294 4011 ἀνάκλισιν.

227 4028 651 4114 Quart-We.-
678 4029 786 4114 ινα
817 4029 1021 4114 δμειοςο

227 4098 305 4245 )
330 4098 418 4166 Τῇ
440 4100 665 4152 ἀπα-λλ.
702 4098 860 4153 Deest
888 4099 1022 4166 ἅμα.
1048 4167 1060 4180 .
1292 4167 1305 4180 .
1633 4169 1646 4181 .

253 4174 307 4242 ι)
337 4169 562 4245 Samuel
587 4185 864 4245 apparens.
899 4167 1094 4245 Paucis
1132 4167 1740 4245 schohoqsententram

157 4237 424 4302 Hetliodii
454 4241 578 4294 huic
603 4237 945 4310 Origeniaua:
961 4242 1246 4294 adversam
1265 4239 1532 4309 explicat;
1555 4251 1611 4293 ut
1631 4255 1740 4296 non

159 4315 410 4378 Samuel,
438 4311 530 4366 sed
563 4309 769 4365 daemon
815 4309 962 4364 Sauli
998 4311 1283 4372 illusurus,
1318 4313 1578 4364 ementita
1618 4311 1740 4380 ejus

159 4387 366 4456 specie,
409 4391 668 4436 evocatus
691 4382 1005 4456 apparuerit
1035 4396 1187 4456 :quaa
1215 4391 1295 4436 est
1317 4396 1574 4456 perquam
1599 4396 1742 4456 com-

1843 3376 2045 3432 corpus
2079 3377 2186 3416 una
2211 3377 2334 3418 cum
2363 3377 2429 3417 eo
2478 3361 2622 3432 quod
2648 3363 2741 3416 illo
2772 3370 2946 3425 vacat,
2973 3362 3222 3416 habuerit
3244 3362 3421 3430 allici;

1847 3461 1908 3507 ut
1940 3453 2016 3507 ita
2043 3468 2174 3510 sane
2201 3461 2570 3531 consentanee
2595 3454 2757 3510 dictis
2785 3453 2862 3526 (5)
2901 3454 3220 3524 incorporea
3249 3453 3421 3510 videri

1917 3613 1940 3636 ‘
1977 3586 2155 3665 Schol.
2199 3608 2536 3680 Daemonium
2575 3616 2694 3664 erat
2730 3609 2872 3680 quod
2914 3609 3015 3680 l'uit
3054 3615 3341 3664 evocatum
3386 3625 3418 3664 ιι

1846 3682 2190 3753 ventriloqua
2214 3689 2269 3737 et
2296 3679 2644 3752 Pythouissa,
2667 3679 2776 3735 non
2796 3697 2925 3736 vero
2951 3679 3213 3751 Samuel.,

1925 3957 2000 4025 (4)
2025 3955 2289 4024 Quorsum
2304 3971 2421 4010 vero
2444 3955 2700 4017 animam,
2731 3953 2920 4023 inquit,
2946 3961 3053 4009 etc.
3100 3953 3414 4026 ’ᾼσώματον

1848 4023 2424 4090 61:6:l'ﬂ1a1wvcxdi;
2458 4025 2816 4094 ἀποφαίνεται
2865 4027 3066 4095 αὐτήνς
3107 4023 3198 4079 Sic
3235 4023 3412 4082 inter-

1844 4100 2086 4169 rogative
2132 4099 2416 4169 legendum
2453 4097 2569 4165 ipsa
2599 4104 2779 4151 textus
2815 4097 2986 4151 series
3015 4095 3294 4169 exigitkut
3322 4098 3412 4153 hic

1846 4166 2074 4238 incipiat
2112 4166 2260 4237 loqui
2298 4167 2602 4222 Methodius
2633 4176 2687 4221 et
2713 4181 2941 4238 arguere
2970 4167 3148 4237 priora
3189 4166 3409 4236 (Photio

1844 4237 2029 4295 verbis
2080 4239 2345 4308 proximis
2385 4247 2691 4308 exponente
2732 4237 3005 4308 Methodh'
3032 4241 3406 4307 sententiam),

1843 4325 1965 4381 quae
2013 4307 2272 4364 Sehottus
2303 4317 2375 4381 ut
2410 4307 2667 4381 Methodii
2697 4307 3003 4381 confundit,
3050 4308 3125 4362 illi
3167 4310 3408 4377 ascripta

1843 4377 2134 4442 sententia,
2165 4395 2326 4448 quam
2365 4380 2412 4434 is
2437 4379 2548 4449 Asibi
2598 4377 3025 4449 impugnandam
3078 4383 3399 4448 assumpsit,

158 4447 360 4513 munis
399 4447 1143 4522 sam-torumsententiatin
1175 4447 1337 4520 quam
1370 4447 1527 4522 plura
1578 4451 1737 4508 docte
1771 4517 1802 4522 _
1838 4459 1895 4506 et
1943 4447 2210 4506 sententia
2261 4450 2376 4520 ipsa
2419 4447 2721 4522 Origenis’:
2762 4447 2824 4501 ut
2862 4449 3118 4522 nimirum
3142 4447 3326 4522 etiam
3371 4467 3404 4505 ιι

157 4523 544 4596 (ὶίεριιιιιιλιδρο
573 4523 806 4596 Allatius
828 4523 888 4596 in
920 4537 1020 4576 suo
1045 4517 1348 4596 Eustathio,
1370 4517 1613 4596 "tractatu
1645 4538 1740 4592 pe-
1770 4517 1814 4572 Ι)
1843 4531 2040 4583 morte,
2087 4523 2197 4577 sint
2245 4517 2538 4596 animabus
2583 4527 2842 4596 tanquam
2904 4520 3304 4596 spiritualibus,
3350 4529 3406 4575 et

160 4592 356 4652 culiari
393 4592 462 4647 de
481 4608 558 4664 ea,
578 4609 636 4648 re
667 4594 722 4647 in
749 4592 1058 4664 Origenem,
1089 4592 1305 4662 qualem
1332 4592 1494 4664 etiam
1556 4603 1745 4648 noster

161 4665 472 4723 Methodius
515 4661 986 4728 elaboravitfsed
1031 4661 1293 4718 hactenus
1339 4661 1742 4719 desideramus.

163 4740 287 4808 Ipse
318 4735 380 4788 D.
416 4731 802 4808 Thomasﬁ-2,
833 4751 887 4803 q.
918 4733 1008 4808 95,
1033 4734 1163 4808 a._4,
1195 4733 1335 4808 2,_et
1367 4749 1421 4808 q.
1450 4732 1572 4808 tu.
1609 4735 1739 4808 a._5,

161 4802 300 4872 ἕλη
331 4819 396 4860 ea
421 4805 567 4857 velut
593 4802 865 4858 solutione
895 4805 1149 4873 quiescit,
1176 4812 1236 4856 ut
1258 4802 1421 4857 fuerit
1445 4803 1604 4859 [ictus
1641 4804 1741 4859 Sa-

164 4878 332 4960 muel,
363 4889 426 4930 ea
453 4875 726 4961 solutione
756 4874 1054 4961 utrobique.
1092 4875 1283 4928 ultimo
1317 4875 1435 4961 loco
1464 4874 1643 4961 allata,
1675 4891 1741 4930 ac

164 4965 272 5003 nec
291 4949 411 5018 ipsa
429 4945 762 5018 auctoritate
784 4947 906 5001 libri
933 4945 1140 5018 Eccles.
1166 4946 1418 5018 quaesola
1453 4945 1736 5018 videbatur

163 5015 388 5075 obstare
427 5016 484 5070 in
513 5031 530 5069 1
561 5031 617 5085 p.
651 5017 837 5082 tacita,
874 5017 970 5072 sed
1009 5023 1064 5071 et
1105 5016 1223 5087 ipsa
1249 5015 1441 5070 ultimo
1480 5015 1601 5069 loco
1642 5033 1736 5071 so-

164 5091 299 5146 luta.

238 5159 314 5230 (3)
344 5157 423 5211 Ac
472 5154 731 5230 eamdem,
775 5155 1020 5230 nullaque
1054 5158 1305 5230 uarietate
1347 5157 1599 5230 partium.
1654 5155 1732 5230 ita

162 5227 490 5301 exponimus
531 5227 678 5301 quod
722 5229 1298 5301 legenduurduximus
1329 5228 1554 5301 ταυτην,
1587 5228 1735 5281 velut

159 5299 264 5374 τὴν
291 5300 481 5374 αὐτήν,
507 5299 740 5374 eamdem
769 5300 938 5366 ipsam
966 5299 1066 5352 sibi
1097 5315 1113 5352 :
1143 5315 1252 5369 quo
1286 5299 1442 5374 longe
1475 5299 1626 5374 abest
1674 5305 1732 5351 ut

161 5367 335 5428 videri
375 5367 548 5439 pessit
585 5383 647 5422 ea
678 5367 873 5428 forma,
905 5385 1011 5438 qua
1042 5385 1100 5424 se
1149 5367 1507 5439 aSpectandas
1537 5369 1731 5422 anitum

162 5460 273 5499 non
306 5456 435 5496 raro
477 5439 856 5508 praebuerunt;
898 5441 1042 5493 velut
1090 5447 1293 5494 retenta
1330 5439 1496 5508 priori
1550 5440 1730 5507 specie

161 5525 216 5570 et
244 5512 433 5568 habitu
460 5527 554 5565 seu
589 5509 951 5570 lineamentis,
988 5518 1204 5578 totaque
1232 5510 1476 5578 corporis
1507 5524 1728 5578 compo-

165 5587 386 5645 sitione,
410 5597 530 5650 qua:
565 5581 796 5649 partium
820 5581 1258 5650 fdissimiharium
1319 5581 1551 5649 propriis
1582 5581 1724 5634 uotis

165 5648 438 5710 consistit.
493 5648 772 5709 Scliottus,
809 5648 963 5703 Hanc
994 5650 1156 5704 videri
1206 5648 1722 5716 demonstrationem,

169 5726 222 5778 in
248 5727 444 5794 quibus
500 5736 600 5794 ego
640 5723 820 5776 verbis
867 5737 936 5794 ne
983 5721 1150 5794 hilum
1188 5736 1380 5776 sensus
1411 5721 1587 5787 video,
1625 5736 1722 5774 nec

171 5792 284 5852 Scio
313 5811 380 5850 an
413 5793 776 5866 perspicacior
809 5793 947 5847 alius
981 5792 1192 5848 viderit.

1845 4608 1964 4664 quae
1995 4609 2103 4647 non
2136 4593 2345 4664 possint
2375 4595 2529 4664 aliter
2568 4591 2762 4664 teneri,
2794 4605 2890 4664 sua
2927 4590 3170 4664 vehicua
3200 4597 3408 4664 eteor-

1844 4660 1976 4733 pora
2002 4681 2017 4729 ;
2047 4660 2210 4733 quam
2250 4662 2338 4716 ille
2361 4661 2828 4731 spiritualitatem,
2860 4660 3206 4733 incommodo
3230 4660 3402 4726 ducit,

1841 4731 2163 4788 existimans
2205 4733 2297 4787 illa
2341 4746 2621 4797 concessa,
2660 4746 2769 4785 non
2803 4745 2962 4799 posse
3007 4731 3242 4784 animam
3277 4747 3403 4787 cum

1841 4819 2073 4874 corpore
2105 4811 2160 4857 et
2215 4802 2613 4874 aﬂ‘ectionibus
2646 4801 2918 4874 corporis,
2953 4802 3099 4855 velut
3133 4804 3399 4874 extranei,

1841 4867 1977 4929 allici
2006 4893 2018 4928 :
2051 4874 2196 4944 quod
2241 4880 2294 4944 et
2324 4873 2668 4942 experientiae
2711 4867 3107 4944 advel-saturet
3149 4867 3400 4943 Scriptu-

1839 4945 1939 4999 ris.
1972 4942 2202 5008 Τὸ,“ὑπὸ
2231 4942 2304 5013 τί,
2335 4958 2646 5013 quanquam
2695 4943 2898 5002 rarius,
2934 4943 3238 5012 accipimus
3277 4942 3403 5000 ἀντὶ

1837 5015 1950 5087 τοῦ,
1982 5015 2129 5087 παρά
2155 5014 2226 5069 τί.
2264 5012 2427 5087 Forte
2478 5012 2606 5067 vero
2643 5014 2928 5087 scripserit
2975 5013 3280 5069 Methodius
3313 5017 3402 5070 ἵνα

1834 5086 1906 5138 τί·
1941 5087 2023 5141 sic
2062 5085 2174 5140 nos
2232 5085 2433 5154 passim
2474 5085 2950 5156 παραγράμματα,
2988 5088 3042 5138 in
3087 5093 3401 5156 portentosa

1835 5157 2081 5226 quaedam
2115 5156 2420 5224 impellunt,
2468 5171 2745 5224 nunquam
2795 5156 3112 5226 auctoribus
3139 5158 3394 5226 cogitata.

1907 5228 1983 5297 (5)
2014 5225 2197 5297 Utita
2237 5242 2364 5278 sane
2412 5235 2752 5297 consentaneae
2788 5224 2964 5279 dictis.
2998 5226 3113 5280 Ἵνα
3158 5224 3229 5280 ἂν
3255 5225 3394 5278 ἀσὼο

1836 5295 2000 5368 ματον
2032 5295 2178 5362 δόξαι
2223 5297 2412 5368 αὑτήν.
2453 5295 2795 5351 l-lteschelius
2843 5305 2996 5366 putat
3041 5297 3103 5351 τὸ
3153 5297 3241 5368 ἕνα
3285 5312 3395 5350 non

1832 5365 2020 5424 carere
2041 5370 2203 5434 vitio;
2238 5365 2480 5438 sed'non
2519 5365 2852 5438 detegitaut
2877 5368 3122 5438 corrigit.
3157 5365 3394 5419 Putave-

1832 5440 1932 5492 rim
1961 5454 2062 5508 ego
2096 5437 2378 5508 legendum
2407 5437 2482 5502 ὡς
2519 5439 2603 5492 vel
2649 5437 2778 5508 quid
2812 5439 3012 5508 simile,
3038 5437 3236 5508 ιιι-εἰν
3262 5450 3394 5508 con-

1829 5505 2018 5564 clusio'
2048 5505 2193 5562 illata
2224 5508 2443 5579 quidem
2479 5505 2734 5578 legitinie,
2765 5517 2823 5561 ut
2868 5507 3086 5579 quidem
3120 5505 3393 5579 methodio

1826 5580 2074 5647 videtur;
2101 5581 2195 5653 sed
2225 5573 2291 5634 ex
2319 5579 2456 5653 l'also
2483 5573 2844 5642 antecedenti,
2883 5573 3024 5646 quod
3049 5573 3243 5653 deinde
3276 5575 3391 5653 vel-

1825 5661 1883 5702 ut
1919 5645 2290 5718 assumptione
2343 5651 2610 5713 destruat,
2647 5657 2855 5703 asserta
2883 5645 3080 5718 Δῐιιιιιυιιι
3125 5645 3212 5695 illa
3242 5647 3391 5718 velut

1823 5722 2057 5791 partium
2107 5715 2136 5774 a
2168 5730 2363 5775 natura
2421 5721 2698 5774 unitarum
2752 5715 3004 5787 passione
3045 5728 3208 5782 quam
3261 5716 3388 5771 Ori-

1821 5807 1985 5863 genes
2015 5793 2261 5863 negabat.
