  <div class='ocr_page' id='page_1' title='image "/cluster/home/n/w/nwhite01/storage/ocr_20150623/18/mdp.39015008168943/171.png"; bbox 0 0 3962 6278; ppageno 0'>
   <div class='ocr_carea' id='block_1_1' title="bbox 557 289 3803 358">
    <p class='ocr_par' dir='ltr' id='par_1_1' title="bbox 557 289 3803 358">
     <span class='ocr_line' id='line_1_1' title="bbox 557 289 3803 358; baseline -0.005 0"><span class='ocrx_word' id='word_1_1' title='bbox 557 302 663 358; x_wconf 69' lang='lat'><strong>527</strong></span> <span class='ocrx_word' id='word_1_2' title='bbox 1523 299 1584 354; x_wconf 79' lang='lat' dir='ltr'><strong>S.</strong></span> <span class='ocrx_word' id='word_1_3' title='bbox 1627 295 1961 354; x_wconf 78' lang='lat' dir='ltr'><strong>METHODII</strong></span> <span class='ocrx_word' id='word_1_4' title='bbox 2000 293 2310 351; x_wconf 82' lang='lat' dir='ltr'><strong>EPISCOPI</strong></span> <span class='ocrx_word' id='word_1_5' title='bbox 2350 293 2437 349; x_wconf 83' lang='lat' dir='ltr'><strong>ET</strong></span> <span class='ocrx_word' id='word_1_6' title='bbox 2476 291 2839 348; x_wconf 81' lang='lat' dir='ltr'><strong>MARTYRIS</strong></span> <span class='ocrx_word' id='word_1_7' title='bbox 3712 289 3803 344; x_wconf 72' lang='lat'><strong>3&#39;35</strong></span> 
     </span>
    </p>
   </div>
   <div class='ocr_carea' id='block_1_2' title="bbox 555 409 2131 496">
    <p class='ocr_par' dir='ltr' id='par_1_2' title="bbox 555 422 2131 496">
     <span class='ocr_line' id='line_1_2' title="bbox 555 422 2131 496; baseline -0.001 -20"><span class='ocrx_word' id='word_1_8' title='bbox 555 423 752 496; x_wconf 76' lang='lat' dir='ltr'><strong>possit.</strong></span> <span class='ocrx_word' id='word_1_9' title='bbox 787 423 881 478; x_wconf 88' lang='lat' dir='ltr'><strong>Sin</strong></span> <span class='ocrx_word' id='word_1_10' title='bbox 905 432 1081 479; x_wconf 88' lang='lat' dir='ltr'><strong>autem</strong></span> <span class='ocrx_word' id='word_1_11' title='bbox 1111 438 1216 477; x_wconf 89' lang='lat' dir='ltr'><strong>una</strong></span> <span class='ocrx_word' id='word_1_12' title='bbox 1238 438 1363 479; x_wconf 91' lang='lat' dir='ltr'><strong>cum</strong></span> <span class='ocrx_word' id='word_1_13' title='bbox 1394 437 1625 493; x_wconf 86' lang='lat' dir='ltr'><strong>corpore</strong></span> <span class='ocrx_word' id='word_1_14' title='bbox 1653 422 1911 492; x_wconf 86' lang='lat' dir='ltr'><strong>patiatur,</strong></span> <span class='ocrx_word' id='word_1_15' title='bbox 1945 428 2003 475; x_wconf 92' lang='lat' dir='ltr'><strong>ut</strong></span> <span class='ocrx_word' id='word_1_16' title='bbox 2041 436 2131 475; x_wconf 82' lang='lat' dir='ltr'><strong>eo-</strong></span> 
     </span>
    </p>
   </div>
   <div class='ocr_carea' id='block_1_3' title="bbox 2235 409 3807 496">
    <p class='ocr_par' dir='ltr' id='par_1_3' title="bbox 2240 409 3807 488">
     <span class='ocr_line' id='line_1_3' title="bbox 2240 409 3807 488; baseline -0.006 -17"><span class='ocrx_word' id='word_1_17' title='bbox 2240 435 2406 488; x_wconf 90' lang='grc' dir='ltr'>ματον</span> <span class='ocrx_word' id='word_1_18' title='bbox 2438 417 2585 484; x_wconf 78' lang='grc' dir='ltr'>δόξαι</span> <span class='ocrx_word' id='word_1_19' title='bbox 2615 417 2782 488; x_wconf 78' lang='grc' dir='ltr'>αὐτὴν</span> <span class='ocrx_word' id='word_1_20' title='bbox 2808 415 3115 480; x_wconf 81' lang='grc' dir='ltr'><strong>ἀκολούθως</strong></span> <span class='ocrx_word' id='word_1_21' title='bbox 3142 418 3254 479; x_wconf 88' lang='grc' dir='ltr'>τοῖς</span> <span class='ocrx_word' id='word_1_22' title='bbox 3283 413 3627 486; x_wconf 78' lang='grc' dir='ltr'><strong>εἰρημένοις.</strong></span> <span class='ocrx_word' id='word_1_23' title='bbox 3666 410 3733 464; x_wconf 75' lang='lat' dir='ltr'><strong>Et</strong></span> <span class='ocrx_word' id='word_1_24' title='bbox 3757 409 3807 463; x_wconf 72' lang='grc' dir='ltr'>δὲ</span> 
     </span>
    </p>
   </div>
   <div class='ocr_carea' id='block_1_4' title="bbox 560 505 2131 583">
    <p class='ocr_par' dir='ltr' id='par_1_4' title="bbox 560 510 2130 583">
     <span class='ocr_line' id='line_1_4' title="bbox 560 510 2130 583; baseline -0.003 -16"><span class='ocrx_word' id='word_1_25' title='bbox 560 527 681 567; x_wconf 88' lang='lat' dir='ltr'><strong>rum</strong></span> <span class='ocrx_word' id='word_1_26' title='bbox 704 512 797 578; x_wconf 90' lang='lat' dir='ltr'><strong>qui</strong></span> <span class='ocrx_word' id='word_1_27' title='bbox 829 520 1196 583; x_wconf 87' lang='lat' dir='ltr'><strong>apparuerunt</strong></span> <span class='ocrx_word' id='word_1_28' title='bbox 1222 513 1532 568; x_wconf 87' lang='lat' dir='ltr'><strong>testimonia</strong></span> <span class='ocrx_word' id='word_1_29' title='bbox 1564 511 1832 581; x_wconf 88' lang='lat' dir='ltr'><strong>probant,</strong></span> <span class='ocrx_word' id='word_1_30' title='bbox 1858 511 2017 581; x_wconf 81' lang='lat' dir='ltr'><strong>plane</strong></span> <span class='ocrx_word' id='word_1_31' title='bbox 2046 510 2130 563; x_wconf 89' lang='lat' dir='ltr'><strong>in-</strong></span> 
     </span>
    </p>
   </div>
   <div class='ocr_carea' id='block_1_5' title="bbox 2235 505 3807 583">
    <p class='ocr_par' dir='ltr' id='par_1_5' title="bbox 2239 505 3807 581">
     <span class='ocr_line' id='line_1_5' title="bbox 2239 505 3807 581; baseline -0.006 -17"><span class='ocrx_word' id='word_1_32' title='bbox 2239 510 2546 581; x_wconf 77' lang='grc' dir='ltr'>συμπάσχοι</span> <span class='ocrx_word' id='word_1_33' title='bbox 2590 508 2668 581; x_wconf 83' lang='grc' dir='ltr'>τῷ</span> <span class='ocrx_word' id='word_1_34' title='bbox 2712 508 2957 579; x_wconf 83' lang='grc' dir='ltr'>σώματι,</span> <span class='ocrx_word' id='word_1_35' title='bbox 3000 509 3250 581; x_wconf 83' lang='grc' dir='ltr'>καθάπερ</span> <span class='ocrx_word' id='word_1_36' title='bbox 3298 509 3393 562; x_wconf 76' lang='grc' dir='ltr'><strong>καὶ</strong></span> <span class='ocrx_word' id='word_1_37' title='bbox 3433 506 3526 559; x_wconf 83' lang='grc' dir='ltr'>διὰ</span> <span class='ocrx_word' id='word_1_38' title='bbox 3570 506 3676 575; x_wconf 84' lang='grc' dir='ltr'>τῆς</span> <span class='ocrx_word' id='word_1_39' title='bbox 3704 505 3807 556; x_wconf 73' lang='grc' dir='ltr'>ἑπι-</span> 
     </span>
    </p>
   </div>
   <div class='ocr_carea' id='block_1_6' title="bbox 558 592 2131 675">
    <p class='ocr_par' dir='ltr' id='par_1_6' title="bbox 558 603 2126 675">
     <span class='ocr_line' id='line_1_6' title="bbox 558 603 2126 675; baseline -0.003 -16"><span class='ocrx_word' id='word_1_40' title='bbox 558 617 819 675; x_wconf 80' lang='lat' dir='ltr'><strong>corporea</strong></span> <span class='ocrx_word' id='word_1_41' title='bbox 842 618 960 657; x_wconf 90' lang='lat' dir='ltr'><strong>esse</strong></span> <span class='ocrx_word' id='word_1_42' title='bbox 984 603 1192 673; x_wconf 87' lang='lat' dir='ltr'><strong>nequit.</strong></span> <span class='ocrx_word' id='word_1_43' title='bbox 1229 603 1370 674; x_wconf 81' lang='lat' dir='ltr'><strong>Ergo</strong></span> <span class='ocrx_word' id='word_1_44' title='bbox 1410 605 1559 660; x_wconf 91' lang='lat' dir='ltr'><strong>solus</strong></span> <span class='ocrx_word' id='word_1_45' title='bbox 1594 603 1738 658; x_wconf 86' lang='lat' dir='ltr'><strong>Deus</strong></span> <span class='ocrx_word' id='word_1_46' title='bbox 1758 644 1773 667; x_wconf 95' lang='lat'><strong>,</strong></span> <span class='ocrx_word' id='word_1_47' title='bbox 1817 610 2011 656; x_wconf 81' lang='lat' dir='ltr'><strong>natura</strong></span> <span class='ocrx_word' id='word_1_48' title='bbox 2040 603 2126 655; x_wconf 89' lang='lat' dir='ltr'><strong>in-</strong></span> 
     </span>
    </p>
   </div>
   <div class='ocr_carea' id='block_1_7' title="bbox 2235 592 3808 675">
    <p class='ocr_par' dir='ltr' id='par_1_7' title="bbox 2237 592 3808 675">
     <span class='ocr_line' id='line_1_7' title="bbox 2237 592 3808 675; baseline -0.004 -20"><span class='ocrx_word' id='word_1_49' title='bbox 2237 604 2629 675; x_wconf 82' lang='grc' dir='ltr'>μαρτυρήσεως</span> <span class='ocrx_word' id='word_1_50' title='bbox 2680 601 2787 654; x_wconf 84' lang='grc' dir='ltr'><strong>τῶν</strong></span> <span class='ocrx_word' id='word_1_51' title='bbox 2826 601 3163 672; x_wconf 82' lang='grc' dir='ltr'><strong>φαινομένων</strong></span> <span class='ocrx_word' id='word_1_52' title='bbox 3220 599 3634 658; x_wconf 78' lang='grc' dir='ltr'>ἀποδείκνυται,</span> <span class='ocrx_word' id='word_1_53' title='bbox 3681 592 3808 649; x_wconf 75' lang='grc' dir='ltr'>ἀσώ-</span> 
     </span>
    </p>
   </div>
   <div class='ocr_carea' id='block_1_8' title="bbox 558 689 2131 766">
    <p class='ocr_par' dir='ltr' id='par_1_8' title="bbox 558 689 2125 761">
     <span class='ocr_line' id='line_1_8' title="bbox 558 689 2125 761; baseline 0.001 -17"><span class='ocrx_word' id='word_1_54' title='bbox 558 690 757 758; x_wconf 74' lang='lat' dir='ltr'><strong>genitzt,</strong></span> <span class='ocrx_word' id='word_1_55' title='bbox 784 689 986 744; x_wconf 90' lang='lat' dir='ltr'><strong>nullius</strong></span> <span class='ocrx_word' id='word_1_56' title='bbox 1006 706 1191 761; x_wconf 79' lang='lat' dir='ltr'><strong>egens,</strong></span> <span class='ocrx_word' id='word_1_57' title='bbox 1219 708 1282 746; x_wconf 90' lang='lat' dir='ltr'><strong>ac</strong></span> <span class='ocrx_word' id='word_1_58' title='bbox 1314 691 1583 748; x_wconf 85' lang='lat' dir='ltr'><strong>indefessa</strong></span> <span class='ocrx_word' id='word_1_59' title='bbox 1600 693 1907 747; x_wconf 75' lang='lat' dir='ltr'><strong>celebratur</strong></span> <span class='ocrx_word' id='word_1_60' title='bbox 1925 711 1939 759; x_wconf 89' lang='lat'><strong>;</strong></span> <span class='ocrx_word' id='word_1_61' title='bbox 1959 693 2125 755; x_wconf 88' lang='lat' dir='ltr'><strong>velut,</strong></span> 
     </span>
    </p>
   </div>
   <div class='ocr_carea' id='block_1_9' title="bbox 2235 689 3805 766">
    <p class='ocr_par' dir='ltr' id='par_1_9' title="bbox 2238 689 3805 766">
     <span class='ocr_line' id='line_1_9' title="bbox 2238 689 3805 766; baseline -0.006 -18"><span class='ocrx_word' id='word_1_62' title='bbox 2238 712 2405 766; x_wconf 81' lang='grc' dir='ltr'>ματος</span> <span class='ocrx_word' id='word_1_63' title='bbox 2437 690 2574 748; x_wconf 73' lang='grc' dir='ltr'>εἶναι</span> <span class='ocrx_word' id='word_1_64' title='bbox 2606 695 2667 747; x_wconf 86' lang='grc' dir='ltr'><strong>ού</strong></span> <span class='ocrx_word' id='word_1_65' title='bbox 2695 694 2937 747; x_wconf 88' lang='grc' dir='ltr'>δύναται.</span> <span class='ocrx_word' id='word_1_66' title='bbox 2990 695 3194 762; x_wconf 83' lang='grc' dir='ltr'>Ἤγουν</span> <span class='ocrx_word' id='word_1_67' title='bbox 3227 692 3494 761; x_wconf 78' lang='grc' dir='ltr'><strong>ἀγένητος</strong></span> <span class='ocrx_word' id='word_1_68' title='bbox 3530 690 3632 742; x_wconf 77' lang='grc' dir='ltr'>καὶ</span> <span class='ocrx_word' id='word_1_69' title='bbox 3671 689 3805 741; x_wconf 79' lang='grc' dir='ltr'>ἀνεν-</span> 
     </span>
    </p>
   </div>
   <div class='ocr_carea' id='block_1_10' title="bbox 558 777 2131 857">
    <p class='ocr_par' dir='ltr' id='par_1_10' title="bbox 558 782 2127 855">
     <span class='ocr_line' id='line_1_10' title="bbox 558 782 2127 855; baseline 0.001 -18"><span class='ocrx_word' id='word_1_70' title='bbox 558 796 624 837; x_wconf 83' lang='lat' dir='ltr'><strong>eo</strong></span> <span class='ocrx_word' id='word_1_71' title='bbox 658 782 983 845; x_wconf 88' lang='lat' dir='ltr'><strong>invisibilis,</strong></span> <span class='ocrx_word' id='word_1_72' title='bbox 1014 784 1156 853; x_wconf 92' lang='lat' dir='ltr'><strong>quod</strong></span> <span class='ocrx_word' id='word_1_73' title='bbox 1185 785 1538 855; x_wconf 86' lang='lat' dir='ltr'><strong>incorporeus</strong></span> <span class='ocrx_word' id='word_1_74' title='bbox 1574 805 1587 840; x_wconf 91' lang='lat'><strong>:</strong></span> <span class='ocrx_word' id='word_1_75' title='bbox 1624 785 1790 839; x_wconf 87' lang='lat' dir='ltr'><strong>Deum</strong></span> <span class='ocrx_word' id='word_1_76' title='bbox 1845 787 1989 839; x_wconf 89' lang='lat' dir='ltr'><strong>enim</strong></span> <span class='ocrx_word' id='word_1_77' title='bbox 2033 802 2127 838; x_wconf 83' lang='lat' dir='ltr'><strong>ne-</strong></span> 
     </span>
    </p>
   </div>
   <div class='ocr_carea' id='block_1_11' title="bbox 2235 777 3805 857">
    <p class='ocr_par' dir='ltr' id='par_1_11' title="bbox 2235 777 3805 857">
     <span class='ocr_line' id='line_1_11' title="bbox 2235 777 3805 857; baseline -0.004 -18"><span class='ocrx_word' id='word_1_78' title='bbox 2235 785 2356 857; x_wconf 83' lang='grc' dir='ltr'>δεὴς</span> <span class='ocrx_word' id='word_1_79' title='bbox 2383 786 2478 838; x_wconf 74' lang='grc' dir='ltr'><strong>καὶ</strong></span> <span class='ocrx_word' id='word_1_80' title='bbox 2505 785 2786 856; x_wconf 76' lang='grc' dir='ltr'><strong>ἀκάματος</strong></span> <span class='ocrx_word' id='word_1_81' title='bbox 2815 783 2973 853; x_wconf 85' lang='grc' dir='ltr'><strong>φύσις</strong></span> <span class='ocrx_word' id='word_1_82' title='bbox 3002 786 3030 837; x_wconf 84' lang='grc' dir='ltr'>ὁ</span> <span class='ocrx_word' id='word_1_83' title='bbox 3056 783 3187 847; x_wconf 85' lang='grc' dir='ltr'><strong>Θεὸς</strong></span> <span class='ocrx_word' id='word_1_84' title='bbox 3222 782 3381 853; x_wconf 85' lang='grc' dir='ltr'>μόνος</span> <span class='ocrx_word' id='word_1_85' title='bbox 3416 781 3613 852; x_wconf 82' lang='grc' dir='ltr'>ᾄδεται</span> <span class='ocrx_word' id='word_1_86' title='bbox 3634 795 3649 807; x_wconf 90' lang='grc'><strong>·</strong></span> <span class='ocrx_word' id='word_1_87' title='bbox 3682 777 3805 833; x_wconf 75' lang='grc' dir='ltr'>ἀσώ-</span> 
     </span>
    </p>
   </div>
   <div class='ocr_carea' id='block_1_12' title="bbox 559 871 2131 948">
    <p class='ocr_par' dir='ltr' id='par_1_12' title="bbox 559 871 2128 945">
     <span class='ocr_line' id='line_1_12' title="bbox 559 871 2128 945; baseline 0.001 -19"><span class='ocrx_word' id='word_1_88' title='bbox 559 889 643 926; x_wconf 87' lang='lat' dir='ltr'><strong>mo</strong></span> <span class='ocrx_word' id='word_1_89' title='bbox 676 871 802 926; x_wconf 74' lang='lat' dir='ltr'><strong>vidit</strong></span> <span class='ocrx_word' id='word_1_90' title='bbox 835 872 903 927; x_wconf 83' lang='lat'><strong>&quot;.</strong></span> <span class='ocrx_word' id='word_1_91' title='bbox 936 873 1142 929; x_wconf 68' lang='lat' dir='ltr'><strong>Anima:</strong></span> <span class='ocrx_word' id='word_1_92' title='bbox 1173 891 1301 930; x_wconf 86' lang='lat' dir='ltr'><strong>vero</strong></span> <span class='ocrx_word' id='word_1_93' title='bbox 1329 878 1396 929; x_wconf 91' lang='lat' dir='ltr'><strong>ab</strong></span> <span class='ocrx_word' id='word_1_94' title='bbox 1420 877 1667 930; x_wconf 90' lang='lat' dir='ltr'><strong>omnium</strong></span> <span class='ocrx_word' id='word_1_95' title='bbox 1695 884 1919 930; x_wconf 87' lang='lat' dir='ltr'><strong>auctore</strong></span> <span class='ocrx_word' id='word_1_96' title='bbox 1948 886 2128 945; x_wconf 82' lang='lat' dir='ltr'><strong>patre-</strong></span> 
     </span>
    </p>
   </div>
   <div class='ocr_carea' id='block_1_13' title="bbox 2235 871 3801 948">
    <p class='ocr_par' dir='ltr' id='par_1_13' title="bbox 2236 872 3801 948">
     <span class='ocr_line' id='line_1_13' title="bbox 2236 872 3801 948; baseline -0.005 -18"><span class='ocrx_word' id='word_1_97' title='bbox 2236 896 2403 948; x_wconf 85' lang='grc' dir='ltr'>ματος</span> <span class='ocrx_word' id='word_1_98' title='bbox 2430 876 2524 936; x_wconf 81' lang='grc' dir='ltr'><strong>ὢν,</strong></span> <span class='ocrx_word' id='word_1_99' title='bbox 2552 877 2632 931; x_wconf 84' lang='grc' dir='ltr'><strong>διὸ</strong></span> <span class='ocrx_word' id='word_1_100' title='bbox 2660 877 2754 931; x_wconf 76' lang='grc' dir='ltr'>καὶ</span> <span class='ocrx_word' id='word_1_101' title='bbox 2783 877 3029 947; x_wconf 83' lang='grc' dir='ltr'>ἀόρατος.</span> <span class='ocrx_word' id='word_1_102' title='bbox 3055 874 3187 928; x_wconf 82' lang='grc' dir='ltr'>Θεὸν</span> <span class='ocrx_word' id='word_1_103' title='bbox 3210 875 3319 945; x_wconf 87' lang='grc' dir='ltr'>γὰρ</span> <span class='ocrx_word' id='word_1_104' title='bbox 3340 874 3526 936; x_wconf 67' lang='grc' dir='ltr'>οὐδεὶς</span> <span class='ocrx_word' id='word_1_105' title='bbox 3554 872 3801 943; x_wconf 75' lang='grc' dir='ltr'>ἑώρακεν.</span> 
     </span>
    </p>
   </div>
   <div class='ocr_carea' id='block_1_14' title="bbox 557 965 2131 1039">
    <p class='ocr_par' dir='ltr' id='par_1_14' title="bbox 557 966 2131 1038">
     <span class='ocr_line' id='line_1_14' title="bbox 557 966 2131 1038; baseline 0.003 -21"><span class='ocrx_word' id='word_1_106' title='bbox 557 979 681 1036; x_wconf 88' lang='lat' dir='ltr'><strong>que,</strong></span> <span class='ocrx_word' id='word_1_107' title='bbox 705 979 936 1036; x_wconf 89' lang='lat' dir='ltr'><strong>corpora</strong></span> <span class='ocrx_word' id='word_1_108' title='bbox 962 966 1295 1037; x_wconf 88' lang='lat' dir='ltr'><strong>intelligendi</strong></span> <span class='ocrx_word' id='word_1_109' title='bbox 1326 966 1582 1023; x_wconf 89' lang='lat' dir='ltr'><strong>facultate</strong></span> <span class='ocrx_word' id='word_1_110' title='bbox 1610 968 1833 1038; x_wconf 65' lang='lat' dir='ltr'><strong>praedita</strong></span> <span class='ocrx_word' id='word_1_111' title='bbox 1863 973 2048 1029; x_wconf 64' lang='lat' dir='ltr'><strong>editae,</strong></span> <span class='ocrx_word' id='word_1_112' title='bbox 2077 968 2131 1021; x_wconf 89' lang='lat' dir='ltr'><strong>in</strong></span> 
     </span>
    </p>
   </div>
   <div class='ocr_carea' id='block_1_15' title="bbox 2235 965 3802 1039">
    <p class='ocr_par' dir='ltr' id='par_1_15' title="bbox 2235 965 3802 1039">
     <span class='ocr_line' id='line_1_15' title="bbox 2235 965 3802 1039; baseline -0.002 -19"><span class='ocrx_word' id='word_1_113' title='bbox 2235 970 2295 1020; x_wconf 78' lang='grc' dir='ltr'><strong>Αἱ</strong></span> <span class='ocrx_word' id='word_1_114' title='bbox 2324 967 2380 1020; x_wconf 83' lang='grc' dir='ltr'>δὲ</span> <span class='ocrx_word' id='word_1_115' title='bbox 2410 968 2578 1039; x_wconf 80' lang='grc' dir='ltr'>ψυχαὶ</span> <span class='ocrx_word' id='word_1_116' title='bbox 2634 967 2742 1021; x_wconf 84' lang='grc' dir='ltr'>ἀπὸ</span> <span class='ocrx_word' id='word_1_117' title='bbox 2789 966 2881 1021; x_wconf 90' lang='grc' dir='ltr'><strong>τοῦ</strong></span> <span class='ocrx_word' id='word_1_118' title='bbox 2922 966 3249 1039; x_wconf 81' lang='grc' dir='ltr'><strong>δημιουργοῦ</strong></span> <span class='ocrx_word' id='word_1_119' title='bbox 3297 966 3393 1019; x_wconf 79' lang='grc' dir='ltr'>καὶ</span> <span class='ocrx_word' id='word_1_120' title='bbox 3447 965 3676 1037; x_wconf 53' lang='lat' dir='ltr'><strong>Harpe;</strong></span> <span class='ocrx_word' id='word_1_121' title='bbox 3714 966 3802 1017; x_wconf 65' lang='grc' dir='ltr'><strong>τῶν</strong></span> 
     </span>
    </p>
   </div>
   <div class='ocr_carea' id='block_1_16' title="bbox 556 1056 2131 1131">
    <p class='ocr_par' dir='ltr' id='par_1_16' title="bbox 556 1056 2131 1129">
     <span class='ocr_line' id='line_1_16' title="bbox 556 1056 2131 1129; baseline 0.002 -19"><span class='ocrx_word' id='word_1_122' title='bbox 556 1056 801 1110; x_wconf 87' lang='lat' dir='ltr'><strong>membra</strong></span> <span class='ocrx_word' id='word_1_123' title='bbox 856 1058 1084 1113; x_wconf 74' lang='lat' dir='ltr'><strong>rationis</strong></span> <span class='ocrx_word' id='word_1_124' title='bbox 1132 1060 1292 1115; x_wconf 90' lang='lat' dir='ltr'><strong>oculo</strong></span> <span class='ocrx_word' id='word_1_125' title='bbox 1351 1060 1738 1129; x_wconf 84' lang='lat' dir='ltr'><strong>aspectabilia,</strong></span> <span class='ocrx_word' id='word_1_126' title='bbox 1801 1059 2131 1127; x_wconf 79' lang='lat' dir='ltr'><strong>ejuscemodi</strong></span> 
     </span>
    </p>
   </div>
   <div class='ocr_carea' id='block_1_17' title="bbox 2235 1056 3801 1131">
    <p class='ocr_par' dir='ltr' id='par_1_17' title="bbox 2235 1058 3801 1131">
     <span class='ocr_line' id='line_1_17' title="bbox 2235 1058 3801 1131; baseline -0.003 -17"><span class='ocrx_word' id='word_1_127' title='bbox 2235 1061 2388 1125; x_wconf 84' lang='grc' dir='ltr'>ὅλων,</span> <span class='ocrx_word' id='word_1_128' title='bbox 2417 1059 2644 1130; x_wconf 87' lang='grc' dir='ltr'>σώματα</span> <span class='ocrx_word' id='word_1_129' title='bbox 2685 1058 2852 1131; x_wconf 83' lang='grc' dir='ltr'>νοερὰ</span> <span class='ocrx_word' id='word_1_130' title='bbox 2880 1059 3243 1131; x_wconf 84' lang='grc' dir='ltr'><strong>ὑπάρχουσαι,</strong></span> <span class='ocrx_word' id='word_1_131' title='bbox 3270 1061 3349 1122; x_wconf 78' lang='grc' dir='ltr'><strong>εις</strong></span> <span class='ocrx_word' id='word_1_132' title='bbox 3380 1058 3537 1128; x_wconf 82' lang='grc' dir='ltr'>λόγῳ</span> <span class='ocrx_word' id='word_1_133' title='bbox 3569 1058 3801 1128; x_wconf 67' lang='grc' dir='ltr'>θεωρητὰ</span> 
     </span>
    </p>
   </div>
   <div class='ocr_carea' id='block_1_18' title="bbox 556 1145 2131 1225">
    <p class='ocr_par' dir='ltr' id='par_1_18' title="bbox 556 1145 2131 1224">
     <span class='ocr_line' id='line_1_18' title="bbox 556 1145 2131 1224; baseline 0.001 -21"><span class='ocrx_word' id='word_1_134' title='bbox 556 1147 921 1206; x_wconf 87' lang='lat' dir='ltr'><strong>delineatione</strong></span> <span class='ocrx_word' id='word_1_135' title='bbox 966 1158 1211 1222; x_wconf 88' lang='lat' dir='ltr'><strong>accepta,</strong></span> <span class='ocrx_word' id='word_1_136' title='bbox 1263 1151 1488 1224; x_wconf 83' lang='lat' dir='ltr'><strong>digestae</strong></span> <span class='ocrx_word' id='word_1_137' title='bbox 1532 1158 1682 1206; x_wconf 88' lang='lat' dir='ltr'><strong>sunt.</strong></span> <span class='ocrx_word' id='word_1_138' title='bbox 1714 1145 1870 1207; x_wconf 88' lang='lat' dir='ltr'><strong>Unde</strong></span> <span class='ocrx_word' id='word_1_139' title='bbox 1905 1159 1959 1205; x_wconf 87' lang='lat' dir='ltr'><strong>et</strong></span> <span class='ocrx_word' id='word_1_140' title='bbox 1992 1150 2131 1221; x_wconf 88' lang='lat' dir='ltr'><strong>apud</strong></span> 
     </span>
    </p>
   </div>
   <div class='ocr_carea' id='block_1_19' title="bbox 2235 1145 3800 1225">
    <p class='ocr_par' dir='ltr' id='par_1_19' title="bbox 2239 1151 3800 1225">
     <span class='ocr_line' id='line_1_19' title="bbox 2239 1151 3800 1225; baseline 0.001 -21"><span class='ocrx_word' id='word_1_141' title='bbox 2239 1151 2376 1223; x_wconf 85' lang='grc' dir='ltr'>μέλη</span> <span class='ocrx_word' id='word_1_142' title='bbox 2428 1152 2907 1225; x_wconf 85' lang='grc' dir='ltr'>διακεκόσμηνται,</span> <span class='ocrx_word' id='word_1_143' title='bbox 2954 1152 3157 1223; x_wconf 89' lang='grc' dir='ltr'>ταύτην</span> <span class='ocrx_word' id='word_1_144' title='bbox 3193 1152 3458 1206; x_wconf 76' lang='grc' dir='ltr'>λαϐοῦσαι</span> <span class='ocrx_word' id='word_1_145' title='bbox 3498 1151 3611 1221; x_wconf 78' lang='grc' dir='ltr'><strong>τὴν</strong></span> <span class='ocrx_word' id='word_1_146' title='bbox 3640 1152 3800 1205; x_wconf 61' lang='lat' dir='ltr'><strong>ams-</strong></span> 
     </span>
    </p>
   </div>
   <div class='ocr_carea' id='block_1_20' title="bbox 557 1239 2131 1315">
    <p class='ocr_par' dir='ltr' id='par_1_20' title="bbox 557 1239 2131 1307">
     <span class='ocr_line' id='line_1_20' title="bbox 557 1239 2131 1307; baseline 0.001 -10"><span class='ocrx_word' id='word_1_147' title='bbox 557 1242 764 1299; x_wconf 89' lang='lat' dir='ltr'><strong>inferos</strong></span> <span class='ocrx_word' id='word_1_148' title='bbox 786 1284 799 1307; x_wconf 93' lang='lat'><strong>,</strong></span> <span class='ocrx_word' id='word_1_149' title='bbox 835 1251 895 1297; x_wconf 91' lang='lat' dir='ltr'><strong>ut</strong></span> <span class='ocrx_word' id='word_1_150' title='bbox 941 1251 996 1299; x_wconf 91' lang='lat' dir='ltr'><strong>et</strong></span> <span class='ocrx_word' id='word_1_151' title='bbox 1043 1245 1099 1298; x_wconf 88' lang='lat' dir='ltr'><strong>in</strong></span> <span class='ocrx_word' id='word_1_152' title='bbox 1141 1239 1349 1299; x_wconf 75' lang='lat' dir='ltr'><strong>Lazaro</strong></span> <span class='ocrx_word' id='word_1_153' title='bbox 1382 1253 1437 1300; x_wconf 89' lang='lat' dir='ltr'><strong>et</strong></span> <span class='ocrx_word' id='word_1_154' title='bbox 1466 1246 1634 1301; x_wconf 84' lang='lat' dir='ltr'><strong>divite</strong></span> <span class='ocrx_word' id='word_1_155' title='bbox 1676 1245 1859 1300; x_wconf 89' lang='lat' dir='ltr'><strong>videre</strong></span> <span class='ocrx_word' id='word_1_156' title='bbox 1889 1252 1993 1307; x_wconf 88' lang='lat' dir='ltr'><strong>est,</strong></span> <span class='ocrx_word' id='word_1_157' title='bbox 2026 1245 2131 1298; x_wconf 91' lang='lat' dir='ltr'><strong>lin-</strong></span> 
     </span>
    </p>
   </div>
   <div class='ocr_carea' id='block_1_21' title="bbox 2235 1239 3798 1315">
    <p class='ocr_par' dir='ltr' id='par_1_21' title="bbox 2235 1239 3798 1315">
     <span class='ocr_line' id='line_1_21' title="bbox 2235 1239 3798 1315; baseline 0.001 -22"><span class='ocrx_word' id='word_1_158' title='bbox 2235 1256 2431 1293; x_wconf 84' lang='grc' dir='ltr'>πωσιν.</span> <span class='ocrx_word' id='word_1_159' title='bbox 2476 1239 2638 1294; x_wconf 86' lang='grc' dir='ltr'>Ὅθεν</span> <span class='ocrx_word' id='word_1_160' title='bbox 2683 1241 2777 1295; x_wconf 74' lang='grc' dir='ltr'>καὶ</span> <span class='ocrx_word' id='word_1_161' title='bbox 2815 1243 2873 1294; x_wconf 85' lang='grc' dir='ltr'>ὲν</span> <span class='ocrx_word' id='word_1_162' title='bbox 2899 1240 2977 1312; x_wconf 82' lang='grc' dir='ltr'>τῷ</span> <span class='ocrx_word' id='word_1_163' title='bbox 3018 1241 3141 1315; x_wconf 78' lang='grc' dir='ltr'>ᾅδῃ,</span> <span class='ocrx_word' id='word_1_164' title='bbox 3181 1241 3434 1313; x_wconf 85' lang='grc' dir='ltr'>καθάπερ</span> <span class='ocrx_word' id='word_1_165' title='bbox 3461 1241 3571 1295; x_wconf 79' lang='grc' dir='ltr'><strong>καὶ</strong></span> <span class='ocrx_word' id='word_1_166' title='bbox 3607 1243 3697 1294; x_wconf 69' lang='grc' dir='ltr'><strong>ἐπὶ</strong></span> <span class='ocrx_word' id='word_1_167' title='bbox 3724 1243 3798 1296; x_wconf 67' lang='grc' dir='ltr'><strong>τοῦ</strong></span> 
     </span>
    </p>
   </div>
   <div class='ocr_carea' id='block_1_22' title="bbox 554 1335 2131 1409">
    <p class='ocr_par' dir='ltr' id='par_1_22' title="bbox 554 1337 2125 1409">
     <span class='ocr_line' id='line_1_22' title="bbox 554 1337 2125 1409; baseline 0.001 -20"><span class='ocrx_word' id='word_1_168' title='bbox 554 1351 740 1409; x_wconf 82' lang='lat' dir='ltr'><strong>gnam,</strong></span> <span class='ocrx_word' id='word_1_169' title='bbox 760 1344 814 1391; x_wconf 91' lang='lat' dir='ltr'><strong>et</strong></span> <span class='ocrx_word' id='word_1_170' title='bbox 831 1337 1083 1406; x_wconf 79' lang='lat' dir='ltr'><strong>digitum,</strong></span> <span class='ocrx_word' id='word_1_171' title='bbox 1103 1347 1155 1391; x_wconf 92' lang='lat' dir='ltr'><strong>et</strong></span> <span class='ocrx_word' id='word_1_172' title='bbox 1178 1338 1283 1391; x_wconf 88' lang='lat' dir='ltr'><strong>alia</strong></span> <span class='ocrx_word' id='word_1_173' title='bbox 1304 1338 1547 1393; x_wconf 88' lang='lat' dir='ltr'><strong>membra</strong></span> <span class='ocrx_word' id='word_1_174' title='bbox 1570 1337 1880 1392; x_wconf 87' lang='lat' dir='ltr'><strong>referuntur</strong></span> <span class='ocrx_word' id='word_1_175' title='bbox 1894 1337 2125 1391; x_wconf 86' lang='lat' dir='ltr'><strong>habere:</strong></span> 
     </span>
    </p>
   </div>
   <div class='ocr_carea' id='block_1_23' title="bbox 2235 1335 3795 1409">
    <p class='ocr_par' dir='ltr' id='par_1_23' title="bbox 2237 1335 3795 1408">
     <span class='ocr_line' id='line_1_23' title="bbox 2237 1335 3795 1408; baseline 0.001 -18"><span class='ocrx_word' id='word_1_176' title='bbox 2237 1335 2491 1408; x_wconf 79' lang='grc' dir='ltr'><strong>Λαζάρου</strong></span> <span class='ocrx_word' id='word_1_177' title='bbox 2527 1336 2734 1391; x_wconf 78' lang='grc' dir='ltr'>καὶτοῦ</span> <span class='ocrx_word' id='word_1_178' title='bbox 2765 1336 3041 1399; x_wconf 85' lang='grc' dir='ltr'>πλουσίου,</span> <span class='ocrx_word' id='word_1_179' title='bbox 3067 1339 3159 1392; x_wconf 73' lang='grc' dir='ltr'><strong>καὶ</strong></span> <span class='ocrx_word' id='word_1_180' title='bbox 3185 1337 3460 1406; x_wconf 76' lang='grc' dir='ltr'>γλῶσσαν,</span> <span class='ocrx_word' id='word_1_181' title='bbox 3491 1339 3599 1392; x_wconf 71' lang='grc' dir='ltr'>καὶ</span> <span class='ocrx_word' id='word_1_182' title='bbox 3625 1339 3795 1392; x_wconf 69' lang='grc' dir='ltr'>δάκτυ-</span> 
     </span>
    </p>
   </div>
   <div class='ocr_carea' id='block_1_24' title="bbox 557 1427 2131 1502">
    <p class='ocr_par' dir='ltr' id='par_1_24' title="bbox 557 1429 2126 1502">
     <span class='ocr_line' id='line_1_24' title="bbox 557 1429 2126 1502; baseline -0.001 -18"><span class='ocrx_word' id='word_1_183' title='bbox 557 1445 664 1484; x_wconf 82' lang='grc' dir='ltr'>ηοιι</span> <span class='ocrx_word' id='word_1_184' title='bbox 688 1430 834 1502; x_wconf 80' lang='lat' dir='ltr'><strong>quod</strong></span> <span class='ocrx_word' id='word_1_185' title='bbox 851 1431 1086 1484; x_wconf 88' lang='lat' dir='ltr'><strong>alienum</strong></span> <span class='ocrx_word' id='word_1_186' title='bbox 1105 1445 1304 1499; x_wconf 90' lang='lat' dir='ltr'><strong>corpus</strong></span> <span class='ocrx_word' id='word_1_187' title='bbox 1323 1432 1446 1485; x_wconf 78' lang='lat' dir='ltr'><strong>eum</strong></span> <span class='ocrx_word' id='word_1_188' title='bbox 1481 1431 1590 1486; x_wconf 88' lang='lat' dir='ltr'><strong>illis</strong></span> <span class='ocrx_word' id='word_1_189' title='bbox 1607 1434 1833 1485; x_wconf 78' lang='lat' dir='ltr'><strong>exsistat</strong></span> <span class='ocrx_word' id='word_1_190' title='bbox 1862 1429 2094 1483; x_wconf 79' lang='lat' dir='ltr'><strong>informe</strong></span> <span class='ocrx_word' id='word_1_191' title='bbox 2111 1470 2126 1494; x_wconf 92' lang='lat'><strong>,</strong></span> 
     </span>
    </p>
   </div>
   <div class='ocr_carea' id='block_1_25' title="bbox 2235 1427 3796 1502">
    <p class='ocr_par' dir='ltr' id='par_1_25' title="bbox 2235 1427 3796 1501">
     <span class='ocr_line' id='line_1_25' title="bbox 2235 1427 3796 1501; baseline 0.001 -19"><span class='ocrx_word' id='word_1_192' title='bbox 2235 1427 2344 1494; x_wconf 88' lang='grc' dir='ltr'>λον,</span> <span class='ocrx_word' id='word_1_193' title='bbox 2371 1430 2465 1482; x_wconf 68' lang='grc' dir='ltr'>καὶ</span> <span class='ocrx_word' id='word_1_194' title='bbox 2487 1427 2558 1482; x_wconf 83' lang='grc' dir='ltr'>τὰ</span> <span class='ocrx_word' id='word_1_195' title='bbox 2578 1428 2712 1483; x_wconf 77' lang='grc' dir='ltr'>ἄλλα</span> <span class='ocrx_word' id='word_1_196' title='bbox 2744 1428 2876 1500; x_wconf 84' lang='grc' dir='ltr'>μέλη</span> <span class='ocrx_word' id='word_1_197' title='bbox 2909 1428 3240 1501; x_wconf 79' lang='grc' dir='ltr'>ἱστοροῦνται</span> <span class='ocrx_word' id='word_1_198' title='bbox 3262 1428 3407 1500; x_wconf 76' lang='grc' dir='ltr'>ἔχειν</span> <span class='ocrx_word' id='word_1_199' title='bbox 3425 1444 3443 1460; x_wconf 80' lang='lat'><strong><em>°</em></strong></span> <span class='ocrx_word' id='word_1_200' title='bbox 3472 1429 3584 1499; x_wconf 75' lang='grc' dir='ltr'><strong>οὐχ</strong></span> <span class='ocrx_word' id='word_1_201' title='bbox 3609 1429 3685 1494; x_wconf 83' lang='grc' dir='ltr'>ὡς</span> <span class='ocrx_word' id='word_1_202' title='bbox 3707 1430 3796 1483; x_wconf 77' lang='grc' dir='ltr'>ἑτέ-</span> 
     </span>
    </p>
   </div>
   <div class='ocr_carea' id='block_1_26' title="bbox 556 1504 2131 1594">
    <p class='ocr_par' dir='ltr' id='par_1_26' title="bbox 556 1522 2126 1594">
     <span class='ocr_line' id='line_1_26' title="bbox 556 1522 2126 1594; baseline -0.001 -16"><span class='ocrx_word' id='word_1_203' title='bbox 556 1523 650 1579; x_wconf 87' lang='lat' dir='ltr'><strong>sed</strong></span> <span class='ocrx_word' id='word_1_204' title='bbox 677 1524 822 1593; x_wconf 91' lang='lat' dir='ltr'><strong>quod</strong></span> <span class='ocrx_word' id='word_1_205' title='bbox 855 1524 984 1593; x_wconf 69' lang='lat' dir='ltr'><strong>ipsae</strong></span> <span class='ocrx_word' id='word_1_206' title='bbox 1014 1522 1208 1577; x_wconf 67' lang='lat' dir='ltr'><strong>animae</strong></span> <span class='ocrx_word' id='word_1_207' title='bbox 1237 1523 1307 1578; x_wconf 84' lang='lat' dir='ltr'><strong>ab</strong></span> <span class='ocrx_word' id='word_1_208' title='bbox 1351 1524 1498 1577; x_wconf 88' lang='lat' dir='ltr'><strong>omni</strong></span> <span class='ocrx_word' id='word_1_209' title='bbox 1532 1531 1845 1594; x_wconf 79' lang='lat' dir='ltr'><strong>legumento</strong></span> <span class='ocrx_word' id='word_1_210' title='bbox 1875 1523 2126 1589; x_wconf 54' lang='lat' dir='ltr'><strong>nudatae,</strong></span> 
     </span>
    </p>
   </div>
   <div class='ocr_carea' id='block_1_27' title="bbox 2235 1504 3873 1594">
    <p class='ocr_par' dir='ltr' id='par_1_27' title="bbox 2239 1504 3873 1594">
     <span class='ocr_line' id='line_1_27' title="bbox 2239 1504 3873 1594; baseline 0.001 -20"><span class='ocrx_word' id='word_1_211' title='bbox 2239 1538 2332 1594; x_wconf 92' lang='grc' dir='ltr'><strong>ρου</strong></span> <span class='ocrx_word' id='word_1_212' title='bbox 2373 1520 2621 1593; x_wconf 85' lang='grc' dir='ltr'>σώματος</span> <span class='ocrx_word' id='word_1_213' title='bbox 2650 1521 3083 1594; x_wconf 82' lang='grc' dir='ltr'>συνυπάρχοντος</span> <span class='ocrx_word' id='word_1_214' title='bbox 3110 1523 3302 1587; x_wconf 83' lang='grc' dir='ltr'>αὐταῖς</span> <span class='ocrx_word' id='word_1_215' title='bbox 3326 1521 3577 1586; x_wconf 82' lang='grc' dir='ltr'><strong>ἀειδοῦς,</strong></span> <span class='ocrx_word' id='word_1_216' title='bbox 3608 1522 3794 1576; x_wconf 42' lang='lat' dir='ltr'><strong>me:</strong></span> 
     </span>
    </p>
   </div>
   <div class='ocr_carea' id='block_1_28' title="bbox 558 1606 2131 1686">
    <p class='ocr_par' dir='ltr' id='par_1_28' title="bbox 558 1615 2012 1673">
     <span class='ocr_line' id='line_1_28' title="bbox 558 1615 2012 1673; baseline -0.003 -2"><span class='ocrx_word' id='word_1_217' title='bbox 558 1623 755 1671; x_wconf 85' lang='lat' dir='ltr'><strong>natura</strong></span> <span class='ocrx_word' id='word_1_218' title='bbox 786 1632 884 1673; x_wconf 89' lang='lat' dir='ltr'><strong>sua</strong></span> <span class='ocrx_word' id='word_1_219' title='bbox 908 1623 963 1670; x_wconf 87' lang='lat' dir='ltr'><strong>et</strong></span> <span class='ocrx_word' id='word_1_220' title='bbox 990 1615 1290 1671; x_wconf 87' lang='lat' dir='ltr'><strong>secundum</strong></span> <span class='ocrx_word' id='word_1_221' title='bbox 1322 1615 1683 1671; x_wconf 84' lang='lat' dir='ltr'><strong>substantiam</strong></span> <span class='ocrx_word' id='word_1_222' title='bbox 1715 1619 1823 1672; x_wconf 89' lang='lat' dir='ltr'><strong>sint</strong></span> <span class='ocrx_word' id='word_1_223' title='bbox 1853 1616 2012 1672; x_wconf 86' lang='lat' dir='ltr'><strong>tales.</strong></span> 
     </span>
    </p>
   </div>
   <div class='ocr_carea' id='block_1_29' title="bbox 2235 1606 3794 1686">
    <p class='ocr_par' dir='ltr' id='par_1_29' title="bbox 2236 1606 3794 1686">
     <span class='ocr_line' id='line_1_29' title="bbox 2236 1606 3794 1686; baseline 0 -18"><span class='ocrx_word' id='word_1_224' title='bbox 2236 1606 2397 1668; x_wconf 73' lang='grc' dir='ltr'>αὗται</span> <span class='ocrx_word' id='word_1_225' title='bbox 2434 1611 2593 1682; x_wconf 86' lang='grc' dir='ltr'>φύσει</span> <span class='ocrx_word' id='word_1_226' title='bbox 2623 1614 2678 1667; x_wconf 78' lang='grc' dir='ltr'>αἱ</span> <span class='ocrx_word' id='word_1_227' title='bbox 2720 1613 2910 1686; x_wconf 77' lang='grc' dir='ltr'>ψυχαὶ,</span> <span class='ocrx_word' id='word_1_228' title='bbox 2946 1616 3163 1678; x_wconf 85' lang='grc' dir='ltr'>πάντως</span> <span class='ocrx_word' id='word_1_229' title='bbox 3195 1614 3694 1686; x_wconf 65' lang='grc' dir='ltr'>ἀπγυμνωθεῖσαι</span> <span class='ocrx_word' id='word_1_230' title='bbox 3725 1633 3794 1668; x_wconf 74' lang='grc' dir='ltr'><strong>πε-</strong></span> 
     </span>
    </p>
   </div>
   <div class='ocr_carea' id='block_1_30' title="bbox 2235 1708 3787 1782">
    <p class='ocr_par' dir='ltr' id='par_1_30' title="bbox 2235 1708 3787 1782">
     <span class='ocr_line' id='line_1_30' title="bbox 2235 1708 3787 1782; baseline -0.002 -18"><span class='ocrx_word' id='word_1_231' title='bbox 2235 1708 2587 1781; x_wconf 76' lang='grc' dir='ltr'>ριδλήματος,</span> <span class='ocrx_word' id='word_1_232' title='bbox 2626 1708 2872 1764; x_wconf 86' lang='grc' dir='ltr'>τοιαῦται</span> <span class='ocrx_word' id='word_1_233' title='bbox 2905 1709 3045 1764; x_wconf 86' lang='grc' dir='ltr'>κατά</span> <span class='ocrx_word' id='word_1_234' title='bbox 3075 1710 3176 1782; x_wconf 79' lang='grc' dir='ltr'>τὴν</span> <span class='ocrx_word' id='word_1_235' title='bbox 3213 1708 3406 1763; x_wconf 75' lang='grc' dir='ltr'>οὐσίαν</span> <span class='ocrx_word' id='word_1_236' title='bbox 3452 1709 3787 1780; x_wconf 59' lang='grc' dir='ltr'>ὑπάρχουσα.</span> 
     </span>
    </p>
   </div>
   <div class='ocr_carea' id='block_1_31' title="bbox 626 1793 2131 1875">
    <p class='ocr_par' dir='ltr' id='par_1_31' title="bbox 626 1793 2127 1871">
     <span class='ocr_line' id='line_1_31' title="bbox 626 1793 2127 1871; baseline 0.006 -23"><span class='ocrx_word' id='word_1_237' title='bbox 626 1793 744 1851; x_wconf 88' lang='lat' dir='ltr'><strong>XX.</strong></span> <span class='ocrx_word' id='word_1_238' title='bbox 774 1794 931 1851; x_wconf 87' lang='lat' dir='ltr'><strong>Addit</strong></span> <span class='ocrx_word' id='word_1_239' title='bbox 970 1796 1024 1851; x_wconf 92' lang='lat' dir='ltr'><strong>in</strong></span> <span class='ocrx_word' id='word_1_240' title='bbox 1070 1796 1175 1853; x_wconf 84' lang='lat' dir='ltr'><strong>ftne</strong></span> <span class='ocrx_word' id='word_1_241' title='bbox 1204 1797 1287 1853; x_wconf 81' lang='lat' dir='ltr'><strong>vir</strong></span> <span class='ocrx_word' id='word_1_242' title='bbox 1325 1804 1595 1853; x_wconf 88' lang='lat' dir='ltr'><strong>sanctus:</strong></span> <span class='ocrx_word' id='word_1_243' title='bbox 1627 1797 1687 1852; x_wconf 86' lang='lat' dir='ltr'><strong>Id</strong></span> <span class='ocrx_word' id='word_1_244' title='bbox 1733 1799 1879 1871; x_wconf 91' lang='lat' dir='ltr'><strong>quod</strong></span> <span class='ocrx_word' id='word_1_245' title='bbox 1924 1799 2127 1857; x_wconf 91' lang='lat' dir='ltr'><strong>dictum</strong></span> 
     </span>
    </p>
   </div>
   <div class='ocr_carea' id='block_1_32' title="bbox 2235 1793 3787 1875">
    <p class='ocr_par' dir='ltr' id='par_1_32' title="bbox 2301 1798 3787 1875">
     <span class='ocr_line' id='line_1_32' title="bbox 2301 1798 3787 1875; baseline -0.003 -18"><span class='ocrx_word' id='word_1_246' title='bbox 2301 1805 2372 1857; x_wconf 81' lang='grc' dir='ltr'><strong>Κ.</strong></span> <span class='ocrx_word' id='word_1_247' title='bbox 2416 1803 2540 1856; x_wconf 76' lang='grc' dir='ltr'>Ὀτι</span> <span class='ocrx_word' id='word_1_248' title='bbox 2565 1804 2728 1875; x_wconf 78' lang='grc' dir='ltr'>φησὶν</span> <span class='ocrx_word' id='word_1_249' title='bbox 2755 1806 2785 1858; x_wconf 83' lang='grc' dir='ltr'><strong>ὁ</strong></span> <span class='ocrx_word' id='word_1_250' title='bbox 2810 1804 2959 1873; x_wconf 68' lang='grc' dir='ltr'>ἅγιος</span> <span class='ocrx_word' id='word_1_251' title='bbox 2991 1807 3048 1858; x_wconf 85' lang='grc' dir='ltr'><strong>ὲν</strong></span> <span class='ocrx_word' id='word_1_252' title='bbox 3078 1802 3251 1857; x_wconf 78' lang='grc' dir='ltr'>τέλει’</span> <span class='ocrx_word' id='word_1_253' title='bbox 3283 1803 3455 1854; x_wconf 81' lang='grc' dir='ltr'>’Ὥστε</span> <span class='ocrx_word' id='word_1_254' title='bbox 3483 1798 3683 1854; x_wconf 59' lang='lat' dir='ltr'><strong>emata</strong></span> <span class='ocrx_word' id='word_1_255' title='bbox 3704 1800 3787 1853; x_wconf 73' lang='grc' dir='ltr'><strong>τοῦ-</strong></span> 
     </span>
    </p>
   </div>
   <div class='ocr_carea' id='block_1_33' title="bbox 558 1886 2131 1971">
    <p class='ocr_par' dir='ltr' id='par_1_33' title="bbox 558 1886 2123 1956">
     <span class='ocr_line' id='line_1_33' title="bbox 558 1886 2123 1956; baseline 0.004 -14"><span class='ocrx_word' id='word_1_256' title='bbox 558 1888 744 1942; x_wconf 78' lang='lat' dir='ltr'><strong>est“:</strong></span> <span class='ocrx_word' id='word_1_257' title='bbox 777 1886 840 1941; x_wconf 83' lang='lat' dir='ltr'><strong>In</strong></span> <span class='ocrx_word' id='word_1_258' title='bbox 868 1888 963 1943; x_wconf 84' lang='lat' dir='ltr'><strong>hoc</strong></span> <span class='ocrx_word' id='word_1_259' title='bbox 1006 1889 1253 1945; x_wconf 76' lang='lat' dir='ltr'><strong>Christus</strong></span> <span class='ocrx_word' id='word_1_260' title='bbox 1296 1899 1533 1945; x_wconf 80' lang='lat' dir='ltr'><strong>mortuus</strong></span> <span class='ocrx_word' id='word_1_261' title='bbox 1568 1900 1665 1956; x_wconf 83' lang='lat' dir='ltr'><strong>est,</strong></span> <span class='ocrx_word' id='word_1_262' title='bbox 1697 1901 1751 1944; x_wconf 85' lang='lat' dir='ltr'><strong>ut</strong></span> <span class='ocrx_word' id='word_1_263' title='bbox 1795 1903 2123 1948; x_wconf 86' lang='lat' dir='ltr'><strong>mortuorum</strong></span> 
     </span>
    </p>
   </div>
   <div class='ocr_carea' id='block_1_34' title="bbox 2235 1886 3787 1971">
    <p class='ocr_par' dir='ltr' id='par_1_34' title="bbox 2235 1891 3787 1971">
     <span class='ocr_line' id='line_1_34' title="bbox 2235 1891 3787 1971; baseline -0.003 -20"><span class='ocrx_word' id='word_1_264' title='bbox 2235 1914 2290 1951; x_wconf 89' lang='grc' dir='ltr'><strong>το</strong></span> <span class='ocrx_word' id='word_1_265' title='bbox 2332 1896 2565 1971; x_wconf 76' lang='grc' dir='ltr'>Χριστος</span> <span class='ocrx_word' id='word_1_266' title='bbox 2613 1894 3318 1970; x_wconf 73' lang='grc' dir='ltr'>ἀπέθανειλεγόμενον,ιῖνα</span> <span class='ocrx_word' id='word_1_267' title='bbox 3345 1891 3583 1958; x_wconf 77' lang='grc' dir='ltr'>ζώντων</span> <span class='ocrx_word' id='word_1_268' title='bbox 3621 1893 3710 1946; x_wconf 73' lang='grc' dir='ltr'>καὶ</span> <span class='ocrx_word' id='word_1_269' title='bbox 3731 1910 3787 1946; x_wconf 79' lang='grc' dir='ltr'>νε-</span> 
     </span>
    </p>
   </div>
   <div class='ocr_carea' id='block_1_35' title="bbox 556 1979 2131 2064">
    <p class='ocr_par' dir='ltr' id='par_1_35' title="bbox 556 1979 2128 2054">
     <span class='ocr_line' id='line_1_35' title="bbox 556 1979 2128 2054; baseline 0.006 -23"><span class='ocrx_word' id='word_1_270' title='bbox 556 1986 607 2031; x_wconf 83' lang='lat' dir='ltr'><strong>et</strong></span> <span class='ocrx_word' id='word_1_271' title='bbox 629 1979 861 2033; x_wconf 82' lang='lat' dir='ltr'><strong>vivorum</strong></span> <span class='ocrx_word' id='word_1_272' title='bbox 892 1979 1235 2035; x_wconf 82' lang='lat' dir='ltr'><strong>dominetur:</strong></span> <span class='ocrx_word' id='word_1_273' title='bbox 1270 1980 1339 2037; x_wconf 91' lang='lat' dir='ltr'><strong>de</strong></span> <span class='ocrx_word' id='word_1_274' title='bbox 1382 1980 1672 2037; x_wconf 83' lang='lat' dir='ltr'><strong>animabus</strong></span> <span class='ocrx_word' id='word_1_275' title='bbox 1696 1988 1751 2037; x_wconf 88' lang='lat' dir='ltr'><strong>et</strong></span> <span class='ocrx_word' id='word_1_276' title='bbox 1799 1984 2128 2054; x_wconf 85' lang='lat' dir='ltr'><strong>corporibus</strong></span> 
     </span>
    </p>
   </div>
   <div class='ocr_carea' id='block_1_36' title="bbox 2235 1979 3873 2064">
    <p class='ocr_par' dir='ltr' id='par_1_36' title="bbox 2235 1979 3873 2064">
     <span class='ocr_line' id='line_1_36' title="bbox 2235 1979 3873 2064; baseline -0.003 -20"><span class='ocrx_word' id='word_1_277' title='bbox 2235 1990 2380 2063; x_wconf 85' lang='grc' dir='ltr'>κρῶν</span> <span class='ocrx_word' id='word_1_278' title='bbox 2423 1990 2835 2064; x_wconf 61' lang='grc' dir='ltr'>κυριεύσῃεοὲπὶ</span> <span class='ocrx_word' id='word_1_279' title='bbox 2863 1991 2970 2044; x_wconf 78' lang='grc' dir='ltr'><strong>τῶν</strong></span> <span class='ocrx_word' id='word_1_280' title='bbox 3007 1989 3194 2061; x_wconf 80' lang='grc' dir='ltr'>ψυχῶν</span> <span class='ocrx_word' id='word_1_281' title='bbox 3232 1986 3326 2040; x_wconf 79' lang='grc' dir='ltr'>καὶ</span> <span class='ocrx_word' id='word_1_282' title='bbox 3359 1986 3461 2038; x_wconf 73' lang='grc' dir='ltr'><strong>ἐπὶ</strong></span> <span class='ocrx_word' id='word_1_283' title='bbox 3495 1985 3622 2037; x_wconf 82' lang='grc' dir='ltr'>τῶν</span> <span class='ocrx_word' id='word_1_284' title='bbox 3650 1984 3787 2054; x_wconf 57' lang='lat' dir='ltr'><strong>autpe-</strong></span> 
     </span>
    </p>
   </div>
   <div class='ocr_carea' id='block_1_37' title="bbox 556 2070 2131 2155">
    <p class='ocr_par' dir='ltr' id='par_1_37' title="bbox 556 2070 2131 2148">
     <span class='ocr_line' id='line_1_37' title="bbox 556 2070 2131 2148; baseline 0.004 -21"><span class='ocrx_word' id='word_1_285' title='bbox 556 2070 932 2141; x_wconf 82' lang='lat' dir='ltr'><strong>accipiendum</strong></span> <span class='ocrx_word' id='word_1_286' title='bbox 958 2088 1080 2128; x_wconf 89' lang='lat' dir='ltr'><strong>esse</strong></span> <span class='ocrx_word' id='word_1_287' title='bbox 1111 2092 1124 2128; x_wconf 90' lang='lat'><strong>:</strong></span> <span class='ocrx_word' id='word_1_288' title='bbox 1154 2074 1294 2130; x_wconf 88' lang='lat' dir='ltr'><strong>vivis</strong></span> <span class='ocrx_word' id='word_1_289' title='bbox 1331 2073 1544 2130; x_wconf 81' lang='lat' dir='ltr'><strong>scilicet</strong></span> <span class='ocrx_word' id='word_1_290' title='bbox 1587 2075 1895 2143; x_wconf 86' lang='lat' dir='ltr'><strong>animabus,</strong></span> <span class='ocrx_word' id='word_1_291' title='bbox 1940 2087 2131 2148; x_wconf 85' lang='lat' dir='ltr'><strong>utpote</strong></span> 
     </span>
    </p>
   </div>
   <div class='ocr_carea' id='block_1_38' title="bbox 2235 2070 3785 2155">
    <p class='ocr_par' dir='ltr' id='par_1_38' title="bbox 2235 2075 3785 2155">
     <span class='ocr_line' id='line_1_38' title="bbox 2235 2075 3785 2155; baseline -0.003 -20"><span class='ocrx_word' id='word_1_292' title='bbox 2235 2099 2341 2135; x_wconf 87' lang='grc' dir='ltr'><strong>των</strong></span> <span class='ocrx_word' id='word_1_293' title='bbox 2394 2082 2777 2155; x_wconf 83' lang='grc' dir='ltr'>παραληπτέον</span> <span class='ocrx_word' id='word_1_294' title='bbox 2792 2100 2806 2113; x_wconf 92' lang='grc'><strong>·</strong></span> <span class='ocrx_word' id='word_1_295' title='bbox 2857 2080 3073 2146; x_wconf 78' lang='grc' dir='ltr'>ζώντων</span> <span class='ocrx_word' id='word_1_296' title='bbox 3135 2080 3232 2151; x_wconf 81' lang='grc' dir='ltr'>μὲν</span> <span class='ocrx_word' id='word_1_297' title='bbox 3279 2076 3391 2130; x_wconf 83' lang='grc' dir='ltr'><strong>τῶν</strong></span> <span class='ocrx_word' id='word_1_298' title='bbox 3422 2075 3654 2147; x_wconf 76' lang='grc' dir='ltr'>ψυχῶν,</span> <span class='ocrx_word' id='word_1_299' title='bbox 3697 2077 3785 2130; x_wconf 53' lang='grc' dir='ltr'>κέν</span> 
     </span>
    </p>
   </div>
   <div class='ocr_carea' id='block_1_39' title="bbox 552 2163 2131 2246">
    <p class='ocr_par' dir='ltr' id='par_1_39' title="bbox 552 2163 1777 2237">
     <span class='ocr_line' id='line_1_39' title="bbox 552 2163 1777 2237; baseline 0.004 -17"><span class='ocrx_word' id='word_1_300' title='bbox 552 2163 985 2233; x_wconf 87' lang='lat' dir='ltr'><strong>immortalibus;</strong></span> <span class='ocrx_word' id='word_1_301' title='bbox 1017 2166 1246 2222; x_wconf 89' lang='lat' dir='ltr'><strong>mortuis</strong></span> <span class='ocrx_word' id='word_1_302' title='bbox 1270 2182 1399 2223; x_wconf 88' lang='lat' dir='ltr'><strong>vero</strong></span> <span class='ocrx_word' id='word_1_303' title='bbox 1432 2169 1777 2237; x_wconf 87' lang='lat' dir='ltr'><strong>corporibus.</strong></span> 
     </span>
    </p>
   </div>
   <div class='ocr_carea' id='block_1_40' title="bbox 2235 2163 3290 2246">
    <p class='ocr_par' dir='ltr' id='par_1_40' title="bbox 2236 2172 3290 2246">
     <span class='ocr_line' id='line_1_40' title="bbox 2236 2172 3290 2246; baseline -0.005 -18"><span class='ocrx_word' id='word_1_304' title='bbox 2236 2173 2496 2228; x_wconf 86' lang='grc' dir='ltr'>ἀθάνατοι</span> <span class='ocrx_word' id='word_1_305' title='bbox 2515 2191 2530 2205; x_wconf 81' lang='lat'><strong><em>°</em></strong></span> <span class='ocrx_word' id='word_1_306' title='bbox 2556 2174 2765 2246; x_wconf 82' lang='grc' dir='ltr'>νεκρῶν</span> <span class='ocrx_word' id='word_1_307' title='bbox 2786 2174 2843 2228; x_wconf 80' lang='grc' dir='ltr'><strong>δὲ</strong></span> <span class='ocrx_word' id='word_1_308' title='bbox 2864 2174 2972 2227; x_wconf 82' lang='grc' dir='ltr'><strong>τῶν</strong></span> <span class='ocrx_word' id='word_1_309' title='bbox 3005 2172 3290 2243; x_wconf 82' lang='grc' dir='ltr'>σωμάτων.</span> 
     </span>
    </p>
   </div>
   <div class='ocr_carea' id='block_1_41' title="bbox 624 2254 2131 2339">
    <p class='ocr_par' dir='ltr' id='par_1_41' title="bbox 624 2254 2130 2332">
     <span class='ocr_line' id='line_1_41' title="bbox 624 2254 2130 2332; baseline 0.005 -23"><span class='ocrx_word' id='word_1_310' title='bbox 624 2254 762 2310; x_wconf 84' lang='lat' dir='ltr'><strong>XXI.</strong></span> <span class='ocrx_word' id='word_1_311' title='bbox 792 2256 951 2321; x_wconf 91' lang='lat' dir='ltr'><strong>Cum,</strong></span> <span class='ocrx_word' id='word_1_312' title='bbox 984 2258 1181 2328; x_wconf 88' lang='lat' dir='ltr'><strong>inquit,</strong></span> <span class='ocrx_word' id='word_1_313' title='bbox 1216 2259 1513 2314; x_wconf 88' lang='lat' dir='ltr'><strong>humanum</strong></span> <span class='ocrx_word' id='word_1_314' title='bbox 1546 2275 1745 2330; x_wconf 91' lang='lat' dir='ltr'><strong>corpus</strong></span> <span class='ocrx_word' id='word_1_315' title='bbox 1768 2258 1868 2332; x_wconf 85' lang='lat'><strong>(6),</strong></span> <span class='ocrx_word' id='word_1_316' title='bbox 1899 2262 2130 2317; x_wconf 88' lang='lat' dir='ltr'><strong>aliorum</strong></span> 
     </span>
    </p>
   </div>
   <div class='ocr_carea' id='block_1_42' title="bbox 2235 2254 3777 2339">
    <p class='ocr_par' dir='ltr' id='par_1_42' title="bbox 2307 2260 3777 2339">
     <span class='ocr_line' id='line_1_42' title="bbox 2307 2260 3777 2339; baseline -0.003 -21"><span class='ocrx_word' id='word_1_317' title='bbox 2307 2266 2439 2319; x_wconf 77' lang='lat' dir='ltr'><strong>KA&#39;.</strong></span> <span class='ocrx_word' id='word_1_318' title='bbox 2482 2267 2603 2319; x_wconf 87' lang='grc' dir='ltr'>Ὅτι</span> <span class='ocrx_word' id='word_1_319' title='bbox 2634 2264 2729 2339; x_wconf 78' lang='grc' dir='ltr'>[εἰ]</span> <span class='ocrx_word' id='word_1_320' title='bbox 2752 2264 3073 2337; x_wconf 87' lang='grc' dir='ltr'>τιμιώτερον</span> <span class='ocrx_word' id='word_1_321' title='bbox 3102 2262 3259 2335; x_wconf 84' lang='grc' dir='ltr'>σῶμα</span> <span class='ocrx_word' id='word_1_322' title='bbox 3278 2260 3593 2334; x_wconf 79' lang='grc' dir='ltr'>ἀνθρώπου</span> <span class='ocrx_word' id='word_1_323' title='bbox 3618 2260 3716 2314; x_wconf 75' lang='grc' dir='ltr'>τῶν</span> <span class='ocrx_word' id='word_1_324' title='bbox 3732 2261 3777 2313; x_wconf 60' lang='grc' dir='ltr'><strong>θ</strong></span> 
     </span>
    </p>
   </div>
   <div class='ocr_carea' id='block_1_43' title="bbox 555 2347 2131 2430">
    <p class='ocr_par' dir='ltr' id='par_1_43' title="bbox 555 2347 2129 2422">
     <span class='ocr_line' id='line_1_43' title="bbox 555 2347 2129 2422; baseline 0.003 -20"><span class='ocrx_word' id='word_1_325' title='bbox 555 2347 874 2402; x_wconf 85' lang='lat' dir='ltr'><strong>animalium</strong></span> <span class='ocrx_word' id='word_1_326' title='bbox 914 2349 1242 2418; x_wconf 89' lang='lat' dir='ltr'><strong>corporibus</strong></span> <span class='ocrx_word' id='word_1_327' title='bbox 1274 2350 1345 2405; x_wconf 87' lang='lat' dir='ltr'><strong>sit</strong></span> <span class='ocrx_word' id='word_1_328' title='bbox 1379 2349 1640 2414; x_wconf 89' lang='lat' dir='ltr'><strong>nobilius,</strong></span> <span class='ocrx_word' id='word_1_329' title='bbox 1675 2350 1823 2405; x_wconf 91' lang='lat' dir='ltr'><strong>velut</strong></span> <span class='ocrx_word' id='word_1_330' title='bbox 1854 2351 2001 2422; x_wconf 90' lang='lat' dir='ltr'><strong>quod</strong></span> <span class='ocrx_word' id='word_1_331' title='bbox 2034 2351 2129 2407; x_wconf 88' lang='lat' dir='ltr'><strong>Dei</strong></span> 
     </span>
    </p>
   </div>
   <div class='ocr_carea' id='block_1_44' title="bbox 2235 2347 3779 2430">
    <p class='ocr_par' dir='ltr' id='par_1_44' title="bbox 2236 2355 3779 2430">
     <span class='ocr_line' id='line_1_44' title="bbox 2236 2355 3779 2430; baseline -0.003 -20"><span class='ocrx_word' id='word_1_332' title='bbox 2236 2355 2343 2410; x_wconf 85' lang='grc' dir='ltr'><strong>λων</strong></span> <span class='ocrx_word' id='word_1_333' title='bbox 2370 2355 2544 2423; x_wconf 79' lang='grc' dir='ltr'>ζώων,</span> <span class='ocrx_word' id='word_1_334' title='bbox 2572 2359 2654 2411; x_wconf 86' lang='grc' dir='ltr'><strong>ὄτι</strong></span> <span class='ocrx_word' id='word_1_335' title='bbox 2681 2358 2837 2430; x_wconf 82' lang='grc' dir='ltr'>χερσί</span> <span class='ocrx_word' id='word_1_336' title='bbox 2861 2374 2921 2410; x_wconf 91' lang='grc' dir='ltr'><strong>τε</strong></span> <span class='ocrx_word' id='word_1_337' title='bbox 2949 2356 3083 2410; x_wconf 87' lang='grc' dir='ltr'>Θεοῦ</span> <span class='ocrx_word' id='word_1_338' title='bbox 3108 2355 3327 2425; x_wconf 82' lang='grc' dir='ltr'>λέγεται</span> <span class='ocrx_word' id='word_1_339' title='bbox 3360 2355 3705 2418; x_wconf 79' lang='grc' dir='ltr'>πεπλάσθαι,</span> <span class='ocrx_word' id='word_1_340' title='bbox 3728 2371 3779 2406; x_wconf 74' lang='grc' dir='ltr'><strong>ια</strong></span> 
     </span>
    </p>
   </div>
   <div class='ocr_carea' id='block_1_45' title="bbox 562 2440 2131 2522">
    <p class='ocr_par' dir='ltr' id='par_1_45' title="bbox 562 2440 2129 2514">
     <span class='ocr_line' id='line_1_45' title="bbox 562 2440 2129 2514; baseline 0.002 -17"><span class='ocrx_word' id='word_1_341' title='bbox 562 2441 818 2497; x_wconf 88' lang='lat' dir='ltr'><strong>manibus</strong></span> <span class='ocrx_word' id='word_1_342' title='bbox 860 2440 1080 2495; x_wconf 90' lang='lat' dir='ltr'><strong>dicatur</strong></span> <span class='ocrx_word' id='word_1_343' title='bbox 1110 2441 1404 2498; x_wconf 84' lang='lat' dir='ltr'><strong>formatum</strong></span> <span class='ocrx_word' id='word_1_344' title='bbox 1426 2484 1442 2509; x_wconf 96' lang='lat'><strong>,</strong></span> <span class='ocrx_word' id='word_1_345' title='bbox 1484 2443 1811 2514; x_wconf 82' lang='lat' dir='ltr'><strong>habeatque,</strong></span> <span class='ocrx_word' id='word_1_346' title='bbox 1842 2452 1902 2498; x_wconf 92' lang='lat' dir='ltr'><strong>ut</strong></span> <span class='ocrx_word' id='word_1_347' title='bbox 1936 2446 2129 2501; x_wconf 63' lang='lat' dir='ltr'><strong>anima;</strong></span> 
     </span>
    </p>
   </div>
   <div class='ocr_carea' id='block_1_46' title="bbox 2235 2440 3782 2522">
    <p class='ocr_par' dir='ltr' id='par_1_46' title="bbox 2235 2448 3782 2522">
     <span class='ocr_line' id='line_1_46' title="bbox 2235 2448 3782 2522; baseline -0.001 -19"><span class='ocrx_word' id='word_1_348' title='bbox 2235 2449 2317 2503; x_wconf 83' lang='grc' dir='ltr'>ὅτι</span> <span class='ocrx_word' id='word_1_349' title='bbox 2343 2450 2669 2522; x_wconf 81' lang='grc' dir='ltr'>τιμιωτέρου</span> <span class='ocrx_word' id='word_1_350' title='bbox 2707 2451 2807 2522; x_wconf 84' lang='grc' dir='ltr'><strong>τῆς</strong></span> <span class='ocrx_word' id='word_1_351' title='bbox 2845 2448 3071 2520; x_wconf 76' lang='grc' dir='ltr'>λογικῆς</span> <span class='ocrx_word' id='word_1_352' title='bbox 3097 2448 3279 2520; x_wconf 77' lang='grc' dir='ltr'>ψυχῆς</span> <span class='ocrx_word' id='word_1_353' title='bbox 3310 2448 3609 2520; x_wconf 81' lang='grc' dir='ltr'>τετύχηκε</span> <span class='ocrx_word' id='word_1_354' title='bbox 3637 2449 3782 2517; x_wconf 49' lang='lat' dir='ltr'><strong>6pm.:-</strong></span> 
     </span>
    </p>
   </div>
   <div class='ocr_carea' id='block_1_47' title="bbox 555 2529 2131 2614">
    <p class='ocr_par' dir='ltr' id='par_1_47' title="bbox 555 2529 2128 2605">
     <span class='ocr_line' id='line_1_47' title="bbox 555 2529 2128 2605; baseline 0.005 -23"><span class='ocrx_word' id='word_1_355' title='bbox 555 2529 842 2586; x_wconf 89' lang='lat' dir='ltr'><strong>rationalis</strong></span> <span class='ocrx_word' id='word_1_356' title='bbox 878 2546 998 2600; x_wconf 67' lang='lat' dir='ltr'><strong>qua:</strong></span> <span class='ocrx_word' id='word_1_357' title='bbox 1031 2540 1113 2585; x_wconf 88' lang='lat' dir='ltr'><strong>est</strong></span> <span class='ocrx_word' id='word_1_358' title='bbox 1136 2532 1390 2597; x_wconf 89' lang='lat' dir='ltr'><strong>nobilior,</strong></span> <span class='ocrx_word' id='word_1_359' title='bbox 1420 2531 1492 2588; x_wconf 92' lang='lat' dir='ltr'><strong>sit</strong></span> <span class='ocrx_word' id='word_1_360' title='bbox 1525 2532 1833 2588; x_wconf 85' lang='lat' dir='ltr'><strong>vehiculum</strong></span> <span class='ocrx_word' id='word_1_361' title='bbox 1858 2550 1872 2586; x_wconf 91' lang='lat'>:</span> <span class='ocrx_word' id='word_1_362' title='bbox 1895 2549 2128 2605; x_wconf 79' lang='lat' dir='ltr'><strong>quomo-</strong></span> 
     </span>
    </p>
   </div>
   <div class='ocr_carea' id='block_1_48' title="bbox 2235 2529 3781 2614">
    <p class='ocr_par' dir='ltr' id='par_1_48' title="bbox 2235 2536 3781 2614">
     <span class='ocr_line' id='line_1_48' title="bbox 2235 2536 3781 2614; baseline -0.001 -20"><span class='ocrx_word' id='word_1_363' title='bbox 2235 2557 2361 2606; x_wconf 86' lang='grc' dir='ltr'>τος·</span> <span class='ocrx_word' id='word_1_364' title='bbox 2414 2542 2532 2606; x_wconf 87' lang='grc' dir='ltr'><strong>πῶς</strong></span> <span class='ocrx_word' id='word_1_365' title='bbox 2577 2541 2734 2596; x_wconf 87' lang='grc' dir='ltr'>τοῦτο</span> <span class='ocrx_word' id='word_1_366' title='bbox 2782 2543 2882 2614; x_wconf 86' lang='grc' dir='ltr'><strong>μὲν</strong></span> <span class='ocrx_word' id='word_1_367' title='bbox 2913 2542 3295 2614; x_wconf 83' lang='grc' dir='ltr'>ὀλιγοχρόνιον,</span> <span class='ocrx_word' id='word_1_368' title='bbox 3329 2536 3576 2611; x_wconf 83' lang='grc' dir='ltr'>ἀλόγων</span> <span class='ocrx_word' id='word_1_369' title='bbox 3604 2542 3781 2595; x_wconf 61' lang='grc' dir='ltr'><strong>δέω</strong></span> 
     </span>
    </p>
   </div>
   <div class='ocr_carea' id='block_1_49' title="bbox 556 2622 2131 2708">
    <p class='ocr_par' dir='ltr' id='par_1_49' title="bbox 556 2622 2130 2695">
     <span class='ocr_line' id='line_1_49' title="bbox 556 2622 2130 2695; baseline 0.004 -18"><span class='ocrx_word' id='word_1_370' title='bbox 556 2622 628 2678; x_wconf 88' lang='lat' dir='ltr'><strong>do</strong></span> <span class='ocrx_word' id='word_1_371' title='bbox 657 2623 837 2695; x_wconf 89' lang='lat' dir='ltr'><strong>ipsum</strong></span> <span class='ocrx_word' id='word_1_372' title='bbox 872 2624 1092 2695; x_wconf 88' lang='lat' dir='ltr'><strong>quidem</strong></span> <span class='ocrx_word' id='word_1_373' title='bbox 1133 2633 1242 2680; x_wconf 84' lang='lat' dir='ltr'><strong>tam</strong></span> <span class='ocrx_word' id='word_1_374' title='bbox 1273 2626 1455 2682; x_wconf 89' lang='lat' dir='ltr'><strong>brevis</strong></span> <span class='ocrx_word' id='word_1_375' title='bbox 1496 2635 1580 2682; x_wconf 86' lang='lat' dir='ltr'><strong>est</strong></span> <span class='ocrx_word' id='word_1_376' title='bbox 1620 2626 1744 2691; x_wconf 67' lang='lat' dir='ltr'><strong>aavi,</strong></span> <span class='ocrx_word' id='word_1_377' title='bbox 1779 2643 1903 2683; x_wconf 90' lang='lat' dir='ltr'><strong>cum</strong></span> <span class='ocrx_word' id='word_1_378' title='bbox 1938 2628 2130 2684; x_wconf 83' lang='lat' dir='ltr'><strong>bruto-</strong></span> 
     </span>
    </p>
   </div>
   <div class='ocr_carea' id='block_1_50' title="bbox 2235 2622 3779 2708">
    <p class='ocr_par' dir='ltr' id='par_1_50' title="bbox 2237 2632 3779 2708">
     <span class='ocr_line' id='line_1_50' title="bbox 2237 2632 3779 2708; baseline 0.001 -22"><span class='ocrx_word' id='word_1_379' title='bbox 2237 2632 2738 2705; x_wconf 84' lang='grc' dir='ltr'>πολυχρονιώτερα;</span> <span class='ocrx_word' id='word_1_380' title='bbox 2774 2634 2844 2688; x_wconf 86' lang='grc' dir='ltr'><strong><em>Ἣ</em></strong></span> <span class='ocrx_word' id='word_1_381' title='bbox 2869 2632 3026 2705; x_wconf 83' lang='grc' dir='ltr'>δῆλον</span> <span class='ocrx_word' id='word_1_382' title='bbox 3056 2633 3131 2698; x_wconf 83' lang='grc' dir='ltr'><strong>ὡς</strong></span> <span class='ocrx_word' id='word_1_383' title='bbox 3167 2635 3200 2705; x_wconf 78' lang='grc' dir='ltr'>ὴ</span> <span class='ocrx_word' id='word_1_384' title='bbox 3238 2632 3441 2687; x_wconf 84' lang='grc' dir='ltr'>τούτου</span> <span class='ocrx_word' id='word_1_385' title='bbox 3485 2632 3779 2708; x_wconf 44' lang='lat' dir='ltr'><strong>minus“</strong></span> 
     </span>
    </p>
   </div>
   <div class='ocr_carea' id='block_1_51' title="bbox 557 2715 2131 2800">
    <p class='ocr_par' dir='ltr' id='par_1_51' title="bbox 557 2715 2131 2790">
     <span class='ocr_line' id='line_1_51' title="bbox 557 2715 2131 2790; baseline 0.005 -23"><span class='ocrx_word' id='word_1_386' title='bbox 557 2729 681 2769; x_wconf 87' lang='lat' dir='ltr'><strong>rum</strong></span> <span class='ocrx_word' id='word_1_387' title='bbox 716 2715 1080 2785; x_wconf 82' lang='lat' dir='ltr'><strong>quorumdam</strong></span> <span class='ocrx_word' id='word_1_388' title='bbox 1124 2732 1375 2789; x_wconf 89' lang='lat' dir='ltr'><strong>corpora,</strong></span> <span class='ocrx_word' id='word_1_389' title='bbox 1413 2719 1539 2774; x_wconf 68' lang='lat' dir='ltr'><strong>vitae</strong></span> <span class='ocrx_word' id='word_1_390' title='bbox 1576 2718 1686 2774; x_wconf 83' lang='lat' dir='ltr'><strong>sint</strong></span> <span class='ocrx_word' id='word_1_391' title='bbox 1721 2722 1894 2775; x_wconf 90' lang='lat' dir='ltr'><strong>multo</strong></span> <span class='ocrx_word' id='word_1_392' title='bbox 1920 2719 2131 2790; x_wconf 89' lang='lat' dir='ltr'><strong>longio-</strong></span> 
     </span>
    </p>
   </div>
   <div class='ocr_carea' id='block_1_52' title="bbox 2235 2715 3303 2800">
    <p class='ocr_par' dir='ltr' id='par_1_52' title="bbox 2237 2726 3303 2800">
     <span class='ocr_line' id='line_1_52' title="bbox 2237 2726 3303 2800; baseline -0.002 -19"><span class='ocrx_word' id='word_1_393' title='bbox 2237 2726 2469 2800; x_wconf 82' lang='grc' dir='ltr'>ὓπαρξις</span> <span class='ocrx_word' id='word_1_394' title='bbox 2494 2728 2633 2799; x_wconf 87' lang='grc' dir='ltr'><strong>μετά</strong></span> <span class='ocrx_word' id='word_1_395' title='bbox 2660 2728 2760 2800; x_wconf 80' lang='grc' dir='ltr'>τὴν</span> <span class='ocrx_word' id='word_1_396' title='bbox 2784 2728 3081 2783; x_wconf 87' lang='grc' dir='ltr'>ἀνάστασιν</span> <span class='ocrx_word' id='word_1_397' title='bbox 3111 2726 3303 2793; x_wconf 74' lang='grc' dir='ltr'>ἔσταις</span> 
     </span>
    </p>
   </div>
   <div class='ocr_carea' id='block_1_53' title="bbox 561 2805 2131 2879">
    <p class='ocr_par' dir='ltr' id='par_1_53' title="bbox 561 2805 2131 2879">
     <span class='ocr_line' id='line_1_53' title="bbox 561 2805 2131 2879; baseline 0.003 -19"><span class='ocrx_word' id='word_1_398' title='bbox 561 2806 677 2861; x_wconf 80' lang='lat' dir='ltr'><strong>ris?</strong></span> <span class='ocrx_word' id='word_1_399' title='bbox 703 2805 842 2861; x_wconf 85' lang='lat' dir='ltr'><strong>Num</strong></span> <span class='ocrx_word' id='word_1_400' title='bbox 867 2809 1064 2878; x_wconf 88' lang='lat' dir='ltr'><strong>palam,</strong></span> <span class='ocrx_word' id='word_1_401' title='bbox 1110 2810 1256 2879; x_wconf 90' lang='lat' dir='ltr'><strong>quod</strong></span> <span class='ocrx_word' id='word_1_402' title='bbox 1290 2824 1320 2863; x_wconf 91' lang='lat' dir='ltr'><strong>a</strong></span> <span class='ocrx_word' id='word_1_403' title='bbox 1350 2811 1776 2875; x_wconf 87' lang='lat' dir='ltr'><strong>resurrectione,</strong></span> <span class='ocrx_word' id='word_1_404' title='bbox 1825 2810 2131 2867; x_wconf 90' lang='lat' dir='ltr'><strong>substantia</strong></span> 
     </span>
    </p>
   </div>
   <div class='ocr_carea' id='block_1_54' title="bbox 561 2896 1286 2970">
    <p class='ocr_par' dir='ltr' id='par_1_54' title="bbox 561 2896 1286 2970">
     <span class='ocr_line' id='line_1_54' title="bbox 561 2896 1286 2970; baseline 0.004 -18"><span class='ocrx_word' id='word_1_405' title='bbox 561 2896 682 2967; x_wconf 86' lang='lat' dir='ltr'><strong>ejus</strong></span> <span class='ocrx_word' id='word_1_406' title='bbox 704 2897 945 2970; x_wconf 66' lang='lat' dir='ltr'><strong>longaeva</strong></span> <span class='ocrx_word' id='word_1_407' title='bbox 975 2900 1156 2954; x_wconf 87' lang='lat' dir='ltr'><strong>futura</strong></span> <span class='ocrx_word' id='word_1_408' title='bbox 1176 2899 1286 2955; x_wconf 87' lang='lat' dir='ltr'><strong>sit?</strong></span> 
     </span>
    </p>
   </div>
   <div class='ocr_carea' id='block_1_55' title="bbox 1165 3164 3206 3234">
    <p class='ocr_par' dir='ltr' id='par_1_55' title="bbox 1165 3164 3206 3234">
     <span class='ocr_line' id='line_1_55' title="bbox 1165 3164 3206 3234; baseline 0 -4"><span class='ocrx_word' id='word_1_409' title='bbox 1165 3167 1233 3234; x_wconf 90' lang='lat' dir='ltr'><strong>S.</strong></span> <span class='ocrx_word' id='word_1_410' title='bbox 1269 3164 1709 3230; x_wconf 82' lang='lat' dir='ltr'><strong>METHODII</strong></span> <span class='ocrx_word' id='word_1_411' title='bbox 1739 3165 1850 3228; x_wconf 83' lang='lat' dir='ltr'><strong>DE</strong></span> <span class='ocrx_word' id='word_1_412' title='bbox 1877 3164 2120 3230; x_wconf 69' lang='lat' dir='ltr'><strong><em>JON/E</em></strong></span> <span class='ocrx_word' id='word_1_413' title='bbox 2150 3168 2554 3231; x_wconf 79' lang='lat' dir='ltr'><strong>HISTORIA</strong></span> <span class='ocrx_word' id='word_1_414' title='bbox 2586 3169 3206 3234; x_wconf 79' lang='lat' dir='ltr'><strong>FRAGMENTUM.</strong></span> 
     </span>
    </p>
   </div>
   <div class='ocr_carea' id='block_1_56' title="bbox 1703 3318 2671 3385">
    <p class='ocr_par' dir='ltr' id='par_1_56' title="bbox 1703 3318 2671 3385">
     <span class='ocr_line' id='line_1_56' title="bbox 1703 3318 2671 3385; baseline 0.005 -5"><span class='ocrx_word' id='word_1_415' title='bbox 1703 3318 1798 3382; x_wconf 78' lang='lat' dir='ltr'><strong>Ex</strong></span> <span class='ocrx_word' id='word_1_416' title='bbox 1832 3319 1997 3383; x_wconf 90' lang='lat' dir='ltr'><strong>libro</strong></span> <span class='ocrx_word' id='word_1_417' title='bbox 2036 3322 2127 3383; x_wconf 86' lang='lat' dir='ltr'><strong>De</strong></span> <span class='ocrx_word' id='word_1_418' title='bbox 2168 3322 2671 3385; x_wconf 83' lang='lat' dir='ltr'><strong>resurrectione.</strong></span> 
     </span>
    </p>
   </div>
   <div class='ocr_carea' id='block_1_57' title="bbox 565 3553 3781 3625">
    <p class='ocr_par' dir='ltr' id='par_1_57' title="bbox 565 3553 3781 3625">
     <span class='ocr_line' id='line_1_57' title="bbox 565 3553 3781 3625; baseline -0.001 -15"><span class='ocrx_word' id='word_1_419' title='bbox 565 3559 942 3625; x_wconf 69' lang='lat' dir='ltr'><strong>(Fragmentum</strong></span> <span class='ocrx_word' id='word_1_420' title='bbox 983 3556 1121 3625; x_wconf 69' lang='lat' dir='ltr'><strong>istud</strong></span> <span class='ocrx_word' id='word_1_421' title='bbox 1162 3556 1579 3625; x_wconf 55' lang='lat' dir='ltr'><strong>Latineprofert</strong></span> <span class='ocrx_word' id='word_1_422' title='bbox 1602 3556 1992 3625; x_wconf 70' lang='lat' dir='ltr'><strong>Cgmbeﬁslnsjn</strong></span> <span class='ocrx_word' id='word_1_423' title='bbox 2024 3554 2323 3625; x_wconf 55' lang='lat' dir='ltr'><strong>lgibliotftecq</strong></span> <span class='ocrx_word' id='word_1_424' title='bbox 2344 3553 2718 3625; x_wconf 66' lang='lat' dir='ltr'><strong>concinnatoria,</strong></span> <span class='ocrx_word' id='word_1_425' title='bbox 2740 3561 2857 3625; x_wconf 73' lang='lat' dir='ltr'><strong>tom.</strong></span> <span class='ocrx_word' id='word_1_426' title='bbox 2887 3555 2947 3613; x_wconf 87' lang='lat' dir='ltr'><strong>ll,</strong></span> <span class='ocrx_word' id='word_1_427' title='bbox 2991 3569 3040 3625; x_wconf 60' lang='grc' dir='ltr'><strong>ι)ἶ</strong></span> <span class='ocrx_word' id='word_1_428' title='bbox 3068 3553 3160 3602; x_wconf 76' lang='lat'><strong>263</strong></span> <span class='ocrx_word' id='word_1_429' title='bbox 3182 3566 3285 3625; x_wconf 40' lang='lat' dir='ltr'><strong>seq;</strong></span> <span class='ocrx_word' id='word_1_430' title='bbox 3319 3560 3375 3625; x_wconf 63' lang='lat' dir='ltr'><strong>et</strong></span> <span class='ocrx_word' id='word_1_431' title='bbox 3400 3570 3473 3625; x_wconf 77' lang='lat' dir='ltr'><strong>ex</strong></span> <span class='ocrx_word' id='word_1_432' title='bbox 3504 3571 3579 3625; x_wconf 67' lang='lat' dir='ltr'><strong>go</strong></span> <span class='ocrx_word' id='word_1_433' title='bbox 3605 3557 3781 3625; x_wconf 62' lang='lat' dir='ltr'><strong>Galbal.</strong></span> 
     </span>
    </p>
   </div>
   <div class='ocr_carea' id='block_1_58' title="bbox 617 3616 3782 3682">
    <p class='ocr_par' dir='ltr' id='par_1_58' title="bbox 617 3616 3782 3682">
     <span class='ocr_line' id='line_1_58' title="bbox 617 3616 3782 3682; baseline -0.001 -11"><span class='ocrx_word' id='word_1_434' title='bbox 617 3616 781 3671; x_wconf 67' lang='lat' dir='ltr'><strong>Griéca</strong></span> <span class='ocrx_word' id='word_1_435' title='bbox 821 3634 883 3671; x_wconf 80' lang='lat' dir='ltr'><strong>ex</strong></span> <span class='ocrx_word' id='word_1_436' title='bbox 908 3620 1016 3682; x_wconf 82' lang='lat' dir='ltr'><strong>cod.</strong></span> <span class='ocrx_word' id='word_1_437' title='bbox 1063 3620 1222 3669; x_wconf 81' lang='lat' dir='ltr'><strong>Vatic.</strong></span> <span class='ocrx_word' id='word_1_438' title='bbox 1257 3616 1614 3682; x_wconf 69' lang='lat' dir='ltr'><strong>16ll&#39;exhibet</strong></span> <span class='ocrx_word' id='word_1_439' title='bbox 1636 3619 1805 3669; x_wconf 84' lang='lat' dir='ltr'><strong>Simon</strong></span> <span class='ocrx_word' id='word_1_440' title='bbox 1827 3621 1890 3669; x_wconf 91' lang='lat' dir='ltr'><strong>de</strong></span> <span class='ocrx_word' id='word_1_441' title='bbox 1930 3619 2178 3682; x_wconf 70' lang='lat' dir='ltr'><strong>magistris</strong></span> <span class='ocrx_word' id='word_1_442' title='bbox 2200 3618 2248 3669; x_wconf 87' lang='lat' dir='ltr'><strong>in</strong></span> <span class='ocrx_word' id='word_1_443' title='bbox 2276 3619 2404 3669; x_wconf 85' lang='lat' dir='ltr'><strong>libro</strong></span> <span class='ocrx_word' id='word_1_444' title='bbox 2424 3621 2504 3667; x_wconf 87' lang='lat' dir='ltr'><strong>cui</strong></span> <span class='ocrx_word' id='word_1_445' title='bbox 2530 3616 2740 3667; x_wconf 84' lang='lat' dir='ltr'><strong>titulus:</strong></span> <span class='ocrx_word' id='word_1_446' title='bbox 2767 3621 2887 3667; x_wconf 78' lang='lat' dir='ltr'><strong>Acta</strong></span> <span class='ocrx_word' id='word_1_447' title='bbox 2911 3616 3183 3682; x_wconf 71' lang='lat' dir='ltr'><strong>martyrum</strong></span> <span class='ocrx_word' id='word_1_448' title='bbox 3216 3616 3282 3666; x_wconf 86' lang='lat' dir='ltr'><strong>ad</strong></span> <span class='ocrx_word' id='word_1_449' title='bbox 3323 3616 3465 3668; x_wconf 77' lang='lat' dir='ltr'><strong>Ostia</strong></span> <span class='ocrx_word' id='word_1_450' title='bbox 3498 3620 3782 3673; x_wconf 66' lang='lat' dir='ltr'><strong>Tiberimni</strong></span> 
     </span>
    </p>
   </div>
   <div class='ocr_carea' id='block_1_59' title="bbox 617 3680 2093 3745">
    <p class='ocr_par' dir='ltr' id='par_1_59' title="bbox 617 3680 2093 3745">
     <span class='ocr_line' id='line_1_59' title="bbox 617 3680 2093 3745; baseline -0.003 -9"><span class='ocrx_word' id='word_1_451' title='bbox 617 3682 821 3736; x_wconf 79' lang='lat' dir='ltr'><strong>Claudio</strong></span> <span class='ocrx_word' id='word_1_452' title='bbox 837 3680 1050 3734; x_wconf 76' lang='lat' dir='ltr'><strong>Gothico.</strong></span> <span class='ocrx_word' id='word_1_453' title='bbox 1073 3682 1241 3732; x_wconf 62' lang='lat' dir='ltr'><strong>Roma:</strong></span> <span class='ocrx_word' id='word_1_454' title='bbox 1261 3680 1403 3742; x_wconf 81' lang='lat'><strong>1792,</strong></span> <span class='ocrx_word' id='word_1_455' title='bbox 1427 3684 1480 3731; x_wconf 82' lang='lat' dir='ltr'><strong>in</strong></span> <span class='ocrx_word' id='word_1_456' title='bbox 1502 3682 1610 3744; x_wconf 88' lang='lat' dir='ltr'><strong>fol.,</strong></span> <span class='ocrx_word' id='word_1_457' title='bbox 1626 3682 1856 3745; x_wconf 79' lang='lat' dir='ltr'><strong>Append.</strong></span> <span class='ocrx_word' id='word_1_458' title='bbox 1883 3696 1932 3744; x_wconf 92' lang='lat' dir='ltr'><strong>p.</strong></span> <span class='ocrx_word' id='word_1_459' title='bbox 1957 3681 2093 3742; x_wconf 70' lang='grc'><strong>462.)</strong></span> 
     </span>
    </p>
   </div>
   <div class='ocr_carea' id='block_1_60' title="bbox 892 3939 2131 4022">
    <p class='ocr_par' dir='ltr' id='par_1_60' title="bbox 892 3948 1775 4022">
     <span class='ocr_line' id='line_1_60' title="bbox 892 3948 1775 4022; baseline 0.001 -17"><span class='ocrx_word' id='word_1_460' title='bbox 892 3950 1145 4006; x_wconf 79' lang='lat' dir='ltr'><strong>Methodii</strong></span> <span class='ocrx_word' id='word_1_461' title='bbox 1169 3952 1395 4022; x_wconf 82' lang='lat' dir='ltr'><strong>episcopi</strong></span> <span class='ocrx_word' id='word_1_462' title='bbox 1430 3948 1775 4006; x_wconf 85' lang='lat' dir='ltr'><strong>Patarorum.</strong></span> 
     </span>
    </p>
   </div>
   <div class='ocr_carea' id='block_1_61' title="bbox 2235 3939 3332 4022">
    <p class='ocr_par' dir='ltr' id='par_1_61' title="bbox 2703 3939 3332 4010">
     <span class='ocr_line' id='line_1_61' title="bbox 2703 3939 3332 4010; baseline -0.008 -12"><span class='ocrx_word' id='word_1_463' title='bbox 2703 3941 2995 3998; x_wconf 75' lang='grc' dir='ltr'>Μεθοδιου</span> <span class='ocrx_word' id='word_1_464' title='bbox 3028 3939 3332 4010; x_wconf 80' lang='grc' dir='ltr'>Πατάρων.</span> 
     </span>
    </p>
   </div>
   <div class='ocr_carea' id='block_1_62' title="bbox 626 4033 2131 4115">
    <p class='ocr_par' dir='ltr' id='par_1_62' title="bbox 626 4040 2131 4115">
     <span class='ocr_line' id='line_1_62' title="bbox 626 4040 2131 4115; baseline 0.003 -20"><span class='ocrx_word' id='word_1_465' title='bbox 626 4040 671 4098; x_wconf 85' lang='grc'><strong>1.</strong></span> <span class='ocrx_word' id='word_1_466' title='bbox 698 4042 951 4114; x_wconf 82' lang='lat' dir='ltr'><strong>Magnum</strong></span> <span class='ocrx_word' id='word_1_467' title='bbox 995 4059 1212 4114; x_wconf 90' lang='lat' dir='ltr'><strong>quoque</strong></span> <span class='ocrx_word' id='word_1_468' title='bbox 1250 4044 1496 4099; x_wconf 87' lang='lat' dir='ltr'><strong>continet</strong></span> <span class='ocrx_word' id='word_1_469' title='bbox 1522 4044 1840 4115; x_wconf 81' lang='lat' dir='ltr'><strong>mysterium</strong></span> <span class='ocrx_word' id='word_1_470' title='bbox 1863 4041 2016 4100; x_wconf 70' lang='lat' dir='ltr'><strong>Iona:</strong></span> <span class='ocrx_word' id='word_1_471' title='bbox 2045 4044 2131 4099; x_wconf 88' lang='lat' dir='ltr'><strong>hi-</strong></span> 
     </span>
    </p>
   </div>
   <div class='ocr_carea' id='block_1_63' title="bbox 2235 4033 3798 4115">
    <p class='ocr_par' dir='ltr' id='par_1_63' title="bbox 2306 4033 3798 4109">
     <span class='ocr_line' id='line_1_63' title="bbox 2306 4033 3798 4109; baseline -0.004 -18"><span class='ocrx_word' id='word_1_472' title='bbox 2306 4038 2387 4091; x_wconf 79' lang='lat' dir='ltr'><strong>A&#39;.</strong></span> <span class='ocrx_word' id='word_1_473' title='bbox 2428 4035 2678 4109; x_wconf 86' lang='grc' dir='ltr'>Περιέχει</span> <span class='ocrx_word' id='word_1_474' title='bbox 2723 4034 2780 4087; x_wconf 84' lang='grc' dir='ltr'>δὲ</span> <span class='ocrx_word' id='word_1_475' title='bbox 2819 4035 2914 4087; x_wconf 77' lang='grc' dir='ltr'>καὶ</span> <span class='ocrx_word' id='word_1_476' title='bbox 2968 4033 3108 4104; x_wconf 84' lang='grc' dir='ltr'>μέγα</span> <span class='ocrx_word' id='word_1_477' title='bbox 3144 4034 3446 4105; x_wconf 84' lang='grc' dir='ltr'>μυστήριον</span> <span class='ocrx_word' id='word_1_478' title='bbox 3493 4040 3533 4108; x_wconf 77' lang='grc' dir='ltr'><strong>ἡ</strong></span> <span class='ocrx_word' id='word_1_479' title='bbox 3578 4035 3798 4093; x_wconf 59' lang='lat' dir='ltr'><strong>mitia</strong></span> 
     </span>
    </p>
   </div>
   <div class='ocr_carea' id='block_1_64' title="bbox 560 4127 2131 4209">
    <p class='ocr_par' dir='ltr' id='par_1_64' title="bbox 560 4133 2131 4209">
     <span class='ocr_line' id='line_1_64' title="bbox 560 4133 2131 4209; baseline 0.001 -17"><span class='ocrx_word' id='word_1_480' title='bbox 560 4136 755 4192; x_wconf 85' lang='lat' dir='ltr'><strong>storia.</strong></span> <span class='ocrx_word' id='word_1_481' title='bbox 797 4133 1025 4190; x_wconf 76' lang='lat' dir='ltr'><strong>Videtur</strong></span> <span class='ocrx_word' id='word_1_482' title='bbox 1067 4135 1213 4191; x_wconf 90' lang='lat' dir='ltr'><strong>enim</strong></span> <span class='ocrx_word' id='word_1_483' title='bbox 1254 4151 1349 4205; x_wconf 88' lang='lat' dir='ltr'><strong>per</strong></span> <span class='ocrx_word' id='word_1_484' title='bbox 1393 4145 1571 4190; x_wconf 84' lang='lat' dir='ltr'><strong>cetum</strong></span> <span class='ocrx_word' id='word_1_485' title='bbox 1613 4145 1828 4208; x_wconf 89' lang='lat' dir='ltr'><strong>tempus</strong></span> <span class='ocrx_word' id='word_1_486' title='bbox 1880 4137 2131 4209; x_wconf 81' lang='lat' dir='ltr'><strong>intelligi,</strong></span> 
     </span>
    </p>
   </div>
   <div class='ocr_carea' id='block_1_65' title="bbox 2235 4127 3801 4209">
    <p class='ocr_par' dir='ltr' id='par_1_65' title="bbox 2251 4127 3801 4202">
     <span class='ocr_line' id='line_1_65' title="bbox 2251 4127 3801 4202; baseline -0.004 -15"><span class='ocrx_word' id='word_1_487' title='bbox 2251 4133 2433 4187; x_wconf 83' lang='grc' dir='ltr'>Ἰωνᾶν</span> <span class='ocrx_word' id='word_1_488' title='bbox 2479 4128 2708 4202; x_wconf 69' lang='grc' dir='ltr'>ἱστορία.</span> <span class='ocrx_word' id='word_1_489' title='bbox 2736 4129 2919 4182; x_wconf 83' lang='grc' dir='ltr'>Ἔοικε</span> <span class='ocrx_word' id='word_1_490' title='bbox 2947 4127 3056 4199; x_wconf 79' lang='grc' dir='ltr'><strong>γὰρ</strong></span> <span class='ocrx_word' id='word_1_491' title='bbox 3102 4127 3162 4180; x_wconf 87' lang='grc' dir='ltr'><strong>τὸ</strong></span> <span class='ocrx_word' id='word_1_492' title='bbox 3201 4128 3297 4197; x_wconf 86' lang='grc' dir='ltr'><strong>μὲν</strong></span> <span class='ocrx_word' id='word_1_493' title='bbox 3327 4128 3507 4200; x_wconf 72' lang='grc' dir='ltr'>κῆτος</span> <span class='ocrx_word' id='word_1_494' title='bbox 3542 4128 3801 4187; x_wconf 62' lang='grc' dir='ltr'>νοεῖσθωό</span> 
     </span>
    </p>
   </div>
   <div class='ocr_carea' id='block_1_66' title="bbox 561 4219 2131 4301">
    <p class='ocr_par' dir='ltr' id='par_1_66' title="bbox 561 4227 2131 4301">
     <span class='ocr_line' id='line_1_66' title="bbox 561 4227 2131 4301; baseline 0.002 -19"><span class='ocrx_word' id='word_1_495' title='bbox 561 4227 709 4301; x_wconf 87' lang='lat' dir='ltr'><strong>quod</strong></span> <span class='ocrx_word' id='word_1_496' title='bbox 740 4241 1023 4299; x_wconf 88' lang='lat' dir='ltr'><strong>nunquam</strong></span> <span class='ocrx_word' id='word_1_497' title='bbox 1055 4227 1344 4291; x_wconf 88' lang='lat' dir='ltr'><strong>consistat,</strong></span> <span class='ocrx_word' id='word_1_498' title='bbox 1375 4227 1468 4281; x_wconf 87' lang='lat' dir='ltr'><strong>sed</strong></span> <span class='ocrx_word' id='word_1_499' title='bbox 1499 4243 1715 4300; x_wconf 90' lang='lat' dir='ltr'><strong>semper</strong></span> <span class='ocrx_word' id='word_1_500' title='bbox 1743 4231 1985 4297; x_wconf 87' lang='lat' dir='ltr'><strong>labatur,</strong></span> <span class='ocrx_word' id='word_1_501' title='bbox 2017 4231 2131 4286; x_wconf 85' lang='lat' dir='ltr'><strong>lon-</strong></span> 
     </span>
    </p>
   </div>
   <div class='ocr_carea' id='block_1_67' title="bbox 2235 4219 3806 4301">
    <p class='ocr_par' dir='ltr' id='par_1_67' title="bbox 2236 4219 3806 4300">
     <span class='ocr_line' id='line_1_67' title="bbox 2236 4219 3806 4300; baseline -0.001 -20"><span class='ocrx_word' id='word_1_502' title='bbox 2236 4228 2444 4300; x_wconf 80' lang='grc' dir='ltr'>χρόνος,</span> <span class='ocrx_word' id='word_1_503' title='bbox 2474 4224 2569 4279; x_wconf 75' lang='grc' dir='ltr'><strong>ἂτε</strong></span> <span class='ocrx_word' id='word_1_504' title='bbox 2605 4222 2870 4295; x_wconf 83' lang='grc' dir='ltr'>μηδέποτε</span> <span class='ocrx_word' id='word_1_505' title='bbox 2899 4219 3090 4287; x_wconf 83' lang='grc' dir='ltr'>ἑστὼς,</span> <span class='ocrx_word' id='word_1_506' title='bbox 3119 4220 3255 4274; x_wconf 76' lang='grc' dir='ltr'>ἀλλὰ</span> <span class='ocrx_word' id='word_1_507' title='bbox 3298 4224 3689 4295; x_wconf 77' lang='grc' dir='ltr'>πορευόμενος</span> <span class='ocrx_word' id='word_1_508' title='bbox 3721 4221 3806 4285; x_wconf 75' lang='grc' dir='ltr'>ἀεὶ.</span> 
     </span>
    </p>
   </div>
   <div class='ocr_carea' id='block_1_68' title="bbox 561 4315 2131 4390">
    <p class='ocr_par' dir='ltr' id='par_1_68' title="bbox 561 4317 2131 4390">
     <span class='ocr_line' id='line_1_68' title="bbox 561 4317 2131 4390; baseline 0.002 -18"><span class='ocrx_word' id='word_1_509' title='bbox 561 4320 754 4390; x_wconf 89' lang='lat' dir='ltr'><strong>gisque</strong></span> <span class='ocrx_word' id='word_1_510' title='bbox 782 4334 847 4375; x_wconf 87' lang='lat' dir='ltr'><strong>ac</strong></span> <span class='ocrx_word' id='word_1_511' title='bbox 880 4317 1224 4374; x_wconf 85' lang='lat' dir='ltr'><strong>brevioribus</strong></span> <span class='ocrx_word' id='word_1_512' title='bbox 1246 4318 1556 4377; x_wconf 89' lang='lat' dir='ltr'><strong>inlerstitiis</strong></span> <span class='ocrx_word' id='word_1_513' title='bbox 1584 4329 1783 4376; x_wconf 87' lang='lat' dir='ltr'><strong>cuncta</strong></span> <span class='ocrx_word' id='word_1_514' title='bbox 1825 4329 2131 4377; x_wconf 86' lang='lat' dir='ltr'><strong>consumat.</strong></span> 
     </span>
    </p>
   </div>
   <div class='ocr_carea' id='block_1_69' title="bbox 2235 4315 3810 4390">
    <p class='ocr_par' dir='ltr' id='par_1_69' title="bbox 2238 4315 3810 4389">
     <span class='ocr_line' id='line_1_69' title="bbox 2238 4315 3810 4389; baseline -0.003 -14"><span class='ocrx_word' id='word_1_515' title='bbox 2238 4321 2330 4375; x_wconf 77' lang='grc' dir='ltr'>καὶ</span> <span class='ocrx_word' id='word_1_516' title='bbox 2358 4315 2748 4372; x_wconf 82' lang='grc' dir='ltr'>καταδαπανῶν</span> <span class='ocrx_word' id='word_1_517' title='bbox 2770 4315 2839 4369; x_wconf 84' lang='grc' dir='ltr'><strong>τὰ</strong></span> <span class='ocrx_word' id='word_1_518' title='bbox 2861 4316 3172 4385; x_wconf 72' lang='grc' dir='ltr'>γεννώμενα</span> <span class='ocrx_word' id='word_1_519' title='bbox 3209 4318 3445 4387; x_wconf 80' lang='grc' dir='ltr'>μακροῖς</span> <span class='ocrx_word' id='word_1_520' title='bbox 3475 4334 3545 4371; x_wconf 81' lang='grc' dir='ltr'><strong>τε</strong></span> <span class='ocrx_word' id='word_1_521' title='bbox 3579 4319 3678 4374; x_wconf 82' lang='grc' dir='ltr'><strong>καὶ</strong></span> <span class='ocrx_word' id='word_1_522' title='bbox 3703 4317 3810 4389; x_wconf 72' lang='grc' dir='ltr'><strong>βρι-</strong></span> 
     </span>
    </p>
   </div>
   <div class='ocr_carea' id='block_1_70' title="bbox 560 4406 2131 4484">
    <p class='ocr_par' dir='ltr' id='par_1_70' title="bbox 560 4410 2131 4484">
     <span class='ocr_line' id='line_1_70' title="bbox 560 4410 2131 4484; baseline 0.001 -15"><span class='ocrx_word' id='word_1_523' title='bbox 560 4413 664 4480; x_wconf 75' lang='lat' dir='ltr'><strong>Qui</strong></span> <span class='ocrx_word' id='word_1_524' title='bbox 695 4419 876 4469; x_wconf 87' lang='lat' dir='ltr'><strong>autem</strong></span> <span class='ocrx_word' id='word_1_525' title='bbox 914 4410 1082 4468; x_wconf 87' lang='lat' dir='ltr'><strong>Jonas</strong></span> <span class='ocrx_word' id='word_1_526' title='bbox 1114 4410 1301 4483; x_wconf 81' lang='lat' dir='ltr'><strong>fugita</strong></span> <span class='ocrx_word' id='word_1_527' title='bbox 1331 4411 1470 4468; x_wconf 88' lang='lat' dir='ltr'><strong>facie</strong></span> <span class='ocrx_word' id='word_1_528' title='bbox 1497 4411 1612 4476; x_wconf 91' lang='lat' dir='ltr'><strong>Dei,</strong></span> <span class='ocrx_word' id='word_1_529' title='bbox 1645 4413 1762 4484; x_wconf 86' lang='lat' dir='ltr'><strong>ipse</strong></span> <span class='ocrx_word' id='word_1_530' title='bbox 1800 4415 1892 4470; x_wconf 84' lang='lat' dir='ltr'><strong>ille</strong></span> <span class='ocrx_word' id='word_1_531' title='bbox 1924 4414 2131 4484; x_wconf 84' lang='lat' dir='ltr'><strong>primus</strong></span> 
     </span>
    </p>
   </div>
   <div class='ocr_carea' id='block_1_71' title="bbox 2235 4406 3813 4484">
    <p class='ocr_par' dir='ltr' id='par_1_71' title="bbox 2238 4406 3813 4484">
     <span class='ocr_line' id='line_1_71' title="bbox 2238 4406 3813 4484; baseline -0.005 -17"><span class='ocrx_word' id='word_1_532' title='bbox 2238 4412 2483 4484; x_wconf 83' lang='grc' dir='ltr'>χυτέροις</span> <span class='ocrx_word' id='word_1_533' title='bbox 2508 4411 2888 4481; x_wconf 83' lang='grc' dir='ltr'>διαστήμασιν.</span> <span class='ocrx_word' id='word_1_534' title='bbox 2905 4408 2963 4462; x_wconf 88' lang='lat'><strong>&#39;0</strong></span> <span class='ocrx_word' id='word_1_535' title='bbox 2981 4408 3040 4462; x_wconf 81' lang='grc' dir='ltr'>δὲ</span> <span class='ocrx_word' id='word_1_536' title='bbox 3068 4406 3282 4477; x_wconf 81' lang='grc' dir='ltr'>φεύγων</span> <span class='ocrx_word' id='word_1_537' title='bbox 3312 4409 3498 4473; x_wconf 76' lang='grc' dir='ltr'>Ἰωνᾶς</span> <span class='ocrx_word' id='word_1_538' title='bbox 3524 4410 3642 4463; x_wconf 77' lang='grc' dir='ltr'>ἀπὸ</span> <span class='ocrx_word' id='word_1_539' title='bbox 3667 4424 3813 4480; x_wconf 68' lang='grc' dir='ltr'>προσ-</span> 
     </span>
    </p>
   </div>
   <div class='ocr_carea' id='block_1_72' title="bbox 560 4500 2131 4579">
    <p class='ocr_par' dir='ltr' id='par_1_72' title="bbox 560 4504 2131 4579">
     <span class='ocr_line' id='line_1_72' title="bbox 560 4504 2131 4579; baseline -0.001 -17"><span class='ocrx_word' id='word_1_540' title='bbox 560 4506 726 4563; x_wconf 89' lang='lat' dir='ltr'><strong>homo</strong></span> <span class='ocrx_word' id='word_1_541' title='bbox 751 4513 857 4572; x_wconf 86' lang='lat' dir='ltr'><strong>est,</strong></span> <span class='ocrx_word' id='word_1_542' title='bbox 883 4506 1000 4578; x_wconf 92' lang='lat' dir='ltr'><strong>qui,</strong></span> <span class='ocrx_word' id='word_1_543' title='bbox 1021 4504 1336 4562; x_wconf 89' lang='lat' dir='ltr'><strong>mandatum</strong></span> <span class='ocrx_word' id='word_1_544' title='bbox 1360 4513 1760 4578; x_wconf 80' lang='lat' dir='ltr'><strong>transgressus,</strong></span> <span class='ocrx_word' id='word_1_545' title='bbox 1794 4521 1859 4562; x_wconf 91' lang='lat' dir='ltr'><strong>ac</strong></span> <span class='ocrx_word' id='word_1_546' title='bbox 1885 4522 1981 4579; x_wconf 87' lang='lat' dir='ltr'><strong>per</strong></span> <span class='ocrx_word' id='word_1_547' title='bbox 2009 4521 2131 4578; x_wconf 88' lang='lat' dir='ltr'><strong>pec-</strong></span> 
     </span>
    </p>
   </div>
   <div class='ocr_carea' id='block_1_73' title="bbox 2235 4500 3813 4579">
    <p class='ocr_par' dir='ltr' id='par_1_73' title="bbox 2237 4500 3813 4575">
     <span class='ocr_line' id='line_1_73' title="bbox 2237 4500 3813 4575; baseline -0.01 -15"><span class='ocrx_word' id='word_1_548' title='bbox 2237 4504 2387 4560; x_wconf 84' lang='grc' dir='ltr'>ὠπου</span> <span class='ocrx_word' id='word_1_549' title='bbox 2427 4502 2520 4557; x_wconf 88' lang='grc' dir='ltr'><strong>τοῦ</strong></span> <span class='ocrx_word' id='word_1_550' title='bbox 2568 4502 2727 4567; x_wconf 89' lang='grc' dir='ltr'>Θεοῦ,</span> <span class='ocrx_word' id='word_1_551' title='bbox 2750 4501 2909 4566; x_wconf 81' lang='grc' dir='ltr'>αὐτὸς</span> <span class='ocrx_word' id='word_1_552' title='bbox 2944 4501 3153 4564; x_wconf 67' lang='grc' dir='ltr'>ἐκεῖνος</span> <span class='ocrx_word' id='word_1_553' title='bbox 3199 4502 3229 4554; x_wconf 85' lang='grc' dir='ltr'>ὁ</span> <span class='ocrx_word' id='word_1_554' title='bbox 3266 4500 3485 4572; x_wconf 83' lang='grc' dir='ltr'>πρῶτος</span> <span class='ocrx_word' id='word_1_555' title='bbox 3539 4502 3813 4575; x_wconf 54' lang='lat' dir='ltr'><strong>avom</strong></span> 
     </span>
    </p>
   </div>
   <div class='ocr_carea' id='block_1_74' title="bbox 559 4593 2131 4668">
    <p class='ocr_par' dir='ltr' id='par_1_74' title="bbox 559 4596 2131 4666">
     <span class='ocr_line' id='line_1_74' title="bbox 559 4596 2131 4666; baseline -0.002 -10"><span class='ocrx_word' id='word_1_556' title='bbox 559 4606 745 4657; x_wconf 91' lang='lat' dir='ltr'><strong>catum</strong></span> <span class='ocrx_word' id='word_1_557' title='bbox 787 4598 991 4656; x_wconf 88' lang='lat' dir='ltr'><strong>amissa</strong></span> <span class='ocrx_word' id='word_1_558' title='bbox 1025 4596 1292 4655; x_wconf 88' lang='lat' dir='ltr'><strong>adversus</strong></span> <span class='ocrx_word' id='word_1_559' title='bbox 1332 4596 1502 4653; x_wconf 93' lang='lat' dir='ltr'><strong>Deum</strong></span> <span class='ocrx_word' id='word_1_560' title='bbox 1544 4596 1763 4666; x_wconf 83' lang='lat' dir='ltr'><strong>ﬁducia,</strong></span> <span class='ocrx_word' id='word_1_561' title='bbox 1804 4598 1988 4655; x_wconf 91' lang='lat' dir='ltr'><strong>nudus</strong></span> <span class='ocrx_word' id='word_1_562' title='bbox 2031 4599 2131 4653; x_wconf 79' lang='lat' dir='ltr'><strong>im—</strong></span> 
     </span>
    </p>
   </div>
   <div class='ocr_carea' id='block_1_75' title="bbox 2235 4593 3817 4668">
    <p class='ocr_par' dir='ltr' id='par_1_75' title="bbox 2237 4593 3817 4668">
     <span class='ocr_line' id='line_1_75' title="bbox 2237 4593 3817 4668; baseline -0.002 -18"><span class='ocrx_word' id='word_1_563' title='bbox 2237 4596 2510 4668; x_wconf 82' lang='grc' dir='ltr'>ἁθετήσας</span> <span class='ocrx_word' id='word_1_564' title='bbox 2568 4594 2666 4666; x_wconf 82' lang='grc' dir='ltr'>τὴν</span> <span class='ocrx_word' id='word_1_565' title='bbox 2712 4594 2934 4666; x_wconf 77' lang='grc' dir='ltr'>ἐντολὴν</span> <span class='ocrx_word' id='word_1_566' title='bbox 2982 4593 3179 4664; x_wconf 78' lang='grc' dir='ltr'>ἔφυγεν</span> <span class='ocrx_word' id='word_1_567' title='bbox 3228 4593 3543 4665; x_wconf 75' lang='grc' dir='ltr'>ἀφθαρσίας</span> <span class='ocrx_word' id='word_1_568' title='bbox 3600 4595 3817 4666; x_wconf 66' lang='grc' dir='ltr'>ὀφθῆναι</span> 
     </span>
    </p>
   </div>
   <div class='ocr_carea' id='block_1_76' title="bbox 561 4686 2131 4761">
    <p class='ocr_par' dir='ltr' id='par_1_76' title="bbox 561 4689 2131 4761">
     <span class='ocr_line' id='line_1_76' title="bbox 561 4689 2131 4761; baseline -0.001 -14"><span class='ocrx_word' id='word_1_569' title='bbox 561 4691 896 4747; x_wconf 85' lang='lat' dir='ltr'><strong>mortalitate</strong></span> <span class='ocrx_word' id='word_1_570' title='bbox 916 4690 997 4745; x_wconf 92' lang='lat' dir='ltr'><strong>illi</strong></span> <span class='ocrx_word' id='word_1_571' title='bbox 1019 4706 1082 4748; x_wconf 86' lang='lat' dir='ltr'><strong>se</strong></span> <span class='ocrx_word' id='word_1_572' title='bbox 1109 4706 1295 4747; x_wconf 89' lang='lat' dir='ltr'><strong>coram</strong></span> <span class='ocrx_word' id='word_1_573' title='bbox 1325 4691 1520 4748; x_wconf 88' lang='lat' dir='ltr'><strong>sistere</strong></span> <span class='ocrx_word' id='word_1_574' title='bbox 1542 4689 1765 4761; x_wconf 81' lang='lat' dir='ltr'><strong>refugit.</strong></span> <span class='ocrx_word' id='word_1_575' title='bbox 1784 4689 1951 4746; x_wconf 87' lang='lat' dir='ltr'><strong>Navis</strong></span> <span class='ocrx_word' id='word_1_576' title='bbox 1966 4705 2131 4761; x_wconf 86' lang='lat' dir='ltr'><strong>quam</strong></span> 
     </span>
    </p>
   </div>
   <div class='ocr_carea' id='block_1_77' title="bbox 2235 4686 3821 4761">
    <p class='ocr_par' dir='ltr' id='par_1_77' title="bbox 2237 4686 3821 4760">
     <span class='ocr_line' id='line_1_77' title="bbox 2237 4686 3821 4760; baseline -0.013 -17"><span class='ocrx_word' id='word_1_577' title='bbox 2237 4687 2466 4759; x_wconf 78' lang='grc' dir='ltr'>γυμνὸς,</span> <span class='ocrx_word' id='word_1_578' title='bbox 2493 4686 2592 4760; x_wconf 77' lang='grc' dir='ltr'>τὴν</span> <span class='ocrx_word' id='word_1_579' title='bbox 2620 4687 2756 4760; x_wconf 85' lang='grc' dir='ltr'>πρὸς</span> <span class='ocrx_word' id='word_1_580' title='bbox 2785 4686 2846 4740; x_wconf 82' lang='grc' dir='ltr'><strong>τὸ</strong></span> <span class='ocrx_word' id='word_1_581' title='bbox 2873 4686 3026 4740; x_wconf 86' lang='grc' dir='ltr'>Θείον</span> <span class='ocrx_word' id='word_1_582' title='bbox 3054 4687 3158 4740; x_wconf 84' lang='grc' dir='ltr'>ὑπὸ</span> <span class='ocrx_word' id='word_1_583' title='bbox 3183 4686 3281 4758; x_wconf 83' lang='grc' dir='ltr'>τῆς</span> <span class='ocrx_word' id='word_1_584' title='bbox 3304 4686 3593 4759; x_wconf 77' lang='grc' dir='ltr'>ἁμαρτίας</span> <span class='ocrx_word' id='word_1_585' title='bbox 3616 4689 3821 4759; x_wconf 59' lang='grc' dir='ltr'><strong>παρῤς-</strong></span> 
     </span>
    </p>
   </div>
   <div class='ocr_carea' id='block_1_78' title="bbox 562 4778 2131 4858">
    <p class='ocr_par' dir='ltr' id='par_1_78' title="bbox 562 4781 2131 4858">
     <span class='ocr_line' id='line_1_78' title="bbox 562 4781 2131 4858; baseline -0.001 -19"><span class='ocrx_word' id='word_1_586' title='bbox 562 4783 942 4840; x_wconf 86' lang='lat' dir='ltr'><strong>conscendens</strong></span> <span class='ocrx_word' id='word_1_587' title='bbox 991 4791 1310 4858; x_wconf 83' lang='lat' dir='ltr'><strong>tempestate</strong></span> <span class='ocrx_word' id='word_1_588' title='bbox 1343 4783 1582 4855; x_wconf 75' lang='lat' dir='ltr'><strong>iactatus</strong></span> <span class='ocrx_word' id='word_1_589' title='bbox 1632 4790 1739 4849; x_wconf 88' lang='lat' dir='ltr'><strong>est,</strong></span> <span class='ocrx_word' id='word_1_590' title='bbox 1780 4781 1964 4838; x_wconf 85' lang='lat' dir='ltr'><strong>brevis</strong></span> <span class='ocrx_word' id='word_1_591' title='bbox 2017 4783 2131 4838; x_wconf 66' lang='lat' dir='ltr'><strong>haec</strong></span> 
     </span>
    </p>
   </div>
   <div class='ocr_carea' id='block_1_79' title="bbox 2235 4778 3824 4858">
    <p class='ocr_par' dir='ltr' id='par_1_79' title="bbox 2240 4778 3824 4854">
     <span class='ocr_line' id='line_1_79' title="bbox 2240 4778 3824 4854; baseline -0.001 -20"><span class='ocrx_word' id='word_1_592' title='bbox 2240 4779 2361 4835; x_wconf 81' lang='grc' dir='ltr'>σίαν</span> <span class='ocrx_word' id='word_1_593' title='bbox 2390 4781 2764 4854; x_wconf 81' lang='grc' dir='ltr'>ἀφῃρημένος.</span> <span class='ocrx_word' id='word_1_594' title='bbox 2792 4780 2866 4834; x_wconf 83' lang='grc' dir='ltr'><strong>Τὸ</strong></span> <span class='ocrx_word' id='word_1_595' title='bbox 2907 4780 2965 4834; x_wconf 79' lang='grc' dir='ltr'><strong>δὲ</strong></span> <span class='ocrx_word' id='word_1_596' title='bbox 2994 4778 3175 4834; x_wconf 85' lang='grc' dir='ltr'>πλοῖον</span> <span class='ocrx_word' id='word_1_597' title='bbox 3204 4781 3283 4843; x_wconf 84' lang='grc' dir='ltr'>εἰς</span> <span class='ocrx_word' id='word_1_598' title='bbox 3310 4779 3340 4833; x_wconf 82' lang='grc' dir='ltr'><strong>δ</strong></span> <span class='ocrx_word' id='word_1_599' title='bbox 3367 4780 3577 4846; x_wconf 71' lang='grc' dir='ltr'>ἐπιϐὰς</span> <span class='ocrx_word' id='word_1_600' title='bbox 3610 4780 3824 4851; x_wconf 63' lang='grc' dir='ltr'>ἐχειμά-</span> 
     </span>
    </p>
   </div>
   <div class='ocr_carea' id='block_1_80' title="bbox 564 4870 2131 4948">
    <p class='ocr_par' dir='ltr' id='par_1_80' title="bbox 564 4874 2131 4948">
     <span class='ocr_line' id='line_1_80' title="bbox 564 4874 2131 4948; baseline 0 -17"><span class='ocrx_word' id='word_1_601' title='bbox 564 4883 653 4932; x_wconf 88' lang='lat' dir='ltr'><strong>est</strong></span> <span class='ocrx_word' id='word_1_602' title='bbox 703 4890 768 4931; x_wconf 88' lang='lat' dir='ltr'><strong>ac</strong></span> <span class='ocrx_word' id='word_1_603' title='bbox 797 4891 1014 4933; x_wconf 88' lang='lat' dir='ltr'><strong>morosa</strong></span> <span class='ocrx_word' id='word_1_604' title='bbox 1058 4877 1348 4948; x_wconf 67' lang='lat' dir='ltr'><strong>praesentis</strong></span> <span class='ocrx_word' id='word_1_605' title='bbox 1389 4874 1649 4948; x_wconf 89' lang='lat' dir='ltr'><strong>temporis</strong></span> <span class='ocrx_word' id='word_1_606' title='bbox 1683 4877 1832 4945; x_wconf 90' lang='lat' dir='ltr'><strong>vita;</strong></span> <span class='ocrx_word' id='word_1_607' title='bbox 1874 4883 2131 4947; x_wconf 80' lang='lat' dir='ltr'><strong>tanquam</strong></span> 
     </span>
    </p>
   </div>
   <div class='ocr_carea' id='block_1_81' title="bbox 2235 4870 3825 4948">
    <p class='ocr_par' dir='ltr' id='par_1_81' title="bbox 2239 4870 3825 4946">
     <span class='ocr_line' id='line_1_81' title="bbox 2239 4870 3825 4946; baseline -0.003 -18"><span class='ocrx_word' id='word_1_608' title='bbox 2239 4873 2433 4946; x_wconf 78' lang='grc' dir='ltr'>ζετο,ή</span> <span class='ocrx_word' id='word_1_609' title='bbox 2457 4874 2597 4929; x_wconf 85' lang='grc' dir='ltr'>κατά</span> <span class='ocrx_word' id='word_1_610' title='bbox 2613 4874 2704 4928; x_wconf 81' lang='grc' dir='ltr'>τὸν</span> <span class='ocrx_word' id='word_1_611' title='bbox 2726 4873 2967 4946; x_wconf 84' lang='grc' dir='ltr'>παρόντα</span> <span class='ocrx_word' id='word_1_612' title='bbox 2990 4872 3177 4945; x_wconf 85' lang='grc' dir='ltr'>καιρὸν</span> <span class='ocrx_word' id='word_1_613' title='bbox 3194 4870 3491 4945; x_wconf 76' lang='grc' dir='ltr'>βραχύϐιός</span> <span class='ocrx_word' id='word_1_614' title='bbox 3505 4875 3667 4926; x_wconf 74' lang='grc' dir='ltr'>ἐστιν</span> <span class='ocrx_word' id='word_1_615' title='bbox 3694 4872 3825 4937; x_wconf 57' lang='grc' dir='ltr'>αἰτῇ</span> 
     </span>
    </p>
   </div>
   <div class='ocr_carea' id='block_1_82' title="bbox 564 4963 2131 5044">
    <p class='ocr_par' dir='ltr' id='par_1_82' title="bbox 564 4967 2131 5040">
     <span class='ocr_line' id='line_1_82' title="bbox 564 4967 2131 5040; baseline 0 -17"><span class='ocrx_word' id='word_1_616' title='bbox 564 4967 826 5023; x_wconf 87' lang='lat' dir='ltr'><strong>nimirum</strong></span> <span class='ocrx_word' id='word_1_617' title='bbox 855 4975 1169 5023; x_wconf 85' lang='lat' dir='ltr'><strong>nostrarum</strong></span> <span class='ocrx_word' id='word_1_618' title='bbox 1214 4984 1398 5024; x_wconf 86' lang='lat' dir='ltr'><strong>rerum</strong></span> <span class='ocrx_word' id='word_1_619' title='bbox 1430 4976 1639 5024; x_wconf 89' lang='lat' dir='ltr'><strong>mutato</strong></span> <span class='ocrx_word' id='word_1_620' title='bbox 1672 4976 1843 5035; x_wconf 87' lang='lat' dir='ltr'><strong>statu,</strong></span> <span class='ocrx_word' id='word_1_621' title='bbox 1873 4983 1939 5023; x_wconf 89' lang='lat' dir='ltr'><strong>ac</strong></span> <span class='ocrx_word' id='word_1_622' title='bbox 1979 4968 2073 5040; x_wconf 90' lang='lat' dir='ltr'><strong>qui</strong></span> <span class='ocrx_word' id='word_1_623' title='bbox 2102 4983 2131 5023; x_wconf 87' lang='lat' dir='ltr'><strong>a</strong></span> 
     </span>
    </p>
   </div>
   <div class='ocr_carea' id='block_1_83' title="bbox 2235 4963 3829 5044">
    <p class='ocr_par' dir='ltr' id='par_1_83' title="bbox 2240 4963 3829 5044">
     <span class='ocr_line' id='line_1_83' title="bbox 2240 4963 3829 5044; baseline -0.005 -19"><span class='ocrx_word' id='word_1_624' title='bbox 2240 4971 2336 5026; x_wconf 72' lang='grc' dir='ltr'>καὶ</span> <span class='ocrx_word' id='word_1_625' title='bbox 2365 4971 2691 5044; x_wconf 81' lang='grc' dir='ltr'>δυσάρεστος</span> <span class='ocrx_word' id='word_1_626' title='bbox 2722 4969 2833 5043; x_wconf 75' lang='grc' dir='ltr'><strong>ζωή</strong></span> <span class='ocrx_word' id='word_1_627' title='bbox 2851 4987 2864 5000; x_wconf 75' lang='grc' dir='ltr'><strong>ο</strong></span> <span class='ocrx_word' id='word_1_628' title='bbox 2893 4963 3005 5023; x_wconf 78' lang='grc' dir='ltr'>οἷον</span> <span class='ocrx_word' id='word_1_629' title='bbox 3030 4967 3343 5040; x_wconf 85' lang='grc' dir='ltr'>τραπέντων</span> <span class='ocrx_word' id='word_1_630' title='bbox 3372 4967 3559 5039; x_wconf 85' lang='grc' dir='ltr'>ήμῶν,</span> <span class='ocrx_word' id='word_1_631' title='bbox 3576 4970 3678 5022; x_wconf 72' lang='grc' dir='ltr'><strong>καὶ</strong></span> <span class='ocrx_word' id='word_1_632' title='bbox 3706 4984 3829 5038; x_wconf 63' lang='lat' dir='ltr'><strong>p.22-</strong></span> 
     </span>
    </p>
   </div>
   <div class='ocr_carea' id='block_1_84' title="bbox 492 5058 2131 5133">
    <p class='ocr_par' dir='ltr' id='par_1_84' title="bbox 492 5060 2131 5132">
     <span class='ocr_line' id='line_1_84' title="bbox 492 5060 2131 5132; baseline 0.002 -17"><span class='ocrx_word' id='word_1_633' title='bbox 492 5068 497 5071; x_wconf 82' lang='lat'>‘</span> <span class='ocrx_word' id='word_1_634' title='bbox 568 5060 849 5125; x_wconf 78' lang='lat' dir='ltr'><strong>felicitate,</strong></span> <span class='ocrx_word' id='word_1_635' title='bbox 882 5067 1110 5132; x_wconf 91' lang='lat' dir='ltr'><strong>tutaque</strong></span> <span class='ocrx_word' id='word_1_636' title='bbox 1155 5062 1249 5116; x_wconf 87' lang='lat' dir='ltr'><strong>illa</strong></span> <span class='ocrx_word' id='word_1_637' title='bbox 1290 5078 1321 5117; x_wconf 90' lang='lat' dir='ltr'><strong>a</strong></span> <span class='ocrx_word' id='word_1_638' title='bbox 1351 5063 1609 5132; x_wconf 89' lang='lat' dir='ltr'><strong>periculis</strong></span> <span class='ocrx_word' id='word_1_639' title='bbox 1650 5064 1783 5127; x_wconf 87' lang='lat' dir='ltr'><strong>vita,</strong></span> <span class='ocrx_word' id='word_1_640' title='bbox 1828 5062 1898 5118; x_wconf 88' lang='lat' dir='ltr'><strong>ad</strong></span> <span class='ocrx_word' id='word_1_641' title='bbox 1943 5064 2131 5118; x_wconf 90' lang='lat' dir='ltr'><strong>turbu-</strong></span> 
     </span>
    </p>
   </div>
   <div class='ocr_carea' id='block_1_85' title="bbox 2235 5058 3831 5133">
    <p class='ocr_par' dir='ltr' id='par_1_85' title="bbox 2243 5058 3831 5133">
     <span class='ocr_line' id='line_1_85' title="bbox 2243 5058 3831 5133; baseline -0.005 -17"><span class='ocrx_word' id='word_1_642' title='bbox 2243 5064 2686 5122; x_wconf 85' lang='grc' dir='ltr'>αναστευσάντων</span> <span class='ocrx_word' id='word_1_643' title='bbox 2730 5063 2838 5116; x_wconf 76' lang='grc' dir='ltr'>ἀπὸ</span> <span class='ocrx_word' id='word_1_644' title='bbox 2881 5061 2982 5132; x_wconf 84' lang='grc' dir='ltr'>τῆς</span> <span class='ocrx_word' id='word_1_645' title='bbox 3048 5060 3451 5133; x_wconf 85' lang='grc' dir='ltr'>μακαριότητος</span> <span class='ocrx_word' id='word_1_646' title='bbox 3482 5060 3717 5131; x_wconf 72' lang='grc' dir='ltr'>ἐκείνης</span> <span class='ocrx_word' id='word_1_647' title='bbox 3748 5058 3831 5112; x_wconf 63' lang='lat'><strong>1:1</strong></span> 
     </span>
    </p>
   </div>
   <div class='ocr_carea' id='block_1_86' title="bbox 565 5152 2131 5228">
    <p class='ocr_par' dir='ltr' id='par_1_86' title="bbox 565 5152 2131 5211">
     <span class='ocr_line' id='line_1_86' title="bbox 565 5152 2131 5211; baseline 0.001 -4"><span class='ocrx_word' id='word_1_648' title='bbox 565 5153 771 5209; x_wconf 90' lang='lat' dir='ltr'><strong>lentam</strong></span> <span class='ocrx_word' id='word_1_649' title='bbox 801 5166 865 5207; x_wconf 89' lang='lat' dir='ltr'><strong>ac</strong></span> <span class='ocrx_word' id='word_1_650' title='bbox 891 5152 1199 5209; x_wconf 91' lang='lat' dir='ltr'><strong>instabilem</strong></span> <span class='ocrx_word' id='word_1_651' title='bbox 1234 5154 1375 5208; x_wconf 88' lang='lat' dir='ltr'><strong>hanc</strong></span> <span class='ocrx_word' id='word_1_652' title='bbox 1407 5155 1575 5210; x_wconf 89' lang='lat' dir='ltr'><strong>veluti</strong></span> <span class='ocrx_word' id='word_1_653' title='bbox 1604 5169 1635 5209; x_wconf 91' lang='lat' dir='ltr'><strong>a</strong></span> <span class='ocrx_word' id='word_1_654' title='bbox 1659 5163 1804 5210; x_wconf 90' lang='lat' dir='ltr'><strong>terra</strong></span> <span class='ocrx_word' id='word_1_655' title='bbox 1827 5156 1882 5209; x_wconf 88' lang='lat' dir='ltr'><strong>in</strong></span> <span class='ocrx_word' id='word_1_656' title='bbox 1909 5156 2131 5211; x_wconf 87' lang='lat' dir='ltr'><strong>navicu-</strong></span> 
     </span>
    </p>
   </div>
   <div class='ocr_carea' id='block_1_87' title="bbox 2235 5152 3834 5228">
    <p class='ocr_par' dir='ltr' id='par_1_87' title="bbox 2246 5152 3834 5228">
     <span class='ocr_line' id='line_1_87' title="bbox 2246 5152 3834 5228; baseline -0.004 -18"><span class='ocrx_word' id='word_1_657' title='bbox 2246 5156 2527 5211; x_wconf 81' lang='grc' dir='ltr'>ἀκινδύνου</span> <span class='ocrx_word' id='word_1_658' title='bbox 2572 5156 2717 5228; x_wconf 80' lang='grc' dir='ltr'>ζωῆς</span> <span class='ocrx_word' id='word_1_659' title='bbox 2759 5158 2840 5219; x_wconf 75' lang='grc' dir='ltr'>εἰς</span> <span class='ocrx_word' id='word_1_660' title='bbox 2883 5157 2976 5210; x_wconf 86' lang='grc' dir='ltr'><strong>τὸν</strong></span> <span class='ocrx_word' id='word_1_661' title='bbox 3021 5155 3598 5226; x_wconf 80' lang='grc' dir='ltr'>πολυχειμαστότατον</span> <span class='ocrx_word' id='word_1_662' title='bbox 3649 5152 3834 5207; x_wconf 70' lang='grc' dir='ltr'>τοῦτον</span> 
     </span>
    </p>
   </div>
   <div class='ocr_carea' id='block_1_88' title="bbox 649 5305 1643 5376">
    <p class='ocr_par' dir='ltr' id='par_1_88' title="bbox 649 5305 1643 5376">
     <span class='ocr_line' id='line_1_88' title="bbox 649 5305 1643 5376; baseline 0.003 -13"><span class='ocrx_word' id='word_1_663' title='bbox 649 5308 697 5342; x_wconf 86' lang='grc'><strong><em>⁹⁶</em></strong></span> <span class='ocrx_word' id='word_1_664' title='bbox 717 5305 884 5366; x_wconf 77' lang='lat' dir='ltr'><strong>Joan.</strong></span> <span class='ocrx_word' id='word_1_665' title='bbox 908 5324 948 5376; x_wconf 91' lang='lat' dir='ltr'><strong>t,</strong></span> <span class='ocrx_word' id='word_1_666' title='bbox 991 5309 1080 5363; x_wconf 77' lang='grc'><strong>18.</strong></span> <span class='ocrx_word' id='word_1_667' title='bbox 1183 5309 1227 5341; x_wconf 82' lang='grc'><strong>⁸⁷</strong></span> <span class='ocrx_word' id='word_1_668' title='bbox 1256 5307 1408 5364; x_wconf 83' lang='lat' dir='ltr'><strong>Rom.</strong></span> <span class='ocrx_word' id='word_1_669' title='bbox 1440 5326 1552 5376; x_wconf 76' lang='grc' dir='ltr'>ιιν,</span> <span class='ocrx_word' id='word_1_670' title='bbox 1588 5310 1643 5366; x_wconf 88' lang='lat'><strong>9.</strong></span> 
     </span>
    </p>
   </div>
   <div class='ocr_carea' id='block_1_89' title="bbox 641 5463 3834 5539">
    <p class='ocr_par' dir='ltr' id='par_1_89' title="bbox 641 5463 3834 5539">
     <span class='ocr_line' id='line_1_89' title="bbox 641 5463 3834 5539; baseline -0.001 -17"><span class='ocrx_word' id='word_1_671' title='bbox 641 5466 721 5539; x_wconf 81' lang='lat'><strong>(6)</strong></span> <span class='ocrx_word' id='word_1_672' title='bbox 747 5463 883 5539; x_wconf 56' lang='lat' dir='ltr'><strong>cum</strong></span> <span class='ocrx_word' id='word_1_673' title='bbox 911 5465 1104 5539; x_wconf 58' lang='lat' dir='ltr'><strong>inquit,</strong></span> <span class='ocrx_word' id='word_1_674' title='bbox 1134 5464 1651 5539; x_wconf 55' lang='grc' dir='ltr'><strong>Ιιιιγηιιηιιιπ(τοιιριιε.Δ</strong></span> <span class='ocrx_word' id='word_1_675' title='bbox 1673 5464 1796 5519; x_wconf 84' lang='grc' dir='ltr'>’Ότι</span> <span class='ocrx_word' id='word_1_676' title='bbox 1829 5463 2146 5539; x_wconf 28' lang='grc' dir='ltr'><strong>[εἰ]-τιμι‹ἶ›-</strong></span> <span class='ocrx_word' id='word_1_677' title='bbox 2252 5464 2455 5535; x_wconf 88' lang='lat' dir='ltr'><strong>alioqui</strong></span> <span class='ocrx_word' id='word_1_678' title='bbox 2486 5464 2634 5518; x_wconf 85' lang='lat' dir='ltr'><strong>clara</strong></span> <span class='ocrx_word' id='word_1_679' title='bbox 2680 5465 2885 5528; x_wconf 85' lang='lat' dir='ltr'><strong>littera,</strong></span> <span class='ocrx_word' id='word_1_680' title='bbox 2918 5466 3046 5539; x_wconf 10' lang='lat' dir='ltr'><strong>rsive</strong></span> <span class='ocrx_word' id='word_1_681' title='bbox 3092 5467 3222 5522; x_wconf 86' lang='lat' dir='ltr'><strong>illud</strong></span> <span class='ocrx_word' id='word_1_682' title='bbox 3250 5468 3298 5520; x_wconf 76' lang='lat' dir='ltr'><strong>et</strong></span> <span class='ocrx_word' id='word_1_683' title='bbox 3338 5470 3656 5524; x_wconf 84' lang='lat' dir='ltr'><strong>retineatur</strong></span> <span class='ocrx_word' id='word_1_684' title='bbox 3676 5509 3692 5532; x_wconf 94' lang='lat'><strong>,</strong></span> <span class='ocrx_word' id='word_1_685' title='bbox 3724 5468 3834 5522; x_wconf 69' lang='lat' dir='ltr'><strong>sive</strong></span> 
     </span>
    </p>
   </div>
   <div class='ocr_carea' id='block_1_90' title="bbox 569 5535 3838 5610">
    <p class='ocr_par' dir='ltr' id='par_1_90' title="bbox 569 5535 3838 5610">
     <span class='ocr_line' id='line_1_90' title="bbox 569 5535 3838 5610; baseline -0 -19"><span class='ocrx_word' id='word_1_686' title='bbox 569 5535 752 5610; x_wconf 80' lang='grc' dir='ltr'>τερον.</span> <span class='ocrx_word' id='word_1_687' title='bbox 783 5535 913 5610; x_wconf 67' lang='lat' dir='ltr'><strong>Non</strong></span> <span class='ocrx_word' id='word_1_688' title='bbox 951 5537 1114 5610; x_wconf 78' lang='lat' dir='ltr'><strong>habet</strong></span> <span class='ocrx_word' id='word_1_689' title='bbox 1143 5535 1309 5610; x_wconf 75' lang='lat' dir='ltr'><strong>Sirm.</strong></span> <span class='ocrx_word' id='word_1_690' title='bbox 1336 5535 1418 5610; x_wconf 69' lang='grc' dir='ltr'><strong>το,</strong></span> <span class='ocrx_word' id='word_1_691' title='bbox 1453 5536 1522 5601; x_wconf 78' lang='grc' dir='ltr'><strong>εἰ,</strong></span> <span class='ocrx_word' id='word_1_692' title='bbox 1553 5544 1607 5610; x_wconf 79' lang='lat' dir='ltr'><strong>et</strong></span> <span class='ocrx_word' id='word_1_693' title='bbox 1641 5535 1924 5610; x_wconf 62' lang='lat' dir='ltr'><strong>impressa</strong></span> <span class='ocrx_word' id='word_1_694' title='bbox 1943 5535 2144 5590; x_wconf 82' lang='lat' dir='ltr'><strong>habent</strong></span> <span class='ocrx_word' id='word_1_695' title='bbox 2250 5551 2359 5610; x_wconf 64' lang='lat' dir='ltr'><strong>non</strong></span> <span class='ocrx_word' id='word_1_696' title='bbox 2388 5552 2402 5587; x_wconf 86' lang='lat'><strong>:</strong></span> <span class='ocrx_word' id='word_1_697' title='bbox 2435 5550 2553 5610; x_wconf 26' lang='lat' dir='ltr'><strong>quo‘</strong></span> <span class='ocrx_word' id='word_1_698' title='bbox 2590 5546 2777 5610; x_wconf 71' lang='lat' dir='ltr'><strong>tamen</strong></span> <span class='ocrx_word' id='word_1_699' title='bbox 2817 5538 3023 5610; x_wconf 84' lang='lat' dir='ltr'><strong>omisso</strong></span> <span class='ocrx_word' id='word_1_700' title='bbox 3048 5551 3252 5610; x_wconf 14' lang='lat' dir='ltr'><strong>,Aessc‘t</strong></span> <span class='ocrx_word' id='word_1_701' title='bbox 3305 5541 3693 5596; x_wconf 80' lang='lat' dir='ltr'><strong>subnecteuda</strong></span> <span class='ocrx_word' id='word_1_702' title='bbox 3738 5539 3838 5607; x_wconf 71' lang='grc' dir='ltr'>τῷ,</span> 
     </span>
    </p>
   </div>
   <div class='ocr_carea' id='block_1_91' title="bbox 573 5605 3840 5677">
    <p class='ocr_par' dir='ltr' id='par_1_91' title="bbox 573 5605 3840 5677">
     <span class='ocr_line' id='line_1_91' title="bbox 573 5605 3840 5677; baseline 0.001 -15"><span class='ocrx_word' id='word_1_703' title='bbox 573 5605 845 5663; x_wconf 77' lang='lat' dir='ltr'><strong>clausum.</strong></span> <span class='ocrx_word' id='word_1_704' title='bbox 881 5606 1110 5677; x_wconf 84' lang='lat' dir='ltr'><strong>Schotto</strong></span> <span class='ocrx_word' id='word_1_705' title='bbox 1141 5607 1359 5677; x_wconf 89' lang='lat' dir='ltr'><strong>videtur</strong></span> <span class='ocrx_word' id='word_1_706' title='bbox 1384 5606 1668 5676; x_wconf 79' lang='lat' dir='ltr'><strong>legendum</strong></span> <span class='ocrx_word' id='word_1_707' title='bbox 1701 5605 1759 5677; x_wconf 79' lang='grc' dir='ltr'>ἡ,</span> <span class='ocrx_word' id='word_1_708' title='bbox 1791 5616 2016 5677; x_wconf 83' lang='lat' dir='ltr'><strong>propter</strong></span> <span class='ocrx_word' id='word_1_709' title='bbox 2047 5620 2136 5660; x_wconf 84' lang='lat' dir='ltr'><strong>se-</strong></span> <span class='ocrx_word' id='word_1_710' title='bbox 2248 5605 2385 5677; x_wconf 59' lang='grc' dir='ltr'>πῶς,</span> <span class='ocrx_word' id='word_1_711' title='bbox 2417 5606 2684 5677; x_wconf 87' lang='lat' dir='ltr'><strong>particula</strong></span> <span class='ocrx_word' id='word_1_712' title='bbox 2723 5606 2801 5677; x_wconf 78' lang='grc' dir='ltr'><strong>δέ,</strong></span> <span class='ocrx_word' id='word_1_713' title='bbox 2836 5615 2930 5660; x_wconf 88' lang='lat' dir='ltr'><strong>aut</strong></span> <span class='ocrx_word' id='word_1_714' title='bbox 2966 5608 3178 5663; x_wconf 90' lang='lat' dir='ltr'><strong>similis.</strong></span> <span class='ocrx_word' id='word_1_715' title='bbox 3212 5607 3565 5664; x_wconf 87' lang='lat' dir='ltr'><strong>Postremum</strong></span> <span class='ocrx_word' id='word_1_716' title='bbox 3610 5626 3753 5665; x_wconf 74' lang='lat' dir='ltr'><strong>vero</strong></span> <span class='ocrx_word' id='word_1_717' title='bbox 3785 5605 3840 5677; x_wconf 60' lang='grc' dir='ltr'><strong>ἦ,</strong></span> 
     </span>
    </p>
   </div>
   <div class='ocr_carea' id='block_1_92' title="bbox 574 5675 3836 5753">
    <p class='ocr_par' dir='ltr' id='par_1_92' title="bbox 574 5675 3836 5753">
     <span class='ocr_line' id='line_1_92' title="bbox 574 5675 3836 5753; baseline 0.001 -22"><span class='ocrx_word' id='word_1_718' title='bbox 574 5693 773 5753; x_wconf 66' lang='lat' dir='ltr'><strong>quens,</strong></span> <span class='ocrx_word' id='word_1_719' title='bbox 818 5678 1015 5753; x_wconf 81' lang='lat' dir='ltr'><strong>inquit,</strong></span> <span class='ocrx_word' id='word_1_720' title='bbox 1044 5676 1078 5748; x_wconf 81' lang='grc' dir='ltr'><strong>ἢ</strong></span> <span class='ocrx_word' id='word_1_721' title='bbox 1105 5676 1286 5753; x_wconf 65' lang='grc' dir='ltr'>δῆλον*</span> <span class='ocrx_word' id='word_1_722' title='bbox 1319 5675 1482 5747; x_wconf 84' lang='lat' dir='ltr'><strong>quem</strong></span> <span class='ocrx_word' id='word_1_723' title='bbox 1514 5686 1693 5753; x_wconf 80' lang='lat' dir='ltr'><strong>tamen</strong></span> <span class='ocrx_word' id='word_1_724' title='bbox 1725 5675 1867 5732; x_wconf 79' lang='lat' dir='ltr'><strong>inde</strong></span> <span class='ocrx_word' id='word_1_725' title='bbox 1897 5675 2134 5732; x_wconf 81' lang='lat' dir='ltr'><strong>sensum</strong></span> <span class='ocrx_word' id='word_1_726' title='bbox 2245 5675 2431 5753; x_wconf 74' lang='lat' dir='ltr'><strong>liquet</strong></span> <span class='ocrx_word' id='word_1_727' title='bbox 2456 5675 2833 5753; x_wconf 70' lang='lat' dir='ltr'><strong>accipiendum</strong></span> <span class='ocrx_word' id='word_1_728' title='bbox 2875 5679 3284 5750; x_wconf 81' lang='lat' dir='ltr'><strong>interrogative,</strong></span> <span class='ocrx_word' id='word_1_729' title='bbox 3341 5681 3601 5753; x_wconf 78' lang='lat' dir='ltr'><strong>solvique</strong></span> <span class='ocrx_word' id='word_1_730' title='bbox 3643 5696 3716 5740; x_wconf 75' lang='lat' dir='ltr'><strong>eo</strong></span> <span class='ocrx_word' id='word_1_731' title='bbox 3757 5675 3836 5735; x_wconf 70' lang='lat' dir='ltr'><strong>itt-</strong></span> 
     </span>
    </p>
   </div>
   <div class='ocr_carea' id='block_1_93' title="bbox 579 5746 2903 5821">
    <p class='ocr_par' dir='ltr' id='par_1_93' title="bbox 579 5746 2903 5821">
     <span class='ocr_line' id='line_1_93' title="bbox 579 5746 2903 5821; baseline 0.001 -21"><span class='ocrx_word' id='word_1_732' title='bbox 579 5746 764 5803; x_wconf 79' lang='lat' dir='ltr'><strong>eliciat</strong></span> <span class='ocrx_word' id='word_1_733' title='bbox 791 5756 846 5804; x_wconf 87' lang='lat' dir='ltr'><strong>et</strong></span> <span class='ocrx_word' id='word_1_734' title='bbox 873 5746 1021 5818; x_wconf 83' lang='lat' dir='ltr'><strong>velit,</strong></span> <span class='ocrx_word' id='word_1_735' title='bbox 1066 5746 1200 5805; x_wconf 80' lang='lat' dir='ltr'><strong>inibi</strong></span> <span class='ocrx_word' id='word_1_736' title='bbox 1227 5746 1512 5821; x_wconf 33' lang='lat' dir='ltr'><strong>,bac’tenus</strong></span> <span class='ocrx_word' id='word_1_737' title='bbox 1545 5748 1970 5819; x_wconf 87' lang='lat' dir='ltr'><strong>imperspectum</strong></span> <span class='ocrx_word' id='word_1_738' title='bbox 2013 5754 2135 5818; x_wconf 85' lang='lat' dir='ltr'><strong>est;</strong></span> <span class='ocrx_word' id='word_1_739' title='bbox 2245 5748 2464 5803; x_wconf 83' lang='lat' dir='ltr'><strong>ductant</strong></span> <span class='ocrx_word' id='word_1_740' title='bbox 2492 5746 2903 5804; x_wconf 75' lang='lat' dir='ltr'><strong>dubitationem.</strong></span> 
     </span>
    </p>
   </div>
  </div>
