3962 6278
219 342 325 397 3°19

1305 347 1394 401 Εὲἱ
1436 349 1636 406 LIBRO
1666 350 1751 405 DE
1790 350 2389 412 RESURRECTIONE.
3336 373 3404 423 33

215 458 334 531 βίον
370 461 463 513 καὶ
504 460 897 526 ἀκατάστατον,
921 462 1166 532 καθάπερ
1195 464 1301 516 ἀπὸ
1329 465 1434 535 γῆς
1466 469 1546 531 εἰς
1579 470 1757 522 πλοῖον

1884 468 1990 522 lam
2019 469 2577 542 commigraverimus.
2610 472 2764 539 Quod
2789 475 2932 530 enim
2964 484 3108 531 terra
3141 475 3209 533 ad
3235 481 3440 549 navim,

221 554 290 604 ὐ
310 555 418 622 γάρ
447 551 626 606 πλοῖον
651 553 786 622 πρὸς
813 554 936 623 γῆν,
959 552 1112 606 τοῦτο
1133 556 1160 607 ὁ
1189 556 1376 626 παρὼν
1409 558 1518 628 βίος
1541 561 1676 630 πρὸς
1697 561 1788 615 τὸν

213 644 499 698 ἀθάνατον.
517 645 575 696 '0
614 644 669 698 δὲ
703 647 908 716 χειμὼν
951 648 1041 699 καὶ
1074 649 1128 700 αἱ
1160 648 1633 720 ἐπισυνιστάμεναι
1663 651 1786 704 καθ’

214 735 373 804 ήμῶν
401 735 660 799 λαίλαπες
683 738 816 789 εἰσὶν
837 739 883 790 οἰ
911 737 1142 791 ἐνταῦθα
1170 740 1463 810 πειρασμοί
1483 758 1494 770 ·
1520 741 1706 813 ὥσπερ
1729 745 1786 797 ἐν

213 825 446 879 κλύδωνι
490 826 570 898 τῷ
611 828 816 898 κόσμῳ,
845 827 1064 892 ἀλύπως
1108 830 1506 903 εὐθυδρομῆσαι
1539 835 1628 887 τὸν
1672 835 1785 906 βίον

213 917 365 986 ήμᾶς
397 917 454 968 ὲν
481 917 682 990 γαλήνῃ
702 918 794 970 καὶ
821 919 1051 990 νηνεμίᾳ
1069 921 1252 974 κακῶν
1281 923 1352 992 μὴ
1377 925 1781 994 ἐπιτρέποντες.

221 1003 290 1057 Ἦ
323 1003 379 1056 δὲ
410 1005 516 1057 ἀπὸ
548 1003 640 1058 τοῦ
671 1005 854 1058 πλοίου
886 1010 964 1070 εἰς
999 1009 1097 1078 τὴν
1141 1003 1412 1064 θάλασσαν
1451 1015 1662 1085 ἔκριψις
1691 1017 1783 1071 τοῦ

225 1094 383 1146 Ἰωνᾶ
409 1095 739 1168 γεγενημένη
773 1097 869 1168 τὴν
898 1097 1004 1149 ἀπὸ
1029 1098 1122 1150 τοῦ
1155 1097 1254 1169 ζῇν
1277 1101 1355 1163 εἰς
1377 1102 1438 1154 τὸ
1465 1105 1781 1177 τελευτῆσαι

210 1182 308 1235 τοῦ
345 1185 765 1256 πρωτοπλάστου
789 1187 938 1258 δηλοῖ
959 1190 1320 1259 μετάπτωσιν,
1350 1193 1674 1263 ἀποφάσεως
1698 1216 1784 1251 τυ-

214 1274 420 1342 χόντος,
454 1276 568 1330 ἀνθ’
596 1271 670 1331 ὧν
712 1281 1027 1351 ἁμαρτήσας
1057 1283 1265 1354 ἀπέδρα
1294 1285 1392 1354 τῆς
1419 1286 1778 1360 δικαιοσύνης,

211 1362 298 1426 τὸ,
330 1362 417 1431 Γῆ
445 1363 504 1419 εἴ
524 1368 619 1421 καὶ
643 1371 729 1434 εἰς
764 1369 880 1438 γῆν
909 1372 1236 1442 ἀπελεύσῃ.
1277 1376 1352 1428 Τὸ
1381 1377 1437 1430 δὲ
1470 1382 1779 1453 καταποθῆ-

211 1471 302 1508 ναι
331 1457 490 1510 αὑτὸν
513 1459 614 1511 ὑπὸ
642 1460 732 1512 τοῦ
765 1462 983 1533 κήτους,
1008 1464 1105 1535 τὴν
1150 1466 1254 1519 ὑπὸ
1281 1467 1373 1521 τοῦ
1402 1471 1590 1540 χρόνου
1628 1489 1780 1542 γεγε-

211 1563 280 1616 νη
291 1547 455 1618 μένην
495 1551 866 1622 ἀπαραίτητον
912 1555 1065 1625 ήμῶν
1092 1557 1239 1628 δηλοῖ
1265 1561 1556 1633 ἀναίρεσιν.
1578 1564 1639 1616 Ἦ
1671 1565 1776 1636 γὰρ

211 1636 408 1700 κοιλία,
444 1639 528 1706 ὑφ’
559 1635 628 1711 ἦς
658 1643 932 1714 ἐκαλύφθη
965 1649 1289 1713 καταποθεὶς
1313 1653 1340 1702 ὁ
1369 1655 1566 1718 Ἰωνᾶς,
1587 1657 1619 1726 ἡ
1644 1673 1776 1708 παν-

210 1726 426 1796 τοδόχος
452 1730 566 1782 ἐστὶ
605 1733 696 1802 γῆ,
728 1734 794 1787 τὰ
826 1736 930 1788 ὑπὸ
959 1736 1050 1789 τοῦ
1079 1741 1268 1810 χρόνου
1306 1743 1658 1815 δαπαεὼμενα
1690 1747 1774 1800 δε·-

207 1818 433 1888 χυμένη.

281 1909 351 1964 B’.
393 1911 658 1984 Καθάπερ
704 1910 796 1969 οὖν
837 1917 1038 1983 Ἰωνᾶς,
1070 1920 1127 1974 ἐν
1159 1925 1223 1994 τῇ
1253 1924 1429 1996 κοιλία
1451 1923 1544 1979 τοῦ
1577 1928 1773 1998 κήτους

202 2001 354 2069 τρεῖς
383 2003 594 2074 ἡμέρας
629 2006 968 2078 ἐνδιατρίψας
999 2012 1091 2065 καὶ
1121 2012 1320 2076 νύκτας
1359 2017 1642 2084 τοσαύτας,
1674 2016 1772 2073 αὗ-

199 2088 289 2157 θις
322 2094 477 2166 ὑγιὴς
524 2097 757 2172 ἀπεδόθη
778 2117 790 2129 ·
825 2101 965 2154 οὕτω
1009 2103 1064 2155 δὲ
1109 2107 1201 2158 καὶ
1246 2107 1464 2174 πάντες,
1499 2102 1598 2174 τάξ
1627 2117 1773 2182 τρεῖς

198 2181 298 2234 τοῦ
322 2187 584 2257 παρόντος
606 2190 799 2254 αἰῶνος
822 2191 1128 2259 διαστάσεις
1153 2199 1477 2268 ποιήσαντες
1505 2204 1560 2254 ὲν
1585 2207 1649 2274 τῇ
1677 2209 1768 2276 γῇ,

199 2273 377 2344 ἀρχὴν
409 2275 569 2356 λέγω,
607 2282 698 2333 καὶ
727 2285 996 2355 μεσότητα
1024 2288 1116 2339 καὶ
1150 2288 1319 2354 τέλος,
1347 2293 1406 2357 ἐξ
1447 2287 1522 2346 ὧν
1555 2273 1771 2364 σύγκει-

196 2377 290 2414 ται
326 2366 433 2428 πᾶς
457 2351 610 2431 οὗτος
649 2372 678 2424 ό
724 2351 1138 2447 παρὼννχρόνος,
1170 2351 1601 2454 ἀναστησόμεθα.
1633 2351 1770 2467 ίΐρία

197 2451 312 2523 γὰρ
356 2458 616 2513 καθολικά
657 2464 844 2534 χρόνου
886 2467 1240 2541 διαστήματα,
1277 2451 1640 2547 παρῳχηκὼς,
1676 2451 1769 2533 καὶ

201 2545 438 2612 μέλλων,
473 2552 566 2602 καὶ
595 2553 800 2622 παρών.
841 2559 946 2610 Καὶ
977 2560 1063 2612 διὰ
1094 2562 1247 2614 τοῦτο
1279 2545 1370 2618 καῖ
1405 2545 1658 2640 όνΚύριος
1682 2589 1771 2625 το-

198 2635 411 2702 σαύτας
441 2641 652 2712 ἡμέρας
679 2646 1014 2716 συμϐολικῶς
1042 2653 1270 2722 ποιήσας
1300 2657 1357 2708 ὲν
1375 2660 1439 2728 τῇ
1469 2635 1766 2730 γῇνὲδίδαξε

192 2730 418 2798 σαφῶς,
471 2733 572 2796 ὅτι,
620 2735 1008 2807 πληρωθέντων
1057 2745 1163 2799 τῶν
1215 2750 1622 2820 προειρημένων
1672 2755 1764 2806 τοῦ

185 2820 387 2891 χρόνου
431 2822 832 2897 διαστημάτων,
872 2832 1019 2887 ἔσται
1064 2838 1218 2906 ήμῶν
1253 2841 1284 2910 ή
1324 2841 1635 2910 ἀνάστασις,
1670 2847 1762 2900 τοῦ

195 2911 484 2980 μέλλοντος
535 2917 634 2987 μὲν
682 2921 822 2994 ἀρχὴ
866 2925 1057 2989 αἰῶνος
1105 2929 1437 3000 ὑπάρχουσα,
1469 2936 1657 2989 τούτου
1705 2938 1762 2992 δὲ

202 3001 368 3065 τέλος.
389 3005 472 3058 Ἐν
506 3008 659 3062 αἰῶνι
685 3012 791 3084 γὰρ
823 3013 946 3068 οὔτε
978 3017 1271 3092 παρῴχηκέ
1302 3040 1376 3088 τι,
1405 3025 1526 3079 οὔτε
1556 3029 1756 3097 μέλλει,

1890 559 1992 615 hoc
2019 576 2258 632 praesens
2297 563 2408 617 vita
2435 572 2539 630 est,
2575 566 2622 621 si
2658 575 3002 638 comparetur
3043 585 3168 624 cum
3207 571 3298 624 illa
3333 573 3438 626 im-

1886 654 2125 708 mortali.
2157 653 2472 725 Tempestas
2504 665 2682 713 autem
2721 674 2793 736 ac
2838 662 3082 717 turbines
3113 663 3295 718 navim
3331 680 3436 720 un-

1885 741 2048 811 dique
2077 755 2529 815 conquassantes,
2564 751 2891 807 tentationes
2920 760 3067 819 sunt,
3100 769 3219 823 quae
3245 755 3299 809 in
3329 756 3433 810 hoc

1887 829 2110 893 mundo,
2148 839 2405 902 tanquam
2451 835 2508 888 in
2550 844 2786 893 aestuoso
2829 854 2893 894 ac
2919 841 3229 897 turbulento
3275 847 3431 909 mari,

1885 925 2092 972 rectum
2125 935 2224 976 nos
2251 923 2375 977 vita:
2403 939 2623 980 cursum
2658 926 2846 986 faciles
2876 930 3079 996 tenere,
3116 937 3432 1005 tranquillo-

1884 1023 1990 1077 que
2018 1024 2047 1062 a
2077 1011 2236 1066 malis
2280 1019 2397 1067 tum
2437 1031 2674 1084 aequore,
2713 1030 2823 1074 tum
2874 1023 3012 1076 coelo
3041 1026 3274 1094 gaudere
3325 1045 3434 1085 non

1885 1099 2091 1153 sinunt.
2131 1099 2280 1155 Jonae
2330 1103 2386 1156 in
2430 1121 2578 1161 mare
2618 1110 2991 1181 praecipitatio,
3046 1119 3366 1186 protoplasti
3406 1137 3435 1174 a

1882 1187 1991 1242 vita
2020 1189 2075 1242 in
2119 1198 2346 1244 mortem
2385 1192 2598 1262 lapsum
2626 1197 2875 1268 designat
2902 1217 2914 1253 :
2949 1204 3042 1271 qui
3073 1205 3276 1261 idcirco
3307 1209 3432 1278 quia

1882 1281 2156 1348 peccando
2190 1297 2218 1335 a
2256 1283 2469 1352 justitia
2509 1286 2744 1355 deﬂexit,
2783 1292 2930 1346 illam
2961 1297 3173 1366 excepit
3215 1306 3434 1356 senten—

1879 1372 2009 1424 tiam
2039 1392 2050 1426 :
2083 1373 2243 1428 Terra
2271 1393 2325 1429 es
2360 1386 2408 1430 et
2447 1378 2501 1430 in
2529 1388 2721 1433 terram
2754 1387 3022 1440 reverteris
3043 1388 3107 1440 ’⁸.
3143 1389 3318 1459 Ipsius
3341 1409 3433 1448 au-

1879 1469 1986 1515 tem
2019 1477 2049 1516 a
2081 1473 2201 1520 ceto
2244 1467 2518 1540 absorptio
2552 1471 2821 1541 significat
2863 1475 3229 1537 inevitabilem
3280 1485 3428 1541 illam

1877 1550 2071 1617 nostri,
2102 1567 2224 1620 quae
2260 1568 2291 1607 a
2320 1564 2558 1626 tempore
2597 1561 2674 1624 tit,
2707 1561 3111 1622 demolitionem
3156 1584 3221 1626 ac
3263 1574 3432 1630 inter-

1877 1637 2047 1706 itum;
2084 1652 2270 1697 venter
2298 1646 2439 1700 enim
2473 1663 2580 1717 quo
2603 1650 2892 1722 absorptus
2933 1654 3100 1715 Jonas
3127 1661 3428 1721 absconsus

1875 1732 1980 1789 est,
2013 1736 2170 1783 terrae
2197 1739 2281 1785 est
2317 1737 2560 1789 omnium
2593 1750 2880 1810 susceptor
2919 1747 3095 1812 sinus,
3139 1767 3247 1820 quo
3287 1768 3424 1811 con-

1802 1816 1850 1876 Β
1875 1814 2072 1870 dantur
2100 1835 2437 1893 quaecunque
2469 1827 2607 1882 edax
2646 1836 2856 1900 tempus
2885 1814 3177 1894 consumit.

1942 1903 2004 1960 ll.
2036 1905 2498 1972 Quemadmodum
2529 1915 2690 1986 igitur
2707 1921 2874 1979 Jonas
2903 1925 2958 1979 in
2990 1937 3174 1987 ventre
3189 1934 3294 1988 ceti
3314 1943 3427 1993 tres

1873 1999 1990 2054 dies
2019 2009 2073 2055 et
2119 2005 2342 2058 totidem
2388 2017 2575 2064 noctes
2613 2025 3002 2084 commoratus,
3042 2037 3232 2082 rursus
3260 2042 3427 2088 sanus

1873 2089 1997 2144 inde
2029 2105 2092 2144 ac
2133 2093 2342 2164 integer
2382 2097 2585 2165 evasit;
2628 2101 2706 2155 sic
2733 2111 2786 2158 et
2832 2120 3020 2163 omnes
3068 2111 3158 2165 ubi
3188 2114 3288 2168 tria
3327 2121 3426 2174 aevi

1872 2183 2157 2252 praesentis
2183 2186 2462 2242 intervalla
2507 2188 2852 2263 (principium
2899 2199 3145 2266 scilicet,
3191 2208 3424 2264 medium

1871 2289 1936 2328 ac
1975 2275 2154 2338 ﬁnem,
2191 2278 2390 2346 quibus
2431 2295 2670 2349 praesens
2714 2286 2816 2341 hoc
2838 2297 3060 2360 tempus
3095 2309 3253 2352 omne
3297 2314 3428 2356 con-

1871 2367 2000 2434 stat)
2042 2366 2144 2420 sub
2191 2378 2332 2421 terra
2365 2371 2660 2439 egerimus,
2699 2390 3063 2448 resurgemus.
3109 2381 3169 2438 In
3203 2388 3426 2444 univer-

1869 2471 1988 2510 sum
2013 2458 2156 2512 enim
2181 2459 2280 2513 tria
2311 2469 2435 2516 sunt
2453 2457 2708 2534 temporis
2739 2467 3038 2537 intervalla,
3069 2481 3421 2546 praeteritum,

1868 2549 2130 2616 futurum,
2179 2561 2234 2606 et
2273 2569 2510 2623 praesens
2547 2577 2560 2613 ε
2607 2568 2828 2630 propter
2872 2565 3017 2634 quod
3057 2576 3112 2623 et
3161 2569 3422 2632 Dominus

1867 2643 2088 2698 totidem
2113 2644 2232 2700 dies
2273 2647 2327 2701 in
2358 2655 2502 2702 terra
2531 2664 2918 2720 commoratus,
2955 2657 3059 2712 hoc
3090 2664 3332 2732 symbolo
3356 2683 3421 2722 ac

1867 2733 2036 2803 ﬁgura
2066 2737 2350 2794 manifeste
2394 2755 2494 2796 nos
2523 2741 2728 2807 docuit,
2761 2758 2886 2816 post
2925 2759 3115 2806 exacta
3161 2771 3280 2824 quae
3308 2757 3421 2814 dixi

1866 2828 2124 2896 temporis
2155 2830 2346 2898 spalia,
2383 2844 2624 2888 nostram
2658 2837 2773 2893 fore
2801 2845 3269 2915 resurrectionem,
3299 2868 3418 2921 quae

1865 2916 2030 2971 futuri
2053 2922 2235 2976 saeculi
2264 2922 2494 2988 initium,
2527 2927 2687 2997 hujus
2717 2928 2840 2987 ﬁnis
2864 2935 3109 2991 exsistat.
3135 2937 3192 2994 In
3219 2916 3416 2998 saeculo

1861 3011 2004 3066 enim
2036 3013 2129 3067 illo
2168 3030 2342 3084 neque
2383 3019 2641 3086 praeteriit
2691 3022 2918 3092 aliquid,
2956 3043 3132 3098 neque
3173 3030 3414 3088 futurum

201 3089 334 3144 ἀλλά
365 3094 520 3163 μόνον
545 3097 994 3172 ὑφέστηκεν.Ἒτι
1017 3111 1045 3160 ό
1070 3089 1268 3176 Ἴωνάς,
1296 3115 1354 3166 ὲν
1380 3120 1442 3187 τῇ
1469 3089 1642 3190 κοιλίᾳ
1664 3089 1758 3174 του

1864 3109 1965 3167 est,
2002 3105 2096 3159 sed
2131 3121 2370 3175 praisens
2396 3109 2660 3165 duntaxat
2689 3115 2956 3169 consistit.
2999 3117 3164 3176 Jonas
3192 3123 3416 3195 insuper

197 3184 393 3254 κήτους
422 3193 569 3259 τρεῖς
601 3195 811 3265 ήμέρας
843 3199 936 3251 καὶ
980 3205 1125 3274 τρεῖς
1167 3204 1365 3271 νύκτας
1407 3184 1656 3283 ποιήσας,
1697 3216 1758 3268 οὐ

193 3278 526 3351 κατεφθάρη,
563 3289 968 3358 συντηκομένων
1013 3294 1157 3365 αὑτῷ
1202 3297 1310 3351 τῶν
1358 3303 1573 3372 σαρκῶν
1619 3307 1758 3360 κατά

191 3367 284 3436 τὴν
314 3371 369 3421 ὲν
400 3374 470 3442 τῇ
503 3374 678 3447 κοιλίᾳ
715 3383 1012 3454 γενομένην
1060 3390 1291 3462 φυσικήν
1329 3394 1486 3464 σῆψιν
1509 3397 1617 3450 τῶν
1645 3402 1758 3452 εἰσ-

188 3461 508 3553 φερομένων
551 3466 852 3538 βρωμάτων
899 3473 985 3528 διὰ
1036 3479 1134 3549 τὴν
1167 3461 1390 3536 πλείονα
1410 3461 1484 3539 ⁷ἐν
1525 3493 1639 3553 τοῖς
1678 3494 1757 3544 ὲν-

182 3548 354 3620 ύδροις
383 3552 722 3626 θερμότητα,
744 3561 830 3615 ἵνα
858 3563 1062 3639 δειχθῇ,
1089 3570 1167 3623 ὅτι
1191 3573 1413 3629 δύναται
1441 3575 1576 3632 εἶναι
1601 3583 1754 3652 ἡμῶν

182 3639 249 3694 τὰ
287 3643 523 3715 σώματα
552 3651 722 3704 ταῦτα
755 3655 1054 3728 ἀνώλεθρα.
1083 3663 1209 3717 Νόει
1237 3667 1343 3738 γάρ
1391 3687 1479 3738 μοι
1503 3672 1593 3724 τὸν
1621 3639 1753 3727 δεον

184 3731 278 3797 τὰς
313 3735 409 3805 μὲν
445 3737 527 3800 ὡς
555 3739 661 3793 ἀπὸ
690 3744 888 3813 χρυσοῦ
914 3731 1421 3824 κατεσκευασμένας
1453 3759 1592 3830 ἔχειν
1619 3764 1754 3817 εἰκό-

183 3840 276 3886 νας
299 3826 490 3880 ἑαυτοῦ
523 3830 630 3883 ἀπὸ
663 3833 762 3902 τῆς
803 3842 1174 3912 πνευματικῆς
1222 3826 1611 3924 καθαρωτέρας
1657 3856 1749 3909 οὑ-

182 3912 316 3978 σίας,
342 3912 451 3970 οἷον
482 3921 613 3983 τοὺς
638 3923 896 3992 ἀγγέλους
919 3945 932 3958 ο
967 3930 1065 3994 τὰς
1089 3933 1144 3985 δὲ
1169 3912 1492 4007 ὦσπεράπὸ
1511 3912 1686 4013 γύξλιου
1714 3947 1745 4018 ἢ

179 4006 398 4106 χμλκοῢ,
431 4007 551 4064 οἷον
579 4015 746 4083 ἡμᾶς.
784 4017 871 4088 Τῷ
903 4021 1072 4093 γηΐνῳ
1097 4024 1205 4097 γὰρ
1243 4006 1341 4098 τὴν
1371 4006 1545 4104 ψυχὴν
1572 4006 1746 4106 ήνωσέ

175 4090 272 4162 τὴν
300 4098 418 4148 κατ’
449 4099 643 4152 εἰκόνα
695 4101 826 4157 Θεοῦ
876 4090 1262 4186 γεγενημένην.
1283 4090 1394 4182 Ὦς-
1571 4090 1748 4190 πάσας

174 4182 408 4282 ἐνταῦθα..
429 4189 529 4243 τοῦ
562 4190 824 4260 βασιλέως
849 4200 947 4262 τὰς
986 4182 1208 4269 εἰκόνας*
1225 4212 1482 4280 τιμᾶσθαι
1511 4217 1614 4288 χρὴ
1660 4182 1746 4272 διά

171 4276 268 4347 τὴν
299 4278 356 4371 ὲν
384 4268 584 4346 ἀὺταῖς
619 4287 849 4359 μορφὴν,
880 4292 1019 4346 οὕτω
1045 4295 1106 4367 δή
1135 4268 1224 4351 καὶ
1252 4268 1396 4371 ἡμᾶς
1435 4268 1744 4364 ἀνένδεκτόν

172 4367 286 4421 ὲστι
317 4370 449 4425 Θεοῦ
478 4377 700 4438 εἰκόνας
721 4382 1059 4455 ὑπάρχοντας
1084 4392 1217 4462 πρὸς
1237 4367 1507 4451 ἀπώλειαν
1530 4400 1606 4465 ὡς
1634 4404 1744 4473 ἡτι-

176 4459 456 4528 μωμένους
498 4468 747 4539 χωρῆσαι
786 4459 1208 4550 παντελῆ.”οθεν
1237 4486 1328 4537 καὶ
1360 4459 1624 4560 κατῆλθεν
1658 4459 1740 4560 εἰς
1771 4509 1814 4564 Ῑ)

172 4549 272 4650 τὴν
310 4554 426 4606 καθ’
451 4559 480 4627 ή
489 4562 598 4628 μᾶς
627 4563 946 4638 οἰκουμένην
971 4549 1214 4641 όνΛόγος,
1238 4577 1330 4630 καὶ
1355 4549 1639 4656 ἐσαρυκὼθη
1672 4549 1736 4639 ἐκ

172 4640 267 4692 τοῦ
301 4643 542 4712 σώματος
577 4652 751 4721 ἡμῶν,
775 4656 921 4722 ὅπως
952 4662 1030 4723 εἰς
1062 4663 1121 4715 τὸ
1156 4663 1612 4744 θεοπρεπέστερον
1640 4675 1736 4745 τὴν

173 4732 359 4787 εἰκόνα
385 4737 766 4808 ἐπισκευάσας,
802 4748 1048 4822 καθάπερ
1072 4755 1174 4808 ὑπὸ
1203 4732 1391 4828 χρόνου
1421 4732 1736 4837 διαλελυμέο

176 4837 293 4930 νην,
323 4824 594 4901 ἀναστήσῃ
626 4833 922 4909 ἀνώλεθρον
974 4844 1082 4896 Καὶ
1105 4824 1353 4921 γοῦν-τὴν
1379 4854 1470 4906 ἐπὶ
1496 4856 1588 4908 τοῦ
1612 4824 1737 4930 τέρο-

177 4913 345 4980 φήτου
394 4925 775 4990 μυστηριωδῶς
825 4943 1388 5013 πεπραγματευμένην
1425 4948 1732 5022 οἰκονομίαν

177 5000 326 5022 ἒμὶᾼ⁶
356 5021 386 5022 γε
515 5011 535 5022 ’¹
802 5019 812 5022 ⁸
951 5021 958 5022 ί

323 5002 326 5005 Ι
941 5000 950 5002 _
1021 5000 1029 5002 .
1049 5000 1059 5006 .
1223 5000 1235 5010 ι
1346 5000 1356 5013 I
1501 5000 1506 5002 '
1551 5000 1557 5002 ⁷
1580 5000 1699 5022 ’δ’”“’”
1714 5000 1724 5005 ⁷

171 5000 474 5071 δηλοῦντες,
511 5011 723 5067 ἅπαντα
767 5019 846 5080 εἰς
881 5021 1037 5076 τοῦτο
1063 5026 1361 5095 ἀναφανδὸν
1394 5037 1731 5092 συντείνοντα

172 5091 404 5164 εὕρομεν
431 5099 521 5153 τὸν
554 5102 724 5172 λόγον.

263 5427 307 5458 ⁸⁸
330 5426 455 5484 Gen.
486 5449 568 5496 Ill,
599 5437 686 5492 19.

169 5627 330 5688 αλιι.

1860 3196 2035 3252 tribus
2063 3197 2254 3255 diebus
2271 3206 2322 3254 et
2339 3201 2510 3256 tribus
2539 3204 2792 3261 noctibus
2815 3207 2868 3262 in
2898 3219 3083 3266 ventre
3103 3215 3206 3268 ceti
3232 3223 3413 3271 trans-

1858 3289 2018 3353 actis,
2064 3306 2173 3345 non
2217 3299 2300 3346 cst
2328 3302 2639 3364 corruptus,
2665 3305 2757 3352 aut
2785 3299 3266 3375 ejus'consumptze
3294 3325 3414 3364 car-

1858 3393 1990 3444 nes;
2025 3379 2104 3432 uti
2137 3389 2362 3436 caeteros
2416 3382 2568 3437 cibos
2595 3385 2653 3439 in
2694 3394 2937 3442 ventrem
2983 3392 3089 3445 ceti
3139 3393 3413 3453 immissos

1856 3469 2090 3523 naturali
2137 3474 2486 3542 corruptione
2529 3479 2800 3532 consumit
2848 3481 3152 3553 digeritque
3214 3486 3408 3544 bellum

1855 3558 2079 3612 marinae
2107 3562 2318 3615 auctior
2342 3564 2555 3618 nativus
2586 3567 2769 3621 calor:
2793 3570 2859 3623 ad
2891 3571 3273 3630 declarandum
3297 3577 3411 3634 ﬁeri

1853 3663 2036 3717 posse,
2069 3659 2126 3703 ut
2157 3659 2208 3706 et
2239 3663 2424 3708 nostra
2456 3655 2567 3710 haec
2587 3671 2816 3727 corpora
2847 3664 3128 3731 superiora
3157 3665 3407 3730 evadant,

1852 3756 2014 3810 quam
2047 3752 2105 3798 ut
2137 3761 2372 3815 unquam
2408 3748 2694 3805 intereant.
2724 3751 2910 3822 Cogita
2941 3755 3107 3820 enim,
3139 3757 3302 3814 Deum
3334 3762 3409 3815 di-

1852 3849 2036 3892 versas
2077 3838 2161 3892 sui
2192 3837 2392 3894 habere
2421 3840 2702 3912 imagines,
2739 3845 2874 3900 alias
2902 3847 3116 3917 quidem
3145 3853 3310 3907 veluti
3339 3870 3402 3910 ex

1851 3940 1986 3981 auro
2015 3928 2327 3996 fabricatas,
2361 3947 2482 4001 quae
2508 3933 2718 3988 scilicet
2746 3951 2810 3990 ex
2843 3939 3072 4008 spiritali
3103 3955 3166 3996 ac
3198 3944 3404 4012 puriori

1851 4018 2152 4073 substantia
2185 4023 2510 4089 consistant,
2557 4025 2634 4078 uti
2680 4029 2936 4098 angelos:
2981 4032 3115 4087 alias
3161 4050 3289 4089 vero
3335 4052 3399 4091 ex

1846 4122 2014 4178 gypso
2041 4111 2123 4165 vel
2150 4126 2277 4176 aere,
2316 4115 2392 4168 uti
2427 4114 2690 4171 homines.
2721 4119 2970 4174 Animam
3001 4123 3143 4177 enim
3174 4141 3293 4194 quae
3333 4127 3402 4181 ad

1844 4197 1939 4254 Dei
1973 4201 2259 4272 imaginem
2293 4207 2508 4262 condita
2555 4212 2645 4276 sit,
2681 4219 2907 4268 terrente
2946 4216 3262 4273 substantia:
3307 4237 3401 4275 co-

1844 4292 2067 4360 pulavit.
2096 4294 2172 4367 (7)
2198 4295 2349 4351 Sicut
2386 4299 2550 4368 igitur
2577 4301 2663 4356 hic
2696 4307 2835 4373 regis
2881 4321 3071 4362 omnes
3111 4309 3396 4380 imagines,

1844 4393 2068 4454 propter
2115 4386 2234 4456 ejus
2258 4405 2362 4459 qua
2413 4400 2540 4446 sunt
2571 4393 2840 4466 insignitae
2861 4397 3108 4468 efﬁgiem,
3139 4401 3192 4454 in
3225 4404 3398 4472 pretio

1845 4487 1971 4531 sunt
2019 4493 2083 4532 ac
2131 4479 2390 4536 honorem
2438 4483 2664 4553 habent;
2710 4488 2784 4542 ita
2838 4491 3058 4546 minime
3098 4494 3396 4562 putandum

1843 4576 1946 4634 est,
1979 4586 2080 4625 nos
2107 4573 2200 4643 qui
2229 4572 2324 4630 Dei
2356 4575 2530 4648 imago
2563 4594 2751 4636 sumus
2781 4597 2845 4636 eo
2867 4599 3039 4653 usque
3068 4585 3404 4642 inhonorati-

1840 4659 1940 4716 dos
1969 4678 2109 4728 esse,
2145 4672 2202 4719 ut
2231 4666 2448 4736 penitus
2472 4669 2642 4726 simus
2664 4672 2931 4728 abolendi.
2956 4675 3220 4740 Quocirca
3239 4679 3397 4732 etiam

1843 4760 2123 4815 descendit
2157 4758 2389 4815 Verbum
2414 4764 2467 4816 in
2497 4771 2743 4818 nostrum
2776 4765 2920 4821 hunc
2957 4767 3165 4831 orbem,
3200 4785 3261 4822 ac
3297 4770 3396 4824 hu-

1841 4866 2054 4905 manam
2091 4866 2310 4907 carnem
2342 4857 2657 4924 assumpsit,
2699 4863 2757 4909 ut
2800 4855 3059 4912 divinitus
3110 4857 3396 4929 imaginem

1838 4957 2190 5013 componens,
2228 4953 2481 5015 tanquam
2531 4955 2773 5016 tempore
2828 4947 3170 5015 dissolutam,
3214 4951 3398 5005 incor-

1837 5040 2050 5095 ruptam
2076 5034 2244 5097 illam,
2285 5043 2545 5106 extraque
2583 5053 2798 5094 omnem
2833 5040 3084 5096 interitus
3116 5041 3286 5096 aleam
3312 5059 3397 5096 re-

1839 5125 2150 5178 suscitaret.
2176 5124 2256 5180 Ae
2285 5141 2416 5181 sane
2448 5128 2708 5199 quidquid
2737 5131 2965 5201 mystica
2993 5129 3395 5200 dispensatione

1839 5215 1893 5267 in
1923 5216 2183 5285 propheta
2209 5225 2418 5286 gestum
2455 5227 2556 5284 est,
2600 5223 2647 5276 si
2681 5222 2910 5277 velimus
2952 5235 3242 5290 exponere,
3286 5222 3391 5274 huc

1818 5306 2122 5376 manifeste
2153 5309 2444 5364 collineare
2471 5311 2826 5368 inveniemus.

239 5558 314 5684 (L'ZL)
345 5562 468 5620 Hanc
497 5569 748 5624 conferas
777 5573 935 5629 velim
969 5591 1091 5630 cum
1119 5593 1369 5653 excerpto
1399 5600 1460 5640 ex
1494 5586 1723 5646 5.1mm.
1752 5593 2027 5672 Damasc.,
2060 5615 2196 5662 orat.
2217 5610 2251 5664 5
2284 5611 2356 5665 De
2379 5613 2536 5684 imag.
2570 5617 2822 5684 superius
2881 5613 3048 5668 relato
3093 5610 3199 5664 col.
3253 5606 3382 5670 289.

1710 5759 1850 5793 “A—

365 5840 629 5907 PATBOL.
663 5851 777 5912 Gn.
816 5852 867 5913 Χ
882 5851 1042 5914 Vill.

2993 5886 3060 5944 11
