3962 6278
167 381 285 436 333
1416 380 1510 434 EX
1547 380 1754 436 LIBBO
1792 379 1880 434 DE
1920 378 2238 436 CREATIS.
3353 385 3456 439 354

167 519 330 571 ρων,
371 503 454 568 ὼς
505 506 748 578 ὲρῤήθη”
783 507 817 577 ἢ
865 507 1071 570 τούτου,
1103 507 1178 568 ὡς
1217 505 1432 578 ἐλέχθη,
1475 509 1786 580 νοουμένου,

1898 506 2021 576 cipi,
2048 515 2108 559 ut
2133 505 2337 559 dictum
2383 510 2504 561 est:
2540 511 2631 559 aut
2663 504 2767 558 hoc
2799 505 2870 560 ita
2917 513 3137 576 accepto
3167 513 3228 560 ut
3266 516 3350 562 est
3375 508 3463 562 di-

171 597 411 668 ἀνάγκη
470 601 633 669 ἡμᾶς
682 599 880 667 λέγειν,
913 599 988 661 ὡς
1029 598 1205 651 οὐδενὶ
1240 597 1348 650 τῶν
1391 599 1652 663 ἀπίστων,
1699 599 1792 663 οὓς

1898 607 2067 662 ctum,
2107 613 2448 667 consequens
2487 596 2546 650 fit
2580 604 2640 651 ut
2670 597 2950 662 dicamus,
2992 599 3124 652 nulli
3161 598 3463 655 infidelium

173 686 401 759 χοίροις
433 691 843 761 ἀπεικάζομεν,
875 690 938 741 ὲκ
989 687 1094 741 τῶν
1129 689 1498 743 ἀποστολικῶν
1525 689 1789 759 515mm—

1898 706 2036 761 quos
2059 691 2240 760 porcis
2268 704 2668 760 comparamus,
2698 705 2794 759 per
2825 692 3120 759 apostolica
3140 691 3466 746 documenta

174 797 319 846 των,
365 783 739 856 μαργαριτῶν
764 784 919 854 δίκην
946 782 1043 846 τὰς
1067 780 1244 852 ψυχὰς
1274 780 1792 852 καταυγαζόντων,ή

1898 798 2017 852 quae
2046 783 2257 836 animas
2298 781 2471 835 instar
2503 782 2916 852 margaritarum
2953 783 3281 847 illuminant,
3306 783 3464 837 fidem

179 874 270 936 cl;
303 875 560 946 Χριστὸν
594 877 792 939 πίστις,
843 874 1005 944 καὶὴ
1051 873 1147 943 τῆς
1203 872 1452 936 ἀσεϐείας
1514 872 1793 944 ἐλευθερία

1899 878 1953 930 in
1980 874 2254 929 Christum
2282 883 2336 928 et
2357 874 2720 944 abimpietate
2749 876 3054 929 libertatem
3083 883 3293 944 partam
3320 891 3462 929 esse.

181 964 529 1038 γεγένηται.
572 967 896 1037 Βλάσφημον
927 965 983 1018 δὲ
1006 965 1180 1017 τοῦτο.
1216 963 1461 1035 Ούκ⁶ἇρα
1485 964 1565 1017 δεῖ
1585 981 1796 1036 μαργα-

193 1055 362 1127 ρίτας
402 1058 510 1129 μὲν
563 1059 632 1113 τὰ
685 1057 1059 1130 μυστικώτερα
1083 1055 1189 1111 τῶν
1221 1055 1554 1126 μαθημάτων
1588 1055 1794 1126 ἐκλαμο

193 1149 394 1204 ϐἁνειν
431 1149 696 1215 ἐνταῦθα,
727 1150 939 1222 χοίρους
987 1150 1043 1203 δὲ
1091 1150 1215 1212 τοὺς
1269 1149 1513 1211 ἀσεϐεῖς·
1563 1148 1682 1201 οὐδὲ
1712 1147 1794 1211 τὸ,

191 1241 300 1310 Μὴ
326 1242 579 1313 βάλητε
604 1245 743 1310 τοὺς
755 1245 1120 1314 μαργαρίτας
1136 1243 1655 1314 ὐμῶνέὲμπροσθεν
1681 1241 1798 1295 τῶν

196 1337 460 1406 χοίρων,
517 1339 600 1402 εἰς
648 1338 728 1406 τὸ,
753 1337 826 1408 μὴ
863 1335 1236 1408 παραϐάλλετε
1279 1338 1390 1398 τοῖς
1433 1335 1651 1388 ἀσεϐέσι
1703 1334 1797 1387 καὶ.

199 1428 473 1493 ἀπίστοις
507 1431 578 1484 τὰ
608 1429 840 1500 μυστικὰ
865 1430 960 1482 καὶ
991 1428 1296 1482 τελειοποιὰ
1334 1427 1432 1497 τῆς
1458 1430 1536 1490 είς
1567 1425 1795 1497 Χριστὸν

201 1519 458 1585 πίστεως
490 1520 1276 1591 διδάγματα,παραλαμϐάνειν
1299 1536 1311 1548 ·
1354 1517 1488 1572 ἀλλὰ
1531 1516 1800 1587 μαργαρί-

201 1625 311 1672 τας
365 1610 468 1679 μὲν
501 1611 600 1672 τὰς
632 1608 831 1680 ἀρετὰς
861 1607 1172 1678 ἐκδέχεσθαι
1202 1607 1328 1678 χρὴ,
1364 1601 1452 1668 αἷς
1479 1604 1666 1676 ὥσπερ
1697 1621 1796 1656 πο-

204 1700 466 1772 λυτίμοις
500 1702 862 1773 μαργαρίταις
887 1703 920 1771 ἡ
947 1701 1091 1772 ψυχὴ
1117 1697 1539 1772 καθωραῖζεται·
1586 1698 1660 1769 μὴ
1696 1713 1800 1749 πα-

210 1793 476 1866 ραϐαλεῖν
509 1793 568 1846 δὲ
598 1794 796 1857 αὐτοὺς
827 1795 938 1856 τοῖς
966 1791 1184 1864 χοίροις,
1219 1790 1484 1852 τουτέστι,
1524 1788 1596 1860 μὴ
1624 1805 1800 1859 παρα-

206 1862 398 1939 ϐαλεῖν
434 1885 610 1949 αὑτὰς
642 1884 740 1949 τὰς
772 1884 990 1956 ἀρετὰς,
1015 1862 1123 1936 οἷον
1142 1882 1381 1952 ἁγνείαν,
1405 1883 1498 1934 καὶ
1526 1878 1799 1949 σωφροσύ-

202 1994 328 2047 νην,
347 1979 449 2030 καὶ
478 1976 846 2047 δικαιοσύνην,
877 1977 970 2028 καὶ
989 1974 1263 2046 ἀλήθειαν,
1292 1971 1495 2034 ταύτας
1512 1972 1574 2041 δὴ
1605 1972 1676 2042 μὴ
1696 1987 1800 2024 πα-

207 2069 476 2140 ραϐαλεῖν
505 2072 623 2132 ταῖς
647 2067 956 2140 μαχλιῦσαις
974 2067 1187 2138 ἡδοναῖς
1225 2066 1450 2138 (χοίροις
1479 2065 1588 2136 γὰρ
1622 2065 1801 2118 ἐοίκα-

203 2177 294 2213 σιν
329 2155 548 2228 αὖται),
580 2161 671 2214 ἵνα
705 2160 798 2232 μὴ,
825 2161 922 2223 τὰς
951 2159 1151 2231 ἀρετάς
1177 2154 1335 2213 αὗται
1369 2157 1797 2226 καταφαγοῦσαι,

202 2251 451 2324 χοιρώδη
485 2251 596 2321 βίον
632 2254 726 2306 καὶ
754 2251 1037 2323 πολυπαθῆ
1069 2251 1164 2323 τὴν
1190 2250 1366 2322 ψυχὴν
1401 2249 1664 2321 βιοτεύειν
1695 2266 1801 2304 πα-

206 2343 666 2413 ρασκευάσωσιν.

281 2433 365 2486 B'.
403 2434 532 2488 Ὅτι
567 2437 595 2486 ό
632 2433 943 2506 Ὠριγένης,
978 2435 1038 2490 ὃν
1084 2434 1378 2505 κένταυρον
1425 2432 1612 2500 καλεῖ,
1647 2431 1800 2502 ἔλεγε

210 2523 499 2577 ωναῖδιον
535 2521 674 2578 εἶναι
714 2527 790 2597 τῷ
837 2528 979 2597 μόνῳ
1022 2527 1170 2598 σοφῴ
1216 2527 1310 2579 καὶ
1350 2526 1640 2595 ἀπροσδεεῖ
1683 2525 1800 2598 Θεῷ

209 2614 278 2666 τὸ
305 2617 443 2670 πᾶν.
479 2617 725 2687 Ἔφασκε
759 2619 886 2688 γάρ’
920 2619 994 2670 Ἐἰ
1027 2597 1126 2672 οὐκ
1147 2597 1274 2671 ἔστι
1306 2619 1634 2690 δημιουργὸς
1674 2597 1799 2672 ἄνευ

204 2704 746 2779 δημιουργημάτων,
778 2710 810 2779 ἢ
849 2711 1075 2781 ποιητὴς
1124 2711 1252 2766 ἄνευ
1295 2710 1646 2780 ποιημάτων,
1681 2709 1800 2763 οὐδὲ

204 2801 627 2872 παντοκράτωρ
665 2801 790 2855 ἄνευ
832 2801 941 2855 τῶν
986 2803 1386 2873 κρατουμένωνο
1432 2801 1522 2854 τὸν
1570 2800 1676 2873 γὰρ
1703 2801 1798 2871 δη-

211 2890 489 2963 μιουργὸν
530 2893 618 2945 διὰ
653 2893 719 2947 τὰ
771 2893 1230 2966 δημιουργήματα
1279 2893 1527 2964 ἀνάγκη,
1574 2895 1665 2946 καὶ
1707 2893 1798 2946 τὸν

215 2987 460 3055 ποιητὴν
489 2985 574 3039 διὰ
599 2985 668 3039 τά
691 2987 992 3056 ποιήματα,
1025 2988 1118 3040 καὶ⁴
1143 2986 1234 3039 τὸν
1264 2987 1672 3058 παντοκράτορα
1710 2985 1797 3040 διὰ

213 3077 287 3132 τὰ
337 3077 682 3149 κρατούμενα
733 3076 1019 3144 λέγεσθαισ
1071 3077 1282 3148 ἀνάγκη
1323 3076 1380 3145 ἐξ
1431 3077 1603 3149 ἀρχῆς
1658 3077 1798 3132 αὐτά

216 3165 327 3217 ὑπὸ
357 3165 452 3217 τοῦ
483 3164 616 3218 Θεοῦ
653 3165 996 3236 γεγενῆσθαι,
1032 3169 1126 3220 καὶ
1161 3167 1234 3238 μὴ
1278 3163 1416 3221 εἶναι
1459 3169 1667 3241 χρόνον,
1703 3169 1792 3222 ὅτε
1820 3205 1862 3262 C

212 3257 319 3310 οὐκ
365 3253 436 3328 ἦν
487 3258 676 3312 ταῦτα.
723 3258 784 3311 Εἰ
819 3257 926 3328 γὰρ
975 3254 1042 3329 ἦν
1090 3258 1299 3330 χρόνος,
1350 3260 1438 3313 ὅτε
1483 3261 1583 3312 οὐκ
1628 3255 1696 3330 ἦν
1724 3259 1794 3313 τὰ

210 3350 525 3420 ποιήματα,
558 3351 677 3403 ἐπεὶ¹
704 3351 811 3404 τῶν
837 3351 1152 3421 ποιημάτων
1190 3351 1263 3420 μὴ
1295 3349 1480 3415 ὅντων,
1505 3349 1625 3403 ούδὲ
1645 3367 1797 3420 ποιη-

206 3441 314 3510 τὴς
349 3445 524 3506 ἐστιν,
563 3443 664 3514 ὅρα
693 3438 802 3495 οἷον
834 3443 1027 3506 ἀσεϐὲς
1060 3442 1361 3496 ἀκολουθεῖ.
1399 3442 1558 3496 Ἀλλὰ
1580 3443 1675 3496 καὶ
1699 3441 1794 3495 ἀλ-

203 3526 494 3587 λοιοῦσθαι
535 3535 627 3586 καὶ
671 3533 1025 3604 μεταϐάλλειν
1056 3535 1146 3587 τὸν
1191 3535 1460 3606 ἄτρεπτον
1511 3534 1604 3587 καὶ
1635 3534 1798 3588 ἀναλ-

203 3620 440 3676 λοίωτον
465 3626 804 3695 συμϐήσεται
839 3625 990 3678 Θεόν.
1019 3627 1081 3678 El
1120 3626 1227 3698 γάρ
1269 3626 1493 3698 ὕστερον
1529 3625 1794 3696 πεποίηκε

201 3713 266 3766 τὸ
307 3716 448 3778 πᾶν,
493 3714 649 3782 δῆλον
686 3715 768 3766 ὅτι
805 3715 913 3768 ἀπὸ
945 3714 1038 3767 τοῦ
1073 3716 1146 3786 μὴ
1190 3719 1360 3768 ποιεῖν
1403 3718 1483 3780 εἰς
1516 3717 1576 3770 τὸ
1623 3720 1794 3771 ποιεῖν

206 3805 510 3876 μετέϐαλε.
543 3804 712 3858 Τοῦτο
744 3807 800 3859 δὲ
827 3807 1022 3860 ἄτοπον
1055 3807 1191 3876 μετὰ
1215 3807 1323 3859 τῶν
1345 3809 1666 3880 εἰρημένων·
1697 3810 1796 3862 οὐκ

205 3898 317 3971 ἄρα
350 3896 581 3949 δυνατὸν
627 3897 826 3964 λέγειν,
861 3898 935 3969 μὴ
979 3895 1115 3950 εἶναι
1144 3900 1375 3969 ἄναρχον
1410 3900 1502 3952 καὶ
1530 3900 1794 3954 συναῖδιον

202 3987 285 4060 τῷ
311 3986 442 4058 Θεῷ
473 3987 532 4040 τὸ
555 3989 682 4041 πᾶν.
715 3989 858 4060 Πρὸς
901 3990 960 4042 ὃν
1002 4007 1133 4059 φησι
1181 3989 1247 4042 δι’
1281 3991 1465 4060 ἐτέρου
1503 3990 1792 4062 προσώπου

203 4082 462 4149 ὁ⁹Ἀγιος
508 4079 746 4151 ὲρωτῶψ
776 4075 922 4152 τΑρά
966 4098 1028 4150 γε
1078 4082 1269 4150 σοφίας
1321 4084 1414 4136 καὶ
1465 4083 1653 4154 δόξης,
1701 4086 1794 4138 καὶ

207 4173 524 4244 συλλήϐδην
573 4173 752 4243 πάσης
783 4175 981 4245 ἀρετῆς
1027 4175 1198 4246 ἀρχὴν
1232 4177 1326 4228 καὶ
1374 4175 1558 4247 πηγὴν
1604 4177 1794 4228 ούσιω-

199 4262 342 4327 δῶς,
371 4264 506 4318 ἀλλὰ
539 4265 611 4334 μὴ
655 4265 963 4334 ὲπικτήτως
994 4267 1097 4336 ἡγῇ
1142 4266 1232 4318 τὸν
1260 4265 1424 4330 Θεόν;
1469 4267 1526 4317 '0
1551 4266 1628 4318 δέ·
1665 4266 1791 4320 Ναί.

201 4353 270 4406 Τί
331 4354 387 4406 δὲ
435 4353 570 4424 πρὸς
601 4354 846 4417 τούτοις;
880 4355 1014 4424 Οὐχὶ
1055 4355 1256 4419 τέλειος
1293 4357 1466 4426 πάντη
1501 4357 1566 4409 δι’
1602 4357 1793 4410 ἑαυτὸν

206 4444 304 4497 καὶ
342 4444 672 4514 ἀπροσδεής;
718 4443 933 4516 Ἀληθῆ·
967 4447 1247 4516 ἀμήχανον
1275 4447 1382 4518 γὰρ
1408 4447 1469 4500 τὸ
1497 4447 1792 4518 ἀπροσδεὲς

209 4536 276 4589 δι’
306 4535 493 4606 ἓτερον
537 4531 674 4589 εἶναί
706 4554 760 4589 τι
799 4538 1098 4608 ἀπροσδεές
1163 4537 1512 4612 [ἀμήχανον].
1534 4542 1648 4593 Πᾶν
1681 4540 1790 4613 γὰρ
1823 4581 1868 4634 D

212 4626 279 4679 δι’
323 4626 510 4697 ἕτερον
555 4629 758 4700 πλῆρες
796 4629 875 4692 ὃν,
918 4631 1012 4683 καὶ
1056 4631 1242 4694 ἀτελὲς
1284 4631 1502 4685 λεκτέον
1545 4633 1786 4702 ἀνάγκη.

213 4718 291 4773 Τὸ
314 4718 423 4790 γὰρ
457 4719 586 4772 αύτδ
619 4719 684 4772 δι’
707 4722 865 4774 ἑαυτὸ
893 4721 1085 4774 ἑαυτοῦ
1121 4721 1392 4794 πλήρωμα
1419 4722 1496 4786 ὃν,
1526 4725 1618 4777 καὶ
1655 4725 1786 4777 αὐτὸ

213 4814 277 4868 ἐν
303 4813 480 4884 ἐαυτῷ
512 4813 688 4883 μόνον,
717 4815 918 4868 τέλειον
941 4812 1079 4868 εἶναι
1108 4814 1264 4868 τοῦτο
1297 4818 1452 4885 μόνον
1477 4816 1779 4881 δοξαστέον.

226 4904 593 4976 Ἀληθέστατα
612 4905 810 4975 λέγεις.
843 4907 915 4959 Τὸ
938 4905 993 4959 δὲ
1028 4908 1166 4978 μήτε
1199 4908 1328 4960 αὐτὸ
1350 4907 1415 4960 δι’
1441 4909 1621 4974 ἑαυτὸ,
1649 4911 1784 4982 μήτε

287 5054 398 5127 (10)
432 5053 514 5109 Ne
550 5054 645 5109 has
689 5057 1073 5127 conculcantes.
1121 5055 1246 5125 Leg.
1297 5056 1366 5127 Ain
1407 5054 1507 5127 rGr.
1535 5073 1600 5111 ex
1634 5065 1783 5112 textu

214 5123 420 5195 Evang.
467 5126 897 5180 καταπατοῦσαι.
931 5129 1115 5181 Amica
1166 5123 1249 5181 est
1296 5125 1566 5181 Methodio
1624 5143 1784 5194 para-

214 5197 450 5266 phrasis.
483 5198 603 5266 VV’ox
641 5212 856 5265 quoque
885 5204 1006 5266 apta
1037 5197 1393 5265 metaphora,
1425 5198 1510 5250 cui
1561 5199 1787 5251 mendo-

213 5265 336 5320 ευιη
366 5265 494 5318 illud
526 5268 671 5335 quod
701 5265 1088 5334 repraséntant
1121 5267 1410 5336 impressa,
1435 5268 1784 5336 καταφαγοῦς

214 5353 325 5397 σαι,
359 5337 542 5406 minus
572 5336 841 5406 congruit.

287 5405 415 5478 (il)_
453 5405 564 5460 Nec
590 5405 801 5478 creator
851 5407 960 5478 sine
1002 5417 1268 5470 creatura,
1312 5407 1344 5478 ἦ
1391 5407 1616 5478 ποιητὴς
1656 5409 1784 5462 ἄνευ

210 5476 552 5552 ποιημάτων.
590 5473 646 5531 In
678 5476 843 5531 Deum
872 5477 1088 5538 dicitur,
1127 5486 1184 5530 ut
1228 5489 1280 5552 et
1329 5473 1656 5552 antecedens,
1693 5481 1786 5552 δη-

1901 966 2007 1021 Sed
2053 973 2137 1021 est
2189 965 2569 1035 blasphemum
2597 967 2702 1020 hoc
2743 968 2942 1021 dicere.
2986 965 3129 1036 Ergo
3159 969 3468 1035 margarita:

1897 1061 2002 1114 hoc
2033 1060 2153 1113 loco
2181 1073 2288 1112 non
2315 1066 2445 1114 sunt
2463 1057 2790 1128 accipienda:
2813 1059 3113 1113 sanctiores
3138 1056 3465 1126 disciplinae;

1899 1149 2179 1220 porcique,
2213 1149 2365 1218 impii
2396 1166 2408 1202 :
2436 1164 2611 1218 neque
2642 1149 2770 1202 illud
2802 1165 2814 1199 :
2856 1147 3035 1202 Nolite
3056 1148 3308 1218 projicere
3326 1162 3469 1200 mar-

1899 1243 2102 1310 garitas
2136 1248 2335 1294 vestras
2361 1248 2480 1292 ante
2516 1255 2722 1306 porcos,
2761 1241 2831 1293 ita
2863 1239 3247 1308 explicandum
3273 1247 3376 1303 est,
3407 1245 3469 1291 ut

1899 1333 2183 1401 prohibeat
2216 1331 2441 1400 proponi
2471 1331 2653 1400 impiis
2696 1331 3142 1401 inlidelibusque,
3177 1347 3332 1387 sacra
3376 1331 3468 1385 illa

1897 1430 1951 1477 et
1979 1423 2409 1476 consummativa
2440 1422 2492 1475 in
2517 1421 2790 1477 Christum
2812 1423 3138 1477 documenta
3161 1440 3174 1474 :
3207 1423 3300 1479 sed
3323 1439 3470 1477 mar-

1901 1516 2088 1588 garita:
2120 1515 2324 1570 fuerint
2353 1515 2600 1580 virtutes,
2631 1515 2826 1585 quibus
2849 1516 2997 1570 velut
3028 1517 3336 1586 margaritis
3353 1533 3472 1586 pre-

1901 1609 2060 1664 tiosis
2096 1616 2324 1662 ornatur
2354 1609 2592 1662 animus.
2627 1606 2743 1661 Non
2785 1608 3119 1676 abjiciendas
3162 1615 3342 1662 autem
3373 1623 3468 1663 eas

1900 1701 2118 1769 porcis;
2158 1699 2263 1753 hoc
2302 1707 2407 1762 est,
2455 1714 2563 1753 non
2614 1698 2977 1769 projicicndas
3024 1699 3293 1762 virtutes,
3335 1707 3467 1768 puta

1901 1793 2230 1854 castitatem,
2281 1791 2726 1859 temperantiam,
2778 1790 3084 1859 justitiam,
3143 1791 3462 1857 veritatem,

1900 1882 2192 1951 ejusmodi,
2228 1881 2471 1951 inquam,
2512 1882 2762 1945 virtutes,
2799 1898 2904 1935 non
2929 1883 3263 1950 objiciendas
3289 1884 3468 1954 impu-

1902 1973 1978 2028 ris
2020 1973 2388 2043 voluptatibus
2429 1989 2442 2024 :
2485 1973 2565 2027 ha:
2606 1974 2753 2027 enim
2807 1976 3182 2030 assimilantur
3203 1977 3408 2046 °p0rcis
3447 1994 3464 2032 :

1904 2080 1971 2119 ne
1995 2065 2096 2120 has
2121 2065 2508 2119 conculcantes
2538 2063 2673 2134 (10),
2701 2065 2753 2118 in
2788 2066 2954 2120 vitam
2989 2082 3279 2137 porcorum
3315 2068 3470 2123 simi-

1902 2155 2007 2211 lem
2029 2157 2286 2227 omnique
2322 2156 2572 2211 vitiorum
2601 2169 2796 2227 genere
2827 2159 3064 2228 plenam,
3107 2161 3346 2214 animam
3377 2175 3470 2216 co-

1902 2253 2053 2317 gant.

1971 2424 2037 2482 ﬂ.
2069 2424 2352 2493 Origenes,
2384 2425 2580 2497 inquit,
2605 2442 2766 2497 quem
2792 2434 3113 2483 centaurum
3146 2437 3324 2493 vocat,
3345 2432 3472 2486 uni-

1901 2535 2118 2575 versum
2164 2519 2290 2583 hoc,
2349 2521 2453 2574 soli
2508 2520 2742 2590 sapienti
2777 2521 3090 2591 nulliusque
3122 2522 3301 2593 egenti
3337 2521 3468 2590 Deo,

1900 2617 2226 2664 coseternum
2254 2610 2512 2664 asseruit.
2563 2609 2700 2663 Nam
2728 2611 2840 2665 ait:
2869 2609 3004 2665 Cum
3034 2627 3143 2666 non
3175 2613 3247 2666 sit
3287 2612 3470 2682 opifex
3551 2664 3555 2669 .

1901 2701 2018 2756 sine
2050 2701 2297 2771 opificio,
2319 2716 2418 2756 nec
2452 2709 2666 2757 creator
2691 2703 2808 2757 sine
2839 2711 3087 2758 creatura
3114 2704 3225 2775 (ll)
3246 2746 3264 2772 ,
3294 2722 3472 2777 neque

1901 2792 2225 2847 universalis
2279 2791 2543 2847 Dominus
2596 2793 2712 2847 sine
2752 2792 2994 2862 subjecta
3052 2795 3409 2850 universitate
3453 2815 3468 2851 :

1898 2885 2095 2954 quippe
2133 2899 2360 2939 necesse
2392 2892 2476 2939 est
2519 2895 2578 2939 ut
2613 2884 2792 2953 opifex
2817 2888 2886 2940 ab
2916 2887 3132 2957 Opiﬁcio
3151 2925 3166 2950 ,
3195 2895 3412 2941 creator
3440 2903 3471 2942 a

1898 2985 2148 3030 creatura
2183 3019 2198 3043 ,
2270 2978 2596 3034 universalis
2660 2978 2922 3034 Dominus
2982 2980 3050 3034 ab
3117 2980 3472 3035 universitate

1898 3069 2143 3139 subjecta
2196 3072 2505 3126 nominetur
2542 3091 2553 3127 :
2611 3073 2858 3142 sequitur
2900 3073 3212 3128 necessario
3242 3079 3302 3127 ut
3357 3073 3472 3126 haec

1897 3163 2039 3220 Deus
2070 3179 2099 3217 a
2127 3164 2390 3234 principio
2415 3167 2702 3229 creaverit,
2725 3181 2825 3220 nec
2873 3165 2942 3221 sit
2972 3165 3142 3219 ullum
3172 3173 3386 3234 tempus
3413 3164 3473 3218 in

1895 3273 2004 3327 quo
2039 3257 2129 3310 illa
2154 3272 2266 3311 non
2299 3257 2522 3312 fuerint.
2557 3256 2691 3311 Nam
2725 3257 2770 3313 si
2804 3256 2926 3321 fuit,
2959 3256 3176 3328 quando
3207 3265 3474 3312 creatura:

1895 3362 2003 3401 non
2037 3355 2227 3414 erant;
2261 3363 2384 3402 cum
2419 3350 2688 3404 creaturis
2727 3365 2838 3404 non
2869 3348 3277 3412 exsistentibus,
3295 3363 3472 3418 neque

1895 3439 2058 3494 etiam
2092 3439 2162 3494 sit
2191 3451 2410 3495 creator
2449 3457 2463 3495 :
2495 3441 2620 3496 vide
2664 3449 2866 3511 quanta
2905 3448 3166 3510 sequatur
3193 3440 3468 3509 impietas.

1895 3527 2039 3595 Quin
2067 3540 2120 3584 et
2146 3531 2368 3585 alterari
2403 3531 2710 3600 mutarique
2741 3531 3018 3600 continget
3077 3531 3471 3585 immutabilem

1895 3619 2064 3676 Deum
2099 3637 2164 3676 ac
2215 3622 2610 3678 invariabilem.
2646 3622 2702 3676 Si
2743 3622 2886 3677 enim
2934 3621 3150 3677 tandem
3179 3623 3472 3692 aliquando

1895 3713 2101 3768 creavit
2152 3714 2488 3779 universum,
2526 3713 2670 3768 haud
2731 3713 2916 3777 dubie,
2970 3728 3000 3766 a
3051 3728 3159 3767 non
3210 3715 3466 3777 creando,

1895 3813 2138 3859 mutatus
2169 3805 2422 3859 transivit
2451 3806 2517 3860 ad
2554 3805 2870 3859 creandum.
2903 3804 3017 3860 Hoc
3057 3812 3235 3860 autem
3278 3806 3471 3859 absur-

1895 3893 2023 3948 dum
2056 3900 2160 3958 est,
2196 3905 2254 3948 ut
2285 3902 2340 3947 et
2372 3911 2480 3965 quo
2539 3895 2799 3961 infertur;
2839 3909 2943 3949 non
2979 3909 3110 3965 ergo
3150 3895 3258 3949 dici
3290 3904 3470 3965 potest

1894 4003 2004 4041 non
2033 4003 2155 4042 esse
2184 3989 2253 4042 ab
2285 3997 2489 4042 aeterno
2521 4004 2704 4043 rerum
2760 3989 3203 4052 universitatem,
3249 4004 3312 4043 ac
3361 3989 3469 4043 Deo

1895 4090 2240 4134 coaeternam.
2273 4081 2352 4136 Ad
2394 4097 2557 4152 quem
2589 4080 2844 4149 Sanctus,
2878 4097 2945 4136 ex
2976 4082 3200 4136 alterius
3234 4098 3469 4153 persona

1895 4174 2241 4244 interrogans
2276 4194 2289 4227 :
2322 4173 2515 4229 Nonne
2558 4172 2751 4239 Deum,
2788 4173 3116 4244 principium
3162 4175 3466 4239 existimas.

1897 4265 2214 4336 fontemque
2237 4267 2518 4336 sapientia:
2547 4282 2610 4321 ac
2639 4267 2843 4338 gloriae,
2875 4269 3066 4330 verbo,
3095 4268 3314 4321 virtutis
3341 4269 3469 4322 uui-

1895 4371 2086 4419 versaa,
2112 4355 2541 4411 substantialiter
2560 4363 2614 4411 et
2646 4372 2753 4411 non
2782 4357 3053 4413 ascititie?
3074 4357 3236 4425 Sane,
3271 4360 3464 4429 inquit.

1895 4447 2037 4513 Quid
2091 4462 2220 4502 vero
2253 4448 2547 4516 printerea?
2575 4447 2762 4504 Nonne
2795 4450 3022 4504 omnino
3056 4465 3085 4503 a
3109 4467 3168 4506 se
3197 4451 3468 4520 perfectus

1897 4549 2001 4605 est,
2044 4555 2107 4594 ac
2138 4541 2343 4595 nullius
2385 4541 2668 4611 indigens?
2695 4543 2776 4594 Ita
2805 4550 2924 4598 est:
2959 4541 3295 4612 impossibile
3321 4542 3469 4597 enim

1895 4641 1998 4696 est,
2035 4641 2095 4686 ut
2127 4633 2272 4702 quod
2304 4632 2508 4687 nullius
2541 4632 2766 4702 indiget,
2801 4635 2867 4688 ab
2893 4635 3076 4704 aliquo
3099 4635 3206 4687 alio
3233 4649 3341 4688 non
3384 4634 3470 4687 iu-

1895 4724 2191 4795 digentiam
2220 4725 2486 4793 ejusmodi
2514 4723 2722 4781 habeat.
2768 4725 2902 4780 Nam
2955 4726 3219 4797 quidquid
3249 4727 3316 4781 ab
3359 4727 3469 4782 alio

1894 4816 2112 4885 plenum
2163 4823 2247 4870 est
2293 4824 2348 4870 et
2387 4815 2710 4886 perfectum,
2766 4817 2942 4887 ipsum
2998 4834 3214 4888 quoque
3270 4821 3468 4888 imper-

1894 4906 2094 4964 fectum
2135 4909 2242 4963 dici
2294 4923 2518 4964 necesse
2570 4919 2671 4964 est.
2733 4908 2919 4966 Solum
2971 4911 3276 4981 siquidem,
3321 4911 3466 4982 quod

1892 5058 1970 5114 dit
1991 5056 2240 5112 Justinus
2271 5056 2479 5128 Martyr
2506 5057 2582 5128 (a)
2614 5073 2627 5108 :
2655 5067 2712 5112 ut
2763 5057 2849 5112 ille
2881 5059 3085 5113 nullius
3132 5060 3357 5114 alterius
3389 5059 3464 5113 in-

1893 5131 2102 5198 digens,
2138 5143 2204 5181 ex
2240 5143 2337 5181 sua
2384 5127 2554 5196 ipsius
2591 5128 2791 5183 virtute
2841 5137 2894 5182 et
2943 5131 3182 5198 potentia
3209 5145 3345 5199 Optts
3384 5129 3465 5182 fa~

1894 5202 2035 5264 ciat;
2071 5200 2164 5270 hi_c_
2186 5206 2365 5252 autem
2390 5237 2404 5260 ,
2457 5207 2740 5253 mutuatus
2771 5215 2801 5252 a
2850 5203 3074 5270 materia
3121 5202 3323 5270 opiticii
3354 5201 3465 5252 vir-

1896 5277 2086 5322 tutem.
2122 5267 2235 5322 Hoc
2257 5283 2418 5340 porro
2444 5279 2821 5340 argumentum
2840 5267 3249 5340 Origenianum,
3281 5270 3466 5324 Achil-

1896 5340 1975 5394 les
1999 5347 2082 5392 est
2113 5340 2273 5392 etiam
2300 5337 2598 5402 Aristoteli,
2628 5341 2694 5393 ad
2725 5337 2968 5395 eamdem
2999 5342 3185 5394 mundi
3214 5349 3264 5393 et
3282 5348 3465 5394 motus

1891 5411 2680 5481 aeternitatemastruendam;
2736 5411 2913 5481 ipsum
2975 5411 3130 5481 valde
3187 5410 3464 5481 inﬁrmum

1893 5496 1993 5535 nec
2050 5481 2184 5535 satis
2237 5479 2458 5549 dignum
2513 5482 2643 5534 tanti
2687 5479 2926 5536 nominis
2980 5479 3327 5549 philosopho,
3371 5479 3463 5535 cui

212 5547 493 5622 μιουρχὸλς,
525 5562 588 5602 ac
615 5563 956 5622 consequens
992 5549 1380 5622 παντοκράτωρ
1409 5568 1420 5601 :
1449 5564 1616 5622 quare
1649 5547 1783 5618 ieju-

1898 5551 2032 5606 Deus
2064 5553 2142 5605 sic
2161 5547 2422 5622 ὲμπαθῶς
2456 5560 2599 5622 agat.
2631 5553 2806 5605 Aliter
2832 5548 3221 5622 Christianiet
3239 5547 3462 5622 dignius

211 5616 338 5670 nius
365 5616 646 5693 S_chot_tu_s,
678 5627 830 5682 poeta
859 5619 970 5693 sine
1001 5616 1281 5693 pognatis.
1307 5616 1608 5693 Discrimen
1641 5616 1781 5676 inter
1885 5617 1997 5675 Deo
2023 5622 2104 5689 (ut
2129 5616 2213 5676 est
2243 5622 2358 5677 sola
2391 5616 2516 5677 Deoﬂ
2542 5621 2707 5693 digna
2739 5619 3049 5676 Christiana
3074 5616 3283 5687 religio)
3317 5617 3464 5675 didi-

213 5688 440 5758 ποιητὴν
465 5690 558 5742 καὶ
582 5688 911 5759 δημιουργόν
931 5727 944 5750 ,
980 5705 1044 5742 ex
1076 5686 1316 5744 Platonis
1351 5689 1642 5754 sententia,
1671 5701 1782 5744 tra-

1898 5686 2081 5747 :imus.

275 5802 344 5872 (a)
371 5803 527 5872 Loc_u_s
548 5801 978 5872 Justini__Ma_rtyrjs
998 5805 1060 5872 ad
1084 5819 1235 5872 quem
1256 5807 1334 5872 hic
1354 5807 1558 5872 respicit
1580 5805 1922 5872 Combeﬁsius,
1948 5815 2119 5872 exstat
2159 5811 2210 5860 in
2253 5808 2449 5863 Cohort.
2487 5809 2552 5859 ad
2586 5811 2764 5868 arma,
2787 5807 2814 5870 §
2835 5805 2914 5866 22,
2938 5808 3086 5865 atque
3110 5805 3318 5865 egregie
3341 5808 3437 5860 illa
3467 5807 3474 5849 ἶ

213 5867 393 5913 stratur-
415 5880 441 5914 a
464 5865 704 5915 Mazochio
729 5865 788 5917 ι’.
811 5865 863 5917 C.
889 5865 950 5916 ad
973 5865 1173 5916 Acla’S.
1209 5866 1387 5920 lustim'
1412 5865 1482 5918 Η.
1511 5869 1658 5920 (ἰλιι.
1687 5926 1693 5932 _
