3962 6278
552 379 656 436 335

1527 376 1584 433 S.
1628 375 1961 433 METHODII
1998 375 2306 435 EPISCOPI
2347 379 2433 435 ΕΤ
2474 378 2834 436 MARTYRIS

3688 381 3793 437 ὄπ

549 505 730 574 ipsum
764 516 792 555 a
825 516 903 566 se,
930 500 1013 557 sui
1043 499 1215 570 ipsius
1243 497 1523 568 plenitudo
1553 507 1637 554 est
1664 508 1951 571 manetque
1981 500 2036 555 in
2059 514 2109 555 se

2221 502 2351 555 αὐτὸ
2376 500 2568 555 ἑαυτοῦ
2601 501 2875 574 πλήρωμα
2905 499 2993 566 ὃν,
3024 501 3185 573 φαίης
3217 500 3285 555 ἂν
3319 499 3657 572 ἀπροσδεέςς
3690 501 3796 553 Οὑ-

547 595 693 665 ipso,
724 592 1022 663 perfectum
1054 592 1389 645 censendum
1422 599 1524 646 est.
1547 588 1844 646 Verissime
1899 606 2111 646 censes.

544 684 688 744 Num
718 700 865 750 vero,
897 682 1040 753 quod
1083 698 1260 753 neque
1285 698 1315 736 a
1345 698 1425 747 se,
1455 697 1629 752 neque
1676 683 1763 738 sui
1797 683 1970 754 ipsius
2001 683 2118 753 ple-

549 775 741 831 nitudo
773 781 878 838 est,
920 773 1127 829 nullius
1166 773 1409 844 indigum
1438 772 1681 828 dixeris?
1712 772 1932 829 Minime
1963 789 2110 829 vero.

549 870 691 925 Deus
721 884 849 939 ergo
882 884 1012 922 num
1040 867 1110 921 ab
1140 867 1246 922 alio
1272 867 1544 937 perfectus
1566 867 2114 922 azstimabitur?Nam

547 960 692 1031 quod
720 960 1024 1031 perfectum
1053 967 1136 1014 est
1183 960 1251 1014 ab
1301 960 1428 1023 alio,
1465 975 1645 1015 nonne
1678 960 1855 1030 ipsum
1903 976 2000 1030 per
2053 971 2113 1012 se

545 1054 858 1109 necessario
890 1049 1264 1122 imperfectum
1292 1050 1414 1106 est?
1438 1050 1532 1107 Est
1572 1052 1751 1120 plane.
1791 1050 1932 1107 Deus
1960 1067 2112 1122 ergo,

544 1160 572 1198 a
601 1160 679 1209 se,
698 1160 806 1198 non
838 1143 907 1198 ab
935 1144 1042 1198 alio
1070 1140 1698 1212 perfectusjudicabitur
1719 1143 1743 1197 ?
1765 1141 2113 1199 Rectissime.

542 1233 732 1289 Nonne
781 1234 929 1289 aliud
982 1241 1066 1289 est
1117 1232 1261 1289 Deus
1308 1250 1338 1287 a
1385 1233 1590 1291 mundo
1651 1236 1801 1307 (l2),
1861 1238 2115 1307 aliudque

542 1324 777 1379 mundus
799 1339 829 1378 a
857 1323 1274 1381 Deo?0mnino.
1305 1323 1444 1379 Num
1493 1325 1658 1394 igitur
1704 1325 1847 1382 Deus
1893 1335 2116 1398 prepter

541 1415 805 1470 mundum
839 1414 985 1471 Deus
1017 1424 1069 1471 et
1092 1416 1388 1488 perfectus,
1411 1424 1463 1471 et
1491 1416 1693 1487 opifex,
1715 1425 1769 1473 et
1790 1418 2113 1475 universalis

543 1504 807 1562 Dominus
854 1506 1117 1563 dicendus
1174 1509 1294 1563 est?
1334 1506 1689 1579 Nequaquam
1740 1508 1893 1580 (l3);
1943 1518 2002 1565 ut
2046 1526 2114 1567 ne

543 1609 765 1669 prop'er
793 1599 1078 1664 mundum,
1115 1600 1412 1670 praesertim
1438 1602 1776 1666 mutabilem,
1801 1617 1908 1656 non
1939 1602 2053 1672 ipse
2081 1617 2113 1657 a

542 1706 620 1753 se,
648 1704 745 1761 per
765 1704 823 1745 se
847 1689 1122 1761 perfectus
1140 1692 1465 1747 inveniatur.
1480 1690 1731 1762 Congrue
1744 1707 1890 1748 vero.
1912 1692 2113 1760 Quam-

540 1778 728 1859 obrem
779 1803 930 1860 dives
984 1821 1164 1860 nonne
1218 1813 1435 1876 propter
1479 1805 1699 1861 divitias
1731 1805 1881 1863 dives
1924 1806 2110 1878 appel—

539 1894 736 1949 landus
763 1895 887 1961 est?
934 1894 1118 1953 Recte.
1146 1896 1286 1962 Quid
1315 1911 1442 1952 vero
1497 1896 1737 1966 sapiens,
1770 1912 1952 1953 nonne
1981 1898 2111 1954 sub-

540 1984 811 2040 stantialis
841 1984 990 2040 illius
1023 1984 1303 2054 sapientia:
1343 1985 1654 2057 participio,
1693 2002 1804 2041 non
1835 1987 2107 2045 exsistens

537 2077 654 2148 ipse
692 2078 980 2148 sapientia,
1012 2077 1228 2149 sapiens
1279 2081 1664 2151 nuncupatur?
1700 2081 1779 2135 Ita
1822 2096 1972 2137 sane.
2025 2082 2108 2137 An

539 2183 668 2238 ergo
697 2177 750 2224 et
778 2168 944 2233 Deus,
967 2170 1058 2241 qui
1108 2171 1179 2225 sit
1206 2169 1353 2224 aliud
1377 2185 1409 2223 a
1435 2171 1638 2225 mundo
1655 2211 1671 2238 ,
1697 2184 1762 2225 ea
1798 2171 2031 2235 ratione,
2055 2178 2110 2227 et

536 2263 688 2319 dives
706 2273 927 2335 propter
962 2266 1225 2321 mundum
1256 2273 1311 2321 et
1342 2266 1639 2331 beneficus,
1684 2273 1741 2322 et
1769 2267 1970 2337 opifex,
2012 2283 2111 2322 vo-

528 2357 745 2419 candus
771 2357 968 2412 fuerit?
994 2355 1376 2428 Nequaquam;
1413 2374 1600 2430 apage.
1633 2357 1754 2429 lpse
1805 2359 1971 2430 igitur
1997 2374 2111 2415 sua:

536 2448 738 2504 divitiae
775 2455 879 2513 est,
918 2456 1079 2517 atque
1108 2464 1139 2502 a
1176 2463 1235 2503 se
1272 2448 1392 2518 ipso
1418 2448 1571 2503 dives
1596 2456 1683 2504 est
1712 2458 1760 2503 et
1789 2457 2000 2518 potens.
2032 2450 2111 2503 lta

538 2539 772 2596 videtur.
806 2537 1006 2594 Eratne
1042 2541 1204 2593 etiam
1230 2547 1355 2594 ante
1398 2540 1588 2595 mundi
1621 2540 1956 2595 molitionem
1987 2542 2111 2596 nul-

537 2633 649 2687 lius
688 2630 958 2702 iudigens,
988 2633 1134 2688 velut
1158 2633 1251 2701 qui
1291 2631 1471 2701 Pater,
1504 2641 1559 2689 et
1598 2631 1862 2691 Dominus
1895 2637 2113 2689 univer-

541 2725 696 2786 salis,
730 2714 1021 2795 opifexque
1047 2733 1221 2793 esset;
1258 2726 1393 2781 adeo
1437 2733 1515 2791 ut,
1547 2741 1577 2779 a
1601 2742 1681 2788 se,
1715 2743 1824 2782 non
1884 2727 1953 2781 ab
2004 2727 2112 2784 alio

538 2817 614 2873 sit
666 2814 851 2872 omnia
896 2815 1047 2872 huic?
1080 2815 1171 2873 Sic
1200 2825 1348 2873 certe
1389 2833 1616 2875 necesse
1661 2826 1763 2874 est.
1798 2817 1935 2874 Nam
1990 2821 2036 2875 si
2080 2834 2113 2873 a

541 2908 768 2972 mundo,
814 2923 924 2962 non
962 2909 1076 2978 ipse
1107 2923 1138 2962 a
1168 2924 1228 2965 se
1253 2952 1268 2977 ,
1315 2909 1408 2978 qui
1442 2910 1513 2966 sit
1547 2910 1688 2966 alius
1712 2926 1743 2965 a
1772 2912 1997 2976 mundo,
2026 2911 2112 2966 in-

541 2998 877 3069 telligeretur
908 2997 1169 3055 Dominus
1207 2999 1585 3056 universorum
1616 3001 1772 3072 (pace
1806 3011 1918 3068 tua,
1946 3002 2110 3069 Deus,

541 3102 708 3158 cogor
763 3087 844 3142 sic
886 3086 1082 3160 loqui),
1109 3088 1225 3158 ipse
1269 3103 1365 3158 per
1417 3103 1476 3144 se
1529 3088 1879 3159 imperfectus
1939 3099 2110 3155 esset,

541 3181 718 3250 iisque
768 3178 1064 3251 indigeret,
1121 3195 1151 3233 a
1199 3179 1400 3251 quibus
1469 3178 1733 3236 Dominus
1788 3181 2112 3251 universalis

2215 593 2418 666 δαμῶς.
2446 595 2558 647 Οὐκ
2587 590 2695 665 ἆρα
2725 596 2754 647 ὁ
2779 593 2911 657 Θεὸς
2935 592 3134 657 τέλειος
3163 593 3251 647 διά
3276 609 3329 645 τι
3359 590 3790 664 νομισθήσεταις

2221 690 2286 741 '0
2317 687 2425 759 γὰρ
2449 688 2537 741 διά
2569 704 2622 741 τι
2658 687 2860 741 τέλειόν
2901 688 3065 749 ἐστιν,
3095 686 3226 739 αὐτὸ
3255 685 3378 740 καθ’
3406 685 3576 739 ἑαυτὸ
3600 685 3790 748 dri-:23;

2213 779 2428 851 ἀνάγκη
2452 780 2755 851 τυγχάνειν.
2788 777 2996 832 Οὐκοῦν
3022 777 3114 831 καὶ
3142 780 3172 832 ό
3205 777 3338 840 Θεὸς
3372 778 3538 841 αὐτὸς
3566 777 3637 830 δι’
3663 778 3789 831 ἑαυ-

2212 870 2303 924 τὸν
2329 872 2552 937 τέλειος,
2585 870 2697 924 ἀλλ’
2731 870 2792 923 οὒ
2833 870 2899 922 δι’
2923 869 3108 943 ἕτερον
3139 869 3557 941 λογισθήσεται;
3598 867 3785 938 Ὀρθό-

2212 980 2369 1017 τατα.
2404 963 2626 1035 Ἕτερον
2650 962 2779 1026 Θεὸς
2807 961 3031 1032 κόσμου,
3055 961 3147 1014 καὶ
3169 961 3353 1033 ἕτερον
3385 960 3600 1031 κόσμος
3619 960 3785 1025 Θεοῦ;

2213 1056 2516 1121 Παντελῶς.
2552 1058 2666 1110 Οὐκ
2688 1052 2797 1129 ἆρα
2824 1055 3028 1109 τέλειον
3052 1054 3246 1125 φατέον
3262 1093 3277 1117 ,
3304 1055 3398 1108 καὶ
3425 1052 3787 1125 δημιουργὸν,

2214 1158 2307 1211 καὶ
2337 1158 2772 1230 παντοκράτορα,
2806 1155 2893 1209 διὰ
2935 1156 3138 1226 κόσμον
3180 1152 3271 1205 τὸν
3299 1149 3464 1212 Θεόνς
3501 1144 3606 1198 οὖ’
3643 1145 3788 1206 ὅπως

2214 1252 2339 1325 [μὴ]
2382 1254 2447 1307 δι’
2482 1253 2705 1318 ἑαυτὸν,
2735 1250 2870 1305 ἀλλὰ
3074 1246 3163 1301 διὰ
3204 1246 3428 1315 κόσμον,
3458 1239 3573 1294 ’καὶ
3617 1236 3785 1290 ταῦτα

2211 1344 2463 1414 τρεπτὸν,
2489 1345 2648 1408 αὐτὸς
2680 1342 2798 1397 καθ’
2822 1340 3010 1396 ἑαυτὸν
3032 1338 3233 1399 τέλειος
3256 1334 3591 1404 εὑρίσκοιτο.
3616 1330 3786 1401 Προσ-

2213 1437 2473 1508 ηκόντως.
2494 1436 2557 1489 Τί
2581 1436 2669 1501 δέ;
2697 1436 2788 1488 τὸν
2806 1433 3053 1488 πλούσιον
3072 1430 3159 1484 διά
3183 1429 3273 1483 τὸν
3302 1423 3537 1479 πλοῦτον
3566 1419 3785 1475 λεκτέον

2214 1529 2497 1594 πλούσιον;
2529 1527 2753 1599 Ὀρθῶς.
2775 1526 2885 1581 Καὶ
2911 1526 3001 1580 τὸν
3039 1522 3200 1593 σοφὸν
3230 1519 3370 1574 κατά
3406 1514 3655 1587 μετοχὴν
3692 1512 3782 1582 τῆς

2212 1619 2498 1683 οὐσιὼδους
2515 1619 2723 1689 σοφίας,
2746 1620 2844 1672 οὐκ
2863 1617 3024 1672 αὑτὸν
3048 1613 3236 1683 σοφίαν
3254 1611 3399 1674 ὄντα,
3422 1607 3599 1676 σοφὸν
3618 1621 3783 1676 προασ

2213 1711 2496 1784 γορευτέον
2515 1710 2575 1781 (Ῑ.
2591 1709 2870 1783 προσαγ-);
2887 1708 3017 1762 Ναί·
3040 1707 3105 1760 Τί
3120 1705 3175 1758 δέ
3191 1721 3205 1770 ;
3223 1703 3315 1757 καὶ
3336 1702 3425 1755 τὸν
3443 1699 3586 1753 Θεὸν
3605 1698 3781 1766 ἕτερον

2212 1805 2341 1859 ὄντα
2367 1804 2593 1875 κόσμου,
2632 1802 2720 1855 διὰ
2745 1801 2945 1871 κόσμον
2984 1798 3157 1871 ταύτῃ
3194 1794 3448 1850 πλούσιον
3495 1791 3600 1845 καὶ
3634 1789 3780 1859 εὐερ-

2211 1895 2375 1968 γέτην
2424 1896 2517 1948 καὶ
2547 1893 2875 1965 δημιουργὸν
2913 1889 3170 1961 κλητέον;
3220 1885 3506 1957 Οὐδαμῶς·
3563 1881 3778 1950 ἄπαγει

2211 1985 2421 2041 Οὐκοῦν
2459 1985 2621 2048 αὐτὸς
2656 1982 2846 2037 ἑαυτοῦ
2874 1980 3121 2045 πλοῦτος,
3153 1980 3247 2033 καὶ
3282 1978 3348 2031 δι’
3382 1975 3585 2031 ἑαυτὸν
3632 1972 3781 2027 πλού-ν
3888 2032 3889 2047 1

2212 2096 2325 2143 σιος
2358 2080 2452 2132 καὶ
2479 2078 2698 2141 δυνατὸς
2719 2075 2994 2145 τυγχάνει.
3022 2074 3255 2126 Ἔοικεν.
3286 2065 3394 2124 Ἦν
3415 2069 3531 2141 ἄρα
3558 2068 3667 2122 καὶ
3686 2065 3778 2136 πρὸ

2210 2170 2414 2241 κόσμου
2450 2170 2624 2239 πάντη
2664 2168 2987 2239 ἀπροσδεὴς,
3014 2165 3090 2218 ὢν
3123 2164 3215 2218 καὶ
3240 2163 3430 2233 Πατὴρ
3456 2160 3560 2214 καὶ
3589 2175 3778 2213 παντο-

2210 2264 2450 2335 κράτωρ,
2474 2262 2567 2314 καὶ
2583 2259 2929 2330 δημιουργὸς,
2952 2259 3098 2320 ὅπως
3123 2255 3282 2318 αὐτὸς
3306 2252 3372 2307 δι’
3398 2251 3631 2316 ἑαυτὸν,
3662 2248 3775 2304 am

2213 2356 2288 2428 μὴ
2312 2354 2376 2408 δι’
2403 2354 2584 2426 ἕτερον
2609 2351 2784 2405 ταῦτα
2808 2347 2874 2423 ﬁ;
2922 2350 3177 2418 Ἀνάγκη.
3204 2348 3266 2405 Et
3289 2344 3398 2416 γὰρ
3423 2343 3519 2398 διά
3555 2343 3771 2415 κόσμον,

2209 2448 2304 2501 καὶ
2330 2447 2449 2517 οὐχὶ
2474 2445 2539 2499 δι’
2570 2443 2758 2497 ἑαυτὸν
2796 2442 2981 2514 ἕτερος
3020 2439 3096 2496 ὣν
3127 2439 3266 2511 [καὶ]
3305 2438 3518 2509 κόσμου
3539 2480 3557 2505 ,
3590 2454 3769 2490 παντο-

2210 2538 2431 2610 κράτωρ
2463 2536 2783 2609 γνωρίζοιτο
2808 2532 3157 2605 (συγγνώμην
3185 2533 3213 2585 ό
3249 2530 3381 2594 Θεὸς
3400 2570 3416 2594 ,
3476 2530 3767 2598 ἀναγκάζο-

2214 2650 2311 2704 μαι
2335 2631 2444 2700 γὰρ
2470 2628 2626 2682 τοῦτο
2657 2625 2874 2698 εἰπεῖν),
2896 2625 3056 2689 αὐτὸς
3086 2623 3204 2677 καθ’
3235 2622 3422 2676 ἑαυτὸν
3437 2620 3658 2693 ἀτελὴς
3679 2618 3765 2693 [ἄν]

2212 2726 2305 2777 καὶ
2338 2721 2603 2795 προσδεὴς
2649 2718 2873 2783 τούτων,
2923 2717 2990 2770 δι’
3037 2716 3073 2772 ἃ
3117 2714 3520 2786 παντοκράτωρ
3563 2715 3669 2768 καὶ
3697 2713 3747 2782 δη

2215 2813 2471 2886 μιουργός
2494 2815 2641 2866 ἐστιν
2670 2808 2978 2882 ὑπερφυῶς.
3015 2809 3127 2861 Οὐκ
3160 2806 3268 2879 ἀρα
3292 2805 3636 2860 ἀποδεκτέον
3665 2801 3765 2857 ταύ-

2210 2925 2308 2979 την
2334 2908 2433 2979 τὴν
2464 2906 2703 2977 ὀλέθριον
2728 2903 3001 2975 ἁμαρτίαν
3032 2902 3159 2974 περὶ
3188 2899 3322 2954 Θεοῦ
3347 2899 3456 2953 τῶν
3492 2899 3765 2968 λεγόντων,

2213 2999 2625 3070 παντοκράτορα
2672 2997 2765 3051 καὶ
2810 2995 3134 3066 δημιουργὸν
3181 2995 3269 3048 διὰ
3313 2993 3381 3047 τὰ
3430 2993 3769 3066 κρατούμενα

2212 3091 2305 3143 καὶ
2333 3086 2803 3160 δημιουργούμενα
2825 3084 3052 3158 τρεπτὰ,
3082 3083 3195 3137 ἀλλῖ
3226 3084 3287 3136 οὐ
3322 3083 3390 3137 δι’
3421 3084 3629 3137 ἑαυτὸν
3652 3079 3770 3139 εἴη.

2213 3182 2303 3236 τὸν
2330 3181 2481 3237 Θεόν.

539 3284 836 3346 auctorque
861 3276 1093 3332 mirabili
1124 3276 1333 3331 ratione
1355 3283 1520 3332 esset.
1555 3276 1652 3333 Est
1674 3293 1802 3347 ergo
1835 3277 2176 3347 perniciosus
2209 3277 2300 3334 ille
2330 3293 2485 3334 error
2538 3276 2888 3348 rejiciendus,
2950 3275 3244 3333 dicentium
3287 3273 3345 3328 in
3398 3270 3582 3328 Deum
3609 3309 3632 3339 ,
3684 3286 3771 3328 ne:

538 3374 716 3443 ipsum
764 3388 797 3426 a
832 3386 912 3440 ae,
943 3371 1037 3428 sed
1066 3386 1096 3425 a
1126 3370 1389 3442 subjectis
1436 3372 1599 3429 rebus
1643 3383 1695 3427 et
1731 3374 1953 3438 creatis,
1987 3387 2110 3444 qua:
2163 3382 2291 3428 sunt
2323 3374 2606 3430 mutationi
2659 3373 2924 3439 obnoxiae,
2959 3372 3320 3427 universalem
3360 3368 3673 3425 Dominum
3726 3382 3772 3422 κ

534 3475 836 3525 creatorem
857 3484 999 3524 esse.

605 3560 696 3618 lll.
724 3561 898 3616 Etiam
928 3561 1002 3616 ita
1031 3561 1379 3617 ratiocinare.
1410 3559 1468 3617 Si
1508 3564 1749 3630 tandem,
1778 3564 1984 3635 inquis,
2009 3564 2109 3619 ali-

2281 3559 2355 3612 I".
2392 3557 2530 3627 "Upa
2562 3556 2619 3611 δὲ
2644 3558 2736 3611 καὶ
2767 3553 2889 3613 ὧδε.
2920 3557 2983 3610 El
3018 3555 3260 3626 ὕστερον,
3292 3554 3448 3626 ἔφης,
3482 3559 3772 3629 πεποίηται

534 3653 754 3725 quando
783 3662 1002 3709 creatus
1033 3663 1117 3709 est
1147 3654 1406 3718 mundus,
1444 3670 1567 3709 cum
1601 3657 1754 3725 prius
1787 3673 1898 3712 non
1924 3663 2104 3725 esset;

535 3762 765 3803 necesse
807 3753 912 3810 est,
943 3747 1237 3803 immunem
1269 3746 1438 3802 Deum
1469 3761 1499 3800 a
1532 3751 1788 3818 passione
1817 3757 1871 3803 et
1911 3749 2110 3802 altera-

532 3840 704 3906 tione,
736 3838 958 3892 mutari.
1004 3835 1215 3908 Quippe
1248 3846 1482 3910 oportet,
1514 3838 1804 3893 mutationi
1824 3838 2110 3906 alteratio-

538 3931 704 4000 nique
727 3929 1026 3998 subjaceat,
1059 3931 1151 3999 qui
1182 3930 1251 3984 ab
1277 3931 1389 3986 otio
1449 3931 1793 4000 postmodum
1848 3928 1917 3983 ad
1971 3944 2109 4000 opus

539 4018 805 4090 procedit.
852 4018 988 4072 Nam
1019 4019 1264 4074 dicebam
1314 4018 1426 4092 (14)
1460 4018 1856 4091 :Requievilne
1883 4018 2025 4074 Deus
2077 4034 2110 4075 a

540 4110 733 4166 mundi
777 4112 1071 4175 creatione,
1124 4111 1337 4165 necne?
1371 4110 1515 4167 Sane
1564 4112 1867 4183 requievit:
1905 4112 2109 4183 alioqui

540 4200 688 4256 enim
717 4200 948 4255 necdum
977 4201 1027 4255 is
1075 4207 1222 4254 esset
1270 4202 1567 4270 perfectus.
1603 4200 1680 4256 lta
1711 4211 1816 4259 est.
1871 4200 1928 4256 Si
1977 4217 2107 4272 ergo

540 4290 749 4345 ereatio
795 4305 827 4344 a
881 4306 990 4344 non
1035 4290 1312 4344 creatione
1356 4289 1466 4345 Deo
1509 4292 1877 4347 alterationem
1931 4292 2104 4359 atl'ert,

540 4394 725 4436 nonne
751 4379 913 4434 etiam
945 4394 1055 4433 non
1088 4377 1294 4441 creatio
1327 4392 1358 4430 a
1405 4378 1715 4432 creatione?
1744 4376 1821 4432 Ita
1858 4394 2103 4448 prorsus.

541 4472 757 4528 Dixeris
787 4486 916 4525 vero
942 4477 1235 4534 mutatum,
1269 4469 1414 4540 quod
1468 4484 1578 4524 non
1629 4477 1775 4525 creet
1807 4471 1986 4537 hodie,
2041 4487 2108 4528 eo

541 4565 687 4635 quod
729 4561 1023 4633 aliquando
1055 4561 1300 4616 crearet?
1354 4559 1731 4631 Nequaquam.
1764 4560 1948 4632 Neque
1979 4578 2109 4633 ergo

540 4664 627 4712 est
679 4656 1000 4711 necessitate
1042 4663 1279 4710 mutatus
1329 4652 1567 4709 creando
1623 4653 1918 4718 mundum,
1964 4654 2108 4724 quod

540 4746 705 4800 fuerit
733 4746 948 4816 quando
976 4760 1086 4801 non
1115 4756 1345 4801 crearet.
1374 4745 1551 4813 Atque
1599 4744 1734 4798 adeo
1764 4759 1874 4798 non
1921 4760 2110 4802 neces-

615 4855 728 4977 92)
765 4853 949 4910 Nonne
980 4855 1128 4910 aliud
1156 4866 1232 4910 est
1264 4855 1403 4910 Deus
1446 4872 1480 4908 a
1510 4854 1726 4919 mundo,
1757 4863 1892 4919 etc.,
1920 4856 2106 4977 ἕτερον

651 4942 677 4977 c
705 4925 946 4977 xdauou:
982 4926 1121 4977 Ouid
1154 4927 1401 4977 nlanius?
1433 4924 1681 4977 Ostendit
1710 4941 1819 4977 non
1852 4941 1971 4977 esse
2037 4926 2106 4977 )ei

543 4924 677 4995 Θεὸς
705 4925 946 4995 κόσμους
982 4926 1121 4991 Quid
1153 4927 1401 4994 plautius?
1433 4924 1681 4980 Ostendit
1710 4941 1819 4980 non
1852 4941 1971 4981 esse
2014 4924 2106 4981 Dei

543 4994 929 5065 perfectionem
966 5013 994 5049 a
1026 4997 1248 5058 mundo,
1289 4997 1381 5065 qui
1416 4997 1487 5050 sit
1531 4995 1677 5049 aliud
1706 4997 1774 5051 ab
1806 4996 1958 5062 ipso,-
1982 5011 2104 5051 cum

542 5064 726 5119 divina
758 5073 812 5119 et
842 5064 1086 5119 absoluta
1124 5064 1416 5134 perfectio,
1459 5068 1528 5135 ab
1574 5067 1694 5135 ipso
1741 5065 1899 5134 cujus
1927 5075 2011 5121 est
2054 5072 2109 5120 et

542 5142 763 5207 promer
813 5136 986 5203 ipsum
1040 5135 1231 5207 debeat
1285 5152 1423 5207 esse.
1481 5134 1778 5191 SchOttus:
1815 5135 2001 5191 Nonne
2032 5144 2109 5191 est

541 5203 692 5260 bliud
726 5203 860 5256 Deus
892 5204 1089 5268 mundi,
1122 5216 1251 5272 etc.,
1288 5205 1426 5260 fmda
1462 5214 1609 5260 certe
1631 5207 1896 5261 barbarie.

615 5275 730 5346 (45)
761 5272 1127 5346 Nequaquam,
1158 5274 1219 5326 οὑ
1255 5277 1349 5344 μή.
1413 5273 1505 5329 Sic
1547 5275 1703 5331 facile
1742 5284 1920 5346 potest
1950 5274 2113 5330 resti-

544 5356 621 5401 tui
654 5345 1090 5416 littera,reddita
1120 5346 1377 5416 particula
1409 5348 1480 5415 μή
1512 5361 1612 5400 suo
1642 5345 1779 5410 loco,
1805 5361 1976 5416 eoque
1999 5361 2106 5416 non

544 5417 742 5470 inutili.
778 5413 939 5470 Velut
979 5414 1274 5469 adversarii
1323 5413 1605 5483 responsio
1653 5416 1723 5470 sit
1751 5418 1818 5470 ab
1845 5413 1913 5470 iis
1935 5415 2106 5484 parti—

545 5488 686 5541 culis
720 5500 894 5555 usque
914 5485 978 5555 ad
1022 5484 1244 5555 verbum
1274 5484 1598 5555 εὑρίσκοιτο,
1633 5488 1719 5538 cui
1752 5487 1897 5540 velut
1923 5493 2108 5555 gratu-

546 5557 667 5609 lans
699 5552 1001 5610 Metimdius
1030 5552 1430 5625 subjungat'tb
1475 5556 1875 5625 προσηκόντως,
1916 5552 1980 5608 ac
2029 5553 2107 5608 ita

549 5626 886 5694 interrogare
918 5634 1122 5694 pergat.

621 5695 730 5774 (ιι)
766 5692 1201 5774 Nam—dicebant,
1241 5693 1423 5774 ἔλεγον
1458 5693 1586 5774 γάρ.
1622 5692 1841 5763 Replica
1883 5702 1967 5750 est
1993 5693 2108 5774 ble-

550 5763 744 5826 thodii,
779 5780 883 5831 qua
907 5764 973 5817 ad
1001 5767 1268 5819 hominem
1299 5763 1548 5834 infringit
1566 5774 1938 5834 argumentum
1986 5764 2108 5819 Ori-

549 5834 726 5904 genis,
753 5834 1048 5903 probatque
1073 5835 1211 5891 idem
1235 5834 1389 5905 sequi
1418 5834 1822 5891 incommodum
1849 5851 1911 5891 ex
1937 5836 2108 5907 ipsius

2209 3653 2239 3706 ὁ
2273 3651 2492 3721 κόσμος,
2532 3649 2605 3722 μὴ
2638 3650 2897 3723 πρότερον
2921 3649 3016 3712 ὢν,
3051 3647 3405 3719 μεταϐάλλειν
3437 3649 3666 3720 ἀνάγκη
3698 3652 3772 3703 τὸν

2210 3738 2397 3810 ἀπαθῆ
2448 3738 2541 3792 καὶ
2604 3739 2952 3793 ἀναλλοίωτον
3008 3736 3160 3790 Θεόν.
3210 3737 3313 3790 Τὸν
3359 3738 3471 3807 γὰρ
3520 3739 3773 3792 ποιοῦντα

2210 3833 2472 3905 πρότερον
2505 3829 2699 3901 μηδὲν,
2731 3828 2953 3898 ὕστερον
2996 3827 3052 3881 δὲ
3093 3827 3200 3882 ἀπὸ
3231 3827 3323 3881 τοῦ
3372 3829 3448 3900 μὴ
3480 3832 3670 3885 ποιεῖν
3706 3833 3771 3892 εἰς

2208 3925 2269 3978 τὸ
2302 3925 2476 3979 ποιεῖν
2510 3921 2639 3993 (15),
2671 3920 3016 3992 μεταϐάλλειν
3049 3921 3141 3973 κα)⁵
3166 3919 3506 3974 ἀλλοιοῦσθαι
3541 3923 3769 3991 ἀνάγκη.

2213 4015 2435 4085 Ἔλεγον
2462 4014 2587 4086 γάρ’
2623 4012 2902 4066 Πέπαυται
2941 4010 2997 4064 δὲ
3042 4010 3134 4065 τοῦ
3166 4014 3337 4065 ποιεῖν
3368 4012 3462 4064 τὸν
3497 4013 3714 4085 κόσμον
3748 4015 3771 4065 6

2207 4107 2359 4171 Θεὸς,
2392 4106 2426 4178 ἢ
2458 4104 2556 4172 ob;
2592 4105 2903 4159 Πέπαυται·
2939 4102 3090 4158 οὔπω
3120 4102 3228 4175 γὰρ
3255 4098 3322 4176 ἦν
3353 4104 3773 4177 τετελειωμένος

2207 4199 2292 4253 ἄν.
2335 4198 2573 4270 Ἀληθές.
2605 4198 2669 4251 El
2700 4193 2792 4251 οὖν
2829 4196 2892 4250 τὸ
2920 4200 3091 4250 ποιεῖν
3119 4198 3183 4250 ὲκ
3215 4194 3308 4250 τοῦ
3352 4195 3425 4267 μὴ
3459 4201 3644 4251 ποιεῖν
3690 4198 3775 4251 ἀλ-

2207 4292 2421 4346 λοίωσιν
2465 4290 2559 4344 τοῦ
2605 4291 2740 4344 Θεοῦ
2787 4289 3246 4361 καταψηφίζεται,
3289 4290 3408 4361 οὐχὶ
3457 4290 3559 4344 καὶ
3608 4293 3671 4345 τὸ
3706 4290 3775 4362 μὴ

2208 4389 2378 4439 ποιεῖν
2405 4388 2468 4438 ὲκ
2495 4384 2590 4438 τοῦ
2636 4387 2840 4450 ποιεῖν;
2881 4383 3137 4455 Ἀνάγκη.
3178 4382 3528 4437 Ἠλλοιῶσθαι
3581 4385 3643 4438 δὲ
3685 4386 3777 4439 αὒ-

2207 4477 2298 4531 τὺν
2350 4477 2513 4548 φαίης
2570 4476 2646 4549 μὴ
2699 4475 2951 4529 ποιοῦντα
3016 4480 3250 4548 σήμερον
3297 4478 3425 4548 παρ’
3480 4476 3510 4529 ὃ
3558 4473 3634 4550 ἦν
3691 4481 3775 4532 ὅτε

2208 4569 2414 4634 ἐποίει;
2446 4567 2728 4639 Οὐδαμῶς.
2778 4568 2898 4620 Οὐδ’
2946 4568 3053 4639 ἄρα
3092 4569 3180 4621 ὅτε
3229 4571 3372 4621 ποιεῖ
3411 4569 3503 4621 τὸν
3535 4572 3773 4641 κόσμον,

2208 4660 2529 4730 ἠλλοιῶσθαι
2560 4659 2720 4712 αὑτὸν
2750 4659 2981 4730 ἀνάγκη,
3012 4661 3138 4731 παρ’
3166 4658 3194 4712 ὃ
3220 4654 3285 4731 ἦν
3314 4659 3403 4712 ὅτε
3445 4662 3774 4716 οὑκ-ἐποίει·

2208 4755 2303 4808 καὶ
2332 4752 2455 4806 οὕτε
2494 4753 2706 4823 ἀνάγκη
2740 4753 3100 4823 συνυπάρχειν
3146 4752 3294 4822 αὐτῷ
3330 4753 3394 4805 τὸ
3431 4755 3543 4807 πᾶν
3583 4755 3668 4808 δεῖ
3691 4756 3778 4807 λέ-

2210 4864 2511 4929 sententia,
2562 4864 2631 4934 ab
2668 4865 2808 4927 otio,
2856 4871 3114 4934 sequente
3153 4879 3310 4933 opus,
3344 4863 3490 4934 quod
3531 4866 3651 4933 ipse
3685 4881 3781 4920 os-

2211 4935 2383 4987 tendit
2407 4935 2474 4987 ab
2529 4933 2739 4997 eodem,
2790 4934 2840 4989 id
2887 4933 3062 5004 ipsum
3104 4935 3781 5004 praecedenteSchottus

2208 5005 2357 5058 nulla
2384 5005 2765 5059 consecutione
2807 5006 2859 5058 in
2891 5003 3048 5059 tertia
3079 5004 3275 5072 accipit
3303 5022 3315 5057 :
3354 5003 3776 5068 dicebantenim,

2210 5075 2318 5129 nisi
2342 5076 2546 5143 prelum
2578 5075 2717 5128 male
2740 5074 2979 5136 sudavit,
3005 5076 3331 5143 scripsitque
3352 5074 3469 5143 ipse
3500 5073 3741 5127 dicebam
3758 5091 3779 5127 :

2211 5160 2372 5213 quam
2408 5154 2584 5215 tamen
2608 5145 2754 5215 piam
2786 5145 3154 5215 conjecturam
3185 5144 3423 5213 depellit,
3455 5146 3604 5215 quod
3646 5161 3779 5213 pau-

2213 5215 2294 5268 cis
2325 5222 2444 5282 post
2495 5213 2651 5267 lineis
2684 5215 2869 5269 eadem
2894 5213 3191 5269 Voscitantia
3240 5222 3444 5282 peccat,
3489 5213 3580 5267 ubi
3612 5216 3781 5268 etiam

2212 5299 2408 5338 novam
2458 5284 2836 5338 transitionem
2880 5285 3026 5336 illam
3074 5283 3332 5337 Methodii
3355 5285 3419 5336 ad
3468 5299 3672 5337 novam
3698 5285 3783 5337 in—

2214 5354 2468 5407 stantiam
2497 5351 2628 5405 :Kat
2661 5370 2749 5422 μοι
2778 5351 2907 5421 φάθι
2938 5353 3030 5407 καὶ
3070 5346 3192 5415 ὧδε,
3240 5354 3320 5406 sic
3354 5352 3534 5407 reddit
3568 5372 3581 5407 :
3618 5353 3782 5419 Atqui

2211 5424 2288 5477 sic
2344 5438 2543 5476 mecum
2603 5421 2892 5490 disputant.
2945 5424 3263 5491 Quanquam
3317 5422 3461 5477 enim
3513 5431 3667 5476 notat
3722 5424 3783 5477 in

2214 5507 2406 5563 marg,
2438 5492 2728 5563 dignati,
2757 5493 2977 5563 planum
3011 5504 3188 5546 tamen
3218 5499 3301 5545 est
3326 5507 3450 5547 esse
3483 5493 3778 5546 lectionem

2212 5560 2359 5633 illam
2403 5560 2894 5633 mendosamfnec
2947 5561 3329 5633 Origenianum
3389 5572 3781 5632 argumentum

2212 5630 2479 5691 inchoari,
2512 5630 2605 5686 sed
2640 5630 3061 5687 Methodianuml

2284 5701 2395 5784 (t5)
2420 5704 2522 5783 Etc
2546 5701 2611 5755 τὸ
2635 5701 2843 5784 ποιεῖν.
2888 5702 3047 5759 Deest
3080 5700 3501 5772 προεληλυθότα,
3550 5708 3648 5756 aut
3679 5699 3783 5755 ali-

2213 5772 2343 5843 quid
2379 5772 2709 5841 bujusmodi.
