3962 6278
174 372 283 430 537
1469 374 1563 429 EX
1600 374 1806 431 LIBRO
1841 373 1928 429 DE
1961 374 2275 433 CREATIS.
3358 381 3461 435 338

173 509 324 563 γειν,
360 492 456 549 διὰ
483 494 551 549 τὸ
583 493 664 568 μὴ
696 493 1102 565 ἀναγκάζεσθαι
1130 493 1307 565 λέγειν
1332 494 1676 567 ἠλλοιῶσθαι,
1705 498 1780 552 ὅτι

1890 512 2011 551 sum
2057 496 2378 552 habebimus
2407 494 2564 551 fateri
2591 492 2908 552 universum
2961 493 3072 552 Deo
3101 493 3459 559 coexsistere,

175 586 473 642 συναΐδιον
511 587 584 641 δι’
616 587 750 643 αὐτὸ
777 586 954 642 τοῦτο.

1893 596 1953 642 ιιι
1983 603 2050 643 ne
2077 602 2337 658 cogamur
2384 595 2653 642 mutatum
2686 588 2972 643 admittere
3007 606 3019 640 :
3074 602 3137 642 ea
3187 585 3460 658 siqui‘dem

1893 681 2032 737 ratio
2053 690 2137 737 est
2160 698 2260 735 cur
2287 680 2337 737 ei
2362 695 2693 737 coaeternum
2726 697 2923 751 ponas.

1962 771 2051 827 ιν.
2107 770 2213 826 Sed
2247 779 2300 827 et
2355 771 2437 826 sic
2484 772 2753 843 responde
2794 791 2807 827 :
2857 772 3140 827 Dixerisne
3193 778 3459 834 creatum,

1891 865 2035 934 quod
2059 880 2166 918 non
2197 865 2359 919 habet
2383 864 2676 920 creatiouis
2709 863 3033 935 principium
3057 865 3080 917 ?
3108 862 3258 917 Haud
3294 871 3456 932 puto:

1891 957 2001 1014 nisi
2020 956 2162 1012 enim
2199 956 2254 1010 in
2290 957 2617 1027 principium
2639 958 2931 1013 creatiouis
2966 955 3179 1022 incidit,
3211 972 3461 1010 necessa-

1889 1044 1973 1100 rio
1995 1053 2079 1101 est
2110 1046 2433 1101 increatum.
2466 1044 2621 1112 Quod
2646 1048 2692 1103 si
2723 1045 2822 1100 fuit
2849 1053 3113 1109 creatum,
3145 1046 3303 1116 plane
3332 1059 3462 1099 con-

256 764 340 820 A'.
375 763 495 818 Καί
550 782 645 835 μοι
688 764 816 835 φάθι
858 765 951 820 καὶ
992 758 1114 820 ὧδεο
1154 768 1384 840 Γενητὸν
1420 769 1483 823 τὸ
1526 770 1600 842 μὴ
1641 770 1791 838 γενέ-

181 864 334 915 σεως
382 852 513 925 ἕχον
563 854 739 926 ἀρχὴν
792 855 955 926 φαίης
998 854 1097 921 ἄν;
1146 857 1218 910 Οὐ
1262 858 1418 929 δῆτα.
1454 860 1517 912 Ei
1560 861 1669 930 γὰρ
1714 860 1790 932 μὴ

183 941 501 1000 ὑποπίπτει
562 945 829 1015 γενέσεως
882 947 1059 1018 ἀρχῇ,
1112 946 1170 1013 ἐξ
1223 948 1469 1021 ἀνάγκης
1527 950 1789 1021 ἀγένητόν

186 1034 368 1087 ἐστιν.
404 1036 474 1089 Εἰ
516 1036 577 1091 δὲ
620 1037 861 1108 γέγονεν,
896 1037 999 1090 ὑπὸ
1045 1038 1216 1091 αἰτίου
1259 1039 1404 1103 τινὸς
1442 1038 1599 1104 δίδως
1642 1038 1790 1112 αὐτῷ

191 1127 518 1196 γεγονέναι.
552 1130 735 1203 Πάντη
764 1130 870 1203 γὰρ
900 1129 1157 1185 ἀδύνατον
1180 1132 1349 1202 χωρὶς
1375 1132 1549 1186 αἰτίου
1580 1132 1789 1202 γένεσιν

192 1223 380 1295 ἔχειν;
434 1225 745 1283 Ἀδύνατον.
776 1227 993 1298 Κόσμον
1021 1226 1084 1298 δὴ
1114 1224 1227 1293 οὖν,
1271 1228 1366 1281 καὶ
1397 1227 1497 1281 ὅσα
1525 1229 1583 1282 ὲν
1619 1227 1785 1299 αὐτῷ,

199 1315 325 1386 μῶν
373 1316 540 1372 ἄλλου
588 1318 730 1382 τινὸς
783 1319 825 1390 ἢ
866 1318 1000 1372 Θεοῦ
1048 1318 1504 1392 δημιουργοῦντος
1545 1323 1788 1392 φήσομεν

197 1409 498 1478 γεγονέναι
551 1409 796 1484 ὕστερον,
850 1411 1065 1482 πρῶτον
1111 1412 1213 1465 οὐκ
1255 1411 1417 1479 (ivra;
1470 1412 1660 1484 Δῆλον,
1707 1415 1787 1467 ὅτι

196 1499 365 1555 Θεοῦ.
417 1501 698 1556 ’Δδύνατον
725 1501 835 1572 γὰρ
875 1503 935 1556 τὸ
963 1503 1229 1572 γενέσεως
1269 1505 1409 1577 ἀρχῇ
1446 1505 1786 1579 περιορισθὲν

199 1593 617 1666 συναπέραντον
646 1588 785 1648 εἶναι
817 1593 895 1666 τῷ
923 1595 1232 1669 άπεράντῳς
1283 1595 1585 1652 Ἀδύνατον.
1620 1598 1785 1653 Πάλιν

197 1684 268 1757 δὴ
299 1681 418 1752 οὖν,
461 1680 508 1740 ὦ
566 1686 850 1760 κένταυρε,
896 1686 955 1753 ἐξ
1003 1688 1177 1761 ἀρχῆς
1211 1688 1604 1762 διαλεγώμεθα.
1653 1689 1785 1763 Θείᾳ

199 1778 484 1849 ἐπιστήμῃ
521 1777 761 1832 τὰ’ὅντα
804 1780 943 1849 φατὲ
984 1781 1303 1850 γεγονέναι,
1347 1782 1380 1853 ἦ
1426 1781 1518 1848 οὓς
1551 1779 1623 1835 Ὦ
1654 1782 1781 1853 βάλε

199 1868 340 1939 (l6),
372 1868 642 1934 λέξουσινο
673 1870 941 1942 οὐδαμῶς.
990 1871 1150 1926 Ἀλλὰ
1194 1873 1302 1927 ἀπὸ
1346 1873 1455 1927 τῶν
1486 1874 1782 1944 στοιχείων,

195 1961 231 2031 ἢ
269 1960 426 2032 ὕλης,
461 1960 498 2032 ἢ
536 1962 954 2035 στηριγμάτων,
984 1963 1018 2033 ἢ
1052 1965 1202 2028 ὅπως
1247 1964 1402 2019 αὐτοὶ
1445 1964 1621 2019 ταῦτα
1665 1964 1787 2034 βού-

195 2049 357 2106 λεσθε
407 2052 699 2124 ὀνομάζειν
743 2055 913 2126 (οὐδὲν
942 2055 1050 2127 γὰρ
1078 2054 1371 2127 διαφέρει),
1417 2056 1621 2112 τούτων
1659 2059 1786 2127 ἁγε-

190 2141 379 2213 νήτως
411 2143 914 2215 προῦφεστηκότων
958 2144 1054 2198 καὶ¹
1083 2144 1418 2217 πλημμελῶς
1449 2148 1783 2220 φερομένων,

182 2234 215 2286 ὁ
244 2232 384 2297 Θεὸς
411 2234 706 2307 διακρίνας
743 2236 1070 2308 ἐτεχνήσατο
1100 2236 1169 2290 τὰ
1199 2240 1395 2302 πάντα,
1431 2236 1620 2311 ὥσπερ
1650 2240 1785 2308 ἀγα-

184 2320 282 2386 θὸς
309 2322 614 2395 ζωγράφος
643 2325 751 2380 ἀπὸ
788 2325 997 2380 πολλῶν
1035 2328 1338 2400 χρωμάτων
1371 2328 1499 2400 μίαν
1524 2328 1783 2399 τεχνησά-

190 2431 354 2486 μενος
386 2416 576 2483 ἰδέαν;
611 2418 746 2472 Οὐδὲ
770 2417 947 2472 τοῦτο.
977 2419 1200 2484 Πάντως
1241 2419 1349 2490 γὰρ
1386 2419 1780 2491 ἀποφεύξονται

190 2506 539 2577 ὁμολογῆσαι
584 2509 705 2563 καθ’
756 2510 983 2576 ἑαυτῶν,
1036 2511 1122 2564 ἵνα
1173 2510 1268 2581 μὴ,
1314 2511 1416 2582 τῆς
1459 2511 1782 2584 διακρίσεως

196 2597 313 2669 (17)
345 2598 445 2653 καὶ
479 2600 584 2671 τῆς
619 2603 1093 2673 μεταμορφώσεως
1127 2603 1227 2674 τὴν
1262 2602 1391 2672 ὓλην
1436 2604 1779 2678 συγχωροῦν-

198 2705 291 2752 τες
337 2690 521 2762 ἀρχὴν
569 2693 885 2764 ἐσχηκυῖαν,
919 2692 1302 2762 ἀναγκασθῶσι
1342 2694 1418 2766 τῷ
1462 2694 1605 2767 λόγῳ
1638 2697 1781 2752 κατὰ

199 2781 381 2835 πάντα
415 2782 511 2837 τὸν
547 2784 680 2838 Θεὸν
717 2780 918 2856 ἦρχθαι
959 2785 1055 2839 τοῦ
1088 2787 1308 2841 διοικεῖν
1341 2786 1520 2856 λέγειν
1559 2789 1651 2842 καὶ⁵
1680 2805 1778 2843 κα-

202 2875 499 2943 τακοσμεῖν
523 2874 620 2947 τὴν
650 2877 912 2949 πρότερον
944 2876 1190 2950 ἄμορφον
1216 2874 1380 2932 οὖσαν
1414 2878 1564 2949 ὓλην.

1889 1140 2039 1196 cedis
2082 1140 2148 1195 ab
2182 1139 2363 1211 aliqua
2409 1155 2578 1195 causa
2619 1148 2881 1196 creatum.
2912 1138 3192 1210 Quippene
3236 1155 3461 1211 prorsus

1891 1233 2249 1304 impossibile,
2281 1241 2340 1289 ut
2374 1234 2581 1290 creatio
2612 1234 2684 1291 sit
2711 1236 2830 1291 sine
2873 1250 3043 1290 causa
3077 1233 3333 1290 creante?
3354 1233 3461 1286 lm-

1891 1326 2170 1397 possibile.
2202 1325 2342 1381 Num
2373 1342 2502 1398 ergo
2550 1328 2813 1383 mundum
2844 1337 2898 1383 et
2946 1343 3285 1399 quaecunque
3334 1335 3462 1382 sunt

1890 1419 1945 1474 in
1976 1419 2090 1484 illo,
2127 1419 2235 1475 alio
2261 1421 2479 1476 tandem
2528 1436 2693 1491 quam
2722 1420 2835 1477 Deo
2858 1422 3082 1493 opifice,
3116 1421 3317 1477 dicturi
3362 1437 3459 1478 su-

1888 1524 2011 1566 mus
2039 1519 2243 1576 creata,
2277 1527 2400 1566 cum
2434 1513 2585 1583 prius
2615 1528 2724 1568 non
2768 1515 2988 1569 essent?
3021 1514 3373 1584 Perspicuum
3428 1532 3459 1568 a

1887 1600 1998 1657 Deo
2029 1611 2211 1658 creata
2232 1619 2374 1660 esse.
2403 1603 2542 1659 Num
2580 1607 2855 1663 enimvero
2892 1604 3008 1661 ﬁeri
3048 1612 3248 1676 potest,
3282 1611 3340 1659 ut
3372 1606 3457 1659 iu-

1886 1693 2214 1749 terminabili
2269 1696 2341 1751 sit
2403 1696 2913 1762 cointerminabile,
2967 1697 3112 1768 quod
3163 1697 3458 1753 creationis

1888 1785 2156 1856 principio
2182 1785 2465 1842 definitum
2506 1789 2631 1844 est?
2653 1787 3080 1859 Haudquaquam
3118 1795 3316 1858 potest.
3349 1785 3455 1842 lte—

1885 1892 2007 1932 rum
2024 1893 2183 1949 ergo,
2213 1895 2247 1934 o
2272 1887 2532 1935 centaure
2562 1879 2699 1953 (18),
2756 1895 3100 1937 resumamus
3129 1881 3457 1951 disputatio-

1885 1969 1975 2023 nis
1997 1969 2496 2039 principium.Nam
2525 1986 2614 2025 res
2645 1971 2825 2025 divina
2853 1970 3082 2026 scientia
3110 1969 3454 2041 σηοως-(19)

1884 2055 2151 2123 fatemini,
2202 2059 2406 2114 necne?
2450 2057 2653 2129 Apage,
2698 2058 2985 2128 inquient:
3027 2056 3265 2112 Minime.
3311 2055 3453 2110 Num

1884 2164 2013 2204 vero
2049 2164 2117 2204 ex
2149 2149 2452 2213 elementis,
2491 2150 2578 2205 vel
2620 2148 2867 2213 materia,
2931 2155 3026 2203 aut
3076 2148 3450 2209 firmamentis,

1888 2247 1982 2294 aut
2037 2239 2235 2310 quibus
2290 2240 2404 2296 hac
2456 2239 2637 2295 verbis
2703 2238 2973 2308 appellare
3036 2237 3202 2291 vultis
3257 2255 3270 2291 :
3329 2251 3454 2290 nam

1887 2333 2023 2387 nihil
2061 2331 2258 2398 refert;
2300 2348 2425 2387 cum
2461 2333 2552 2387 illa
2603 2333 2842 2388 increata
2896 2330 3336 2401 praeexsisterent
3390 2343 3455 2383 ac

1884 2432 2089 2480 temere
2151 2423 2444 2485 ferrentur,
2503 2439 2796 2479 secernens
2848 2424 3008 2486 Deus,
3059 2420 3312 2475 universa
3371 2418 3455 2473 fa-

1885 2515 2126 2571 bricatus
2169 2521 2274 2580 est,
2316 2514 2463 2569 velut
2494 2514 2976 2584 praestantissimus
3023 2513 3231 2583 pictor,
3284 2511 3454 2565 ratio-

1883 2622 2007 2662 nem
2032 2621 2194 2660 unam
2223 2612 2279 2661 et
2305 2605 2596 2677 imaginem
2635 2619 2667 2660 e
2710 2606 2894 2660 multis
2918 2603 3193 2659 coloribus
3233 2616 3455 2671 expres-

1885 2698 2056 2755 serit?
2100 2697 2288 2769 Neque
2326 2698 2422 2762 ita,
2479 2697 2727 2767 inquient
2776 2715 2789 2750 :
2842 2696 3065 2751 omnino
3104 2696 3248 2750 enim
3307 2692 3454 2747 refu-

1882 2791 2033 2862 gient
2061 2798 2253 2845 contra
2286 2806 2345 2846 se
2376 2789 2524 2861 ipsos
2562 2790 2665 2845 hoc
2706 2788 2927 2854 testari;
2963 2800 3023 2842 ut
3053 2802 3123 2842 ne
3177 2785 3305 2840 dato
3358 2785 3455 2836 lia-

1883 2882 2068 2939 buisse
2099 2882 2381 2937 materiam
2410 2882 2733 2953 principium
2760 2881 3081 2937 secretionis
3105 2888 3160 2935 et
3183 2874 3454 2933 transfero

189 2966 489 3035 mationis,
538 2977 700 3040 cogat
746 2972 888 3027 ratio
951 2970 1135 3039 fateri,
1172 2973 1405 3043 cmpisse
1433 2972 1639 3040 Deum,
1706 2975 1987 3031 materiam
2044 2978 2196 3048 prius
2244 2975 2531 3032 informem
2602 2984 2655 3031 et
2689 2975 3036 3048 indigestam,
3077 2973 3321 3045 digerere
3388 2980 3452 3021 ac

193 3058 498 3128 perpolitae.

270 3152 350 3206 E'.
376 3150 519 3224 Φέρε
553 3150 683 3225 γὰρ,
728 3152 916 3224 ἐπειδὴ
955 3154 1052 3208 σὺν
1095 3152 1173 3225 τῷ
1197 3131 1316 3225 Θεῷ
1350 3154 1514 3225 φάναι
1547 3153 1778 3210 ἐνταῦθα

1951 3148 2019 3206 ν.
2040 3150 2154 3222 Age
2185 3165 2336 3216 vero,
2354 3151 2611 3222 quoniam
2633 3149 2741 3206 Deo
2763 3149 2998 3220 propitio
3023 3148 3076 3203 in
3097 3149 3242 3204 hunc
3269 3151 3448 3208 locum

200 3242 295 3298 τοῦ
321 3242 481 3312 λόγου
507 3245 827 3316 γεγόναμεν·
856 3246 970 3317 ῆτω
996 3263 1079 3309 τις
1107 3246 1327 3318 ἀνδριὰς
1356 3246 1526 3312 ἑστὼς
1557 3248 1650 3302 ἐπὶ
1685 3246 1780 3317 βά-

201 3352 342 3399 σεως
393 3334 581 3399 καλὸςο
609 3330 672 3390 οὗ
712 3335 1083 3408 θαυμάζοντες
1115 3341 1163 3392 οἱ
1209 3337 1468 3410 θεώμενοι
1497 3339 1593 3412 τὴν
1619 3339 1780 3414 εὔρυ-

198 3425 336 3498 θμον
381 3427 666 3499 καλλονὴν,
710 3428 1150 3500 διαφερέσθωσαν
1193 3431 1332 3502 πρὸς
1376 3430 1668 3503 ἀλλήλους.
1701 3434 1779 3505 πῆ

207 3517 306 3588 μὲν
338 3520 588 3589 γενητὸν,
620 3520 697 3591 πῆ
722 3520 779 3574 δὲ
805 3524 900 3576 καὶ
928 3522 1187 3594 ἀγένητον
1214 3522 1393 3592 λέγειν
1427 3523 1777 3596 πειρώμενοι.

210 3611 478 3683 Ἐροίμην
513 3613 622 3685 γὰρ
669 3616 826 3681 σφᾶς·
864 3616 942 3668 Δι’
982 3614 1050 3686 ἣν
1099 3616 1277 3670 αἰτίαν
1312 3617 1572 3689 ἀγένητον
1618 3618 1777 3672 αὐτόν

189 3720 326 3771 φατε
347 3746 361 3770 ,
404 3705 636 3777 πότερον
666 3705 752 3761 διὰ
781 3705 871 3758 τὸν
901 3707 1171 3777 τεχνίτην,
1208 3708 1356 3772 ὅπως
1391 3708 1654 3780 μηδαμῶς
1681 3710 1779 3781 ἀρ-

188 3799 362 3867 γησας
421 3796 523 3868 τῆς
557 3796 915 3868 δημιουργίας
957 3795 1251 3868 νομίζοιτο,
1279 3797 1313 3871 ἢ
1342 3798 1407 3853 δι’
1440 3800 1636 3866 αὑτόν;
1680 3802 1777 3855 Ἂν

271 4001 394 4068 (ιδ)
427 3995 501 4055 'a
524 3998 701 4065 βάλε.
742 3998 924 4070 Αιηὼ
945 3998 1141 4053 πάλινο
1173 3998 1270 4070 al.,
1304 3993 1348 4053 ὧ
1379 3999 1535 4070 βάλη.

270 4072 391 4145 (Π)
423 4070 796 4139 Διακρίσεως.
834 4069 946 4137 AL,
983 4068 1779 4141 κατακρίσεως·ιιι.,“μετακρί-

198 4161 393 4283 σειῗξέ)
428 4210 473 4267 0
502 4218 781 4293 centaure;
803 4208 1066 4293 Suggillat
1102 4210 1392 4293 _Origenem
1425 4211 1586 4293 _velut
1625 4226 1780 4293 mpn-

200 4281 472 4346 strosum,
515 4281 609 4352 qui
653 4281 820 4335 multa
849 4281 1067 4352 quidem
1102 4282 1360 4344 hominis,
1390 4288 1443 4352 et
1478 4297 1641 4352 supra
1669 4281 1780 4336 fere

1878 3242 2110 3299 dicendo
2141 3243 2510 3315 pervenimus,
2534 3257 2802 3314 ponamus
2829 3249 3088 3306 statuam,
3118 3243 3171 3295 in
3202 3258 3299 3297 sua
3332 3245 3448 3301 basi

1879 3335 2241 3403 collocatam;
2289 3336 2588 3407 elegantem
2648 3335 2836 3400 illam,
2903 3335 3059 3404 cujus
3126 3335 3448 3392 concinnam

1881 3428 2344 3498 pulchritudinem
2395 3435 2732 3500 spectatores
2783 3428 3090 3482 mirentur:
3123 3427 3450 3484 dissentiant

1880 3537 2052 3589 vero;
2124 3522 2248 3577 aliis
2320 3520 2519 3575 factam
2581 3520 3086 3587 contendentibus,
3156 3522 3276 3576 aliis
3337 3538 3449 3577 non

1883 3613 2099 3669 factam.
2130 3613 2446 3680 Qumsierim
2477 3629 2576 3684 ego
2605 3613 2673 3668 ab
2722 3612 2802 3668 eis
2838 3628 2852 3663 :
2900 3611 3261 3677 Quamobrem
3306 3614 3449 3668 dici-

1885 3707 1957 3764 tis
1986 3722 2094 3763 non
2124 3707 2322 3763 factam
2353 3706 2506 3778 (20)?
2560 3706 2644 3760 An
2686 3712 2908 3776 propter
2957 3704 3240 3770 artiﬁcem,
3277 3717 3334 3761 ut
3381 3722 3452 3762 ue

1882 3815 2123 3872 unquam
2154 3815 2379 3857 vacasse
2430 3800 2497 3855 ab
2525 3814 2689 3870 opere
2718 3797 3081 3865 existimetur,
3114 3797 3195 3852 vel
3226 3805 3451 3869 propter

1885 3998 2212 4056 solidissima
2235 4006 2339 4061 est,
2369 4013 2471 4054 nec
2502 3997 2672 4068 tangit
2703 3995 3013 4067 opinionem
3058 3993 3197 4068 apud
3231 4001 3453 4049 nostra-

1889 4080 1970 4125 tes
2023 4070 2214 4139 agitari
2278 4070 2515 4132 solitam,
2562 4064 2758 4122 utrum'
2794 4068 3029 4120 mundus
3085 4064 3169 4139 vel
3207 4071 3446 4119 creatum

1887 4135 2091 4209 aliquid
2125 4139 2360 4209 potuerit
2388 4155 2510 4209 esse
2536 4140 2603 4192 ab
2625 4146 2861 4203 aeterno;
2893 4151 2999 4188 non
3028 4135 3175 4209 velut
3217 4149 3316 4189 ens
3347 4150 3446 4189 ne-

1887 4205 2212 4273 cessarium,
2250 4219 2314 4280 et
2365 4207 2510 4280 quod
2558 4208 2637 4263 sic
2687 4222 2839 4267 esse.
2888 4205 3444 4280 sua_ips_um_n_atura

1938 4288 2131 4346 iteret;
2168 4279 2263 4335 sed
2305 4273 2749 4349 ut'contingeus,
2785 4284 2838 4349 et
2869 4273 3013 4345 quod
3055 4273 3167 4329 Sola
3208 4273 3302 4349 Dei
3350 4289 3448 4328 vo-

202 4341 512 4412 hominem,
533 4341 550 4352 ’
576 4352 792 4414 habeat,
828 4341 1107 4421 multaque
1164 4352 1293 4407 item
1345 4341 1491 4405 velut
1518 4341 1776 4414 bellniua,
1814 4341 1855 4395 Β
1885 4341 2093 4421 luntate
2118 4341 2199 4404 sic
2217 4357 2378 4405 esset.
2406 4341 2725 4417 Quanquam
2756 4341 2917 4421 etiam
2939 4359 3055 4399 eam
3086 4345 3447 4421 mternitatem

203 4425 434 4481 absonis
477 4421 586 4475 illis
626 4422 921 4491 dogmatis,
949 4423 1148 4491 quibus
1180 4437 1277 4477 sua
1310 4436 1536 4491 quaiqne
1576 4422 1781 4490 optima

204 4495 444 4549 vitiavit:
467 4507 577 4546 non
607 4492 787 4546 minus
812 4492 942 4546 mali
968 4491 1193 4549 ell‘ectus
1218 4491 1414 4560 forma,
1449 4491 1539 4545 ubi
1578 4492 1777 4555 malus,

204 4580 374 4634 quam
410 4562 560 4634 b_oni,
593 4560 683 4615 ubi
708 4562 903 4634 bonus.

280 4634 396 4704 ([9)
415 4631 616 4704 Divina
643 4633 861 4704 scientia
886 4641 1110 4704 creatas.
1142 4629 1234 4687 Sic
1260 4630 1457 4701 ubique
1474 4628 1545 4704 _S.
1566 4630 1779 4704 doctor,

205 4700 660 4774 probatioresque
675 4702 955 4774 theologi;
992 4701 1302 4774 frustraque
1321 4700 1614 4772 quaerimus
1633 4700 1780 4774 aliud

211 4769 268 4837 in
307 4774 439 4835 Deo,
471 4769 630 4825 etiam
660 4769 980 4826 distinctum
1008 4769 1354 4842 virtute—quo
1373 4787 1461 4827 res
1489 4778 1631 4841 agat.
1664 4769 1781 4825 Scit

209 4861 358 4909 esse,
408 4843 619 4905 volens,
655 4850 888 4913 suntque
926 4849 987 4895 ut
1045 4854 1248 4913 aeterno
1274 4843 1366 4913 illa
1412 4843 1613 4912 placito
1664 4842 1781 4913 vult

210 4930 357 4977 esse,
421 4927 594 4980 eoque
646 4920 775 4966 sunt
800 4910 986 4974 ‘nova,
1019 4913 1164 4966 nulla
1192 4910 1286 4966 Dei
1314 4910 1619 4983 divinaeque
1657 4911 1778 4981 ejus

211 4992 308 5039 aut
342 4983 581 5038 scientiae
604 4989 697 5037 aut
724 4983 1015 5037 voluntatis
1038 4983 1295 5036 novitate.

289 5053 405 5124 (20)
447 5051 798 5118 Quamobrem
840 5053 1019 5124 dicitis
1059 5068 1162 5106 non
1209 5051 1454 5121 factam?
1486 5050 1780 5124 Faciledi-

212 5120 434 5185 lemma,
477 5129 533 5176 ut
567 5130 759 5177 statuae
795 5121 1091 5183 aeternitas,
1121 5120 1294 5192 eoque
1339 5121 1526 5176 mundi
1568 5121 1656 5174 cui
1688 5120 1778 5192 illa

213 5200 586 5262 comparatur.
609 5192 691 5247 vel
722 5192 792 5247 sit
842 5194 909 5246 ab
930 5194 1048 5262 ipso
1086 5190 1294 5246 artifice
1317 5200 1371 5247 et
1400 5192 1519 5259 ejus
1560 5190 1778 5260 propria

212 5263 551 5323 conditione,
570 5263 659 5333 qui
679 5270 824 5333 petat
842 5276 964 5316 esse
992 5277 1206 5331 semper
1237 5263 1292 5315 in
1320 5269 1465 5324 actu,
1499 5275 1777 5328 nunquam

213 5334 415 5400 otiari;
449 5348 568 5403 qua:
587 5341 672 5388 est
699 5332 838 5403 ratio
856 5333 1109 5403 superius
1137 5333 1320 5396 allata,
1354 5340 1407 5387 et
1432 5334 1576 5403 velut
1612 5345 1778 5384 unum

213 5406 386 5460 totius
413 5400 617 5458 erroris
658 5402 817 5457 istius
848 5400 1291 5469 fundamentum;
1321 5403 1404 5458 vel
1439 5403 1507 5456 ab
1546 5402 1778 5470 ipsamet

213 5482 419 5536 statua,
451 5489 571 5544 quae
603 5473 683 5544 sic
721 5479 867 5544 petat
894 5486 999 5525 non
1025 5472 1356 5544 inerepisse;
1391 5472 1536 5542 quod
1566 5478 1777 5544 utrum-

254 5562 321 5599 ne
364 5540 1029 5612 subtilissime‘impugnat
1082 5540 1427 5604 Methodius,'
1455 5557 1513 5595 re
1555 5540 1775 5612 tandem

254 5562 321 5599 ne
364 5562 723 5600 sunttussmle
752 5562 1029 5612 Impugnat
1083 5562 1409 5604 metuoqus,
1455 5562 1513 5595 re
1556 5562 1773 5595 Ianueul

212 5562 447 5669 deducta
491 5614 560 5684 ad
579 5612 1001 5684 αὐτοματισμρν,
1045 5618 1100 5665 et
1143 5620 1227 5684 ut_
1252 5623 1433 5669 creata
1481 5627 1510 5666 a
1553 5627 1612 5667 se
1639 5610 1773 5684 ipsis

215 5686 346 5749 sint,
372 5700 477 5739 non
497 5700 525 5737 a
548 5683 676 5747 Deo,
710 5680 855 5738 velut
883 5680 933 5737 ei
959 5682 1268 5737 necessario
1290 5692 1554 5738 coaeterna
1584 5698 1597 5733 :
1621 5680 1768 5734 nulla

216 5756 376 5808 etiam
418 5754 644 5810 rationis
690 5752 1087 5817 antecessione,
1132 5751 1295 5807 divini
1347 5767 1489 5818 esse,
1527 5752 1593 5805 ad
1636 5750 1769 5806 illud

1884 4418 2225 4474 Methodiana
2277 4414 2595 4490 argumenta
2641 4432 2771 4490 non
2807 4417 2995 4470 leviter
3052 4414 3442 4490 perstringunt,

1881 4491 2028 4545 velut
2049 4506 2115 4545 ex
2150 4491 2266 4559 ipsa
2286 4484 2496 4544 ra'tione
2526 4490 2695 4543 creati
2728 4487 2820 4552 sit,
2852 4495 2909 4539 ut
2936 4500 3000 4538 eo
3029 4484 3183 4559 qu_od_
3205 4491 3449 4559 creatqu

1882 4561 2079 4630 accipit
2107 4554 2188 4614 vel
2207 4575 2331 4615 esse
2358 4561 2443 4630 vel
2464 4568 2692 4617 motum.
2723 4570 3014 4630 necessqu
3043 4555 3138 4630 _sit
3161 4554 3451 4630 ὑποπεσεῖ-

1883 4622 2019 4683 σθαί
2045 4631 2225 4702 ἀρχῇ,
2268 4640 2325 4683 ut
2366 4629 2619 4699 principio
2649 4627 2935 4702 subjaceat.
2972 4622 3230 4702 Sghottus
3260 4623 3326 4702 ad
3357 4624 3448 4702 il_la

1881 4702 2043 4753 verba
2067 4693 2377 4771 etprimam
2393 4693 2598 4771 partem
2631 4693 2980 4771 dilemmatis,
3014 4695 3162 4757 ὅπως
3188 4693 3450 4771 μηδαμῶς

1881 4770 2124 4843 άργήσας
2149 4764 2271 4840 ’τῆς
2303 4764 2659 4841 δημιουργίας
2706 4766 2995 4843 νομίζοιτο,
3028 4764 3245 4843 causam
3289 4764 3446 4829 hanc,

1880 4835 2080 4910 inquit,
2111 4835 2387 4894 non'bene'
2425 4835 2689 4908 αδὲεὲιιιον.
2744 4835 2812 4889 Αι
2842 4850 3077 4910 necego
3130 4835 3263 4890 bene
3281 4849 3449 4910 ἀδεο-

1879 4903 2021 4980 quor
2048 4910 2219 4980 ipsius
2258 4903 2598 4967 modestiam,
2634 4915 2688 4961 et
2747 4920 2909 4976 quam
2946 4903 3106 4980 inre
3135 4913 3244 4959 tam
3277 4903 3445 4980 facili,

1881 4976 2371 5051 sicqlle'Mcthodio
2405 4980 2704 5051 inculcata,
2741 4976 3025 5051 praetendit
3059 4976 3444 5051 ignorantiam.

1880 5047 2035 5130 Quod
2055 5059 2202 5130 certe
2223 5051 2382 5120 paulo
2414 5059 2535 5130 p_ost
2567 5047 2634 5128 ad
2655 5047 2793 5101 idem
2816 5047 3082 5130 sequitur,
3109 5047 3257 5130 ίξπως
3280 5047 3458 5130 ἀνάρῇ

1916 5138 1991 5184 ως
2013 5116 2236 5188 λέγοιτο
2273 5116 2490 5191 κρατεῖν
2548 5117 2640 5170 τοῦ
2697 5116 3067 5191 τεχνάσματος
3109 5119 3138 5170 ὁ
3175 5116 3441 5186 τεχνίτης.

1916 5139 1991 5184 ως
2015 5139 2223 5188 Αεγοιτο
2273 5139 2490 5191 κρατειν
2548 5139 2640 5170 του
2697 5139 3067 5186 τεχνασματος
3109 5139 3138 5170 o
3175 5139 3441 5186 τεχνιτης.

1880 5139 2187 5258 ﬁiciturque
2222 5205 2288 5243 ex
2327 5189 2514 5243 eadem
2563 5202 2797 5258 persona
2850 5185 3303 5258 Origenianorum
3331 5225 3346 5248 ,
3380 5199 3443 5238 eo

1880 5256 2250 5331 astruentium
2275 5256 2604 5331 creationem
2640 5259 2756 5312 sine
2790 5256 3058 5331 principio
3081 5265 3136 5310 et
3160 5263 3439 5331 aeternam,

1880 5345 1988 5383 non
2024 5330 2158 5384 bene
2204 5329 2416 5383 videtur
2471 5321 3082 5389 assecutusfdum'ita
3135 5324 3343 5380 reddit:
3377 5321 3442 5373 Ut

1883 5399 2294 5471 _opifexiopiﬁcio
2317 5401 2381 5452 ab
2412 5408 2604 5471 a’terup
2634 5397 2809 5471 maior
2837 5395 3050 5450 dicatur
3076 5410 3094 5447 :
3128 5393 3266 5447 nihil
3296 5391 3441 5471 enim

1879 5460 1984 5524 h'oe
2016 5470 2082 5524 ad
2119 5460 2499 5539 propositum.
2541 5469 2651 5524 Nos
2684 5460 2757 5523 ita
2786 5483 2798 5518 :
2834 5477 2892 5520 ut
2949 5476 3200 5521 wternum
3227 5460 3440 5539 artifex,

1879 5539 2067 5613 habere
2118 5530 2326 5613 dicatur
2365 5538 2503 5613 quod
2558 5540 2773 5594 molitus
2805 5539 2875 5589 sit
2908 5552 3035 5613 opus
3064 5551 3127 5613 ac
3156 5530 3439 5613 opiﬁcium.

1880 5609 1976 5684 Est
2002 5610 2157 5679 plane
2203 5610 2316 5664 haec
2342 5604 2437 5684 τοῦ
2471 5613 2693 5684 κρατεῖν
2743 5608 3018 5684 acceptio;
3054 5604 3256 5684 sicque
3287 5604 3445 5670 ἀκρι-

1880 5669 2132 5751 ϐέστερον
2179 5669 2523 5751 respondeut'
2553 5669 2884 5751 Origeniaui'
2914 5669 3169 5751 caventes
3197 5669 3440 5751 αὐτομα-

1874 5739 2087 5819 σεισμόν,
2114 5739 2385 5824 quomde
2408 5750 2553 5821 forte
2582 5739 2670 5805 sit‘
2684 5743 2966 5817 legendum
2988 5744 3106 5799 ἀντὶ
3130 5739 3223 5792 τοῦ
3253 5739 3416 5809 πικρό

216 5839 404 5879 eorum
434 5840 555 5882 esse
581 5832 838 5887 perpetuo
872 5822 1256 5880 necessarium.
1296 5823 1425 5891 Qua:
1450 5829 1596 5882 certe
1629 5822 1768 5878 ratio
1873 5836 2044 5889 τερον,
