3962 6278
570 373 674 431 559

1532 375 1591 432 S.
1633 373 1962 431 ΜΕΤΗΟΒΙΙ
1999 371 2307 429 EPISCOPI
2348 372 2433 426 ET
2470 371 2827 429 MARTYRIS

3717 364 3818 421 τις)

569 497 862 565 ipsammet
904 493 1182 550 statuam?
1228 490 1288 547 Si
1337 492 1556 564 quidem
1589 503 1717 548 vero
1755 501 1976 564 propter
2004 492 2131 545 arti-

2242 491 2341 562 μὲν
2385 491 2493 561 γὰρ
2538 490 2626 542 διὰ
2661 490 2751 542 τὸν
2796 486 3064 558 τεχνίτην,
3106 486 3223 550 πῶς
3262 485 3535 557 ἀγένητος
3573 481 3658 536 ὣν
3689 482 3822 551 πρὸς

569 588 749 652 licem,
777 587 866 657 qui
911 587 1024 650 illa,
1051 601 1176 642 cum
1207 586 1279 642 sit
1304 602 1415 641 non
1442 585 1612 651 facta,
1645 586 1915 655 efﬁngitur
1941 586 2010 640 ab
2042 601 2131 638 ar-

567 680 754 736 tifice?
782 681 835 734 Si
862 681 1008 735 enim
1038 680 1263 734 omnino
1297 680 1659 735 necessariam
1694 680 1857 733 habet
1886 679 2133 732 metalla-

566 776 706 830 riam
740 783 929 839 artem,
962 781 1022 827 ut
1074 774 1304 844 recipiat
1332 790 1717 844 quamcunque
1755 773 1952 829 artifex
1980 774 2132 827 malit

570 868 816 938 figuram,
844 884 950 938 qua
979 867 1192 921 ratione
1219 868 1322 922 erit
1353 882 1461 921 non
1492 866 1655 933 facta,
1679 882 1799 937 quae
1824 875 1877 921 et
1898 867 2133 936 patiatur

566 960 875 1023 abartitice,
902 968 956 1015 et
990 959 1117 1014 fiat?
1147 959 1240 1014 Sin
1274 967 1476 1025 autem,
1504 960 1650 1015 velut
1675 977 1705 1014 a
1735 975 1793 1014 se
1822 960 1936 1030 ipsa
1967 960 2129 1014 abso-

564 1052 822 1106 lutionem
855 1052 1083 1116 habens,
1114 1061 1168 1108 et
1215 1052 1415 1108 infecta
1468 1053 1852 1124 increataque,
1907 1061 1967 1105 ut
2008 1066 2133 1121 per-

560 1143 770 1200 niciosa
796 1153 975 1198 vestra
1003 1145 1167 1199 habet
1192 1145 1487 1210 sententia,
1541 1145 1758 1199 dicatur
1790 1159 1897 1198 non
1934 1144 2132 1198 habere

561 1240 729 1289 artem
756 1236 1156 1302 necessariam;
1184 1250 1475 1291 necessum
1505 1242 1609 1299 est,
1635 1234 2129 1296 fateamini,rerum

562 1341 591 1378 a
614 1341 672 1381 se
704 1334 756 1379 et
778 1336 1136 1395 spontaneum
1162 1334 1342 1380 ortum
1377 1347 1389 1381 :
1417 1327 1501 1380 vel
1542 1336 1708 1390 certe,
1756 1341 1932 1395 neque
1987 1325 2130 1379 hunc

559 1413 701 1469 forte
734 1414 1081 1468 admittentes
1128 1430 1459 1479 sermonem,
1492 1415 1783 1470 absurdius
1816 1414 2130 1484 responsuri

562 1516 724 1571 sunt;
760 1513 822 1559 ut
876 1513 1110 1559 statuam
1157 1506 1373 1575 quidem
1424 1506 1677 1560 infectam
1735 1521 1843 1560 non
1905 1506 2127 1572 dicant;

563 1594 767 1649 factam
796 1610 924 1650 vero
947 1594 1239 1663 ejusmodi,
1274 1603 1331 1648 ut
1365 1610 1472 1649 non
1495 1595 1691 1649 habeat
1717 1603 1871 1650 ortus
1892 1595 2127 1657 initium,

565 1695 625 1741 ut
667 1694 930 1740 aeternum
981 1684 1172 1739 artifex
1199 1685 1399 1740 habere
1446 1687 1659 1739 dicatur
1696 1685 1839 1756 quod
1879 1686 2131 1740 moliatur

563 1778 859 1847 opiticium.
887 1776 1033 1832 Heus
1073 1793 1172 1832 vos
1204 1791 1350 1846 ergo,
1383 1777 1657 1844 dicemus,
1691 1779 1737 1832 si
1787 1793 1962 1847 neque
1990 1784 2126 1831 tem-

2230 585 2325 637 τοῦ
2350 584 2592 654 τεχνίτου
2633 582 3074 652 δημιουργεῖται;
3112 581 3161 632 εἰ
3204 579 3317 649 γὰρ
3349 578 3487 641 ὅλως
3539 579 3601 629 ἐν
3643 574 3819 642 ἐνδείᾳ

2231 676 2329 747 τῆς
2377 676 2570 745 τέχνης
2619 674 2923 743 καθέστηκε
2982 669 3315 741 χαλκουργού
3326 685 3489 739 μενος
3559 665 3708 738 πρὸς
3768 664 3820 716 τὸ

2234 769 2379 838 σχεῖν
2422 769 2603 819 ὁποῖον
2630 769 2659 819 6
2683 763 3012 836 δημιουργὸς
3042 762 3211 815 ἐθέλοι
3259 758 3598 832 χαρακτῆρα
3617 797 3635 821 ,

2229 862 2415 933 τρόπῳ
2451 859 2710 929 ἀγένητος
2741 858 2889 910 ἔσται
2935 855 3155 926 πάσχων
3187 871 3248 906 τε
3282 853 3375 905 καὶ
3416 849 3745 922 δρώμενος;
3775 852 3816 902 ει

2229 954 2286 1007 δὲ
2316 948 2383 1006 αὖ
2428 951 2495 1004 δι’
2537 950 2729 1003 ἑαυτὸν
2774 949 2976 1012 τέλειος
3023 947 3117 1001 καὶ
3167 946 3432 1016 ἀγένητος
3479 943 3712 1011 λέγοιτο
3750 941 3815 1011 μὴ

2229 1042 2435 1097 δεῖσθαι
2460 1043 2557 1113 τῆς
2601 1041 2797 1111 τέχνης
2829 1043 2858 1093 6
2889 1039 3133 1110 ἀνδριάς,
3176 1037 3317 1089 κατὰ
3350 1036 3409 1088 τὸ
3452 1034 3714 1104 ὀλέθριον
3741 1032 3815 1084 δὸ-

2230 1153 2366 1207 γμα,
2395 1135 2604 1203 ἀνάγκη
2636 1130 3042 1203 αὐτοματισμὸν
3087 1129 3393 1201 ὁμολογεῖν.
3429 1128 3504 1180 Ἦ
3543 1126 3674 1179 οὐδὲ
3702 1124 3813 1178 τοῦι

2228 1248 2318 1283 τον
2368 1230 2496 1293 ἴσως
2535 1228 2888 1297 ἐθελήσαντες
2940 1223 3316 1297 προσήκασθαι
3362 1222 3467 1274 τὸν
3495 1221 3692 1289 λόγον,
3732 1239 3809 1272 πι-

2231 1326 2483 1397 κρότερον
2516 1324 2627 1393 (25)
2669 1320 3117 1393 ἀποκρινοῦνται,
3156 1320 3217 1372 τὸ
3251 1318 3348 1389 μὲν
3381 1316 3597 1388 βρέτας
3628 1316 3810 1386 ἀγένη-

2227 1435 2318 1470 τον
2346 1418 2445 1471 οὐκ
2474 1412 2608 1469 εἶναι
2635 1415 2901 1484 λέγοντες·
2930 1412 3154 1482 γενητὸν
3177 1412 3233 1465 δὲ
3262 1408 3397 1465 εἶναι
3426 1409 3519 1464 ἀεὶ
3547 1408 3808 1476 γενέσεως

2229 1509 2399 1579 ἀρχὴν
2427 1508 2525 1560 οὐκ
2554 1507 2696 1577 ἕχον,
2726 1508 2873 1569 ὅπως
2915 1505 3164 1575 άνάρχως
3207 1502 3417 1571 λέγοιτο
3447 1504 3695 1572 κρατεῖν
3728 1499 3805 1552 τοῦ

2228 1597 2597 1667 τεχνάσματος
2640 1598 2669 1649 ὁ
2710 1595 2977 1665 τεχνίτης.
3006 1592 3235 1658 υὺκοῦν,
3272 1587 3316 1645 ὦ
3357 1587 3535 1657 οὗτοι,
3592 1591 3806 1660 λέξομεν

2229 1687 2430 1749 αὐτοῖς,
2478 1687 2526 1738 εἰ
2556 1685 2630 1755 μὴ
2673 1684 2882 1756 χρόνος,
2925 1686 3063 1755 μήτε
3088 1683 3222 1736 αἰὼν
3259 1683 3585 1755 εὑρίσκοιτο
3618 1682 3805 1743 ἐπάνω,

2230 1779 2319 1831 ὅτε
2365 1777 2464 1830 οὐκ
2505 1773 2573 1847 ἦν
2607 1776 2808 1839 τέλειος
2846 1778 2874 1829 6
2915 1777 3163 1847 ἀνδριὰς,
3198 1775 3249 1829 τί
3292 1775 3585 1845 παρέσχεν
3620 1776 3804 1845 cimini

565 1886 666 1938 pus
717 1884 891 1938 neque
921 1883 1095 1922 rerum
1138 1876 1285 1923 retro
1336 1867 1503 1921 ullum
1554 1869 1875 1937 reperiatur,
1915 1869 2129 1938 quando

2239 1869 2496 1939 τεχνίτης,
2584 1867 2635 1920 τί
2664 1869 2966 1939 ἐνήργησεν
2997 1846 3077 1930 είς
3110 1866 3272 1921 αὑτὸν
3291 1907 3305 1931 ,
3342 1867 3525 1935 ῳτές
3560 1867 3633 1918 Εἰ
3667 1866 3803 1937 γάρὲ

564 1967 741 2015 statua
781 1958 1017 2030 perfecta
1067 1974 1178 2013 non
1220 1956 1402 2021 fuerit,
1434 1958 1585 2028 quid,
1623 1974 1774 2028 rogo,
1805 1959 1880 2013 illi
1933 1958 2126 2014 artifex

563 2051 833 2123 praestitit,
876 2049 1073 2120 quidve
1112 2049 1168 2102 in
1200 2049 1288 2103 illa
1324 2050 1473 2119 egit?
1518 2049 1653 2104 Nam
1688 2052 1735 2107 si
1779 2051 1896 2120 ipsa
1926 2050 2130 2105 nullius

559 2159 744 2213 egens,
774 2141 1025 2214 principii
1052 2147 1207 2196 ortus
1232 2156 1424 2210 expers
1451 2152 1570 2209 est;
1603 2158 1883 2213 nunquam
1925 2144 2128 2212 potius,

558 2234 613 2288 in
654 2235 920 2290 sententia
951 2241 1152 2298 vestra,
1187 2231 1366 2303 opifex
1410 2232 1699 2301 efﬁnxerit,
1733 2242 1827 2289 aut
1874 2235 2130 2293 inventus

555 2325 738 2395 opifex
790 2324 975 2379 fuerit.
1006 2324 1184 2396 Atque
1231 2324 1303 2377 ita
1354 2339 1546 2379 rursus
1595 2326 1649 2379 in
1698 2327 1842 2381 idem
1885 2329 2131 2383 revoluta

556 2421 759 2481 oratio,
786 2423 981 2487 sponte
1031 2431 1130 2471 sua
1187 2413 1387 2469 factum
1421 2430 1594 2485 opus,
1630 2416 1786 2472 fateri
1838 2428 2012 2488 coget.
2072 2419 2131 2475 Si

559 2509 706 2563 enim
730 2506 921 2561 artifex
952 2506 1039 2561 vel
1070 2505 1367 2561 exilissime
1392 2514 1625 2561 statuam
1643 2509 1879 2565 movisse
1906 2511 2128 2576 dicitur,

560 2600 750 2670 utique
784 2598 1030 2668 suhjacet
1056 2596 1342 2666 principio,
1373 2614 1479 2668 qua
1511 2599 1558 2654 is
1591 2600 1802 2655 ratione
1846 2601 2130 2658 informem

560 2690 690 2744 olim
714 2696 768 2744 et
796 2689 915 2745 sine
935 2696 1104 2752 motu,
1156 2705 1376 2745 movere
1408 2691 1573 2761 erepit
1601 2699 1761 2761 atque
1795 2693 1986 2763 polire.
2022 2693 2133 2749 Nec

560 2796 695 2851 ergo
726 2792 861 2846 erat,
892 2795 994 2836 nec
1019 2788 1103 2836 est
1147 2780 1366 2836 futurus
1400 2782 1538 2837 idem
1581 2791 1839 2852 perpetuo
1871 2786 2130 2843 mundus.

560 2871 974 2942 Comparandus
997 2874 1141 2926 enim
1181 2880 1265 2929 est
1297 2873 1489 2927 artifex
1512 2872 1642 2938 Deo,
1675 2882 1729 2929 et
1764 2883 1943 2931 statua
1970 2894 2131 2933 mun-

564 2962 657 3018 do.
718 2962 1003 3028 Quomodo
1049 2965 1232 3035 igitur,
1284 2980 1317 3019 ο
1369 2965 1765 3036 stupidissimi,
1826 2978 2131 3025 creaturam

559 3055 883 3110 existimatis
908 3057 1140 3111 creatori
1167 3063 1512 3121 coaeternam,
1546 3057 1667 3126 ejus
1699 3074 1864 3129 opera
1895 3076 2005 3117 non
2048 3062 2133 3117 in-

561 3146 782 3217 digere?
810 3145 964 3213 Quod
999 3149 1142 3202 enim
1186 3158 1271 3204 est
1299 3155 1649 3215 comternum,
1680 3166 1805 3205 cum
1836 3152 1985 3206 nulla
2041 3169 2132 3207 ra-

567 3239 718 3294 tione
748 3239 945 3295 habcat
971 3240 1263 3295 creationis
1302 3248 1564 3310 ortusque
1592 3242 1938 3312 principium,
1967 3245 2128 3299 etiam

560 3330 864 3399 oportuerit
917 3345 1039 3385 esse
1085 3330 1496 3394 coincreatum,
1552 3330 1851 3401 eademque
1905 3332 2127 3389 virtute.

558 3418 749 3486 Porro,
773 3419 919 3491 quod
948 3420 1115 3475 semel
1140 3421 1441 3476 increatum
1486 3429 1646 3491 atque
1684 3436 1714 3475 a
1744 3438 1802 3477 se
1826 3422 2126 3492 perfectum

556 3518 612 3566 et
648 3511 982 3566 immutabile
1015 3511 1190 3566 visum
1243 3512 1346 3576 sit,
1379 3512 1583 3568 nullius
1643 3513 1805 3568 etiam
1853 3529 2017 3583 egens
2072 3524 2127 3571 et

2232 1961 2392 2024 αὐτὸς
2439 1960 2691 2029 ἀνενδεὴς
2732 1958 2827 2022 ὣν,
2877 1958 2970 2011 καὶ
3012 1959 3112 2011 οὐκ
3158 1956 3296 2026 ἔχων
3331 1956 3520 2029 ἀρχὴν
3557 1956 3803 2024 γενέσεως

2230 2053 2506 2123 τυγχάνει,
2538 2051 2713 2123 ταύτῃ
2740 2050 2937 2120 μᾶλλον
2967 2048 3088 2103 καθ’
3120 2050 3262 2118 ὑμᾶς
3291 2051 3319 2102 ὁ
3350 2048 3715 2119 δημιουργὸς
3740 2049 3803 2099 orl-

2191 2145 2419 2199 ⁸δέποτε
2463 2146 2905 2217 δημιουργήσας,
2959 2141 3082 2195 οὔτε
3130 2141 3487 2212 δημιουργῶν
3531 2141 3805 2212 εὑρεθήσε-

2230 2255 2340 2292 ται.
2368 2239 2476 2291 Kal.
2504 2237 2661 2291 πάλιν
2693 2239 2773 2299 είς
2801 2237 2930 2289 αὐτὸ
2968 2234 3140 2287 ἔοικεν
3167 2235 3196 2285 6
3221 2232 3379 2301 λόγος
3408 2234 3807 2304 περιδεδραμη-

2230 2330 2415 2393 κέναι,
2468 2328 2872 2400 αὐτοματισμὸν
2921 2328 3221 2398 ὁμολογεῖν.
3271 2326 3400 2379 Ἐὰν
3452 2326 3582 2399 γὰρ
3637 2328 3736 2380 κᾶν
3764 2325 3806 2378 τὸ

2230 2423 2615 2492 ἀκαριαίτατον
2643 2420 2932 2492 ἀνδριάντα
2961 2421 3186 2491 κινήσας
3213 2420 3241 2471 ὁ
3262 2418 3627 2489 δημιουργὸς
3649 2417 3801 2488 λεχθῇ,

2230 2514 2372 2585 ἀρχῇ
2401 2515 2772 2577 ὑποπεσεῖται,
2813 2511 2931 2565 καθ’
2974 2512 3041 2582 ἣν
3072 2511 3331 2582 πρότερον
3374 2511 3558 2564 αὐτὸν
3593 2511 3802 2580 ἄκοσμον

2232 2608 2325 2661 καὶ
2353 2606 2607 2676 ἀκίνητον
2633 2605 2791 2668 ὄντα,
2822 2603 3023 2675 ἤρξατο
3062 2605 3229 2656 κινεῖν
3262 2604 3355 2655 καὶ
3389 2606 3665 2672 κοσμεῖν.
3693 2603 3799 2655 Οὐι-

2231 2695 2326 2748 οὖν
2357 2695 2451 2750 καὶ
2487 2691 2554 2765 ἦν
2593 2695 2687 2748 καὶ
2718 2693 2869 2746 ἔσται
2908 2691 3171 2762 διηνεκῶς
3200 2692 3228 2743 6
3263 2689 3431 2752 αὐτὸς
3478 2691 3581 2743 ἀεὶ
3609 2690 3799 2759 κόσμος.

2243 2787 2623 2841 Ἀπεικαστέον
2663 2786 2772 2859 γάρ
2808 2784 2886 2856 τῷ
2919 2784 3017 2855 μὲν
3059 2782 3177 2853 Θεῷ
3206 2782 3295 2835 τὸν
3325 2782 3624 2855 τεχνίτην,
3647 2782 3723 2832 τὸν
3746 2781 3797 2832 ἒ

2233 2877 2521 2948 ἀνδριάντα
2553 2877 2634 2947 τῷ
2664 2877 2873 2947 κόσμῳ.
2917 2875 2999 2945 Πῆ
3045 2873 3089 2927 δ’
3130 2870 3244 2939 οὖν,
3295 2867 3341 2926 ὧ
3379 2873 3625 2942 ἠλίθιοι,
3648 2870 3795 2932 οἴεσθε

2230 2968 2327 3040 τὴν
2356 2969 2534 3021 κτίσιν
2585 2967 2985 3039 συναπέραντον
3032 2961 3196 3019 οὖσαν
3239 2964 3318 3035 τῷ
3359 2965 3717 3036 δημιουργῷ,
3745 2963 3801 3034 μὴ

2232 3060 2438 3113 δεῖσθαι
2482 3060 2575 3113 τοῦ
2613 3058 2976 3131 δημιουργοῦ;
3008 3058 3080 3110 Τὸ
3118 3058 3227 3128 γὰρ
3258 3057 3691 3127 συναπέραντον
3728 3072 3802 3126 μη·

2232 3151 2418 3221 δαμῶς
2464 3151 2637 3223 ἀρχὴν
2673 3150 2939 3219 γενέσεως
2980 3148 3132 3220 ἔχον,
3169 3147 3261 3201 καὶ
3315 3148 3704 3219 ωναγένητον
3733 3146 3794 3199 xi:

2239 3242 2446 3295 ίσοδύνα
2456 3259 2555 3313 μον
2578 3241 2790 3311 ἀνάγκη
2824 3240 3129 3309 τυγχάνειν.
3155 3239 3227 3291 Τὸ
3248 3237 3305 3290 δὲ
3334 3238 3648 3309 ἀγένητον,
3677 3240 3795 3292 αὖτε
3896 3237 3897 3293 1

2233 3335 2385 3399 τελὲς
2408 3337 2501 3388 καὶ
2525 3334 2789 3405 ἄτρεπτον
2816 3331 3035 3402 φανθὲν,
3066 3332 3161 3384 καὶ
3195 3330 3505 3400 ἀπροσδεὲς
3538 3332 3647 3384 καὶ
3675 3329 3800 3399 ἀφει-
3896 3368 3897 3385 χ

2238 3445 2328 3498 ρον
2373 3426 2489 3499 [ἂν]
2537 3427 2715 3480 ἔσται·
2756 3425 2850 3478 καὶ
2887 3425 2934 3476 εί
2978 3421 3134 3475 τοῦτο
3172 3419 3343 3485 οὕτως
3380 3420 3503 3491 ἔχει
3528 3462 3545 3487 ,
3588 3420 3800 3475 οὐκέπέ
3896 3416 3897 3427 ¹

2234 3521 2436 3589 κόσμος
2464 3519 2693 3590 τρεπτὸς
2720 3518 2839 3571 καθ’
2867 3518 3030 3588 ὑμᾶς.

559 3602 799 3657 immune
825 3618 855 3657 a
890 3603 1239 3672 corruptione
1286 3603 1435 3659 erit:
1472 3614 1635 3674 atque
1678 3602 1835 3669 adeo,
1886 3603 2015 3659 dum
2060 3621 2149 3663 res
2192 3612 2272 3664 sic
2298 3610 2515 3675 habeat,
2549 3609 2653 3663 erit
2691 3607 2927 3663 mundus
2954 3608 3011 3661 in
3067 3614 3249 3663 vestra
3289 3606 3579 3662 sententia
3634 3606 3803 3661 imma-

558 3698 763 3754 labilis.

574 3771 590 3785 ”
630 3789 719 3844 Vl.
744 3796 763 3812 ‘
790 3790 1108 3859 Ecclesiam,
1144 3793 1212 3847 ab
1268 3792 1628 3863 appellandis,
1654 3808 1717 3847 ac
1749 3808 1848 3848 ceu
1905 3795 1973 3850 ad
2004 3810 2128 3850 cer-

557 3889 739 3937 tamen
771 3885 1031 3939 vocandis
1059 3884 1428 3954 voluptatibus
1461 3884 1576 3956 (21)
1609 3884 1810 3939 dictam
1841 3886 1938 3939 ait.

635 3972 747 4029 VII.
778 3974 866 4028 Ait
891 3974 1127 4032 Sanctus
1183 3996 1197 4032 :
1229 3976 1371 4032 Duas
1405 3993 1569 4047 porro
1630 3977 1764 4049 (ΕΜ),
1807 3977 1861 4031 in
1915 3978 1983 4033 iis
2009 3995 2131 4049 qua:

598 4199 611 4212 .
637 4130 658 4152 ⁶
689 4130 1161 4212 δήιοιρυοτηρᾴο
1182 4131 1237 4186 id
1265 4132 1424 4212 dicis,
1459 4142 1647 4191 sancte
1683 4134 1798 4201 Dei,
1834 4135 1879 4190 si
1913 4135 2132 4206 quidem

562 4202 833 4271 ejusmodi
865 4209 956 4255 tua
983 4203 1170 4271 opinio
1207 4203 1329 4257 est?

633 4355 746 4426 (2n
773 4357 855 4408 Ab‘
879 4355 1203 4426 appellandis
1245 4371 1306 4409 ac
1335 4372 1427 4409 ceu
1473 4356 1540 4409 ad
1590 4367 1849 4413 certamen
1880 4358 2124 4413 vocandi:

563 4425 914 4498 voluptatibus
946 4467 960 4490 ,
1010 4425 1162 4498 παρά
1218 4426 1285 4498 τὸ
1323 4427 1713 4498 ἐκκεκληκέναι
1768 4433 1866 4492 τὰς
1916 4430 2129 4498 ἡδονάς.

564 4495 665 4552 Vix
692 4506 839 4552 certe
874 4496 1037 4552 fuerit
1066 4495 1323 4552 subtilius
1344 4506 1615 4567 etymum.
1659 4495 1987 4567 digniusque
2019 4497 2131 4553 Me-

559 4568 753 4637 thodio
775 4584 837 4622 ac
854 4584 918 4623 co
944 4567 1147 4622 Christi
1171 4567 1391 4631 athleta,
1408 4566 1511 4637 qui
1531 4566 1620 4621 tali
1658 4567 1785 4621 olim
1817 4566 2131 4631 certamine,

561 4636 630 4708 ad
660 4638 924 4707 insignem
960 4639 1104 4691 illam
1134 4641 1199 4708 de
1220 4636 1452 4708 tyranno
1482 4639 1787 4700 victoriam,
1823 4652 1984 4707 quam
2016 4645 2137 4691 tan—

559 4706 685 4761 dem
713 4706 915 4778 martyr
954 4707 1183 4763 illustris
1208 4706 1467 4769 obtinuit,
1507 4724 1625 4763 sese
1662 4715 1884 4762 strenue
1914 4722 2135 4777 compa-

563 4785 781 4848 rasset;
820 4777 965 4832 velut
1011 4779 1151 4848 apud
1199 4788 1475 4834 nostrates
1517 4778 1713 4832 Petrus
1771 4777 1861 4832 ille
1909 4784 2132 4848 martyr,

559 4860 689 4900 vere
709 4845 913 4920 Christi
953 4858 1007 4903 et
1046 4845 1198 4920 ante;
1241 4850 1559 4920 martyrium
1612 4849 1825 4920 hostia,
1870 4845 2137 4920 pauloque

561 4917 805 4971 anterior
858 4933 920 4971 ac
955 4918 1127 4988 gradu
1152 4916 1401 4973 vicinior'
1435 4918 1730 4983 Methodio,
1768 4916 2009 4971 Thomas
2043 4918 2137 4971 ille

599 4989 743 5057 eutis
784 4988 1105 5057 Anglorum,
1160 4988 1365 5043 utinam
1417 4989 1637 5043 virtutis
1687 4989 1893 5043 aemulae
1939 4988 2131 5041 decus.

618 5057 696 5109 ire
712 5058 912 5128 accinit
934 5074 1087 5112 meus
1108 5059 1198 5113 ille
1221 5060 1631 5128 Amphilochius
1648 5059 1795 5113 hom.
1829 5057 1900 5111 De
1927 5058 2134 5125 pmnit.,

559 5127 887 5200 cum_ita_de
915 5128 1129 5200 diabolo
1148 5127 1466 5185 succentore
1493 5132 1831 5200 passionum,
1870 5128 2133 5200 loquitur,

557 5212 614 5266 p.
642 5196 713 5250 9'5
732 5215 755 5271 _:
783 5198 975 5271 Φθονεῖ
998 5198 1104 5271 γὰρ
1136 5200 1276 5271 ὑπὲρ
1318 5196 1523 5265 πάντας
1566 5201 1627 5254 τὸ
1652 5200 1809 5271 γένος
1855 5196 1963 5251 τῶν
2012 5199 2139 5271 Χρι-

560 5268 817 5341 στιανῷν,
844 5268 919 5331 ὡς
955 5267 1424 5341 ἀποστρεφόμενον
1477 5273 1574 5341 τῆς
1610 5267 2137 5341 ἑαυτοῦ-ματαιότή-

558 5353 652 5400 τος
681 5338 919 5392 πάντων.
961 5337 1084 5392 Prw
1116 5337 1428 5393 mortalibus
1474 5337 1611 5394 enim
1663 5337 1926 5401 omnibus,
1976 5337 2140 5389 livore

560 5409 730 5476 fertur
758 5410 812 5463 in
834 5407 1196 5463 Christianum
1224 5426 1384 5479 genus
1416 5423 1464 5463 et
1503 5426 1707 5471 nomen,
1752 5407 1889 5461 velut
1917 5405 2139 5479 quodex

561 5479 801 5533 omnibus
859 5495 972 5534 sua?
1022 5479 1186 5547 ipsius
1228 5477 1512 5535 dementia:
1567 5480 1840 5533 adversum
1887 5477 2136 5531 noverit:

563 5556 726 5617 atque
742 5550 878 5604 adeo
911 5552 1056 5604 velut
1091 5551 1239 5605 solos
1285 5551 1479 5603 habeat
1528 5550 1906 5615 adversarios;
1936 5547 2139 5617 quibus

561 5619 790 5685 proinde
830 5621 973 5674 velut
1004 5621 1137 5677 solis
1167 5621 1244 5673 illi
1273 5621 1513 5675 militans
1549 5621 1885 5688 voluptatum
1918 5632 2134 5686 agmen,

567 5688 862 5762 phjcctum_
894 5690 1065 5745 videri
1097 5691 1305 5762 possit,
1344 5698 1527 5759 aperta
1566 5691 1837 5759 baptismo
1869 5689 2017 5762 velut
2051 5702 2138 5756 pa-

564 5754 774 5831 laestra;
825 5758 1063 5831 Ecclesia
1098 5754 1219 5830 'qua
1275 5754 1774 5831 depugnemus';‘eo
1828 5758 1991 5812 etiam
2021 5754 2137 5831 tum

564 5828 941 5895 caerimoniali,
977 5839 1087 5885 tum
1115 5827 1292 5900 sacro,
1331 5827 1384 5887 in
1412 5827 1497 5899 eo,
1528 5832 1706 5887 unctis
1728 5829 1879 5895 oleo;
1919 5827 2136 5897 quando

2308 3796 2426 3862 (ἵζ’
2447 3795 2566 3847 Ὅτι
2633 3793 2928 3865 Ἐκκλησία
2971 3793 3123 3865 παρά
3166 3793 3226 3847 τὸ
3269 3792 3687 3863 ὲκκεκληκέναι
3730 3796 3805 3853 τὶς

2234 3886 2428 3958 ἡδονὰς
2455 3886 2706 3955 λέγεσθαί
2733 3903 2915 3957 φησιν.

2307 3983 2380 4033 Z'.
2419 3980 2540 4031 Ὅτι
2569 3980 2729 4049 φησὶν
2759 3980 2788 4031 ὁ
2814 3978 3023 4047 Ἄγιος
3069 3976 3172 4030 Δύο
3212 3975 3269 4030 δὲ
3312 3975 3588 4047 δυνάμεις
3627 3980 3690 4032 ὲν
3716 3978 3807 4037 τάξ

2308 4136 2327 4206 ἦ
2360 4136 2635 4202 Σχόλιον.
2666 4133 2813 4206 Πῶςᾲ
2834 4133 2990 4206 τοῦτο
3031 4134 3156 4206 φῂς,
3189 4132 3310 4202 ἀγιε
3339 4132 3432 4187 τοῦ
3463 4133 3635 4200 Θεοῦ,
3666 4135 3807 4204 εἰπερ

2241 4205 2337 4258 καὶ
2366 4206 2448 4258 σοὶ
2480 4207 2513 4275 ἡ
2540 4206 2761 4277 τοιαύτη
2797 4204 2956 4271 δόξα;

2233 4367 2287 4413 et.
2316 4374 2556 4420 sacrum,
2588 4360 2707 4428 ejus
2725 4366 2808 4413 est
2834 4358 2976 4412 velut
3006 4357 3422 4416 consummatio.
3462 4355 3809 4428 Hmschelius

2238 4428 2405 4483 hocce
2432 4427 2668 4499 etymum
2704 4430 3052 4499 itacxponit,
3088 4437 3147 4482 ut
3179 4428 3409 4482 voluerit
3441 4427 3654 4481 dictam
3693 4427 3810 4480 Ἐκ-

2239 4499 2465 4570 κλησίαν
2492 4498 2647 4569 ψιδεί
2691 4498 2986 4570 ἐκκλισῐαν,
3019 4517 3051 4551 a
3080 4500 3204 4568 fuga
3233 4499 3563 4570 voluptatum
3595 4519 3611 4564 ;
3642 4513 3811 4570 eoque

2241 4568 2525 4639 legendum
2573 4569 2996 4639 ξκκεκλικέναιε
3059 4570 3125 4624 ad
3171 4569 3315 4637 quod
3376 4569 3539 4639 etiam
3599 4568 3811 4623 videtur

2238 4635 2543 4709 respexisse
2578 4637 2836 4694 Schottus
2868 4641 2959 4693 illa
3005 4635 3316 4708 parenthesi
3366 4635 3485 4709 (hoc
3504 4648 3589 4692 est
3623 4640 3813 4709 eatur}:

2238 4705 2788 4780 pandis).AEnimvero
2825 4710 2904 4765 sic
2955 4705 3062 4764 non
3108 4705 3385 4780 egregium
3412 4715 3684 4780 etymum,
3719 4705 3816 4762 sed

2239 4778 2437 4848 inepta
2482 4778 2646 4834 fuerit
2699 4781 3095 4849 aequivocatio,
3148 4778 3368 4849 dignior
3423 4779 3546 4849 rudi
3618 4779 3817 4848 lingua

2238 4849 2459 4911 Grecae,
2486 4864 2646 4918 quam
2682 4848 3074 4904 facundissimo
3102 4850 3156 4904 in
3211 4864 3272 4903 ea
3310 4848 3613 4909 Methodio.
3645 4863 3815 4917 quem

2239 4921 2399 4989 plane
2430 4936 2537 4974 non
2568 4920 2722 4989 fugit,
2750 4935 2909 4989 quam
2945 4920 3190 4974 dedimus
3223 4935 3331 4973 non
3376 4919 3448 4989 ita
3484 4919 3817 4973 insolentem

2238 4988 2687 5059 aptissimamque
2708 4988 3005 5060 proposito.
3022 4992 3112 5044 illa
3140 4988 3232 5043 τοῦ
3250 4988 3503 5042 ἐκκαλεῖν
3534 4989 3811 5058 acceptio.

2310 5080 2423 5153 (22)
2458 5081 2602 5136 Duas
2628 5099 2802 5153 porro,
2849 5090 2955 5138 etc.
2995 5081 3138 5136 Duas
3183 5081 3488 5153 hypostasi,
3536 5095 3706 5133 unam
3760 5094 3821 5131 re

2240 5152 2355 5221 ipsa
2372 5151 2658 5218 etnatura,
2691 5169 2865 5223 eoque
2896 5167 3003 5207 una
3032 5151 3261 5206 indivisa
3294 5152 3509 5205 actione
3536 5159 3598 5223 et
3622 5165 3823 5203 crean—

2240 5232 2323 5277 tes
2354 5225 2661 5287 materiam,
2686 5230 2741 5278 et
2769 5221 3119 5278 distinctione
3153 5229 3434 5277 ornantes.
3467 5221 3587 5275 sola
3614 5235 3825 5290 appro-

2239 5293 2510 5363 priatione
2543 5295 2712 5348 altera
2745 5294 2846 5348 sibi
2879 5294 3129 5354 alterum,
3157 5293 3326 5345 altera
3355 5292 3589 5363 alterum
3634 5290 3823 5363 vindi—

2239 5361 2396 5418 cante
2435 5384 2448 5417 :
2481 5362 2641 5419 Patre
2669 5364 3033 5423 creationem,
3087 5369 3144 5415 ut
3174 5363 3226 5414 in
3260 5376 3368 5429 qua
3417 5361 3663 5429 maxime
3709 5361 3827 5411 etu-

2238 5442 2357 5487 ceat
2392 5435 2574 5488 divina
2635 5436 2877 5504 potentia
2910 5450 2923 5487 :
2955 5430 3091 5486 Filio
3137 5428 3390 5504 ornatum
3416 5428 3832 5504 _et_pel_‘fectio-

2238 5520 2385 5569 nem,
2422 5499 2790 5575 ut‘prop'rium
2829 5504 3063 5559 maxime
3087 5502 3222 5557 artis
3254 5509 3308 5556 et
3323 5499 3559 5554 rationis
3587 5499 3826 5622 divisae.

3752 5582 3826 5620 ex

3752 5582 3829 5620 οι

2272 5753 2423 5878 bad?)
2449 5755 2818 5825 Πικρίῖτερον.
2848 5751 3028 5816 Forte,
3074 5743 3428 5821 ἀλογώτερον.
3464 5742 3536 5800 Et
3559 5760 3690 5801 mox
3720 5744 3824 5806 aL,

2302 5843 2328 5878 ν
2390 5842 2515 5878 καο.

2239 5841 2328 5879 τον
2351 5841 2515 5894 ακαρ.
