3962 6278
552 392 662 450 355

1545 395 1602 451 S.
1645 394 1977 453 METHODII
2016 396 2324 455 EPISCOPI
2361 396 2448 452 ET
2490 395 2850 453 MARTYRIS

3713 395 3825 451 ΞΗ

550 515 698 585 pium
743 514 890 571 dicat
936 514 1314 571 auctoritatem
1358 530 1421 570 ac
1448 516 1675 571 liberum
1727 518 2108 589 principatum.

2222 521 2355 585 θεῐν,
2400 520 2543 574 ἔοικε
2585 520 2889 591 σημαίνειν,
2936 517 3037 590 τὴν
3084 517 3334 583 ἐξουσίαν
3381 517 3561 589 ἀρχὴν
3609 515 3821 569 εἰπών.

553 606 686 662 Post
708 621 837 677 ergo
871 606 1148 676 singulare
1178 606 1314 662 illud
1359 605 1694 679 Principium
1749 610 1954 680 absque
1980 613 2126 682 prin-

554 700 717 769 cipio,
749 698 842 769 qui
863 705 946 754 est
965 697 1146 766 Pater,
1183 698 1242 753 ﬁt
1274 700 1452 769 ipsum
1495 701 1726 755 aliorum
1757 699 2121 773 Principium,

552 805 652 862 per
674 790 816 861 quod
845 791 1028 845 omnia
1055 799 1333 845 creantur.

615 881 707 936 ΙΧ.
737 881 1022 954 Origenes,
1070 884 1266 955 inquit,
1307 893 1593 955 postquam
1642 885 1813 939 multa
1845 901 2122 943 commen-

548 984 633 1030 tus
665 982 811 1030 esset
832 975 899 1030 de
941 976 1180 1031 universi
1211 979 1538 1036 aeternitate.
1591 977 1756 1032 etiam
1813 978 1915 1033 hoc
1949 979 2118 1033 addit.

542 1066 732 1137 Neque
783 1082 912 1137 ergo
966 1068 1037 1123 ab
1062 1068 1256 1131 Adam,
1314 1076 1373 1123 ut
1407 1068 1630 1138 quidam
1674 1069 1965 1135 allirmant,
1996 1087 2118 1126 cum

541 1160 694 1230 prius
724 1175 832 1215 non
861 1166 1007 1215 esset
1027 1160 1212 1224 homo,
1245 1170 1374 1214 tunc
1397 1161 1641 1217 omnium
1673 1162 1882 1233 primus
1915 1162 2121 1218 forma-

541 1261 652 1316 tus,
716 1252 771 1306 in
831 1251 1096 1307 mundum
1148 1253 1439 1322 processit.
1503 1252 1688 1324 Neque
1728 1255 1965 1311 mundus
1996 1272 2120 1311 rur-

540 1360 688 1408 sum,
721 1352 850 1400 ante
898 1361 994 1400 sex
1048 1344 1166 1399 dies
1196 1360 1360 1414 quam
1411 1354 1692 1402 crearetur
1719 1346 1915 1413 Adam,
1952 1348 2119 1418 ccepit

540 1435 685 1491 tieri.
725 1435 882 1502 Quod
901 1437 948 1492 si
982 1437 1108 1507 quis
1134 1436 1234 1491 hac
1258 1437 1312 1491 in
1350 1445 1503 1507 parte
1552 1437 1816 1494 dissideat
1847 1441 2116 1512 ambigat-

539 1540 668 1595 que,
712 1527 865 1596 prius
896 1528 1084 1588 cedat.
1138 1543 1268 1581 num
1305 1529 1380 1582 ita
1409 1530 1824 1600 accipientibus,
1857 1531 2015 1589 facile
2048 1532 2116 1588 ad

541 1616 768 1671 Mosaici
802 1618 926 1674 libri
962 1620 1252 1685 rationem,
1283 1630 1600 1678 numeretur
1628 1639 1806 1680 annus
1836 1627 2013 1682 unus?
2036 1629 2114 1683 sic

541 1708 708 1762 etiam
735 1709 826 1765 hic
855 1712 1193 1767 acclamante
1246 1715 1566 1784 prophetica
1600 1717 1772 1772 voce'
1805 1738 1817 1772 :
1845 1719 1888 1773 Α
1921 1722 2114 1774 uacula

540 1809 592 1853 ct
619 1815 783 1870 usque
815 1802 869 1855 in
899 1801 1150 1856 amulum
1181 1810 1235 1865 tu
1263 1821 1317 1859 es
1342 1821 1361 1859 :
1393 1807 1642 1879 quoniam
1663 1809 1807 1863 mille
1840 1812 1966 1864 anni
1994 1822 2115 1866 ante

2227 610 2435 665 Οὐκοῦν
2473 610 2617 682 ἀρχὴ
2661 609 2799 681 μετὰ
2837 609 2937 680 τὴν
2985 609 3120 663 ίδίαν
3162 610 3397 680 ἄναρχον
3444 611 3595 680 ᾁρχτ,
3656 650 3676 675 _.
3732 608 3824 660 τὺν

2224 701 2476 773 Πατέρα,
2512 701 2673 765 αὐτὸς
2717 700 2825 754 τῶν
2864 697 3037 752 ἄλλων
3080 697 3310 768 γίνεται,
3353 698 3420 751 δι’
3465 692 3537 768 ἦς
3592 697 3824 751 ἅπαντα

2221 794 2286 865 δη
2294 811 2416 865 μιου
2425 796 2653 865 ργεῖται.

2293 889 2371 943 Θθ.
2423 891 2542 942 Ὅτι
2599 886 2909 959 Ὦριγένης,
2957 885 3096 957 μετὰ
3142 885 3203 938 τὸ
3245 884 3418 938 πολλὰ
3454 881 3819 955 μυθήσασθαι

2222 986 2348 1057 περὶ
2383 985 2480 1055 τῆς
2520 983 2618 1036 τοῦ
2660 983 2859 1046 παντὸς
2907 981 3229 1051 ἀῑδιότητος,
3258 978 3455 1047 ἐπάγει
3488 979 3594 1030 καὶ
3632 976 3814 1030 τοῦτο.

2220 1080 2359 1134 Οὔτε
2400 1075 2495 1133 οὖν
2541 1078 2648 1132 ἀπὸ
2690 1076 2880 1146 ’Δδὰμ,
2913 1074 2989 1137 ὣς
3028 1070 3160 1142 φασί
3190 1088 3354 1135 τινες,
3388 1069 3670 1139 πρότερον
3720 1067 3817 1119 οὐκ

2217 1170 2346 1225 ὣνὸ
2374 1170 2689 1242 ἄνθρωπος,
2733 1165 2855 1219 τότε
2900 1163 3117 1238 πρῶτος
3165 1159 3423 1223 πλασθεὶς
3471 1158 3561 1221 είς
3606 1157 3814 1225 κόσμον

2219 1261 2511 1335 παρῆλθενο
2551 1257 2675 1312 οὔτε
2707 1253 2774 1312 αὖ
2826 1257 3031 1326 κόσμος
3065 1255 3169 1326 πρὸ
3210 1252 3270 1319 ἒξ
3301 1250 3531 1324 ἡμερῶν
3571 1249 3681 1320 τῆς
3721 1245 3809 1299 τοῦ

2230 1355 2400 1426 Ἀδὰμ
2432 1351 2700 1422 γενέσεως
2730 1346 2933 1421 ἤρξατο
2971 1346 3033 1419 δη
3044 1343 3443 1417 μιουργεῖσθαι,
3468 1343 3541 1395 Et
3576 1341 3641 1394 δὲ
3669 1340 3809 1407 φιλορ

2217 1449 2462 1518 φρονοίτο
2482 1443 2831 1517 διαφέρεσθαι
2862 1443 2998 1515 πρὸς
3026 1439 3200 1493 ταῦτά
3224 1455 3337 1502 τις,
3370 1434 3650 1505 πρότερον
3680 1450 3809 1503 φρα-

2218 1539 2384 1600 σάτω,
2414 1538 2462 1590 εί
2495 1535 2568 1608 μὴ
2612 1533 2976 1606 εὐαρίθμητος
3006 1531 3113 1584 ἀπὸ
3142 1529 3241 1600 τῆς
3285 1525 3374 1580 τοῦ
3404 1522 3631 1596 κόσμου
3666 1524 3809 1591 γενὲο

2216 1647 2374 1694 σεως,
2412 1627 2552 1682 κατὰ
2593 1627 2689 1699 τὴν
2728 1625 2970 1690 Μωσέως
3015 1622 3214 1694 βίϐλον,
3250 1623 3360 1684 τοῖς
3405 1618 3599 1680 οὕτως
3648 1616 3805 1687 αὐτὴν

2214 1718 2708 1792 ὲκλαμϐανομένοις
2747 1720 2774 1771 ὁ
2806 1717 2995 1788 χρόνος
3038 1709 3151 1781 εἷς,
3194 1713 3291 1784 τῆς
3325 1709 3693 1782 προφητικῆς
3725 1707 3801 1761 x21

2214 1811 2401 1867 ἐνθάδε
2446 1811 2656 1883 βοὼσης
2701 1810 2906 1882 φωνῆς’
2954 1806 3087 1861 Ἀπό
3120 1803 3229 1859 τοῦ
3273 1802 3492 1868 αἰῶνος
3547 1802 3663 1855 καὶ
3707 1800 3799 1864 ἕως

539 1893 720 1947 oculos
740 1904 878 1959 tuos,
904 1906 1155 1967 tanquam
1188 1900 1300 1955 dies
1323 1901 1568 1956 hesterna
1591 1919 1709 1973 qua:
1733 1907 2011 1972 prwleriit,
2066 1918 2108 1961 et

2218 1906 2325 1961 τοῦ
2368 1904 2584 1971 αἰῶνος
2626 1903 2708 1957 σὺ
2753 1898 2824 1956 εἴ·
2879 1900 2968 1954 ὅτι
3008 1900 3174 1970 χίλια
3216 1897 3319 1964 ἐτη
3353 1896 3425 1948 ἐν
3471 1891 3797 1963 ὀφθαλμοῖς

539 1986 780 2041 custodia
810 1990 865 2044 in
902 2001 1071 2048 nocte.
1097 1991 1230 2047 Nam
1261 2009 1384 2048 cum
1415 1995 1562 2051 mille
1599 1999 1726 2052 anni
1760 1998 1870 2070 (29)
1893 2001 1946 2054 in
1975 1999 2117 2053 diem

540 2095 708 2135 unum
735 2083 1133 2138 concludantur
1158 2085 1215 2140 in
1244 2087 1420 2142 oculis
1450 2086 1566 2153 Dei,
1604 2105 1634 2144 a
1666 2092 1855 2146 mundi
1889 2100 2012 2146 ortu
2050 2092 2119 2147 ad

537 2186 709 2244 usque
742 2176 1020 2246 requiem,
1067 2178 1223 2252 [sunt
1272 2177 1392 2235 dies
1423 2194 1555 2249 sex;
1585 2189 1750 2253 atque
1798 2153 2012 2257 ab'illa]
2048 2184 2118 2239 ad

546 2281 650 2323 nos
684 2267 884 2324 iterum
941 2286 1033 2326 sex
1067 2272 1446 2341 praeterierunt
1474 2272 1614 2339 dies,
1640 2282 1700 2329 ut
1729 2277 1920 2346 optimi
1976 2278 2120 2332 afﬁr-

538 2369 693 2415 mant
711 2361 1095 2417 calculatores.
1115 2365 1331 2417 Annum
1349 2380 1479 2435 ergo
1492 2366 1671 2420 sexies
1684 2367 2030 2423 millesimum
2047 2369 2118 2425 ab

536 2452 744 2508 Adamo
775 2453 845 2507 ad
894 2469 995 2509 nos
1044 2470 1221 2524 usque
1247 2456 1401 2509 aiunt
1431 2458 1647 2513 extendi
1684 2477 1698 2512 :
1740 2475 1866 2513 nam
1917 2460 2005 2517 die
2030 2478 2117 2519 se-

538 2546 731 2615 ptima,
763 2546 997 2615 septimo
1027 2547 1249 2617 inquam
1275 2550 1462 2604 mundi
1493 2550 1819 2616 millenario,
1848 2553 2114 2621 judicium

537 2637 781 2691 futurum
810 2637 1019 2692 dicunt.
1041 2637 1185 2710 Ergo
1235 2656 1266 2696 a
1298 2641 1458 2697 nobis
1487 2659 1662 2713 usque
1689 2644 1755 2698 ad
1784 2646 2115 2717 principium

537 2728 594 2782 in
623 2743 732 2798 quo
757 2727 902 2784 Deus
949 2732 1157 2786 ereavit
1183 2733 1377 2788 coelum
1405 2742 1459 2790 et
1518 2743 1742 2801 terram,
1777 2736 1894 2792 dies
1925 2753 2115 2795 omnes

535 2819 800 2875 tredecim
858 2832 1219 2879 numerantur
1246 2844 1260 2880 :
1290 2833 1414 2882 ante
1441 2843 1602 2897 quos,
1634 2844 1757 2883 cum
1805 2828 1953 2885 Deus
1979 2831 2115 2886 nihil

539 2911 764 2967 omnino
787 2922 1042 2983 operatus
1076 2916 1146 2970 sit
1168 2926 1221 2970 et
1249 2921 1539 2987 creaverit,
1595 2919 1775 2976 Patris
1805 2924 2031 2979 nomine
2060 2932 2115 2980 et

541 3003 871 3060 universalis
897 3009 1304 3065 conservatoris
1326 3026 1390 3065 ac
1440 3011 1652 3068 Domini
1696 3016 1895 3070 caruit.
1927 3016 2114 3072 Enim-

534 3109 688 3159 vero,
746 3097 793 3151 si
847 3097 1108 3153 tredecim
1159 3099 1276 3156 dies
1313 3112 1440 3157 sunt
1495 3104 1549 3158 in
1603 3107 1778 3162 oculis
1813 3106 2026 3163 Domini
2081 3125 2112 3164 a

535 3187 740 3243 mundo
770 3188 1012 3255 condito,
1045 3192 1319 3261 quomodo
1355 3193 1629 3264 Sapientia
1659 3197 1714 3250 in
1743 3196 1875 3253 Jesu
1914 3198 2104 3256 Sirach

532 3281 709 3338 dicit:
746 3282 975 3338 Arenam
1030 3286 1216 3350 maris,
1241 3296 1289 3341 et
1329 3288 1519 3355 pluvia:
1558 3300 1757 3360 guttas,
1791 3304 1839 3348 et
1875 3294 1986 3348 dies
2013 3313 2109 3350 sre-

528 3375 640 3431 εειιὶ
668 3377 783 3447 quis
809 3376 1164 3433 dinumerabit
1190 3380 1252 3435 ‘?
1300 3380 1427 3437 Hinc
1461 3381 1723 3454 Origenes
1755 3387 1901 3443 serio
1922 3387 2110 3460 dispu-

525 3477 671 3534 tans,
694 3469 834 3535 vide,
858 3485 991 3542 rogo
1010 3511 1025 3538 ,
1049 3487 1212 3543 quam
1243 3484 1495 3546 nugetur.

593 3738 616 3771 ⁸
643 3736 797 3795 Psal.
826 3754 1053 3804 Luxu,
1075 3738 1132 3804 2,
1161 3740 1215 3793 4.
1247 3740 1267 3772 ⁶
1298 3738 1465 3794 Eccli.
1499 3756 1539 3805 ι,
1566 3738 1625 3793 2.

595 3896 711 3970 (29)
743 3895 887 3950 Nam
926 3913 1046 3970 cum
1078 3896 1223 3970 mille
1247 3896 1530 3970 anni,_etc.
1581 3893 1814 3970 Yidetur
1835 3895 2019 3970 plane,
2046 3902 2101 3948 et

523 3964 617 4026 est
640 3970 794 4023 locus
826 3969 1075 4030 mutilus,
1098 3968 1239 4022 male
1269 3968 1493 4020 omnino
1532 3964 1778 4020 redditus
1802 3965 1870 4019 ah
1906 3964 2102 4018 Schot-

523 4049 605 4102 to,
646 4052 747 4091 nec
778 4038 914 4092 bene
948 4037 1253 4092 illustratus
1282 4037 1349 4090 ab
1381 4035 1712 4091 Hocschelio.
1749 4036 1824 4088 Ex
1880 4035 1974 4088 illo
2005 4034 2102 4105 igi-

526 4121 617 4165 tur
641 4106 835 4178 psalmi.
856 4122 1057 4161 ωιιχιι
1083 4126 1097 4162 :
1124 4105 1275 4161 Mille
1299 4108 1425 4160 anni
1465 4117 1586 4160 ante
1601 4106 1782 4160 oculos
1806 4116 1947 4178 tuos,
1969 4112 2102 4178 etc.,

528 4173 696 4234 infert
739 4174 1080 4246 0rigenes_a
1130 4177 1334 4230 mundo
1365 4178 1597 4245 primum
1634 4186 1818 4231 creato
1850 4176 1917 4229 ad
1958 4173 2103 4229 Ada-

527 4264 676 4304 mum
707 4244 883 4315 usque
918 4247 982 4301 ad
1014 4244 1108 4301 Dei
1144 4244 1387 4314 requiem
1408 4287 1422 4311 ,
1478 4263 1582 4300 non
1614 4253 1882 4308 nostram,
1916 4254 1977 4298 ut
2012 4260 2101 4299 su-

526 4321 711 4390 pinius
735 4318 1013 4390 Schottus,
1045 4331 1139 4390 seri
1174 4317 1322 4390 mille
1356 4330 1531 4390 annos
1562 4315 1943 4390 intercessisse
1961 4333 1989 4390 ;_
2003 4331 2099 4371 sex

524 4386 657 4445 'vero
688 4389 887 4444 iterum
913 4387 1051 4441 alios
1080 4388 1148 4440 al)
1180 4387 1273 4440 illa
1297 4386 1593 4455 quiete,’ex
1628 4386 1922 4455 probatiori
1944 4387 2102 4439 chro-

522 4460 742 4530 nologia
770 4473 892 4530 qua;
915 4466 998 4513 est
1022 4456 1186 4521 LXX,
1220 4457 1288 4530 ad
1325 4470 1419 4510 sua
1454 4471 1626 4530 usque
1668 4464 1912 4530 tempora
1943 4456 2098 4530 colli:

524 4534 602 4603 git
635 4521 828 4586 :vveltit
862 4527 975 4597 jam
1010 4538 1204 4603 exacto
1232 4528 1406 4603 altero
1433 4521 1670 4603 senario,
1705 4521 1935 4603 postque
1962 4525 2092 4603 illud

494 4599 497 4602 ’
525 4595 782 4655 currente
811 4595 1144 4668 septenario,
1176 4613 1240 4653 ac
1270 4599 1417 4651 velut
1444 4597 1685 4668 septima
1715 4595 1823 4657 die,
1855 4609 1962 4668 qua
1984 4598 2101 4668 vult
2131 4596 2174 4650 1)

524 4671 644 4726 fore
677 4666 1439 4724 mundi'consummationem.
1471 4666 1548 4720 Ex
1574 4666 1775 4736 quibus
1803 4666 2101 4736 universim

526 4740 733 4810 colligit
760 4738 1086 4798 Methodius.
1115 4755 1237 4794 esse
1260 4748 1473 4792 tantum
1519 4735 1638 4810 dies
1685 4735 2103 4810 quatuordecim

525 4811 599 4881 (et
628 4807 704 4865 sic
743 4810 881 4881 forte
910 4810 1070 4881 fuerit
1099 4810 1151 4862 in
1179 4819 1325 4863 textu
1351 4807 1764 4881 corrigendum),
1808 4813 1935 4881 ante
1963 4821 2103 4875 quos

524 4875 582 4936 in
633 4875 753 4951 ipsa
788 4875 1241 4949 Origenianorum
1298 4875 1769 4951 sententiaLDeus
1801 4875 1938 4951 nihil
1975 4891 2104 4947 age-

527 4944 865 5032 retc'eoqu‘e
890 4944 1017 5004 ἰιοη
1052 4961 1195 5032 stare
1225 4949 1371 5032 illud
1395 4950 1527 5032 ξιξρε
1563 4945 1756 5001 Sirach
1794 4965 1819 5032 τι
1843 4944 1967 5032 ρίεδ
1998 4944 2104 5032 ῥαῖ-

525 5021 632 5076 culi
656 5016 1193 5091 quis'dinumerabit?
1220 5021 1378 5091 ,velut
1410 5016 1487 5072 illi
1515 5016 2098 5091 innumerabilessint,

522 5087 813 5161 arenaeque
830 5091 999 5161 maris
1021 5100 1074 5145 et
1095 5090 1263 5161 guttis
1290 5091 1484 5161 pluvite
1505 5088 1923 5161 comparabiles.
1944 5087 2100 5161 Nulla

521 5178 655 5233 ergo
693 5157 785 5233 hic
826 5157 1120 5233 jocularis'
1150 5157 1503 5233 hallucinatio
1551 5157 1853 5233 Origenis,_
1882 5159 2100 5233 qualem

520 5226 876 5289 "mschelius
907 5231 1266 5301 ﬁngit,ovelut
1300 5239 1502 5300 septem
1531 5245 1630 5299 pro
1644 5226 1915 5301 ~tredecim
1957 5227 2099 5301 inje-

520 5305 691 5370 cerit;
724 5302 820 5359 sed
851 5297 1082 5357 debilior
1114 5297 1510 5370 argumentatio
1532 5297 1606 5370 ex
1639 5297 1923 5366 Scriptura
1961 5299 2101 5352 male

519 5368 826 5443 intellecta,
869 5386 1035 5443 quam
1084 5368 1504 5443 Met’hodiusde;
1523 5368 1845 5443 _Scrip_tura
1879 5382 2101 5443 quoque

520 5445 745 5502 refellit.
768 5438 1021 5498 Notanda
1047 5441 1350 5496 auctoritas
1378 5440 1497 5495 libri
1523 5438 1915 5505 Ecclesiastici,
1938 5453 2099 5505 quem

520 5518 612 5570 vir
641 5524 868 5571 sanctus
900 5513 1068 5567 etiam
1095 5510 1331 5567 Psalmis
1375 5520 1653 5581 opponat,
1679 5509 1853 5581 Porro
1883 5509 2102 5581 videtur

521 5525 612 5570 vir
641 5525 868 5571 sanctus
900 5525 1068 5567 etiam
1095 5525 1331 5567 Psalmis
1375 5526 1445 5581 op
1519 5525 1630 5565 nat.
1679 5525 1853 5563 rorro
1883 5525 2101 5564 vruetur

521 5601 592 5643 ex
630 5587 724 5639 illo
763 5585 906 5648 loco,
940 5582 1211 5638 celebrem
1243 5582 1388 5636 illam
1437 5525 1680 5651 ἔξοδοι-ἥ
1709 5587 1764 5634 et
1802 5578 1916 5634 fere
1953 5576 2101 5651 Cras;

533 5669 725 5709 eorum
754 5646 1104 5717 sententiam,
1153 5653 1222 5707 de
1263 5651 1449 5706 mundi
1504 5646 1764 5721 spiritalis
1789 5658 1843 5703 et
1871 5646 2099 5721 angelici

532 5724 812 5778 creatione
839 5733 966 5779 ante
999 5723 1146 5777 hunc
1186 5717 1549 5792 corporeum;
1567 5726 1834 5792 statuere,
1866 5733 1931 5772 ac
1951 5717 2099 5792 insi—

524 5808 726 5855 nuare,
775 5792 1198 5848 innumerabiles
1248 5789 1369 5846 illos
1414 5792 1533 5847 dies
1572 5791 1758 5844 δεουιί
1781 5804 1879 5843 seu
1908 5790 2006 5843 aevi
2032 5789 2100 5842 il-

524 5864 661 5927 lius,
698 5875 821 5917 esse
847 5862 1128 5931 spiritaiis,
1159 5879 1268 5921 non
1296 5861 1470 5920 nostri
1498 5861 1697 5932 hujus;
1729 5858 1885 5930 cujus
1907 5874 2098 5918 nume.-

2221 2015 2336 2053 σου
2365 1999 2445 2064 ὡς
2472 1995 2660 2067 ἡμέρα
2686 1996 2724 2063 ή
2759 1993 2921 2064 χθὲς,
2966 1992 3099 2060 ἣτις
3140 1988 3369 2057 διῆλθε,
3403 1987 3510 2040 καὶ
3562 1984 3795 2055 52mm

2216 2092 2288 2144 ἐν
2336 2089 2528 2143 νυκτίο
2578 2087 2762 2159 χιλίων
2795 2085 2905 2156 γὰρ
2947 2082 3082 2136 ὲτῶν
3128 2078 3517 2154 διοριζομένων
3566 2081 3660 2142 είς
3691 2078 3795 2148 μίαν

2218 2182 2429 2253 ἡμέραν
2483 2183 2539 2234 ὲν
2588 2176 2884 2247 ὀφθαλμοῖς
2934 2172 3104 2237 Θεοῦ,
3152 2171 3261 2226 ἀπὸ
3305 2171 3405 2250 τῆς
3451 2169 3556 2223 τοῦ
3610 2170 3794 2238 κόσμοι

2216 2273 2484 2342 γενέσεως
2515 2260 2678 2342 μέχρι
2711 2268 3109 2329 καταπαύσεως
3139 2307 3150 2319 .
3197 2306 3210 2319 .
3256 2303 3270 2316 .
3315 2305 3329 2318 .
3375 2304 3390 2318 .
3436 2301 3455 2315 .
3506 2302 3521 2314 .
3576 2304 3591 2316 .
3629 2261 3792 2333 μὲχῇ

2216 2365 2392 2437 ἡμῶν,
2424 2364 2500 2428 ὡς
2528 2365 2579 2416 οἱ
2610 2362 2737 2433 περὶ
2774 2361 2871 2433 τὴν
2904 2357 3272 2431 ἀριθμητικὴν
3309 2355 3607 2424 φάσκουσι
3636 2356 3784 2409 δεινοὶ,

2215 2459 2275 2524 ἓξ
2307 2443 2511 2531 ἡμέραι
2542 2453 3023 2526 ωμπεραιοῦνται.
3042 2448 3541 2520 Ἕξακισχιλιοστὸν
3565 2449 3686 2520 ἄρα
3704 2449 3788 2508 ita

2215 2549 2379 2619 φασὶν
2406 2546 2513 2600 ἀπὸ
2557 2545 2729 2616 Ἀδὰμ
2761 2546 2841 2607 εἰς
2878 2542 3038 2615 δεῦρο
3067 2540 3378 2594 συντείνειν·
3408 2541 3485 2610 τῇ
3518 2539 3641 2611 γὰρ
3676 2541 3785 2592 ἑσὼ

2217 2641 2344 2712 μάδι
2406 2638 2484 2710 τῷ
2548 2634 3035 2708 ἑπτακισχιλιοστῷ
3072 2634 3202 2701 ,ἔτει
3266 2631 3455 2704 κρίσιν
3522 2632 3784 2702 ἁφίξεσθιέ

2214 2750 2397 2803 φασινο
2434 2731 2628 2786 οὐκοῦν
2675 2732 2730 2783 αί
2777 2730 2948 2783 πᾶσαι
2992 2726 3194 2798 ἡμέραι
3232 2723 3363 2778 δέκα
3394 2724 3505 2778 καὶ
3535 2728 3684 2796 τρεῖς
3710 2724 3785 2789 ﬁt”

2213 2825 2369 2896 ἡμῶν
2397 2824 2502 2888 ἕως
2530 2826 2609 2887 είς
2640 2822 2738 2894 τὴν
2768 2823 2824 2874 ὲν
2859 2822 3022 2892 ἀρχῇ,
3048 2821 3103 2870 ὲν
3203 2816 3468 2887 ἐποίησεν
3498 2818 3529 2868 ὁ
3551 2815 3671 2877 Θεὸς
3698 2814 3785 2865 τὸν

2211 2917 2439 2989 οὐρανὸν
2468 2917 2562 2970 καὶ
2587 2916 2687 2986 τὴν
2711 2915 2836 2985 γῆν,
2871 2908 3215 2983 μετροῦνταιο
3256 2901 3331 2961 ὧν
3363 2910 3392 2961 ὁ
3426 2907 3575 2971 Θεὸς
3601 2904 3781 2959 multa-

2216 3027 2325 3082 ρον,
2363 3009 2504 3065 κατὰ
2530 3009 2626 3081 τὴν
2654 3007 2807 3077 σφῶν
2834 3005 3010 3060 αὐτῶν
3037 3003 3220 3058 ἄνοιαν
3245 2999 3397 3055 οὐδὲν
3424 2997 3691 3070 οὐδαμῶς
3717 2997 3780 3066 δη,

2215 3105 2576 3177 μιουργήσας,
2606 3100 2955 3171 ὲγεγύμνωτο
2981 3097 3073 3152 τοῦ
3106 3095 3296 3165 Πατὴρ
3328 3093 3440 3163 (⁵50)
3478 3093 3583 3145 καὶ
3616 3109 3776 3146 παντο-

2211 3196 2435 3270 κράτωρ
2461 3191 2622 3249 εἶναι.
2658 3195 2722 3247 Ei
2748 3193 2805 3246 δὲ
2830 3193 2925 3246 καὶ
2942 3188 3292 3263 τρισκαίδεκα
3319 3188 3460 3239 εἰσιν
3494 3186 3707 3257 ἡμέραι
3741 3186 3777 3234 ἐν

2215 3288 2512 3360 ὀφθαλμοῖς
2538 3286 2673 3341 Θεοῦ
2703 3285 2809 3338 ἀπὸ
2850 3284 3115 3353 γενέσεως
3157 3280 3384 3349 κόσμου,
3414 3278 3551 3342 πῶς
3580 3280 3773 3350 φησενῄ

2215 3381 2274 3432 ὲν
2311 3376 2390 3448 τῷ
2418 3376 2619 3448 Σειρὲχ
2647 3374 2825 3443 σοφία·
2856 3375 3076 3443 Ἀμμον
3119 3366 3473 3432 θαλασσῶν,
3516 3370 3625 3422 καὶ
3671 3384 3770 3423 οτι⁵
3868 3366 3869 3369 “

2219 3471 2402 3540 τόγας
2429 3470 2637 3534 ὑετοῦ,
2686 3468 2788 3522 καὶ
2829 3466 3054 3537 ἡμέρας
3102 3461 3316 3527 αἰῶνος
3352 3461 3445 3525 τίς
3479 3460 3760 3531 ἐξαριθμῂ

2209 3575 2340 3623 cret;
2373 3560 2560 3614 Ταῦτά
2593 3576 2757 3631 φησιν
2792 3560 2821 3612 ὁ
2860 3556 3139 3630 Ὠριγένης
3181 3551 3540 3619 σπουδάζων,
3573 3555 3673 3607 καὶ
3704 3555 3766 3623 Ep

2208 3647 2297 3707 οἷα
2327 3652 2532 3717 παίζει.

2205 3910 2301 3949 rus
2351 3895 2584 3956 dierum.
2634 3896 2796 3950 etiam
2832 3895 3179 3965 Origeniane.
3228 3901 3283 3948 et
3302 3894 3468 3965 juxta
3523 3894 3653 3950 illos
3698 3898 3765 3963 qui

2205 3966 2278 4020 ita
2301 3967 2603 4021 extendunt
2645 3966 2760 4021 dics
2802 3982 2898 4022 sex
2934 3964 3253 4026 Creationis,
3288 3964 3451 4035 facile
3499 3965 3636 4018 iniri
3676 3982 3769 4035 pus-

2204 4037 2297 4091 sit.
2322 4036 2526 4091 Contra
2556 4038 2698 4091 hanc
2721 4037 3045 4091 sententiam
3077 4035 3310 4090 aestimat
3349 4033 3653 4091 Cornelius
3675 4033 3769 4105 pro-

2204 4109 2511 4162 nuntiatum
2557 4124 2585 4160 a
2629 4105 2883 4161 Patribus
2932 4105 3396 4160 Lateranensibus
3441 4124 3456 4160 :
3502 4104 3604 4161 sed
3660 4106 3768 4160 mihi

2208 4179 2405 4232 melius
2434 4186 2621 4233 censet
2651 4176 2715 4231 D.
2750 4175 3010 4243 Thomas,
3033 4177 3194 4245 cujus
3216 4176 3427 4228 utinam
3459 4175 3522 4229 in
3556 4191 3765 4230 censen-

2207 4246 2318 4319 dis
2352 4249 2621 4319 dOgmatis
2674 4248 2998 4319 modestiam
3041 4254 3094 4300 et
3145 4246 3475 4302 soliditatem
3538 4246 3769 4319 iuniores

2208 4317 2365 4372 multi
2400 4317 2765 4381 imitarentur,
2800 4333 2900 4373 nec
2932 4317 3039 4372 nisi
3075 4332 3142 4370 ex
3187 4326 3368 4369 mente
3395 4318 3771 4377 conciliorum,

2206 4389 2296 4452 cui
2325 4389 2486 4443 verba
2517 4390 2717 4444 debent
2746 4389 3021 4457 componi,
3061 4387 3114 4440 in
3156 4385 3422 4455 ejusmodi
3459 4387 3771 4457 pronunti:-

2204 4466 2346 4513 rent.
2380 4459 2678 4513 Damnatus
2704 4474 2835 4528 ergo
2869 4454 3031 4513 fuerit
3052 4454 3241 4528 carcer
3272 4457 3363 4511 ille
3395 4454 3648 4528 damnati
3672 4454 3773 4510 0n-

2204 4530 2380 4597 genis,
2410 4539 2463 4585 et
2494 4528 2729 4583 mundus
2754 4527 2843 4583 ille
2874 4539 2998 4584 ante
3028 4527 3296 4581 Adamum
3318 4542 3411 4581 sex
3437 4527 3593 4580 mille
3611 4528 3771 4589 annis,

2205 4599 2401 4667 plenus
2433 4600 2774 4670 incorporeis
2805 4599 3119 4670 hominibus
3145 4612 3241 4652 seu
3286 4612 3392 4670 non
3434 4598 3767 4655 carnalibus,

2205 4676 2259 4722 et
2297 4670 2562 4726 hactenus
2583 4667 2823 4739 angelis;
2871 4668 3133 4738 spiritalis
3160 4680 3291 4739 vero
3317 4667 3406 4739 ille
3426 4673 3489 4739 et
3525 4683 3653 4739 vere
3686 4682 3774 4720 ano

2203 4741 2433 4809 gelicus,
2466 4756 2624 4809 quem
2658 4735 2819 4793 nemo
2848 4735 3068 4793 Patrum
3093 4738 3299 4792 erroris
3326 4737 3382 4790 in
3417 4735 3524 4791 (ide
3549 4737 3774 4809 insimu-

2204 4807 2352 4873 larit,
2384 4807 2607 4875 Basilio,
2642 4808 2925 4879 Gregorio,
2949 4819 3077 4872 etc.,
3108 4809 3320 4879 ipsique
3348 4813 3543 4879 nostro
3572 4807 3777 4879 {letho-

2203 4881 2314 4945 dio,
2338 4890 2602 4951 quantum
2624 4896 2691 4935 cx
2714 4875 2875 4935 dictis
2898 4875 3462 4951 colligim'us,'_vindice
3482 4875 3543 4930 S.
3571 4875 3774 4930 Thom:

2203 4959 2256 5022 et
2283 4948 2489 5022 Angelo
2511 4950 2742 5015 Scholia,
2763 4948 3064 5021 probabilis
3079 4948 3390 5022 constiterit
3419 4961 3772 5022 :_quanquam

2202 5017 2396 5076 eidenf
2411 5023 2640 5091 ejusque
2668 5017 2975 5092 discipulis,
2999 5035 3139 5092 quos
3162 5018 3397 5092 agimus,
3420 5017 3770 5092 simultanea,

2204 5101 2263 5145 ut
2289 5087 2456 5147 unius
2484 5087 2693 5158 mundi,
2746 5087 2953 5146 creatio
2984 5087 3249 5152 omnium,
3282 5088 3626 5157 probabilior
3655 5087 3771 5142 fue-

2202 5163 2294 5216 rit.
2325 5162 2445 5218 Non
2483 5164 2624 5216 male
2650 5163 2717 5216 de
2746 5162 2830 5216 his
2857 5161 3135 5217 Escalant.
3176 5158 3370 5229 Clypeo
3392 5158 3701 5213 concinnat.

2274 5233 2388 5304 (30)
2419 5232 2642 5304 Πατήρ.
2677 5231 2988 5304 Legendum
3018 5230 3241 5304 omnino
3259 5228 3488 5304 _videtur
3516 5228 3771 5304 m_tqu;;.

2205 5298 2295 5356 Sic
2322 5298 2490 5367 enim,
2531 5298 2625 5358 ubi
2658 5303 2726 5357 de
2761 5298 3067 5365 creatione,
3125 5300 3274 5368 loqui
3328 5306 3530 5368 amant
3576 5298 3771 5351 Patres

2201 5370 2411 5439 Graeci;
2453 5374 2652 5443 quibus
2687 5372 2832 5443 Deus
2864 5367 3324 5443 diciturﬁmtnﬁjg
3342 5368 3465 5443 δῶν
3495 5367 3635 5421 ὅλων
3666 5368 3771 5443 Et

2200 5436 2546 5527 ξημεουὶθςτδςο
2579 5443 2662 5499 εῖν
2683 5442 2964 5527 iusim
2993 5436 3220 5527 εοέτοηεοξ
3232 5436 3304 5527 9"!
3318 5438 3566 5527 στεξςξι
3585 5436 3768 5527 ιιιὲἓέ

2200 5505 2536 5585 ᾼῇἱοίοςζί,
2585 5530 2643 5569 n.
2691 5513 2782 5569 20.
2830 5513 2967 5568 Hinc
2995 5510 3337 5585 reformanda
3365 5509 3547 5585 νει-δίο
3591 5505 3768 5585 :_Cut

2203 5578 2344 5639 Deus
2373 5578 2750 5639 iiihit'omninn
2778 5593 3022 5652 operatus
3058 5583 3129 5637 si!
3158 5589 3230 5652 ret
3268 5580 3574 5652 aequarit,_
3596 5578 3768 5633 Ern-

2201 5670 2395 5711 c'ronis
2425 5656 2722 5709 nantium...
2758 5649 2952 5707 caruit.
2986 5651 3171 5707 Mirari
3202 5654 3352 5706 subit
3382 5651 3529 5704 hunc
3559 5649 3763 5709 limum,

2201 5741 2311 5779 non
2367 5726 2541 5781 solum
2605 5723 2937 5795 Schottum,_
2977 5722 3070 5778 sed
3124 5728 3179 5777 et
3231 5719 3624 5777 Comheiisium
3681 5718 3767 5774 [ιι-

2198 5795 2364 5866 gisse.
