  <div class='ocr_page' id='page_1' title='image "/cluster/home/n/w/nwhite01/storage/ocr_20150623/18/mdp.39015008168943/182.png"; bbox 0 0 3962 6278; ppageno 0'>
   <div class='ocr_carea' id='block_1_1' title="bbox 25 324 3440 402">
    <p class='ocr_par' dir='ltr' id='par_1_1' title="bbox 25 324 3440 402">
     <span class='ocr_line' id='line_1_1' title="bbox 25 324 3440 402; baseline 0.002 -8"><span class='ocrx_word' id='word_1_1' title='bbox 25 324 99 382; x_wconf 73' lang='lat' dir='ltr'><strong>l9</strong></span> <span class='ocrx_word' id='word_1_2' title='bbox 1299 341 1536 398; x_wconf 70' lang='lat' dir='ltr'><strong>saeuo</strong></span> <span class='ocrx_word' id='word_1_3' title='bbox 1577 341 1663 396; x_wconf 75' lang='lat' dir='ltr'><strong>ne</strong></span> <span class='ocrx_word' id='word_1_4' title='bbox 1706 341 2009 399; x_wconf 82' lang='lat' dir='ltr'><strong>SIMEONE</strong></span> <span class='ocrx_word' id='word_1_5' title='bbox 2045 340 2135 397; x_wconf 88' lang='lat' dir='ltr'><strong>ET</strong></span> <span class='ocrx_word' id='word_1_6' title='bbox 2171 338 2412 397; x_wconf 50' lang='lat' dir='ltr'><strong>ANNA.‘</strong></span> <span class='ocrx_word' id='word_1_7' title='bbox 3335 346 3440 402; x_wconf 77' lang='lat'><strong>550</strong></span> 
     </span>
    </p>
   </div>
   <div class='ocr_carea' id='block_1_2' title="bbox 25 438 1775 530">
    <p class='ocr_par' dir='ltr' id='par_1_2' title="bbox 25 443 1773 529">
     <span class='ocr_line' id='line_1_2' title="bbox 25 443 1773 529; baseline 0.002 -22"><span class='ocrx_word' id='word_1_8' title='bbox 25 443 103 514; x_wconf 73' lang='grc' dir='ltr'>ἧς</span> <span class='ocrx_word' id='word_1_9' title='bbox 143 445 494 520; x_wconf 75' lang='grc' dir='ltr'><strong>ἐμψύχου</strong></span> <span class='ocrx_word' id='word_1_10' title='bbox 543 453 875 522; x_wconf 76' lang='grc' dir='ltr'>κιϐωτοῦ,</span> <span class='ocrx_word' id='word_1_11' title='bbox 924 456 1000 520; x_wconf 84' lang='grc' dir='ltr'><strong>ὡς</strong></span> <span class='ocrx_word' id='word_1_12' title='bbox 1032 456 1124 509; x_wconf 75' lang='grc' dir='ltr'><strong>ἐπὶ</strong></span> <span class='ocrx_word' id='word_1_13' title='bbox 1169 454 1499 529; x_wconf 77' lang='grc' dir='ltr'><strong>ἱλαστήριον,</strong></span> <span class='ocrx_word' id='word_1_14' title='bbox 1533 456 1627 510; x_wconf 70' lang='grc' dir='ltr'><strong>ἐπὶ</strong></span> <span class='ocrx_word' id='word_1_15' title='bbox 1670 457 1773 526; x_wconf 84' lang='grc' dir='ltr'><strong>γῆς</strong></span> 
     </span>
    </p>
   </div>
   <div class='ocr_carea' id='block_1_3' title="bbox 1878 438 3444 530">
    <p class='ocr_par' dir='ltr' id='par_1_3' title="bbox 1878 438 3444 530">
     <span class='ocr_line' id='line_1_3' title="bbox 1878 438 3444 530; baseline 0.004 -20"><span class='ocrx_word' id='word_1_16' title='bbox 1878 456 2176 526; x_wconf 84' lang='lat' dir='ltr'><strong>respiciens</strong></span> <span class='ocrx_word' id='word_1_17' title='bbox 2223 457 2286 512; x_wconf 81' lang='grc'><strong>¹¹.</strong></span> <span class='ocrx_word' id='word_1_18' title='bbox 2344 454 2408 510; x_wconf 85' lang='grc' dir='ltr'>1η</span> <span class='ocrx_word' id='word_1_19' title='bbox 2457 438 2674 526; x_wconf 69' lang='lat' dir='ltr'><strong>propria</strong></span> <span class='ocrx_word' id='word_1_20' title='bbox 2719 455 2982 521; x_wconf 83' lang='lat' dir='ltr'><strong>Dominus</strong></span> <span class='ocrx_word' id='word_1_21' title='bbox 3050 461 3329 530; x_wconf 71' lang='lat' dir='ltr'><strong>manifeste</strong></span> <span class='ocrx_word' id='word_1_22' title='bbox 3359 476 3444 516; x_wconf 86' lang='lat' dir='ltr'><strong>ve-</strong></span> 
     </span>
    </p>
   </div>
   <div class='ocr_carea' id='block_1_4' title="bbox 25 536 1775 624">
    <p class='ocr_par' dir='ltr' id='par_1_4' title="bbox 25 536 1769 619">
     <span class='ocr_line' id='line_1_4' title="bbox 25 536 1769 619; baseline 0.005 -29"><span class='ocrx_word' id='word_1_23' title='bbox 25 536 388 610; x_wconf 64' lang='lat' dir='ltr'><strong>npmsﬁat.</strong></span> <span class='ocrx_word' id='word_1_24' title='bbox 414 543 723 619; x_wconf 75' lang='grc' dir='ltr'>Ταύτης</span> <span class='ocrx_word' id='word_1_25' title='bbox 750 546 1103 617; x_wconf 78' lang='grc' dir='ltr'>προσψαύσας</span> <span class='ocrx_word' id='word_1_26' title='bbox 1129 546 1386 618; x_wconf 80' lang='grc' dir='ltr'><strong>τελώνης,</strong></span> <span class='ocrx_word' id='word_1_27' title='bbox 1418 547 1621 610; x_wconf 86' lang='grc' dir='ltr'>δίκαιος</span> <span class='ocrx_word' id='word_1_28' title='bbox 1649 546 1769 599; x_wconf 89' lang='grc' dir='ltr'>ἀνα-</span> 
     </span>
    </p>
   </div>
   <div class='ocr_carea' id='block_1_5' title="bbox 1878 536 3440 624">
    <p class='ocr_par' dir='ltr' id='par_1_5' title="bbox 1878 549 3440 624">
     <span class='ocr_line' id='line_1_5' title="bbox 1878 549 3440 624; baseline 0.004 -22"><span class='ocrx_word' id='word_1_29' title='bbox 1878 550 1947 603; x_wconf 83' lang='grc' dir='ltr'>ηἱι</span> <span class='ocrx_word' id='word_1_30' title='bbox 1981 549 2055 615; x_wconf 82' lang='grc'><strong>¹³;</strong></span> <span class='ocrx_word' id='word_1_31' title='bbox 2095 551 2340 618; x_wconf 74' lang='lat' dir='ltr'><strong>vivteque</strong></span> <span class='ocrx_word' id='word_1_32' title='bbox 2371 557 2422 603; x_wconf 91' lang='lat' dir='ltr'><strong>et</strong></span> <span class='ocrx_word' id='word_1_33' title='bbox 2451 549 2704 605; x_wconf 63' lang='lat' dir='ltr'><strong>animatae</strong></span> <span class='ocrx_word' id='word_1_34' title='bbox 2746 565 2907 616; x_wconf 64' lang='lat' dir='ltr'><strong>arcae,</strong></span> <span class='ocrx_word' id='word_1_35' title='bbox 2940 565 3040 607; x_wconf 91' lang='lat' dir='ltr'><strong>ceu</strong></span> <span class='ocrx_word' id='word_1_36' title='bbox 3061 554 3440 624; x_wconf 71' lang='lat' dir='ltr'><strong>propitiatorio</strong></span> 
     </span>
    </p>
   </div>
   <div class='ocr_carea' id='block_1_6' title="bbox 25 627 1769 710">
    <p class='ocr_par' dir='ltr' id='par_1_6' title="bbox 25 627 1769 710">
     <span class='ocr_line' id='line_1_6' title="bbox 25 627 1769 710; baseline 0.007 -30"><span class='ocrx_word' id='word_1_37' title='bbox 25 627 397 686; x_wconf 74' lang='grc' dir='ltr'>εἰκνυτεκι.</span> <span class='ocrx_word' id='word_1_38' title='bbox 473 635 734 710; x_wconf 76' lang='grc' dir='ltr'>Ταύτῃ</span> <span class='ocrx_word' id='word_1_39' title='bbox 805 636 1229 709; x_wconf 81' lang='grc' dir='ltr'>προσπελάσασα</span> <span class='ocrx_word' id='word_1_40' title='bbox 1283 636 1478 707; x_wconf 82' lang='grc' dir='ltr'>πόρνη,</span> <span class='ocrx_word' id='word_1_41' title='bbox 1538 634 1769 706; x_wconf 75' lang='grc' dir='ltr'>σώφρων</span> 
     </span>
    </p>
   </div>
   <div class='ocr_carea' id='block_1_7' title="bbox 25 723 1768 806">
    <p class='ocr_par' dir='ltr' id='par_1_7' title="bbox 25 723 1768 806">
     <span class='ocr_line' id='line_1_7' title="bbox 25 723 1768 806; baseline 0.004 -32"><span class='ocrx_word' id='word_1_42' title='bbox 25 723 578 786; x_wconf 75' lang='grc' dir='ltr'>ιναπλάττεται.</span> <span class='ocrx_word' id='word_1_43' title='bbox 619 732 830 806; x_wconf 81' lang='grc' dir='ltr'>Ταύτῃ</span> <span class='ocrx_word' id='word_1_44' title='bbox 865 731 1019 797; x_wconf 80' lang='grc' dir='ltr'>θίξας</span> <span class='ocrx_word' id='word_1_45' title='bbox 1051 730 1273 802; x_wconf 79' lang='grc' dir='ltr'>λεπρὸς,</span> <span class='ocrx_word' id='word_1_46' title='bbox 1308 728 1593 793; x_wconf 81' lang='grc' dir='ltr'><strong>ἀνωδύνως</strong></span> <span class='ocrx_word' id='word_1_47' title='bbox 1632 729 1768 781; x_wconf 85' lang='grc' dir='ltr'>ἀνα-</span> 
     </span>
    </p>
   </div>
   <div class='ocr_carea' id='block_1_8' title="bbox 25 816 1770 891">
    <p class='ocr_par' dir='ltr' id='par_1_8' title="bbox 25 816 1770 891">
     <span class='ocr_line' id='line_1_8' title="bbox 25 816 1770 891; baseline 0.002 -22"><span class='ocrx_word' id='word_1_48' title='bbox 25 816 477 885; x_wconf 71' lang='grc' dir='ltr'>[αλκεύεταιῖ</span> <span class='ocrx_word' id='word_1_49' title='bbox 560 824 803 878; x_wconf 74' lang='grc' dir='ltr'>Οὐδένα</span> <span class='ocrx_word' id='word_1_50' title='bbox 859 823 1194 877; x_wconf 81' lang='grc' dir='ltr'>ἀπωθεῖται·</span> <span class='ocrx_word' id='word_1_51' title='bbox 1249 820 1442 875; x_wconf 81' lang='grc' dir='ltr'><strong>οὐδένα</strong></span> <span class='ocrx_word' id='word_1_52' title='bbox 1485 820 1770 891; x_wconf 84' lang='grc' dir='ltr'>βδελύσσε-</span> 
     </span>
    </p>
   </div>
   <div class='ocr_carea' id='block_1_9' title="bbox 25 910 1770 984">
    <p class='ocr_par' dir='ltr' id='par_1_9' title="bbox 25 910 1770 984">
     <span class='ocr_line' id='line_1_9' title="bbox 25 910 1770 984; baseline 0.003 -24"><span class='ocrx_word' id='word_1_53' title='bbox 25 923 157 963; x_wconf 72' lang='lat' dir='ltr'><strong>tat.</strong></span> <span class='ocrx_word' id='word_1_54' title='bbox 231 910 629 967; x_wconf 80' lang='grc' dir='ltr'>Μεταδιδοϊ</span> <span class='ocrx_word' id='word_1_55' title='bbox 696 915 801 969; x_wconf 86' lang='grc' dir='ltr'><strong>τῶν</strong></span> <span class='ocrx_word' id='word_1_56' title='bbox 838 913 1112 983; x_wconf 83' lang='grc' dir='ltr'>ὑγιεινῶν,</span> <span class='ocrx_word' id='word_1_57' title='bbox 1172 914 1233 966; x_wconf 80' lang='grc' dir='ltr'>οὐ</span> <span class='ocrx_word' id='word_1_58' title='bbox 1279 912 1770 984; x_wconf 77' lang='grc' dir='ltr'>μεταλαμϐάνουσα</span> 
     </span>
    </p>
   </div>
   <div class='ocr_carea' id='block_1_10' title="bbox 25 999 1771 1080">
    <p class='ocr_par' dir='ltr' id='par_1_10' title="bbox 25 999 1771 1080">
     <span class='ocr_line' id='line_1_10' title="bbox 25 999 1771 1080; baseline 0.003 -27"><span class='ocrx_word' id='word_1_59' title='bbox 25 999 163 1054; x_wconf 73' lang='grc' dir='ltr'><strong>τῶν</strong></span> <span class='ocrx_word' id='word_1_60' title='bbox 203 1004 557 1076; x_wconf 82' lang='grc' dir='ltr'>νοσερῶν·</span> <span class='ocrx_word' id='word_1_61' title='bbox 630 1010 669 1061; x_wconf 81' lang='grc' dir='ltr'>ὁ</span> <span class='ocrx_word' id='word_1_62' title='bbox 719 1008 826 1080; x_wconf 83' lang='grc' dir='ltr'><strong>γὰρ</strong></span> <span class='ocrx_word' id='word_1_63' title='bbox 853 1008 954 1078; x_wconf 78' lang='grc' dir='ltr'>τῆς</span> <span class='ocrx_word' id='word_1_64' title='bbox 983 1005 1394 1078; x_wconf 79' lang='grc' dir='ltr'><strong>φιλανθρωπίας</strong></span> <span class='ocrx_word' id='word_1_65' title='bbox 1437 1005 1641 1076; x_wconf 85' lang='grc' dir='ltr'>Κύριος</span> <span class='ocrx_word' id='word_1_66' title='bbox 1673 1007 1771 1059; x_wconf 86' lang='grc' dir='ltr'><strong>ὲπ-</strong></span> 
     </span>
    </p>
   </div>
   <div class='ocr_carea' id='block_1_11' title="bbox 25 1095 1773 1172">
    <p class='ocr_par' dir='ltr' id='par_1_11' title="bbox 25 1095 1773 1172">
     <span class='ocr_line' id='line_1_11' title="bbox 25 1095 1773 1172; baseline -0.001 -23"><span class='ocrx_word' id='word_1_67' title='bbox 25 1095 484 1152; x_wconf 74' lang='grc' dir='ltr'>αναπαὺεται</span> <span class='ocrx_word' id='word_1_68' title='bbox 544 1101 737 1172; x_wconf 80' lang='grc' dir='ltr'>αὐτῇ.</span> <span class='ocrx_word' id='word_1_69' title='bbox 784 1101 967 1153; x_wconf 77' lang='grc' dir='ltr'>Ταῦτα</span> <span class='ocrx_word' id='word_1_70' title='bbox 1011 1100 1110 1170; x_wconf 79' lang='grc' dir='ltr'>τῆς</span> <span class='ocrx_word' id='word_1_71' title='bbox 1150 1099 1277 1162; x_wconf 83' lang='grc' dir='ltr'>νέας</span> <span class='ocrx_word' id='word_1_72' title='bbox 1316 1098 1539 1169; x_wconf 83' lang='grc' dir='ltr'>χάριτος</span> <span class='ocrx_word' id='word_1_73' title='bbox 1569 1096 1639 1149; x_wconf 80' lang='grc' dir='ltr'>τὰ</span> <span class='ocrx_word' id='word_1_74' title='bbox 1670 1095 1773 1149; x_wconf 90' lang='grc' dir='ltr'>δω-</span> 
     </span>
    </p>
   </div>
   <div class='ocr_carea' id='block_1_12' title="bbox 33 1187 1769 1264">
    <p class='ocr_par' dir='ltr' id='par_1_12' title="bbox 33 1187 1769 1264">
     <span class='ocr_line' id='line_1_12' title="bbox 33 1187 1769 1264; baseline 0 -23"><span class='ocrx_word' id='word_1_75' title='bbox 33 1188 354 1260; x_wconf 73' lang='grc' dir='ltr'>ρήματα.</span> <span class='ocrx_word' id='word_1_76' title='bbox 415 1191 644 1247; x_wconf 74' lang='grc' dir='ltr'>Τοῦτο</span> <span class='ocrx_word' id='word_1_77' title='bbox 694 1194 1000 1264; x_wconf 87' lang='grc' dir='ltr'>πρόσφατον</span> <span class='ocrx_word' id='word_1_78' title='bbox 1042 1193 1266 1260; x_wconf 83' lang='grc' dir='ltr'>γέγονεν</span> <span class='ocrx_word' id='word_1_79' title='bbox 1313 1191 1418 1243; x_wconf 84' lang='grc' dir='ltr'><strong>ὑπὸ</strong></span> <span class='ocrx_word' id='word_1_80' title='bbox 1456 1189 1547 1243; x_wconf 80' lang='grc' dir='ltr'>τὸν</span> <span class='ocrx_word' id='word_1_81' title='bbox 1600 1187 1769 1259; x_wconf 78' lang='grc' dir='ltr'>ἣλιον,</span> 
     </span>
    </p>
   </div>
   <div class='ocr_carea' id='block_1_13' title="bbox 36 1277 1768 1355">
    <p class='ocr_par' dir='ltr' id='par_1_13' title="bbox 36 1277 1768 1355">
     <span class='ocr_line' id='line_1_13' title="bbox 36 1277 1768 1355; baseline 0.001 -25"><span class='ocrx_word' id='word_1_82' title='bbox 36 1279 120 1331; x_wconf 74' lang='grc' dir='ltr'>οὺ</span> <span class='ocrx_word' id='word_1_83' title='bbox 165 1280 392 1334; x_wconf 72' lang='grc' dir='ltr'>’πάλαι</span> <span class='ocrx_word' id='word_1_84' title='bbox 460 1283 749 1351; x_wconf 83' lang='grc' dir='ltr'>γεγονὸς,</span> <span class='ocrx_word' id='word_1_85' title='bbox 797 1283 901 1335; x_wconf 79' lang='grc' dir='ltr'>οὐδ’</span> <span class='ocrx_word' id='word_1_86' title='bbox 938 1277 1004 1337; x_wconf 79' lang='grc' dir='ltr'>αὖ</span> <span class='ocrx_word' id='word_1_87' title='bbox 1051 1282 1348 1355; x_wconf 84' lang='grc' dir='ltr'>μετέπειτα</span> <span class='ocrx_word' id='word_1_88' title='bbox 1387 1279 1768 1351; x_wconf 85' lang='grc' dir='ltr'>γενησόμενον.</span> 
     </span>
    </p>
   </div>
   <div class='ocr_carea' id='block_1_14' title="bbox 43 1374 1773 1450">
    <p class='ocr_par' dir='ltr' id='par_1_14' title="bbox 43 1374 1773 1450">
     <span class='ocr_line' id='line_1_14' title="bbox 43 1374 1773 1450; baseline 0 -23"><span class='ocrx_word' id='word_1_89' title='bbox 43 1374 426 1448; x_wconf 83' lang='grc' dir='ltr'>Προὼρισε</span> <span class='ocrx_word' id='word_1_90' title='bbox 469 1376 616 1450; x_wconf 75' lang='grc'><strong>(58)</strong></span> <span class='ocrx_word' id='word_1_91' title='bbox 659 1378 725 1432; x_wconf 87' lang='grc' dir='ltr'><strong>δι’</strong></span> <span class='ocrx_word' id='word_1_92' title='bbox 763 1375 943 1433; x_wconf 76' lang='grc' dir='ltr'>οἶκτον</span> <span class='ocrx_word' id='word_1_93' title='bbox 972 1378 1066 1432; x_wconf 79' lang='grc' dir='ltr'>τὸν</span> <span class='ocrx_word' id='word_1_94' title='bbox 1110 1377 1248 1448; x_wconf 80' lang='grc' dir='ltr'>πρὸς</span> <span class='ocrx_word' id='word_1_95' title='bbox 1284 1379 1450 1449; x_wconf 77' lang='grc' dir='ltr'>ἡμᾶς,</span> <span class='ocrx_word' id='word_1_96' title='bbox 1483 1374 1633 1450; x_wconf 83' lang='grc' dir='ltr'>ἦλθε,</span> <span class='ocrx_word' id='word_1_97' title='bbox 1676 1374 1773 1428; x_wconf 81' lang='grc' dir='ltr'>καὶ</span> 
     </span>
    </p>
   </div>
   <div class='ocr_carea' id='block_1_15' title="bbox 28 1466 1769 1542">
    <p class='ocr_par' dir='ltr' id='par_1_15' title="bbox 28 1466 1769 1542">
     <span class='ocr_line' id='line_1_15' title="bbox 28 1466 1769 1542; baseline 0.002 -21"><span class='ocrx_word' id='word_1_98' title='bbox 28 1466 428 1540; x_wconf 74' lang='grc' dir='ltr'>’ὲπλήρωσε</span> <span class='ocrx_word' id='word_1_99' title='bbox 474 1469 588 1523; x_wconf 84' lang='grc' dir='ltr'><strong>διὰ</strong></span> <span class='ocrx_word' id='word_1_100' title='bbox 644 1469 1052 1542; x_wconf 84' lang='grc' dir='ltr'>φιλανθρωπίαν</span> <span class='ocrx_word' id='word_1_101' title='bbox 1095 1469 1194 1542; x_wconf 83' lang='grc' dir='ltr'>τὴν</span> <span class='ocrx_word' id='word_1_102' title='bbox 1248 1469 1397 1540; x_wconf 82' lang='grc' dir='ltr'><strong>αὑτῷ</strong></span> <span class='ocrx_word' id='word_1_103' title='bbox 1432 1470 1769 1542; x_wconf 85' lang='grc' dir='ltr'>πρέπουσαν.</span> 
     </span>
    </p>
   </div>
   <div class='ocr_carea' id='block_1_16' title="bbox 61 1557 1772 1635">
    <p class='ocr_par' dir='ltr' id='par_1_16' title="bbox 61 1557 1772 1635">
     <span class='ocr_line' id='line_1_16' title="bbox 61 1557 1772 1635; baseline 0.002 -22"><span class='ocrx_word' id='word_1_104' title='bbox 61 1557 375 1627; x_wconf 81' lang='grc' dir='ltr'><strong>Εἰκότως</strong></span> <span class='ocrx_word' id='word_1_105' title='bbox 434 1562 600 1632; x_wconf 74' lang='grc' dir='ltr'>γοῦν</span> <span class='ocrx_word' id='word_1_106' title='bbox 660 1565 754 1617; x_wconf 78' lang='grc' dir='ltr'>καὶ</span> <span class='ocrx_word' id='word_1_107' title='bbox 795 1564 1094 1635; x_wconf 77' lang='grc' dir='ltr'>ἀνέκραγεν</span> <span class='ocrx_word' id='word_1_108' title='bbox 1138 1565 1171 1635; x_wconf 82' lang='grc' dir='ltr'>ὴ</span> <span class='ocrx_word' id='word_1_109' title='bbox 1210 1562 1331 1632; x_wconf 74' lang='grc' dir='ltr'>ἱερὰ</span> <span class='ocrx_word' id='word_1_110' title='bbox 1377 1563 1631 1631; x_wconf 83' lang='grc' dir='ltr'>σάλπιγξ·</span> <span class='ocrx_word' id='word_1_111' title='bbox 1694 1564 1772 1617; x_wconf 86' lang='grc' dir='ltr'><strong>Τὰ</strong></span> 
     </span>
    </p>
   </div>
   <div class='ocr_carea' id='block_1_17' title="bbox 69 1652 1775 1730">
    <p class='ocr_par' dir='ltr' id='par_1_17' title="bbox 69 1652 1768 1725">
     <span class='ocr_line' id='line_1_17' title="bbox 69 1652 1768 1725; baseline 0.001 -18"><span class='ocrx_word' id='word_1_112' title='bbox 69 1652 349 1722; x_wconf 84' lang='grc' dir='ltr'>ἀρχαῖα</span> <span class='ocrx_word' id='word_1_113' title='bbox 384 1654 768 1723; x_wconf 78' lang='grc' dir='ltr'>παρῆλθεν·</span> <span class='ocrx_word' id='word_1_114' title='bbox 805 1655 934 1709; x_wconf 78' lang='grc' dir='ltr'>ίδοὺ</span> <span class='ocrx_word' id='word_1_115' title='bbox 981 1655 1190 1725; x_wconf 76' lang='grc' dir='ltr'>γέγονε</span> <span class='ocrx_word' id='word_1_116' title='bbox 1237 1654 1307 1707; x_wconf 87' lang='grc' dir='ltr'>τὰ</span> <span class='ocrx_word' id='word_1_117' title='bbox 1342 1654 1538 1707; x_wconf 83' lang='grc' dir='ltr'>πάντα</span> <span class='ocrx_word' id='word_1_118' title='bbox 1574 1654 1768 1710; x_wconf 82' lang='grc' dir='ltr'>καινά.</span> 
     </span>
    </p>
   </div>
   <div class='ocr_carea' id='block_1_18' title="bbox 1878 1652 3447 1730">
    <p class='ocr_par' dir='ltr' id='par_1_18' title="bbox 1878 1654 3447 1730">
     <span class='ocr_line' id='line_1_18' title="bbox 1878 1654 3447 1730; baseline 0.006 -24"><span class='ocrx_word' id='word_1_119' title='bbox 1878 1669 1997 1725; x_wconf 69' lang='lat' dir='ltr'><strong>erga</strong></span> <span class='ocrx_word' id='word_1_120' title='bbox 2031 1654 2329 1708; x_wconf 89' lang='lat' dir='ltr'><strong>humanum</strong></span> <span class='ocrx_word' id='word_1_121' title='bbox 2364 1671 2536 1725; x_wconf 90' lang='lat' dir='ltr'><strong>genus</strong></span> <span class='ocrx_word' id='word_1_122' title='bbox 2567 1658 2948 1727; x_wconf 89' lang='lat' dir='ltr'><strong>pr0pensione,</strong></span> <span class='ocrx_word' id='word_1_123' title='bbox 3004 1658 3121 1729; x_wconf 89' lang='lat' dir='ltr'><strong>ipse</strong></span> <span class='ocrx_word' id='word_1_124' title='bbox 3179 1660 3447 1730; x_wconf 84' lang='lat' dir='ltr'><strong>adimple-</strong></span> 
     </span>
    </p>
   </div>
   <div class='ocr_carea' id='block_1_19' title="bbox 42 1744 1775 1825">
    <p class='ocr_par' dir='ltr' id='par_1_19' title="bbox 42 1745 1768 1825">
     <span class='ocr_line' id='line_1_19' title="bbox 42 1745 1768 1825; baseline -0.001 -26"><span class='ocrx_word' id='word_1_125' title='bbox 42 1747 219 1825; x_wconf 50' lang='grc' dir='ltr'><strong>εΚαὶ</strong></span> <span class='ocrx_word' id='word_1_126' title='bbox 256 1746 322 1799; x_wconf 79' lang='grc' dir='ltr'><strong>τί</strong></span> <span class='ocrx_word' id='word_1_127' title='bbox 385 1749 693 1821; x_wconf 78' lang='grc' dir='ltr'>ὲννοήσω,</span> <span class='ocrx_word' id='word_1_128' title='bbox 728 1749 761 1821; x_wconf 75' lang='grc' dir='ltr'><strong>ἢ</strong></span> <span class='ocrx_word' id='word_1_129' title='bbox 798 1749 850 1802; x_wconf 90' lang='grc' dir='ltr'><strong>τί</strong></span> <span class='ocrx_word' id='word_1_130' title='bbox 881 1747 1099 1819; x_wconf 85' lang='grc' dir='ltr'>λαλήσω</span> <span class='ocrx_word' id='word_1_131' title='bbox 1132 1745 1354 1813; x_wconf 78' lang='grc' dir='ltr'>ἐπάξιον</span> <span class='ocrx_word' id='word_1_132' title='bbox 1388 1747 1487 1818; x_wconf 83' lang='grc' dir='ltr'>τῆς</span> <span class='ocrx_word' id='word_1_133' title='bbox 1533 1748 1768 1818; x_wconf 78' lang='grc' dir='ltr'>ἡμέρας,</span> 
     </span>
    </p>
   </div>
   <div class='ocr_carea' id='block_1_20' title="bbox 1878 1744 3446 1825">
    <p class='ocr_par' dir='ltr' id='par_1_20' title="bbox 1878 1744 3446 1817">
     <span class='ocr_line' id='line_1_20' title="bbox 1878 1744 3446 1817; baseline 0.006 -20"><span class='ocrx_word' id='word_1_134' title='bbox 1878 1744 1970 1797; x_wconf 90' lang='lat' dir='ltr'><strong>vit.</strong></span> <span class='ocrx_word' id='word_1_135' title='bbox 2001 1745 2178 1810; x_wconf 74' lang='lat' dir='ltr'><strong>Quare</strong></span> <span class='ocrx_word' id='word_1_136' title='bbox 2222 1745 2350 1815; x_wconf 83' lang='lat' dir='ltr'><strong>jure</strong></span> <span class='ocrx_word' id='word_1_137' title='bbox 2382 1748 2591 1817; x_wconf 87' lang='lat' dir='ltr'><strong>optimo</strong></span> <span class='ocrx_word' id='word_1_138' title='bbox 2664 1764 2822 1803; x_wconf 87' lang='lat' dir='ltr'><strong>sacra</strong></span> <span class='ocrx_word' id='word_1_139' title='bbox 2857 1750 2947 1802; x_wconf 92' lang='lat' dir='ltr'><strong>illa</strong></span> <span class='ocrx_word' id='word_1_140' title='bbox 2982 1751 3111 1803; x_wconf 90' lang='lat' dir='ltr'><strong>tuba</strong></span> <span class='ocrx_word' id='word_1_141' title='bbox 3145 1750 3386 1805; x_wconf 90' lang='lat' dir='ltr'><strong>intonuit</strong></span> <span class='ocrx_word' id='word_1_142' title='bbox 3429 1770 3446 1809; x_wconf 90' lang='lat'><strong>:</strong></span> 
     </span>
    </p>
   </div>
   <div class='ocr_carea' id='block_1_21' title="bbox 43 1818 1775 1919">
    <p class='ocr_par' dir='ltr' id='par_1_21' title="bbox 43 1818 1773 1919">
     <span class='ocr_line' id='line_1_21' title="bbox 43 1818 1773 1919; baseline 0.001 -31"><span class='ocrx_word' id='word_1_143' title='bbox 43 1818 221 1919; x_wconf 33' lang='grc' dir='ltr'>ἐνεοῖς</span> <span class='ocrx_word' id='word_1_144' title='bbox 283 1818 663 1907; x_wconf 71' lang='grc' dir='ltr'>ἀνεφίκτοις</span> <span class='ocrx_word' id='word_1_145' title='bbox 696 1818 1174 1910; x_wconf 75' lang='grc' dir='ltr'>ἐπεκτεινόμενος;</span> <span class='ocrx_word' id='word_1_146' title='bbox 1205 1839 1365 1909; x_wconf 80' lang='grc' dir='ltr'>Φέρει</span> <span class='ocrx_word' id='word_1_147' title='bbox 1400 1838 1510 1909; x_wconf 79' lang='grc' dir='ltr'>γὰρ</span> <span class='ocrx_word' id='word_1_148' title='bbox 1555 1838 1641 1891; x_wconf 79' lang='grc' dir='ltr'>ἀεὶ</span> <span class='ocrx_word' id='word_1_149' title='bbox 1672 1839 1773 1908; x_wconf 81' lang='grc' dir='ltr'>τῆς</span> 
     </span>
    </p>
   </div>
   <div class='ocr_carea' id='block_1_22' title="bbox 1878 1818 3443 1919">
    <p class='ocr_par' dir='ltr' id='par_1_22' title="bbox 1885 1835 3443 1908">
     <span class='ocr_line' id='line_1_22' title="bbox 1885 1835 3443 1908; baseline 0.006 -20"><span class='ocrx_word' id='word_1_150' title='bbox 1885 1835 2069 1890; x_wconf 86' lang='lat' dir='ltr'><strong>Vetera</strong></span> <span class='ocrx_word' id='word_1_151' title='bbox 2105 1838 2470 1902; x_wconf 85' lang='lat' dir='ltr'><strong>transierunt;</strong></span> <span class='ocrx_word' id='word_1_152' title='bbox 2508 1855 2622 1892; x_wconf 88' lang='lat' dir='ltr'><strong>ecce</strong></span> <span class='ocrx_word' id='word_1_153' title='bbox 2651 1840 2797 1908; x_wconf 77' lang='lat' dir='ltr'><strong>facta</strong></span> <span class='ocrx_word' id='word_1_154' title='bbox 2828 1848 2950 1893; x_wconf 89' lang='lat' dir='ltr'><strong>sunt</strong></span> <span class='ocrx_word' id='word_1_155' title='bbox 2993 1843 3171 1895; x_wconf 80' lang='lat' dir='ltr'><strong>omnia</strong></span> <span class='ocrx_word' id='word_1_156' title='bbox 3213 1860 3349 1897; x_wconf 82' lang='lat' dir='ltr'><strong>nova</strong></span> <span class='ocrx_word' id='word_1_157' title='bbox 3378 1843 3443 1897; x_wconf 70' lang='grc' dir='ltr'><strong>η.</strong></span> 
     </span>
    </p>
   </div>
   <div class='ocr_carea' id='block_1_23' title="bbox 88 1928 1775 2005">
    <p class='ocr_par' dir='ltr' id='par_1_23' title="bbox 88 1929 1775 2005">
     <span class='ocr_line' id='line_1_23' title="bbox 88 1929 1775 2005; baseline 0.002 -24"><span class='ocrx_word' id='word_1_158' title='bbox 88 1929 284 1998; x_wconf 79' lang='grc' dir='ltr'>ἁγίας</span> <span class='ocrx_word' id='word_1_159' title='bbox 326 1932 664 2005; x_wconf 75' lang='grc' dir='ltr'>Παρθένου</span> <span class='ocrx_word' id='word_1_160' title='bbox 693 1935 727 2005; x_wconf 85' lang='grc' dir='ltr'>ἡ</span> <span class='ocrx_word' id='word_1_161' title='bbox 763 1933 951 2005; x_wconf 83' lang='grc' dir='ltr'><strong>μνήμη</strong></span> <span class='ocrx_word' id='word_1_162' title='bbox 985 1931 1127 1985; x_wconf 88' lang='grc' dir='ltr'><strong>κατά</strong></span> <span class='ocrx_word' id='word_1_163' title='bbox 1160 1931 1358 1994; x_wconf 81' lang='grc' dir='ltr'>παντὸς</span> <span class='ocrx_word' id='word_1_164' title='bbox 1389 1931 1548 1999; x_wconf 80' lang='grc' dir='ltr'>λόγου</span> <span class='ocrx_word' id='word_1_165' title='bbox 1590 1931 1659 1984; x_wconf 84' lang='grc' dir='ltr'>τὰ</span> <span class='ocrx_word' id='word_1_166' title='bbox 1696 1949 1775 1985; x_wconf 87' lang='grc' dir='ltr'>νι-</span> 
     </span>
    </p>
   </div>
   <div class='ocr_carea' id='block_1_24' title="bbox 1878 1928 3448 2005">
    <p class='ocr_par' dir='ltr' id='par_1_24' title="bbox 1878 1928 3448 2002">
     <span class='ocr_line' id='line_1_24' title="bbox 1878 1928 3448 2002; baseline 0.007 -22"><span class='ocrx_word' id='word_1_167' title='bbox 1878 1928 2022 1994; x_wconf 82' lang='lat' dir='ltr'><strong>Quid</strong></span> <span class='ocrx_word' id='word_1_168' title='bbox 2049 1944 2180 1984; x_wconf 82' lang='lat' dir='ltr'><strong>vero</strong></span> <span class='ocrx_word' id='word_1_169' title='bbox 2210 1937 2390 1985; x_wconf 89' lang='lat' dir='ltr'><strong>mente</strong></span> <span class='ocrx_word' id='word_1_170' title='bbox 2420 1931 2724 2000; x_wconf 86' lang='lat' dir='ltr'><strong>concipiam</strong></span> <span class='ocrx_word' id='word_1_171' title='bbox 2752 1932 2952 2001; x_wconf 78' lang='lat' dir='ltr'><strong>quidve</strong></span> <span class='ocrx_word' id='word_1_172' title='bbox 2980 1933 3193 2002; x_wconf 90' lang='lat' dir='ltr'><strong>loquar,</strong></span> <span class='ocrx_word' id='word_1_173' title='bbox 3227 1934 3331 1989; x_wconf 88' lang='lat' dir='ltr'><strong>hac</strong></span> <span class='ocrx_word' id='word_1_174' title='bbox 3364 1936 3448 1991; x_wconf 86' lang='lat' dir='ltr'><strong>di-</strong></span> 
     </span>
    </p>
   </div>
   <div class='ocr_carea' id='block_1_25' title="bbox 44 2018 1775 2103">
    <p class='ocr_par' dir='ltr' id='par_1_25' title="bbox 44 2022 1775 2103">
     <span class='ocr_line' id='line_1_25' title="bbox 44 2022 1775 2103; baseline 0 -28"><span class='ocrx_word' id='word_1_175' title='bbox 44 2056 53 2103; x_wconf 42' lang='lat'><strong>».</strong></span> <span class='ocrx_word' id='word_1_176' title='bbox 87 2024 411 2095; x_wconf 81' lang='grc' dir='ltr'>κητήρια.</span> <span class='ocrx_word' id='word_1_177' title='bbox 472 2027 598 2080; x_wconf 80' lang='grc' dir='ltr'>Διά</span> <span class='ocrx_word' id='word_1_178' title='bbox 628 2044 710 2079; x_wconf 87' lang='grc' dir='ltr'><strong>τοι</strong></span> <span class='ocrx_word' id='word_1_179' title='bbox 741 2025 917 2090; x_wconf 77' lang='grc' dir='ltr'>τοῦτο,</span> <span class='ocrx_word' id='word_1_180' title='bbox 951 2024 1283 2093; x_wconf 79' lang='grc' dir='ltr'>δυσωπῆσαν</span> <span class='ocrx_word' id='word_1_181' title='bbox 1325 2024 1455 2093; x_wconf 80' lang='grc' dir='ltr'>ἡμῖν</span> <span class='ocrx_word' id='word_1_182' title='bbox 1486 2022 1582 2094; x_wconf 79' lang='grc' dir='ltr'>τὴν</span> <span class='ocrx_word' id='word_1_183' title='bbox 1613 2022 1775 2076; x_wconf 82' lang='grc' dir='ltr'>ἀσθέ-</span> 
     </span>
    </p>
   </div>
   <div class='ocr_carea' id='block_1_26' title="bbox 1878 2018 3450 2103">
    <p class='ocr_par' dir='ltr' id='par_1_26' title="bbox 1878 2018 3450 2089">
     <span class='ocr_line' id='line_1_26' title="bbox 1878 2018 3450 2089; baseline 0.007 -18"><span class='ocrx_word' id='word_1_184' title='bbox 1878 2035 2043 2089; x_wconf 86' lang='lat' dir='ltr'><strong>gnum</strong></span> <span class='ocrx_word' id='word_1_185' title='bbox 2081 2018 2169 2074; x_wconf 91' lang='lat' dir='ltr'><strong>die</strong></span> <span class='ocrx_word' id='word_1_186' title='bbox 2194 2019 2408 2075; x_wconf 86' lang='lat' dir='ltr'><strong>enitens</strong></span> <span class='ocrx_word' id='word_1_187' title='bbox 2456 2021 2524 2074; x_wconf 88' lang='lat' dir='ltr'><strong>ad</strong></span> <span class='ocrx_word' id='word_1_188' title='bbox 2570 2021 2930 2077; x_wconf 84' lang='lat' dir='ltr'><strong>inconcessa?</strong></span> <span class='ocrx_word' id='word_1_189' title='bbox 2975 2021 3158 2077; x_wconf 77' lang='lat' dir='ltr'><strong>Vincit</strong></span> <span class='ocrx_word' id='word_1_190' title='bbox 3204 2024 3349 2079; x_wconf 91' lang='lat' dir='ltr'><strong>enim</strong></span> <span class='ocrx_word' id='word_1_191' title='bbox 3384 2041 3450 2082; x_wconf 89' lang='lat' dir='ltr'><strong>ac</strong></span> 
     </span>
    </p>
   </div>
   <div class='ocr_carea' id='block_1_27' title="bbox 41 2113 1775 2196">
    <p class='ocr_par' dir='ltr' id='par_1_27' title="bbox 41 2113 1775 2196">
     <span class='ocr_line' id='line_1_27' title="bbox 41 2113 1775 2196; baseline 0.001 -31"><span class='ocrx_word' id='word_1_192' title='bbox 41 2188 53 2196; x_wconf 73' lang='lat'>_</span> <span class='ocrx_word' id='word_1_193' title='bbox 93 2132 280 2169; x_wconf 81' lang='grc' dir='ltr'>νειαν</span> <span class='ocrx_word' id='word_1_194' title='bbox 332 2116 408 2170; x_wconf 83' lang='grc' dir='ltr'>τὸ</span> <span class='ocrx_word' id='word_1_195' title='bbox 475 2118 729 2188; x_wconf 80' lang='grc' dir='ltr'>μέγεθος</span> <span class='ocrx_word' id='word_1_196' title='bbox 774 2117 882 2171; x_wconf 90' lang='grc' dir='ltr'><strong>τῶν</strong></span> <span class='ocrx_word' id='word_1_197' title='bbox 926 2116 1237 2187; x_wconf 77' lang='grc' dir='ltr'>ἐγκωμίων,</span> <span class='ocrx_word' id='word_1_198' title='bbox 1281 2116 1372 2168; x_wconf 75' lang='grc' dir='ltr'><strong>ἐπὶ</strong></span> <span class='ocrx_word' id='word_1_199' title='bbox 1414 2114 1505 2167; x_wconf 84' lang='grc' dir='ltr'>τὸν</span> <span class='ocrx_word' id='word_1_200' title='bbox 1554 2113 1775 2167; x_wconf 82' lang='grc' dir='ltr'>δυνατὸν</span> 
     </span>
    </p>
   </div>
   <div class='ocr_carea' id='block_1_28' title="bbox 1878 2113 3449 2196">
    <p class='ocr_par' dir='ltr' id='par_1_28' title="bbox 1878 2114 3449 2189">
     <span class='ocr_line' id='line_1_28' title="bbox 1878 2114 3449 2189; baseline 0.004 -21"><span class='ocrx_word' id='word_1_201' title='bbox 1878 2114 2039 2182; x_wconf 85' lang='lat' dir='ltr'><strong>longe</strong></span> <span class='ocrx_word' id='word_1_202' title='bbox 2091 2121 2312 2184; x_wconf 87' lang='lat' dir='ltr'><strong>superat</strong></span> <span class='ocrx_word' id='word_1_203' title='bbox 2372 2128 2589 2168; x_wconf 91' lang='lat' dir='ltr'><strong>omnem</strong></span> <span class='ocrx_word' id='word_1_204' title='bbox 2640 2130 2970 2179; x_wconf 87' lang='lat' dir='ltr'><strong>sermonem,</strong></span> <span class='ocrx_word' id='word_1_205' title='bbox 3022 2124 3223 2171; x_wconf 68' lang='lat' dir='ltr'><strong>sancta:</strong></span> <span class='ocrx_word' id='word_1_206' title='bbox 3284 2118 3449 2189; x_wconf 86' lang='lat' dir='ltr'><strong>hujus</strong></span> 
     </span>
    </p>
   </div>
   <div class='ocr_carea' id='block_1_29' title="bbox 47 2202 1775 2281">
    <p class='ocr_par' dir='ltr' id='par_1_29' title="bbox 47 2204 1775 2281">
     <span class='ocr_line' id='line_1_29' title="bbox 47 2204 1775 2281; baseline -0.005 -13"><span class='ocrx_word' id='word_1_207' title='bbox 47 2262 51 2268; x_wconf 93' lang='lat'><strong>.</strong></span> <span class='ocrx_word' id='word_1_208' title='bbox 92 2204 303 2280; x_wconf 64' lang='grc' dir='ltr'>ὕμνον</span> <span class='ocrx_word' id='word_1_209' title='bbox 344 2210 831 2280; x_wconf 81' lang='grc' dir='ltr'>καταφεύγωμεν</span> <span class='ocrx_word' id='word_1_210' title='bbox 864 2209 959 2264; x_wconf 79' lang='grc' dir='ltr'>καὶ</span> <span class='ocrx_word' id='word_1_211' title='bbox 992 2209 1089 2281; x_wconf 83' lang='grc' dir='ltr'>τὴν</span> <span class='ocrx_word' id='word_1_212' title='bbox 1109 2209 1364 2280; x_wconf 87' lang='grc' dir='ltr'>ἀκίνητον</span> <span class='ocrx_word' id='word_1_213' title='bbox 1385 2204 1554 2280; x_wconf 81' lang='grc' dir='ltr'>ἦτταν</span> <span class='ocrx_word' id='word_1_214' title='bbox 1578 2209 1775 2276; x_wconf 76' lang='grc' dir='ltr'>ἐγκαυ-</span> 
     </span>
    </p>
   </div>
   <div class='ocr_carea' id='block_1_30' title="bbox 1878 2202 3453 2281">
    <p class='ocr_par' dir='ltr' id='par_1_30' title="bbox 1880 2202 3453 2274">
     <span class='ocr_line' id='line_1_30' title="bbox 1880 2202 3453 2274; baseline 0.004 -18"><span class='ocrx_word' id='word_1_215' title='bbox 1880 2202 2123 2274; x_wconf 77' lang='lat' dir='ltr'><strong>Virginis</strong></span> <span class='ocrx_word' id='word_1_216' title='bbox 2156 2204 2441 2260; x_wconf 86' lang='lat' dir='ltr'><strong>memoria.</strong></span> <span class='ocrx_word' id='word_1_217' title='bbox 2476 2202 2747 2270; x_wconf 86' lang='lat' dir='ltr'><strong>Quocirca</strong></span> <span class='ocrx_word' id='word_1_218' title='bbox 2783 2206 3091 2262; x_wconf 85' lang='lat' dir='ltr'><strong>deterrente</strong></span> <span class='ocrx_word' id='word_1_219' title='bbox 3124 2209 3318 2262; x_wconf 86' lang='lat' dir='ltr'><strong>virium</strong></span> <span class='ocrx_word' id='word_1_220' title='bbox 3350 2225 3453 2263; x_wconf 88' lang='lat' dir='ltr'><strong>no-</strong></span> 
     </span>
    </p>
   </div>
   <div class='ocr_carea' id='block_1_31' title="bbox 46 2282 1775 2375">
    <p class='ocr_par' dir='ltr' id='par_1_31' title="bbox 46 2282 1775 2375">
     <span class='ocr_line' id='line_1_31' title="bbox 46 2282 1775 2375; baseline -0.014 0"><span class='ocrx_word' id='word_1_221' title='bbox 46 2282 53 2375; x_wconf 53' lang='lat'>:</span> <span class='ocrx_word' id='word_1_222' title='bbox 101 2301 471 2371; x_wconf 69' lang='grc' dir='ltr'>Χησάμνενοι</span> <span class='ocrx_word' id='word_1_223' title='bbox 513 2303 660 2374; x_wconf 78' lang='lat'><strong>(59),</strong></span> <span class='ocrx_word' id='word_1_224' title='bbox 692 2304 771 2375; x_wconf 83' lang='grc' dir='ltr'>τῷ</span> <span class='ocrx_word' id='word_1_225' title='bbox 821 2302 1086 2374; x_wconf 86' lang='grc' dir='ltr'>φιλεόρτῳ</span> <span class='ocrx_word' id='word_1_226' title='bbox 1118 2300 1355 2374; x_wconf 78' lang='grc' dir='ltr'>Χριστοῦ</span> <span class='ocrx_word' id='word_1_227' title='bbox 1399 2301 1636 2372; x_wconf 77' lang='grc' dir='ltr'>ποιμνίῳ</span> <span class='ocrx_word' id='word_1_228' title='bbox 1680 2317 1775 2369; x_wconf 89' lang='grc' dir='ltr'>γε-</span> 
     </span>
    </p>
   </div>
   <div class='ocr_carea' id='block_1_32' title="bbox 1878 2282 3446 2375">
    <p class='ocr_par' dir='ltr' id='par_1_32' title="bbox 1884 2291 3446 2363">
     <span class='ocr_line' id='line_1_32' title="bbox 1884 2291 3446 2363; baseline 0.004 -16"><span class='ocrx_word' id='word_1_229' title='bbox 1884 2302 2122 2348; x_wconf 89' lang='lat' dir='ltr'><strong>slrarum</strong></span> <span class='ocrx_word' id='word_1_230' title='bbox 2154 2294 2578 2349; x_wconf 84' lang='lat' dir='ltr'><strong>imbecillitatem</strong></span> <span class='ocrx_word' id='word_1_231' title='bbox 2609 2291 2828 2347; x_wconf 88' lang='lat' dir='ltr'><strong>laudum</strong></span> <span class='ocrx_word' id='word_1_232' title='bbox 2854 2292 3025 2363; x_wconf 77' lang='lat' dir='ltr'><strong>ipsius</strong></span> <span class='ocrx_word' id='word_1_233' title='bbox 3057 2296 3446 2363; x_wconf 80' lang='lat' dir='ltr'><strong>magnitudine,</strong></span> 
     </span>
    </p>
   </div>
   <div class='ocr_carea' id='block_1_33' title="bbox 46 2368 1775 2469">
    <p class='ocr_par' dir='ltr' id='par_1_33' title="bbox 46 2368 1775 2469">
     <span class='ocr_line' id='line_1_33' title="bbox 46 2368 1775 2469; baseline -0.008 -8"><span class='ocrx_word' id='word_1_234' title='bbox 46 2368 53 2436; x_wconf 33' lang='grc' dir='ltr'><em>Τ</em></span> <span class='ocrx_word' id='word_1_235' title='bbox 103 2368 386 2464; x_wconf 47' lang='grc' dir='ltr'>ἧθάες</span> <span class='ocrx_word' id='word_1_236' title='bbox 429 2368 933 2469; x_wconf 68' lang='grc' dir='ltr'>συγχόρεύσωμεν.</span> <span class='ocrx_word' id='word_1_237' title='bbox 965 2368 1036 2450; x_wconf 54' lang='lat' dir='ltr'><strong>ib</strong></span> <span class='ocrx_word' id='word_1_238' title='bbox 1057 2368 1124 2449; x_wconf 78' lang='grc' dir='ltr'><strong>δέ</strong></span> <span class='ocrx_word' id='word_1_239' title='bbox 1164 2368 1274 2466; x_wconf 74' lang='grc' dir='ltr'>μοι,</span> <span class='ocrx_word' id='word_1_240' title='bbox 1303 2389 1347 2448; x_wconf 81' lang='grc' dir='ltr'><strong>ὦ</strong></span> <span class='ocrx_word' id='word_1_241' title='bbox 1382 2368 1655 2449; x_wconf 77' lang='grc' dir='ltr'>θειότατον</span> <span class='ocrx_word' id='word_1_242' title='bbox 1683 2368 1775 2447; x_wconf 71' lang='grc' dir='ltr'>καὶ</span> 
     </span>
    </p>
   </div>
   <div class='ocr_carea' id='block_1_34' title="bbox 1878 2368 3457 2469">
    <p class='ocr_par' dir='ltr' id='par_1_34' title="bbox 1882 2387 3457 2458">
     <span class='ocr_line' id='line_1_34' title="bbox 1882 2387 3457 2458; baseline 0.002 -17"><span class='ocrx_word' id='word_1_243' title='bbox 1882 2387 1949 2441; x_wconf 88' lang='lat' dir='ltr'><strong>ad</strong></span> <span class='ocrx_word' id='word_1_244' title='bbox 1986 2388 2245 2458; x_wconf 82' lang='lat' dir='ltr'><strong>hymnum</strong></span> <span class='ocrx_word' id='word_1_245' title='bbox 2277 2387 2450 2442; x_wconf 92' lang='lat' dir='ltr'><strong>eidem</strong></span> <span class='ocrx_word' id='word_1_246' title='bbox 2480 2402 2579 2457; x_wconf 90' lang='lat' dir='ltr'><strong>pro</strong></span> <span class='ocrx_word' id='word_1_247' title='bbox 2608 2388 2810 2458; x_wconf 80' lang='lat' dir='ltr'><strong>ingenii</strong></span> <span class='ocrx_word' id='word_1_248' title='bbox 2841 2389 3013 2444; x_wconf 85' lang='lat' dir='ltr'><strong>nostri</strong></span> <span class='ocrx_word' id='word_1_249' title='bbox 3050 2388 3309 2444; x_wconf 80' lang='lat' dir='ltr'><strong>facultate</strong></span> <span class='ocrx_word' id='word_1_250' title='bbox 3360 2389 3457 2444; x_wconf 88' lang='lat' dir='ltr'><strong>de-</strong></span> 
     </span>
    </p>
   </div>
   <div class='ocr_carea' id='block_1_35' title="bbox 52 2478 1775 2559">
    <p class='ocr_par' dir='ltr' id='par_1_35' title="bbox 52 2483 1775 2559">
     <span class='ocr_line' id='line_1_35' title="bbox 52 2483 1775 2559; baseline 0.001 -23"><span class='ocrx_word' id='word_1_251' title='bbox 52 2544 56 2553; x_wconf 18' lang='lat'><strong>,</strong></span> <span class='ocrx_word' id='word_1_252' title='bbox 120 2483 473 2555; x_wconf 75' lang='grc' dir='ltr'>ἱερώτατον</span> <span class='ocrx_word' id='word_1_253' title='bbox 515 2488 905 2559; x_wconf 81' lang='grc' dir='ltr'>ἀκροατήριον.</span> <span class='ocrx_word' id='word_1_254' title='bbox 941 2487 1001 2540; x_wconf 81' lang='grc' dir='ltr'>τὸ</span> <span class='ocrx_word' id='word_1_255' title='bbox 1034 2486 1254 2556; x_wconf 76' lang='grc' dir='ltr'>σιγηλὸν</span> <span class='ocrx_word' id='word_1_256' title='bbox 1295 2486 1472 2551; x_wconf 80' lang='grc' dir='ltr'>ἄσκει,</span> <span class='ocrx_word' id='word_1_257' title='bbox 1505 2486 1653 2548; x_wconf 85' lang='grc' dir='ltr'>ὅπως</span> <span class='ocrx_word' id='word_1_258' title='bbox 1687 2484 1775 2538; x_wconf 79' lang='grc' dir='ltr'><strong>διὰ</strong></span> 
     </span>
    </p>
   </div>
   <div class='ocr_carea' id='block_1_36' title="bbox 1878 2478 3457 2559">
    <p class='ocr_par' dir='ltr' id='par_1_36' title="bbox 1882 2478 3457 2551">
     <span class='ocr_line' id='line_1_36' title="bbox 1882 2478 3457 2551; baseline 0.002 -18"><span class='ocrx_word' id='word_1_259' title='bbox 1882 2479 2214 2533; x_wconf 88' lang='lat' dir='ltr'><strong>cantandum</strong></span> <span class='ocrx_word' id='word_1_260' title='bbox 2259 2478 2671 2549; x_wconf 77' lang='lat' dir='ltr'><strong>confugiamus;</strong></span> <span class='ocrx_word' id='word_1_261' title='bbox 2704 2495 2914 2550; x_wconf 88' lang='lat' dir='ltr'><strong>nosque</strong></span> <span class='ocrx_word' id='word_1_262' title='bbox 2962 2481 3064 2551; x_wconf 87' lang='lat' dir='ltr'><strong>ipsi</strong></span> <span class='ocrx_word' id='word_1_263' title='bbox 3103 2481 3457 2536; x_wconf 87' lang='lat' dir='ltr'><strong>immobiliter</strong></span> 
     </span>
    </p>
   </div>
   <div class='ocr_carea' id='block_1_37' title="bbox 120 2569 1775 2662">
    <p class='ocr_par' dir='ltr' id='par_1_37' title="bbox 120 2575 1775 2650">
     <span class='ocr_line' id='line_1_37' title="bbox 120 2575 1775 2650; baseline -0.001 -20"><span class='ocrx_word' id='word_1_264' title='bbox 120 2577 254 2630; x_wconf 73' lang='grc' dir='ltr'><strong>τῶν</strong></span> <span class='ocrx_word' id='word_1_265' title='bbox 309 2577 612 2649; x_wconf 76' lang='grc' dir='ltr'>πορθμῶν</span> <span class='ocrx_word' id='word_1_266' title='bbox 655 2578 763 2632; x_wconf 89' lang='grc' dir='ltr'><strong>τῶν</strong></span> <span class='ocrx_word' id='word_1_267' title='bbox 813 2579 992 2632; x_wconf 81' lang='grc' dir='ltr'>ἀκοῶν</span> <span class='ocrx_word' id='word_1_268' title='bbox 1045 2577 1295 2650; x_wconf 80' lang='grc' dir='ltr'>γαληνῶς</span> <span class='ocrx_word' id='word_1_269' title='bbox 1348 2580 1469 2640; x_wconf 88' lang='grc' dir='ltr'>ταῖς</span> <span class='ocrx_word' id='word_1_270' title='bbox 1516 2575 1775 2639; x_wconf 89' lang='grc' dir='ltr'>διανοίαις</span> 
     </span>
    </p>
   </div>
   <div class='ocr_carea' id='block_1_38' title="bbox 1878 2569 3454 2662">
    <p class='ocr_par' dir='ltr' id='par_1_38' title="bbox 1880 2569 3454 2662">
     <span class='ocr_line' id='line_1_38' title="bbox 1880 2569 3454 2662; baseline 0.002 -39"><span class='ocrx_word' id='word_1_271' title='bbox 1880 2570 2055 2624; x_wconf 89' lang='lat' dir='ltr'><strong>victos</strong></span> <span class='ocrx_word' id='word_1_272' title='bbox 2082 2569 2402 2639; x_wconf 76' lang='lat' dir='ltr'><strong>gloriantes,</strong></span> <span class='ocrx_word' id='word_1_273' title='bbox 2440 2584 2549 2624; x_wconf 87' lang='lat' dir='ltr'><strong>una</strong></span> <span class='ocrx_word' id='word_1_274' title='bbox 2581 2585 2705 2625; x_wconf 90' lang='lat' dir='ltr'><strong>cum</strong></span> <span class='ocrx_word' id='word_1_275' title='bbox 2765 2570 2891 2626; x_wconf 85' lang='lat' dir='ltr'><strong>festi</strong></span> <span class='ocrx_word' id='word_1_276' title='bbox 2947 2572 3195 2662; x_wconf 51' lang='lat' dir='ltr'><strong>studioso</strong></span> <span class='ocrx_word' id='word_1_277' title='bbox 3248 2571 3454 2627; x_wconf 86' lang='lat' dir='ltr'><strong>Christi</strong></span> 
     </span>
    </p>
   </div>
   <div class='ocr_carea' id='block_1_39' title="bbox 54 2656 1775 2741">
    <p class='ocr_par' dir='ltr' id='par_1_39' title="bbox 54 2656 1775 2741">
     <span class='ocr_line' id='line_1_39' title="bbox 54 2656 1775 2741; baseline -0.001 -18"><span class='ocrx_word' id='word_1_278' title='bbox 54 2656 61 2737; x_wconf 51' lang='grc' dir='ltr'><strong>ξ</strong></span> <span class='ocrx_word' id='word_1_279' title='bbox 137 2669 609 2741; x_wconf 77' lang='grc' dir='ltr'>ὲγκαθορμισθῇ</span> <span class='ocrx_word' id='word_1_280' title='bbox 658 2670 758 2741; x_wconf 80' lang='grc' dir='ltr'>τῆς</span> <span class='ocrx_word' id='word_1_281' title='bbox 809 2669 1064 2741; x_wconf 82' lang='grc' dir='ltr'>ἀληθείας</span> <span class='ocrx_word' id='word_1_282' title='bbox 1112 2669 1183 2723; x_wconf 75' lang='grc' dir='ltr'>τὰ</span> <span class='ocrx_word' id='word_1_283' title='bbox 1235 2668 1510 2739; x_wconf 81' lang='grc' dir='ltr'>ἀγώγιμα.</span> <span class='ocrx_word' id='word_1_284' title='bbox 1558 2667 1775 2740; x_wconf 81' lang='grc' dir='ltr'>Ἐορτὴν</span> 
     </span>
    </p>
   </div>
   <div class='ocr_carea' id='block_1_40' title="bbox 1878 2656 3458 2741">
    <p class='ocr_par' dir='ltr' id='par_1_40' title="bbox 1881 2656 3458 2734">
     <span class='ocr_line' id='line_1_40' title="bbox 1881 2656 3458 2734; baseline 0.003 -20"><span class='ocrx_word' id='word_1_285' title='bbox 1881 2676 2064 2731; x_wconf 81' lang='lat' dir='ltr'><strong>grege,</strong></span> <span class='ocrx_word' id='word_1_286' title='bbox 2093 2661 2334 2731; x_wconf 89' lang='lat' dir='ltr'><strong>tripudio</strong></span> <span class='ocrx_word' id='word_1_287' title='bbox 2367 2661 2649 2718; x_wconf 89' lang='lat' dir='ltr'><strong>saliamus.</strong></span> <span class='ocrx_word' id='word_1_288' title='bbox 2705 2661 2786 2717; x_wconf 92' lang='lat' dir='ltr'><strong>Tu</strong></span> <span class='ocrx_word' id='word_1_289' title='bbox 2829 2679 2959 2719; x_wconf 90' lang='lat' dir='ltr'><strong>vero</strong></span> <span class='ocrx_word' id='word_1_290' title='bbox 3003 2656 3136 2718; x_wconf 84' lang='lat' dir='ltr'><strong>mihi</strong></span> <span class='ocrx_word' id='word_1_291' title='bbox 3170 2664 3227 2718; x_wconf 90' lang='lat' dir='ltr'><strong>in</strong></span> <span class='ocrx_word' id='word_1_292' title='bbox 3265 2663 3458 2734; x_wconf 85' lang='lat' dir='ltr'><strong>primis</strong></span> 
     </span>
    </p>
   </div>
   <div class='ocr_carea' id='block_1_41' title="bbox 54 2754 1775 2835">
    <p class='ocr_par' dir='ltr' id='par_1_41' title="bbox 54 2756 1775 2835">
     <span class='ocr_line' id='line_1_41' title="bbox 54 2756 1775 2835; baseline -0.005 -14"><span class='ocrx_word' id='word_1_293' title='bbox 54 2756 65 2821; x_wconf 57' lang='grc' dir='ltr'><strong>ί</strong></span> <span class='ocrx_word' id='word_1_294' title='bbox 138 2763 406 2835; x_wconf 79' lang='grc' dir='ltr'>ἄγομεν,</span> <span class='ocrx_word' id='word_1_295' title='bbox 442 2764 556 2834; x_wconf 76' lang='grc' dir='ltr'><strong>οὐχ</strong></span> <span class='ocrx_word' id='word_1_296' title='bbox 602 2762 920 2834; x_wconf 81' lang='grc' dir='ltr'>Ἑλληνικῆς</span> <span class='ocrx_word' id='word_1_297' title='bbox 944 2760 1340 2833; x_wconf 83' lang='grc' dir='ltr'>είκαιομυθίας,</span> <span class='ocrx_word' id='word_1_298' title='bbox 1374 2759 1653 2829; x_wconf 81' lang='grc' dir='ltr'>γελοποιὸν</span> <span class='ocrx_word' id='word_1_299' title='bbox 1686 2761 1775 2813; x_wconf 76' lang='grc' dir='ltr'>καὶ</span> 
     </span>
    </p>
   </div>
   <div class='ocr_carea' id='block_1_42' title="bbox 1878 2754 3455 2835">
    <p class='ocr_par' dir='ltr' id='par_1_42' title="bbox 1882 2754 3455 2827">
     <span class='ocr_line' id='line_1_42' title="bbox 1882 2754 3455 2827; baseline 0.003 -18"><span class='ocrx_word' id='word_1_300' title='bbox 1882 2754 2225 2810; x_wconf 87' lang='lat' dir='ltr'><strong>divinissima</strong></span> <span class='ocrx_word' id='word_1_301' title='bbox 2258 2755 2742 2827; x_wconf 88' lang='lat' dir='ltr'><strong>sacratissimaque</strong></span> <span class='ocrx_word' id='word_1_302' title='bbox 2791 2758 3003 2820; x_wconf 86' lang='lat' dir='ltr'><strong>concio,</strong></span> <span class='ocrx_word' id='word_1_303' title='bbox 3041 2759 3316 2814; x_wconf 88' lang='lat' dir='ltr'><strong>silentium</strong></span> <span class='ocrx_word' id='word_1_304' title='bbox 3362 2773 3455 2813; x_wconf 87' lang='lat' dir='ltr'><strong>co-</strong></span> 
     </span>
    </p>
   </div>
   <div class='ocr_carea' id='block_1_43' title="bbox 147 2848 1775 2925">
    <p class='ocr_par' dir='ltr' id='par_1_43' title="bbox 147 2850 1775 2925">
     <span class='ocr_line' id='line_1_43' title="bbox 147 2850 1775 2925; baseline 0.007 -22"><span class='ocrx_word' id='word_1_305' title='bbox 147 2853 564 2925; x_wconf 70' lang='grc' dir='ltr'>ἐμϐρόντητον</span> <span class='ocrx_word' id='word_1_306' title='bbox 633 2852 769 2906; x_wconf 84' lang='grc' dir='ltr'>θεῶν</span> <span class='ocrx_word' id='word_1_307' title='bbox 823 2852 1064 2906; x_wconf 81' lang='grc' dir='ltr'>ἑστίασιν</span> <span class='ocrx_word' id='word_1_308' title='bbox 1128 2852 1421 2924; x_wconf 82' lang='grc' dir='ltr'>φέρουσαν,</span> <span class='ocrx_word' id='word_1_309' title='bbox 1480 2851 1615 2905; x_wconf 78' lang='grc' dir='ltr'>ἀλλὰ</span> <span class='ocrx_word' id='word_1_310' title='bbox 1674 2850 1775 2921; x_wconf 82' lang='grc' dir='ltr'><strong>τῆς</strong></span> 
     </span>
    </p>
   </div>
   <div class='ocr_carea' id='block_1_44' title="bbox 1878 2848 3452 2925">
    <p class='ocr_par' dir='ltr' id='par_1_44' title="bbox 1883 2848 3452 2921">
     <span class='ocr_line' id='line_1_44' title="bbox 1883 2848 3452 2921; baseline 0.001 -20"><span class='ocrx_word' id='word_1_311' title='bbox 1883 2848 2002 2910; x_wconf 89' lang='lat' dir='ltr'><strong>lito,</strong></span> <span class='ocrx_word' id='word_1_312' title='bbox 2018 2857 2079 2902; x_wconf 89' lang='lat' dir='ltr'><strong>ut</strong></span> <span class='ocrx_word' id='word_1_313' title='bbox 2100 2864 2195 2919; x_wconf 90' lang='lat' dir='ltr'><strong>per</strong></span> <span class='ocrx_word' id='word_1_314' title='bbox 2217 2849 2431 2902; x_wconf 90' lang='lat' dir='ltr'><strong>aurium</strong></span> <span class='ocrx_word' id='word_1_315' title='bbox 2451 2848 2606 2905; x_wconf 89' lang='lat' dir='ltr'><strong>sinus</strong></span> <span class='ocrx_word' id='word_1_316' title='bbox 2638 2850 2786 2904; x_wconf 89' lang='lat' dir='ltr'><strong>velut</strong></span> <span class='ocrx_word' id='word_1_317' title='bbox 2808 2851 3181 2921; x_wconf 62' lang='lat' dir='ltr'><strong>intelligentiae</strong></span> <span class='ocrx_word' id='word_1_318' title='bbox 3212 2856 3452 2921; x_wconf 88' lang='lat' dir='ltr'><strong>portum,</strong></span> 
     </span>
    </p>
   </div>
   <div class='ocr_carea' id='block_1_45' title="bbox 62 2924 1775 3016">
    <p class='ocr_par' dir='ltr' id='par_1_45' title="bbox 147 2941 1775 3016">
     <span class='ocr_line' id='line_1_45' title="bbox 147 2941 1775 3016; baseline -0.005 -14"><span class='ocrx_word' id='word_1_319' title='bbox 147 2946 451 3002; x_wconf 74' lang='grc' dir='ltr'>ἁστέκτου</span> <span class='ocrx_word' id='word_1_320' title='bbox 487 2944 646 3016; x_wconf 78' lang='grc' dir='ltr'>δόξης</span> <span class='ocrx_word' id='word_1_321' title='bbox 676 2943 770 2999; x_wconf 81' lang='grc' dir='ltr'>τοῦ</span> <span class='ocrx_word' id='word_1_322' title='bbox 814 2944 907 2997; x_wconf 82' lang='grc' dir='ltr'><strong>ὲπὶ</strong></span> <span class='ocrx_word' id='word_1_323' title='bbox 940 2943 1155 2997; x_wconf 88' lang='grc' dir='ltr'>πάντων</span> <span class='ocrx_word' id='word_1_324' title='bbox 1187 2942 1323 2996; x_wconf 83' lang='grc' dir='ltr'>Θεοῦ</span> <span class='ocrx_word' id='word_1_325' title='bbox 1371 2941 1775 3011; x_wconf 77' lang='grc' dir='ltr'>συγκαταϐασιν</span> 
     </span>
    </p>
   </div>
   <div class='ocr_carea' id='block_1_46' title="bbox 1878 2924 3455 3016">
    <p class='ocr_par' dir='ltr' id='par_1_46' title="bbox 1880 2939 3455 3011">
     <span class='ocr_line' id='line_1_46' title="bbox 1880 2939 3455 3011; baseline 0.002 -19"><span class='ocrx_word' id='word_1_326' title='bbox 1880 2940 2126 2995; x_wconf 80' lang='lat' dir='ltr'><strong>veritatis</strong></span> <span class='ocrx_word' id='word_1_327' title='bbox 2158 2955 2367 2995; x_wconf 82' lang='lat' dir='ltr'><strong>merces</strong></span> <span class='ocrx_word' id='word_1_328' title='bbox 2393 2939 2606 3010; x_wconf 87' lang='lat' dir='ltr'><strong>placide</strong></span> <span class='ocrx_word' id='word_1_329' title='bbox 2638 2941 2965 2997; x_wconf 85' lang='lat' dir='ltr'><strong>subintrent.</strong></span> <span class='ocrx_word' id='word_1_330' title='bbox 2994 2941 3212 2997; x_wconf 88' lang='lat' dir='ltr'><strong>Festum</strong></span> <span class='ocrx_word' id='word_1_331' title='bbox 3243 2941 3455 3011; x_wconf 84' lang='lat' dir='ltr'><strong>agimus</strong></span> 
     </span>
    </p>
   </div>
   <div class='ocr_carea' id='block_1_47' title="bbox 157 3029 1775 3099">
    <p class='ocr_par' dir='ltr' id='par_1_47' title="bbox 157 3038 644 3092">
     <span class='ocr_line' id='line_1_47' title="bbox 157 3038 644 3092; baseline -0.004 -1"><span class='ocrx_word' id='word_1_332' title='bbox 157 3038 644 3092; x_wconf 75' lang='grc' dir='ltr'>ὲκπαιδεύουσαν.</span> 
     </span>
    </p>
   </div>
   <div class='ocr_carea' id='block_1_48' title="bbox 1878 3029 3457 3099">
    <p class='ocr_par' dir='ltr' id='par_1_48' title="bbox 1880 3029 3457 3099">
     <span class='ocr_line' id='line_1_48' title="bbox 1880 3029 3457 3099; baseline -0.001 -12"><span class='ocrx_word' id='word_1_333' title='bbox 1880 3048 1990 3087; x_wconf 91' lang='lat' dir='ltr'><strong>non</strong></span> <span class='ocrx_word' id='word_1_334' title='bbox 2031 3048 2096 3087; x_wconf 83' lang='lat' dir='ltr'><strong>ex</strong></span> <span class='ocrx_word' id='word_1_335' title='bbox 2128 3032 2440 3088; x_wconf 65' lang='lat' dir='ltr'><strong>Grmcorum</strong></span> <span class='ocrx_word' id='word_1_336' title='bbox 2483 3034 2638 3088; x_wconf 87' lang='lat' dir='ltr'><strong>vanis</strong></span> <span class='ocrx_word' id='word_1_337' title='bbox 2685 3034 2907 3099; x_wconf 83' lang='lat' dir='ltr'><strong>fabulis,</strong></span> <span class='ocrx_word' id='word_1_338' title='bbox 2936 3036 3229 3091; x_wconf 88' lang='lat' dir='ltr'><strong>ridiculum</strong></span> <span class='ocrx_word' id='word_1_339' title='bbox 3263 3029 3457 3088; x_wconf 85' lang='lat' dir='ltr'><strong>attoni-</strong></span> 
     </span>
    </p>
   </div>
   <div class='ocr_carea' id='block_1_49' title="bbox 64 3110 3458 3203">
    <p class='ocr_par' dir='ltr' id='par_1_49' title="bbox 64 3110 3458 3203">
     <span class='ocr_line' id='line_1_49' title="bbox 64 3110 3458 3203; baseline -0.002 -16"><span class='ocrx_word' id='word_1_340' title='bbox 64 3110 73 3139; x_wconf 43' lang='grc'>⁸</span> <span class='ocrx_word' id='word_1_341' title='bbox 157 3142 413 3203; x_wconf 80' lang='lat' dir='ltr'><strong>tumque</strong></span> <span class='ocrx_word' id='word_1_342' title='bbox 469 3134 697 3187; x_wconf 87' lang='lat' dir='ltr'><strong>deorum</strong></span> <span class='ocrx_word' id='word_1_343' title='bbox 765 3129 1076 3184; x_wconf 85' lang='lat' dir='ltr'><strong>convivium</strong></span> <span class='ocrx_word' id='word_1_344' title='bbox 1124 3143 1308 3183; x_wconf 92' lang='lat' dir='ltr'><strong>secum</strong></span> <span class='ocrx_word' id='word_1_345' title='bbox 1348 3126 1660 3194; x_wconf 87' lang='lat' dir='ltr'><strong>adducens;</strong></span> <span class='ocrx_word' id='word_1_346' title='bbox 1708 3125 1805 3182; x_wconf 90' lang='lat' dir='ltr'><strong>sed</strong></span> <span class='ocrx_word' id='word_1_347' title='bbox 1843 3125 1989 3197; x_wconf 86' lang='lat' dir='ltr'><strong>quod</strong></span> <span class='ocrx_word' id='word_1_348' title='bbox 2019 3126 2382 3198; x_wconf 84' lang='lat' dir='ltr'><strong>importabilis</strong></span> <span class='ocrx_word' id='word_1_349' title='bbox 2417 3127 2623 3197; x_wconf 58' lang='lat' dir='ltr'><strong>gloria,</strong></span> <span class='ocrx_word' id='word_1_350' title='bbox 2652 3129 2773 3198; x_wconf 90' lang='lat' dir='ltr'><strong>ejus</strong></span> <span class='ocrx_word' id='word_1_351' title='bbox 2822 3131 2910 3200; x_wconf 86' lang='lat' dir='ltr'><strong>qui</strong></span> <span class='ocrx_word' id='word_1_352' title='bbox 2951 3138 3027 3183; x_wconf 83' lang='lat' dir='ltr'><strong>est</strong></span> <span class='ocrx_word' id='word_1_353' title='bbox 3066 3144 3223 3197; x_wconf 79' lang='lat' dir='ltr'><strong>super</strong></span> <span class='ocrx_word' id='word_1_354' title='bbox 3277 3124 3458 3181; x_wconf 74' lang='lat' dir='ltr'><strong>omnia</strong></span> 
     </span>
    </p>
   </div>
   <div class='ocr_carea' id='block_1_50' title="bbox 68 3216 1691 3293">
    <p class='ocr_par' dir='ltr' id='par_1_50' title="bbox 68 3216 1691 3293">
     <span class='ocr_line' id='line_1_50' title="bbox 68 3216 1691 3293; baseline -0.004 -12"><span class='ocrx_word' id='word_1_355' title='bbox 68 3216 77 3231; x_wconf 63' lang='grc'><strong><em>⁸</em></strong></span> <span class='ocrx_word' id='word_1_356' title='bbox 158 3226 327 3281; x_wconf 78' lang='lat' dir='ltr'><strong>Deus.</strong></span> <span class='ocrx_word' id='word_1_357' title='bbox 371 3226 441 3293; x_wconf 76' lang='grc'><strong>⁵⁸,</strong></span> <span class='ocrx_word' id='word_1_358' title='bbox 474 3224 735 3279; x_wconf 88' lang='lat' dir='ltr'><strong>humilem</strong></span> <span class='ocrx_word' id='word_1_359' title='bbox 763 3223 830 3277; x_wconf 83' lang='lat' dir='ltr'><strong>ad</strong></span> <span class='ocrx_word' id='word_1_360' title='bbox 859 3238 961 3277; x_wconf 92' lang='lat' dir='ltr'><strong>nos</strong></span> <span class='ocrx_word' id='word_1_361' title='bbox 990 3221 1403 3286; x_wconf 90' lang='lat' dir='ltr'><strong>demissionem,</strong></span> <span class='ocrx_word' id='word_1_362' title='bbox 1444 3220 1691 3277; x_wconf 85' lang='lat' dir='ltr'><strong>edoceat.</strong></span> 
     </span>
    </p>
   </div>
   <div class='ocr_carea' id='block_1_51' title="bbox 237 3305 1775 3390">
    <p class='ocr_par' dir='ltr' id='par_1_51' title="bbox 237 3314 1773 3390">
     <span class='ocr_line' id='line_1_51' title="bbox 237 3314 1773 3390; baseline -0.003 -19"><span class='ocrx_word' id='word_1_363' title='bbox 237 3320 321 3371; x_wconf 90' lang='lat' dir='ltr'><strong>B&#39;.</strong></span> <span class='ocrx_word' id='word_1_364' title='bbox 366 3318 516 3390; x_wconf 82' lang='grc' dir='ltr'>Φέρε</span> <span class='ocrx_word' id='word_1_365' title='bbox 548 3318 746 3381; x_wconf 89' lang='grc' dir='ltr'>τοίνυν,</span> <span class='ocrx_word' id='word_1_366' title='bbox 782 3315 1071 3386; x_wconf 89' lang='grc' dir='ltr'>σεμνολόγε</span> <span class='ocrx_word' id='word_1_367' title='bbox 1104 3314 1381 3387; x_wconf 82' lang='grc' dir='ltr'>κηρύκων,</span> <span class='ocrx_word' id='word_1_368' title='bbox 1422 3317 1518 3369; x_wconf 76' lang='grc' dir='ltr'>καὶ</span> <span class='ocrx_word' id='word_1_369' title='bbox 1551 3315 1773 3386; x_wconf 77' lang='grc' dir='ltr'>μέγιστε</span> 
     </span>
    </p>
   </div>
   <div class='ocr_carea' id='block_1_52' title="bbox 1878 3305 3455 3390">
    <p class='ocr_par' dir='ltr' id='par_1_52' title="bbox 1944 3305 3455 3378">
     <span class='ocr_line' id='line_1_52' title="bbox 1944 3305 3455 3378; baseline 0.005 -20"><span class='ocrx_word' id='word_1_370' title='bbox 1944 3305 2011 3363; x_wconf 89' lang='lat' dir='ltr'><strong>ll.</strong></span> <span class='ocrx_word' id='word_1_371' title='bbox 2048 3305 2160 3377; x_wconf 82' lang='lat' dir='ltr'><strong>Age</strong></span> <span class='ocrx_word' id='word_1_372' title='bbox 2188 3323 2319 3377; x_wconf 87' lang='lat' dir='ltr'><strong>ergo</strong></span> <span class='ocrx_word' id='word_1_373' title='bbox 2341 3348 2354 3371; x_wconf 93' lang='lat'><strong>,</strong></span> <span class='ocrx_word' id='word_1_374' title='bbox 2387 3308 2530 3361; x_wconf 88' lang='lat' dir='ltr'><strong>inter</strong></span> <span class='ocrx_word' id='word_1_375' title='bbox 2576 3322 2857 3377; x_wconf 67' lang='lat' dir='ltr'><strong>praecones</strong></span> <span class='ocrx_word' id='word_1_376' title='bbox 2888 3307 3212 3378; x_wconf 85' lang='lat' dir='ltr'><strong>gravissime</strong></span> <span class='ocrx_word' id='word_1_377' title='bbox 3241 3324 3305 3364; x_wconf 91' lang='lat' dir='ltr'><strong>ac</strong></span> <span class='ocrx_word' id='word_1_378' title='bbox 3334 3326 3455 3366; x_wconf 89' lang='lat' dir='ltr'><strong>ma-</strong></span> 
     </span>
    </p>
   </div>
   <div class='ocr_carea' id='block_1_53' title="bbox 72 3395 1775 3483">
    <p class='ocr_par' dir='ltr' id='par_1_53' title="bbox 72 3404 1773 3483">
     <span class='ocr_line' id='line_1_53' title="bbox 72 3404 1773 3483; baseline -0.005 -19"><span class='ocrx_word' id='word_1_379' title='bbox 72 3412 73 3417; x_wconf 63' lang='grc'><em>“</em></span> <span class='ocrx_word' id='word_1_380' title='bbox 166 3408 751 3483; x_wconf 84' lang='grc' dir='ltr'>προφητῶν,Ἠσαῖα,</span> <span class='ocrx_word' id='word_1_381' title='bbox 785 3406 852 3460; x_wconf 84' lang='grc' dir='ltr'><strong>τὰ</strong></span> <span class='ocrx_word' id='word_1_382' title='bbox 894 3407 992 3477; x_wconf 82' lang='grc' dir='ltr'>τῆς</span> <span class='ocrx_word' id='word_1_383' title='bbox 1038 3404 1246 3471; x_wconf 74' lang='grc' dir='ltr'>ἐνδόξου</span> <span class='ocrx_word' id='word_1_384' title='bbox 1291 3404 1650 3476; x_wconf 80' lang='grc' dir='ltr'>πανηγύρεως</span> <span class='ocrx_word' id='word_1_385' title='bbox 1682 3420 1773 3473; x_wconf 84' lang='grc' dir='ltr'>φι-</span> 
     </span>
    </p>
   </div>
   <div class='ocr_carea' id='block_1_54' title="bbox 1878 3395 3453 3483">
    <p class='ocr_par' dir='ltr' id='par_1_54' title="bbox 1878 3395 3453 3468">
     <span class='ocr_line' id='line_1_54' title="bbox 1878 3395 3453 3468; baseline 0.003 -17"><span class='ocrx_word' id='word_1_386' title='bbox 1878 3397 2023 3466; x_wconf 76' lang='lat' dir='ltr'><strong>xime</strong></span> <span class='ocrx_word' id='word_1_387' title='bbox 2056 3398 2466 3467; x_wconf 85' lang='lat' dir='ltr'><strong>prophetarum,</strong></span> <span class='ocrx_word' id='word_1_388' title='bbox 2497 3395 2660 3463; x_wconf 87' lang='lat' dir='ltr'><strong>Isaia,</strong></span> <span class='ocrx_word' id='word_1_389' title='bbox 2693 3398 2943 3468; x_wconf 66' lang='lat' dir='ltr'><strong>gloriosae</strong></span> <span class='ocrx_word' id='word_1_390' title='bbox 2977 3398 3314 3454; x_wconf 84' lang='lat' dir='ltr'><strong>celebritatis</strong></span> <span class='ocrx_word' id='word_1_391' title='bbox 3360 3417 3453 3456; x_wconf 88' lang='lat' dir='ltr'><strong>sa-</strong></span> 
     </span>
    </p>
   </div>
   <div class='ocr_carea' id='block_1_55' title="bbox 68 3490 1775 3571">
    <p class='ocr_par' dir='ltr' id='par_1_55' title="bbox 68 3492 1775 3571">
     <span class='ocr_line' id='line_1_55' title="bbox 68 3492 1775 3571; baseline -0.008 -14"><span class='ocrx_word' id='word_1_392' title='bbox 68 3506 73 3513; x_wconf 91' lang='grc'><em>’</em></span> <span class='ocrx_word' id='word_1_393' title='bbox 167 3501 403 3571; x_wconf 81' lang='grc' dir='ltr'>λοσόφει</span> <span class='ocrx_word' id='word_1_394' title='bbox 452 3502 524 3571; x_wconf 78' lang='grc' dir='ltr'><strong>τῇ</strong></span> <span class='ocrx_word' id='word_1_395' title='bbox 579 3497 874 3568; x_wconf 76' lang='grc' dir='ltr'>Ἐκκλησία</span> <span class='ocrx_word' id='word_1_396' title='bbox 923 3497 1219 3568; x_wconf 85' lang='grc' dir='ltr'>μυστήρια,</span> <span class='ocrx_word' id='word_1_397' title='bbox 1269 3494 1363 3549; x_wconf 74' lang='grc' dir='ltr'>καὶ</span> <span class='ocrx_word' id='word_1_398' title='bbox 1394 3492 1631 3564; x_wconf 72' lang='grc' dir='ltr'>δαψιλῶς</span> <span class='ocrx_word' id='word_1_399' title='bbox 1672 3494 1775 3563; x_wconf 77' lang='grc' dir='ltr'><strong>ἐμ-</strong></span> 
     </span>
    </p>
   </div>
   <div class='ocr_carea' id='block_1_56' title="bbox 1878 3490 3455 3571">
    <p class='ocr_par' dir='ltr' id='par_1_56' title="bbox 1880 3490 3455 3560">
     <span class='ocr_line' id='line_1_56' title="bbox 1880 3490 3455 3560; baseline 0.003 -17"><span class='ocrx_word' id='word_1_400' title='bbox 1880 3497 2155 3543; x_wconf 85' lang='lat' dir='ltr'><strong>cramenta</strong></span> <span class='ocrx_word' id='word_1_401' title='bbox 2177 3491 2452 3560; x_wconf 85' lang='lat' dir='ltr'><strong>sapienter</strong></span> <span class='ocrx_word' id='word_1_402' title='bbox 2488 3490 2765 3556; x_wconf 89' lang='lat' dir='ltr'><strong>edissere;</strong></span> <span class='ocrx_word' id='word_1_403' title='bbox 2803 3490 3147 3559; x_wconf 90' lang='lat' dir='ltr'><strong>optimosque</strong></span> <span class='ocrx_word' id='word_1_404' title='bbox 3169 3490 3455 3558; x_wconf 87' lang='lat' dir='ltr'><strong>convivas,</strong></span> 
     </span>
    </p>
   </div>
   <div class='ocr_carea' id='block_1_57' title="bbox 1871 642 3443 715">
    <p class='ocr_par' dir='ltr' id='par_1_57' title="bbox 1871 642 3443 715">
     <span class='ocr_line' id='line_1_57' title="bbox 1871 642 3443 715; baseline 0.001 -18"><span class='ocrx_word' id='word_1_405' title='bbox 1871 643 2141 709; x_wconf 85' lang='lat' dir='ltr'><strong>insidens,</strong></span> <span class='ocrx_word' id='word_1_406' title='bbox 2177 657 2374 714; x_wconf 89' lang='lat' dir='ltr'><strong>pompa</strong></span> <span class='ocrx_word' id='word_1_407' title='bbox 2410 643 2464 697; x_wconf 93' lang='lat' dir='ltr'><strong>in</strong></span> <span class='ocrx_word' id='word_1_408' title='bbox 2494 651 2640 696; x_wconf 89' lang='lat' dir='ltr'><strong>terra</strong></span> <span class='ocrx_word' id='word_1_409' title='bbox 2691 642 2958 713; x_wconf 90' lang='lat' dir='ltr'><strong>procedit.</strong></span> <span class='ocrx_word' id='word_1_410' title='bbox 2996 642 3149 700; x_wconf 82' lang='lat' dir='ltr'><strong>lianc</strong></span> <span class='ocrx_word' id='word_1_411' title='bbox 3193 645 3443 715; x_wconf 88' lang='lat' dir='ltr'><strong>publica-</strong></span> 
     </span>
    </p>
   </div>
   <div class='ocr_carea' id='block_1_58' title="bbox 1868 733 3438 804">
    <p class='ocr_par' dir='ltr' id='par_1_58' title="bbox 1868 733 3438 804">
     <span class='ocr_line' id='line_1_58' title="bbox 1868 733 3438 804; baseline 0 -14"><span class='ocrx_word' id='word_1_412' title='bbox 1868 751 1978 791; x_wconf 89' lang='lat' dir='ltr'><strong>nus</strong></span> <span class='ocrx_word' id='word_1_413' title='bbox 2009 735 2356 804; x_wconf 91' lang='lat' dir='ltr'><strong>contingens,</strong></span> <span class='ocrx_word' id='word_1_414' title='bbox 2404 733 2587 803; x_wconf 90' lang='lat' dir='ltr'><strong>justus</strong></span> <span class='ocrx_word' id='word_1_415' title='bbox 2637 735 2839 790; x_wconf 90' lang='lat' dir='ltr'><strong>evadit.</strong></span> <span class='ocrx_word' id='word_1_416' title='bbox 2899 733 3040 789; x_wconf 80' lang='lat' dir='ltr'><strong>Huic</strong></span> <span class='ocrx_word' id='word_1_417' title='bbox 3085 751 3145 791; x_wconf 88' lang='lat' dir='ltr'><strong>se</strong></span> <span class='ocrx_word' id='word_1_418' title='bbox 3183 737 3438 796; x_wconf 81' lang='lat' dir='ltr'><strong>meretrix</strong></span> 
     </span>
    </p>
   </div>
   <div class='ocr_carea' id='block_1_59' title="bbox 1873 827 3442 898">
    <p class='ocr_par' dir='ltr' id='par_1_59' title="bbox 1873 827 3442 898">
     <span class='ocr_line' id='line_1_59' title="bbox 1873 827 3442 898; baseline 0.001 -17"><span class='ocrx_word' id='word_1_419' title='bbox 1873 828 2178 898; x_wconf 89' lang='lat' dir='ltr'><strong>applicans,</strong></span> <span class='ocrx_word' id='word_1_420' title='bbox 2203 828 2351 882; x_wconf 85' lang='lat' dir='ltr'><strong>velut</strong></span> <span class='ocrx_word' id='word_1_421' title='bbox 2378 841 2518 882; x_wconf 87' lang='lat' dir='ltr'><strong>nova</strong></span> <span class='ocrx_word' id='word_1_422' title='bbox 2556 827 2776 882; x_wconf 80' lang='lat' dir='ltr'><strong>ﬁctione</strong></span> <span class='ocrx_word' id='word_1_423' title='bbox 2805 836 2957 883; x_wconf 87' lang='lat' dir='ltr'><strong>casta</strong></span> <span class='ocrx_word' id='word_1_424' title='bbox 2988 829 3256 884; x_wconf 87' lang='lat' dir='ltr'><strong>redditur.</strong></span> <span class='ocrx_word' id='word_1_425' title='bbox 3289 828 3442 885; x_wconf 80' lang='lat' dir='ltr'><strong>Hane</strong></span> 
     </span>
    </p>
   </div>
   <div class='ocr_carea' id='block_1_60' title="bbox 1873 919 3445 991">
    <p class='ocr_par' dir='ltr' id='par_1_60' title="bbox 1873 919 3445 991">
     <span class='ocr_line' id='line_1_60' title="bbox 1873 919 3445 991; baseline 0.002 -16"><span class='ocrx_word' id='word_1_426' title='bbox 1873 922 2123 991; x_wconf 81' lang='lat' dir='ltr'><strong>leprosus</strong></span> <span class='ocrx_word' id='word_1_427' title='bbox 2151 928 2525 984; x_wconf 86' lang='lat' dir='ltr'><strong>contrectans,</strong></span> <span class='ocrx_word' id='word_1_428' title='bbox 2578 920 2697 975; x_wconf 87' lang='lat' dir='ltr'><strong>sine</strong></span> <span class='ocrx_word' id='word_1_429' title='bbox 2730 919 2919 976; x_wconf 91' lang='lat' dir='ltr'><strong>dolore</strong></span> <span class='ocrx_word' id='word_1_430' title='bbox 2960 936 3150 986; x_wconf 89' lang='lat' dir='ltr'><strong>sanus,</strong></span> <span class='ocrx_word' id='word_1_431' title='bbox 3186 923 3331 977; x_wconf 90' lang='lat' dir='ltr'><strong>velut</strong></span> <span class='ocrx_word' id='word_1_432' title='bbox 3361 936 3445 978; x_wconf 73' lang='lat' dir='ltr'><strong>ro-</strong></span> 
     </span>
    </p>
   </div>
   <div class='ocr_carea' id='block_1_61' title="bbox 1873 1010 3442 1081">
    <p class='ocr_par' dir='ltr' id='par_1_61' title="bbox 1873 1010 3442 1081">
     <span class='ocr_line' id='line_1_61' title="bbox 1873 1010 3442 1081; baseline 0.003 -14"><span class='ocrx_word' id='word_1_433' title='bbox 1873 1012 2112 1067; x_wconf 90' lang='lat' dir='ltr'><strong>cuditur.</strong></span> <span class='ocrx_word' id='word_1_434' title='bbox 2159 1010 2445 1067; x_wconf 89' lang='lat' dir='ltr'><strong>Neminem</strong></span> <span class='ocrx_word' id='word_1_435' title='bbox 2492 1013 2724 1081; x_wconf 88' lang='lat' dir='ltr'><strong>repellit,</strong></span> <span class='ocrx_word' id='word_1_436' title='bbox 2772 1014 3042 1068; x_wconf 89' lang='lat' dir='ltr'><strong>neminem</strong></span> <span class='ocrx_word' id='word_1_437' title='bbox 3075 1014 3442 1072; x_wconf 87' lang='lat' dir='ltr'><strong>abominatur.</strong></span> 
     </span>
    </p>
   </div>
   <div class='ocr_carea' id='block_1_62' title="bbox 1871 1103 3440 1178">
    <p class='ocr_par' dir='ltr' id='par_1_62' title="bbox 1871 1103 3440 1178">
     <span class='ocr_line' id='line_1_62' title="bbox 1871 1103 3440 1178; baseline 0.005 -20"><span class='ocrx_word' id='word_1_438' title='bbox 1871 1103 2187 1175; x_wconf 87' lang='lat' dir='ltr'><strong>Impertitur</strong></span> <span class='ocrx_word' id='word_1_439' title='bbox 2207 1107 2500 1172; x_wconf 87' lang='lat' dir='ltr'><strong>sanitates;</strong></span> <span class='ocrx_word' id='word_1_440' title='bbox 2532 1121 2641 1160; x_wconf 90' lang='lat' dir='ltr'><strong>non</strong></span> <span class='ocrx_word' id='word_1_441' title='bbox 2659 1108 2950 1177; x_wconf 83' lang='lat' dir='ltr'><strong>participat</strong></span> <span class='ocrx_word' id='word_1_442' title='bbox 2966 1108 3169 1178; x_wconf 90' lang='lat' dir='ltr'><strong>aliquid</strong></span> <span class='ocrx_word' id='word_1_443' title='bbox 3195 1109 3440 1166; x_wconf 79' lang='lat' dir='ltr'><strong>noxium.</strong></span> 
     </span>
    </p>
   </div>
   <div class='ocr_carea' id='block_1_63' title="bbox 1874 1194 3446 1265">
    <p class='ocr_par' dir='ltr' id='par_1_63' title="bbox 1874 1194 3446 1265">
     <span class='ocr_line' id='line_1_63' title="bbox 1874 1194 3446 1265; baseline 0.004 -16"><span class='ocrx_word' id='word_1_444' title='bbox 1874 1195 2350 1265; x_wconf 89' lang='lat' dir='ltr'><strong>Propensissimus</strong></span> <span class='ocrx_word' id='word_1_445' title='bbox 2378 1194 2523 1248; x_wconf 89' lang='lat' dir='ltr'><strong>enim</strong></span> <span class='ocrx_word' id='word_1_446' title='bbox 2557 1209 2686 1264; x_wconf 91' lang='lat' dir='ltr'><strong>erga</strong></span> <span class='ocrx_word' id='word_1_447' title='bbox 2716 1196 2965 1251; x_wconf 83' lang='lat' dir='ltr'><strong>homines</strong></span> <span class='ocrx_word' id='word_1_448' title='bbox 2991 1195 3253 1252; x_wconf 89' lang='lat' dir='ltr'><strong>Dominus</strong></span> <span class='ocrx_word' id='word_1_449' title='bbox 3292 1198 3354 1252; x_wconf 94' lang='lat' dir='ltr'><strong>.in</strong></span> <span class='ocrx_word' id='word_1_450' title='bbox 3379 1214 3446 1255; x_wconf 89' lang='lat' dir='ltr'><strong>ea</strong></span> 
     </span>
    </p>
   </div>
   <div class='ocr_carea' id='block_1_64' title="bbox 1871 1284 3448 1356">
    <p class='ocr_par' dir='ltr' id='par_1_64' title="bbox 1871 1284 3448 1356">
     <span class='ocr_line' id='line_1_64' title="bbox 1871 1284 3448 1356; baseline 0.003 -15"><span class='ocrx_word' id='word_1_451' title='bbox 1871 1285 2186 1356; x_wconf 88' lang='lat' dir='ltr'><strong>requiescit.</strong></span> <span class='ocrx_word' id='word_1_452' title='bbox 2226 1284 2367 1339; x_wconf 91' lang='lat' dir='ltr'><strong>Sunt</strong></span> <span class='ocrx_word' id='word_1_453' title='bbox 2395 1284 2512 1339; x_wconf 86' lang='lat' dir='ltr'><strong>haec</strong></span> <span class='ocrx_word' id='word_1_454' title='bbox 2542 1300 2697 1339; x_wconf 68' lang='lat' dir='ltr'><strong>novae</strong></span> <span class='ocrx_word' id='word_1_455' title='bbox 2727 1286 2915 1353; x_wconf 67' lang='lat' dir='ltr'><strong>gratia:</strong></span> <span class='ocrx_word' id='word_1_456' title='bbox 2944 1302 3192 1344; x_wconf 87' lang='lat' dir='ltr'><strong>munera.</strong></span> <span class='ocrx_word' id='word_1_457' title='bbox 3229 1286 3344 1343; x_wconf 85' lang='lat' dir='ltr'><strong>Hoc</strong></span> <span class='ocrx_word' id='word_1_458' title='bbox 3366 1304 3448 1345; x_wconf 64' lang='lat' dir='ltr'><strong>reo</strong></span> 
     </span>
    </p>
   </div>
   <div class='ocr_carea' id='block_1_65' title="bbox 1872 1377 3449 1451">
    <p class='ocr_par' dir='ltr' id='par_1_65' title="bbox 1872 1377 3449 1451">
     <span class='ocr_line' id='line_1_65' title="bbox 1872 1377 3449 1451; baseline 0.002 -17"><span class='ocrx_word' id='word_1_459' title='bbox 1872 1394 2005 1434; x_wconf 89' lang='lat' dir='ltr'><strong>cens</strong></span> <span class='ocrx_word' id='word_1_460' title='bbox 2034 1393 2346 1448; x_wconf 90' lang='lat' dir='ltr'><strong>novumque</strong></span> <span class='ocrx_word' id='word_1_461' title='bbox 2378 1377 2578 1433; x_wconf 88' lang='lat' dir='ltr'><strong>accidit</strong></span> <span class='ocrx_word' id='word_1_462' title='bbox 2632 1378 2734 1433; x_wconf 91' lang='lat' dir='ltr'><strong>sub</strong></span> <span class='ocrx_word' id='word_1_463' title='bbox 2778 1380 2892 1435; x_wconf 90' lang='lat' dir='ltr'><strong>sole</strong></span> <span class='ocrx_word' id='word_1_464' title='bbox 2932 1380 3012 1451; x_wconf 74' lang='lat'><strong>“;</strong></span> <span class='ocrx_word' id='word_1_465' title='bbox 3080 1397 3181 1437; x_wconf 89' lang='lat' dir='ltr'><strong>nec</strong></span> <span class='ocrx_word' id='word_1_466' title='bbox 3209 1382 3339 1437; x_wconf 93' lang='lat' dir='ltr'><strong>olim</strong></span> <span class='ocrx_word' id='word_1_467' title='bbox 3371 1381 3449 1437; x_wconf 81' lang='lat' dir='ltr'><strong>fa-</strong></span> 
     </span>
    </p>
   </div>
   <div class='ocr_carea' id='block_1_66' title="bbox 1872 1469 3451 1542">
    <p class='ocr_par' dir='ltr' id='par_1_66' title="bbox 1872 1469 3451 1542">
     <span class='ocr_line' id='line_1_66' title="bbox 1872 1469 3451 1542; baseline 0.004 -18"><span class='ocrx_word' id='word_1_468' title='bbox 1872 1479 2042 1534; x_wconf 80' lang='lat' dir='ltr'><strong>ctum,</strong></span> <span class='ocrx_word' id='word_1_469' title='bbox 2070 1485 2172 1525; x_wconf 89' lang='lat' dir='ltr'><strong>nec</strong></span> <span class='ocrx_word' id='word_1_470' title='bbox 2200 1478 2323 1540; x_wconf 87' lang='lat' dir='ltr'><strong>post</strong></span> <span class='ocrx_word' id='word_1_471' title='bbox 2347 1469 2611 1524; x_wconf 82' lang='lat' dir='ltr'><strong>futurum.</strong></span> <span class='ocrx_word' id='word_1_472' title='bbox 2644 1469 2799 1536; x_wconf 86' lang='lat' dir='ltr'><strong>Quod</strong></span> <span class='ocrx_word' id='word_1_473' title='bbox 2824 1486 2923 1542; x_wconf 90' lang='lat' dir='ltr'><strong>pro</strong></span> <span class='ocrx_word' id='word_1_474' title='bbox 2947 1487 3047 1527; x_wconf 89' lang='lat' dir='ltr'><strong>sua</strong></span> <span class='ocrx_word' id='word_1_475' title='bbox 3078 1471 3224 1529; x_wconf 90' lang='lat' dir='ltr'><strong>Deus</strong></span> <span class='ocrx_word' id='word_1_476' title='bbox 3257 1474 3312 1527; x_wconf 91' lang='lat' dir='ltr'><strong>in</strong></span> <span class='ocrx_word' id='word_1_477' title='bbox 3346 1487 3451 1531; x_wconf 86' lang='lat' dir='ltr'><strong>nos</strong></span> 
     </span>
    </p>
   </div>
   <div class='ocr_carea' id='block_1_67' title="bbox 1872 1562 3450 1639">
    <p class='ocr_par' dir='ltr' id='par_1_67' title="bbox 1872 1562 3450 1639">
     <span class='ocr_line' id='line_1_67' title="bbox 1872 1562 3450 1639; baseline 0.004 -22"><span class='ocrx_word' id='word_1_478' title='bbox 1872 1563 2249 1618; x_wconf 87' lang='lat' dir='ltr'><strong>misericordia</strong></span> <span class='ocrx_word' id='word_1_479' title='bbox 2282 1562 2667 1633; x_wconf 79' lang='lat' dir='ltr'><strong>praeliniverat,</strong></span> <span class='ocrx_word' id='word_1_480' title='bbox 2699 1564 2879 1631; x_wconf 88' lang='lat' dir='ltr'><strong>venit;</strong></span> <span class='ocrx_word' id='word_1_481' title='bbox 2916 1574 2970 1620; x_wconf 92' lang='lat' dir='ltr'><strong>et</strong></span> <span class='ocrx_word' id='word_1_482' title='bbox 3020 1581 3119 1636; x_wconf 87' lang='lat' dir='ltr'><strong>pro</strong></span> <span class='ocrx_word' id='word_1_483' title='bbox 3151 1581 3251 1621; x_wconf 89' lang='lat' dir='ltr'><strong>sua</strong></span> <span class='ocrx_word' id='word_1_484' title='bbox 3283 1568 3450 1639; x_wconf 87' lang='lat' dir='ltr'><strong>digna</strong></span> 
     </span>
    </p>
   </div>
   <div class='ocr_carea' id='block_1_68' title="bbox 66 3018 73 3049">
    <p class='ocr_par' dir='ltr' id='par_1_68' title="bbox 66 3018 73 3049">
     <span class='ocr_line' id='line_1_68' title="bbox 66 3018 73 3049; baseline 0 0"><span class='ocrx_word' id='word_1_485' title='bbox 66 3018 73 3049; x_wconf 80' lang='lat' dir='ltr'><strong>l</strong></span> 
     </span>
    </p>
   </div>
   <div class='ocr_carea' id='block_1_69' title="bbox 63 3575 1779 3677">
    <p class='ocr_par' dir='ltr' id='par_1_69' title="bbox 63 3575 1779 3677">
     <span class='ocr_line' id='line_1_69' title="bbox 63 3575 1779 3677; baseline -0.01 -24"><span class='ocrx_word' id='word_1_486' title='bbox 63 3575 77 3677; x_wconf 24' lang='grc' dir='ltr'>τί</span> <span class='ocrx_word' id='word_1_487' title='bbox 171 3593 498 3666; x_wconf 54' lang='grc' dir='ltr'>φρηθῆναι</span> <span class='ocrx_word' id='word_1_488' title='bbox 546 3591 652 3645; x_wconf 84' lang='grc' dir='ltr'><strong>τῶν</strong></span> <span class='ocrx_word' id='word_1_489' title='bbox 691 3588 1064 3660; x_wconf 80' lang='grc' dir='ltr'>ἀναφαιρέτων</span> <span class='ocrx_word' id='word_1_490' title='bbox 1097 3586 1316 3656; x_wconf 81' lang='grc' dir='ltr'>ἀγαθῶν</span> <span class='ocrx_word' id='word_1_491' title='bbox 1344 3587 1622 3658; x_wconf 85' lang='grc' dir='ltr'>πρότρεπε</span> <span class='ocrx_word' id='word_1_492' title='bbox 1652 3584 1779 3646; x_wconf 82' lang='grc' dir='ltr'>τοὺς</span> 
     </span>
    </p>
   </div>
   <div class='ocr_carea' id='block_1_70' title="bbox 63 3676 1779 3771">
    <p class='ocr_par' dir='ltr' id='par_1_70' title="bbox 63 3676 1779 3771">
     <span class='ocr_line' id='line_1_70' title="bbox 63 3676 1779 3771; baseline -0.006 -31"><span class='ocrx_word' id='word_1_493' title='bbox 63 3689 75 3771; x_wconf 43' lang='grc' dir='ltr'><strong><em>ς</em></strong></span> <span class='ocrx_word' id='word_1_494' title='bbox 167 3684 520 3748; x_wconf 80' lang='grc' dir='ltr'>καλλίστους</span> <span class='ocrx_word' id='word_1_495' title='bbox 546 3683 889 3753; x_wconf 87' lang='grc' dir='ltr'>δαιτυμόνας,</span> <span class='ocrx_word' id='word_1_496' title='bbox 931 3681 1078 3743; x_wconf 83' lang='grc' dir='ltr'>ὅπως</span> <span class='ocrx_word' id='word_1_497' title='bbox 1108 3678 1187 3750; x_wconf 82' lang='grc' dir='ltr'>τῷ</span> <span class='ocrx_word' id='word_1_498' title='bbox 1220 3678 1369 3749; x_wconf 75' lang='grc' dir='ltr'>παρὰ</span> <span class='ocrx_word' id='word_1_499' title='bbox 1414 3678 1497 3731; x_wconf 76' lang='grc' dir='ltr'>σοὶ</span> <span class='ocrx_word' id='word_1_500' title='bbox 1530 3676 1779 3748; x_wconf 75' lang='grc' dir='ltr'>ἐσόπτρῳ</span> 
     </span>
    </p>
   </div>
   <div class='ocr_carea' id='block_1_71' title="bbox 66 3769 1780 3849">
    <p class='ocr_par' dir='ltr' id='par_1_71' title="bbox 66 3769 1780 3849">
     <span class='ocr_line' id='line_1_71' title="bbox 66 3769 1780 3849; baseline -0.006 -18"><span class='ocrx_word' id='word_1_501' title='bbox 66 3769 73 3791; x_wconf 66' lang='grc'>³</span> <span class='ocrx_word' id='word_1_502' title='bbox 170 3777 273 3849; x_wconf 76' lang='grc' dir='ltr'>τὴν</span> <span class='ocrx_word' id='word_1_503' title='bbox 305 3778 443 3848; x_wconf 83' lang='grc' dir='ltr'>παρ’</span> <span class='ocrx_word' id='word_1_504' title='bbox 486 3777 616 3846; x_wconf 82' lang='grc' dir='ltr'>ἡμῖν</span> <span class='ocrx_word' id='word_1_505' title='bbox 642 3773 896 3845; x_wconf 76' lang='grc' dir='ltr'>ἀλήθειαν</span> <span class='ocrx_word' id='word_1_506' title='bbox 921 3770 1258 3837; x_wconf 77' lang='grc' dir='ltr'>ἀντιζεύξας,</span> <span class='ocrx_word' id='word_1_507' title='bbox 1293 3772 1368 3834; x_wconf 84' lang='grc' dir='ltr'>ὡς</span> <span class='ocrx_word' id='word_1_508' title='bbox 1390 3770 1624 3841; x_wconf 73' lang='grc' dir='ltr'>ἀψευδὴς</span> <span class='ocrx_word' id='word_1_509' title='bbox 1649 3769 1780 3821; x_wconf 87' lang='grc' dir='ltr'>ὑπο-</span> 
     </span>
    </p>
   </div>
   <div class='ocr_carea' id='block_1_72' title="bbox 174 3859 1781 3940">
    <p class='ocr_par' dir='ltr' id='par_1_72' title="bbox 174 3859 1781 3940">
     <span class='ocr_line' id='line_1_72' title="bbox 174 3859 1781 3940; baseline -0.007 -19"><span class='ocrx_word' id='word_1_510' title='bbox 174 3868 382 3940; x_wconf 84' lang='grc' dir='ltr'>φήτης,</span> <span class='ocrx_word' id='word_1_511' title='bbox 405 3868 578 3938; x_wconf 76' lang='grc' dir='ltr'>χεῖρα</span> <span class='ocrx_word' id='word_1_512' title='bbox 608 3862 701 3915; x_wconf 73' lang='grc' dir='ltr'><strong>ἐπὶ</strong></span> <span class='ocrx_word' id='word_1_513' title='bbox 732 3864 888 3933; x_wconf 80' lang='grc' dir='ltr'>χεῖρα</span> <span class='ocrx_word' id='word_1_514' title='bbox 909 3862 1180 3933; x_wconf 78' lang='grc' dir='ltr'>κροτὴσῃς</span> <span class='ocrx_word' id='word_1_515' title='bbox 1200 3859 1279 3930; x_wconf 82' lang='grc' dir='ltr'>τῷ</span> <span class='ocrx_word' id='word_1_516' title='bbox 1307 3860 1447 3913; x_wconf 84' lang='grc' dir='ltr'>τέλει</span> <span class='ocrx_word' id='word_1_517' title='bbox 1471 3859 1578 3912; x_wconf 88' lang='grc' dir='ltr'><strong>τῶν</strong></span> <span class='ocrx_word' id='word_1_518' title='bbox 1611 3861 1781 3930; x_wconf 76' lang='grc' dir='ltr'>προρ-</span> 
     </span>
    </p>
   </div>
   <div class='ocr_carea' id='block_1_73' title="bbox 68 3944 1780 4032">
    <p class='ocr_par' dir='ltr' id='par_1_73' title="bbox 68 3944 1780 4032">
     <span class='ocr_line' id='line_1_73' title="bbox 68 3944 1780 4032; baseline -0.005 -19"><span class='ocrx_word' id='word_1_519' title='bbox 68 3944 76 3975; x_wconf 63' lang='grc'>²</span> <span class='ocrx_word' id='word_1_520' title='bbox 185 3960 426 4032; x_wconf 74' lang='grc' dir='ltr'>ρήσεωψ</span> <span class='ocrx_word' id='word_1_521' title='bbox 484 3954 769 4026; x_wconf 75' lang='grc' dir='ltr'>Ἐγένετο,</span> <span class='ocrx_word' id='word_1_522' title='bbox 794 3953 950 4024; x_wconf 69' lang='grc' dir='ltr'>φησὶ,</span> <span class='ocrx_word' id='word_1_523' title='bbox 967 3950 1074 4006; x_wconf 87' lang='grc' dir='ltr'>τοῦ</span> <span class='ocrx_word' id='word_1_524' title='bbox 1097 3951 1373 4006; x_wconf 83' lang='grc' dir='ltr'>ἐνιαυτοῦ</span> <span class='ocrx_word' id='word_1_525' title='bbox 1391 3947 1461 4007; x_wconf 84' lang='grc' dir='ltr'>οὗ</span> <span class='ocrx_word' id='word_1_526' title='bbox 1480 3950 1780 4005; x_wconf 79' lang='grc' dir='ltr'>ἀπέθανεν</span> 
     </span>
    </p>
   </div>
   <div class='ocr_carea' id='block_1_74' title="bbox 199 4039 1781 4114">
    <p class='ocr_par' dir='ltr' id='par_1_74' title="bbox 199 4039 1781 4114">
     <span class='ocr_line' id='line_1_74' title="bbox 199 4039 1781 4114; baseline -0.005 -13"><span class='ocrx_word' id='word_1_527' title='bbox 199 4046 386 4114; x_wconf 78' lang='grc' dir='ltr'>Ὀζίας</span> <span class='ocrx_word' id='word_1_528' title='bbox 420 4049 463 4101; x_wconf 80' lang='grc' dir='ltr'>ό</span> <span class='ocrx_word' id='word_1_529' title='bbox 492 4043 814 4110; x_wconf 78' lang='grc' dir='ltr'>βασιλεὺς,</span> <span class='ocrx_word' id='word_1_530' title='bbox 843 4039 1007 4096; x_wconf 78' lang='grc' dir='ltr'>εἶδον</span> <span class='ocrx_word' id='word_1_531' title='bbox 1038 4041 1146 4095; x_wconf 84' lang='grc' dir='ltr'>τὸν</span> <span class='ocrx_word' id='word_1_532' title='bbox 1184 4041 1405 4108; x_wconf 78' lang='grc' dir='ltr'>Κύριον</span> <span class='ocrx_word' id='word_1_533' title='bbox 1442 4040 1781 4109; x_wconf 81' lang='grc' dir='ltr'>καθήμενον</span> 
     </span>
    </p>
   </div>
   <div class='ocr_carea' id='block_1_75' title="bbox 70 4130 1781 4208">
    <p class='ocr_par' dir='ltr' id='par_1_75' title="bbox 70 4130 1781 4208">
     <span class='ocr_line' id='line_1_75' title="bbox 70 4130 1781 4208; baseline -0.006 -13"><span class='ocrx_word' id='word_1_534' title='bbox 70 4134 79 4165; x_wconf 67' lang='grc'>⁵</span> <span class='ocrx_word' id='word_1_535' title='bbox 189 4140 292 4194; x_wconf 84' lang='grc' dir='ltr'><strong>ἐπὶ</strong></span> <span class='ocrx_word' id='word_1_536' title='bbox 338 4139 564 4208; x_wconf 80' lang='grc' dir='ltr'>θρόνου</span> <span class='ocrx_word' id='word_1_537' title='bbox 602 4136 845 4206; x_wconf 72' lang='grc' dir='ltr'>ὑψηλοῦ</span> <span class='ocrx_word' id='word_1_538' title='bbox 878 4135 975 4190; x_wconf 81' lang='grc' dir='ltr'>καὶ</span> <span class='ocrx_word' id='word_1_539' title='bbox 1022 4131 1381 4202; x_wconf 75' lang='grc' dir='ltr'>ἐπηρμένου,</span> <span class='ocrx_word' id='word_1_540' title='bbox 1413 4131 1511 4185; x_wconf 79' lang='grc' dir='ltr'>καὶ</span> <span class='ocrx_word' id='word_1_541' title='bbox 1543 4130 1781 4199; x_wconf 88' lang='grc' dir='ltr'>πλήρης</span> 
     </span>
    </p>
   </div>
   <div class='ocr_carea' id='block_1_76' title="bbox 192 4223 1782 4298">
    <p class='ocr_par' dir='ltr' id='par_1_76' title="bbox 192 4223 1782 4298">
     <span class='ocr_line' id='line_1_76' title="bbox 192 4223 1782 4298; baseline -0.007 -12"><span class='ocrx_word' id='word_1_542' title='bbox 192 4235 226 4287; x_wconf 88' lang='grc' dir='ltr'><strong>ό</strong></span> <span class='ocrx_word' id='word_1_543' title='bbox 251 4228 419 4298; x_wconf 73' lang='grc' dir='ltr'>οἶκος</span> <span class='ocrx_word' id='word_1_544' title='bbox 462 4228 572 4298; x_wconf 85' lang='grc' dir='ltr'>τῆς</span> <span class='ocrx_word' id='word_1_545' title='bbox 600 4228 784 4297; x_wconf 82' lang='grc' dir='ltr'>δόξης</span> <span class='ocrx_word' id='word_1_546' title='bbox 812 4225 1018 4282; x_wconf 86' lang='grc' dir='ltr'>αὐτοῦ.</span> <span class='ocrx_word' id='word_1_547' title='bbox 1055 4224 1166 4279; x_wconf 86' lang='lat' dir='ltr'><strong>Kal</strong></span> <span class='ocrx_word' id='word_1_548' title='bbox 1192 4223 1452 4294; x_wconf 70' lang='grc' dir='ltr'>σεραφὶμ</span> <span class='ocrx_word' id='word_1_549' title='bbox 1487 4223 1782 4291; x_wconf 81' lang='grc' dir='ltr'>εἱστήκει-</span> 
     </span>
    </p>
   </div>
   <div class='ocr_carea' id='block_1_77' title="bbox 192 4313 1780 4387">
    <p class='ocr_par' dir='ltr' id='par_1_77' title="bbox 192 4313 1780 4387">
     <span class='ocr_line' id='line_1_77' title="bbox 192 4313 1780 4387; baseline -0.006 -10"><span class='ocrx_word' id='word_1_550' title='bbox 192 4337 316 4376; x_wconf 87' lang='grc' dir='ltr'>σαν</span> <span class='ocrx_word' id='word_1_551' title='bbox 357 4323 569 4384; x_wconf 76' lang='grc' dir='ltr'><strong>κύκλῳ</strong></span> <span class='ocrx_word' id='word_1_552' title='bbox 613 4318 830 4373; x_wconf 82' lang='grc' dir='ltr'>αὑτοῦ·</span> <span class='ocrx_word' id='word_1_553' title='bbox 876 4317 945 4383; x_wconf 74' lang='grc' dir='ltr'><strong>ἐξ</strong></span> <span class='ocrx_word' id='word_1_554' title='bbox 1000 4317 1284 4387; x_wconf 76' lang='grc' dir='ltr'>πτέρυγες</span> <span class='ocrx_word' id='word_1_555' title='bbox 1322 4315 1401 4381; x_wconf 86' lang='grc' dir='ltr'>τῷ</span> <span class='ocrx_word' id='word_1_556' title='bbox 1432 4315 1543 4379; x_wconf 82' lang='grc' dir='ltr'>ἐνὶ,</span> <span class='ocrx_word' id='word_1_557' title='bbox 1578 4315 1676 4369; x_wconf 79' lang='grc' dir='ltr'><strong>καὶ</strong></span> <span class='ocrx_word' id='word_1_558' title='bbox 1711 4313 1780 4378; x_wconf 78' lang='grc' dir='ltr'><strong><em>ἐξ</em></strong></span> 
     </span>
    </p>
   </div>
   <div class='ocr_carea' id='block_1_78' title="bbox 197 4404 1782 4482">
    <p class='ocr_par' dir='ltr' id='par_1_78' title="bbox 197 4404 1782 4482">
     <span class='ocr_line' id='line_1_78' title="bbox 197 4404 1782 4482; baseline -0.004 -18"><span class='ocrx_word' id='word_1_559' title='bbox 197 4410 490 4482; x_wconf 82' lang='grc' dir='ltr'>πτέρυγες</span> <span class='ocrx_word' id='word_1_560' title='bbox 513 4408 593 4475; x_wconf 83' lang='grc' dir='ltr'>τῷ</span> <span class='ocrx_word' id='word_1_561' title='bbox 623 4409 734 4463; x_wconf 80' lang='grc' dir='ltr'>ἐνί.</span> <span class='ocrx_word' id='word_1_562' title='bbox 768 4408 877 4464; x_wconf 86' lang='lat' dir='ltr'><strong>Kal</strong></span> <span class='ocrx_word' id='word_1_563' title='bbox 913 4407 1234 4477; x_wconf 77' lang='grc' dir='ltr'>ἐκέκραγεν</span> <span class='ocrx_word' id='word_1_564' title='bbox 1270 4406 1471 4475; x_wconf 78' lang='grc' dir='ltr'>ἕτερος</span> <span class='ocrx_word' id='word_1_565' title='bbox 1498 4406 1649 4474; x_wconf 76' lang='grc' dir='ltr'>πρὸς</span> <span class='ocrx_word' id='word_1_566' title='bbox 1677 4404 1782 4457; x_wconf 79' lang='grc' dir='ltr'>τὸν</span> 
     </span>
    </p>
   </div>
   <div class='ocr_carea' id='block_1_79' title="bbox 204 4497 1781 4570">
    <p class='ocr_par' dir='ltr' id='par_1_79' title="bbox 204 4497 1781 4570">
     <span class='ocr_line' id='line_1_79' title="bbox 204 4497 1781 4570; baseline -0.004 -15"><span class='ocrx_word' id='word_1_567' title='bbox 204 4501 428 4570; x_wconf 71' lang='grc' dir='ltr'>ἕτερον,</span> <span class='ocrx_word' id='word_1_568' title='bbox 473 4500 570 4554; x_wconf 75' lang='grc' dir='ltr'><strong>καὶ</strong></span> <span class='ocrx_word' id='word_1_569' title='bbox 596 4499 836 4570; x_wconf 70' lang='grc' dir='ltr'>ἔλεγον·</span> <span class='ocrx_word' id='word_1_570' title='bbox 868 4500 1089 4568; x_wconf 78' lang='grc' dir='ltr'>Ἀτιος,</span> <span class='ocrx_word' id='word_1_571' title='bbox 1130 4498 1315 4569; x_wconf 82' lang='grc' dir='ltr'>ἅγιος,</span> <span class='ocrx_word' id='word_1_572' title='bbox 1360 4497 1527 4567; x_wconf 79' lang='grc' dir='ltr'>ἅγιος</span> <span class='ocrx_word' id='word_1_573' title='bbox 1566 4499 1781 4565; x_wconf 86' lang='grc' dir='ltr'>Κύριος</span> 
     </span>
    </p>
   </div>
   <div class='ocr_carea' id='block_1_80' title="bbox 206 4587 1774 4660">
    <p class='ocr_par' dir='ltr' id='par_1_80' title="bbox 206 4587 1774 4660">
     <span class='ocr_line' id='line_1_80' title="bbox 206 4587 1774 4660; baseline -0.004 -13"><span class='ocrx_word' id='word_1_574' title='bbox 206 4592 467 4647; x_wconf 74' lang='grc' dir='ltr'>Σαϐαὼθ·</span> <span class='ocrx_word' id='word_1_575' title='bbox 517 4591 756 4660; x_wconf 88' lang='grc' dir='ltr'>πλήρης</span> <span class='ocrx_word' id='word_1_576' title='bbox 803 4587 971 4645; x_wconf 83' lang='grc' dir='ltr'>πᾶσα</span> <span class='ocrx_word' id='word_1_577' title='bbox 1018 4591 1057 4659; x_wconf 83' lang='grc' dir='ltr'><strong>ή</strong></span> <span class='ocrx_word' id='word_1_578' title='bbox 1097 4588 1171 4659; x_wconf 77' lang='grc' dir='ltr'>γῆ</span> <span class='ocrx_word' id='word_1_579' title='bbox 1195 4589 1307 4657; x_wconf 83' lang='grc' dir='ltr'>τῆς</span> <span class='ocrx_word' id='word_1_580' title='bbox 1341 4589 1527 4658; x_wconf 79' lang='grc' dir='ltr'>δόξης</span> <span class='ocrx_word' id='word_1_581' title='bbox 1567 4588 1774 4643; x_wconf 82' lang='grc' dir='ltr'>αὐτοῦ.</span> 
     </span>
    </p>
   </div>
   <div class='ocr_carea' id='block_1_81' title="bbox 1879 3581 3458 3651">
    <p class='ocr_par' dir='ltr' id='par_1_81' title="bbox 1879 3581 3458 3651">
     <span class='ocr_line' id='line_1_81' title="bbox 1879 3581 3458 3651; baseline 0.003 -17"><span class='ocrx_word' id='word_1_582' title='bbox 1879 3588 1941 3634; x_wconf 83' lang='grc' dir='ltr'><strong>ιιι</strong></span> <span class='ocrx_word' id='word_1_583' title='bbox 1960 3581 2253 3637; x_wconf 87' lang='lat' dir='ltr'><strong>stabilibus</strong></span> <span class='ocrx_word' id='word_1_584' title='bbox 2292 3582 2454 3637; x_wconf 87' lang='lat' dir='ltr'><strong>bonis</strong></span> <span class='ocrx_word' id='word_1_585' title='bbox 2487 3581 2637 3651; x_wconf 89' lang='lat' dir='ltr'><strong>large</strong></span> <span class='ocrx_word' id='word_1_586' title='bbox 2661 3588 3071 3646; x_wconf 81' lang='lat' dir='ltr'><strong>exsaturentur,</strong></span> <span class='ocrx_word' id='word_1_587' title='bbox 3107 3581 3360 3651; x_wconf 91' lang='lat' dir='ltr'><strong>impelle;</strong></span> <span class='ocrx_word' id='word_1_588' title='bbox 3397 3590 3458 3638; x_wconf 93' lang='lat' dir='ltr'><strong>ut</strong></span> 
     </span>
    </p>
   </div>
   <div class='ocr_carea' id='block_1_82' title="bbox 1879 3673 3461 3744">
    <p class='ocr_par' dir='ltr' id='par_1_82' title="bbox 1879 3673 3461 3744">
     <span class='ocr_line' id='line_1_82' title="bbox 1879 3673 3461 3744; baseline 0.003 -19"><span class='ocrx_word' id='word_1_589' title='bbox 1879 3678 1974 3726; x_wconf 91' lang='lat' dir='ltr'><strong>tuo</strong></span> <span class='ocrx_word' id='word_1_590' title='bbox 2009 3673 2085 3726; x_wconf 90' lang='lat' dir='ltr'><strong>illi</strong></span> <span class='ocrx_word' id='word_1_591' title='bbox 2134 3673 2360 3744; x_wconf 85' lang='lat' dir='ltr'><strong>speculo</strong></span> <span class='ocrx_word' id='word_1_592' title='bbox 2391 3673 2673 3727; x_wconf 83' lang='lat' dir='ltr'><strong>veritatem</strong></span> <span class='ocrx_word' id='word_1_593' title='bbox 2701 3680 2948 3727; x_wconf 89' lang='lat' dir='ltr'><strong>nostram</strong></span> <span class='ocrx_word' id='word_1_594' title='bbox 2997 3688 3066 3726; x_wconf 80' lang='lat' dir='ltr'><strong>ex</strong></span> <span class='ocrx_word' id='word_1_595' title='bbox 3100 3673 3332 3728; x_wconf 88' lang='lat' dir='ltr'><strong>adverso</strong></span> <span class='ocrx_word' id='word_1_596' title='bbox 3362 3690 3461 3729; x_wconf 79' lang='lat' dir='ltr'><strong>ne-</strong></span> 
     </span>
    </p>
   </div>
   <div class='ocr_carea' id='block_1_83' title="bbox 1880 3762 3460 3835">
    <p class='ocr_par' dir='ltr' id='par_1_83' title="bbox 1880 3762 3460 3835">
     <span class='ocr_line' id='line_1_83' title="bbox 1880 3762 3460 3835; baseline 0.003 -19"><span class='ocrx_word' id='word_1_597' title='bbox 1880 3771 2063 3829; x_wconf 88' lang='lat' dir='ltr'><strong>ctens,</strong></span> <span class='ocrx_word' id='word_1_598' title='bbox 2096 3763 2548 3835; x_wconf 63' lang='lat' dir='ltr'><strong>praedictionibus</strong></span> <span class='ocrx_word' id='word_1_599' title='bbox 2580 3762 2793 3818; x_wconf 90' lang='lat' dir='ltr'><strong>sortitis</strong></span> <span class='ocrx_word' id='word_1_600' title='bbox 2820 3762 3111 3817; x_wconf 87' lang='lat' dir='ltr'><strong>terminum</strong></span> <span class='ocrx_word' id='word_1_601' title='bbox 3136 3802 3154 3828; x_wconf 95' lang='lat'><strong>,</strong></span> <span class='ocrx_word' id='word_1_602' title='bbox 3210 3772 3267 3817; x_wconf 92' lang='lat' dir='ltr'><strong>ut</strong></span> <span class='ocrx_word' id='word_1_603' title='bbox 3295 3780 3460 3822; x_wconf 86' lang='lat' dir='ltr'><strong>verus</strong></span> 
     </span>
    </p>
   </div>
   <div class='ocr_carea' id='block_1_84' title="bbox 1878 3854 3459 3925">
    <p class='ocr_par' dir='ltr' id='par_1_84' title="bbox 1878 3854 3459 3925">
     <span class='ocr_line' id='line_1_84' title="bbox 1878 3854 3459 3925; baseline 0.003 -20"><span class='ocrx_word' id='word_1_604' title='bbox 1878 3863 2053 3920; x_wconf 73' lang='lat' dir='ltr'><strong>vates,</strong></span> <span class='ocrx_word' id='word_1_605' title='bbox 2085 3871 2306 3910; x_wconf 88' lang='lat' dir='ltr'><strong>manum</strong></span> <span class='ocrx_word' id='word_1_606' title='bbox 2342 3855 2409 3910; x_wconf 91' lang='lat' dir='ltr'><strong>ad</strong></span> <span class='ocrx_word' id='word_1_607' title='bbox 2431 3870 2653 3909; x_wconf 89' lang='lat' dir='ltr'><strong>manum</strong></span> <span class='ocrx_word' id='word_1_608' title='bbox 2672 3854 2828 3910; x_wconf 63' lang='lat' dir='ltr'><strong>laetus</strong></span> <span class='ocrx_word' id='word_1_609' title='bbox 2860 3856 3206 3925; x_wconf 90' lang='lat' dir='ltr'><strong>complodas:</strong></span> <span class='ocrx_word' id='word_1_610' title='bbox 3231 3854 3459 3911; x_wconf 84' lang='lat' dir='ltr'><strong>Factum</strong></span> 
     </span>
    </p>
   </div>
   <div class='ocr_carea' id='block_1_85' title="bbox 1878 3948 3457 4021">
    <p class='ocr_par' dir='ltr' id='par_1_85' title="bbox 1878 3948 3457 4021">
     <span class='ocr_line' id='line_1_85' title="bbox 1878 3948 3457 4021; baseline -0.003 -13"><span class='ocrx_word' id='word_1_611' title='bbox 1878 3962 1994 4016; x_wconf 88' lang='lat' dir='ltr'><strong>est,</strong></span> <span class='ocrx_word' id='word_1_612' title='bbox 2044 3950 2257 4021; x_wconf 89' lang='lat' dir='ltr'><strong>inquit-,</strong></span> <span class='ocrx_word' id='word_1_613' title='bbox 2291 3950 2345 4003; x_wconf 90' lang='lat' dir='ltr'><strong>in</strong></span> <span class='ocrx_word' id='word_1_614' title='bbox 2382 3964 2520 4002; x_wconf 91' lang='lat' dir='ltr'><strong>anno</strong></span> <span class='ocrx_word' id='word_1_615' title='bbox 2561 3963 2663 4017; x_wconf 87' lang='lat' dir='ltr'><strong>quo</strong></span> <span class='ocrx_word' id='word_1_616' title='bbox 2719 3957 2959 4001; x_wconf 88' lang='lat' dir='ltr'><strong>mortuus</strong></span> <span class='ocrx_word' id='word_1_617' title='bbox 2991 3957 3068 4002; x_wconf 85' lang='lat' dir='ltr'><strong>est</strong></span> <span class='ocrx_word' id='word_1_618' title='bbox 3113 3948 3274 4004; x_wconf 79' lang='lat' dir='ltr'><strong>Ozias</strong></span> <span class='ocrx_word' id='word_1_619' title='bbox 3330 3965 3457 4017; x_wconf 73' lang='lat' dir='ltr'><strong>rex,</strong></span> 
     </span>
    </p>
   </div>
   <div class='ocr_carea' id='block_1_86' title="bbox 1880 4040 3455 4109">
    <p class='ocr_par' dir='ltr' id='par_1_86' title="bbox 1880 4040 3455 4109">
     <span class='ocr_line' id='line_1_86' title="bbox 1880 4040 3455 4109; baseline -0.003 -10"><span class='ocrx_word' id='word_1_620' title='bbox 1880 4045 1987 4099; x_wconf 79' lang='lat' dir='ltr'><strong>vidi</strong></span> <span class='ocrx_word' id='word_1_621' title='bbox 2015 4043 2294 4097; x_wconf 87' lang='lat' dir='ltr'><strong>Dominum</strong></span> <span class='ocrx_word' id='word_1_622' title='bbox 2327 4041 2589 4095; x_wconf 82' lang='lat' dir='ltr'><strong>sedentem</strong></span> <span class='ocrx_word' id='word_1_623' title='bbox 2626 4056 2783 4109; x_wconf 87' lang='lat' dir='ltr'><strong>super</strong></span> <span class='ocrx_word' id='word_1_624' title='bbox 2819 4040 3062 4093; x_wconf 82' lang='lat' dir='ltr'><strong>thronum</strong></span> <span class='ocrx_word' id='word_1_625' title='bbox 3096 4041 3359 4096; x_wconf 69' lang='lat' dir='ltr'><strong>excelsum</strong></span> <span class='ocrx_word' id='word_1_626' title='bbox 3404 4050 3455 4096; x_wconf 88' lang='lat' dir='ltr'><strong>et</strong></span> 
     </span>
    </p>
   </div>
   <div class='ocr_carea' id='block_1_87' title="bbox 1880 4132 3457 4205">
    <p class='ocr_par' dir='ltr' id='par_1_87' title="bbox 1880 4132 3457 4205">
     <span class='ocr_line' id='line_1_87' title="bbox 1880 4132 3457 4205; baseline -0.001 -14"><span class='ocrx_word' id='word_1_627' title='bbox 1880 4137 2135 4191; x_wconf 80' lang='lat' dir='ltr'><strong>eleuatum</strong></span> <span class='ocrx_word' id='word_1_628' title='bbox 2161 4150 2179 4188; x_wconf 92' lang='lat'><strong><em>:</em></strong></span> <span class='ocrx_word' id='word_1_629' title='bbox 2207 4143 2254 4187; x_wconf 84' lang='lat' dir='ltr'><strong>et</strong></span> <span class='ocrx_word' id='word_1_630' title='bbox 2276 4134 2430 4204; x_wconf 88' lang='lat' dir='ltr'><strong>plena</strong></span> <span class='ocrx_word' id='word_1_631' title='bbox 2461 4132 2646 4187; x_wconf 88' lang='lat' dir='ltr'><strong>domus</strong></span> <span class='ocrx_word' id='word_1_632' title='bbox 2694 4132 2864 4204; x_wconf 83' lang='lat' dir='ltr'><strong>gloria</strong></span> <span class='ocrx_word' id='word_1_633' title='bbox 2898 4133 3033 4202; x_wconf 85' lang='lat' dir='ltr'><strong>ejus.</strong></span> <span class='ocrx_word' id='word_1_634' title='bbox 3074 4132 3143 4187; x_wconf 87' lang='lat' dir='ltr'><strong>Et</strong></span> <span class='ocrx_word' id='word_1_635' title='bbox 3192 4135 3457 4205; x_wconf 86' lang='lat' dir='ltr'><strong>seraphim</strong></span> 
     </span>
    </p>
   </div>
   <div class='ocr_carea' id='block_1_88' title="bbox 1882 4224 3455 4295">
    <p class='ocr_par' dir='ltr' id='par_1_88' title="bbox 1882 4224 3455 4295">
     <span class='ocr_line' id='line_1_88' title="bbox 1882 4224 3455 4295; baseline 0.001 -13"><span class='ocrx_word' id='word_1_636' title='bbox 1882 4227 2092 4283; x_wconf 85' lang='lat' dir='ltr'><strong>stabant</strong></span> <span class='ocrx_word' id='word_1_637' title='bbox 2113 4228 2168 4280; x_wconf 91' lang='lat' dir='ltr'><strong>in</strong></span> <span class='ocrx_word' id='word_1_638' title='bbox 2196 4227 2421 4279; x_wconf 80' lang='lat' dir='ltr'><strong>circuitu</strong></span> <span class='ocrx_word' id='word_1_639' title='bbox 2452 4224 2566 4295; x_wconf 86' lang='lat' dir='ltr'><strong>ejus</strong></span> <span class='ocrx_word' id='word_1_640' title='bbox 2599 4241 2617 4279; x_wconf 91' lang='lat'><strong><em>:</em></strong></span> <span class='ocrx_word' id='word_1_641' title='bbox 2646 4240 2739 4279; x_wconf 79' lang='lat' dir='ltr'><strong>sea:</strong></span> <span class='ocrx_word' id='word_1_642' title='bbox 2758 4225 2861 4280; x_wconf 69' lang='lat' dir='ltr'><strong>alar</strong></span> <span class='ocrx_word' id='word_1_643' title='bbox 2880 4226 2994 4289; x_wconf 89' lang='lat' dir='ltr'><strong>uni,</strong></span> <span class='ocrx_word' id='word_1_644' title='bbox 3016 4235 3065 4280; x_wconf 89' lang='lat' dir='ltr'><strong>et</strong></span> <span class='ocrx_word' id='word_1_645' title='bbox 3093 4243 3183 4281; x_wconf 78' lang='lat' dir='ltr'><strong>sea:</strong></span> <span class='ocrx_word' id='word_1_646' title='bbox 3213 4230 3315 4281; x_wconf 73' lang='lat' dir='ltr'><strong>ala:</strong></span> <span class='ocrx_word' id='word_1_647' title='bbox 3340 4229 3455 4284; x_wconf 86' lang='lat' dir='ltr'><strong>uni.</strong></span> 
     </span>
    </p>
   </div>
   <div class='ocr_carea' id='block_1_89' title="bbox 1884 4316 3457 4387">
    <p class='ocr_par' dir='ltr' id='par_1_89' title="bbox 1884 4316 3457 4387">
     <span class='ocr_line' id='line_1_89' title="bbox 1884 4316 3457 4387; baseline -0.001 -13"><span class='ocrx_word' id='word_1_648' title='bbox 1884 4318 1952 4375; x_wconf 87' lang='lat' dir='ltr'><strong>Et</strong></span> <span class='ocrx_word' id='word_1_649' title='bbox 1971 4318 2277 4372; x_wconf 87' lang='lat' dir='ltr'><strong>clamabant</strong></span> <span class='ocrx_word' id='word_1_650' title='bbox 2296 4317 2433 4371; x_wconf 83' lang='lat' dir='ltr'><strong>alter</strong></span> <span class='ocrx_word' id='word_1_651' title='bbox 2463 4316 2532 4371; x_wconf 88' lang='lat' dir='ltr'><strong>ad</strong></span> <span class='ocrx_word' id='word_1_652' title='bbox 2565 4317 2815 4385; x_wconf 88' lang='lat' dir='ltr'><strong>alterum,</strong></span> <span class='ocrx_word' id='word_1_653' title='bbox 2839 4327 2888 4371; x_wconf 89' lang='lat' dir='ltr'><strong>et</strong></span> <span class='ocrx_word' id='word_1_654' title='bbox 2915 4317 3457 4387; x_wconf 85' lang='lat' dir='ltr'><strong>dicebant:Sanctus,</strong></span> 
     </span>
    </p>
   </div>
   <div class='ocr_carea' id='block_1_90' title="bbox 1881 4410 3456 4481">
    <p class='ocr_par' dir='ltr' id='par_1_90' title="bbox 1881 4410 3456 4481">
     <span class='ocr_line' id='line_1_90' title="bbox 1881 4410 3456 4481; baseline -0.001 -14"><span class='ocrx_word' id='word_1_655' title='bbox 1881 4421 2125 4475; x_wconf 84' lang='lat' dir='ltr'><strong>sanctus,</strong></span> <span class='ocrx_word' id='word_1_656' title='bbox 2179 4420 2395 4465; x_wconf 83' lang='lat' dir='ltr'><strong>sanctus</strong></span> <span class='ocrx_word' id='word_1_657' title='bbox 2441 4410 2700 4465; x_wconf 86' lang='lat' dir='ltr'><strong>Dominus</strong></span> <span class='ocrx_word' id='word_1_658' title='bbox 2743 4410 2978 4465; x_wconf 86' lang='lat' dir='ltr'><strong>Sabaoth</strong></span> <span class='ocrx_word' id='word_1_659' title='bbox 3023 4428 3041 4465; x_wconf 91' lang='lat'><strong><em>:</em></strong></span> <span class='ocrx_word' id='word_1_660' title='bbox 3090 4411 3245 4481; x_wconf 87' lang='lat' dir='ltr'><strong>plena</strong></span> <span class='ocrx_word' id='word_1_661' title='bbox 3285 4414 3456 4467; x_wconf 87' lang='lat' dir='ltr'><strong>omnis</strong></span> 
     </span>
    </p>
   </div>
   <div class='ocr_carea' id='block_1_91' title="bbox 1883 4500 3460 4570">
    <p class='ocr_par' dir='ltr' id='par_1_91' title="bbox 1883 4500 3460 4570">
     <span class='ocr_line' id='line_1_91' title="bbox 1883 4500 3460 4570; baseline 0.003 -15"><span class='ocrx_word' id='word_1_662' title='bbox 1883 4513 2024 4557; x_wconf 90' lang='lat' dir='ltr'><strong>terra</strong></span> <span class='ocrx_word' id='word_1_663' title='bbox 2060 4500 2232 4568; x_wconf 84' lang='lat' dir='ltr'><strong>gloria</strong></span> <span class='ocrx_word' id='word_1_664' title='bbox 2284 4501 2419 4570; x_wconf 82' lang='lat' dir='ltr'><strong>ejus.</strong></span> <span class='ocrx_word' id='word_1_665' title='bbox 2466 4500 2531 4553; x_wconf 86' lang='lat' dir='ltr'><strong>Et</strong></span> <span class='ocrx_word' id='word_1_666' title='bbox 2564 4503 2821 4555; x_wconf 76' lang='lat' dir='ltr'><strong>eleuatum</strong></span> <span class='ocrx_word' id='word_1_667' title='bbox 2865 4510 2941 4555; x_wconf 85' lang='lat' dir='ltr'><strong>est</strong></span> <span class='ocrx_word' id='word_1_668' title='bbox 2978 4503 3383 4570; x_wconf 85' lang='lat' dir='ltr'><strong>superliminare</strong></span> <span class='ocrx_word' id='word_1_669' title='bbox 3424 4520 3460 4559; x_wconf 84' lang='grc' dir='ltr'><strong>ιι</strong></span> 
     </span>
    </p>
   </div>
   <div class='ocr_carea' id='block_1_92' title="bbox 1882 4591 3461 4663">
    <p class='ocr_par' dir='ltr' id='par_1_92' title="bbox 1882 4591 3461 4663">
     <span class='ocr_line' id='line_1_92' title="bbox 1882 4591 3461 4663; baseline 0.001 -15"><span class='ocrx_word' id='word_1_670' title='bbox 1882 4611 2001 4649; x_wconf 78' lang='lat' dir='ltr'><strong>voce</strong></span> <span class='ocrx_word' id='word_1_671' title='bbox 2022 4610 2125 4663; x_wconf 91' lang='lat' dir='ltr'><strong>qua</strong></span> <span class='ocrx_word' id='word_1_672' title='bbox 2156 4591 2499 4646; x_wconf 87' lang='lat' dir='ltr'><strong>clamabant:</strong></span> <span class='ocrx_word' id='word_1_673' title='bbox 2523 4601 2572 4645; x_wconf 91' lang='lat' dir='ltr'><strong>et</strong></span> <span class='ocrx_word' id='word_1_674' title='bbox 2596 4592 2782 4646; x_wconf 81' lang='lat' dir='ltr'><strong>domus</strong></span> <span class='ocrx_word' id='word_1_675' title='bbox 2822 4592 3039 4661; x_wconf 84' lang='lat' dir='ltr'><strong>impleta</strong></span> <span class='ocrx_word' id='word_1_676' title='bbox 3075 4600 3154 4647; x_wconf 84' lang='lat' dir='ltr'><strong>est</strong></span> <span class='ocrx_word' id='word_1_677' title='bbox 3189 4592 3354 4661; x_wconf 81' lang='lat' dir='ltr'><strong>fumo.</strong></span> <span class='ocrx_word' id='word_1_678' title='bbox 3390 4591 3461 4649; x_wconf 84' lang='lat' dir='ltr'><strong>Et</strong></span> 
     </span>
    </p>
   </div>
   <div class='ocr_carea' id='block_1_93' title="bbox 210 4676 1775 4758">
    <p class='ocr_par' dir='ltr' id='par_1_93' title="bbox 210 4676 1775 4752">
     <span class='ocr_line' id='line_1_93' title="bbox 210 4676 1775 4752; baseline -0.004 -12"><span class='ocrx_word' id='word_1_679' title='bbox 210 4684 317 4740; x_wconf 83' lang='lat' dir='ltr'><strong>Kal</strong></span> <span class='ocrx_word' id='word_1_680' title='bbox 342 4683 569 4752; x_wconf 78' lang='grc' dir='ltr'>ἐπήρθη</span> <span class='ocrx_word' id='word_1_681' title='bbox 602 4684 666 4737; x_wconf 89' lang='grc' dir='ltr'>τὸ</span> <span class='ocrx_word' id='word_1_682' title='bbox 690 4683 1025 4751; x_wconf 87' lang='grc' dir='ltr'>ὑπέρθυρον</span> <span class='ocrx_word' id='word_1_683' title='bbox 1050 4682 1169 4737; x_wconf 85' lang='grc' dir='ltr'>ἀπὸ</span> <span class='ocrx_word' id='word_1_684' title='bbox 1199 4680 1308 4751; x_wconf 82' lang='grc' dir='ltr'>τῆς</span> <span class='ocrx_word' id='word_1_685' title='bbox 1327 4679 1531 4751; x_wconf 69' lang='grc' dir='ltr'>φωνῆς</span> <span class='ocrx_word' id='word_1_686' title='bbox 1558 4676 1635 4752; x_wconf 79' lang='grc' dir='ltr'>ἧς</span> <span class='ocrx_word' id='word_1_687' title='bbox 1657 4679 1775 4734; x_wconf 81' lang='grc' dir='ltr'>ἐκέ-</span> 
     </span>
    </p>
   </div>
   <div class='ocr_carea' id='block_1_94' title="bbox 1878 4676 3461 4758">
    <p class='ocr_par' dir='ltr' id='par_1_94' title="bbox 1881 4684 3461 4756">
     <span class='ocr_line' id='line_1_94' title="bbox 1881 4684 3461 4756; baseline 0.003 -19"><span class='ocrx_word' id='word_1_688' title='bbox 1881 4687 1994 4739; x_wconf 72' lang='lat' dir='ltr'><strong>dixi</strong></span> <span class='ocrx_word' id='word_1_689' title='bbox 2022 4701 2040 4738; x_wconf 93' lang='lat'><strong><em>:</em></strong></span> <span class='ocrx_word' id='word_1_690' title='bbox 2068 4684 2112 4740; x_wconf 92' lang='lat'><em>0</em></span> <span class='ocrx_word' id='word_1_691' title='bbox 2144 4685 2302 4737; x_wconf 86' lang='lat' dir='ltr'><strong>miser</strong></span> <span class='ocrx_word' id='word_1_692' title='bbox 2326 4701 2439 4754; x_wconf 87' lang='lat' dir='ltr'><strong>ego,</strong></span> <span class='ocrx_word' id='word_1_693' title='bbox 2461 4684 2586 4754; x_wconf 86' lang='lat' dir='ltr'><strong>quia</strong></span> <span class='ocrx_word' id='word_1_694' title='bbox 2609 4694 2950 4752; x_wconf 84' lang='lat' dir='ltr'><strong>compunctus</strong></span> <span class='ocrx_word' id='word_1_695' title='bbox 2977 4701 3095 4738; x_wconf 85' lang='lat' dir='ltr'><strong>sum</strong></span> <span class='ocrx_word' id='word_1_696' title='bbox 3119 4699 3136 4737; x_wconf 89' lang='lat'><em>:</em></span> <span class='ocrx_word' id='word_1_697' title='bbox 3158 4685 3285 4756; x_wconf 87' lang='lat' dir='ltr'><strong>quia</strong></span> <span class='ocrx_word' id='word_1_698' title='bbox 3304 4684 3461 4742; x_wconf 87' lang='lat' dir='ltr'><strong>homo</strong></span> 
     </span>
    </p>
   </div>
   <div class='ocr_carea' id='block_1_95' title="bbox 212 4770 1773 4847">
    <p class='ocr_par' dir='ltr' id='par_1_95' title="bbox 212 4770 1773 4847">
     <span class='ocr_line' id='line_1_95' title="bbox 212 4770 1773 4847; baseline -0.003 -16"><span class='ocrx_word' id='word_1_699' title='bbox 212 4792 451 4847; x_wconf 80' lang='grc' dir='ltr'>κραγον,</span> <span class='ocrx_word' id='word_1_700' title='bbox 484 4776 580 4828; x_wconf 77' lang='grc' dir='ltr'><strong>καὶ</strong></span> <span class='ocrx_word' id='word_1_701' title='bbox 612 4777 644 4828; x_wconf 85' lang='grc' dir='ltr'><strong>ό</strong></span> <span class='ocrx_word' id='word_1_702' title='bbox 692 4770 851 4839; x_wconf 74' lang='grc' dir='ltr'>οἶκος</span> <span class='ocrx_word' id='word_1_703' title='bbox 885 4772 1162 4842; x_wconf 84' lang='grc' dir='ltr'>ἐπλήσθη</span> <span class='ocrx_word' id='word_1_704' title='bbox 1198 4773 1450 4829; x_wconf 84' lang='grc' dir='ltr'>καπνοῦ.</span> <span class='ocrx_word' id='word_1_705' title='bbox 1483 4773 1593 4829; x_wconf 85' lang='lat' dir='ltr'><strong>Kal</strong></span> <span class='ocrx_word' id='word_1_706' title='bbox 1617 4770 1773 4827; x_wconf 81' lang='grc' dir='ltr'>εἶπα·</span> 
     </span>
    </p>
   </div>
   <div class='ocr_carea' id='block_1_96' title="bbox 210 4864 1781 4938">
    <p class='ocr_par' dir='ltr' id='par_1_96' title="bbox 210 4864 1781 4938">
     <span class='ocr_line' id='line_1_96' title="bbox 210 4864 1781 4938; baseline -0.003 -15"><span class='ocrx_word' id='word_1_707' title='bbox 210 4864 284 4923; x_wconf 68' lang='grc' dir='ltr'>Ὠ</span> <span class='ocrx_word' id='word_1_708' title='bbox 322 4869 504 4933; x_wconf 80' lang='grc' dir='ltr'>τάλας</span> <span class='ocrx_word' id='word_1_709' title='bbox 546 4866 678 4938; x_wconf 77' lang='grc' dir='ltr'>ἐγὼ,</span> <span class='ocrx_word' id='word_1_710' title='bbox 722 4866 810 4920; x_wconf 88' lang='grc' dir='ltr'>ὅτι</span> <span class='ocrx_word' id='word_1_711' title='bbox 852 4865 1304 4937; x_wconf 79' lang='grc' dir='ltr'>κατανένυγμαι·</span> <span class='ocrx_word' id='word_1_712' title='bbox 1345 4866 1435 4920; x_wconf 83' lang='grc' dir='ltr'>ὅτι</span> <span class='ocrx_word' id='word_1_713' title='bbox 1472 4867 1781 4935; x_wconf 82' lang='grc' dir='ltr'>ἅνθρωπος</span> 
     </span>
    </p>
   </div>
   <div class='ocr_carea' id='block_1_97' title="bbox 214 4956 1784 5030">
    <p class='ocr_par' dir='ltr' id='par_1_97' title="bbox 214 4956 1784 5030">
     <span class='ocr_line' id='line_1_97' title="bbox 214 4956 1784 5030; baseline 0.001 -19"><span class='ocrx_word' id='word_1_714' title='bbox 214 4956 314 5020; x_wconf 82' lang='grc' dir='ltr'>ὢν,</span> <span class='ocrx_word' id='word_1_715' title='bbox 346 4961 442 5013; x_wconf 77' lang='grc' dir='ltr'>καὶ</span> <span class='ocrx_word' id='word_1_716' title='bbox 466 4959 766 5028; x_wconf 73' lang='grc' dir='ltr'>ἀκάθαρτα</span> <span class='ocrx_word' id='word_1_717' title='bbox 790 4961 959 5029; x_wconf 82' lang='grc' dir='ltr'>χείλη</span> <span class='ocrx_word' id='word_1_718' title='bbox 986 4960 1163 5030; x_wconf 78' lang='grc' dir='ltr'>ἔχων,</span> <span class='ocrx_word' id='word_1_719' title='bbox 1186 4961 1254 5013; x_wconf 85' lang='grc' dir='ltr'>ὲν</span> <span class='ocrx_word' id='word_1_720' title='bbox 1276 4962 1445 5030; x_wconf 83' lang='grc' dir='ltr'>μέσῳ</span> <span class='ocrx_word' id='word_1_721' title='bbox 1471 4962 1623 5014; x_wconf 85' lang='grc' dir='ltr'>λαοῦ</span> <span class='ocrx_word' id='word_1_722' title='bbox 1645 4958 1784 5014; x_wconf 73' lang='grc' dir='ltr'><strong>ἀκά-</strong></span> 
     </span>
    </p>
   </div>
   <div class='ocr_carea' id='block_1_98' title="bbox 221 5051 1778 5121">
    <p class='ocr_par' dir='ltr' id='par_1_98' title="bbox 221 5051 1778 5121">
     <span class='ocr_line' id='line_1_98' title="bbox 221 5051 1778 5121; baseline 0 -15"><span class='ocrx_word' id='word_1_723' title='bbox 221 5055 395 5120; x_wconf 81' lang='grc' dir='ltr'>θαρτα</span> <span class='ocrx_word' id='word_1_724' title='bbox 416 5052 585 5121; x_wconf 80' lang='grc' dir='ltr'>χείλη</span> <span class='ocrx_word' id='word_1_725' title='bbox 613 5051 858 5121; x_wconf 81' lang='grc' dir='ltr'>ἔχοντος</span> <span class='ocrx_word' id='word_1_726' title='bbox 894 5051 1053 5116; x_wconf 69' lang='grc' dir='ltr'>οἰκῶ,</span> <span class='ocrx_word' id='word_1_727' title='bbox 1087 5053 1183 5105; x_wconf 72' lang='grc' dir='ltr'><strong>καὶ</strong></span> <span class='ocrx_word' id='word_1_728' title='bbox 1217 5052 1325 5106; x_wconf 80' lang='grc' dir='ltr'>τὸν</span> <span class='ocrx_word' id='word_1_729' title='bbox 1356 5052 1622 5117; x_wconf 82' lang='grc' dir='ltr'>βασιλέα</span> <span class='ocrx_word' id='word_1_730' title='bbox 1658 5051 1778 5106; x_wconf 83' lang='grc' dir='ltr'><strong>Κύ-</strong></span> 
     </span>
    </p>
   </div>
   <div class='ocr_carea' id='block_1_99' title="bbox 215 5141 1782 5215">
    <p class='ocr_par' dir='ltr' id='par_1_99' title="bbox 215 5141 1782 5215">
     <span class='ocr_line' id='line_1_99' title="bbox 215 5141 1782 5215; baseline 0.001 -18"><span class='ocrx_word' id='word_1_731' title='bbox 215 5159 340 5212; x_wconf 84' lang='grc' dir='ltr'>ριον</span> <span class='ocrx_word' id='word_1_732' title='bbox 366 5143 605 5198; x_wconf 82' lang='grc' dir='ltr'>Σαϐαὼθ</span> <span class='ocrx_word' id='word_1_733' title='bbox 641 5141 803 5198; x_wconf 82' lang='grc' dir='ltr'>εἶδον</span> <span class='ocrx_word' id='word_1_734' title='bbox 828 5147 951 5212; x_wconf 89' lang='grc' dir='ltr'>τοῖς</span> <span class='ocrx_word' id='word_1_735' title='bbox 978 5145 1307 5215; x_wconf 58' lang='grc' dir='ltr'>ὀφθαλμοῖς</span> <span class='ocrx_word' id='word_1_736' title='bbox 1343 5163 1483 5214; x_wconf 84' lang='grc' dir='ltr'><strong>μου.</strong></span> <span class='ocrx_word' id='word_1_737' title='bbox 1531 5145 1641 5199; x_wconf 83' lang='lat' dir='ltr'><strong>Kal</strong></span> <span class='ocrx_word' id='word_1_738' title='bbox 1669 5145 1782 5199; x_wconf 82' lang='grc' dir='ltr'><strong>ὰπ-</strong></span> 
     </span>
    </p>
   </div>
   <div class='ocr_carea' id='block_1_100' title="bbox 221 5234 1780 5307">
    <p class='ocr_par' dir='ltr' id='par_1_100' title="bbox 221 5234 1780 5307">
     <span class='ocr_line' id='line_1_100' title="bbox 221 5234 1780 5307; baseline -0.001 -15"><span class='ocrx_word' id='word_1_739' title='bbox 221 5234 436 5304; x_wconf 73' lang='grc' dir='ltr'>θστὰλη</span> <span class='ocrx_word' id='word_1_740' title='bbox 466 5235 615 5304; x_wconf 83' lang='grc' dir='ltr'>πρὸς</span> <span class='ocrx_word' id='word_1_741' title='bbox 635 5235 713 5306; x_wconf 79' lang='grc' dir='ltr'><strong>μὲ</strong></span> <span class='ocrx_word' id='word_1_742' title='bbox 742 5236 810 5290; x_wconf 81' lang='grc' dir='ltr'>ἐν</span> <span class='ocrx_word' id='word_1_743' title='bbox 834 5236 951 5290; x_wconf 82' lang='grc' dir='ltr'><strong>τῶν</strong></span> <span class='ocrx_word' id='word_1_744' title='bbox 978 5238 1257 5307; x_wconf 64' lang='grc' dir='ltr'>σεραρὶμ,</span> <span class='ocrx_word' id='word_1_745' title='bbox 1294 5238 1393 5290; x_wconf 77' lang='grc' dir='ltr'>καὶ</span> <span class='ocrx_word' id='word_1_746' title='bbox 1421 5237 1491 5290; x_wconf 84' lang='grc' dir='ltr'>ἐν</span> <span class='ocrx_word' id='word_1_747' title='bbox 1522 5235 1598 5305; x_wconf 71' lang='grc' dir='ltr'>τῇ</span> <span class='ocrx_word' id='word_1_748' title='bbox 1628 5237 1780 5307; x_wconf 81' lang='grc' dir='ltr'>χειρὶ</span> 
     </span>
    </p>
   </div>
   <div class='ocr_carea' id='block_1_101' title="bbox 1884 4775 3463 4847">
    <p class='ocr_par' dir='ltr' id='par_1_101' title="bbox 1884 4775 3463 4847">
     <span class='ocr_line' id='line_1_101' title="bbox 1884 4775 3463 4847; baseline 0 -16"><span class='ocrx_word' id='word_1_749' title='bbox 1884 4794 2002 4831; x_wconf 88' lang='lat' dir='ltr'><strong>cum</strong></span> <span class='ocrx_word' id='word_1_750' title='bbox 2035 4778 2165 4840; x_wconf 88' lang='lat' dir='ltr'><strong>sim,</strong></span> <span class='ocrx_word' id='word_1_751' title='bbox 2189 4786 2236 4831; x_wconf 86' lang='lat' dir='ltr'><strong>et</strong></span> <span class='ocrx_word' id='word_1_752' title='bbox 2259 4776 2534 4830; x_wconf 89' lang='lat' dir='ltr'><strong>immunda</strong></span> <span class='ocrx_word' id='word_1_753' title='bbox 2568 4775 2711 4829; x_wconf 89' lang='lat' dir='ltr'><strong>labia</strong></span> <span class='ocrx_word' id='word_1_754' title='bbox 2735 4775 2979 4839; x_wconf 85' lang='lat' dir='ltr'><strong>habeam,</strong></span> <span class='ocrx_word' id='word_1_755' title='bbox 3013 4777 3069 4829; x_wconf 87' lang='lat' dir='ltr'><strong>in</strong></span> <span class='ocrx_word' id='word_1_756' title='bbox 3092 4776 3260 4831; x_wconf 88' lang='lat' dir='ltr'><strong>medio</strong></span> <span class='ocrx_word' id='word_1_757' title='bbox 3277 4777 3463 4847; x_wconf 85' lang='lat' dir='ltr'><strong>populi</strong></span> 
     </span>
    </p>
   </div>
   <div class='ocr_carea' id='block_1_102' title="bbox 1881 4866 3456 4937">
    <p class='ocr_par' dir='ltr' id='par_1_102' title="bbox 1881 4866 3456 4937">
     <span class='ocr_line' id='line_1_102' title="bbox 1881 4866 3456 4937; baseline 0.001 -15"><span class='ocrx_word' id='word_1_758' title='bbox 1881 4868 2159 4923; x_wconf 87' lang='lat' dir='ltr'><strong>immunda</strong></span> <span class='ocrx_word' id='word_1_759' title='bbox 2196 4868 2339 4921; x_wconf 81' lang='lat' dir='ltr'><strong>labia</strong></span> <span class='ocrx_word' id='word_1_760' title='bbox 2376 4867 2614 4922; x_wconf 89' lang='lat' dir='ltr'><strong>habentis</strong></span> <span class='ocrx_word' id='word_1_761' title='bbox 2640 4866 2853 4931; x_wconf 90' lang='lat' dir='ltr'><strong>habito;</strong></span> <span class='ocrx_word' id='word_1_762' title='bbox 2889 4878 2936 4921; x_wconf 89' lang='lat' dir='ltr'><strong>et</strong></span> <span class='ocrx_word' id='word_1_763' title='bbox 2971 4884 3141 4937; x_wconf 86' lang='lat' dir='ltr'><strong>regem</strong></span> <span class='ocrx_word' id='word_1_764' title='bbox 3171 4868 3456 4923; x_wconf 88' lang='lat' dir='ltr'><strong>Dominum</strong></span> 
     </span>
    </p>
   </div>
   <div class='ocr_carea' id='block_1_103' title="bbox 1884 4958 3460 5017">
    <p class='ocr_par' dir='ltr' id='par_1_103' title="bbox 1884 4958 3460 5017">
     <span class='ocr_line' id='line_1_103' title="bbox 1884 4958 3460 5017; baseline 0.002 -3"><span class='ocrx_word' id='word_1_765' title='bbox 1884 4958 2118 5014; x_wconf 87' lang='lat' dir='ltr'><strong>Sabaoth</strong></span> <span class='ocrx_word' id='word_1_766' title='bbox 2142 4960 2250 5014; x_wconf 81' lang='lat' dir='ltr'><strong>vidi</strong></span> <span class='ocrx_word' id='word_1_767' title='bbox 2291 4961 2458 5013; x_wconf 87' lang='lat' dir='ltr'><strong>oculis</strong></span> <span class='ocrx_word' id='word_1_768' title='bbox 2493 4960 2643 5013; x_wconf 89' lang='lat' dir='ltr'><strong>meis.</strong></span> <span class='ocrx_word' id='word_1_769' title='bbox 2686 4958 2755 5012; x_wconf 85' lang='lat' dir='ltr'><strong>Et</strong></span> <span class='ocrx_word' id='word_1_770' title='bbox 2789 4961 2983 5014; x_wconf 86' lang='lat' dir='ltr'><strong>missus</strong></span> <span class='ocrx_word' id='word_1_771' title='bbox 3005 4971 3082 5014; x_wconf 90' lang='lat' dir='ltr'><strong>est</strong></span> <span class='ocrx_word' id='word_1_772' title='bbox 3110 4960 3179 5014; x_wconf 85' lang='lat' dir='ltr'><strong>ad</strong></span> <span class='ocrx_word' id='word_1_773' title='bbox 3206 4979 3288 5017; x_wconf 89' lang='lat' dir='ltr'><strong>me</strong></span> <span class='ocrx_word' id='word_1_774' title='bbox 3324 4979 3460 5017; x_wconf 84' lang='lat' dir='ltr'><strong>unus</strong></span> 
     </span>
    </p>
   </div>
   <div class='ocr_carea' id='block_1_104' title="bbox 1880 5051 3460 5121">
    <p class='ocr_par' dir='ltr' id='par_1_104' title="bbox 1880 5051 3460 5121">
     <span class='ocr_line' id='line_1_104' title="bbox 1880 5051 3460 5121; baseline 0.002 -16"><span class='ocrx_word' id='word_1_775' title='bbox 1880 5052 1944 5106; x_wconf 87' lang='lat' dir='ltr'><strong>de</strong></span> <span class='ocrx_word' id='word_1_776' title='bbox 1983 5052 2288 5121; x_wconf 85' lang='lat' dir='ltr'><strong>seraphim;</strong></span> <span class='ocrx_word' id='word_1_777' title='bbox 2320 5061 2369 5105; x_wconf 89' lang='lat' dir='ltr'><strong>et</strong></span> <span class='ocrx_word' id='word_1_778' title='bbox 2398 5053 2452 5104; x_wconf 89' lang='lat' dir='ltr'><strong>in</strong></span> <span class='ocrx_word' id='word_1_779' title='bbox 2494 5068 2656 5105; x_wconf 89' lang='lat' dir='ltr'><strong>manu</strong></span> <span class='ocrx_word' id='word_1_780' title='bbox 2693 5068 2793 5105; x_wconf 88' lang='lat' dir='ltr'><strong>sua</strong></span> <span class='ocrx_word' id='word_1_781' title='bbox 2824 5051 3046 5107; x_wconf 85' lang='lat' dir='ltr'><strong>habebat</strong></span> <span class='ocrx_word' id='word_1_782' title='bbox 3082 5054 3460 5110; x_wconf 82' lang='lat' dir='ltr'><strong>carbunculum</strong></span> 
     </span>
    </p>
   </div>
   <div class='ocr_carea' id='block_1_105' title="bbox 1879 5099 3487 5235">
    <p class='ocr_par' dir='ltr' id='par_1_105' title="bbox 1879 5099 3487 5235">
     <span class='ocr_line' id='line_1_105' title="bbox 1879 5099 3487 5235; baseline -0.001 -36"><span class='ocrx_word' id='word_1_783' title='bbox 1879 5161 2031 5214; x_wconf 87' lang='lat' dir='ltr'><strong>quem</strong></span> <span class='ocrx_word' id='word_1_784' title='bbox 2051 5099 2247 5211; x_wconf 64' lang='lat' dir='ltr'><strong>{oi-cipe</strong></span> <span class='ocrx_word' id='word_1_785' title='bbox 2276 5142 2397 5196; x_wconf 83' lang='lat' dir='ltr'><strong>tulit</strong></span> <span class='ocrx_word' id='word_1_786' title='bbox 2432 5141 2495 5195; x_wconf 94' lang='lat' dir='ltr'><strong>ab</strong></span> <span class='ocrx_word' id='word_1_787' title='bbox 2528 5142 2731 5195; x_wconf 85' lang='lat' dir='ltr'><strong>altari:</strong></span> <span class='ocrx_word' id='word_1_788' title='bbox 2755 5151 2803 5196; x_wconf 89' lang='lat' dir='ltr'><strong>et</strong></span> <span class='ocrx_word' id='word_1_789' title='bbox 2847 5145 3013 5214; x_wconf 89' lang='lat' dir='ltr'><strong>tetigit</strong></span> <span class='ocrx_word' id='word_1_790' title='bbox 3059 5161 3116 5198; x_wconf 90' lang='lat' dir='ltr'><strong>os</strong></span> <span class='ocrx_word' id='word_1_791' title='bbox 3168 5162 3369 5210; x_wconf 74' lang='lat' dir='ltr'><strong>meum,</strong></span> <span class='ocrx_word' id='word_1_792' title='bbox 3410 5099 3487 5235; x_wconf 60' lang='lat' dir='ltr'><strong>et:</strong></span> 
     </span>
    </p>
   </div>
   <div class='ocr_carea' id='block_1_106' title="bbox 1880 5233 3462 5309">
    <p class='ocr_par' dir='ltr' id='par_1_106' title="bbox 1880 5233 3462 5309">
     <span class='ocr_line' id='line_1_106' title="bbox 1880 5233 3462 5309; baseline 0.003 -20"><span class='ocrx_word' id='word_1_793' title='bbox 1880 5236 2053 5291; x_wconf 67' lang='lat' dir='ltr'><strong>dixit:</strong></span> <span class='ocrx_word' id='word_1_794' title='bbox 2077 5234 2209 5289; x_wconf 85' lang='lat' dir='ltr'><strong>Ecce</strong></span> <span class='ocrx_word' id='word_1_795' title='bbox 2239 5235 2405 5306; x_wconf 86' lang='lat' dir='ltr'><strong>tetigit</strong></span> <span class='ocrx_word' id='word_1_796' title='bbox 2428 5234 2523 5288; x_wconf 87' lang='lat' dir='ltr'><strong>hoc</strong></span> <span class='ocrx_word' id='word_1_797' title='bbox 2541 5233 2685 5289; x_wconf 86' lang='lat' dir='ltr'><strong>labia</strong></span> <span class='ocrx_word' id='word_1_798' title='bbox 2720 5243 2831 5302; x_wconf 89' lang='lat' dir='ltr'><strong>tua,</strong></span> <span class='ocrx_word' id='word_1_799' title='bbox 2852 5244 2901 5290; x_wconf 89' lang='lat' dir='ltr'><strong>et</strong></span> <span class='ocrx_word' id='word_1_800' title='bbox 2930 5236 3130 5307; x_wconf 81' lang='lat' dir='ltr'><strong>auferet</strong></span> <span class='ocrx_word' id='word_1_801' title='bbox 3156 5238 3462 5309; x_wconf 76' lang='lat' dir='ltr'><strong>iniquitates</strong></span> 
     </span>
    </p>
   </div>
   <div class='ocr_carea' id='block_1_107' title="bbox 290 5410 1775 5485">
    <p class='ocr_par' dir='ltr' id='par_1_107' title="bbox 290 5410 1747 5485">
     <span class='ocr_line' id='line_1_107' title="bbox 290 5410 1747 5485; baseline -0.001 -16"><span class='ocrx_word' id='word_1_802' title='bbox 290 5411 333 5447; x_wconf 85' lang='lat'>“</span> <span class='ocrx_word' id='word_1_803' title='bbox 353 5410 415 5469; x_wconf 84' lang='lat' dir='ltr'><strong><em>II</em></strong></span> <span class='ocrx_word' id='word_1_804' title='bbox 437 5411 562 5485; x_wconf 84' lang='lat' dir='ltr'><strong>Reg.</strong></span> <span class='ocrx_word' id='word_1_805' title='bbox 598 5430 675 5479; x_wconf 88' lang='lat' dir='ltr'><strong>vt,</strong></span> <span class='ocrx_word' id='word_1_806' title='bbox 707 5413 794 5467; x_wconf 81' lang='grc'><strong>10.</strong></span> <span class='ocrx_word' id='word_1_807' title='bbox 868 5414 915 5445; x_wconf 68' lang='grc'>³³</span> <span class='ocrx_word' id='word_1_808' title='bbox 936 5412 1095 5469; x_wconf 81' lang='lat' dir='ltr'><strong>Joan.</strong></span> <span class='ocrx_word' id='word_1_809' title='bbox 1131 5429 1169 5477; x_wconf 90' lang='grc' dir='ltr'><strong>ι,</strong></span> <span class='ocrx_word' id='word_1_810' title='bbox 1195 5414 1251 5467; x_wconf 87' lang='lat' dir='ltr'><strong>ll</strong></span> <span class='ocrx_word' id='word_1_811' title='bbox 1281 5433 1295 5481; x_wconf 88' lang='lat'><strong>;</strong></span> <span class='ocrx_word' id='word_1_812' title='bbox 1331 5413 1480 5470; x_wconf 87' lang='lat' dir='ltr'><strong>Psal.</strong></span> <span class='ocrx_word' id='word_1_813' title='bbox 1510 5428 1658 5477; x_wconf 74' lang='lat' dir='ltr'><strong>ms,</strong></span> <span class='ocrx_word' id='word_1_814' title='bbox 1694 5413 1747 5468; x_wconf 86' lang='lat'><strong>&#39;5.</strong></span> 
     </span>
    </p>
   </div>
   <div class='ocr_carea' id='block_1_108' title="bbox 1878 5410 3323 5485">
    <p class='ocr_par' dir='ltr' id='par_1_108' title="bbox 1899 5410 3323 5478">
     <span class='ocr_line' id='line_1_108' title="bbox 1899 5410 3323 5478; baseline 0.002 -13"><span class='ocrx_word' id='word_1_815' title='bbox 1899 5410 2073 5466; x_wconf 86' lang='lat' dir='ltr'><strong>Eccle.</strong></span> <span class='ocrx_word' id='word_1_816' title='bbox 2109 5427 2145 5478; x_wconf 91' lang='grc' dir='ltr'><strong>ι,</strong></span> <span class='ocrx_word' id='word_1_817' title='bbox 2173 5411 2259 5466; x_wconf 84' lang='grc'><strong>10.</strong></span> <span class='ocrx_word' id='word_1_818' title='bbox 2339 5412 2380 5444; x_wconf 78' lang='grc'><strong>⁸⁸</strong></span> <span class='ocrx_word' id='word_1_819' title='bbox 2409 5410 2472 5466; x_wconf 85' lang='lat' dir='ltr'><strong><em>II</em></strong></span> <span class='ocrx_word' id='word_1_820' title='bbox 2498 5410 2623 5471; x_wconf 90' lang='lat' dir='ltr'><strong>Cor.</strong></span> <span class='ocrx_word' id='word_1_821' title='bbox 2659 5429 2713 5478; x_wconf 80' lang='grc' dir='ltr'><strong>ν,</strong></span> <span class='ocrx_word' id='word_1_822' title='bbox 2734 5412 2821 5470; x_wconf 82' lang='grc'><strong>17.</strong></span> <span class='ocrx_word' id='word_1_823' title='bbox 2902 5412 2945 5444; x_wconf 74' lang='grc'>⁸⁸</span> <span class='ocrx_word' id='word_1_824' title='bbox 2973 5410 3124 5466; x_wconf 86' lang='lat' dir='ltr'><strong>Rom.</strong></span> <span class='ocrx_word' id='word_1_825' title='bbox 3156 5427 3232 5475; x_wconf 79' lang='lat' dir='ltr'><strong>ix,</strong></span> <span class='ocrx_word' id='word_1_826' title='bbox 3265 5410 3323 5468; x_wconf 82' lang='grc'><strong>5.</strong></span> 
     </span>
    </p>
   </div>
   <div class='ocr_carea' id='block_1_109' title="bbox 296 5592 1283 5665">
    <p class='ocr_par' dir='ltr' id='par_1_109' title="bbox 296 5592 1283 5665">
     <span class='ocr_line' id='line_1_109' title="bbox 296 5592 1283 5665; baseline -0.006 -13"><span class='ocrx_word' id='word_1_827' title='bbox 296 5596 395 5665; x_wconf 77' lang='lat'><strong>(38)</strong></span> <span class='ocrx_word' id='word_1_828' title='bbox 419 5593 736 5663; x_wconf 86' lang='grc' dir='ltr'>Προώρισε.</span> <span class='ocrx_word' id='word_1_829' title='bbox 769 5592 967 5665; x_wconf 59' lang='lat' dir='ltr'><strong>ncesse</strong></span> <span class='ocrx_word' id='word_1_830' title='bbox 999 5593 1210 5649; x_wconf 82' lang='lat' dir='ltr'><strong>videtur</strong></span> <span class='ocrx_word' id='word_1_831' title='bbox 1235 5594 1283 5647; x_wconf 85' lang='grc' dir='ltr'><strong>ὃ.</strong></span> 
     </span>
    </p>
   </div>
   <div class='ocr_carea' id='block_1_110' title="bbox 297 5661 1783 5736">
    <p class='ocr_par' dir='ltr' id='par_1_110' title="bbox 297 5661 1783 5736">
     <span class='ocr_line' id='line_1_110' title="bbox 297 5661 1783 5736; baseline -0.001 -15"><span class='ocrx_word' id='word_1_832' title='bbox 297 5661 393 5733; x_wconf 73' lang='lat'><strong>(51))</strong></span> <span class='ocrx_word' id='word_1_833' title='bbox 426 5661 545 5734; x_wconf 66' lang='grc' dir='ltr'><strong>Τὴν</strong></span> <span class='ocrx_word' id='word_1_834' title='bbox 570 5661 854 5733; x_wconf 81' lang='grc' dir='ltr'>ἀκίνητον</span> <span class='ocrx_word' id='word_1_835' title='bbox 880 5662 1067 5736; x_wconf 80' lang='grc' dir='ltr'>ἧτταν</span> <span class='ocrx_word' id='word_1_836' title='bbox 1102 5662 1638 5736; x_wconf 59' lang='grc' dir='ltr'>ἑγκαρκησάμενοι.</span> <span class='ocrx_word' id='word_1_837' title='bbox 1693 5661 1783 5719; x_wconf 88' lang='lat' dir='ltr'><strong>Sic</strong></span> 
     </span>
    </p>
   </div>
   <div class='ocr_carea' id='block_1_111' title="bbox 238 5733 1783 5805">
    <p class='ocr_par' dir='ltr' id='par_1_111' title="bbox 238 5733 1783 5805">
     <span class='ocr_line' id='line_1_111' title="bbox 238 5733 1783 5805; baseline 0 -17"><span class='ocrx_word' id='word_1_838' title='bbox 238 5733 555 5789; x_wconf 77' lang='lat' dir='ltr'><strong>rmznendum</strong></span> <span class='ocrx_word' id='word_1_839' title='bbox 618 5737 866 5798; x_wconf 88' lang='lat' dir='ltr'><strong>videtur,</strong></span> <span class='ocrx_word' id='word_1_840' title='bbox 906 5733 1179 5805; x_wconf 76' lang='lat' dir='ltr'><strong>quidquid</strong></span> <span class='ocrx_word' id='word_1_841' title='bbox 1240 5733 1471 5789; x_wconf 78' lang='lat' dir='ltr'><strong>Paulino</strong></span> <span class='ocrx_word' id='word_1_842' title='bbox 1531 5735 1783 5788; x_wconf 84' lang='lat' dir='ltr'><strong>videatur</strong></span> 
     </span>
    </p>
   </div>
   <div class='ocr_carea' id='block_1_112' title="bbox 240 5805 1782 5877">
    <p class='ocr_par' dir='ltr' id='par_1_112' title="bbox 240 5805 1782 5877">
     <span class='ocr_line' id='line_1_112' title="bbox 240 5805 1782 5877; baseline 0.004 -22"><span class='ocrx_word' id='word_1_843' title='bbox 240 5810 532 5860; x_wconf 67' lang='lat' dir='ltr'><strong>Mintdlldum</strong></span> <span class='ocrx_word' id='word_1_844' title='bbox 575 5807 656 5871; x_wconf 81' lang='grc' dir='ltr'>τὸ,</span> <span class='ocrx_word' id='word_1_845' title='bbox 709 5806 987 5874; x_wconf 60' lang='lat' dir='ltr'><strong>ciu-imm;</strong></span> <span class='ocrx_word' id='word_1_846' title='bbox 1042 5808 1095 5862; x_wconf 89' lang='lat' dir='ltr'><strong>in</strong></span> <span class='ocrx_word' id='word_1_847' title='bbox 1152 5806 1456 5877; x_wconf 80' lang='grc' dir='ltr'>ἁν-ίκητον,</span> <span class='ocrx_word' id='word_1_848' title='bbox 1491 5805 1782 5877; x_wconf 85' lang='lat' dir='ltr'><strong>minusque</strong></span> 
     </span>
    </p>
   </div>
   <div class='ocr_carea' id='block_1_113' title="bbox 1882 5588 3463 5658">
    <p class='ocr_par' dir='ltr' id='par_1_113' title="bbox 1882 5588 3463 5658">
     <span class='ocr_line' id='line_1_113' title="bbox 1882 5588 3463 5658; baseline -0.003 -10"><span class='ocrx_word' id='word_1_849' title='bbox 1882 5595 2028 5649; x_wconf 76' lang='lat' dir='ltr'><strong>bene</strong></span> <span class='ocrx_word' id='word_1_850' title='bbox 2058 5593 2271 5654; x_wconf 88' lang='lat' dir='ltr'><strong>reddat.</strong></span> <span class='ocrx_word' id='word_1_851' title='bbox 2297 5594 2487 5649; x_wconf 88' lang='lat' dir='ltr'><strong>invicto</strong></span> <span class='ocrx_word' id='word_1_852' title='bbox 2510 5598 2606 5650; x_wconf 85' lang='lat' dir='ltr'><strong>hoc</strong></span> <span class='ocrx_word' id='word_1_853' title='bbox 2630 5596 2912 5650; x_wconf 85' lang='lat' dir='ltr'><strong>certamine</strong></span> <span class='ocrx_word' id='word_1_854' title='bbox 2931 5593 3112 5649; x_wconf 82' lang='lat' dir='ltr'><strong>victas,</strong></span> <span class='ocrx_word' id='word_1_855' title='bbox 3136 5594 3244 5644; x_wconf 89' lang='lat' dir='ltr'><strong>etc.</strong></span> <span class='ocrx_word' id='word_1_856' title='bbox 3279 5588 3463 5658; x_wconf 85' lang='lat' dir='ltr'><strong>Signi-</strong></span> 
     </span>
    </p>
   </div>
   <div class='ocr_carea' id='block_1_114' title="bbox 1890 5660 3461 5729">
    <p class='ocr_par' dir='ltr' id='par_1_114' title="bbox 1890 5660 3461 5729">
     <span class='ocr_line' id='line_1_114' title="bbox 1890 5660 3461 5729; baseline -0.002 -9"><span class='ocrx_word' id='word_1_857' title='bbox 1890 5666 2085 5720; x_wconf 86' lang='lat' dir='ltr'><strong>licatur</strong></span> <span class='ocrx_word' id='word_1_858' title='bbox 2110 5665 2383 5720; x_wconf 79' lang='lat' dir='ltr'><strong>excellens</strong></span> <span class='ocrx_word' id='word_1_859' title='bbox 2413 5667 2618 5722; x_wconf 81' lang='lat' dir='ltr'><strong>Christi</strong></span> <span class='ocrx_word' id='word_1_860' title='bbox 2665 5666 2889 5719; x_wconf 88' lang='lat' dir='ltr'><strong>victoria</strong></span> <span class='ocrx_word' id='word_1_861' title='bbox 2937 5660 3267 5728; x_wconf 88' lang='lat' dir='ltr'><strong>laudumque</strong></span> <span class='ocrx_word' id='word_1_862' title='bbox 3318 5664 3461 5729; x_wconf 86' lang='lat' dir='ltr'><strong>ejus,</strong></span> 
     </span>
    </p>
   </div>
   <div class='ocr_carea' id='block_1_115' title="bbox 1888 5729 3465 5810">
    <p class='ocr_par' dir='ltr' id='par_1_115' title="bbox 1888 5729 3465 5810">
     <span class='ocr_line' id='line_1_115' title="bbox 1888 5729 3465 5810; baseline 0.001 -24"><span class='ocrx_word' id='word_1_863' title='bbox 1888 5752 1996 5805; x_wconf 83' lang='lat' dir='ltr'><strong>qua</strong></span> <span class='ocrx_word' id='word_1_864' title='bbox 2030 5735 2291 5810; x_wconf 77' lang='lat' dir='ltr'><strong>immobili</strong></span> <span class='ocrx_word' id='word_1_865' title='bbox 2314 5778 2339 5810; x_wconf 88' lang='lat'><strong>,_</strong></span> <span class='ocrx_word' id='word_1_866' title='bbox 2368 5744 2425 5789; x_wconf 91' lang='lat' dir='ltr'><strong>ut</strong></span> <span class='ocrx_word' id='word_1_867' title='bbox 2457 5753 2566 5793; x_wconf 89' lang='lat' dir='ltr'><strong>non</strong></span> <span class='ocrx_word' id='word_1_868' title='bbox 2598 5737 2773 5810; x_wconf 81' lang='lat' dir='ltr'><strong>possit</strong></span> <span class='ocrx_word' id='word_1_869' title='bbox 2803 5749 2913 5790; x_wconf 89' lang='lat' dir='ltr'><strong>non</strong></span> <span class='ocrx_word' id='word_1_870' title='bbox 2965 5729 3247 5800; x_wconf 84' lang='lat' dir='ltr'><strong>obtinere,</strong></span> <span class='ocrx_word' id='word_1_871' title='bbox 3302 5731 3465 5788; x_wconf 78' lang='lat' dir='ltr'><strong>nobis</strong></span> 
     </span>
    </p>
   </div>
   <div class='ocr_carea' id='block_1_116' title="bbox 1886 5805 2388 5876">
    <p class='ocr_par' dir='ltr' id='par_1_116' title="bbox 1886 5805 2388 5876">
     <span class='ocr_line' id='line_1_116' title="bbox 1886 5805 2388 5876; baseline 0 -18"><span class='ocrx_word' id='word_1_872' title='bbox 1886 5806 2266 5876; x_wconf 83' lang='lat' dir='ltr'><strong>gratulandum</strong></span> <span class='ocrx_word' id='word_1_873' title='bbox 2296 5805 2388 5861; x_wconf 89' lang='lat' dir='ltr'><strong>sit.</strong></span> 
     </span>
    </p>
   </div>
  </div>
