3962 6278
543 324 642 380 351

1515 323 1573 380 S.
1614 326 1945 384 ΜΕΤΗΟΒΙΙ
1981 328 2287 386 EPISCOPI
2325 327 2413 382 ET
2456 323 2812 381 ΗΔΒτῖιῖΙὸ

3667 324 3784 378 352

540 445 685 501 tuas,
719 444 770 490 et
793 447 1002 505 peccata
1025 446 1116 490 tua
1141 438 1603 511 circumpurgabit.
1630 441 1697 495 Et
1728 444 1906 499 audivi
1925 462 2078 500 vocen

2197 443 2384 499 αὐτοῦ
2422 439 2586 511 εἶχεν
2622 441 2905 508 ἄνθρακα,
2937 438 3010 492 ὃν
3044 438 3118 507 τῇ
3146 436 3343 492 λαόωι
3388 436 3605 491 ἔλαϐεν
3651 436 3780 490 ἀπὸ

537 528 756 583 Domini
779 530 994 583 dicentis
1022 546 1040 582 :
1064 530 1228 595 Quem
1244 534 1453 587 mittam
1470 537 1494 589 ?
1513 544 1560 588 et
1583 536 1698 605 quis
1725 536 1821 590 ibit
1843 537 1912 590 ad
1931 555 2096 607 popu-

537 620 649 674 lum
678 624 855 677 hunc?
886 621 952 674 Et
985 622 1099 677 dixi
1125 641 1142 677 :
1168 624 1299 680 Ecce
1329 643 1450 696 ego,
1494 628 1640 682 mitte
1668 645 1766 683 me.
1811 628 1880 683 Et
1915 630 2049 684 dixit
2076 647 2093 684 :

546 714 717 778 Vade,
750 724 799 768 et
840 714 924 766 dic
956 715 1147 783 populo
1168 716 1288 771 huic
1310 733 1328 770 :
1362 718 1561 772 Audita
1604 721 1860 787 audietis,
1898 734 1948 777 et
1991 742 2095 779 non

530 805 833 875 intelligetis
854 820 871 857 .'
890 814 939 859 et
961 807 1188 860 videntes
1210 807 1467 870 videbitis,
1490 818 1538 863 et
1560 826 1663 864 non
1681 814 2004 880 perspicietis
2029 816 2090 869 ⁸⁷.

533 892 671 947 8υιιι
698 909 862 963 porro
888 896 999 949 haec:
1021 898 1293 965 propheta:
1321 913 1417 968 per
1446 898 1707 968 Spiritum
1733 904 2094 971 prmnuntiata

526 985 768 1039 oracula.
805 983 885 1039 Tu
914 1001 1040 1041 vero
1096 988 1249 1052 mihi,
1279 990 1601 1046 charissime
1621 1031 1636 1055 ,
1684 992 1793 1045 vim
1825 992 2091 1048 dictorum

526 1074 838 1139 considera,
886 1083 945 1130 ut
973 1087 1434 1133 sacramentorum
1464 1089 1718 1135 eventum
1749 1085 2089 1152 assequaris;

523 1166 855 1237 noverisque
892 1168 1016 1237 quis
1039 1177 1384 1240 quantusque
1419 1170 1492 1226 sit
1520 1179 1708 1227 noster
1739 1172 1827 1228 hic
1856 1189 2092 1229 conven-

526 1266 635 1312 tus.
669 1257 916 1332 Cumque
946 1262 1209 1331 prepheta
1253 1264 1381 1317 olim
1426 1263 1750 1319 miraculum
1796 1266 1867 1321 sit
1893 1269 2091 1323 vatici-

525 1356 707 1414 natus,
759 1367 859 1421 age
890 1360 971 1418 tu,
1018 1369 1233 1408 summo
1273 1356 1466 1411 ardore
1514 1357 1789 1427 animique
1826 1360 2011 1415 laetitia
2037 1370 2092 1416 et

521 1440 826 1505 alacritate,
862 1444 1164 1513 perspicaci
1191 1445 1557 1516 intelligentia;
1591 1456 1693 1503 ture
1720 1450 1902 1515 oculo,
1928 1450 2093 1508 Beth-

520 1528 699 1585 lehem
736 1532 882 1586 illam
913 1550 1174 1604 perquam
1207 1536 1463 1607 inclytam
1484 1538 1603 1605 adi;
1639 1539 2092 1611 manifestamque

521 1624 620 1677 tibi
648 1632 744 1679 tuo
771 1626 954 1680 animo
981 1636 1154 1682 tecum
1181 1628 1472 1699 imaginem
1495 1630 1714 1702 eﬂinge,
1749 1634 2090 1704 prophetiam

522 1729 647 1768 cum
684 1715 802 1783 ipso
840 1732 1020 1771 rerum
1066 1726 1261 1774 eventu
1290 1735 1643 1791 componens.
1678 1722 1886 1794 oNeque
1917 1727 2085 1793 enim,

2199 536 2303 590 τοῦ
2341 534 2792 601 θυσιαστηρίου,
2819 532 2918 585 καὶ
2948 531 3144 600 ἥψατο
3172 529 3278 584 τοῦ
3304 532 3598 600 στόματός
3621 548 3776 600 μου,

2197 623 2294 677 καὶ
2324 624 2510 677 εἶπεν·
2557 621 2710 677 Ἰδοὺ
2748 621 2943 689 ἥψατο
2985 621 3161 674 τοῦτο
3191 619 3309 674 τῶν
3338 619 3589 690 χειλέων
3626 638 3777 685 σου,

2196 716 2296 771 καὶ
2334 714 2548 784 ἀφελεῖ
2586 714 2689 779 τὰς
2731 713 2982 781 ἀνομίας
3025 729 3161 774 σου,
3194 714 3290 767 καί
3332 714 3439 779 τὰς
3476 713 3777 781 ἁμαρτίας

2194 819 2310 860 σου
2345 803 2760 873 περικαθαριεῖ.
2790 802 2897 857 Kal
2918 802 3157 872 ἤκουσα
3179 801 3286 871 τῆς
3312 802 3514 873 φωνῆς
3542 806 3776 873 Κυρίου

2192 896 2498 967 λέγοντοςο
2552 898 2689 951 Τίνα
2722 896 3096 959 ἀποστειλω;
3131 895 3230 950 καὶ
3273 897 3365 962 τίς
3409 897 3775 963 πορεύσεται

2192 988 2344 1056 πρὸς
2368 988 2474 1042 τὸν
2495 986 2650 1042 λαὸν
2672 987 2910 1051 τοῦτον;
2933 986 3044 1041 Kal
3066 983 3224 1040 εἶπα·
3281 985 3427 1039 Ἰδοὺ
3461 986 3596 1056 ἐγὼ,
3623 987 3776 1041 ἀετό-

2191 1081 2432 1133 στειλόν
2448 1097 2544 1148 με.
2580 1079 2691 1132 Kal
2717 1075 2864 1132 εἴπεο
2897 1079 3180 1147 Πορεύου,
3206 1078 3304 1131 καί
3333 1072 3504 1131 εἷπον
3529 1075 3609 1141 τῷ
3635 1075 3774 1140 λαῷ

2194 1172 2400 1235 τούτοιν
2450 1169 2620 1240 Ἀκοῇ
2652 1172 2977 1238 ἀκούσητε,
3018 1169 3123 1224 καὶ
3164 1172 3237 1223 οὐ
3263 1168 3350 1237 μὴ
3380 1166 3628 1235 συνῆτε·
3666 1168 3771 1220 καί

2184 1261 2524 1327 ⁴βλέποντες
2551 1261 2848 1329 saw-ms,
2894 1260 2992 1313 καὶ
3024 1261 3096 1314 οὐ
3119 1258 3203 1330 μὴ
3234 1258 3417 1325 ίδητε.
3450 1252 3636 1311 Ταῦτα
3668 1255 3769 1309 τοῦ

2191 1358 2469 1428 προφήτου
2499 1355 2589 1408 διὰ
2623 1353 2718 1407 τοῦ
2757 1351 3071 1424 Πνεύματος
3098 1353 3167 1405 τὰ
3192 1368 3368 1423 προκη
3380 1350 3657 1421 ρύγματα.
3694 1349 3765 1402 Σὺ

2188 1449 2245 1502 δέ
2268 1467 2379 1520 μοι,
2401 1447 2674 1518 ἀγαπητὲ,
2700 1446 2893 1499 σκόπει
2916 1444 3023 1499 τῶν
3043 1443 3345 1515 εἰρημένων
3373 1441 3474 1513 τὴν
3505 1440 3763 1510 δύναμιν,

2191 1540 2278 1593 ἵνα
2307 1539 2525 1612 συνίσῃς
2560 1537 2669 1591 τῶν
2703 1535 3015 1608 μυστηρίων
3048 1536 3147 1606 τὴν
3180 1534 3422 1599 ἔκϐασιν,
3452 1532 3548 1586 καὶ
3579 1532 3761 1605 μάθῃς

2187 1631 2273 1694 τίς
2299 1631 2393 1684 καὶ
2436 1628 2651 1701 ποταπὴ
2677 1627 2833 1700 ἡμῶν
2876 1629 2910 1699 ἡ
2958 1625 3320 1697 ωνάθροισις.
3355 1624 3467 1677 Καὶ
3510 1639 3760 1695 προχρη-

2194 1722 2515 1794 ματίσαντος
2558 1721 2651 1774 τοῦ
2701 1721 2981 1793 προφήτου
3024 1719 3084 1771 τὸ
3123 1716 3326 1788 θαῦμα,
3373 1715 3535 1786 δεῦρο
3575 1713 3751 1780 ἄπιθι,

520 1804 709 1859 multis
745 1806 844 1860 tibi
871 1808 1049 1864 verbis
1078 1826 1215 1879 opus
1239 1809 1402 1866 fuerit
1445 1812 1511 1867 ad
1547 1814 1714 1870 totius
1766 1791 1846 1871 rei
1898 1791 2078 1888 cognis

2190 1791 2280 1869 καὶ
2309 1814 2601 1886 πρόσὸαινε
2648 1791 2954 1885 θερμότατα
3000 1810 3094 1865 καὶ
3138 1808 3469 1881 φαιδρότατα
3501 1808 3598 1861 καὶ
3626 1823 3759 1879 προ-

522 1896 724 1952 tionem
754 1902 1213 1970 consequendam,
1247 1904 1408 1958 modo
1429 1904 1495 1960 iis
1517 1921 1637 1976 qua:
1666 1907 1776 1962 illic
1797 1919 2083 1980 geruntur,

520 1986 719 2041 mentis
741 1988 928 2043 oculos
957 1990 1244 2061 diligenter
1270 1992 1540 2052 advertas.
1588 1997 1780 2052 Omnia
1815 2000 2083 2069 siquidem

518 2085 639 2128 sunt
700 2075 850 2131 obvia
894 2080 1333 2150 intelligentibus,
1399 2093 1449 2137 et
1504 2095 1645 2140 recta
1704 2088 2082 2144 invenientibus

515 2164 792 2219 scientiam
823 2168 886 2222 ⁸⁸.
917 2169 1055 2225 Ecce
1088 2172 1262 2237 enim,
1317 2188 1415 2229 ceu
1462 2178 1692 2234 thronus
1733 2179 1985 2235 sublimis
2029 2190 2083 2235 et

514 2252 777 2320 elevatus,
810 2258 880 2314 ob
912 2260 1030 2330 ejus
1060 2263 1285 2332 gloriam
1315 2264 1408 2335 qui
1440 2272 1522 2321 est
1554 2266 1881 2334 fabricatus,
1917 2270 2082 2343 Virgo

515 2342 687 2400 Mater
708 2349 823 2417 regi
850 2349 1075 2407 Domino
1107 2351 1367 2419 Sabaoth,
1397 2358 1799 2426 spectatissima
1826 2360 1938 2417 illic
1969 2342 2082 2418 sta-

515 2438 709 2493 tuitur.
740 2438 916 2510 Super
949 2444 1042 2504 illo
1073 2460 1221 2499 nunc
1261 2447 1330 2501 ad
1377 2454 1430 2503 te
1455 2449 1756 2504 venientem
1809 2452 1864 2506 in
1916 2469 2081 2511 carne

511 2529 801 2586 Dominum
832 2536 1100 2605 perspice.
1150 2535 1325 2607 Super
1370 2540 1499 2604 illo,
1549 2542 1801 2612 virginali
1858 2544 2077 2615 inquam

512 2622 731 2687 throno,
752 2640 875 2679 eum
905 2642 1164 2683 venerare
1186 2630 1278 2699 qui
1310 2646 1504 2686 novam
1535 2632 1677 2688 hanc
1717 2635 2079 2706 omnibusque

513 2711 765 2767 laudibus
795 2718 1225 2786 prosequendam
1271 2723 1335 2774 ad
1384 2729 1435 2777 te
1476 2722 1868 2793 profectionem
1914 2726 2069 2781 adur-

512 2805 683 2857 navit.
741 2805 1113 2878 Circumspice
1156 2827 1285 2866 vero
1340 2812 1461 2869 ﬁdei
1518 2817 1723 2883 oculis;
1760 2819 2076 2888 regiumqne

2189 1907 2482 1977 θυμότατα,
2514 1908 2579 1976 τῇ
2614 1904 2855 1976 ὀξυωπίᾳ
2887 1904 2985 1974 τῆς
3016 1900 3254 1964 διανοίας
3282 1900 3374 1952 ἐπὶ
3400 1900 3499 1970 τὴν
3534 1898 3754 1951 εὐκλεε-

2187 2000 2387 2070 στάτην
2430 1998 2694 2070 Βηθλεέμο
2742 1998 2836 2051 καὶ
2881 1994 3233 2050 ἀνατύπωσαι
3276 1991 3489 2062 σεαυτῷ
3532 1989 3752 2061 ἐμφανῆ

2184 2092 2388 2152 εἰκόνα,
2423 2094 2488 2163 τῇ
2518 2090 2741 2144 ἐκϐάσει
2773 2088 2880 2143 τῶν
2921 2087 3259 2157 πραγμάτων
3288 2085 3384 2154 τὴν
3414 2083 3752 2155 προφητείαν

2185 2182 2516 2254 συγκρίνωψ
2548 2182 2608 2234 οὑ
2634 2180 2743 2252 γὰρ
2769 2180 2937 2252 δεήσῃ
2969 2177 3192 2249 μακρῶν
3222 2176 3396 2244 λόγων
3429 2177 3511 2238 είς
3538 2173 3748 2243 ἑφόδιον

2181 2272 2452 2343 γνώσεως,
2511 2275 2621 2336 τοῖς
2677 2272 2855 2324 ἐκεῖσε
2917 2270 3097 2341 ἔργοις
3158 2264 3497 2330 ὲνατενίζων·
3549 2262 3749 2318 Πάντα

2181 2363 2289 2435 γὰρ
2322 2362 2540 2416 ἐνώπια
2563 2361 2671 2431 (40)
2702 2360 2827 2426 τοῖς
2862 2358 3163 2421 συνιοῦσι,
3191 2355 3289 2410 καί
3322 2355 3465 2423 ὀρθὰ
3492 2353 3622 2418 τοῖς
3653 2356 3747 2408 εὐ-

2173 2456 2462 2523 ρίσκουσι
2492 2452 2741 2523 γνῶσιν.
2782 2451 2911 2504 Ἰδοὺ
2949 2450 3057 2521 γὰρ
3081 2446 3263 2502 αὐτόθι
3285 2446 3359 2510 ὡς
3393 2444 3586 2517 Θρόνος
3616 2444 3747 2515 ὑψη-

2178 2546 2267 2611 λὸς
2315 2547 2409 2600 καὶ
2459 2544 2766 2616 ἐπηρμένος
2810 2545 2876 2613 τῇ
2922 2540 3172 2615 δόξῃ.τοῦ
3221 2539 3506 2597 κτίσαντος
3534 2538 3570 2608 ἡ
3603 2538 3743 2607 Παρ-

2179 2639 2490 2710 θενομήτωρ
2546 2633 2924 2707 εὐτρεπίζεται
2987 2630 3343 2703 φανερώτατα
3394 2629 3473 2701 τῷ
3539 2628 3742 2699 βασιλεῖ

2177 2730 2366 2801 Κυρίῳ
2390 2726 2634 2783 Σαὸαώθ.
2670 2728 2791 2780 Ἐπὶ
2811 2725 2996 2780 τοῦτον
3023 2725 3353 2794 κατανόησον
3375 2722 3465 2775 τὸν
3491 2720 3590 2775 νῦν
3614 2720 3740 2791 πρὸς

2178 2819 2236 2873 σὲ
2281 2820 2369 2873 διὰ
2402 2819 2599 2891 σαρκὸς
2648 2818 3059 2889 ἐπιδημήσαντα
3106 2814 3327 2884 Κύριον.
3392 2813 3516 2865 Ἐπὶ
3560 2810 3740 2866 τοῦτον

512 2896 671 2950 etiam
707 2898 838 2953 illud
876 2901 1282 2970 seraphicorum
1316 2906 1625 2975 spirituum,
1656 2924 1752 2963 ceu
1785 2910 2075 2966 sacerdotii

2182 2912 2262 2966 τὸν
2297 2910 2618 2984 παρθενικόν
2658 2927 2798 2980 φημι
2832 2910 3018 2981 θρόνον
3064 2906 3438 2979 προσκύνησον
3481 2904 3572 2957 τὸν
3608 2904 3739 2973 apo;

512 2984 658 3058 lege,
693 2986 743 3041 ei
774 3003 989 3053 comes,
1037 2990 1357 3062 obsequium
1394 3005 1666 3051 occurret.
1714 2996 1875 3051 Amat
1927 3000 2074 3053 enim

2182 3004 2235 3057 σὶ
2264 3003 2358 3073 τὴν
2391 3003 2514 3057 νέαν
2543 3001 2746 3071 ταύτην
2773 3002 2865 3054 καὶ
2896 3000 3239 3072 πανύμνητον
3268 2996 3492 3068 πορείαν
3527 2994 3735 3047 στειλά-

506 3077 671 3131 etiam
704 3078 973 3147 ejusmodi
1026 3085 1370 3151 satellitium,
1416 3088 1539 3143 talis
1584 3087 1729 3159 regis
1757 3090 1909 3159 sequi
1936 3106 2073 3161 prm-

2182 3113 2353 3166 μενον.
2400 3089 2726 3165 Περίὸλεψσι
2755 3092 2811 3145 δὲ
2840 3095 2950 3155 τοῖς
2986 3092 3086 3163 τῆς
3118 3091 3350 3151 πίστεως
3387 3087 3622 3157 ὄμμασι,
3656 3087 3741 3140 καὶ

511 3170 763 3224 sentiam.
803 3169 957 3228 Unde
998 3182 1052 3229 et
1096 3191 1162 3231 eo
1210 3178 1361 3241 loco,
1412 3194 1522 3233 non
1575 3181 1751 3235 solum
1815 3181 2074 3238 dicuntur

2182 3186 2428 3257 εὑρήσεις
2454 3184 2581 3255 περὶ
2608 3183 2795 3235 τοῦτον
2824 3183 2917 3235 καὶ
2947 3182 3034 3235 τὸν
3070 3179 3341 3251 βασιλικὸν
3363 3177 3470 3230 τῶν
3503 3178 3743 3248 σεραξρὶμ

509 3261 763 3317 Ιουιιοεεθ
793 3265 990 3318 trinam
1027 3265 1171 3320 illam
1202 3267 1398 3323 divina:
1427 3270 1653 3324 unitatis
1675 3272 2033 3328 substantiam
2059 3294 2073 3342 ;

510 3366 697 3404 verum
730 3353 933 3419 etiam,
963 3371 1084 3425 qua:
1132 3373 1305 3422 nunc,
1344 3359 1452 3415 Deo
1475 3370 1769 3431 apparente
1791 3402 1805 3427 ,
1843 3363 1897 3417 in
1927 3371 2073 3419 terra

507 3444 774 3510 occurrit,
810 3446 971 3502 unius
1002 3448 1149 3504 illius
1176 3450 1243 3504 de
1273 3459 1459 3506 sancta
1487 3451 1771 3519 Trinitate,
1818 3457 2073 3514 omnibus

506 3534 837 3589 adorandum
865 3538 1128 3606 gloriam;
1163 3542 1215 3594 in
1240 3557 1302 3596 eo
1332 3544 1474 3613 quod
1499 3543 1686 3598 dicant
1712 3564 1725 3599 :
1754 3545 1925 3599 Plena
1956 3564 2070 3600 om-

505 3625 587 3677 nis
629 3634 769 3679 terra
794 3626 967 3696 gloria
1011 3628 1142 3697 ejus.
1169 3629 1454 3688 Credimus
1483 3633 1627 3687 enim
1647 3675 1662 3701 ,
1696 3633 1831 3688 Filio
1854 3645 2074 3705 propter

504 3731 607 3770 nos
661 3721 943 3772 secundum
1003 3725 1327 3793 propositum
1382 3726 1424 3757 ι’
1474 3725 1616 3781 facto
1674 3728 1912 3793 homini,
1966 3746 2072 3783 una

504 3806 696 3861 adesse
720 3806 1252 3872 Patrem,divinitate
1273 3814 1642 3884 inseparabili,
1676 3831 1796 3869 cum
1828 3817 2072 3886 ejusdem

503 3897 609 3967 ipsi
646 3901 898 3954 essentia:
937 3900 1159 3971 Spiritu.
1214 3903 1348 3959 Nam
1410 3906 1485 3959 ait
1514 3904 1737 3973 Paulus,
1775 3908 1863 3963 ille
1892 3926 2076 3965 sacro-

505 4005 628 4043 rum
655 3990 923 4061 interpres
961 4013 973 4046 :
1011 3993 1140 4047 Erat
1173 3994 1309 4050 Deus
1347 3998 1401 4050 in
1434 3997 1644 4052 Christo
1666 4040 1681 4061 ,
1714 3999 1965 4055 mundum
1992 4020 2074 4056 re-

504 4081 794 4135 concilians
819 4082 941 4150 sibi,
973 4102 1075 4139 non
1104 4097 1350 4153 reputans
1375 4090 1500 4155 ipsis
1530 4089 1722 4143 delicta
1742 4091 1972 4159 ipsorum
1995 4095 2071 4162 '°;

504 4171 723 4227 Patrem
762 4175 816 4228 in
841 4173 1010 4240 Filio,
1043 4185 1264 4247 propter
1288 4193 1449 4232 unam
1490 4182 1843 4252 eamdemque
1882 4185 2076 4239 volun-

502 4270 672 4318 tatem
706 4280 826 4321 esse
860 4268 1174 4323 ostendens.

2182 3278 2480 3348 ἱεράτευμα
2504 3276 2634 3347 (Ill).
2662 3275 2923 3328 Ἔπεσθαι
2954 3274 3061 3345 γὰρ
3089 3272 3231 3342 φιλεῖ
3255 3288 3370 3333 πως
3396 3272 3460 3342 τῇ
3482 3269 3741 3341 βασιλέος

2181 3370 2451 3441 παρουσίᾳ
2493 3370 2585 3423 καὶ
2637 3370 2670 3439 ἡ
2717 3367 2919 3420 τούτων
2953 3365 3264 3439 δορυφορία.
3301 3362 3465 3417 Ὅθεν
3510 3362 3608 3415 καὶ
3658 3362 3743 3414 ἀν-

2181 3461 2482 3532 υμνηκέναι
2515 3460 2574 3513 τὸ
2605 3459 2902 3529 τηνικαῦτα
2942 3457 3184 3526 λέγονται
3230 3455 3288 3508 ού
3324 3454 3483 3526 μόνον
3512 3454 3573 3507 τὸ
3600 3469 3744 3524 τρισ-

2179 3551 2474 3604 υπόστατον
2496 3550 2595 3621 τῆς
2628 3549 2776 3614 θείας
2808 3548 3011 3612 ἐνάδος,
3044 3547 3179 3600 ἀλλὰ
3207 3548 3269 3620 δὴ
3303 3550 3395 3601 καὶ
3418 3547 3517 3619 τὴν
3544 3564 3743 3602 καταν-

2178 3643 2419 3713 τήσασαν
2443 3641 2514 3696 τὰ
2541 3640 2635 3694 νῦν
2668 3642 2761 3696 ἐπὶ
2789 3641 2891 3712 γῆς
2922 3640 3007 3694 διὰ
3037 3640 3134 3711 τῆς
3161 3638 3474 3708 θεοφανείας
3498 3638 3597 3691 τοῦ
3632 3639 3744 3703 ἑνὸς

2178 3734 2275 3804 τῆς
2317 3731 2475 3802 ἁγίας
2512 3732 2737 3803 Τριὰδος
2781 3732 2913 3784 πᾶσι
2943 3730 3316 3802 προσκυνητὴν
3348 3729 3525 3793 δόξαν,
3562 3731 3623 3782 ὲν
3672 3728 3742 3799 τῷ

2177 3824 2385 3891 λέγειν’
2433 3823 2675 3890 Πλήρης
2723 3818 2889 3875 πᾶσα
2936 3822 2973 3890 ἡ
3024 3820 3098 3891 γῆ
3153 3819 3263 3888 τῆς
3302 3820 3487 3886 δόξης
3535 3820 3739 3873 αὐτοῦ.

2172 3917 2544 3988 Συμπαρείναι
2582 3914 2688 3985 γὰρ
2732 3913 3176 3982 πεπιστεύκαμεν
3210 3911 3285 3982 τῷ
3313 3911 3380 3964 δι’
3410 3912 3563 3983 ἡμᾶς
3594 3912 3743 3964 ἐναν-

2169 4006 2519 4079 θρωπήσαντι
2553 4006 2665 4077 Υίῷ
2696 4007 2847 4061 κατὰ
2879 4003 2993 4073 τὴν
3036 4003 3316 4057 εὐδοκίαν
3341 4002 3474 4072 (42),
3511 4003 3609 4055 καὶ
3654 4002 3738 4054 τὸν

2169 4099 2519 4154 ἀδιάστακτον
2561 4098 2727 4156 αὑτοῦ
2768 4097 2986 4168 Πατέρα
3031 4095 3170 4149 κατὰ
3218 4096 3315 4167 τὴν
3353 4095 3616 4165 θεότητα,
3646 4096 3739 4147 σὺν

2166 4188 2245 4260 ’ιῷ
2289 4190 2557 4261 ὁμοουσίῳ
2598 4189 2765 4242 αὑτοῦ
2816 4188 3112 4259 Πνεύματι.
3161 4187 3303 4253 Θεὸς
3335 4186 3466 4258 γὰρ,
3511 4186 3679 4257 φησὶν
3711 4186 3739 4236 ὁ

2173 4280 2494 4350 ἱεροφάντης
2546 4279 2774 4345 Παῦλος,
2831 4277 2910 4350 ἦν
2953 4280 3022 4332 ἐν
3071 4279 3151 4345 τῷ
3200 4277 3449 4349 Χριστῷ,
3509 4281 3740 4345 κόσμον

500 4357 694 4422 ἐαυτῷ
724 4359 1185 4425 καταλλάσσων,
1213 4360 1298 4431 μὴ
1337 4364 1711 4434 λογιζόμενος
1747 4367 1953 4434 αὐτοῖς
1984 4368 2057 4421 τὰ
2116 4358 2554 4443 παραπτώματα
2580 4371 2776 4425 αὐτῶν
2804 4390 2818 4404 ·
2842 4372 2933 4424 τὸν
2979 4371 3196 4443 Πατέρα
3222 4373 3279 4424 ὲν
3306 4370 3382 4441 τῷ
3403 4366 3518 4439 Υίῷ
3565 4366 3654 4420 διὰ
3682 4365 3738 4418 τὸ

502 4449 562 4504 ἒν
588 4449 796 4523 θέλημα
827 4453 1128 4523 ἐμφαίνων.

572 4566 637 4621 Ill
684 4566 765 4622 Tu
782 4583 908 4623 vero
938 4567 1390 4639 festiamans,qui
1411 4568 1492 4625 sic
1523 4570 1760 4640 gloriosa
1788 4570 2072 4628 Bethlehe-

2242 4572 2314 4627 l".
2352 4574 2703 4644 Κατανοήσας
2729 4575 2805 4639 δὲ,
2844 4532 3172 4646 ὧφιλέορτε,
3208 4575 3333 4644 περὶ
3356 4574 3451 4644 τὴν
3495 4574 3738 4647 Βηθλεὲμ

501 4659 687 4713 mitica
710 4668 763 4713 et
788 4675 910 4729 qua:
939 4662 1018 4715 tui
1053 4675 1219 4716 causa
1248 4669 1721 4727 consummantur,
1745 4664 2067 4733 perspicias,

500 4749 820 4804 caelestibus
869 4751 1065 4806 turmis
1106 4752 1337 4807 salutem
1392 4760 1542 4806 tuam
1598 4752 1887 4822 magniﬁce
1929 4755 2069 4809 cele-

500 4839 786 4897 brantibus
814 4848 922 4897 tete
951 4843 1142 4898 lubens
1170 4845 1475 4915 alacrisque
1503 4844 1757 4914 adjunge.
1785 4843 2068 4911 Quomodo

502 4934 633 4988 olim
667 4933 835 4991 David
861 4952 1046 4994 coram
1095 4954 1223 4994 arca
1252 4940 1320 5006 ἰ,
1345 4942 1425 4995 sic
1457 4939 1574 5010 ipse
1606 4955 1791 4994 coram
1815 4941 2065 5012 virginali

499 5024 717 5092 throno,
755 5027 909 5082 laetus
936 5027 1165 5083 choreas
1187 5029 1393 5085 ducito.
1442 5029 1731 5085 Dominum
1780 5031 1982 5102 ubique
2011 5038 2065 5087 et

498 5131 715 5187 semper
737 5126 1077 5187 praesentem,
1104 5120 1307 5190 quique
1347 5135 1376 5174 a
1411 5117 1708 5185 Themane,
1741 5127 1800 5174 ut
1834 5123 1909 5175 ait
1936 5137 2064 5192 pro-

2174 4665 2242 4719 τὰ
2269 4665 2441 4730 οὕτως
2480 4665 2665 4731 ἔνδοξα
2690 4669 2783 4721 καὶ
2814 4668 2900 4722 διὰ
2936 4669 2995 4721 σὲ
3024 4666 3338 4737 τελούμενα,
3382 4669 3735 4738 συνασμένιζε

2172 4759 2284 4820 τοῖς
2306 4756 2644 4828 ἐπουρανίοις
2672 4759 3023 4828 μεγαλοφυῶς
3042 4759 3136 4829 τὴν
3170 4759 3297 4830 περὶ
3333 4759 3391 4811 σὲ
3424 4757 3736 4829 ἑορτάζουσι

2174 4847 2465 4918 σωτηρίαν.
2526 4848 2729 4918 Χόρευε
2786 4847 2891 4917 πρὸ
2933 4844 3219 4917 προσώπου
3268 4844 3359 4897 τοῦ
3414 4842 3733 4916 παρθενικοῦ

2173 4937 2382 5008 θρόνου,
2410 4936 2487 5001 ὡς
2517 4938 2684 4993 πάλαι
2715 4937 2877 4993 Δαυῒδ
2913 4936 3015 5009 πρὸ
3047 4934 3333 5007 προσώπου
3350 4936 3447 5006 τῆς
3481 4933 3730 4988 κιϐωτοῦ.

2183 5029 2589 5101 Ἀνευφήμησον
2622 5028 2712 5081 τὸν
2750 5027 3061 5096 ἁπανταχοῦ
3100 5027 3327 5080 πάντοτε
3358 5024 3620 5095 παρόντα,
3647 5022 3738 5077 καὶ

2168 5122 2232 5173 ὲκ
2264 5119 2466 5191 Θεμὰν,
2498 5118 2572 5182 ὦς
2625 5135 2785 5189 φησιν
2816 5120 2845 5170 ὁ
2877 5117 3179 5188 προφήτης,
3227 5114 3551 5185 ἐπιφανῆναι
3598 5112 3740 5168 κατὰ

574 5272 614 5303 ³⁷
646 5270 783 5329 Isai.
818 5288 891 5337 vr,
931 5273 1045 5329 1-9.
1121 5272 1166 5305 ⁸⁸
1194 5272 1353 5328 Prov.
1388 5290 1508 5338 vm,
1529 5275 1582 5330 9.
1626 5288 1629 5291 ‘
1661 5275 1703 5306 ¹⁹
1736 5274 1927 5363 Ephes.
1955 5290 1995 5337 ι,
2026 5274 2078 5329 5.

2182 5274 2201 5305 ⁰
2236 5272 2441 5330 IICor.
2483 5291 2534 5339 v,
2567 5272 2652 5328 l9.
2729 5273 2772 5304 ’⁸
2816 5270 2996 5341 IReg.
3029 5286 3105 5336 v1,
3142 5270 3229 5324 ll.

566 5427 679 5501 (40)
708 5429 979 5501 flii-(imm.
1005 5426 1237 5501 Theod.,
1266 5428 1466 5483 εὐθεῖα.

566 5497 679 5571 (ll)
707 5499 1054 5571 Ἰεράτευμα.
1086 5497 1276 5571 Visum
1310 5508 1400 5571 est
1422 5500 1600 5553 minus
1627 5513 1948 5571 expressum
1979 5498 2062 5571 τὸ,

496 5566 867 5641 sacerdotium.
902 5566 1018 5632 Est,
1050 5579 1194 5641 auct.
1230 5568 1423 5641 Arist.,
1466 5571 1507 5641 νή
1562 5566 1712 5641 περίί
1735 5570 1861 5641 τοὺς
1908 5566 2058 5631 θεοὺς

499 5640 804 5708 ἐπιμέλεια,
838 5641 1019 5695 cultus
1049 5639 1140 5708 ille
1171 5648 1225 5693 et
1251 5639 1571 5707 obsequium
1617 5639 1933 5708 religioque,
1971 5654 2059 5692 sa-

498 5706 809 5763 cerdotibus
830 5706 1278 5779 maxime.l)eum
1310 5706 1655 5779 divinamque
1682 5706 2055 5764 eicellentiam

497 5792 565 5830 ex
600 5778 827 5833 ellcnter
855 5778 1235 5847 referentibus,
1272 5778 1916 5848 respectiveadhibenda.

2240 5427 2351 5499 (42)
2396 5428 2556 5482 Κατὰ
2603 5428 2715 5495 τὴν
2764 5427 3074 5499 εὐδοκίαν,
3108 5426 3246 5498 Eph.
3291 5443 3330 5491 ι,
3362 5442 3471 5498 quo
3522 5425 3732 5499 alludit.

2168 5497 2543 5568 Neinpejuxta
2580 5500 2773 5553 bonam
2816 5499 2962 5552 illam
2996 5497 3090 5552 Dei
3115 5497 3447 5568 v0lunt_atem
3474 5506 3528 5553 et
3548 5497 3730 5568 decre-

2167 5578 2281 5623 tum
2306 5565 2505 5623 salutis
2553 5569 2865 5635 hominum;
2896 5584 2961 5622 ex
2990 5584 3095 5637 qua
3129 5583 3233 5621 una
3285 5566 3463 5623 Patris
3499 5575 3551 5637 e_t
3588 5565 3732 5637 Filii,

2167 5638 2384 5693 Patrem
2446 5638 2501 5692 in
2547 5637 2685 5692 Filio
2731 5639 2913 5692 statim
2951 5635 3176 5701 colligit,
3210 5653 3278 5692 ex
3306 5639 3495 5692 eodem
3522 5635 3733 5701 Pauiu;

2163 5723 2336 5777 eoque
2363 5706 2543 5761 minus
2578 5717 2699 5777 apte
2733 5706 3010 5778 Pantinus,
3055 5706 3116 5762 ob
3149 5722 3457 5777 propensam
3495 5723 3643 5761 suam
3683 5707 3735 5759 in

2168 5795 2261 5832 nos
2297 5778 2640 5833 voluntatem.
