3962 6278
231 379 341 435 555

1340 364 1576 428 ειειιιιῡ
1616 364 1700 426 ΒΕ
1733 363 2032 429 ΞΙΜΕΟΝΕ
2067 369 2153 426 ΕΤ
2191 370 2400 425 ΛΝᾸΛ.

3378 372 3487 427 554

233 495 410 566 σάρκα
437 490 516 563 τῷ
545 491 688 560 γένει
722 490 826 543 τῶν
866 490 1164 560 ἀκορὼπων
1196 488 1560 562 εὐδοκήσαντες.
1586 490 1806 547 Κύριον.

1914 487 2074 557 pheta
2102 488 2170 553 ”,
2208 487 2446 541 luunano
2480 485 2664 556 generi
2709 486 3008 540 secundum
3060 502 3277 543 carnem
3316 491 3486 544 voluit

231 588 372 656 Λέγε
423 583 771 645 Μωσαῖκῶς·
820 578 1008 648 ὐῦττ’ς
1048 600 1167 652 μου
1221 583 1386 647 Θεὸς,
1430 581 1527 636 καὶ
1571 579 1810 644 δοξάσω

229 680 440 743 αὐτὸν,
476 677 618 740 Θεὸς
645 674 749 728 τοῦ
791 677 1012 740 πατρός
1047 692 1186 743 μου,
1222 672 1318 726 καί
1354 672 1578 741 ὑψώσω
1603 671 1808 726 αὐτόν.

245 772 512 843 Ἐχὸμενα
559 769 614 822 δὲ
663 767 771 822 τῶν
817 765 1246 838 εύχαριστηρίων
1291 765 1434 836 (45),
1470 764 1814 834 ἐξετάσωμεν

234 861 647 933 χρησιμώτατα,
671 861 752 924 τίς
781 861 814 930 ἡ
843 860 901 912 ἐν
935 858 1178 934 βηολεὲμ
1209 857 1524 928 ἐξεγείρασα
1545 858 1814 929 πρόφασις

234 955 326 1006 τὸν
361 952 586 1023 βασιλέα
623 952 720 1021 τῆς
765 951 942 1022 δόξης.
973 950 1044 1003 Τὸ
1088 951 1184 1020 μὲν
1207 949 1314 1021 γὰρ
1346 951 1403 1001 ἐν
1434 949 1679 1020 Βηθλεὲμ
1709 966 1813 1002 σω-

241 1044 486 1115 ματικῶς
502 1043 873 1114 γεννηθῆναιὴ
895 1043 1019 1114 περὶ
1052 1044 1196 1113 ἡμᾶς
1213 1041 1582 1112 εύσπλαγχνία
1608 1042 1815 1106 ἐξεϐιά-

240 1152 371 1188 σατο
391 1135 482 1187 τὸν
503 1135 758 1187 ἀϐίαστον
777 1151 790 1164 ·
821 1133 878 1185 τὸ
899 1133 954 1186 δὲ
979 1133 1285 1186 ὑποτίτοιον
1315 1133 1649 1203 τυγχάνοντα
1679 1133 1810 1204 (44),

235 1228 330 1280 τὸν
360 1229 418 1280 ἐν
466 1226 640 1296 χρόνῳ
691 1226 932 1297 ἄχρονον,
981 1226 1074 1278 καὶ
1109 1227 1221 1288 τοῖς
1255 1227 1588 1297 σπαργάνοις
1619 1228 1814 1294 ἐγκατ-

240 1319 504 1388 εχόμενον
533 1318 832 1388 ἀκατόχως,
862 1317 1108 1388 μέτοικον
1145 1335 1201 1372 τε
1235 1318 1326 1370 καὶ
1361 1320 1697 1390 μετανάστην
1723 1335 1815 1386 γε-

237 1410 594 1473 νέσθαι,’ποία
626 1409 729 1481 ἄρα
750 1410 971 1480 γένηται
1011 1410 1259 1482 ἀνάγκης
1297 1412 1358 1463 ΕΞ
1389 1412 1444 1464 δὲ
1482 1411 1644 1484 βούλῃ
1671 1411 1812 1479 γνὼ-

240 1519 330 1555 vat
360 1502 452 1554 καὶ
495 1500 668 1561 τοῦτο,
720 1494 764 1552 ὧ
796 1500 1068 1554 θειότατόν
1096 1517 1183 1570 μοι
1217 1501 1309 1552 καὶ
1347 1499 1696 1554 Θεόπνευστον
1724 1501 1813 1553 σύ-

245 1609 449 1663 στημα,
473 1593 632 1646 ἄκουε
676 1590 942 1654 Μωῦσέως
972 1590 1306 1661 διαπρυσίως
1343 1590 1698 1662 κηρύττοντος
1734 1591 1812 1661 τῷ

243 1684 378 1754 λαῷ,
415 1685 504 1738 καὶ
537 1686 614 1746 εἰς
640 1682 839 1751 γνῶσιν
857 1683 956 1753 τῆς
973 1681 1284 1753 ὑπερφυοῦς
1302 1683 1604 1753 γεννήσεως
1625 1685 1813 1752 ἐγκεν-

239 1775 514 1846 τρίζοντος
556 1773 768 1837 αὐτοὺς,
809 1772 902 1826 καὶ
936 1771 1216 1841 λέγοντος·
1260 1771 1392 1827 Πᾶν
1444 1773 1663 1841 ἄρσεν,
1721 1789 1814 1829 σιν-

239 1860 482 1929 ανοῖγον
495 1860 749 1932 μήτραν,
793 1863 964 1932 ἅγιον
999 1863 1078 1928 τῷ
1107 1865 1300 1932 Κυρίῳ
1330 1865 1717 1932 κληθήσεται.
1750 1870 1813 1921 Ὢ

234 1952 328 2005 τοῦ
353 1952 654 2024 θαύματοςῖ
701 1955 763 2006 Ὢ
801 1953 988 2020 βάθος
1015 1955 1282 2008 πλούτου
1314 1956 1412 2008 καὶ
1457 1959 1678 2026 σοφίας
1713 1959 1812 2012 καὶ

233 2043 511 2115 γνώσεως
543 2043 723 2099 Θεοῦ]
780 2047 1026 2117 Ἔπρεπε
1061 2047 1169 2118 γὰρ
1203 2046 1281 2118 τῷ
1309 2049 1498 2120 Κυρίῳ
1523 2051 1688 2122 νόμου
1719 2053 1814 2104 καὶ

233 2138 528 2209 προφητῶν
593 2137 732 2191 κατὰ
773 2138 936 2208 νόμον
971 2137 1186 2192 ἅπαντα
1232 2139 1320 2192 τὸν
1352 2140 1478 2194 ἴδιον
1513 2142 1813 2215 διαπράξα-

235 2231 380 2293 σθαι,
414 2230 509 2284 καὶ
545 2230 618 2302 μὴ
650 2229 916 2302 ἀθετητὴν
950 2227 1088 2283 εἶναι
1116 2232 1297 2302 νόμου,
1325 2232 1462 2286 ἀλλὰ
1491 2235 1809 2308 πληρωτὴν·

237 2323 472 2393 συνάψαι
505 2341 563 2377 τε
587 2323 835 2376 ἐντεῦθεν
869 2326 932 2395 τῇ
955 2323 1047 2376 τοῦ
1071 2324 1554 2396 νόμουπεραιώσει
1583 2328 1693 2400 (45)
1716 2331 1814 2401 τὴν

235 2418 336 2488 τῆς
366 2417 587 2488 χάριτος
620 2416 784 2470 αὐτοῦ
827 2418 1020 2488 ἀρχήν.
1059 2418 1156 2470 Διά
1185 2418 1342 2472 τοῦτο
1378 2422 1410 2491 ἡ
1441 2421 1714 2496 ὑπερτέρα
1739 2425 1817 2477 νό-

243 2525 343 2577 μου
377 2510 576 2578 Μήτηρ
616 2507 695 2577 τῷ
739 2509 887 2578 νόμῳ
927 2509 1246 2574 ὑποκύπτει,
1291 2513 1384 2566 καὶ
1415 2516 1448 2584 ἡ
1485 2514 1690 2586 εὐᾳγὴς
1723 2517 1814 2570 τὸν

244 2601 388 2653 κατά
412 2599 520 2652 τῶν
551 2600 765 2667 ἀναγῶν
783 2600 1035 2666 φυλάττει
1053 2603 1276 2674 ὁρισμὸν
1303 2603 1393 2657 τὸν
1415 2606 1814 2678 τετταράκοντα

241 2691 485 2762 ἡμερῶν,
545 2692 640 2744 καὶ
672 2691 876 2757 γίνεται
941 2692 1104 2762 νόμου
1159 2694 1393 2764 ὑπήκοος
1443 2698 1471 2748 ὁ
1515 2695 1608 2748 τοῦ
1651 2696 1812 2768 νόμου

241 2782 646 2854 ὲλευΟεριωτὴς,
705 2783 799 2836 καὶ
848 2783 1133 2856 προσφορὰ
1179 2787 1509 2856 προσάγεται
1553 2788 1693 2860 ὑπὲρ
1720 2789 1813 2842 τοῦ

240 2877 388 2946 ἡμᾶς
428 2875 770 2942 ἀγιάσαντος,
799 2872 990 2943 ζεῦγος
1017 2876 1216 2946 ὀρνέων
1239 2878 1531 2949 ἀκεραίων,
1566 2882 1643 2943 εἰς
1677 2897 1815 2952 μαρ-

238 2967 424 3038 τύριον
457 2965 563 3018 τῶν
601 2966 914 3036 ἀμωμήτως
953 2966 1303 3036 προσιόντων.
1337 2969 1456 3021 Ὅτι
1492 2969 1546 3022 δὲ
1580 2970 1814 3040 άμὸλυν-

238 3075 328 3122 τος
357 3059 385 3110 ὁ
406 3057 562 3120 τόκος
601 3057 693 3108 καὶ
724 3055 1032 3125 καθαρσίων
1073 3056 1380 3121 ἀνεύθυνος,
1422 3065 1688 3132 μαρτυρεῖ
1711 3079 1812 3132 μου

232 3150 315 3220 τῷ
347 3149 488 3220 λόγῳ
536 3148 778 3211 Ἡσαΐας,
807 3147 1098 3220 διαρρήδην
1125 3150 1190 3218 τῇ
1219 3148 1307 3217 ὑφ’
1331 3149 1464 3219 ἡλίῳ
1497 3151 1808 3222 κηρύττων·

232 3243 389 3309 Πρὶν
407 3241 445 3310 ἢ
465 3240 578 3309 τὴν
608 3241 950 3295 ὠδίνουσαν
988 3242 1204 3306 τεκεῖν,
1232 3243 1376 3311 πρὶν
1411 3242 1450 3310 ἢ
1474 3244 1672 3297 ἐλθεῖν
1705 3244 1813 3298 τὸν

228 3335 427 3387 πόνον
461 3333 578 3387 τῶν
609 3333 858 3398 ὠδίνων,
905 3334 1177 3404 ἐξέφυγε,
1239 3335 1336 3388 καὶ
1369 3337 1571 3389 ἔτεκεν
1611 3337 1809 3404 appar.

231 3427 338 3492 Τίς
392 3426 619 3494 ἤκουσε
679 3425 986 3491 τοιοῦτον,
1048 3427 1087 3494 ἢ
1134 3426 1226 3492 τίς
1272 3425 1529 3494 ἑώρακεν
1586 3427 1812 3494 οὗτως;

237 3516 587 3585 Ἐκπέφευγε
639 3517 815 3570 τοίνυν
872 3518 905 3587 ἡ
959 3517 1198 3585 παναγία
1258 3517 1696 3590 Παρθενομήτωρ
1744 3518 1812 3572 τὰ

218 3611 540 3678 γυναικεῖα,
574 3610 668 3662 καὶ
697 3609 877 3680 πρὶνῆ
907 3611 1205 3674 τεκεῖν,εῐτ’
1233 3606 1325 3664 οὖν
1365 3611 1492 3665 ἄνευ
1528 3612 1812 3676 συνουσίας

219 3699 518 3754 συλλαϐεῖν
566 3699 700 3769 (46),
743 3699 1056 3770 Πνεύματος
1103 3700 1256 3769 ἁγίου
1297 3701 1811 3772 προνυμφεύσαντος

216 3792 331 3848 καὶ
389 3791 731 3859 άγιάσαντος.
780 3789 978 3843 Τέτοκε
1015 3791 1105 3844 τὸν
1138 3792 1496 3862 πρωτότοκον,
1531 3793 1624 3846 καὶ
1653 3811 1809 3863 μονο-

216 3885 368 3954 γενῆ
391 3882 483 3936 τοῦ
513 3881 726 3954 Πατρὸς
761 3881 909 3944 Υίὸν,
948 3882 1039 3934 τὸν
1067 3883 1178 3936 ἄνω
1213 3882 1510 3952 μονογενῶς
1542 3884 1673 3954 ἄτερ
1705 3902 1810 3955 μη-

216 3975 363 4050 τρὸς
397 3977 462 4028 ὲκ
500 3974 598 4044 τῆς
653 3973 925 4042 πατρικῆς
974 3973 1158 4037 οὐσίας
1191 3974 1564 4044 ὲκλάμψαντα,
1591 3977 1683 4029 καὶ
1715 3976 1812 4047 τὴν

219 4067 530 4140 παρθενίαν
561 4067 662 4138 τῆς
705 4067 938 4136 φυσικῆς
971 4065 1153 4129 ὲνάδος
1197 4068 1490 4137 ἀμέριστον
1539 4069 1628 4120 καὶ
1658 4067 1812 4120 ἀδιά-

223 4154 432 4217 στατον
459 4158 764 4229 φυλάξαντα
784 4177 797 4190 ·
825 4160 921 4214 καὶ
957 4158 1106 4213 κάτω
1137 4161 1202 4212 ὲκ
1236 4157 1568 4232 παρθενικῆς
1601 4161 1812 4215 παστά-

305 4343 352 4373 ”
383 4339 519 4395 Hab.
545 4355 629 4406 ut,

1843 1842 1885 1896 Β
1915 1867 2127 1912 centem
2173 1877 2186 1911 ζ

705 4339 758 4395 3.
835 4340 882 4372 ³³
912 4337 1087 4398 Exod.
1119 4356 1210 4405 xv,
1234 4337 1290 4394 2.
1361 4339 1408 4371 ’⁸
1432 4337 1609 4396 Exod.
1643 4339 1938 4409 xxxrv,l9.

1915 595 2200 650 apparere,
2235 579 2431 634 faustis
2469 579 2726 634 omnibus
2755 581 2963 652 excipe.
2995 580 3090 634 Dic
3122 589 3180 634 ut
3218 580 3430 652 Moyses
3466 603 3480 639 :

1914 670 2026 726 Iste
2053 674 2194 725 Deus
2230 681 2460 734 rucus,et
2488 670 2796 740 gloriﬁcabo
2826 689 2943 725 cum
2970 687 2986 724 :
3019 670 3158 726 Deus
3187 675 3355 739 patris
3386 676 3486 729 mei

1913 771 1960 815 et
1985 761 2230 815 exaltabo
2253 777 2370 814 eum
2403 760 2467 812 ³³.
2522 757 2695 813 Porro
2744 768 2865 830 post
2891 762 3186 831 gratiarum
3227 761 3487 832 deinceps

1915 856 2184 909 actionem
2211 853 2501 909 utilissime
2533 863 2874 918 scrutemur,
2913 854 3041 924 quid
3071 870 3252 909 causa:
3284 853 3487 925 Regem

1915 947 2100 1017 gloria:
2132 947 2186 998 in
2218 945 2531 1000 Betlilehem
2571 946 2938 1001 suscitaverit.
2972 945 3037 998 Et
3067 947 3310 1015 quidem,
3341 955 3398 1000 ut
3430 949 3488 1002 in

1915 1035 2230 1091 Betblchem
2264 1044 2591 1106 corporatus
2613 1045 2950 1103 nasceretur,
2981 1039 3155 1109 coegit
3178 1040 3348 1092 nostri
3386 1038 3489 1093 mi-

1914 1128 2141 1192 seratio,
2175 1129 2379 1198 alioqui
2412 1129 2532 1198 cogi
2563 1131 2834 1183 nescium.
2869 1127 3086 1193 Verum,
3120 1137 3178 1183 ut
3211 1129 3390 1186 infans
3417 1131 3490 1184 la-

1915 1230 2091 1289 ctens,
2125 1222 2215 1276 ille
2252 1222 2308 1275 in
2337 1231 2580 1291 tempore
2615 1239 2812 1292 expers
2860 1224 3142 1293 temporis,
3173 1224 3374 1294 quique
3408 1224 3488 1278 fa-

1915 1315 2046 1369 sciis
2091 1329 2200 1368 non
2256 1313 2510 1368 detentus
2552 1313 2910 1379 detineretur,
2947 1315 3136 1383 pulsus
3188 1318 3364 1384 patria
3423 1330 3489 1370 ac

1914 1406 2177 1474 profugus
2201 1403 2372 1469 ﬁeret,
2406 1418 2656 1473 quaenam
2688 1403 2903 1456 demum
2940 1405 3237 1459 necessitas
3262 1420 3490 1475 compu-

1913 1496 2010 1549 lit?
2041 1494 2200 1561 Sane,
2217 1496 2263 1551 si
2281 1504 2333 1550 et
2358 1502 2470 1549 haec
2491 1496 2646 1550 vobis
2661 1497 3027 1566 cognoscendi
3048 1505 3131 1552 est
3151 1500 3389 1564 animus,
3407 1497 3491 1552 di-

1911 1587 2038 1640 vina
2083 1588 2244 1656 plane
2278 1585 2499 1656 Deoque
2538 1587 2714 1642 amata
2761 1588 2974 1652 concio,
3027 1589 3211 1642 audite
3242 1588 3486 1660 Moysen,

1913 1681 2059 1735 clare
2087 1681 2289 1750 populo
2318 1678 2702 1748 praedicantem
2724 1723 2738 1746 ,
2764 1688 2926 1750 atque
2973 1682 3041 1736 ad
3083 1681 3296 1736 eximia:
3343 1683 3490 1738 illius

1915 1771 2217 1824 nativitatis
2250 1769 2616 1839 cognitionem
2651 1771 2798 1824 velut
2842 1771 3278 1825 exstimulantem
3314 1786 3378 1825 ac
3404 1771 3489 1826 di-

2250 1856 2414 1912 Omne
2469 1857 2841 1922 masculinum,
2903 1861 3210 1928 adaperiens
3261 1860 3489 1927 vulvam,

1915 1959 2157 2007 sanctum
2185 1950 2410 2004 Domino
2440 1951 2710 2004 vocabitur
2739 1951 2804 2004 “.
2834 1949 2878 2005 Ο
2909 1967 2995 2006 res
3016 1951 3298 2006 miranda!
3333 1952 3376 2007 0
3406 1953 3492 2006 al-

1915 2042 2084 2096 titudo
2111 2043 2422 2096 divitiarum
2450 2051 2500 2095 et
2524 2043 2796 2110 sapientiae
2824 2053 2872 2096 et
2906 2044 3141 2097 scientia:
3164 2043 3357 2099 Dei"!
3385 2045 3490 2102 De-

1915 2137 2073 2190 cebat
2099 2135 2353 2190 videlicet
2401 2132 2695 2188 Dominum
2745 2135 2879 2205 legis
2907 2144 2960 2190 et
2990 2137 3398 2206 prophetarum,
3429 2149 3491 2194 ut

1910 2229 2063 2299 juxta
2096 2228 2372 2299 propriam
2398 2227 2518 2296 ipse
2550 2226 2721 2296 legem
2745 2227 2930 2280 omnia
2958 2229 3286 2294 conﬁceret,
3314 2243 3491 2300 neque

1915 2322 2119 2378 faceret
2151 2320 2385 2384 irritam,
2413 2318 2510 2374 sed
2539 2319 2721 2388 potius
2748 2319 2994 2390 impleret
3031 2337 3044 2373 :
3087 2335 3150 2374 ac
3181 2321 3380 2376 dehinc
3415 2323 3492 2376 le-

1915 2416 2000 2486 gis
2066 2415 2325 2477 termino,
2372 2413 2561 2482 gratia:
2600 2426 2715 2466 suae
2774 2413 3101 2484 principium
3148 2414 3486 2484 adjungeret.

1914 2507 2301 2573 Quamobrem,
2331 2507 2432 2576 legi
2463 2506 2717 2575 superior
2747 2505 2920 2560 Mater
2939 2522 2999 2561 se
3033 2506 3134 2576 legi
3167 2508 3440 2561 submittit
3469 2525 3487 2563 :

1916 2608 2215 2669 sanctaque
2249 2599 2339 2652 illa
2372 2597 2705 2668 mundaque,
2735 2606 2950 2667 tempus
2975 2599 3338 2668 quadraginta
3373 2599 3491 2654 die-

1913 2708 2034 2747 rum
2066 2693 2121 2745 in
2155 2691 2390 2761 pollutas
2429 2692 2810 2757 constitutum,
2835 2692 3129 2746 observat:
3155 2705 3219 2745 ac
3261 2691 3354 2760 qui
3387 2690 3486 2745 ab-

1915 2785 2079 2840 solvit
2127 2799 2157 2838 a
2211 2785 2348 2854 lege,
2383 2784 2485 2854 legi
2527 2784 2810 2852 subjectus
2843 2783 3076 2838 elﬁcitur
3105 2801 3118 2838 :
3154 2783 3489 2852 oﬂ'erturque

1914 2892 2013 2947 pro
2044 2890 2110 2931 eo
2162 2875 2254 2946 qui
2299 2891 2400 2931 nos
2459 2877 2842 2942 sanetilicavit,
2887 2892 2986 2947 par
3017 2877 3198 2930 avium
3253 2875 3486 2930 munda-

1912 2984 2034 3024 rum
2065 2970 2130 3033 '°,
2165 2970 2219 3022 in
2240 2984 2428 3024 eorum
2455 2969 2825 3024 testimonium
2859 2969 2951 3039 qui
2977 2969 3163 3024 mundi
3201 2969 3488 3039 inculpati-

1914 3078 2020 3134 que
2053 3063 2403 3118 accedebant.
2450 3062 2605 3129 Quod
2657 3077 2787 3118 vero
2837 3062 3156 3131 impollutus
3197 3061 3362 3117 fuerit
3397 3062 3487 3118 ille

1840 3187 1880 3244 Ο
1918 3165 2126 3226 partus.
2148 3170 2249 3210 nec
2277 3156 2647 3225 piacularibus
2681 3155 2875 3210 hostiis
2901 3156 3190 3218 obnoxius,
3225 3155 3380 3209 testis
3399 3162 3485 3210 est

1915 3247 2106 3313 Isaias,
2129 3249 2334 3303 diserte
2362 3249 2630 3302 universa:
2657 3247 2759 3302 sub
2789 3248 2901 3302 sole
2931 3257 3085 3302 terra:
3115 3246 3444 3302 denuntians
3465 3264 3484 3302 :

1915 3343 2230 3411 Antequam,
2262 3341 2456 3409 inquit,
2493 3349 2584 3393 aut
2623 3340 2923 3408 parturiens
2964 3340 3162 3408 pariat,
3205 3348 3295 3391 aut
3335 3349 3486 3392 ante-

1914 3449 2074 3502 quam
2129 3432 2298 3485 veniat
2347 3431 2497 3484 labor
2525 3430 2788 3500 pariendi.
2819 3431 3022 3500 e/fugit,
3057 3441 3105 3484 et
3127 3431 3322 3498 peperit
3370 3446 3486 3482 ma-

1914 3523 2140 3577 sculum.
2174 3523 2304 3588 Quis
2344 3523 2448 3576 tale
2475 3523 2600 3593 quid
2646 3523 2891 3577 audivit?
2917 3532 3005 3575 aut
3035 3524 3149 3592 quis
3193 3521 3364 3575 simile
3407 3523 3485 3574 ui-

1915 3612 1994 3666 dit
2019 3612 2325 3682 "‘lEﬂ'ugit
2354 3627 2484 3683 ergo
2537 3627 2658 3683 quae
2695 3620 2824 3667 sunt
2867 3612 3153 3666 muliebria
3203 3612 3489 3668 sanctissi-

1916 3719 2004 3758 ma
2038 3703 2200 3776 Virgo
2231 3703 2422 3768 Mater,
2456 3714 2748 3774 antequam
2789 3705 2950 3759 etiam
3005 3710 3259 3774 pareret:
3297 3711 3354 3757 ut
3395 3705 3484 3759 ni-

1914 3797 2138 3863 mirum,
2167 3795 2374 3867 Spiritu
2427 3807 2616 3851 sancto
2653 3812 2772 3851 eam
2817 3797 2920 3852 sibi
2941 3798 3053 3866 jam
3093 3806 3219 3854 ante
3249 3797 3487 3868 despon-

1913 3894 2070 3941 sante
2101 3893 2157 3941 et
2208 3884 2611 3950 sanctiﬁcante,
2661 3885 2868 3955 absque
2905 3885 3046 3938 virili
3093 3886 3485 3954 congressione

1913 3975 2244 4046 conciperet.
2307 3975 2524 4046 Peperit
2569 3976 2658 4029 illa
2713 3976 3156 4046 primogenitum,
3196 3984 3250 4030 et
3304 3974 3484 4034 Patris

1915 4069 2255 4139 unigenitum
2300 4067 2495 4123 Filium
2527 4089 2542 4124 :
2576 4085 2723 4136 eum,
2756 4070 3004 4140 inquam,
3036 4071 3128 4140 qui
3157 4071 3213 4124 in
3247 4072 3478 4141 superis,

1914 4163 2170 4233 unigeae,
2190 4162 2394 4232 absque
2410 4170 2600 4230 matre,
2620 4179 2684 4217 ex
2710 4172 2937 4240 paterna
2957 4163 3263 4218 substantia
3283 4164 3478 4232 eluxit;

2020 4342 2064 4376 ²⁸
2094 4340 2246 4395 Rom.
2266 4357 2344 4406 ιι,
2375 4342 2462 4396 55.
2539 4342 2585 4374 ³⁸
2601 4339 2730 4395 Luc.
2757 4357 2819 4407 tt,
2841 4340 2934 4396 24.
3004 4343 3046 4372 ⁸⁷
3072 4340 3206 4418 Isai.
3238 4357 3386 4410 um,
3429 4343 3479 4400 7.

306 4507 420 4586 (4:5)
460 4507 746 4586 Ἐχόμενα
769 4505 836 4559 δὲ
864 4505 982 4560 τῶν
1010 4507 1501 4586 εὐχαριστηρίων.
1538 4505 1809 4586 Nonnullo

1914 4525 2018 4586 _nus
2051 4525 2359 4586 congruere
2408 4509 2623 4586 videtur
2660 4509 2912 4580 dignitati
2943 4509 3096 4578 pueri
3137 4507 3288 4572 Jesu,
3319 4509 3387 4563 ab
3417 4524 3483 4564 ea

231 4577 333 4636 illo
363 4579 584 4648 hymno,
613 4577 678 4630 ad
707 4593 866 4646 quem
900 4586 1054 4631 antea
1086 4579 1333 4631 hortatus
1390 4587 1530 4641 erat,
1558 4578 1808 4634 vincente

233 4649 542 4716 argumenti
599 4649 906 4718 majestate,
956 4663 1118 4716 quem
1167 4657 1220 4702 et
1273 4649 1384 4717 jam
1421 4649 1639 4718 exegit;
1692 4658 1806 4702 uta

229 4721 530 4788 voluptate,
561 4717 887 4788 adra'liquam
918 4718 1222 4774 intellectus
1256 4717 1803 4788 eruditiou’entipeeo-

227 4789 399 4851 δικῶς
433 4787 736 4842 Mcthodius
758 4796 942 4842 uoster
970 4797 1242 4856 transeat;
1271 4787 1419 4859 quod
1447 4790 1586 4844 male
1616 4787 1806 4845 Pauli--

228 4876 341 4916 nus
363 4859 639 4912 obscurat.

304 4929 417 4996 (44)
459 4929 816 4982 Ὑποτίτθιον
871 4927 1266 4997 τυγχάνοντα.
1317 4928 1642 4999 Aggravatio
1665 4937 1750 4984 est
1787 4945 1800 4980 :

227 5008 293 5056 ut
330 5015 436 5052 non
460 5009 668 5052 tantum
702 5000 931 5052 voluerit
969 5002 1079 5053 lieri
1118 5001 1319 5064 infans,
1345 5010 1400 5052 et
1433 5015 1552 5068 quae
1578 5009 1706 5053 sunt
1729 5001 1807 5054 in-

225 5071 462 5126 fantium
483 5071 629 5123 velut
664 5071 974 5123 necessario
1030 5085 1350 5136 assumere;
1395 5071 1488 5123 sed
1533 5071 1694 5124 etiam
1725 5079 1804 5126 te-

225 5142 376 5196 nella
407 5140 496 5193 illa
520 5148 696 5200 rtate,
730 5140 851 5207 pelli
875 5141 1066 5209 patria.
1088 5149 1141 5194 et
1175 5141 1241 5194 ad
1272 5141 1803 5209 transmigrationem

224 5211 352 5280 cogi
379 5226 391 5259 :
429 5210 675 5280 μέτοικος
704 5207 975 5278 γενέσθαι.
1005 5209 1214 5264 Μειωεί
1246 5211 1299 5264 in
1329 5212 1364 5265 l.
1399 5207 1576 5272 Certa,
1626 5226 1675 5264 c.
1731 5209 1806 5265 De

218 5283 354 5352 jure
385 5280 491 5340 lis..
531 5283 565 5334 I.
595 5296 648 5342 κ,
673 5287 799 5334 sunt
827 5281 918 5347 qui
941 5280 1098 5352 jussu
1123 5281 1424 5350 principum
1451 5282 1504 5333 in
1536 5280 1696 5332 aliam
1726 5282 1805 5333 ci-

227 5350 454 5406 vitatem
481 5366 654 5420 paena:
678 5350 1298 5420 causatransleruntur,
1331 5365 1628 5419 eorumque
1667 5365 1806 5419 prae-

225 5423 318 5476 dia
353 5418 698 5490 publicautur
731 5440 743 5474 :
776 5420 809 5473 ii
835 5418 1093 5490 dicuntur
1109 5421 1514 5490 etdvdcnaatoc
1548 5441 1558 5474 :
1600 5418 1802 5490 quibus

226 5487 497 5546 Dominus
525 5491 685 5546 Jesus
718 5491 773 5545 in
807 5487 1101 5560 Egyptum
1138 5489 1382 5560 fugiens,
1437 5487 1631 5545 statim
1667 5507 1804 5560 pene

225 5565 300 5617 ab
332 5571 479 5624 ortu,
509 5563 704 5616 similis
725 5561 853 5632 egit.
880 5551 996 5632 Hec
1019 5560 1121 5632 hoc
1137 5551 1402 5616 Paittinus
1429 5551 1803 5632 expressit.—

227 5634 414 5687 Monet
441 5631 799 5687 Combcﬁsiu’s
821 5632 873 5683 in
894 5631 1253 5684 Emendandis
1282 5632 1346 5684 ad
1373 5631 1575 5684 calcem
1604 5631 1804 5685 Metho-

227 5705 328 5764 dii,
355 5702 492 5756 hanc
523 5712 705 5756 notam
727 5718 849 5758 esse
879 5701 1256 5772 corrigendem
1279 5716 1293 5752 :
1315 5700 1584 5772 hicienim,
1604 5703 1798 5772 inquit,

229 5780 383 5844 patet
406 5788 710 5827 sermonem
737 5790 860 5829 esse
889 5773 957 5828 de
987 5771 1311 5841 migratione
1336 5786 1366 5824 a
1396 5771 1708 5844 Bethlehem
1745 5773 1801 5844 in

233 5843 568 5899 Hierusalem
599 5846 665 5900 ad
693 5844 1019 5916 implendam
1049 5844 1255 5913 legem;
1287 5857 1407 5913 qua:
1445 5851 1497 5901 et
1525 5843 1670 5917 ipsa_
1701 5843 1803 5898 mi-

1911 4580 2026 4634 leee
2051 4580 2326 4634 immunis.

1961 4597 2349 4722 ﬁsi'uﬁnzlzb
2372 4647 2923 4722 νομουᾷπεραιώσει.
2960 4647 3027 4722 Ut
3053 4646 3191 4722 idem
3224 4649 3482 4722 sitatque

1907 4719 2158 4791 πέρασις,
2191 4737 2354 4776 sensu
2387 4737 2494 4790 quo
2558 4720 2756 4774 Suidas
2797 4720 3040 4788 exponit,
3095 4720 3147 4770 in
3202 4719 3416 4791 eo_l_oco
3460 4741 3475 4774 :

1906 4787 2034 4845 Δότε
2062 4791 2177 4862 βίου
2227 4787 2456 4862 πέρασιν
2501 4793 2593 4844 καὶ
2634 4787 3029 4862 καταστροφήν
3065 4805 3232 4862 τινα-ο
3267 4787 3477 4856 Finem,

1905 4859 2124 4917 exitum.
2154 4862 2241 4918 Sic
2270 4859 2414 4917 recte
2443 4862 2693 4931 quadrat,
2733 4871 2788 4914 ut
2814 4859 2913 4929 legi
2949 4859 3160 4931 habenti
3179 4859 3290 4926 jam
3321 4861 3477 4915 linem

1907 4934 2114 4988 Christi
2153 4934 2386 4987 adventu
2416 4930 2471 4986 et
2497 4934 2900 5000 adimpletione,
2933 4933 3047 4999 ipse
3068 4930 3327 4998 adjungat
3379 4933 3481 4986 ini-

1908 5007 2042 5057 tiutn
2107 5006 2290 5073 gratiae
2339 5019 2470 5064 sum,
2516 5017 2617 5056 nos
2650 5003 2738 5054 illa
2795 5002 3102 5073 absolvens,
3137 5009 3190 5053 et
3216 5001 3284 5054 ad
3317 5003 3481 5057 aliam

1908 5075 2078 5144 legem
2117 5072 2490 5144 transferens;
2521 5086 2640 5140 qum
2667 5072 2963 5144 est_gratim
2991 5073 3482 5144 inclinantisillius

1906 5141 2192 5199 desitione.
2224 5144 2361 5197 Male
2394 5141 2659 5196 Pantinus
2687 5160 2697 5193 :
2741 5142 2933 5195 Dehinc
2955 5142 3023 5195 ad
3045 5144 3169 5212 legis
3197 5143 3478 5212 perfectio-

1905 5231 2043 5271 nem.
2066 5215 2254 5284 gratia:
2276 5229 2388 5268 suae
2403 5213 2717 5282 principium
2747 5213 3050 5284 adjungere,
3082 5217 3262 5268 minus
3283 5220 3477 5268 saltem

1906 5285 2070 5339 clare.

1977 5355 2086 5421 (46)
2130 5355 2251 5408 Εἶτ’
2290 5353 2404 5410 οὖν
2423 5354 2568 5409 ἄνευ
2592 5355 2928 5420 συνουσίας
2955 5353 3304 5407 συλλαϐεῖν.
3339 5350 3481 5406 Sunt

1905 5427 1995 5480 illa
2031 5427 2334 5490 muliebria‘,
2369 5442 2488 5495 quae
2511 5437 2636 5480 ante
2671 5427 2831 5480 etiam
2891 5434 3105 5494 partum
3145 5423 3256 5495 _Dei
3306 5421 3479 5495 Mater

1903 5496 2108 5566 ellitgit.
2147 5496 2346 5552 Eodem
2376 5491 2488 5551 fere
2520 5499 2679 5551 modo
2709 5491 3225 5566 arguit'Ambrosius
3243 5491 3478 5566 epistola

1903 5569 1968 5638 ad
2003 5559 2256 5621 Siricium
2283 5583 2496 5638 papam,
2521 5583 2552 5620 a
2585 5559 2853 5633 conceptu
2881 5559 3216 5638 virginali_ad
3238 5562 3472 5638 partum.

1903 5635 2170 5693 Pantinus
2199 5627 2879 5707 connectitsequentibus,
2912 5627 3184 5707 quomodo
3207 5640 3364 5682 erant
3389 5632 3471 5684 vi-

1903 5709 2040 5763 tiose
2075 5717 2332 5779 punctata
2364 5705 2984 5779 Graeca,_nec_congrua
3020 5705 3472 5779 oraliongahseu-

1902 5765 2134 5851 sumque
2166 5780 2405 5836 auctoris
2432 5765 2632 5848 ubique
2652 5765 2928 5840 subtilem,
2962 5771 3141 5825 minus
3165 5765 3366 5824 reddit.
