3962 6278
531 380 642 435 555
1489 378 1548 435 S.
1592 378 1921 434 METHODII
1960 378 2273 435 EPlSCOPl
2313 378 2398 432 ET
2440 376 2800 432 MARTYRIS
3683 384 3811 439 356

527 491 1012 563 virginitatemque
1048 492 1317 549 naturalis
1343 492 1570 547 unitatis
1614 493 1906 547 indivisam
1954 493 2102 547 inse-

2210 491 2289 554 50;
2347 491 2630 561 νυμφικῶς
2690 491 2966 544 ἑνώσαντα
3025 490 3203 563 ἑαυτῷ
3248 493 3338 547 τὸν
3410 494 3582 566 Ἀδὰμ
3618 497 3813 568 ἀτρὲο

528 584 940 656 parabilemque
977 584 1322 639 conservavit
1360 604 1374 638 :
1414 584 1613 654 quique
1657 584 1711 637 in
1756 584 1951 646 terris,
1998 600 2104 637 nu-

2210 600 2354 646 πτως
2388 582 2518 652 (47),
2562 582 2655 635 καὶ
2702 582 3067 635 ἀδιάσπαστον
3104 584 3194 636 καὶ
3228 585 3498 655 ἀκήρατον
3544 587 3647 658 τὴν
3696 608 3815 663 μη-

528 676 683 747 ptiali
718 675 952 746 Virginis
981 676 1243 743 thalamo,
1261 674 1392 731 Adze
1419 676 1520 730 sibi
1548 683 1799 731 naturam
1835 677 2102 731 immobili

2210 676 2396 747 τρικὴν
2438 676 2658 743 ἁγνείαν
2696 674 3127 747 διατηρήσαντα·
3182 677 3274 730 τὸν
3316 678 3429 732 ἀνω
3461 680 3807 751 capessam;

530 769 734 822 unione
761 784 860 823 ceu
889 783 1127 838 sponsus
1146 768 1467 839 conjunxit;
1503 784 1567 823 ac
1593 767 1783 824 Matris
1808 769 2101 839 puritatem

2210 765 2564 835 γεννηθέντα,
2612 766 2706 819 καὶ
2755 765 2906 818 κάτω
2948 764 3240 837 ἀφράστως
3297 768 3576 837 τεχθέντα.
3646 769 3803 825 Ἀλλ’

530 859 856 914 indivulsam
897 860 1383 930 incorruptamque
1429 860 1665 915 servavit
1719 880 1732 914 :
1772 875 1895 914 eum
1949 859 2106 913 deni-

2210 858 2302 910 ὲπὶ
2328 858 2387 911 τὸ
2413 858 2766 930 προκείμενον
2789 857 3143 928 ὲπανάξωμεν
3158 858 3247 911 τὸν
3275 859 3449 928 λόγον.

530 968 657 1023 que,
692 953 784 1023 qui
836 953 893 1007 in
958 954 1211 1022 superuis
1272 952 1419 1007 nulla
1472 952 1829 1022 corruptione
1869 952 2108 1021 genitus,
2166 950 2427 1006 ineffabili
2472 951 2529 1004 in
2571 951 2724 1006 hisce
2783 948 3137 1005 inferioribus
3186 952 3398 1007 ratione
3442 963 3611 1010 natus
3678 961 3795 1018 est.

531 1042 799 1099 Caeterum
835 1044 1137 1096 orationem
1178 1041 1247 1095 ad
1280 1042 1623 1111 propositum
1661 1040 2010 1095 reducamus.

602 1132 693 1190 IV.
725 1134 915 1203 Itaque
946 1132 1134 1187 eduxit
1184 1133 1450 1203 pmpheta
1486 1132 1764 1202 Virginem
1823 1148 1887 1187 ex
1931 1131 2106 1186 Naza-

532 1226 673 1291 reth,
697 1233 756 1279 ut
783 1226 836 1279 in
874 1225 1185 1279 Bethlehem
1218 1224 1389 1279 fetum
1426 1225 1576 1277 illum
1607 1225 1899 1278 salutarem
1931 1225 2105 1278 enite-

529 1325 717 1382 retur;
769 1314 1124 1384 eamdemque
1182 1314 1378 1368 iterum
1437 1314 1693 1384 propheta
1750 1315 1986 1379 reduxit,
2048 1325 2107 1368 ut

530 1426 681 1481 spem
716 1410 862 1463 illam
887 1407 1012 1461 vitae
1044 1405 1244 1460 mundo
1268 1405 1657 1460 manifestaret.
1683 1404 1910 1461 Solvens
1938 1406 2105 1476 igitur

528 1498 624 1555 Dei
656 1512 783 1553 arca
831 1512 899 1551 ex
956 1496 1404 1551 Bethlehemitico
1460 1497 1761 1551 diversorio
1792 1497 1926 1567 (illic
1957 1498 2106 1553 enim

530 1592 694 1646 solvit
746 1590 851 1658 legi
891 1590 1258 1660 quadraginta
1292 1589 1524 1656 dierum,
1579 1605 1685 1643 non
1729 1590 1973 1659 justitiae,
2007 1589 2104 1644 sed

531 1680 720 1751 gratia:
751 1679 1037 1749 debitum),
1070 1679 1337 1749 requievit
1366 1679 1422 1732 in
1444 1679 1718 1733 montibus
1753 1678 1882 1733 Sion
1912 1700 1924 1733 :
1958 1679 2105 1733 acci-

2282 1130 2355 1181 A'.
2382 1128 2672 1199 Προφήτης
2722 1126 3009 1200 τοιγαροῦν
3041 1129 3104 1182 ἐκ
3125 1128 3377 1202 Ναζαρὲθ
3406 1131 3651 1202 ἀνήγαγε
3689 1136 3803 1208 τὴν

2208 1218 2482 1290 Παρθένον
2501 1219 2807 1289 ἀποκυῆσαι
2836 1220 2894 1272 έν
2925 1219 3170 1291 Βηθλεὲμ
3188 1222 3250 1274 τὸ
3279 1223 3791 1297 σωτήριον-κύημαο

2208 1314 2302 1365 καὶ
2342 1313 2623 1385 προφήτης
2669 1313 2938 1384 ἐξήγαγεν
2976 1313 3084 1384 (48)
3126 1315 3423 1384 ἐμφανίσαι
3467 1317 3548 1388 τῷ
3594 1319 3797 1391 κόσμῳ

2207 1408 2305 1475 τῆς
2340 1404 2484 1476 ζωῆς
2535 1406 2633 1477 τὴν
2666 1405 2874 1458 ἐλπίδα.
2916 1405 3073 1459 Ὅθεν
3122 1407 3375 1477 ἐπάρασα
3416 1411 3482 1462 ὲκ
3526 1411 3795 1481 σταθμῶν

2211 1496 2454 1568 Βηθλεὲμ
2483 1499 2516 1569 ἡ
2555 1497 2782 1560 κιϐωτὸς
2841 1497 2933 1551 τοῦ
2966 1496 3099 1551 Θεοῦ
3133 1498 3302 1569 (αὐτῷ
3333 1499 3442 1570 γὰρ
3495 1502 3793 1558 ἀπετίννυε

2209 1588 2286 1659 τῷ
2335 1589 2484 1659 νόμῳ
2506 1588 2632 1658 ’τῆς
2681 1588 3173 1660 τεσσαρακοντάδος
3211 1589 3309 1659 τὴν
3332 1591 3393 1643 οὐ
3425 1592 3572 1645 κατά
3603 1594 3791 1663 χρέος,

2207 1678 2341 1732 ἀλλά
2397 1678 2537 1732 κατὰ
2584 1678 2741 1750 χάριν
2789 1674 3058 1749 ὀφειλὴν),
3095 1678 3186 1731 ἐπὶ
3228 1679 3295 1731 τά
3337 1678 3436 1752 ὅρη
3470 1681 3792 1737 κατέπαυσε

533 1772 804 1843 piensque
832 1771 1144 1826 castissime
1168 1771 1315 1831 sinu,
1350 1779 1604 1840 tanquam
1637 1770 1851 1825 sublimi
1873 1771 2106 1840 quodam

2210 1772 2310 1843 τῆς
2353 1770 2512 1837 Σιὼν,
2549 1772 2644 1824 καὶ
2690 1769 3031 1824 ἀναλαϐοῦσα
3074 1772 3519 1842 τοῖς.ἀχράντοις
3538 1773 3789 1842 κόλποις,

532 1871 588 1919 et
610 1863 901 1917 humanam
920 1878 1134 1919 omnem
1158 1872 1410 1917 naturam
1445 1871 1738 1932 superante
1767 1864 1987 1929 throno,
2007 1860 2108 1918 Re-

531 1971 652 2026 gem
681 1956 830 2009 illum
869 1954 1145 2021 omnium;
1171 1954 1345 2015 illum,
1380 1953 1627 2023 inquam,
1670 1954 1880 2019 eodem,
1914 1952 2026 2007 Deo
2052 1961 2108 2009 et

533 2046 707 2114 Patri,
744 2048 944 2102 throno
977 2048 1268 2102 sublimem
1299 2045 1521 2109 Filium,
1558 2062 1662 2101 nec
1690 2046 1810 2116 ipso
1839 2046 2108 2113 exceden-

532 2149 683 2196 tem:
717 2156 824 2195 una
865 2140 977 2194 illic
1007 2155 1130 2195 cum
1182 2149 1463 2209 assumpta
1506 2156 1572 2195 ex
1618 2140 1740 2210 ipsa
1785 2140 2109 2194 intemerata

528 2245 717 2297 carne,
748 2231 923 2286 eidem
956 2231 1327 2301 praesentavit.
1358 2231 1617 2286 Ascendit
1644 2232 1698 2284 in
1721 2231 1979 2299 templum
2014 2246 2106 2286 sa-

529 2337 625 2377 cra
657 2322 847 2389 Mater,
886 2338 1086 2377 novum
1121 2322 1225 2392 legi
1253 2322 1567 2376 exhibitura
1606 2322 1955 2384 miraculum,
1980 2337 2107 2391 pse.

527 2418 749 2487 lemque
800 2416 894 2471 diu
942 2417 1249 2487 quaesitam,
1300 2430 1421 2485 quae
1475 2415 1734 2469 nimirum
1786 2415 2105 2483 virginalem

530 2510 750 2566 vulvam
782 2509 1016 2578 aperuit,
1048 2524 1150 2563 nec
1184 2517 1367 2562 tamen
1392 2508 1718 2578 virginitatis
1736 2508 1975 2562 claustra
1997 2508 2110 2562 dis-

533 2602 718 2671 rupit:
752 2600 962 2670 prolem
1010 2601 1125 2671 lege
1159 2600 1519 2669 superiorem,
1552 2615 1671 2669 quae
1720 2609 1899 2654 tamen
1935 2601 2106 2670 legem

533 2693 843 2763 impleverit
869 2709 881 2746 :
916 2693 1120 2761 prolem
1148 2701 1271 2746 ortu
1303 2691 1538 2761 priorem
1561 2731 1575 2754 ,
1597 2691 2062 2761 posterioremque
2091 2710 2105 2745 :

534 2786 744 2857 prolem
784 2783 1018 2854 denique
1049 2799 1115 2838 ex
1154 2784 1272 2853 ipsa
1320 2784 1661 2837 incarnatam
1716 2798 1887 2853 supra
1935 2784 2107 2853 legem

532 2885 764 2932 natura.
782 2874 921 2929 Nam
953 2875 1155 2944 alioqui
1179 2874 1359 2929 omnis
1381 2874 1560 2939 vulva,
1577 2889 1643 2928 ex
1665 2875 1766 2928 viri
1799 2875 1950 2944 prius
1974 2889 2110 2927 con-

530 2968 819 3040 junctione
849 2974 1035 3036 aperta
1062 2972 1116 3020 et
1166 2966 1372 3021 semine
1421 2980 1740 3035 conspersa,
1780 2965 2109 3036 principium

535 3058 781 3131 pariendi
815 3058 1020 3129 accipit
1057 3076 1073 3112 :
1105 3057 1496 3127 doloribusque
1529 3057 1690 3112 liuent
1726 3058 1904 3126 partui
1935 3058 2109 3127 impo-

535 3126 815 3215 nentibus,
848 3126 1062 3206 ratione
1089 3150 1304 3204 tandem
1331 3126 1615 3220 praeditum
1655 3126 2109 3206 consentaneum-
2135 3126 2177 3183 (ἶ

536 3260 644 3316 que
673 3253 882 3299 natura:
902 3243 1160 3305 fructum,
1196 3242 1590 3306 Dei,Creatoris
1628 3243 1914 3313 sapientia,
1940 3242 1995 3296 in
2028 3242 2110 3297 lu-

536 3352 656 3394 cem
691 3337 825 3402 edit,
848 3338 1006 3406 juxta
1050 3336 1179 3391 illud
1217 3336 1460 3390 divinum
1515 3337 1757 3393 scitum:
1792 3335 2021 3391 Crescite
2061 3348 2108 3391 et

534 3429 981 3495 multiplicamini,
1018 3437 1068 3483 et
1117 3428 1306 3498 replete
1364 3437 1558 3482 terram
1580 3428 1667 3495 ’9;
1706 3429 1873 3499 hujus
1926 3437 2107 3484 autem

534 3532 746 3587 uterus,
779 3537 959 3592 neque
1015 3523 1168 3592 prius
1218 3530 1464 3592 apertus,
1507 3536 1682 3591 neque
1734 3523 1941 3577 semine
1976 3537 2108 3576 con-

533 3629 781 3686 spersus,
818 3615 1055 3670 fructum
1087 3615 1239 3669 illum
1272 3629 1439 3684 supra
1483 3622 1758 3680 naturam,
1789 3623 1999 3669 natura:
2033 3624 2109 3669 ta—

533 3723 657 3762 men
692 3716 1007 3779 cognatum,
1033 3709 1378 3778 germinavit,
1403 3707 1565 3777 idque
1595 3708 1731 3760 citra
1767 3709 1936 3762 ullum
1974 3708 2111 3762 iudi-

531 3801 702 3856 vulsae
754 3801 983 3856 unitatis
1038 3801 1428 3855 detrimentum
1452 3840 1467 3865 ,
1502 3799 1570 3853 ad
1604 3801 1872 3855 intensius
1906 3801 2110 3869 impen-

533 3888 758 3960 siusque
780 3891 1105 3946 miraculum
1133 3909 1147 3958 ;
1186 3892 1335 3946 salva
1368 3892 1627 3945 nimirum
1674 3893 1919 3962 pristina:
1944 3893 2109 3961 virgi-

532 3980 726 4035 nitatis
752 3981 1131 4051 praerogativa.
1155 3979 1415 4035 Ascendit
1446 3980 1611 4050 igitur
1641 3979 1694 4032 in
1718 3980 1999 4048 templum,
2017 3980 2105 4033 illa

532 4071 736 4141 templo
776 4073 992 4137 celsior,
1024 4072 1297 4141 duplicem
1327 4073 1517 4126 induta
1550 4071 1780 4142 gloriam
1819 4090 1830 4124 :
1871 4071 2105 4126 inteme-

531 4170 688 4228 ratae,
715 4162 960 4233 inquam,
986 4164 1340 4234 virginitatis,
1371 4172 1425 4219 et
1456 4166 1745 4221 ineffabilia
1798 4166 2106 4222 fecundita-

531 4256 644 4310 tis:
693 4254 829 4323 legis
880 4256 1339 4321 benedictionem,
1379 4265 1434 4311 et
1481 4260 1670 4328 gratia:
1719 4259 2108 4315 sanctiﬁcatio-

537 4360 685 4401 nem.
719 4343 1086 4411 Quamobrem
1124 4345 1198 4399 ait
1232 4346 1320 4401 ille
1349 4346 1537 4401 videns
1566 4366 1581 4401 :
1612 4347 1681 4401 Et
1713 4350 1868 4418 plena
1919 4349 2106 4403 domus

2208 1866 2283 1930 ὡς
2315 1866 2407 1918 ἐπὶ
2460 1863 2647 1936 θρόνου
2700 1862 2924 1933 ὑψηλοῦ,
2966 1862 3060 1916 καὶ
3106 1861 3203 1933 τὴν
3234 1862 3587 1936 ἀνθρωπείαν
3617 1869 3790 1939 ὑπερ-

2208 1959 2460 2011 ϐαίνοντα
2492 1955 2672 2027 φύσιν,
2725 1955 2814 2009 τὸν
2850 1955 3069 2026 βασιλέα
3108 1955 3216 2008 τῶν
3247 1957 3528 2022 ἁπάντων,
3555 1959 3639 2029 τῷ
3670 1959 3791 2032 Θεῷ

2207 2055 2301 2108 καὶ
2353 2052 2547 2124 Πατρὶ,
2581 2050 2671 2104 τὸν
2726 2048 3012 2121 σύνθρονον
3066 2048 3230 2101 αὑτοῦ
3271 2050 3366 2103 καὶ
3393 2050 3790 2123 ἀνεκφοίτητον

2207 2147 2355 2213 Υίὸν,
2405 2142 2717 2213 ἐνεφάνισεν
2763 2143 2877 2195 ἐκεῖ
2926 2138 3063 2210 μετά
3110 2140 3209 2210 τῆς
3251 2139 3310 2204 ἐξ
3342 2140 3515 2210 αὐτῆς
3542 2144 3791 2215 προσλή-

2205 2240 2351 2309 ψεως
2368 2238 2638 2311 ἀχράντου
2658 2235 2793 2305 (49).
2830 2235 3069 2287 Ἀνεισιν
3088 2232 3182 2285 ἐπὶ
3202 2233 3264 2285 τὸ
3291 2233 3434 2305 ἱερὸν
3462 2236 3498 2306 ἡ
3520 2236 3650 2306 ίερά
3673 2238 3789 2307 Μή-

2206 2349 2310 2402 τηρ
2338 2330 2634 2401 ἐμφανίσαι
2677 2326 2753 2398 τῷ
2785 2326 2935 2397 νόμῳ
2985 2325 3134 2391 ξένον
3173 2325 3375 2397 θαῦμα,
3425 2328 3525 2381 καὶ
3556 2329 3659 2381 τὸν
3702 2330 3785 2399 ζη.

2207 2424 2466 2494 τούμενον
2517 2422 2695 2483 τόκον,
2729 2418 2818 2471 τὸν
2842 2417 3180 2483 διανοίξαντα
3212 2419 3427 2489 μήτραν
3461 2420 3783 2491 ampliavit;

2209 2521 2303 2570 καὶ
2331 2515 2554 2587 κλεῖθρα
2582 2510 2875 2584 παρθενίας
2911 2509 2986 2581 μὴ
3016 2509 3384 2584 διαρρήξαντα
3404 2532 3417 2544 ·
3456 2514 3556 2567 τὸν
3589 2513 3784 2567 ἀνώτε.

2212 2626 2302 2681 ρον
2318 2609 2503 2679 νόμου,
2536 2608 2629 2661 καλ⁵
2646 2608 2935 2681 πληρωτὴν
2965 2610 3129 2681 νόμου
3154 2626 3167 2639 ·
3201 2610 3293 2663 τὸν
3327 2610 3776 2681 προγενέστερον,

2208 2703 2301 2757 καὶ
2323 2700 2958 2775 μεταγενέστερον’τὸνέξ
2973 2703 3141 2772 αὐτῆς
3170 2702 3523 2775 σαρκωθέντα
3556 2701 3781 2773 ὑπερνό-

2213 2813 2310 2868 μον
2332 2795 2564 2866 φύσεως.
2584 2798 2726 2851 Διότι
2744 2799 2893 2851 πᾶσα
2925 2800 3127 2871 μήτρα,
3147 2801 3211 2851 ὲκ
3241 2796 3541 2865 συναφείας
3570 2797 3780 2868 πρῶτον

2208 2885 2579 2958 διανοιγομένη
2597 2888 2689 2941 καὶ
2704 2890 2757 2941 ὲν
2765 2890 3112 2961 σπειρομένη,
3130 2888 3299 2960 ἀρχὴν
3313 2888 3408 2941 τοῦ
3428 2889 3640 2942 τίκτειν
3654 2886 3783 2954 λαμ·

2210 2979 2381 3041 ϐἀνει,
2398 2980 2493 3032 καὶ
2505 2980 2843 3053 τελεσφόροις
2859 2982 3009 3035 ὠδῖσι
3019 2983 3110 3035 τὸν
3120 2981 3332 3050 λογικὸν
3345 2981 3440 3034 καὶ
3452 2979 3779 3049 κατάλληλον

2209 3071 2311 3141 τῆς
2341 3070 2553 3142 φύσεως
2580 3073 2810 3143 καρπὸν,
2837 3076 2902 3144 τῇ
2920 3073 3012 3126 τοῦ
3040 3073 3102 3143 δη
3112 3071 3498 3145 μιουργοῦντος
3522 3071 3687 3142 σοφίᾳ
3709 3074 3777 3134 εἰς

2209 3164 2513 3233 τούμφανὲς
2534 3164 2816 3235 προφέρει,
2856 3164 2998 3218 κατὰ
3020 3164 3102 3226 τὸ,
3132 3163 3479 3227 Αὺξάνεσθε
3509 3163 3615 3216 καὶ
3640 3166 3779 3229 πλη-

2210 3256 2481 3320 θύνεσθε,
2510 3256 2606 3310 καὶ
2636 3254 2988 3324 πληρώσατε
3016 3256 3128 3324 τὴν
3154 3255 3292 3325 γῆν,
3315 3255 3408 3309 τοῦ
3438 3255 3578 3309 θεοῦ
3602 3255 3774 3322 λέγον-

2208 3369 2316 3415 τος.
2346 3353 2409 3406 Ἠ
2442 3353 2499 3406 δὲ
2535 3351 2739 3422 ταύτης
2790 3352 3021 3424 γαστὴρ,
3058 3351 3180 3406 οὔτε
3213 3353 3308 3423 μὲν
3348 3352 3777 3424 προδιανοιγεῖσι

2208 3442 2331 3497 οὔτε
2356 3444 2766 3516 ἐνσπειρομένη,
2804 3445 3057 3518 ὑπερφυᾶ
3093 3462 3152 3497 τε
3190 3445 3281 3498 καὶ
3317 3446 3545 3514 συμφυᾶ
3579 3444 3773 3516 καρπὸν

2209 3536 2528 3607 ἐϐλάστησε,
2579 3536 2698 3589 καθ’
2738 3537 2928 3589 ἕνωσιν
2988 3537 3350 3590 ἀδιάσπαστον
3379 3536 3686 3606 ἁλωϐήτως
3710 3538 3776 3599 εἰς

2209 3629 2461 3682 ἐπίτασιν
2506 3627 2805 3697 θαύματος,
2855 3629 2912 3680 ἐν
2963 3627 3247 3697 ταυτότητι
3311 3626 3645 3696 διαμείνασα
3694 3628 3775 3696 τῆς

2209 3720 2523 3790 παρθενίας.
2577 3721 2781 3773 "Ave-tat
2829 3718 3112 3791 τοιγαροῦν
3165 3720 3246 3783 είς
3288 3719 3346 3771 τὸ
3397 3718 3576 3790 ἱερὸν,
3619 3721 3654 3789 ἡ
3696 3718 3776 3770 τοῦ

2210 3812 2355 3882 ἱεροῦ
2416 3812 2740 3883 ὑψηλοτέρα,
2771 3814 2951 3866 δισσὸν
2984 3812 3138 3875 κλέος
3170 3811 3554 3883 περικειμένη,
3588 3810 3778 3881 παρθε-

2207 3907 2325 3968 νίας
2352 3906 2492 3975 φημὶ
2517 3905 2804 3975 ἀχράντου,
2828 3905 2922 3958 καὶ
2945 3904 3282 3966 παιδοποιΐας
3302 3903 3610 3973 ἀφράστου,
3636 3902 3777 3954 εὐλο-

2206 4000 2331 4067 γίαν
2356 3999 2541 4068 νόμου,
2576 3999 2669 4050 καλ⁸
2720 3997 2989 4067 ἀγιασμὸν
3015 3997 3255 4069 χάριτος.
3291 3996 3379 4048 Διό
3413 4013 3585 4066 φησιν
3617 3999 3647 4049 ὁ
3674 3995 3778 4065 βλέο

2207 4109 2324 4144 πων
2348 4109 2361 4121 ·
2397 4092 2507 4144 Καὶ
2539 4080 2799 4156 πλήρηςρ
2822 4094 2853 4144 ό
2879 4087 3042 4157 οἶκος
3078 4088 3188 4155 τῆς
3214 4088 3402 4154 δόξης
3427 4087 3621 4142 αὐτοῦ
3644 4104 3662 4119 ο
3691 4084 3781 4139 και

2206 4184 2464 4252 depasci};
2500 4181 2882 4248 εὶστήκεισαν
2937 4183 3140 4247 κύκλῳ
3169 4179 3352 4232 αὑτοῦ
3371 4195 3387 4209 ·
3421 4179 3518 4231 καὶ
3546 4178 3780 4246 ἐνέκρο-

2206 4294 2311 4346 γεν
2340 4276 2539 4343 ἕτερος
2571 4275 2721 4342 πρὸς
2754 4273 2859 4327 τὸν
2894 4273 3116 4341 ἕτερον,
3149 4273 3245 4325 καὶ
3282 4272 3503 4340 ἔλεγον
3526 4289 3540 4302 '
3575 4274 3779 4341 Ἄγιος,

2207 4370 2391 4439 ἅγιος,
2423 4368 2587 4438 ἅγιος
2622 4369 2836 4434 Κύριος
2866 4364 3132 4420 Σαϐαὼθ·
3166 4364 3402 4431 ,πλήρης
3424 4363 3599 4418 πᾶσα
3644 4368 3682 4431 ἠ
3710 4363 3778 4435 τῆ

535 4439 710 4509 gloria
736 4437 850 4507 ejus
872 4454 891 4492 :
921 4447 969 4493 et
999 4438 1260 4507 semp/tim
1289 4440 1502 4494 stabant
1534 4443 1591 4493 in
1617 4441 1842 4494 circuitu
1888 4442 2021 4506 ejus,
2054 4452 2105 4496 et

2210 4437 2311 4528 τῆς
2333 4460 2517 4526 δόξης
2550 4458 2757 4514 αὑτοῦ.
2806 4456 2975 4509 Τοῦτο
3023 4455 3086 4526 δὴ
3127 4454 3285 4507 τοῦτο
3317 4456 3411 4508 καὶ
3450 4455 3478 4505 ὁ
3518 4454 3779 4525 μακάριος

532 4533 837 4589 clamabant
866 4535 1001 4589 alter
1025 4535 1094 4588 ad
1129 4535 1354 4589 alterum
1380 4550 1399 4588 :
1435 4534 1683 4599 Sanctus.
1719 4545 1955 4602 sanctus,
1975 4555 2101 4592 san-

530 4637 645 4682 ctus
680 4627 937 4681 Dominus
991 4626 1279 4683 Sabaoth:
1318 4628 1474 4698 plena
1524 4629 1692 4682 omnis
1743 4637 1883 4681 terra
1928 4630 2100 4698 gloria

529 4722 643 4787 ejus
656 4717 739 4786 ";
770 4718 913 4788 quod
946 4728 999 4775 et
1026 4720 1206 4791 ipsum
1233 4719 1424 4775 beatus
1457 4719 1721 4789 propheta
1754 4717 2010 4775 Habacue
2031 4720 2101 4775 le-

529 4817 654 4887 pide
683 4818 1012 4884 modulatus,
1049 4821 1124 4874 ait
1153 4839 1167 4874 :
1207 4817 1275 4873 In
1322 4818 1492 4874 medio
1525 4820 1754 4874 duarum
1787 4820 2098 4875 animalium

530 4911 761 4964 nasceris
800 4925 818 4963 :
848 4910 973 4965 dum
1012 4913 1538 4983 appropinquauerint
1571 4914 1720 4979 anni,
1753 4915 2047 4985 agnosceris
2078 4932 2098 4969 :

638 5067 683 5099 ³⁸
715 5067 845 5122 Gen.
869 5083 909 5133 ι,
940 5067 1030 5122 22.
1102 5069 1149 5100 ’θ
1185 5067 1321 5125 Isai.
1355 5085 1431 5135 vr,
1459 5070 1514 5125 3.

598 5200 715 5273 (47)
746 5200 1062 5273 Νυμφικῷς
1085 5201 1391 5257 ἐνώσαντα
1407 5203 1597 5270 ἐαυτῷ
1617 5204 1722 5257 τὸν
1750 5202 1923 5272 Ἀδὰμ
1938 5202 2099 5272 ἀτρέ-

529 5287 709 5339 πτως.
748 5272 815 5326 Ut
855 5272 1189 5342 signiﬁcetur
1220 5274 1511 5328 immobilis
1544 5276 1694 5335 unio,
1727 5291 1825 5327 ceu
1858 5275 1973 5342 lege
2013 5275 2098 5327 in-

529 5344 803 5397 violabilis
865 5344 1126 5413 eoujugii.
1175 5354 1381 5398 natura:
1427 5346 1677 5398 humana:
1706 5345 1770 5398 ad
1804 5343 2043 5398 Verbum
2082 5362 2096 5397 :

529 5429 841 5484 quanquam
877 5422 1061 5482 posset
1087 5414 1146 5466 τὸ
1174 5414 1457 5483 ἀτρέπτως
1495 5416 1698 5470 referre
1741 5416 1916 5484 ipsum
1964 5413 2101 5468 Ver—

529 5483 682 5545 bum,
712 5493 766 5539 et
799 5484 1016 5536 modum
1048 5485 1267 5538 unionis
1296 5501 1362 5539 ex
1385 5493 1540 5553 parte
1564 5486 1733 5551 illius,
1752 5483 1901 5539 nulla
1927 5500 1957 5538 a
1981 5500 2103 5555 pro-

530 5555 667 5625 priis
695 5555 1084 5609 demutatione.

604 5625 848 5695 (ρὃἰαὶ
898 5623 1208 5691 προφήτης
1258 5623 1569 5695 ἐξήγαγεν.
1627 5623 1831 5695 Nempe
1884 5628 1949 5679 ἐκ
1997 5625 2094 5695 τῆς

532 5692 798 5765 Βηθλεέμ,
857 5696 1055 5765 ιιιγίιιὶε
1084 5695 1282 5748 editam
1332 5692 1558 5765 prolem,
1590 5712 1739 5764 spem
1768 5692 1919 5751 illam
1953 5692 2096 5759 vitae,

534 5763 590 5817 in
613 5764 887 5836 montibus
918 5764 1071 5827 Sion,
1095 5774 1149 5820 et
1173 5763 1373 5834 templo
1392 5763 1867 5836 Jerosolymitano,
1897 5767 2101 5819 mundo

538 5832 909 5888 manifestat-et
955 5844 1062 5889 :ut
1118 5832 1410 5908 utrumque
1472 5832 1829 5908 signiﬁcetur,
1870 5854 1969 5891 ceu
2032 5853 2096 5891 ex

2213 4553 2494 4624 προφήτης
2538 4548 2857 4619 Ἀμϐακοὺμ
2906 4545 3135 4608 ἀστείως
3180 4542 3488 4615 ὲμελῴδησε
3540 4543 3777 4612 φάσκωνσ

2216 4644 2310 4694 Ἐν
2316 4641 2483 4710 μέσῳ
2517 4640 2624 4693 δύο
2653 4638 2805 4700 ζώων
2825 4636 3185 4706 γνωσθήσῃε
3224 4636 3294 4689 ἐν
3335 4634 3412 4701 τῷ
3437 4634 3690 4705 ἐγγίζειν
3718 4633 3783 4688 τὰ

2202 4736 2305 4800 ἔτη
2380 4730 2835 4801 ἐπιγνωσθήσῃ·
2899 4730 2970 4782 ἐν
3022 4728 3103 4795 τῷ
3167 4727 3438 4795 παρεῖναι
3482 4728 3591 4780 τὸν
3655 4744 3783 4780 και-

2197 4826 2309 4895 ρὸν
2348 4822 2770 4892 ἀναδειχθήσῃ.
2801 4822 2937 4892 Ὅρα
2977 4837 3065 4891 μοι
3113 4816 3398 4891 τηλαυγῶς
3450 4817 3547 4870 τοῦ
3609 4817 3778 4870 Πνεύο

2208 4930 2377 4986 ματος
2433 4913 2530 4986 τὴν
2584 4913 2894 4985 ἀκρίϐειαν·
2963 4910 3163 4980 γνῶσίν
3226 4926 3389 4981 φησιν
3454 4910 3775 4977 ἐπίγνωσιν,

2205 5203 2433 5275 oraculo
2462 5203 2689 5259 factum.
2717 5202 2983 5260 Pantinus
3017 5220 3114 5259 sua
3149 5204 3367 5275 ingerit,
3393 5216 3447 5263 et
3481 5207 3780 5263 Metliodia-

2205 5275 2292 5328 nis
2313 5274 2565 5335 adversa,
2601 5275 2748 5329 velut
2776 5276 2844 5329 de
2871 5274 3308 5332 manifestatioue
3353 5280 3406 5332 in
3440 5278 3773 5339 Bethleheni,

2205 5360 2314 5399 non
2348 5348 2400 5417 in
2427 5346 2647 5417 templo,
2675 5353 2927 5415 ageretur
2965 5365 2977 5399 :
3014 5345 3128 5412 Quo
3155 5349 3421 5404 consilio?
3467 5348 3689 5417 Nempe,
3722 5360 3774 5399 ut

2207 5414 2400 5468 mundo
2425 5417 2543 5469 vita:
2566 5416 2681 5482 jam
2712 5414 2821 5468 sua:
2859 5434 3001 5485 spem
3040 5418 3447 5475 demonstraret.
3490 5414 3775 5474 Declarant

2209 5487 2497 5562 sequentia
2546 5488 2689 5562 quod
2745 5487 2983 5562 uisimus
3018 5506 3035 5541 :
3064 5487 3186 5540 ὃθεν
3234 5490 3489 5562 ἐπάρασα
3536 5508 3592 5544 κ.
3616 5488 3775 5555 τ.ἑξ.,

2211 5557 2300 5609 ubi
2336 5573 2432 5610 nec
2461 5554 2721 5611 Paulinus
2752 5558 2888 5611 ﬁdus
2913 5565 3017 5613 est.

2273 5625 2383 5699 (49)
2429 5627 2817 5695 Ἐνεράνισεν
2835 5629 2961 5683 ἐκεῖ
2972 5631 3120 5698 μετὰ
3145 5630 3255 5698 τῆς
3278 5631 3347 5697 ἐξ
3384 5630 3571 5697 αὐτῆς
3594 5645 3777 5699 προσ-

2205 5694 2447 5772 λήψεως
2497 5694 2819 5772 ἀχριὶγτου.
2878 5694 3079 5772 Nempe
3133 5694 3377 5771 τίίῖθεῷ
3436 5694 3557 5755 καί
3586 5694 3773 5772 Πατρί.

2208 5768 2352 5847 quod
2386 5766 2583 5847 _Lucas_
2624 5771 2718 5832 ait,
2752 5766 3099 5847 παρα-στῆσαι
3125 5766 3200 5841 τῷ
3234 5766 3439 5847 Κυρίῳ.
3473 5772 3578 5847 Res
3621 5766 3774 5841 plana

2208 5838 2403 5893 scienti
2431 5841 2722 5909 terminos;
2754 5838 3020 5897 Palatinus
3045 5838 3224 5898 tamen
3249 5838 3636 5900 male—oscitat:
