3962 6278
221 371 331 431 557

1320 375 1553 432 SERMO
1591 376 1680 430 DE
1720 376 2024 434 SlMEONE-
2061 379 2153 433 ET
2192 380 2399 435 ANNA.

2004 251 2043 289 υ

3363 394 3465 449 558

224 482 510 548 ἀνάδειξιν,
542 479 700 537 ἅτινα
730 482 900 555 δηλοῖ,
930 485 990 538 τὸ
1027 486 1123 556 μὲν
1142 526 1156 549 ,
1193 487 1295 541 Ἐν
1311 490 1479 558 μέσῳ
1503 490 1611 545 δύο
1643 490 1797 552 ζώων

1915 493 2034 547 dum
2074 504 2273 565 tempus
2315 495 2518 561 aderit,
2551 498 2838 554 ostenderis
2869 501 2934 554 ³ο.
2971 501 3182 572 Inspice
3222 520 3352 560 vero
3377 523 3470 562 ac-

222 575 575 647 τνωσθήσῃ,
600 575 699 645 τήν
718 593 778 628 τε
814 576 955 630 κατά
972 577 1133 649 νόμον
1158 581 1216 633 ἐν
1247 584 1357 644 τοῖς
1389 581 1601 647 ἀδύτοις
1642 585 1803 655 ὑπερ-

224 664 431 718 άνωθεν
464 662 559 718 τοῦ
589 663 902 736 ἱλαστηρίου
935 667 1033 738 τῆς
1073 667 1306 722 κιϐωτοῦ
1335 670 1539 740 μεταξὺ
1567 672 1675 725 τῶν
1707 692 1801 726 τυι

226 756 402 809 πικῶν
451 756 722 828 χερουόὶμ
768 758 1077 812 ὲπισκίασιν
1099 760 1199 830 τῆς
1245 760 1393 826 θείας
1428 764 1592 817 αὐτοῦ
1625 764 1800 833 δόξης,

225 847 301 912 ὥς
328 865 460 919 φησι
489 847 626 919 πρὸς
675 850 914 921 Μωῦσῆν
934 889 950 912 ,
994 849 1301 905 Ἐντεῦθεν
1326 868 1425 905 σοι
1456 855 1805 923 γνωσθήσο-

193 972 205 995 ,ι
222 956 363 1011 μαι,
426 940 527 1011 τήν
585 956 645 992 τε
702 942 1121 1013 καταντήσασαν
1179 942 1249 996 τὰ
1294 942 1389 998 νῦν
1421 946 1507 999 διὰ
1540 946 1636 1018 τὴν
1663 946 1805 1001 κατά

227 1030 408 1104 σάρκα
455 1030 802 1103 πανύμνητον
856 1033 1018 1086 αὐτοῦ
1054 1035 1147 1088 τοῦ
1194 1038 1441 1109 Σωτῆρος
1488 1037 1805 1107 θεοφάνειαν

225 1123 526 1196 ἀγγελικὴν
565 1124 891 1191 συνέλευσιν,
927 1127 975 1178 εί
1008 1128 1103 1180 καὶ
1130 1129 1266 1200 πρὸς
1294 1130 1449 1200 ἡμῶν
1478 1130 1805 1202 ἀθεώρητος,

227 1214 412 1281 καθὼς
454 1216 855 1288 προδεδήλωκεν
904 1218 1128 1283 Ἡσαΐας
1147 1238 1161 1253 ο
1191 1222 1251 1274 τὸ
1282 1221 1360 1287 δὲ,
1413 1223 1508 1276 Ἐν
1536 1223 1616 1288 τῷ
1652 1224 1807 1295 ἐγγι-

228 1308 351 1370 ζειν
388 1309 461 1364 τὰ
517 1310 644 1378 ἔτη,
693 1299 1146 1381 ἐπιγνωσθήσῃ,
1195 1313 1294 1385 τὴν
1339 1314 1676 1379 πανένδοξον,
1731 1316 1808 1380 ὡς

228 1399 574 1472 προείρηται,
601 1402 740 1454 κατά
783 1402 960 1476 σάρκα
986 1403 1280 1471 ἐπίγνωσιν
1312 1403 1407 1458 τοῦ
1439 1405 1670 1476 ἀοράτου
1700 1406 1806 1457 Σω-

229 1491 400 1562 τῆρος
427 1489 582 1562 ἡμῶν
611 1490 765 1556 Θεοῦ,
793 1491 867 1556 ὥς
894 1510 995 1546 που
1026 1494 1191 1563 φησὶν
1218 1496 1246 1547 ὁ
1276 1494 1446 1565 μέγας
1482 1494 1808 1566 ίερομύστης

230 1581 481 1646 Παῦλοςο
532 1584 668 1638 Ὅτε
692 1583 760 1637 δὲ
797 1581 944 1655 ἦλθε
976 1585 1043 1638 τὸ
1085 1586 1376 1656 πλήρωμα
1421 1587 1526 1642 τοῦ
1558 1588 1805 1657 χρόνου,

230 1674 659 1740 ἐξαπέστειλεν
691 1679 724 1730 d
756 1676 899 1742 Θεὸς
941 1675 1048 1729 τὸν
1090 1676 1229 1731 Υὶὸν
1255 1678 1460 1741 αὑτοῦ,
1486 1679 1810 1748 γενόμενον

228 1767 299 1821 ἐκ
331 1767 628 1838 γυναικός,
654 1770 978 1839 γενόμενον
1001 1769 1121 1823 ὑπὸ
1141 1770 1347 1839 νόμον,
1380 1772 1479 1825 ἵνα
1522 1771 1664 1837 τοὺς
1684 1770 1804 1825 ὑπὸ

1903 595 2149 643 curatam
2206 591 2423 660 penitus
2475 589 2714 660 Spiritus
2766 594 3122 665 diligentiam.
3181 595 3467 654 Notionem

1902 681 2063 747 dixit,
2097 683 2428 750 agnitionem
2463 690 2517 736 et
2553 685 2957 753 ostensionem;
2994 703 3226 755 quorum
3254 689 3471 760 singula

1904 775 2019 828 hmo
2040 774 2348 842 declarant;
2379 775 2510 829 illud
2535 777 2751 846 quidem
2790 797 2803 832 :
2830 777 2894 832 )n
2921 780 3090 834 medio
3107 781 3330 836 duorum
3361 784 3451 845 αιιὶ

1903 867 2125 920 malium
2155 868 2383 921 nasceris
2401 867 2491 930 ;in
2527 869 2738 937 primis,
2768 870 2963 925 divinae
2986 872 3176 941 ipsius,
3211 874 3364 941 juxta
3396 875 3471 928 le-

1902 974 2048 1029 gem,
2079 960 2134 1014 in
2162 960 2365 1031 adytis,
2388 976 2554 1032 super
2579 977 2720 1017 arca:
2736 965 3194 1034 propitiutorium,
3214 966 3267 1019 in
3292 967 3473 1022 medio

1904 1050 2211 1120 typicorum
2248 1049 2553 1115 cherubim,
2580 1053 2766 1121 gloriae
2788 1055 2933 1107 velut
2959 1056 3426 1111 obunibrationem
3450 1073 3469 1126 ;

1903 1156 2030 1194 nam
2071 1141 2147 1194 ait
2200 1140 2268 1195 ad
2300 1140 2517 1212 Moysen
2554 1161 2567 1196 :
2599 1142 2732 1197 Inde
2761 1144 2855 1198 tibi
2894 1146 3217 1200 innotescam
3235 1147 3311 1201 “2
3341 1164 3475 1217 prte-

1905 1239 2054 1286 terea
2078 1233 2263 1297 etiam,
2299 1248 2448 1286 nunc
2477 1233 2656 1301 nobis,
2705 1250 2803 1304 per
2842 1235 3142 1293 Salvatoris
3189 1238 3363 1308 ipsius
3386 1255 3471 1295 sc-

1905 1323 2146 1378 cundum
2180 1339 2422 1390 carnem,
2447 1325 2686 1379 divinam
2722 1327 3082 1398 laudibusque
3109 1332 3362 1386 omnibus
3382 1347 3475 1386 ce-

1904 1412 2223 1467 lebrandam
2256 1415 2669 1484 apparitiouem,
2691 1414 2889 1469 factum
2915 1417 3130 1472 obvium
3157 1420 3471 1489 angelorum

1907 1517 2235 1559 concursum
2268 1524 2282 1558 :
2316 1521 2624 1576 quanquam
2664 1507 2733 1570 is,
2773 1515 2969 1562 natura
3017 1524 3140 1576 sua,
3187 1510 3346 1566 nobis
3389 1511 3475 1564 in-

1906 1603 2259 1673 aspectabilis
2281 1613 2384 1669 est,
2413 1610 2470 1657 ut
2489 1604 2599 1674 jam
2628 1612 2753 1659 ante
2777 1603 2945 1660 Isaias
2971 1605 3288 1661 declaravit.
3316 1605 3474 1673 Quod

1905 1704 2086 1750 autem
2111 1697 2187 1749 ait
2210 1716 2222 1750 :
2248 1695 2387 1749 Dum
2411 1698 2936 1769 appropinquaverint
2959 1698 3105 1761 anni,
3132 1698 3427 1766 agnosceris
3452 1711 3474 1753 :

1907 1788 2132 1842 omnino
2163 1789 2419 1860 inclytam
2448 1788 2618 1856 illam,
2651 1800 2711 1845 ut
2748 1791 2857 1860 jam
2893 1790 3099 1844 dictum
3129 1798 3234 1856 est,
3269 1806 3471 1846 secun-

228 1862 418 1929 νόμον
438 1860 505 1923 ἐξ
508 1858 796 1928 ατοράσῃ.
813 1860 915 1913 ἵνα
934 1858 1047 1929 τὴν
1059 1861 1368 1916 υἱοθεσίαν
1389 1861 1802 1930 ἀπολάϐωμεν.

1915 1879 2035 1935 dum
2069 1894 2312 1945 carnem,
2354 1881 2645 1936 invisibilis
2691 1881 2894 1952 alioqui
2928 1880 3022 1935 Dei
3041 1877 3355 1937 'Salvatoris
3383 1896 3475 1935 no-

228 1952 302 2005 Τὸ
317 1951 373 2005 δὲ
394 1951 755 2022 ἐπαγόμενον,
772 1951 868 2005 Ἐν
886 1951 952 2005 τὸ
969 1951 1031 2020 (f.
1047 1949 1145 2022 τῷ)
1171 1951 1560 2019 παρεῖναιτὸν
1577 1951 1801 2019 καιρὸν,

223 2041 660 2111 ἀναδειχθήσῃ,
696 2042 857 2106 ποίας
902 2043 968 2095 ἂν
997 2043 1092 2095 καὶ
1118 2042 1289 2096 δέοιτο
1327 2044 1700 2116 ἀντιφράσεως
1727 2042 1806 2115 τῷ

222 2132 492 2188 εΰσκοπον
552 2134 690 2206 πρὸς
758 2133 818 2186 τὸ
885 2132 1272 2205 ὲορταξόμενον
1330 2135 1682 2189 ἀπευθύνοντι
1747 2134 1807 2188 τὸ

219 2225 407 2319 ὅμμας
444 2225 836 2300 Ἀναδειχθήσῃ
854 2225 982 2299 γάρ,
1021 2227 1290 2296 φησὶν,ὼς
1322 2229 1413 2282 ἐπὶ
1442 2229 1627 2282 πίνακι
1656 2228 1809 2299 βασι-

221 2317 386 2389 λικῷ,
410 2319 516 2372 ὑπὸ
558 2318 660 2388 τῆς
704 2317 970 2389 τεκούσης
1011 2335 1071 2371 σε
1105 2319 1374 2389 ἀχράντου
1408 2321 1608 2392 μητρὸς
1634 2321 1692 2372 ἐν
1729 2319 1807 2392 τῷ

224 2409 363 2479 ναῷ,
394 2411 453 2462 ὲν
479 2411 548 2480 τῇ
598 2410 696 2479 τῆς
731 2408 1058 2479 σαρκώσεώς
1098 2426 1192 2462 σου
1252 2410 1575 2483 εὐπρεπείᾳ.
1622 2408 1808 2464 Ταῦτα

225 2499 287 2553 δὲ
309 2500 877 2572 ἀνακεφαλαιούμενος
912 2503 940 2554 ὁ
979 2502 1263 2573 προφήτης
1303 2503 1439 2575 πρὸς
1462 2505 1523 2556 τὸ
1547 2503 1809 2572 σαφέστε-

237 2607 352 2663 ρον,
391 2590 738 2663 ἀνα-κέκραγε
790 2591 994 2660 λέγων·
1029 2595 1241 2664 Κύριος
1276 2595 1346 2648 ἐν
1378 2594 1502 2661 ναῷ
1538 2597 1683 2666 ἁγίῳ
1710 2596 1808 2649 αὐ·

233 2681 343 2735 τοῦ
359 2698 372 2711 ·
399 2682 765 2735 εὐλαϐείσθω
781 2682 898 2736 ἀπὸ
921 2683 1244 2751 προσώπου
1266 2687 1452 2741 αὐτοῦ
1472 2687 1640 2742 πᾶσα
1654 2689 1690 2755 ἡ
1704 2686 1796 2757 γῆ.

1909 1972 2011 2027 stri
2038 1970 2369 2041 agnitionem
2393 1971 2697 2041 signiﬁcat;
2723 1982 2781 2025 ut
2812 1971 3046 2042 quodam
3078 1973 3216 2034 loco,
3244 1988 3473 2042 magnus

1910 2060 2001 2115 ille
2031 2074 2313 2116 sacrorum
2370 2068 2576 2130 mystes
2624 2059 2827 2115 Paulus
2875 2060 2995 2114 ait:
3029 2060 3253 2127 Quando
3301 2071 3474 2115 autem

1912 2153 2049 2207 venit
2078 2150 2347 2219 plenitudo
2382 2152 2652 2220 temporis,
2686 2153 2862 2205 emisit
2899 2152 3039 2207 Deus
3067 2150 3269 2207 Filium
3299 2170 3473 2220 suum,

1912 2243 2113 2313 factum
2141 2259 2206 2297 ea:
2251 2243 2487 2309 muliere,
2520 2244 2723 2314 factum
2751 2243 2846 2298 sub
2878 2244 3008 2314 lege,
3052 2253 3108 2297 ut
3150 2261 3236 2298 eos
3266 2248 3354 2316 qui
3383 2244 3478 2299 sub

1913 2335 2020 2405 lege
2039 2343 2189 2388 erant
2219 2332 2520 2396 redimeret;
2545 2343 2601 2386 ut
2633 2335 2960 2402 adoptionem
2974 2334 3207 2403 ﬁliorum
3228 2336 3482 2405 recipere-

1912 2442 2031 2479 mus
2054 2425 2119 2478 ⁸².
2156 2423 2309 2490 Quod
2333 2430 2512 2479 autem
2557 2424 2905 2495 subjungitur
2935 2445 2948 2481 :
2987 2425 3124 2479 Dum
3156 2436 3353 2495 tempus
3384 2425 3482 2478 ad-

1911 2519 2032 2583 erit,
2072 2517 2400 2581 ostenderis;
2434 2517 2583 2571 nulla
2626 2517 2815 2587 utique
2857 2519 3198 2588 expositione
3250 2519 3477 2590 indiget,

1912 2613 1957 2668 si
1985 2613 2107 2682 quis
2134 2611 2385 2674 solerter,
2424 2609 2490 2663 ad
2531 2609 2726 2665 festum
2760 2611 2905 2680 quod
2934 2628 3081 2666 nunc
3117 2612 3476 2678 celebramus,

1911 2705 2098 2760 oculos
2137 2701 2669 2757 mentismtenderit.
2714 2701 3029 2758 Ostenderis
3066 2705 3231 2768 enim,
3280 2703 3477 2773 inquit,

233 2801 498 2864 tanquam
537 2794 593 2849 in
630 2795 783 2850 disco
827 2797 1084 2867 quapiam
1139 2814 1235 2854 ceu
1292 2799 1499 2856 ferculo
1529 2800 1696 2872 regio,
1760 2799 1828 2854 ab
1868 2798 2190 2852 intemerata
2251 2801 2343 2846 tua
2389 2792 2559 2848 Matre
2602 2795 2657 2848 in
2711 2794 2934 2865 templo,
2981 2794 3142 2864 idque
3188 2794 3245 2848 in
3296 2792 3482 2847 carnis

235 2883 336 2939 abs
364 2890 418 2938 te
438 2894 729 2957 assumpta:
748 2888 945 2943 (iecore
970 2895 1023 2942 et
1053 2886 1247 2945 forma.
1282 2891 1412 2958 Quae
1450 2891 1761 2947 summatim
1797 2890 2057 2959 colligens
2085 2887 2373 2958 Propheta,
2431 2887 2710 2957 amplioris
2756 2886 3021 2943 claritatis
3060 2886 3255 2957 gratia,
3282 2885 3338 2940 in
3364 2886 3477 2941 haec

235 2977 560 3032 exclamavit
577 2979 739 3033 verba
770 2998 784 3035 :
827 2979 1086 3034 Dominus
1117 2981 1174 3034 in
1204 2983 1390 3051 templo
1411 2993 1593 3037 sancto
1631 3000 1727 3039 suo
1747 2982 1791 3014 ³³
1826 3000 1839 3036 :
1868 2989 2162 3035 revereatur
2193 2995 2225 3031 a
2252 2978 2387 3047 facie
2413 2977 2525 3047 ejus
2559 2978 2727 3031 omnis
2758 2987 2900 3031 terra
2917 2977 2982 3034 "‘.

305 3068 382 3122 E'.
419 3068 646 3139 Φρικτὸν
669 3069 778 3143 γὰρ
806 3070 973 3136 ὅντως
997 3071 1057 3126 τδ
1088 3073 1216 3145 περὶ
1244 3075 1303 3128 σὲ
1334 3076 1651 3148 μυστήριονν
1676 3077 1802 3147 Μῆ“

1978 3070 2044 3127 ν.
2092 3070 2454 3127 Tremendum
2505 3071 2648 3125 enim
2698 3084 2883 3124 revera
2912 3108 2929 3135 ,
2984 3085 3018 3124 o
3068 3068 3237 3125 Mater
3272 3067 3476 3140 Virgo,

229 3176 330 3232 τερ
360 3161 625 3233 Παρθένε,
654 3163 747 3216 καὶ
773 3164 928 3235 νοητὲ
960 3164 1138 3237 θρόνε,
1163 3166 1516 3239 δεδοξασμένε
1551 3170 1644 3223 καὶ
1673 3169 1808 3223 Θεοῦ

1915 3163 2069 3220 sedes
2108 3163 2395 3233 spiritalis,
2426 3160 2722 3232 gloriﬁcata
2756 3159 2972 3231 Deoque
3009 3160 3186 3231 digna,
3217 3168 3371 3216 tuum
3407 3162 3477 3216 il-

229 3251 446 3319 ὲπάξιε.
488 3255 810 3327 Προήγαγες
843 3256 951 3328 γὰρ
991 3256 1177 3330 θαῦμα
1205 3259 1546 3331 ἐπουρανίοις
1578 3261 1672 3314 καὶ
1700 3263 1811 3315 ἐπι-

228 3344 401 3413 γείοις
426 3344 681 3412 ἐξαίσιον.
707 3348 818 3402 Καὶ
848 3351 1197 3423 παράδειγμα
1224 3352 1427 3406 τούτων
1447 3353 1541 3407 καὶ
1566 3354 1813 3426 ἀρραγὴς

231 3435 477 3507 ἔλεγχος·
496 3439 558 3493 τὸ
573 3440 715 3494 κατά
737 3441 802 3494 τὸ
829 3442 1013 3496 καινὸν
1030 3444 1128 3514 τῆς
1152 3445 1464 3516 ὑπερφυοῦς
1487 3463 1579 3499 σου
1598 3445 1812 3516 λοχείας

229 3528 498 3597 ἀγγέλους
543 3531 634 3585 ἐπὶ
670 3533 773 3603 γῆς
817 3532 994 3604 ᾄδεινο
1040 3534 1197 3601 Δόξα
1234 3536 1304 3589 ἐν
1337 3538 1619 3605 ὑψίστοις
1655 3536 1811 3603 Θεῷ,

230 3622 334 3676 καὶ
389 3624 488 3676 ἐπὶ
549 3623 665 3693 γῆς
714 3624 962 3693 εἰρήνη,
1031 3627 1102 3680 ἐν
1150 3626 1483 3695 ἀνθρώποις
1530 3628 1809 3683 εὐδοκία·

228 3713 313 3785 τῷ
357 3715 782 3788 τριπλασιασμῷ
811 3719 909 3788 τῆς
940 3718 1084 3789 ᾠδῆς
1127 3718 1219 3773 τὸν
1253 3720 1685 3792 τριπλασιασμὸν
1716 3721 1815 3792 τῆς

229 3807 524 3879 ἁγιότητος
548 3808 660 3877 (50)
686 3811 1092 3880 εἰσαγαγόντες.
1127 3813 1390 3883 Μακαρία
1422 3814 1486 3867 σὺ
1516 3815 1573 3866 ὲν
1605 3815 1817 3882 γενεαῖς

228 3900 529 3966 γυναικῶν,
560 3899 960 3971 θεομακάριστε
980 3918 993 3931 ·
1021 3902 1102 3954 ὅτι
1126 3901 1216 3956 διὰ
1242 3902 1335 3956 σοῦ
1361 3902 1650 3976 ἐπληρώθη
1683 3906 1716 3976 ἢ
1743 3903 1817 3973 γῆ

229 3988 338 4059 τῆς
368 3988 519 4052 θείας
546 3987 704 4059 δόξης
733 3989 827 4042 τοῦ
852 3989 1008 4055 Θεοῦ,
1025 3990 1100 4055 ὡς
1121 3991 1216 4044 καὶ
1242 3993 1300 4044 ἐν
1322 3992 1573 4063 Ψαλμοῖς
1612 3993 1812 4065 ᾅδεται·

232 4079 588 4150 Εὐλογητὸς
606 4080 822 4149 Κύριος
850 4084 883 4136 ό
917 4080 1060 4148 Θεὸς
1090 4081 1350 4151 Ἰσραὴλ,
1377 4083 1474 4136 καὶ
1507 4084 1817 4152 πληρωθή-

230 4189 408 4229 σεται
425 4171 535 4242 τῆς
549 4173 736 4243 δόξης
747 4174 933 4228 αὐτοῦ
951 4174 1117 4230 πᾶσα
1130 4176 1168 4245 ἠ
1184 4175 1280 4246 γῆο
1300 4176 1552 4246 γένοιτο,
1566 4177 1816 4248 γένοιτο.

229 4265 348 4321 Καὶ
378 4263 609 4335 ἐπήρθη
626 4307 642 4332 ,
683 4266 853 4336 φησὶ,
882 4266 948 4321 τὸ
974 4267 1315 4337 ὑπέρθυρον
1338 4268 1456 4323 ἀπὸ
1482 4268 1589 4339 τῆς
1615 4271 1820 4341 φωνῆς

229 4354 315 4429 ἧς
332 4358 656 4428 ἐκέκραγυν
670 4374 683 4389 ο
714 4356 743 4411 ὃ
766 4357 1020 4429 σημαίνει
1051 4358 1145 4412 τοῦ
1167 4357 1296 4412 ναοῦ
1315 4351 1378 4413 τὸ
1400 4360 1816 4431 καταπέτασμα,

1910 3256 2003 3311 lud
2038 3266 2460 3310 sacramentum.
2495 3250 2805 3308 Produxisti
2838 3251 2982 3306 enim
3012 3253 3325 3307 coelestibus
3369 3261 3480 3308 ter-

1911 3349 2312 3417 restribusque,
2344 3347 2724 3415 exsuperantia
2748 3345 3075 3415 stupendum
3106 3344 3433 3398 miraculum
3462 3363 3477 3399 :

1914 3440 2075 3510 cujus
2115 3440 2194 3494 rei
2236 3438 2498 3493 indicium
2551 3447 2637 3491 est
2684 3436 3007 3506 ﬁrmumque
3050 3440 3432 3504 argumentum
3460 3473 3479 3499 ,

1919 3531 2065 3603 quod
2091 3531 2145 3584 in
2178 3539 2343 3595 terra,
2374 3528 2442 3583 ad
2474 3543 2673 3583 novum
2710 3527 2862 3581 illum
2893 3529 3110 3597 augusti
3149 3531 3223 3581 tui
3258 3542 3483 3596 puerpe-

1914 3627 1982 3681 rii
2029 3625 2268 3686 modum,
2312 3623 2486 3693 angeli
2520 3618 3063 3699 concinunt:Gloria
3101 3620 3156 3673 in
3206 3619 3481 3675 altissimis

1915 3715 2060 3779 Deo;
2091 3724 2139 3769 et
2180 3714 2233 3768 in
2268 3724 2409 3767 terra
2439 3727 2566 3782 pax,
2615 3711 2913 3767 hominibus
2950 3711 3086 3767 bona
3130 3711 3370 3765 voluntas
3394 3712 3437 3743 ³⁸
3464 3730 3482 3766 :

1914 3806 2113 3877 triplici
2143 3806 2402 3860 nimirum
2438 3804 2670 3865 cantico.
2704 3805 2904 3858 trinam
2938 3804 3255 3861 inducenles
3278 3805 3485 3860 sancti-

1916 3904 2122 3954 tatem:
2155 3896 2321 3951 Beata
2364 3906 2421 3951 tu
2472 3896 2528 3950 in
2576 3895 2859 3949 mulierum
2913 3894 3377 3965 generationibus,
3449 3908 3482 3948 a

1917 3992 2028 4048 Deo
2056 3993 2369 4048 beatissima
2399 4009 2412 4045 :
2442 4006 2567 4045 nam
2615 4005 2712 4060 per
2741 3997 2793 4044 te
2824 3989 3043 4060 impleta
3090 3996 3175 4043 est
3213 3996 3357 4043 terra
3398 3988 3483 4043 di-

1916 4086 2045 4139 vina
2093 4084 2186 4138 illa
2217 4083 2311 4137 Dei
2347 4084 2541 4153 gloria,
2594 4082 2736 4138 sicut
2781 4081 2941 4137 etiam
2987 4082 3202 4135 canitur
3232 4081 3288 4135 in
3330 4078 3485 4135 Psal-

1918 4178 2024 4231 mis
2052 4176 2097 4207 ³⁸
2124 4194 2136 4230 :
2161 4175 2475 4229 Benedictus
2498 4174 2756 4231 Dominus
2777 4173 2915 4228 Deus
2946 4172 3117 4228 Israel
3143 4191 3160 4228 :
3182 4183 3231 4229 et
3257 4174 3483 4243 replebi-

1921 4277 2007 4323 tur
2033 4269 2308 4339 majestate
2341 4273 2456 4338 ejus
2486 4269 2654 4323 omnis
2681 4277 2864 4321 terra:
2895 4268 3012 4337 ﬁat,
3047 4268 3163 4336 ﬁat.
3196 4297 3266 4308 —
3288 4266 3354 4321 Et
3379 4268 3486 4323 ele-

1918 4372 2096 4417 uatum
2123 4370 2225 4427 est,
2268 4361 2445 4432 inquit
2487 4360 2749 4432 propheta
2780 4360 2847 4426 ³⁷,
2881 4361 3282 4429 superliminare
3302 4377 3333 4414 a
3367 4377 3486 4415 voce

233 4449 304 4503 τὺ
334 4449 626 4515 συσκιάζον
659 4448 798 4504 κατά
831 4450 1120 4521 πρόσωπον
1164 4451 1263 4523 τῆς
1289 4452 1726 4523 προτυπωσάσης
1758 4470 1810 4506 σε

1919 4471 2025 4526 qua
2077 4454 2380 4509 clamabant
2423 4470 2442 4508 :
2481 4469 2591 4524 quo
2637 4452 2998 4525 signiﬁcatur,
3058 4454 3246 4523 templi
3304 4454 3485 4507 velum

237 4540 478 4594 κιῦωτοῦ
503 4541 799 4613 Διαθήκης,
832 4540 920 4595 ἴνα
955 4560 1043 4613 μοι
1071 4542 1362 4615 φανερωθῇ
1393 4542 1631 4614 τάληθὲς
1665 4543 1816 4615 (51),

236 4631 337 4686 καὶ
389 4631 476 4685 διὰ
517 4632 626 4688 τῶν
681 4636 1155 4707 προηγησαμένων
1208 4635 1392 4690 τύπων
1441 4653 1502 4688 τε
1544 4637 1637 4690 καὶ
1687 4637 1820 4691 ὑπο-

234 4723 548 4795 δειγμάτων
586 4725 992 4798 παιδαγωγηθῶ
1021 4727 1157 4780 αἰδοῖ
1189 4729 1282 4781 καὶ
1309 4727 1496 4800 τρόμῳ
1533 4730 1697 4800 τιμᾷν
1724 4729 1819 4783 καὶ

236 4819 567 4887 προσκυνεῖν
595 4817 656 4870 τὸ
688 4819 817 4889 περὶ
847 4819 906 4871 σὲ
943 4821 1262 4890 μυστήριον,
1303 4819 1730 4891 χαλιναγωγηθῶ
1758 4838 1819 4874 τε

237 4902 307 4960 αὖ
341 4905 430 4960 διὰ
470 4906 572 4977 τῆς
602 4909 830 4979 νομικῆς
874 4909 1243 4982 σκιαγραφίας
1278 4910 1379 4980 τῆς
1419 4910 1695 4983 τολμηρᾶς
1722 4913 1817 4966 καὶ

237 4997 495 5061 ἀναιδοῦς
541 4997 996 5072 ἀσκαρδαμύκτου
1042 4999 1489 5072 ἀντοφθαλμῆσαι
1540 5002 1817 5067 ἀντωπίας

348 5150 396 5184 ⁸⁸
424 5150 562 5206 Hab.
588 5168 671 5216 ιιι,
702 5152 759 5208 2.
861 5154 907 5186 ³¹
940 5153 1109 5210 Exod.
1135 5172 1261 5221 xxv,
1288 5156 1377 5214 22.

237 5222 286 5254 ⁸⁸
303 5220 455 5278 Psal.
485 5237 634 5292 Lxxt,
667 5224 755 5278 18.
831 5225 876 5258 ³⁷
897 5224 1010 5281 Isa.
1036 5227 1183 5291 “,4.

313 5398 426 5472 (50)
464 5400 576 5473 Τόν
596 5400 1078 5473 τριπλασιασμὸν
1109 5400 1213 5468 τῆς
1248 5403 1577 5473 ἁγιότητος.
1630 5401 1818 5457 Panti-

237 5486 369 5533 nus,
403 5470 661 5538 triplicem
695 5472 998 5526 sanctitatis
1028 5470 1305 5537 rationem,
1359 5470 1538 5528 minus
1574 5474 1625 5528 id
1664 5475 1817 5527 theo-

239 5540 438 5612 logiee.
481 5542 687 5596 Alludit
720 5542 788 5599 ad
842 5543 1116 5596 canticum
1171 5543 1516 5612 serapbicum
1563 5545 1684 5598 lsai.
1736 5560 1811 5607 vr,

239 5611 388 5683 quod
418 5613 689 5683 pracipue
720 5613 975 5682 explicat,
1000 5611 1309 5683 triplieique
1337 5614 1389 5666 in
1417 5629 1481 5667 eo
1508 5615 1817 5669 sanctitatis

240 5681 645 5754 acclamationi,
699 5684 757 5737 in
794 5681 1021 5754 isignum
1063 5681 1234 5738 trinae
1272 5684 1509 5746 deitatis,
1547 5685 1813 5754 triplicem

240 5759 300 5805 et
338 5752 515 5827 ipsum
538 5753 758 5809 Christo
790 5752 955 5827 nato,
970 5755 1179 5827 dictum
1217 5755 1518 5827 angelicum
1552 5752 1811 5827 by’mnum

242 5822 575 5892 respondere
602 5826 903 5882 contendit.
924 5822 1186 5897 Sicjuxta
1212 5822 1421 5895 Graeca,
1447 5822 1656 5886 Latinis
1687 5840 1815 5882 vero

1484 5158 1529 5191 ”
1572 5157 1695 5216 Gal.
1730 5177 1803 5226 Iv,
1836 5161 1958 5217 4-5.

1922 4545 2244 4602 inumbrans
2286 4561 2473 4602 coram
2523 4560 2649 4600 arca
2681 4546 3014 4609 testamenti,
3048 4560 3170 4616 quae
3197 4553 3251 4601 te
3296 4546 3487 4615 praesi-

1920 4640 2161 4711 gnabat;
2190 4647 2251 4694 ut
2282 4639 2420 4694 mihi
2458 4639 2660 4694 veritas
2689 4638 3040 4709 panderetur,
3076 4638 3350 4708 simulque
3386 4638 3488 4692 do-

1921 4744 2077 4785 cerer
2120 4745 2218 4800 per
2242 4737 2401 4801 typos
2442 4739 2496 4785 et
2536 4728 2739 4799 ﬁguras
2784 4744 2906 4799 quae
2943 4729 3375 4799 pramessissent,
3426 4737 3489 4785 ut

1922 4838 2047 4878 cum
2075 4822 2380 4878 reverentia
2418 4827 2472 4876 et
2502 4828 2758 4886 tremore,
2796 4820 2860 4875 ad
2906 4831 3306 4877 sacramentum
3340 4823 3487 4892 quod

1921 4915 1977 4969 in
2010 4923 2064 4970 te
2093 4915 2381 4970 exhibetur
2421 4912 2783 4980 adorandum,
2825 4913 3139 4969 accederem
3174 4930 3189 4967 :
3222 4923 3385 4985 atque
3412 4915 3489 4970 le-

1921 5007 2029 5076 gali
2063 5006 2167 5061 hac
2207 5007 2390 5077 priore
2420 5006 2808 5072 delineatione,
2842 5006 2910 5063 ab
2949 5022 3014 5063 eo
3048 5008 3139 5078 qui
3178 5007 3490 5079 incompre-

2060 5161 2107 5195 ⁸³
2128 5161 2282 5217 Psal.
2310 5179 2366 5227 x,
2386 5163 2443 5219 5.
2515 5161 2564 5194 “
2596 5160 2748 5218 Psal.
2774 5177 2894 5229 xcv,
2923 5160 2974 5218 9.
3056 5160 3100 5194 ³⁸
3134 5160 3266 5219 Luc.
3300 5178 3362 5227 ιι,
3398 5160 3486 5219 id».

1926 5409 2012 5459 est
2041 5401 2242 5472 duplex
2275 5400 2348 5454 ita
2379 5402 2770 5471 punctantibus
2810 5421 2822 5455 :
2864 5400 3049 5457 Gloria
3102 5403 3157 5455 in
3211 5397 3490 5472 altissimis

1924 5472 2057 5546 Deo,
2089 5469 2138 5546 et
2164 5474 2216 5526 in
2243 5469 2519 5539 terra—pax
2546 5471 2841 5546 hominibus
2869 5472 3016 5546 trante
3042 5469 3345 5546 voluntatis.

1994 5544 2106 5617 (5|)
2146 5546 2266 5598 Ἰνα
2288 5559 2389 5617 μοι
2418 5542 2725 5617 φανερωθῇ
2771 5543 3048 5617 τᾴληθές.
3106 5540 3183 5617 Ut_
3209 5540 3489 5617 utriusque

1925 5609 2190 5671 rationem
2226 5609 2436 5686 reddat,
2462 5624 2518 5686 et
2543 5609 2896 5686 ele_vationis,_
2942 5614 3089 5666 velut
3120 5609 3185 5662 ad
3214 5609 3485 5686 ostensio-

1922 5703 2044 5743 nem
2072 5688 2332 5757 aliquam,
2364 5682 2547 5739 divina
2599 5680 3121 5755 dispensatione;et
3148 5677 3273 5742 veli,
3309 5675 3375 5729 ad
3404 5690 3490 5734 re-

1922 5759 2239 5816 verentiam.
