3962 6278
334 320 441 378 567

1276 319 1337 375 S.
1374 315 1706 373 METHODII
1742 315 2052 381 EPISCOPI
2089 317 2177 374 ET
2215 314 2582 379 MARTYRIS

3462 312 3575 373 διε

999 587 1590 679 ΜΕΘΟΔΙΟΥ
1673 590 2338 678 ΕΠΙΣΚΟΠΟΥ
2409 591 2928 679 ΠΑΤΑΡΩΝ

1693 733 1814 785 ΚΑΙ
1842 732 2215 786 ΜΑΡΤΥΡΟΣ

472 846 582 911 Εἰς
631 846 740 901 τὸν
780 849 1045 919 Σιμεῶνα
1083 850 1181 904 καὶ
1207 851 1309 918 ἐὶς
1354 849 1471 920 τὴν
1526 851 1764 921 “Amr,
1796 845 2109 971 ἒῗοέὶέιὶίρὲ
2144 846 2256 918 τῆς
2308 848 2733 920 ’Υπαντήσεως
2763 869 2779 884 ο
2839 852 2939 907 καί
2986 852 3076 919 εἰς
3104 851 3219 922 τὴν
3259 851 3436 923 ἁγίαν

938 1149 1555 1243 METHODII
1649 1150 2198 1243 EPISCOPI
2277 1150 3007 1243 PATARENSIS

1736 1323 1815 1364 ET
1861 1322 2180 1367 MABTYRIS

693 1431 771 1486 De
798 1430 1038 1487 Simeone
1067 1439 1119 1484 et
1148 1427 1325 1496 Anna,
1349 1446 1449 1500 quo
1475 1428 1560 1483 die
1591 1428 1866 1484 Dominioo
1890 1430 1947 1484 in
1974 1431 2164 1500 templo
2188 1402 2563 1495 occurrerunt;
2581 1445 2643 1483 ac
2669 1428 2732 1484 de
2757 1437 2946 1484 saneta
2973 1427 3225 1496 Deipara.

413 1659 457 1714 l.
488 1658 624 1714 Cum
667 1658 818 1719 olim,
852 1666 1115 1728 quantum
1168 1659 1391 1730 quidem
1440 1660 1682 1716 breviter
1724 1662 1902 1728 licuit,

2075 1665 2155 1718 A'.
2198 1662 2373 1716 Πάλαι
2415 1658 2636 1725 ἱκανῶς,
2678 1657 2753 1721 ὡς
2797 1650 2907 1710 οἷόν
2951 1672 3032 1719 τε,
3081 1654 3169 1708 διὰ
3200 1654 3463 1726 βραχέων,
3506 1655 3575 1710 τὰ

345 1762 468 1818 qua:
498 1748 564 1802 de
586 1748 899 1818 virginitate
921 1750 1147 1805 dicenda
1170 1758 1347 1815 erant,
1376 1751 1432 1804 in
1466 1751 1821 1822 Symposiacis
1843 1755 1906 1810 de

347 1841 612 1903 castitate,
646 1857 746 1895 ceu
778 1841 942 1910 jactis
972 1842 1340 1898 fundamentis
1372 1843 1587 1899 abunde
1626 1847 1906 1914 explicue-

349 1932 543 1996 rimus,
578 1930 840 1985 hodierna
868 1932 955 1986 die
989 1941 1156 1987 totam
1201 1934 1375 2003 ipsam
1410 1941 1461 1989 et
1485 1950 1514 1987 a
1544 1936 1727 1991 radice
1747 1938 1911 2007 virgi-

349 2023 539 2078 nitatis
553 2024 777 2094 gloriam
805 2039 1170 2094 coronamque
1191 2026 1719 2091 immarcescibilem,
1739 2030 1911 2084 alum-

351 2114 440 2169 nis
470 2114 724 2170 Ecclesiae
768 2115 1127 2184 oblectandis,
1159 2124 1372 2187 tempus
1424 2132 1552 2172 ecce
1586 2117 1641 2172 in
1670 2120 1909 2175 medium

349 2206 625 2276 produxit.
671 2204 839 2262 Hodie
887 2206 1152 2278 siquidem
1205 2207 1514 2262 divinorum
1565 2211 1910 2266 oraculorum

352 2300 644 2356 consilium
672 2300 851 2371 palam
896 2300 1174 2371 aperitur;
1234 2301 1582 2372 gloriosaque
1606 2301 1770 2370 hujus
1802 2303 1913 2357 diei

354 2393 509 2462 signa
539 2392 899 2462 praeﬁgurata,
922 2406 1220 2461 eorumque
1259 2392 1439 2447 exitus
1473 2401 1636 2462 atque
1687 2391 1912 2449 effectus

355 2501 386 2539 a
438 2486 612 2539 sacris
659 2482 1107 2553 pradicatoribus
1163 2483 1537 2538 ecclesiastico
1572 2484 1737 2538 coetui
1772 2485 1912 2540 rele-

355 2583 577 2646 guntur.
616 2573 787 2628 llodie
826 2574 949 2629 linis
994 2574 1215 2643 antiquo
1266 2574 1343 2628 illi
1388 2590 1628 2643 veroque
1684 2575 1916 2629 consilio

357 2666 668 2736 impositus,
701 2666 959 2736 praeclare
989 2681 1169 2721 rerum
1209 2667 1324 2736 ipsa
1350 2666 1682 2722 exhibitione
1712 2667 1917 2722 mundo

358 2756 763 2811 manifestatur.
827 2756 996 2811 Hodie
1051 2757 1188 2811 citra
1250 2764 1619 2825 tegumentum
1673 2754 1914 2827 aliquod,

359 2846 576 2901 Domini
604 2848 850 2917 gloriam,
881 2846 1184 2919 divinaque
1203 2849 1375 2918 ipsius
1397 2863 1535 2902 arca:
1555 2848 1915 2917 maiestatem,

361 2954 461 2993 ceu
503 2941 557 2992 in
589 2938 833 3007 speculo,
866 2940 1099 2992 revelata
1130 2936 1265 2991 facie
1295 2939 1706 3007 contemplemur
1732 2940 1776 2995 ⁸.
1807 2940 1920 2995 Ho-

2013 1753 2141 1825 περ).
2200 1750 2495 1821 παρθενίας
2552 1751 2610 1802 ἐν
2669 1750 2781 1811 τοῖς
2840 1745 2978 1813 Περὶ
3039 1746 3280 1816 ἁγνείας
3341 1762 3575 1816 συμπο-

2012 1844 2165 1907 σίοις
2194 1844 2302 1913 (55)
2338 1840 2793 1910 κατεστρωκότων
2815 1836 2992 1909 ἡμῶν,
3028 1838 3265 1909 σήμερον
3286 1836 3453 1908 αὐτὴν
3476 1838 3577 1909 τὴν

2012 1935 2110 2003 τῆς
2166 1930 2459 2002 παρθενίας
2505 1926 2780 1999 ὁλόρῤιζον
2840 1925 3015 1993 δόξαν,
3070 1926 3165 1979 καὶ
3215 1926 3578 1998 ἀμαράντινον

2015 2025 2273 2093 στέφανον
2298 2022 2375 2084 εἰς
2400 2018 2731 2090 εὐφροσύνην
2758 2019 2786 2070 ὁ
2817 2016 3006 2087 χρόνος
3033 2017 3090 2069 ἐν
3121 2016 3269 2087 μέσῳ
3299 2018 3577 2088 προήγαγε

2012 2117 2127 2178 τοῖς
2149 2114 2249 2183 τῆς
2289 2110 2614 2183 Ἐκκλησίας
2633 2109 2938 2181 τροφίμοις.
2968 2108 3211 2181 Σήμερον
3238 2108 3344 2179 γὰρ
3376 2107 3437 2159 τὸ
3462 2107 3579 2179 βου-

2013 2206 2292 2278 λευτήριον
2335 2204 2442 2258 τῶν
2486 2202 2642 2256 θείων
2684 2199 2946 2273 χρησμῶν
2989 2199 3341 2268 ἐξανοίγεται.
3383 2201 3476 2255 καὶ
3511 2201 3587 2255 τὰ

2015 2296 2116 2366 τῆς
2162 2292 2441 2366 παρούσης
2481 2290 2691 2357 ἐνδόξου
2731 2291 2942 2361 ἡμέρας
2976 2288 3218 2360 σύμϐολα
3249 2291 3344 2343 καὶ
3386 2291 3581 2344 ἀποτε-

2017 2388 2279 2458 λέσματα,
2317 2385 2467 2456 παρὰ
2493 2383 2598 2438 τῶν
2628 2382 2996 2455 ίεροκηρύκων
3033 2381 3110 2452 τῷ
3143 2381 3580 2454 ἐκκλησιαστικῷ

2021 2479 2260 2550 συλλόγῳ
2289 2474 2808 2545 ἐπαναγινώσκεται.
2841 2476 3087 2546 Σήμερον
3108 2477 3141 2545 ἡ
3166 2476 3461 2546 περαίωσις
3483 2475 3587 2544 τῆς,

2019 2572 2249 2644 ἀρχαίας
2284 2570 2478 2642 βουλῆς
2506 2569 2600 2623 καὶ
2626 2568 2884 2640 ἀληθινῆς
2904 2568 2991 2622 διὰ
3017 2568 3124 2622 τῶν
3148 2567 3324 2639 ἔργων
3358 2566 3583 2631 ἐνδόξως

2019 2662 2097 2733 τῷ
2124 2662 2311 2732 κόσμω
2342 2660 2719 2730 ἐμφανίζεται.
2754 2659 2997 2729 Σήμερον
3042 2657 3172 2727 ἄτερ
3202 2655 3582 2727 διακαλύμμα-

2021 2772 2109 2819 τος
2140 2753 2639 2824 ἀνακεκαλυμμένῳ
2678 2751 2951 2823 προσώπῳ
2987 2752 3100 2819 τὴν
3128 2751 3314 2815 δόξαν
3341 2749 3582 2817 Kvplov,

2022 2848 2117 2900 καὶ
2147 2846 2246 2916 τῆς
2277 2845 2426 2908 θείας
2461 2844 2622 2897 αὑτοῦ
2668 2843 2897 2897 κιϐωτοῦ
2929 2843 3418 2912 κατοπτριζόμεθα
3446 2841 3582 2913 (54).

2024 2937 2269 3008 Σήμερον
2318 2936 2415 3008 τὴν
2460 2934 2921 3008 καραδοκηθεῖσαν
2960 2936 3205 3006 οὐράνιον
3254 2934 3426 3006 χαρὰν
3466 2935 3587 2998 ταῖς

362 3030 452 3085 die
487 3032 762 3084 ccelestem
794 3030 960 3095 illam,
982 3028 1345 3098 gentibusque
1375 3030 1533 3084 anxie
1556 3037 1925 3099 exspectatam

2033 3032 2240 3097 γενεαῖς
2280 3030 2365 3082 ἐπ’
2395 3027 2559 3099 ὤμων
2599 3027 2836 3099 φέρουσα
2870 3027 2978 3100 (55)
3012 3028 3045 3098 ἡ
3091 3026 3367 3096 ἀγιωτάτη
3411 3026 3585 3096 πανή-

365 3122 627 3185 laetitiam,
665 3121 909 3175 humeris
952 3119 1067 3175 suis
1119 3119 1465 3174 sanctissima
1517 3121 1806 3175 celebritas
1833 3121 1929 3175 ba-

359 3213 567 3283 julans,
609 3212 918 3280 mortalium
946 3209 1127 3281 generi
1160 3209 1490 3281 impertitur.
1548 3209 1928 3265 Prceterierunt

362 3315 566 3367 cetera;
591 3305 924 3375 efﬂoruerunt
949 3319 1103 3366 nova,
1152 3310 1205 3355 et
1247 3319 1363 3371 quo:
1392 3319 1497 3355 non
1526 3310 1851 3356 veterascunt
1881 3304 1924 3355 ⁸.

361 3395 482 3451 Non
509 3396 621 3466 jam
655 3396 888 3466 amplius
917 3404 1193 3449 austerum
1241 3394 1374 3464 legis
1429 3394 1708 3449 decretum
1741 3396 1930 3465 praesi-

364 3489 457 3545 det
485 3509 497 3543 :
532 3488 626 3544 sed
657 3488 871 3542 Domini
892 3488 1065 3557 gratia
1099 3501 1289 3541 omnes
1320 3485 1387 3539 ad
1417 3501 1477 3540 se
1509 3486 1717 3539 salubri
1748 3487 1931 3557 longa-

364 3581 613 3636 nimitate
645 3586 968 3633 convertens
1022 3593 1247 3648 regnum
1299 3584 1468 3633 tenet.
1500 3576 1930 3647 Haudquaquam

366 3670 563 3725 iterum
597 3669 745 3724 Ozan
776 3669 973 3738 aliquis
1001 3668 1365 3723 intrectabilia
1395 3682 1563 3723 ausus
1593 3669 1930 3739 contingere,

366 3761 624 3817 invisibili
642 3762 850 3815 ratione
862 3760 1163 3831 ﬂagellatur
1176 3761 1240 3813 ιο.
1261 3759 1401 3815 Deus
1417 3760 1559 3814 enim
1578 3760 1694 3830 ipse
1710 3761 1931 3829 invitat;

367 3863 424 3908 et
453 3854 574 3923 quis
595 3868 704 3922 pra:
732 3853 926 3907 timore
943 3851 1119 3906 adhuc
1140 3851 1520 3905 cunctabitur?
1545 3850 1756 3906 Clamat
1781 3871 1794 3906 :
1835 3851 1934 3906 Ve-

368 3945 475 3998 nite
503 3943 571 3997 ad
595 3960 694 4007 me,
724 3959 900 3997 omnes
935 3944 1024 4012 qui
1053 3941 1307 3996 laboratis
1332 3951 1381 3996 et
1409 3943 1613 3996 onerati
1628 3942 1753 3997 estis
1786 3942 1858 4010 “;
1881 3951 1935 3999 et

370 4035 495 4104 quis
529 4050 636 4088 non
684 4033 976 4087 accurret?
1022 4031 1099 4087 Ne
1130 4032 1254 4102 quis
1288 4048 1416 4088 vero
1445 4033 1666 4091 Judzeus
1714 4044 1934 4090 contra-

371 4124 571 4179 dixerit
625 4125 681 4177 in
729 4116 1118 4194 praecedentem
1179 4122 1373 4179 domus
1427 4124 1692 4181 Abedarae
1745 4135 1929 4198 typum

441 4237 464 4268 ⁸
484 4235 548 4289 ΙΙ
567 4233 689 4291 Cor.
716 4251 799 4300 m,
827 4233 911 4288 18.
979 4234 1000 4265 ⁸
1032 4233 1094 4288 II
1114 4234 1238 4291 Cor.
1267 4253 1321 4301 ν,
1348 4237 1445 4304 18;
1481 4236 1616 4291 Isai.
1667 4255 1825 4308 xuu,
1864 4239 1949 4293 l9.

446 4353 558 4424 (55)
601 4354 706 4424 Ἐκ
721 4351 855 4424 τοῖς
874 4352 1012 4420 Περὶ
1034 4352 1277 4424 ἁγνείας
1297 4355 1680 4424 συμποσίοις.
1711 4354 1926 4410 Haben-

2024 3137 2201 3191 γυρις,
2230 3118 2307 3191 τῷ
2345 3119 2490 3188 γένει
2522 3118 2629 3172 τῶν
2657 3116 2957 3190 ἀνθρώπων
2984 3116 3289 3171 ἀποδίδωσι.
3313 3114 3588 3184 Παρῆλθο

2024 3212 2098 3266 τὰ
2125 3212 2369 3275 παλαιὰ,
2396 3211 2493 3264 καὶ
2524 3210 2757 3279 ἤνθησε
2797 3209 2870 3263 τὰ
2899 3208 3028 3273 νέα,
3067 3209 3165 3263 καὶ
3205 3212 3276 3263 οὐ
3302 3209 3588 3263 παλαιού-

2022 3320 2194 3373 μενα.
2244 3302 2437 3356 Οὐκέτι
2490 3301 2652 3373 νόμου
2703 3301 2973 3373 αὐστηρὸν
3021 3301 3197 3372 δόγμα
3252 3299 3587 3373 προεδρεύει,

2027 3394 2162 3449 ἀλλὰ
2198 3395 2354 3465 χάρις
2382 3394 2652 3449 Δεσπότου
2691 3393 2980 3462 βασιλεύει,
3004 3393 3276 3463 κσωτηρίῳ
3318 3383 3591 3464 μακροθυ-

2033 3486 2129 3557 μίᾳ
2174 3486 2378 3548 πάντας
2427 3485 2562 3556 πρὸς
2597 3486 2792 3556 ἐαυτὴν
2838 3483 3257 3555 ἐπιστρέφουσα.
3306 3484 3383 3536 Ού
3428 3483 3589 3536 πάλιν

2042 3576 2202 3640 Ὀζᾶν
2255 3593 2339 3638 τις
2388 3575 2633 3646 ἀοράτως
2686 3575 3021 3646 μαστίζεται,
3072 3573 3418 3645 προσψαῦσαι
3479 3577 3592 3638 τοῖς

2032 3667 2328 3737 ἀψαύστοις
2358 3667 2735 3739 κατατολμῶν.
2770 3668 2901 3731 Θεὸς
2932 3667 3040 3737 γὰρ
3080 3667 3467 3738 προτρέπεται,
3499 3665 3594 3721 καὶ

2031 3757 2112 3821 τίς
2136 3757 2387 3811 δειλιάσει
2410 3774 2424 3823 ;
2451 3758 2625 3812 Δεῦτε
2648 3758 2796 3827 πρὸς
2823 3756 2901 3826 μὲ
2940 3757 3160 3823 πάντες
3188 3760 3241 3810 οἱ
3268 3756 3594 3822 κοπιῶντες

2037 3850 2138 3904 καὶ
2169 3849 2642 3920 πεφορτισμένοι,
2677 3849 2792 3920 βοᾷο
2816 3848 2911 3901 καὶ
2938 3848 3021 3910 τίς
3047 3848 3106 3902 ού
3135 3847 3591 3919 προσδραμεῖται;

2038 3942 2145 3995 Καὶ
2190 3942 2374 4013 μηδεὶς
2413 3941 2674 3995 Ἰουδαίων
2704 3940 3023 4009 ἀντιλεγέτω
3064 3944 3127 4011 τῇ
3159 3939 3414 4011 ἀληθεία,
3461 3939 3596 4011 πρὸς

2036 4033 2132 4105 τὴν
2164 4034 2510 4106 προτύπωσιν
2538 4033 2748 4103 βλέπων
2773 4034 2867 4086 τοῦ
2897 4034 3045 4087 οἴκου
3092 4033 3375 4104 Ἀὁεδαρᾶ.
3399 4034 3500 4099 Εἰς
3522 4030 3600 4086 τὰ

2039 4127 2158 4181 ἴδια
2200 4125 2384 4199 ἦλθεν
2430 4130 2458 4181 ὁ
2490 4127 2690 4201 Κύριος
2733 4128 3007 4197 ἐμφανῶς
3036 4128 3167 4200 (56),
3211 4129 3305 4182 καὶ
3350 4128 3454 4182 ὑπὸ
3483 4126 3596 4199 (57)

2030 4240 2073 4272 ¹θ
2101 4239 2165 4295 II
2184 4239 2310 4311 Reg.
2329 4257 2407 4306 ιχ,
2427 4239 2481 4297 6.
2560 4241 2605 4271 ¹¹
2630 4238 2826 4296 Matth.
2857 4255 2936 4304 ιι,
2956 4239 3047 4293 ‘28.

2030 4358 2219 4413 eodem
2246 4366 2407 4428 atque
2428 4357 2529 4428 ipsi
2556 4372 2740 4412 sensu.
2777 4356 3014 4420 Erasm.,
3051 4358 3117 4428 _in
3159 4357 3368 4426 speculo
3408 4373 3601 4427 reprae-

375 4422 558 4501 Luem
604 4423 928 4501 bibliotheca
969 4423 1282 4501 monasterii
1327 4422 1472 4501 quod
1520 4433 1600 4476 est
1650 4426 1725 4501 iu_
1752 4427 1925 4501 insula
1954 4444 1994 4501 ρ
2029 4422 2335 4501 saltantes,"
2369 4422 2511 4497 qnod
2549 4428 2750 4501 minus
2808 4428 3002 4496 placet.
3050 4422 3318 4482 Paulinus
3363 4422 3597 4497 tantum,

375 4495 635 4566 Palbnios
670 4510 681 4544 :
716 4491 824 4566 lieo
849 4492 1012 4545 etiam
1040 4490 1269 4566 Allalius
1294 4492 1507 4566 edenda
1553 4495 1822 4566 promittit
1869 4497 1927 4550 in
1960 4490 1994 4501 “
2028 4490 2456 4564 contemplamur,
2492 4497 2671 4566 minus
2699 4490 3037 4566 expressum.

378 4581 481 4620 suo
546 4562 829 4615 Eustathio
881 4581 893 4616 :
940 4562 1170 4633 necdum
1206 4561 1307 4633 ip_si
1356 4563 1630 4633 potuimus
1660 4563 1928 4633 integrum

379 4651 517 4704 opus
550 4633 815 4695 nancisci,
859 4638 961 4704 aut
1003 4631 1202 4685 habere
1244 4630 1415 4704 Roma
1445 4631 1728 4701 scriptum,
1759 4630 1932 4702 quan-

380 4701 545 4773 quam
569 4718 683 4773 non
707 4702 871 4756 semel
901 4702 967 4755 de
989 4716 1050 4754 ea
1074 4716 1132 4755 re
1164 4701 1484 4773 scripsimus
1534 4719 1546 4753 :
1583 4710 1642 4754 ut
1671 4701 1808 4772 opus
1835 4704 1931 4756 ha-

2099 4569 2209 4637 (55)
2250 4566 2366 4619 Ἐπ’
2396 4566 2566 4635 ὤμων
2598 4565 2881 4635 φέρούσα.
2928 4566 3135 4637 Phrasi
3175 4567 3265 4620 illa
3311 4568 3438 4621 trita
3491 4583 3600 4637 qua

2031 4635 2287 4701 dicimus,
2323 4647 2534 4706 tempus
2561 4639 2716 4692 triste
2767 4636 2971 4706 aliquid
2997 4638 3078 4690 vel
3115 4635 3354 4691 faustum
3386 4635 3599 4694 aﬂer‘re.

2032 4707 2233 4760 Eodem
2267 4706 2426 4759 modo
2456 4706 2698 4761 Andreas
2745 4706 2889 4761 Cret.
2926 4714 3065 4761 orat.
3099 4707 3152 4760 in
3189 4708 3354 4760 natio.
3387 4706 3600 4771 Mariae,

381 4770 606 4859 beamus
656 4772 787 4853 dare
826 4780 1095 4859 lexcerp‘tla
1131 4770 1443 4859 .Photiana,
1484 4785 1619 4859 cum
1683 4770 1928 4859 pauculis

2033 4776 2449 4859 ﬂpépavudicit,
2476 4776 2848 4859 ’ζηίρῴτηναιτῖῷν⁶
2868 4777 3087 4859 ἐορτῷν,
3117 4777 3384 4859 φέρουσαν
3405 4778 3471 4859 το

383 4843 720 4913 fragmentis.
752 4844 934 4910 potius
960 4840 1315 4913 sollicitando
1334 4841 1523 4913 alicui,
1558 4848 1618 4894 ut
1645 4845 1727 4913 vel
1751 4843 1937 4897 edide-

381 4916 454 4970 rit
479 4910 560 4968 vel
586 4912 849 4966 edendum
882 4912 1040 4965 nobis
1071 4927 1179 4965 non
1200 4910 1476 4972 inviderit,
1508 4926 1669 4979 quam
1690 4911 1936 4968 faciendo

383 4985 519 5039 satis
554 4982 693 5036 v0tis
728 4982 976 5051 publicis.
1028 4992 1081 5035 et
1108 4981 1255 5053 _buic
1284 4981 1406 5053 ipsi
1450 4981 1701 5053 orationi,
1741 4999 1845 5053 qua
1880 4999 1938 5038 se.

385 5067 574 5109 auctor
611 5069 730 5120 qua:
762 5059 1010 5120 spectant
1032 5051 1123 5121 Aad
1158 5052 1545 5121 virginitatem,
1579 5052 1633 5104 in
1672 5051 1779 5107 illis
1808 5071 1938 5106 κατ-

385 5119 736 5195 εστρωκέναι,
770 5119 870 5195 οειι
917 5119 1266 5195 fundamenta
1301 5121 1497 5195 iecisse
1525 5124 1941 5195 accuratiusque

385 5192 710 5265 exp'licasse,
735 5192 971 5265 aiioqnin
1000 5192 1086 5243 hic
1113 5192 1454 5258 explicanda,
1489 5193 1671 5265 siatim
1702 5192 1941 5265 pronun-

387 5261 505 5318 tia't.
541 5264 718 5317 Minus
751 5261 1014 5315 Pantinus
1045 5269 1404 5328 expresserat.
1428 5290 1498 5300 ——
1522 5262 1643 5316 Haec
1672 5264 1943 5318 scribebat

387 5335 745 5388 Combelisius
794 5347 937 5403 anno
972 5329 1146 5403 16M,
1174 5346 1283 5399 quo
1335 5345 1430 5403 sua
1467 5329 1806 5386 Methodiana
1843 5349 1943 5403 pu-

386 5405 514 5459 blici
543 5404 687 5473 juris
718 5403 863 5456 fecit.
895 5400 1149 5453 Methodii
1177 5398 1318 5473 enim
1342 5398 1690 5473 _Symposium
1710 5398 1943 5472 primum

389 5468 595 5545 prodiit
624 5472 827 5545 80mm,
856 5484 988 5524 cura
1036 5477 1089 5545 et
1130 5470 1309 5525 studio
1342 5468 1550 5545 Leonis
1567 5468 1946 5545 Ailatii,anno

390 5540 549 5606 1656,
604 5542 799 5599 deinde
855 5553 999 5609 anno
1050 5541 1366 5609 insequente
1413 5540 1570 5605 1657,
1603 5540 1851 5609 Parisiis,
1880 5558 1947 5598 ex

389 5615 626 5668 editione
652 5611 905 5668 Possinii.
934 5608 1102 5662 GALL.
1662 5623 1673 5643 ι

464 5684 575 5747 (54)
628 5677 1145 5749 Κατοπτριζόμεθα.
1207 5676 1445 5749 Respicit
1510 5678 1792 5735 Paulinum
1834 5696 1959 5734 κατ-

397 5752 791 5819 οπτριζόμενοι.
849 5750 890 5806 ll
923 5748 1051 5808 Ger.
1086 5765 1169 5815 ut,
1205 5749 1297 5805 ubi
1350 5748 1528 5821 Vulg.,
1571 5752 1892 5820 speculantes
1931 5769 1950 5808 :

2037 4846 2454 4919 τῆςπαρθενίας
2482 4846 2618 4919 ὑπὲρ
2649 4847 2907 4917 κεφαλῆς,
2929 4846 3085 4899 ‘diem
3117 4846 3251 4919 inter
3286 4848 3401 4919 dies
3444 4847 3602 4917 festos

2037 4916 2284 4987 primum,
2308 4917 2396 4983 qui
2418 4916 2918 4986 lumen'virginitatis
2941 4919 2994 4970 in
3016 4917 3182 4985 capite
3208 4916 3425 4985 bajulet.

2108 4986 2218 5057 (56)
2252 4985 2534 5040 Ἦλθεν...
2561 4985 2853 5057 ἐμφανῶς.
2891 4987 2982 5040 Sic
2996 4990 3153 5055 plane
3176 4988 3605 5057 textusjungen-

2055 5055 2181 5127 dum
2214 5059 2381 5127 petit;
2426 5055 2598 5127 plana
2638 5057 2903 5111 allusione
2951 5057 3017 5111 ad
3077 5056 3206 5127 illud
3254 5055 3393 5127 psal'.
3438 5055 3600 5112 XLIX:

2047 5126 2182 5198 Deus
2216 5126 2397 5181 noster
2430 5126 2702 5198 manifesge
2742 5129 2924 5193 veniet,
2974 5126 3231 5198 ἐμφανῶς
3257 5126 3407 5198 qau-
3441 5141 3605 5197 quem

2040 5196 2218 5250 locnm
2257 5205 2445 5250 auctor
2473 5197 2624 5250 alteri
2647 5196 2805 5251 Joan.
2842 5196 3137 5253 Iadnectit.
3181 5196 3361 5263 Quare
3423 5196 3605 5251 minus

2043 5275 2167 5336 apte
2189 5266 2720 5337 Pantinusjunxerat
2743 5269 3114 5337 sequentibus.
3134 5266 3289 5332 Quod
3321 5268 3448 5321 item
3472 5281 3609 5337 prte-

2044 5335 2187 5409 c_e_dit
2220 5337 2574 5409 προτύπωσιν
2601 5335 2693 5389 τοῦ
2721 5336 2872 5409 οἴκου
2916 5338 3196 5409 Ἀδεδαρᾶ,
3221 5353 3326 5392 rem
3362 5338 3419 5390 in
3453 5335 3608 5390 domo

2044 5406 2289 5477 Abedara
2308 5408 2724 5476 pra’ﬁguratam,
2751 5407 2941 5477 minus
2959 5406 3297 5477 expressum,
3334 5422 3454 5477 pro,
3472 5421 3610 5476 prie-

2047 5475 2314 5547 cedentem
2335 5475 2558 5546 ﬁguram
2587 5493 2677 5530 seu
2706 5485 2882 5547 typum
2910 5475 3096 5530 domus
3122 5475 3387 5547 Abedara,
3412 5491 3443 5529 a
3477 5490 3605 5545 qua,

2047 5547 2126 5617 rei
2160 5546 2510 5617 praefigurata:
2539 5561 2602 5600 ac
2629 5546 2984 5617 praesignatae,
3037 5561 3230 5617 nempe
3269 5546 3475 5617 Mariae1
3517 5555 3611 5599 aut

2049 5614 2211 5670 etiam
2237 5614 2457 5685 templo,
2478 5617 2532 5669 in
2556 5614 2701 5685 quod
2729 5614 2848 5670 viva
2870 5618 2960 5670 illa
2982 5631 3130 5680 arca,
3162 5614 3420 5673 Dominus
3446 5614 3611 5672 Jesus

2052 5701 2247 5757 pompa
2280 5687 2571 5757 inducitur,
2594 5686 2947 5757 reverentiam
2982 5686 3259 5757 conciliat.

2120 5755 2231 5828 (57)
2302 5757 2453 5811 Ὑπό.
2480 5756 2639 5813 Forte
2665 5756 2826 5825 ὑπέρ,
2860 5765 2919 5811 ut
2947 5756 3090 5811 alibi.
