3962 6278
269 344 384 401 349

1382 342 1620 400 SERMO
1660 343 1746 398 DE
1789 343 2092 401 SlMEONE
2129 342 2219 399 ET
2255 340 2492 399 ANNA.’

3418 348 3523 404 550

269 460 381 531 τῆς
408 456 653 529 ἐμψύχου
687 456 922 512 κιϐωτοῦ
943 497 959 523 ,
1007 458 1084 523 ὡς
1116 458 1207 512 ἐπὶ
1252 457 1583 531 ἱλαστήριον,
1616 458 1710 512 ἐπὶ
1753 459 1856 529 γῆς

1961 459 2258 529 respiciens
2306 459 2368 513 ".
2427 456 2490 512 In
2540 440 2757 529 propria
2802 457 3065 523 Dominus
3134 462 3412 532 manifeste
3442 478 3527 517 ve-

270 547 574 623 πομπεύει.
593 549 808 621 Ταύτης
834 548 1187 620 προσψαύσας
1213 548 1469 620 τελώνης,
1501 549 1704 613 δίκαιος
1732 549 1852 601 ἀνα-

270 640 574 696 δείκνυται.
629 639 816 712 Ταύτῃ
888 638 1312 711 προσπελάσασα
1367 639 1561 710 πόρνη,
1622 637 1852 708 σώφρων

270 733 698 790 ἀναπλάττεται.
729 733 914 807 Ταύτῃ
949 732 1102 800 θίξας
1134 732 1357 803 λεπρὸς,
1391 730 1675 794 ἀνωδύνως
1715 731 1851 783 ἀνα-

269 824 623 898 χαλκεύεταιί
682 825 886 879 Οὐδένα
943 825 1277 879 ἀπωθεῖταιο
1332 822 1524 877 οὐδένα
1568 822 1852 892 βδελύσσε-

268 934 386 972 ται.
443 916 729 970 Μεταδιδοῖ
777 916 884 970 τῶν
922 914 1195 984 ὑγιεινῶν,
1255 916 1315 967 ού
1361 914 1853 986 μεταλαμϐάνουσα

270 1009 385 1065 τῶν
416 1008 673 1081 νοσερῶψ
725 1011 755 1062 ὁ
800 1009 909 1081 γὰρ
936 1009 1037 1079 τῆς
1066 1006 1477 1079 φιλανθρωπίας
1519 1007 1724 1077 Κύριος
1756 1008 1853 1060 ἐπ-

269 1102 616 1159 αναπαύεται
660 1103 819 1174 αὐτῇ.
867 1102 1051 1155 Ταῦτα
1095 1102 1194 1171 τῆς
1233 1101 1359 1164 νέας
1399 1100 1621 1171 χάριτος
1651 1098 1721 1151 τὰ
1753 1097 1856 1151 δω-

271 1196 516 1268 ρήματα.
562 1194 731 1251 Τοῦτο
774 1195 1083 1266 πρόσφατον
1125 1194 1348 1263 γέγονεν
1395 1192 1501 1245 ὑπὸ
1538 1190 1629 1245 τὸν
1682 1188 1851 1261 ἥλιον,

269 1287 334 1339 ού
371 1285 541 1339 πάλαι
592 1284 832 1353 γεγονὸς,
880 1284 984 1337 οὐδ’
1022 1279 1087 1339 αὖ
1134 1284 1430 1356 μετέπειτα
1469 1280 1851 1353 γενησόμενον.

268 1379 563 1454 Προώρισε
595 1378 707 1451 (58)
740 1379 807 1433 δι’
846 1377 1027 1434 οἶκτον
1055 1380 1149 1434 τὸν
1193 1379 1331 1449 πρὸς
1367 1380 1533 1451 ἡμᾶς,
1565 1375 1716 1451 ἦλθε,
1759 1376 1856 1430 καὶ

269 1474 563 1545 ἐπλήρωσε
598 1471 686 1526 διὰ
728 1471 1135 1544 φιλανθρωπίαν
1179 1471 1277 1543 τὴν
1330 1470 1480 1541 αὐτῷ
1514 1472 1851 1544 πρέπουσαν.

269 1563 519 1630 Εἰκότως
565 1564 694 1634 γοῦν
744 1567 839 1619 καὶ
878 1565 1177 1636 ἀνέκραγεν
1221 1568 1253 1636 ἡ
1292 1564 1414 1634 ἱερὰ
1460 1564 1715 1634 σάλπιγξ·
1777 1566 1856 1619 Τὰ

269 1657 497 1728 ἀρχαῖα
525 1657 852 1726 παρῆλθεν·
888 1656 1017 1711 ἰδοὺ
1064 1656 1274 1726 γέγονε
1320 1655 1391 1709 τὰ
1425 1654 1621 1709 πάντα
1657 1656 1852 1712 καινά.

268 1752 390 1806 Καὶ
421 1750 473 1804 τί
523 1752 777 1823 ἐννοήσω,
812 1751 844 1822 ἢ
882 1750 934 1803 τί
965 1749 1182 1821 λαλήσω
1216 1747 1438 1815 ἐπάξιον
1472 1749 1570 1819 τῆς
1617 1750 1851 1820 ἡμέρας,

1955 552 2030 605 nit
2065 552 2137 618 ¹³;
2178 552 2423 621 vivatque
2453 558 2506 605 et
2534 551 2787 607 animata:
2829 566 2990 617 arcae,
3023 568 3122 608 ceu
3144 556 3524 625 pr0pitiatorio

1955 645 2223 710 insidens,
2259 660 2457 715 pompa
2492 645 2547 698 in
2576 653 2723 698 terra
2774 644 3040 715 procedit.
3079 644 3232 702 llanc
3276 647 3526 717 publica-

1951 752 2061 793 nus
2091 736 2438 805 contingens,
2486 734 2670 805 justus
2720 736 2922 791 evadit.
2982 735 3122 791 Huic
3168 753 3228 793 se
3266 739 3522 797 meretrix

1956 830 2260 900 applicans,
2286 829 2434 883 velut
2460 843 2601 883 nova
2640 828 2859 884 lictione
2887 837 3040 885 casta
3071 831 3339 885 redditur.
3373 830 3526 888 llane

1955 924 2205 992 leprosus
2234 929 2607 985 contrectans,
2660 922 2780 977 sine
2812 921 3002 978 dolore
3043 938 3232 987 sanus,
3268 925 3414 979 velut
3444 938 3529 980 re-

1956 1014 2195 1069 cuditur.
2241 1012 2527 1068 Neminem
2575 1015 2806 1083 repellit,
2855 1016 3124 1070 neminem
3157 1016 3525 1073 abominatur.

1954 1104 2270 1177 lmpertitur
2290 1109 2582 1174 sanitates;
2615 1123 2722 1161 non
2741 1110 3031 1179 participat
3048 1109 3250 1179 aliquid
3277 1111 3523 1167 noxium.

1957 1196 2433 1267 Propensissimus
2461 1195 2606 1251 enim
2640 1211 2769 1266 erga
2798 1198 3047 1252 homines
3073 1197 3335 1254 Dominus
3373 1200 3436 1253 .in
3462 1215 3528 1257 ea

1954 1287 2269 1358 requiescit.
2310 1286 2450 1341 Sunt
2478 1286 2595 1341 haec
2625 1302 2779 1342 nova:
2810 1288 2997 1355 gratia:
3026 1303 3275 1345 munera.
3311 1287 3426 1344 Hoc
3447 1306 3530 1345 re-

1955 1395 2089 1435 cens
2117 1395 2428 1450 novumque
2461 1379 2661 1435 accidit
2714 1381 2817 1435 sub
2860 1382 2975 1437 sole
3015 1382 3094 1452 “‘;
3162 1399 3263 1439 nec
3291 1383 3421 1438 olim
3453 1382 3532 1438 fa-

1956 1481 2126 1535 ctum,
2154 1487 2255 1526 nec
2283 1480 2407 1542 post
2429 1471 2694 1527 futurum.
2727 1471 2881 1538 Quod
2907 1488 3006 1543 pro
3029 1489 3130 1529 sua
3160 1473 3307 1530 Deus
3340 1475 3394 1529 in
3428 1488 3533 1532 nos

1956 1564 2332 1620 misericordia
2366 1564 2750 1635 prazliniverat,
2782 1566 2963 1633 venit;
2999 1576 3053 1621 et
3103 1583 3202 1638 pro
3234 1583 3334 1623 sua
3365 1569 3532 1640 digna

1956 1671 2081 1726 erga
2115 1656 2412 1710 humanum
2448 1673 2619 1727 genus
2650 1660 3031 1729 propensione,
3087 1660 3204 1731 ipse
3262 1662 3529 1731 adimple-

1956 1747 2054 1800 vit.
2084 1747 2261 1812 Quare
2305 1748 2432 1817 jure
2466 1750 2674 1819 optimo
2748 1766 2904 1805 saera
2940 1751 3031 1804 illa
3064 1753 3193 1805 tuba
3228 1752 3468 1807 intonuit
3511 1772 3528 1810 :

269 1846 392 1906 τοῖς
442 1819 748 1912 ἀνεφίκτοις
779 1819 1257 1912 ἐπεκτεινόμενοςς
1288 1841 1448 1911 Φέρει
1484 1840 1593 1912 γὰρ
1638 1819 1855 1911 ἀεὶντῆς

1968 1837 2152 1892 Vetera
2189 1838 2553 1904 transierunt;
2591 1857 2704 1894 ecce
2734 1842 2880 1909 facta
2911 1851 3034 1895 sunt
3076 1844 3254 1896 omnia
3296 1861 3431 1899 nova
3461 1845 3527 1899 “’.

274 1935 438 2004 ἁγίας
473 1935 747 2008 Παρθένου
777 1936 810 2006 ἡ
846 1935 1034 2006 μνήμη
1068 1933 1210 1987 κατὰ
1243 1933 1441 1996 παντὸς
1472 1933 1631 2002 λόγου
1673 1933 1741 1985 τὰ
1779 1950 1859 1986 νι-

273 2029 538 2100 κητήρια,
585 2029 682 2082 Διά
711 2046 794 2081 τοι
824 2027 1000 2092 τοῦτο,
1034 2026 1365 2095 δυσωπῆσαν
1408 2027 1537 2095 ἡμῖν
1568 2024 1664 2096 τὴν
1696 2024 1857 2077 ἀσθέ-

274 2137 430 2174 νειαν
472 2120 532 2174 τὸ
584 2121 812 2192 μέγεθος
857 2118 965 2172 τῶν
1009 2117 1320 2189 ἐγκωμίων,
1363 2117 1454 2170 ἐπὶ
1496 2116 1587 2169 τὸν
1636 2115 1859 2168 δυνατὸν

275 2211 449 2286 ὕμνον
481 2213 914 2284 καταφεύγωμεν
948 2212 1042 2266 καὶ¹
1075 2211 1172 2283 τὴν
1192 2211 1445 2282 ἀκίνητον
1467 2206 1635 2281 ἧτταν
1660 2211 1860 2278 ἐγκαυ-

274 2306 579 2378 χησάμενοι
612 2307 743 2377 (59),
776 2306 855 2377 τῷ
904 2304 1169 2376 φιλεόρτῳ
1201 2302 1438 2376 Χριστοῦ
1482 2302 1719 2374 ποιμνίῳ
1763 2318 1859 2371 γε-

274 2398 507 2470 γηθότες
542 2399 1016 2471 συγχορεύσωμεν.
1049 2399 1120 2452 Σὺ
1151 2397 1207 2451 δέ
1248 2415 1357 2469 μοι,
1386 2391 1430 2450 ὦ
1465 2397 1738 2451 θειότατον
1766 2396 1861 2449 καὶ

278 2489 573 2562 ἱερώτατον
607 2491 988 2561 ἀκροατήριον.
1024 2489 1084 2542 τὸ
1117 2488 1337 2558 σιγηλὸν
1378 2488 1555 2552 ἄσκει,
1588 2488 1736 2550 ὅπως
1769 2486 1859 2539 διὰ

271 2584 388 2637 τῶν
434 2580 693 2653 πορθμῶν
736 2579 845 2633 τῶν
896 2580 1075 2633 ἀκοῶν
1128 2579 1377 2650 γαληνῶς
1431 2582 1552 2641 ταῖς
1598 2577 1860 2641 διανοίαις

276 2671 690 2743 ἐγκαθορμισθῇ
740 2671 840 2741 τῆς
891 2670 1145 2742 ἀληθείας
1195 2670 1265 2724 τὰ
1317 2668 1593 2739 ἀγώγιμα.
1640 2669 1859 2740 Ἑορτὴν

275 2769 511 2840 ἄγομεν,
541 2766 638 2836 οὐχ
683 2763 1002 2835 Ἑλληνικῆς
1026 2761 1422 2833 είκαιομυθίας,
1456 2760 1735 2830 γελοποιὸν
1768 2762 1861 2814 καὶ

277 2857 647 2929 ἐμϐρόντητον
715 2853 851 2908 θεῶν
906 2853 1146 2907 ἑστίασιν
1210 2854 1503 2925 φέρουσαν,
1564 2852 1698 2906 ἀλλά
1758 2852 1859 2923 τῆς

278 2949 546 3005 ἁστέκτου
576 2946 729 3018 δόξης
760 2945 853 3001 τοῦ
897 2945 990 3000 ἐπὶ⁵
1023 2944 1238 2999 πάντων
1271 2943 1406 2998 Θεοῦ
1454 2942 1859 3013 συγκαταϐασιν

281 3040 729 3095 ἐκπαιδεύουσαν.

1961 1930 2104 1996 Quid
2132 1946 2262 1986 vero
2292 1940 2473 1986 mente
2502 1933 2807 2002 concipiam
2834 1934 3035 2003 quidve
3063 1935 3277 2004 loquar,
3310 1936 3413 1991 hac
3447 1938 3530 1993 di-

1960 2036 2125 2091 gnum
2162 2020 2251 2075 die
2275 2020 2489 2077 enitens
2539 2023 2606 2075 ad
2651 2022 3011 2078 inconcessa?
3057 2023 3241 2078 Vincit
3286 2025 3432 2081 enim
3466 2042 3533 2084 ac

1961 2115 2121 2184 longe
2173 2122 2394 2184 superat
2453 2129 2671 2169 omnem
2722 2131 3051 2180 sermonem,
3104 2125 3305 2173 sancta:
3366 2120 3532 2190 hujus

1961 2203 2204 2275 Virginis
2238 2205 2523 2262 memoria.
2558 2204 2828 2272 Quocirca
2865 2208 3173 2263 deterrente
3204 2210 3400 2263 virium
3433 2226 3535 2265 no-

1966 2303 2204 2349 strarum
2236 2295 2661 2351 imbecillitatem
2691 2292 2909 2348 laudum
2936 2293 3107 2365 ipsius
3140 2297 3528 2365 magnitudine,

1964 2389 2032 2443 ad
2068 2390 2327 2459 hymnum
2359 2388 2533 2443 eidem
2562 2404 2660 2459 pro
2690 2390 2893 2459 ingenii
2923 2390 3094 2445 nostri
3133 2389 3391 2445 facultate
3441 2389 3539 2445 de-

1965 2480 2296 2535 cantandum
2341 2479 2753 2550 confugiamus;
2786 2497 2996 2552 nosque
3044 2482 3147 2553 ipsi
3186 2482 3539 2537 immobiliter

1963 2572 2138 2626 victos
2164 2571 2485 2641 gloriantes,
2523 2586 2631 2625 una
2664 2586 2788 2626 cum
2848 2571 2973 2628 festi
3030 2573 3277 2663 studi‘oso
3331 2572 3537 2628 Christi

1964 2678 2146 2734 grege,
2176 2662 2417 2733 tripudio
2451 2663 2732 2720 saliamus.
2788 2663 2868 2719 Tu
2912 2680 3042 2721 vero
3086 2662 3219 2719 mihi
3254 2665 3310 2719 in
3348 2664 3540 2735 primis

1966 2755 2307 2811 divinissima
2341 2757 2825 2828 sacratissimaque
2874 2760 3086 2821 concio,
3124 2760 3400 2815 silentium
3445 2774 3539 2814 co-

1966 2850 2162 2911 lito,ut
2183 2865 2279 2920 per
2301 2850 2515 2903 aurium
2534 2850 2690 2906 sinus
2721 2851 2869 2906 velut
2890 2852 3264 2922 intelligentiae
3295 2858 3535 2921 portum,

1964 2941 2210 2996 veritatis
2241 2957 2450 2996 merces
2476 2940 2689 3012 placide
2722 2942 3048 2998 subintrent.
3078 2942 3295 2998 Festum
3327 2942 3539 3012 agimus

1964 3050 2073 3088 non
2115 3050 2180 3089 ex
2212 3032 2524 3089 Griecorum
2566 3035 2722 3090 vanis
2769 3035 2990 3100 fabulis,
3019 3037 3312 3092 ridiculum
3345 3030 3541 3090 attoni-

282 3145 510 3206 tamque
558 3136 782 3189 deorum
850 3131 1159 3186 convivium
1208 3145 1392 3186 secum
1432 3129 1744 3196 adducens;
1792 3126 1888 3184 sed
1927 3127 2072 3198 quod
2103 3128 2466 3200 importabilis
2500 3129 2706 3199 gloriae,
2735 3130 2856 3199 ejus
2904 3133 2993 3201 qui
3034 3139 3110 3185 est
3149 3145 3307 3198 super
3360 3126 3542 3183 omnia

280 3230 433 3285 Deus.
470 3229 533 3295 ⁵⁸,
562 3225 819 3280 humilem
848 3225 914 3278 ad
943 3240 1045 3279 nos
1074 3224 1486 3288 demissionem,
1528 3222 1775 3279 edoceat.

354 3323 427 3375 B'.
467 3320 602 3392 Φέρε
632 3320 831 3383 τοίνυν,
866 3317 1154 3388 σεμνολόγε
1187 3315 1464 3389 κηρύκων,
1506 3318 1601 3371 καὶ
1635 3317 1856 3388 μέγιστε

2028 3306 2094 3364 ll.
2132 3307 2244 3379 Age
2272 3325 2403 3379 ergo
2426 3350 2439 3373 ,
2471 3310 2614 3363 inter
2659 3324 2939 3378 praecones
2971 3308 3296 3379 gravissime
3324 3325 3389 3365 ac
3418 3329 3539 3369 ma-

282 3410 836 3486 προφητῶν,Ἠσαῖα,
869 3407 937 3461 τὰ
978 3408 1076 3478 τῆς
1122 3406 1331 3473 ἐνδόξου
1375 3406 1733 3478 πανηγύρεως
1766 3422 1856 3475 φι-

284 3504 500 3573 λοσόφει
544 3504 609 3572 τῇ
664 3500 959 3569 Ἐκκλησία
1008 3498 1302 3570 μυστήρια,
1352 3496 1446 3551 καὶ
1477 3494 1714 3566 δαψιλῶς
1756 3496 1859 3565 ἐμ-

283 3595 586 3669 φορηθῆναι
630 3593 737 3646 τῶν
776 3590 1148 3662 ἀναφαιρέτων
1181 3588 1399 3659 ἀγαθῶν
1428 3588 1706 3660 πρότρεπε
1735 3586 1862 3648 τοὺς

284 3686 603 3749 καλλίστους
629 3685 973 3755 δαιτυμόνας,
1014 3683 1161 3745 ὅπως
1191 3680 1270 3753 τῷ
1303 3680 1453 3752 παρὰ
1498 3679 1580 3733 σοὶ
1613 3678 1861 3750 ἐσόπτρῳ

282 3780 383 3851 τὴν
413 3780 542 3850 παρ’
569 3779 699 3849 ἡμῖν
725 3775 979 3847 ἀλήθειαν
1004 3772 1340 3839 ἀντιζεύξας,
1375 3774 1451 3837 ὡς
1472 3772 1707 3843 ἀψευδὴς
1732 3771 1863 3823 ὑπο-

284 3870 481 3942 φήτης,
504 3870 660 3939 χεῖρα
690 3865 783 3917 ἐπὶ
814 3866 971 3936 χεῖρα
992 3864 1263 3936 κροτὴσῃς
1283 3862 1361 3933 τῷ
1390 3863 1530 3916 τέλει
1554 3861 1660 3915 τῶν
1693 3863 1864 3932 προρ-

289 3961 522 4034 ρήσεων·
566 3956 852 4028 Ἐγένετο,
877 3956 1032 4027 φησι,
1050 3953 1156 4008 τοῦ
1179 3953 1455 4007 ἐνιαυτοῦ
1473 3949 1544 4009 οὗ
1561 3952 1862 4007 ἀπέθανεν

302 4048 482 4115 Ὀζῖας
514 4051 546 4102 ό
575 4045 896 4112 βασιλεὺς,
925 4041 1089 4097 εἶδον
1121 4043 1229 4096 τὸν
1267 4043 1486 4110 Κύριον
1524 4042 1864 4111 καθήμενον

286 4142 387 4196 ἐπὶ
433 4141 647 4209 θρόνου
684 4139 928 4208 ὑψηλοῦ
961 4136 1058 4192 καὶ
1104 4133 1463 4203 ἐπῃρμένου,
1495 4133 1592 4188 καὶ
1625 4132 1863 4201 πλήρης

288 4236 321 4288 ὁ
347 4229 511 4299 οἶκος
546 4230 656 4300 τῆς
683 4230 867 4299 δόξης
895 4227 1100 4285 αὐτοῦ.
1137 4226 1249 4281 Καὶ
1274 4225 1534 4295 σεραφὶμ
1569 4224 1865 4293 εἱστήκει-

283 4338 408 4379 σαν
449 4324 653 4385 κύκλῳ
697 4320 912 4375 αὑτοῦ·
959 4319 1028 4385 ἐξ
1083 4318 1367 4389 πτέρυγες
1404 4317 1484 4382 τῷ
1515 4317 1626 4381 ἑνὶ,
1660 4317 1758 4371 καὶ
1793 4314 1862 4380 ἐξ

285 4411 575 4483 πτέρυγες
596 4410 677 4477 τῷ
707 4411 818 4465 ἐνί.
852 4409 961 4465 Kal
996 4409 1317 4479 ἐκέκραγεν
1353 4408 1554 4477 ἕτερος
1581 4408 1731 4475 πρὸς
1758 4406 1864 4459 τὸν

285 4504 513 4573 ἕτερον,
557 4501 654 4555 καὶ
680 4500 919 4571 ἔλεγον·
952 4501 1173 4570 Ἀτιος,
1213 4500 1398 4571 ἅγιος,
1443 4499 1610 4570 ἅγιος
1649 4500 1864 4566 Κύριος

287 4593 550 4650 Σαϐαὼθ·
600 4593 840 4662 πλήρης
888 4589 1055 4647 πᾶσα
1101 4593 1140 4661 ἠ
1180 4589 1255 4661 γῆ
1278 4591 1391 4659 τῆς
1425 4591 1610 4659 δόξης
1650 4590 1857 4644 αὐτοῦ.

1962 3399 2106 3468 xime
2139 3400 2550 3469 prophetarum,
2581 3396 2743 3465 Isaia,
2776 3399 3026 3470 gloriosae
3059 3399 3397 3455 celebritatis
3443 3418 3537 3457 sa-

1962 3499 2238 3545 cramenta
2261 3492 2535 3561 sapienter
2571 3492 2847 3557 edissere;
2885 3491 3230 3560 Optimosque
3252 3491 3538 3558 convivas,

1963 3590 2023 3636 ut
2043 3583 2336 3639 stabilibus
2376 3583 2537 3639 bonis
2570 3582 2719 3652 large
2744 3589 3153 3646 exsaturentnr,
3190 3583 3442 3652 impelle;
3480 3591 3541 3639 ut

1962 3680 2057 3727 tuo
2092 3674 2167 3728 illi
2217 3675 2442 3745 speculo
2474 3674 2755 3729 veritatem
2784 3682 3030 3729 nostram
3079 3689 3149 3728 ex
3183 3674 3415 3729 adverso
3445 3690 3544 3730 ne-

1963 3772 2146 3831 ctens,
2180 3765 2631 3837 praedictionibus
2663 3764 2875 3819 sortitis
2903 3764 3193 3818 terminum
3219 3803 3236 3829 ,
3293 3773 3350 3818 ut
3378 3781 3543 3823 verus

1962 3864 2136 3922 vates,
2168 3873 2389 3912 manum
2424 3857 2491 3912 ad
2515 3871 2735 3910 manum
2754 3856 2910 3912 laetus
2942 3857 3288 3926 complodas:
3313 3855 3541 3912 Factum

1960 3964 2076 4018 est,
2126 3952 2339 4023 inquit-,
2374 3952 2427 4005 in
2465 3966 2603 4004 anno
2642 3965 2745 4019 quo
2802 3958 3042 4003 mortuus
3074 3958 3151 4004 est
3195 3948 3356 4005 Ozias
3412 3967 3540 4018 rex,

1963 4046 2069 4100 uidi
2098 4044 2377 4099 Dominum
2409 4042 2671 4097 sedentem
2709 4057 2866 4111 super
2902 4042 3145 4095 thronum
3179 4042 3443 4097 excelsum
3487 4051 3538 4097 et

1962 4138 2218 4193 eleuatum
2243 4151 2261 4189 :
2290 4145 2337 4189 et
2358 4135 2513 4205 plena
2543 4134 2729 4189 domus
2776 4134 2947 4205 gloria
2981 4135 3116 4204 ejus.
3158 4133 3226 4189 Et
3275 4136 3540 4206 seraphim

1964 4229 2174 4284 stabant
2196 4230 2251 4281 in
2279 4228 2503 4281 circuitu
2536 4226 2649 4297 ejus
2682 4242 2700 4281 :
2729 4242 2823 4281 sea:
2841 4226 2944 4281 ala:
2963 4228 3077 4291 uni,
3099 4237 3148 4281 et
3176 4245 3266 4283 sea:
3297 4231 3399 4282 ala:
3424 4229 3538 4285 uni.

1966 4320 2035 4376 Et
2054 4319 2360 4374 clamabant
2379 4318 2517 4373 alter
2546 4317 2614 4372 ad
2648 4318 2898 4387 alterum,
2922 4329 2971 4373 et
2997 4318 3540 4388 dicebant:Sanctus,

1963 4423 2208 4477 sanctus,
2262 4421 2478 4467 sanctus
2524 4410 2783 4467 Dominus
2826 4411 3060 4466 Sabaoth
3107 4429 3124 4467 :
3173 4413 3328 4482 plena
3368 4414 3539 4468 omnis

1966 4515 2107 4559 terra
2143 4502 2315 4571 gloria
2368 4501 2502 4571 ejus.
2549 4500 2615 4554 Et
2647 4503 2904 4557 eleuatum
2948 4511 3025 4557 est
3060 4504 3466 4571 superliminare
3508 4522 3542 4560 a

1964 4613 2083 4651 uoce
2105 4612 2208 4665 qua
2238 4592 2582 4647 clamabant:
2607 4602 2655 4646 et
2680 4593 2866 4648 domus
2906 4594 3122 4663 impleta
3158 4602 3237 4649 est
3272 4594 3437 4663 fumo.
3472 4593 3544 4651 Et

286 4686 398 4744 Kal
424 4686 652 4755 ἐπήρθη
684 4686 750 4739 τὸ
774 4685 1109 4753 ὑπέρθυρον
1134 4684 1252 4738 ἀπὸ
1281 4682 1391 4752 τῆς
1411 4682 1615 4752 φωνῆς
1642 4678 1719 4753 ἧς
1740 4681 1857 4735 ἐκέ-

1964 4689 2076 4741 αἱαὶ
2104 4702 2122 4741 :
2151 4686 2194 4741 0
2227 4686 2385 4739 miser
2409 4702 2522 4755 ego,
2544 4685 2668 4755 quia
2692 4696 3033 4754 compunctus
3059 4702 3178 4740 sum
3202 4701 3220 4738 :
3241 4687 3367 4757 quia
3386 4686 3543 4744 homo

289 4796 533 4851 κραγον,
566 4778 663 4831 καὶ
695 4780 727 4831 ό
775 4772 935 4841 οἶκος
968 4774 1245 4843 ἐπλήσθη
1281 4776 1534 4831 καπνοῦ.
1567 4775 1677 4830 Kal
1700 4771 1856 4829 εἶπα·

286 4867 363 4928 Ὦ
402 4871 586 4937 τάλας
628 4869 760 4941 ἐγὼ,
805 4868 893 4922 ὅτι
936 4867 1388 4938 ωτανένυγμαι·
1429 4868 1518 4921 ὅτι
1556 4868 1865 4936 ἅνθρωπος

288 4960 392 5025 ὢν,
426 4964 523 5016 καὶ
548 4963 849 5032 ἀκάθαρτα
873 4963 1043 5031 χείλη
1070 4961 1246 5031 ἔχων,
1269 4962 1338 5014 ἐν
1360 4963 1528 5032 μέσῳ
1554 4963 1706 5015 λαοῦ
1729 4960 1867 5016 ἀκά-

291 5059 476 5125 θαρτα
497 5056 667 5124 χείλη
696 5055 941 5124 ἔχοντος
978 5052 1137 5118 οἰκῶ,
1170 5055 1266 5108 καὶ
1301 5054 1409 5107 τόν
1439 5053 1705 5119 ,ϐασιλέα
1742 5053 1862 5107 Κύ-

284 5163 417 5216 ριον
445 5146 687 5201 Σαϐαὼθ
722 5144 886 5201 εἶδον
910 5149 1034 5214 τοῖς
1062 5147 1390 5217 ὀφθαλμοῖς
1427 5165 1566 5216 μου.
1615 5146 1725 5200 Kal
1752 5147 1865 5201 άπ-

288 5238 517 5307 ϐστὰλη
547 5238 698 5307 πρὸς
717 5238 796 5308 μὲ
825 5239 893 5292 ἓν
917 5239 1034 5293 τῶν
1061 5241 1340 5309 σεραερὶμ,
1377 5239 1475 5293 καὶ
1504 5239 1574 5291 ἐν
1605 5236 1681 5307 τῇ
1712 5238 1863 5308 χειρὶ

1967 4796 2085 4833 cum
2118 4780 2248 4843 sim,
2271 4787 2319 4833 et
2342 4777 2617 4831 immunda
2651 4777 2794 4831 labia
2819 4777 3062 4841 habeant,
3096 4779 3152 4830 in
3175 4777 3344 4832 medio
3360 4778 3545 4849 populi

1964 4869 2242 4924 immunda
2278 4869 2422 4923 labia
2459 4868 2697 4924 habentis
2724 4868 2937 4932 habito;
2973 4880 3019 4922 et
3054 4885 3224 4938 regem
3255 4869 3540 4926 Dominum

1967 4960 2201 5016 Sabaoth
2224 4962 2332 5015 uidi
2374 4962 2541 5015 oculis
2576 4962 2725 5015 meis.
2769 4959 2839 5014 Et
2872 4962 3066 5015 missus
3089 4972 3165 5016 est
3194 4962 3262 5015 ad
3290 4980 3371 5018 me
3407 4980 3543 5018 unus

1964 5054 2027 5108 de
2067 5053 2371 5123 seraphim;
2403 5063 2453 5107 et
2481 5054 2535 5106 in
2576 5070 2738 5107 manu
2776 5070 2875 5107 sua
2907 5052 3130 5108 habebat
3165 5055 3543 5111 carbunculum

1963 5162 2113 5216 quem
2134 5100 2330 5213 foicipe
2358 5144 2481 5198 tulit
2515 5142 2579 5197 ab
2612 5144 2814 5198 altari:
2838 5153 2887 5198 et
2930 5146 3096 5216 tetigit
3141 5162 3199 5200 os
3252 5163 3451 5210 meum,
3492 5100 3570 5237 et:

1963 5238 2135 5292 dixit:
2159 5235 2291 5290 Ecce
2321 5237 2489 5308 tetigit
2511 5236 2607 5290 hoc
2624 5235 2768 5291 labia
2803 5245 2914 5304 tua,
2936 5246 2985 5293 et
3014 5238 3214 5308 auferet
3240 5240 3544 5310 iniquitates

363 5414 410 5450 ⁸³
432 5413 498 5471 ΙΙ
520 5414 645 5488 Reg.
681 5432 758 5480 Vl,
791 5416 877 5470 10.
956 5416 998 5447 ⁸³
1020 5414 1179 5471 Joan.
1214 5431 1252 5479 I,
1278 5416 1378 5483 ll;
1414 5415 1564 5471 Psal.
1592 5430 1742 5478 ms,
1777 5414 1830 5470 3.

1981 5412 2156 5467 Eccle.
2191 5429 2228 5480 ι,
2256 5413 2342 5468 10.
2422 5413 2463 5446 ’⁸
2493 5412 2555 5468 II
2582 5412 2707 5473 Cor.
2742 5431 2796 5480 ν,
2818 5414 2905 5471 17.
2986 5414 3029 5446 ³⁸
3056 5412 3207 5470 Rom.
3239 5429 3315 5477 ιι,
3346 5411 3404 5470 5.

368 5598 481 5667 (38)
503 5594 820 5665 Προώρισε.
852 5593 1051 5667 ncesse
1083 5594 1294 5667 videtur
1319 5595 1367 5648 ὃ.

368 5662 479 5735 (50)
511 5662 629 5736 Τὴν
654 5662 938 5735 ἀκίνητον
965 5663 1151 5737 ἧτταν
1186 5662 1722 5737 ἐγκαρχηονάμενοι.
1776 5663 1867 5720 Sic

298 5734 640 5791 retznemlum
704 5734 951 5799 videtur,
991 5734 1263 5805 ‘quidquid
1323 5734 1555 5788 Paulino
1615 5734 1867 5789 videatur

298 5813 617 5862 mutandum
660 5809 742 5872 τὸ.
794 5806 1072 5873 ἁκ-ίντ,τον
1126 5807 1179 5861 in
1236 5806 1541 5875 ἁν-ίκητον,
1574 5806 1866 5878 minusque

1964 5596 2111 5650 bene
2140 5594 2354 5656 reddat,
2380 5595 2571 5651 invicto
2594 5599 2689 5652 hoc
2714 5597 2995 5652 certamine
3015 5596 3195 5654 uictos,
3219 5597 3326 5645 etc.
3359 5589 3544 5662 Signi-

1974 5668 2168 5720 licatnr
2193 5667 2466 5721 excellens
2496 5668 2702 5723 Christi
2747 5666 2973 5722 victoria
3021 5664 3348 5729 laudumque
3399 5666 3542 5733 ejus,

1971 5752 2079 5807 qua
2113 5736 2375 5812 immobili
2397 5780 2422 5812 ,_
2451 5745 2509 5790 ut
2542 5755 2650 5794 non
2682 5738 2856 5812 possit
2885 5749 2997 5789 non
3049 5734 3329 5801 obtinere,
3384 5735 3545 5791 nobis

1970 5807 2349 5877 gratulandum
2380 5807 2472 5863 sit.
