3962 6278
392 340 490 397 551

1362 328 1420 385 S.
1461 326 1794 385 METHODII
1829 324 2133 383 EPISCOPI
2172 322 2260 378 ET
2302 313 2658 376 MARTYRIS

3504 306 3610 362 351

388 461 532 516 tuas,
566 458 617 505 et
639 461 851 518 peccata
873 458 965 501 tua
990 447 1452 518 circumpurgabit.
1479 445 1546 499 Et
1578 446 1754 500 audivi
1774 461 1945 500 vocent

2059 439 2231 496 αὐτοῦ
2270 433 2434 506 εἶχεν
2469 434 2753 501 ἄνθρακα,
2785 427 2858 481 ὃν
2892 426 2967 494 τῇ
2993 422 3190 480 λαϐίδι
3236 421 3451 476 ἔλαϐεν
3490 418 3608 473 ἀπὸ

385 544 603 599 Domini
627 543 844 596 dicentis
872 556 890 593 :
914 540 1078 607 Quem
1094 542 1302 595 mittam
1319 542 1345 595 ?
1363 549 1411 594 et
1433 539 1549 609 quis
1575 538 1670 592 ibit
1693 537 1761 591 ad
1781 554 1946 607 popu-

386 637 498 692 lum
526 638 705 692 hunc?
736 634 803 687 Et
838 634 950 687 dixi
976 651 992 687 :
1020 633 1149 689 Ecce
1179 650 1300 703 ego,
1345 633 1491 686 mitte
1519 648 1618 685 me.
1664 629 1731 684 Et
1767 630 1899 684 dixit
1927 644 1944 682 :

395 729 568 793 Vade,
602 737 651 782 et
692 727 776 779 dic
809 725 998 795 populo
1020 725 1179 779 huic:
1214 723 1413 777 Auditu
1458 723 1713 787 audietis,
1750 733 1799 777 et
1844 741 1946 778 non

383 820 686 890 intelligetis
708 833 725 870 :
744 827 792 871 et
814 817 1040 871 videntes
1062 815 1321 876 videbitis.
1344 822 1393 868 et
1414 830 1517 868 non
1535 814 1857 882 perspicietis
1881 815 1943 868 *7.

386 909 525 964 Sunt
552 922 717 978 porro
742 908 854 961 haec.
875 907 1148 976 prOpheta:
1176 920 1272 975 per
1301 903 1561 973 Spiritum
1586 904 1948 974 praenuntiata

381 1000 624 1054 oracula.
660 996 741 1052 Tu
769 1012 895 1053 vero
952 997 1106 1061 mihi,
1136 996 1456 1052 charissime
1477 1035 1492 1059 ,
1539 994 1648 1049 vim
1680 994 1947 1048 dictorum

382 1089 695 1152 considera,
743 1094 803 1142 ut
831 1094 1291 1143 sacramentorum
1320 1093 1573 1141 eventum
1604 1084 1945 1154 assequaris;

382 1180 714 1250 noverisque
751 1180 875 1250 quis
897 1186 1242 1250 quantusque
1275 1177 1349 1232 sit
1377 1183 1563 1231 noster
1595 1175 1683 1230 hic
1712 1190 1948 1230 conven-

385 1282 494 1328 tus.
529 1271 776 1345 Cumque
806 1273 1068 1342 propheta
1112 1272 1239 1326 olim
1283 1268 1608 1323 miraculum
1653 1268 1725 1323 sit
1751 1268 1949 1323 vatici-

386 1372 568 1430 natus,
619 1381 719 1435 age
750 1373 831 1429 tu,
878 1378 1092 1419 summo
1131 1363 1324 1417 ardore
1372 1361 1647 1431 animique
1684 1362 1869 1416 laetitia
1896 1369 1951 1415 et

383 1455 687 1519 alacritate,
722 1455 1023 1525 perspicaci
1050 1453 1416 1524 intelligentia:
1450 1461 1553 1507 tua:
1580 1452 1761 1516 oculo,
1788 1451 1952 1508 Beth-

383 1544 561 1601 lehem
597 1547 743 1600 illam
774 1560 1034 1616 perquam
1066 1545 1323 1615 inclytam
1343 1544 1463 1610 adi;
1497 1542 1952 1612 manifestamque

384 1640 482 1694 tibi
510 1646 606 1693 tuo
633 1639 814 1692 animo
841 1649 1014 1694 tecum
1041 1636 1332 1707 imaginem
1355 1635 1575 1706 elIinge,
1609 1635 1952 1705 prophetiam

385 1745 509 1785 cum
546 1730 663 1799 ipso
701 1744 882 1784 rerum
927 1735 1123 1784 eventu
1152 1742 1505 1797 componens.
1540 1725 1747 1796 oNeque
1779 1728 1947 1792 enim,

2048 532 2152 587 τοῦ
2190 527 2641 594 θυσιαστηρίου,
2668 522 2767 575 καί
2796 520 2993 589 ἥψατο
3021 516 3127 571 τοῦ
3152 516 3446 585 στόματός
3466 531 3606 584 μου,

2046 619 2144 674 καί
2175 619 2360 673 εἶπεν·
2406 613 2560 671 Ἰδοὺ
2597 612 2793 680 ἥψατο
2836 609 3010 662 τοῦτο
3041 604 3159 660 τῶν
3189 604 3438 675 χειλέων
3471 621 3608 669 σου,

2046 713 2147 767 καί
2185 708 2398 780 ἀφελεῖ
2436 707 2541 772 τὰς
2582 704 2833 772 ἀνομίας
2877 716 3013 763 σου,
3045 699 3142 753 καί
3182 699 3289 764 τὰς
3328 697 3611 765 ἁμαρτίας

2047 816 2162 857 σου
2199 795 2613 868 περικαθαριεῒ.
2644 792 2750 848 Kal
2770 791 3009 861 ἤκουσα
3031 788 3138 858 τῆς
3164 786 3365 858 φωνῆς
3393 787 3611 855 Κυρίου

2046 894 2352 964 ,λέγοντος
2405 891 2543 945 Τίνα
2575 885 2949 947 (invocatio);
2984 882 3082 936 καί
3127 883 3218 947 τις
3261 880 3614 947 πορεύσεται

2048 984 2199 1053 πρὸς
2223 984 2329 1037 τὸν
2351 980 2505 1036 λαὸν
2527 979 2765 1041 τοῦτον;
2787 974 2899 1030 Kal
2921 970 3078 1028 εἶπα·
3135 970 3281 1025 Ἰδοὺ
3315 968 3450 1039 ἐγὼ,
3475 968 3615 1023 ἀπό-

2048 1076 2288 1131 στειλόν
2305 1091 2401 1144 με.
2436 1071 2546 1126 Kal
2573 1066 2719 1124 εἷπε·
2752 1067 3036 1136 Πορεύου,
3061 1063 3159 1117 καί
3189 1057 3358 1115 εἷπον
3384 1058 3464 1124 τῷ
3486 1056 3614 1122 λαῷ

2052 1169 2258 1231 τούτφο
2308 1162 2477 1233 Ἀκοῇ
2509 1162 2833 1228 ἀκούσητε,
2875 1156 2980 1211 καὶ
3021 1158 3093 1210 οὐ
3120 1153 3206 1222 μὴ
3236 1149 3482 1218 συνῆτε⁸
3514 1149 3613 1203 καί

2042 1257 2382 1324 ,βλέποντες
2409 1253 2705 1321 βλέψηιτε,
2751 1249 2850 1303 καί
2882 1248 2953 1301 οὐ
2976 1245 3060 1316 μὴ
3091 1244 3274 1310 ῑδητε.
3306 1236 3489 1295 Ταῦτα
3517 1236 3611 1291 τοῦ

2050 1354 2328 1425 προφήτου
2358 1348 2448 1402 διὰ
2482 1345 2576 1400 τοῦ
2616 1342 2929 1414 Πνεύματος
2957 1340 3026 1393 τὰ
3051 1334 3507 1425 προκηρύγματα.
3541 1330 3611 1383 Σύ

2048 1423 2105 1499 δέ
2129 1462 2239 1516 μοι,
2262 1440 2534 1512 άγαπητὲ,
2560 1437 2753 1491 σκόπει
2776 1433 2882 1488 τῶν
2903 1429 3204 1503 εἰρημένων
3232 1427 3331 1497 τήν
3363 1423 3610 1516 δύναμιν,

2051 1514 2141 1590 ἵνα
2167 1535 2386 1607 συνίσῃς
2421 1530 2530 1585 τῶν
2564 1526 2876 1600 μυστηρίων
2908 1523 3008 1594 τὴν
3041 1520 3282 1584 ἑκϐασιν,
3313 1516 3405 1570 καὶ
3436 1514 3611 1587 μάθῃς

2049 1627 2135 1692 τίς
2160 1628 2255 1681 καὶ
2297 1622 2513 1694 ποταπὴ
2540 1619 2695 1692 ήμῶν
2738 1619 2772 1688 ή
2820 1613 3181 1684 συνάθροισις.
3216 1609 3327 1662 Καὶ
3370 1623 3612 1679 προχρη-

2057 1718 2377 1791 ματίσαντος
2420 1714 2514 1769 τοῦ
2563 1711 2844 1785 προφήτου
2886 1706 2947 1759 τὸ
2985 1703 3189 1774 θαῦμα,
3235 1698 3394 1771 δεῦρο
3433 1694 3607 1761 ἄπιθι,

384 1790 581 1875 multis
608 1820 706 1874 tibi
735 1820 913 1874 verbis
942 1836 1078 1888 opus
1103 1790 1375 1874 fuerit-ad
1410 1818 1578 1873 totius
1629 1790 1709 1873 rei
1761 1790 1952 1888 cogni;

2059 1790 2144 1867 καὶ
2172 1808 2465 1882 πρόσϐαινε
2512 1803 2819 1877 θερμότατα
2864 1798 2958 1853 καὶ
3002 1794 3331 1867 φαιδρότατα
3363 1791 3456 1888 καί.

387 1913 589 1967 tionem
619 1911 1078 1981 consequendam,
1112 1911 1272 1964 modo
1293 1910 1360 1966 iis
1382 1925 1501 1980 qua:
1530 1910 1641 1964 illic
1663 1919 1948 1980 geruntur,

386 2001 586 2055 mentis
607 2000 795 2054 oculos
824 2000 1111 2071 diligenter
1137 1999 1408 2055 advertas.
1455 1999 1648 2054 Omnia
1682 2000 1950 2069 siquidem

385 2100 506 2144 sunt
568 2090 717 2144 obvia
762 2090 1202 2159 intelligentibus,
1267 2098 1317 2142 et
1372 2098 1515 2143 recta
1573 2089 1950 2143 invenientibus

384 2179 662 2233 scientiam
692 2181 756 2233 η.
788 2180 926 2234 Ecce
958 2180 1132 2245 enim,
1187 2194 1285 2235 ceu
1331 2182 1562 2235 thronus
1603 2179 1854 2234 sublimis
1898 2187 1951 2233 et

385 2268 649 2333 elevatus,
681 2270 751 2325 ob
783 2271 901 2340 ejus
930 2271 1157 2341 gloriam
1186 2270 1279 2340 qui
1311 2277 1393 2326 est
1425 2269 1751 2333 fabricatus,
1786 2269 1952 2342 Virgo

387 2358 559 2415 Mater
581 2362 695 2429 regi
722 2360 946 2417 Domino
978 2359 1239 2425 Sabaoth,
1268 2360 1669 2432 spectatissima
1697 2361 1809 2417 illic
1840 2371 1953 2416 sta-

387 2454 581 2507 tuitur.
612 2451 788 2523 Super
823 2454 915 2515 illo
945 2469 1093 2508 nunc
1133 2454 1202 2508 ad
1249 2460 1301 2508 te
1327 2453 1628 2507 venientem
1681 2453 1735 2507 in
1788 2469 1952 2509 carne

385 2545 674 2601 Dominum
704 2546 972 2616 perspice.
1022 2544 1198 2615 Super
1242 2547 1371 2610 illo,
1422 2544 1673 2615 virginali
1729 2544 1950 2615 inquam

385 2638 605 2700 throno,
626 2653 749 2691 eum
778 2652 1036 2692 venerare
1059 2637 1152 2708 qui
1184 2652 1377 2692 novam
1408 2637 1550 2692 hanc
1590 2637 1952 2706 omnibusque

387 2727 641 2781 laudibus
670 2728 1100 2798 prosequendam
1146 2730 1210 2781 ad
1258 2736 1310 2782 te
1350 2726 1742 2798 profectionem
1788 2726 1943 2780 adur-

388 2819 559 2872 navit.
616 2818 988 2889 Circumspice
1032 2835 1161 2874 vero
1216 2819 1337 2875 ﬁdei
1394 2820 1599 2886 oculis;
1636 2821 1951 2889 regiumque

387 2911 549 2965 etiam
584 2911 716 2966 illud
753 2911 1159 2981 seraphicorum
1193 2912 1502 2981 spirituum,
1533 2927 1629 2966 ceu
1662 2909 1950 2966 sacerdotii

388 3000 535 3073 lege,
570 3000 621 3055 ei
652 3016 867 3064 comes,
914 3000 1234 3070 obsequium
1272 3008 1544 3055 occurret.
1592 2999 1751 3053 Amat
1804 2999 1951 3053 enim

2054 1880 2348 1973 θυμότατα,
2379 1902 2444 1969 τῇ
2478 1896 2721 1966 ὀξυωπίᾳ
2752 1893 2851 1963 τῆς
2881 1886 3118 1950 διανοίας
3146 1885 3239 1937 ἐπὶ
3266 1884 3362 1954 τὴν
3397 1880 3614 1973 εύκλεεῖ

2054 1969 2253 2066 στάτην
2295 1990 2560 2063 Βηθλεέμ·
2608 1988 2703 2041 καὶ
2747 1981 3100 2039 άνατύπωσαι
3142 1974 3353 2046 σεαυτῷ
3395 1969 3612 2066 ἐμφανῆ

2051 2063 2256 2147 εἰκόνα,
2290 2087 2356 2156 τῇ
2386 2080 2608 2135 ἐκϐάσει
2640 2077 2747 2132 τῶν
2789 2073 3126 2145 πραγμάτων
3155 2069 3252 2138 τὴν
3281 2063 3614 2156 προφητείαν

2054 2154 2384 2249 συγκρίνων·
2416 2173 2476 2226 οὐ
2502 2170 2610 2242 γὰρ
2637 2169 2806 2241 δεήσῃ
2837 2163 3061 2237 μακρῶν
3090 2161 3263 2249 λόγων
3297 2159 3376 2221 είς
3403 2154 3611 2249 ἑφόδιον

2051 2242 2321 2338 γνώσεως,
2380 2266 2490 2328 τοῖς
2545 2263 2724 2315 ἐκεῖσε
2785 2258 2966 2329 ἔργοις
3027 2248 3364 2338 ὲνατενίζωνο
3413 2242 3612 2338 Πάντα

2050 2335 2159 2431 iam
2192 2356 2410 2411 ἐνώπια
2432 2352 2541 2425 (ιο)
2571 2350 2696 2416 τοῖς
2731 2345 3033 2408 συνιοῦσι,
3061 2340 3159 2396 καί
3193 2335 3614 2431 sponsorem.

2045 2423 2332 2520 ,οἰακουσι
2362 2423 2611 2517 γνῶσιν.
2651 2441 2781 2495 Ἰδοὺ
2819 2438 2928 2509 γὰρ
2952 2433 3134 2490 αὐτόθι
3156 2431 3230 2494 ὡς
3263 2428 3449 2520 θρόνος
3468 2423 3616 2520 ἑψη-

2050 2517 2139 2607 λδς
2187 2542 2281 2595 καὶ
2330 2536 2637 2609 ἐπηρμένος
2682 2535 2748 2603 τῇ
2793 2526 3044 2603 δόξῃλτοῦ
3093 2523 3375 2579 κτίσαντος
3403 2518 3437 2588 ἡ
3467 2517 3615 2609 [Iup-
3678 2534 3681 2535 ν

2052 2635 2364 2706 θενομήτωρ
2419 2607 2797 2699 εύτρεπίζεται
2860 2615 3217 2691 φανερώτατα
3398 2607 3616 2706 βασιλεῖ

2051 2698 2248 2797 Κυρίῳ.
2264 2698 2509 2776 nemo.
2526 2698 2529 2699 ν
2544 2718 2666 2771 Ἐπὶ
2685 2713 2870 2769 τοῦτον
2897 2710 3227 2778 κατανόησον
3363 2701 3458 2797 νῦν
3482 2698 3615 2797 πρὸς

2053 2816 2112 2870 σὲ
2143 2789 2244 2869 ’διά
2277 2812 2474 2884 σαρκὸς
2523 2807 2934 2878 ἐπιδημήσαντα
2981 2799 3202 2869 Κύριον.
3266 2793 3388 2848 Ἐπὶ
3431 2789 3616 2884 τοῦτον

2048 2909 2139 2963 τὸν
2173 2882 2493 2978 παρθενικόν
2534 2917 2675 2971 φημι
2708 2899 2894 2970 θρόνον
2940 2891 3314 2964 προσκύνησον
3355 2885 3443 2939 τὸν
3477 2882 3617 2978 προς

2053 3000 2112 3053 σὺ
2140 2998 2235 3068 τὴν
2268 2997 2391 3050 νέαν
2420 2993 2623 3062 ταύτην
2649 2990 2742 3043 καὶ
2773 2987 3116 3058 πανύμνητον
3144 2977 3367 3051 πορείαν
3401 2972 3614 3027 στειλάι

384 3093 549 3148 etiam
582 3091 851 3161 ejusmodi
904 3065 1250 3157 satellitium,
1295 3093 1418 3146 talis
1463 3091 1608 3162 regis
1635 3090 1787 3160 sequi
1815 3105 1952 3161 pra:-

2059 3065 2231 3162 μενον.
2278 3081 2604 3158 Περίῦλεψσι
2633 3081 2690 3134 δὲ
2718 3083 2828 3142 τοῖς
2864 3078 2964 3149 τῆς
2995 3076 3228 3134 πίστεως
3265 3069 3493 3172 δημμασι,
3527 3065 3621 3173 καὶ

390 3184 642 3240 sentiam.
681 3182 836 3239 Unde
878 3192 932 3240 et
976 3200 1042 3240 eo
1088 3186 1240 3248 loco,
1291 3200 1403 3239 non
1455 3157 1631 3238 solum
1694 3157 1953 3237 dicuntur

2059 3157 2306 3252 εὑρήσεις
2332 3157 2460 3247 περὶ
2488 3173 2675 3226 τοῦτον
2704 3170 2797 3223 καὶ⁸
2826 3168 2914 3222 τὸν
2949 3163 3221 3237 βασιλικὸν
3243 3160 3349 3213 τῶν
3374 3157 3624 3252 caput-pip.

390 3277 643 3331 laudasse
675 3277 871 3329 trinam
908 3275 1052 3329 illam
1083 3275 1279 3330 divinae
1308 3275 1535 3329 unitatis
1556 3273 1954 3341 substantiam;

390 3382 579 3420 verum
613 3366 776 3421 etiam
801 3406 816 3429 ,
846 3381 967 3436 quas
1014 3382 1188 3430 nunc,
1226 3365 1335 3420 Deo
1357 3372 1651 3435 apparente
1672 3403 1687 3428 ,
1725 3364 1779 3417 in
1809 3371 1955 3418 terra

390 3457 658 3522 occurrit,
693 3458 855 3513 unius
886 3458 1033 3513 illius
1060 3458 1126 3512 de
1156 3465 1343 3513 sancta
1370 3456 1654 3519 Trinitate,
1701 3455 1955 3511 omnibus

391 3548 722 3602 adorandum
750 3549 1013 3617 gloriam;
1047 3549 1100 3602 in
1125 3564 1188 3603 eo
1217 3548 1359 3618 quod
1384 3547 1570 3601 dicant
1597 3566 1608 3600 :
1639 3546 1809 3600 Plena
1840 3561 1954 3599 om-

391 3641 472 3693 nis
515 3648 653 3693 terra
681 3638 853 3709 gloria
897 3637 1029 3706 ejus.
1055 3636 1339 3692 Credimus
1369 3636 1512 3692 enim
1532 3678 1548 3703 ,
1580 3634 1717 3689 Filio
1738 3642 1958 3704 propter

391 3746 494 3785 nos
548 3733 831 3786 secundum
891 3732 1215 3801 propositum
1269 3731 1311 3762 ”
1360 3731 1503 3785 facto
1560 3729 1798 3793 homini,
1851 3743 1958 3783 una

392 3822 584 3876 adesse
608 3820 1141 3883 Patrem,divinitate
1160 3818 1529 3889 inseparabili,
1563 3833 1683 3872 cum
1714 3816 1959 3887 ejusdem

392 3912 498 3983 ipsi
535 3913 787 3968 essentia:
825 3911 1049 3981 Spiritu.
1104 3910 1238 3965 Nam
1298 3912 1374 3965 ait
1402 3909 1624 3975 Paulus,
1662 3910 1750 3965 ille
1780 3925 1963 3965 sacro-

394 4020 517 4059 rum
544 4004 813 4073 interpres
850 4023 863 4057 :
900 4002 1030 4056 Erat
1061 4002 1199 4058 Deus
1237 4004 1290 4056 in
1323 4002 1533 4058 Christo
1554 4042 1570 4064 ,
1602 4000 1853 4054 mundum
1881 4018 1963 4055 re-

394 4095 684 4149 concilians
709 4095 830 4161 sibi,
863 4111 965 4149 non
994 4105 1240 4162 reputans
1265 4095 1391 4162 ipsis
1420 4093 1613 4147 delicta
1630 4093 1863 4161 ipsorum
1884 4094 1960 4161 ¹⁰;

397 4187 614 4242 Patrem
653 4188 707 4241 in
732 4185 901 4251 Filio,
934 4194 1155 4256 propter
1179 4200 1340 4240 unam
1381 4186 1733 4254 eamdemque
1772 4185 1967 4239 volun-

395 4287 564 4334 tatem
597 4294 717 4334 esse
752 4278 1065 4332 ostendens.

2062 3248 2361 3343 ἱεράτευμα
2384 3266 2515 3339 (41).
2542 3264 2804 3318 Ἔπεσθαι
2834 3261 2941 3331 γὰρ
2970 3257 3112 3327 φιλεῖ
3135 3271 3251 3315 πως
3277 3254 3341 3324 τῇ
3363 3248 3622 3343 βασιλέως

2061 3341 2333 3434 παρουσίᾳ
2373 3361 2467 3415 καὶ
2518 3360 2552 3429 ἡ
2599 3355 2801 3409 τούτων
2835 3349 3146 3425 δορυφορία.
3183 3344 3346 3399 Ὅθεν
3389 3341 3483 3395 καὶ
3530 3341 3624 3392 άν-

2063 3454 2365 3527 υμνηκέναι
2397 3451 2456 3504 τὸ
2487 3447 2785 3519 τηνικαῦτα
2824 3444 3067 3511 λέγονται
3113 3439 3171 3492 ού
3209 3437 3365 3509 μόνον
3392 3434 3452 3488 τὸ
3476 3447 3625 3504 τρισ-

2061 3546 2357 3600 υπόστατον
2380 3542 2479 3613 τῆς
2511 3539 2660 3603 θείας
2692 3536 2896 3599 ὲνάδος,
2928 3531 3062 3586 ἀλλὰ
3090 3531 3153 3604 δὴ
3186 3532 3280 3584 καὶ
3302 3529 3399 3600 τὴν
3425 3542 3624 3581 καταν-

2062 3639 2303 3709 τήσασαν
2327 3634 2399 3689 τὰ.
2425 3631 2520 3686 νῦν
2553 3631 2646 3685 ἐπὶ
2674 3630 2776 3701 γῆς
2807 3627 2893 3681 διὰ
2922 3626 3019 3697 τῆς
3046 3622 3359 3692 θεοφανείας
3383 3617 3476 3671 τοῦ
3509 3617 3627 3709 ἐνὸς

2063 3705 2160 3800 τῆς
2202 3725 2362 3795 ἁγίας
2397 3723 2624 3795 Τριάδος
2667 3721 2799 3774 πᾶσι
2829 3713 3202 3789 προσκυνητὴν
3235 3710 3409 3774 δόξαν,
3443 3710 3501 3761 ὲν
3549 3705 3627 3800 si")

2063 3797 2272 3887 λέγειν’
2320 3815 2562 3882 numq
2611 3808 2777 3866 πᾶσα
2823 3810 2859 3878 ή
2912 3806 2984 3877 τῆ
3040 3804 3151 3872 τῆς
3190 3802 3374 3869 δόξης
3420 3797 3626 3852 αὐτοῦ.

2060 3912 2433 3983 Συμπαρεῖναι
2470 3906 2577 3977 γὰρ
2621 3900 3064 3969 πεπιστεύκαμεν
3097 3894 3174 3967 τῷ
3201 3894 3269 3948 δι’
3300 3893 3447 3964 ἡμᾶς
3479 3892 3631 3983 ἐναν-

2058 3979 2409 4075 θρωπήσαντι
2441 3997 2554 4069 Υίῷ
2586 3996 2737 4051 κατὰ
2768 3992 2883 4061 τὴν
2925 3988 3205 4044 εὐδοκίαν
3231 3985 3364 4055 (42),
3398 3982 3494 4035 καὶ
3536 3979 3628 4033 τὸν

2058 4074 2409 4149 ἀδιάστακτον
2453 4088 2617 4148 αὐτοῦ
2658 4085 2876 4156 Πατέρα
2921 4081 3061 4136 κατὰ
3108 4079 3206 4150 τὴν
3245 4077 3502 4145 θεότητα,
3532 4074 3630 4127 σὺν

2057 4185 2135 4257 τῷ
2181 4183 2450 4256 ὁμοουσίῳ
2490 4178 2656 4234 αὐτοῦ
2706 4176 3003 4246 Πνεύματι.
3053 4171 3194 4236 Θεὸς
3227 4168 3357 4241 γὰρ,
3402 4166 3566 4237 φησὶν
3602 4164 3633 4215 ό

2064 4276 2387 4347 ἱεροφάντης
2439 4270 2666 4334 Παῦλος,
2723 4265 2802 4339 ἦν
2845 4267 2914 4319 έν·
2964 4265 3043 4331 τῷ
3092 4259 3341 4333 Χριστῷ*
3401 4261 3635 4347 κόσμοῗ

394 4371 587 4437 ἑαυτῷ
617 4370 1078 4435 καταλλάσσων,
1105 4369 1190 4440 μὴ
1230 4369 1603 4439 λογιζόμενος
1640 4368 1846 4435 αὐτοῖς
1877 4367 1950 4421 τὰ
2008 4344 2448 4438 παραπτώματα
2473 4362 2669 4417 αὐτῶν
2697 4379 2712 4393 ο
2735 4360 2826 4412 τὸν
2872 4357 3089 4429 Πατέρα
3116 4357 3172 4408 ὲν
3200 4352 3276 4423 τῷ
3296 4347 3411 4420 Υἰῷ
3456 4346 3544 4399 διὰ
3573 4344 3634 4397 τὸ

397 4466 456 4520 ἓν
482 4465 690 4537 θέλημα
722 4465 1021 4534 ἐμφαίνων.

469 4582 532 4637 lll
579 4580 662 4636 Tu
677 4596 803 4636 vero
833 4576 1285 4647 festiamans,qui
1306 4574 1386 4632 sic
1418 4574 1654 4645 gloriosa
1683 4572 1955 4628 Bethlehe‘

2138 4568 2210 4622 I".
2247 4566 2599 4637 Κατανοήσας
2624 4565 2700 4628 δὲ,
2739 4558 3067 4631 ὧφιλέορτε,
3103 4558 3229 4627 περὶ
3251 4557 3347 4626 τὴν
3392 4554 3635 4626 Βηθλεὲμ

398 4675 584 4730 mitiea
608 4682 659 4728 et
685 4688 807 4742 quae
835 4672 915 4726 tui
949 4685 1115 4725 causa
1145 4673 1618 4729 consummantur,
1642 4665 1963 4735 perspicias,

398 4764 717 4820 caelestibus
767 4762 963 4817 turmis
1003 4761 1235 4815 salutem
1291 4766 1440 4812 tuam
1496 4754 1785 4825 magniﬁce
1826 4756 1966 4809 cele-

399 4855 685 4911 brantibus
713 4861 821 4909 tete
849 4855 1042 4909 lubens
1070 4853 1375 4921 alacrisque
1403 4848 1657 4919 adjunge.
1683 4845 1967 4913 Quomodo

403 4950 533 5004 olim
567 4948 736 5005 David
762 4964 947 5004 coram
997 4963 1124 5003 arca
1152 4949 1221 5014 ἰ,
1246 4948 1326 5002 sic
1358 4945 1475 5015 ipse
1506 4958 1691 4997 coram
1715 4941 1965 5012 virginali

400 5041 619 5106 throno,
657 5041 811 5094 [tctus
838 5039 1067 5094 choreas
1089 5037 1295 5093 ducito.
1345 5034 1634 5088 Dominum
1682 5032 1883 5102 ubique
1913 5037 1966 5086 et

403 5145 618 5202 semper
641 5137 982 5201 praesentem,
1009 5128 1210 5199 quique
1250 5141 1280 5180 a
1315 5123 1612 5188 Themanc,
1644 5128 1704 5176 ut
1736 5123 1813 5176 ait
1839 5135 1967 5192 pro-

480 5288 519 5319 "
552 5284 689 5342 Isai.
725 5300 797 5349 v1,
836 5284 951 5339 1-9.
1027 5282 1072 5314 ¹⁸
1100 5280 1259 5335 Prov.
1293 5295 1413 5342 vm,
1435 5279 1487 5333 9.
1566 5278 1608 5309 "
1641 5275 1832 5365 Epites.
1860 5290 1899 5337 ι,
1931 5273 1987 5328 5.

475 5443 588 5514 (40)
618 5441 888 5514 Ἐνῴπια.
913 5436 1145 5514 Th_e_9d.,
1173 5435 1373 5489 εὐθεῖα.

476 5496 588 5583 illi)
616 5511 962 5583 'lepdteym.
993 5496 1184 5583 Visum
1218 5515 1308 5583 est
1329 5505 1508 5583 minus
1535 5513 1856 5583 espressum
1886 5496 1969 5579 τὸ,

407 5565 776 5637 sacerdotium.
805 5565 928 5644 Est,
960 5589 1102 5633 auct.
1139 5576 1331 5637 Arist.,
1383 5577 1415 5645 ή
1470 5565 1620 5645 περίξ
1644 5571 1770 5645 τοὺς
1815 5565 1966 5630 θεοὺς

409 5653 714 5721 ἐπιμέλεια,
748 5641 929 5708 cultus
958 5650 1051 5721 ille
1080 5657 1134 5702 et
1160 5641 1480 5721 obsequimn
1526 5641 1969 5721 religioque,_lsa-

410 5711 719 5777 «:erdotibus
741 5722 995 5781 maxime,
1023 5717 1188 5771 Deum
1220 5711 1965 5783 divinumqueexcellentiam

409 5807 477 5845 ex
512 5793 737 5847 ellcnter
766 5780 1146 5857 referentibus,
1183 5780 1826 5855 respective'adhibenda.

2070 4662 2139 4716 τὰ
2165 4661 2337 4725 οὕτως
2376 4659 2561 4723 ἔνδοξα
2586 4659 2679 4712 καὶ⁹
2710 4657 2796 4711 διὰ
2832 4656 2891 4708 σὲ
2920 4651 3235 4722 τελούμενα,
3279 4647 3635 4719 συνασμένιζε

2069 4756 2182 4816 τοῖς
2203 4750 2541 4823 ἐπουρανίοις
2569 4746 2921 4821 μεγαλοφυᾱκ
2940 4745 3034 4815 τὴν
3068 4741 3194 4814 περὶ
3230 4741 3288 4794 σὲ
3322 4737 3635 4823 ἑορτάζουσι

2073 4820 2363 4913 σωτηρίαν..
2423 4840 2627 4911 Χόρευε
2683 4836 2790 4907 πρὸ
2831 4830 3118 4905 προσώπου
3166 4826 3258 4880 τοῦ
3312 4820 3634 4897 παρθενικοῦ

2073 4912 2281 5006 θρόνου,
2310 4931 2386 4995 ὡς
2417 4930 2583 4986 πάλαι
2614 4927 2777 4984 Δαυῒδ
2811 4924 2914 4997 πρὸ
2947 4918 3232 4993 προσώπου
3249 4918 3346 4987 τῆς
3379 4912 3632 4969 κιϐωτοῦ.

2084 5000 2489 5096 ’Ᾰνευφήμήσον
2523 5020 2611 5073 τὸν
2650 5013 2961 5084 ἁπανταχοῦ
3000 5012 3228 5064 πάντοτε
3259 5005 3521 5077 παρόντα,
3547 5000 3640 5096 και

2070 5119 2134 5170 ὲκ
2166 5089 2474 5186 Θεμάνίῶς
2526 5125 2686 5181 φησιν
2718 5109 2746 5160 ὁ
2778 5103 3080 5176 προφήτης,
3128 5096 3452 5167 ἐπιφανῆναι
3500 5089 3643 5147 κατὰ

2061 5271 2105 5303 ²⁰
2140 5268 2345 5324 “Cor.
2386 5284 2438 5332 v,
2470 5263 2555 5320 l9.
2632 5264 2676 5293 “
2719 5259 2749 5315 Ι
2773 5258 2898 5329 Reg.
2932 5272 3008 5322 vt,
3045 5255 3131 5309 14.

2146 5423 2258 5496 (42)
2301 5421 2461 5496 Κατὰ
2484 5419 2620 5496 *τὴν
2669 5412 3150 5496 είςδοκίαχηΕρίι.
3189 5424 3376 5496 t,_quo
3413 5403 3638 5496 Δειξίιιᾼιίίξ.

2075 5476 2680 5564 Ne‘mp'ejustabonam
2720 5488 2869 5540 illam
2903 5483 2996 5538 Dei
3020 5476 3353 5564 voluntatem
3379 5476 3637 5564 διάξετε-

2075 5544 2412 5619 tum—salutis
2460 5544 2773 5624 hominum;
2803 5571 2868 5610 ex
2896 5569 3002 5625 qua
3028 5567 3141 5625 una
3190 5549 3369 5625 Patris
3405 5556 3466 5625 et
3492 5544 3639 5625 Filii,

2076 5615 2322 5689 ﬁdem
2354 5615 2409 5685 in
2454 5630 2592 5684 Filio
2639 5615 2821 5681 statim
2859 5615 3084 5689 cdlligit.
3118 5636 3183 5675 ex
3213 5621 3402 5673 eodem
3429 5615 3643 5689 Pauiu;

2076 5638 2292 5689 Patrem
2354 5638 2409 5685 in
2455 5638 2592 5684 Filio
2639 5638 2821 5681 statun
2859 5638 3084 5745 οοιιιῗιι,
3118 5638 3183 5675 ex
3213 5638 3402 5673 eadem
3429 5638 3643 5695 ramo;

2073 5718 2245 5772 eoque.
2272 5700 2452 5756 minus
2486 5708 2608 5769 apte
2640 5696 2919 5763 Pantinus,
2964 5711 2993 5748 o
3057 5705 3365 5761 propensam
3402 5702 3551 5741 suam
3591 5700 3646 5738 tn

2080 5791 2172 5828 nos
2207 5772 2549 5827 uoluntatem.
