3962 6278
244 366 360 423 555

1359 357 1594 422 Siilllil‘O
1634 357 1720 421 DE
1751 357 2050 425 SISIEONE
2084 365 2172 422 ΕΤ
2209 365 2418 421 ΛΧΝΛ.

3397 370 3506 426 554

245 483 431 554 σάρκα
458 478 538 552 τῷ
566 481 710 548 γένει
742 480 847 535 τῶν
885 482 1184 553 ἀιθρώττων
1216 481 1578 556 εὲὸοκήσαντα
1604 484 1821 542 Κύριον.

1930 481 2092 552 pheta
2120 483 2188 548 ”,
2224 481 2466 537 humano
2499 481 2683 552 generi
2727 483 3027 538 secundum
3078 498 3296 541 carnem
3334 489 3505 543 voluit

241 576 392 644 Λέγε
441 572 754 636 Μωσαῖκῶς
779 591 791 603 ’
839 569 1027 640 ὐῦτός
1067 592 1187 645 μου
1241 575 1406 641 Θεὸς,
1449 575 1546 630 καὶ
1590 573 1828 638 δοξάσω

239 667 459 732 αὐτὸν,
495 666 638 731 Θεὸς
663 665 768 719 τοῦ
809 669 1032 733 πατρός
1066 683 1205 735 μου,
1241 664 1337 719 καὶ
1372 666 1598 734 ὐεῦοὼσω
1622 665 1826 720 αὐτόν.

253 759 530 831 Ἐχόμενα
577 758 633 811 δὲ
682 758 790 812 τῶν
835 757 1264 830 εύχαριστηρέων
1309 758 1452 829 (45),
1488 757 1832 829 ἐξετάσωμεν

241 849 665 921 χρησιμώτατα,
688 850 771 915 τίς
798 852 832 922 ἡ
861 851 920 903 ἐν
952 849 1197 929 ξὶηθλεὲμ
1227 849 1543 922 ἐξεγείρασα
1563 852 1832 923 πρόφασις

241 942 338 994 τὸν
375 941 603 1011 βασιλέα
639 942 736 1010 τῆς
782 942 959 1014 δόξης.
990 942 1064 994 Τὸ
1106 942 1202 1013 μὲν
1224 941 1332 1014 γὰρ
1364 943 1420 996 ἐν
1452 942 1697 1014 Βηθλεὲμ
1726 960 1831 997 σω-

246 1032 503 1103 ματικῶς
517 1032 840 1104 γεννηθῆναι
858 1035 890 1104 ἡ
911 1034 1037 1106 περὶ
1069 1035 1215 1105 ἡμᾶς
1231 1034 1600 1106 εὐσπλαγχνία
1625 1036 1832 1101 ἐξεϐιά-

246 1139 386 1176 σατο
406 1123 498 1176 τὸν
518 1123 773 1177 ἀϐίαστον
792 1140 806 1154 ·
837 1123 896 1177 τὸ
914 1124 972 1178 δὲ
996 1125 1303 1179 ὑποτίτοιον
1332 1126 1666 1197 τυγχάνοντα
1696 1127 1828 1199 (44),

241 1216 341 1269 τὸν
372 1217 434 1268 ἐν
481 1215 655 1286 χρόνῳ
705 1215 950 1288 ἄχρονον,
998 1217 1092 1271 καὶ
1126 1220 1239 1281 τοῖς
1272 1220 1606 1291 σπαργάνοις
1635 1221 1831 1289 ἐγκατ-

246 1306 519 1377 εχόμενον
547 1307 850 1379 ἁκατόχως,
880 1307 1127 1379 μὲτοικόν
1161 1327 1218 1365 τε
1252 1311 1343 1364 καὶ
1376 1313 1715 1384 μετανάστην
1739 1329 1832 1381 γε-

244 1398 462 1462 νέσθαι,
480 1400 609 1453 ποία
639 1399 746 1472 ἄρα
766 1400 989 1473 γένηται
1029 1401 1276 1475 ἁνάγκη;
1313 1405 1375 1458 Ei
1405 1405 1461 1458 δὲ
1498 1404 1661 1479 βούλῃ
1686 1404 1828 1474 γνῶ-

244 1507 339 1544 ναι
369 1491 465 1544 καὶ
508 1489 685 1552 τοῦτο,
737 1484 781 1543 ὦ
813 1491 1086 1546 θειότατόν
1112 1509 1200 1563 μοι
1234 1494 1326 1546 καὶ
1364 1492 1713 1548 θεόπνευστον
1740 1495 1830 1548 σύ-

248 1598 462 1653 στημα,
486 1582 649 1636 ἄκουε
693 1580 960 1646 Μωῦσέως
989 1582 1323 1654 διαπρυσίως
1359 1583 1715 1656 κηρύττοντος
1750 1585 1829 1656 τῷ

247 1672 391 1743 λαῷ,
427 1674 520 1727 καὶ
552 1675 631 1736 εἰς
656 1672 856 1742 γνῶσιν
875 1674 973 1745 τῆς
990 1674 1301 1746 ὑπερφυοῦς
1318 1677 1620 1747 γεννήσεως
1641 1679 1829 1747 ἐγκεν-

245 1763 530 1835 τρξζοντος
573 1763 785 1829 αὐτοὺς,
826 1763 919 1817 καὶ
952 1763 1233 1833 λέγοντοςν
1275 1764 1409 1821 Πᾶν
1459 1766 1679 1834 ἄρσεν,
1736 1783 1830 1824 σι-

245 1848 498 1919 ανοῖγον
511 1849 766 1922 μήτραν,
809 1853 980 1924 ἅγιον
1015 1855 1094 1920 τῷ
1121 1858 1315 1925 Κυρίῳ
1345 1858 1732 1927 κληθήσεται.
1764 1863 1829 1915 Ὢ

242 1941 344 1995 τοῦ
369 1941 672 2014 θαύματοςῑ
717 1945 779 1998 Ὢ
816 1944 1005 2011 ,βάοος
1030 1947 1297 2001 πλούτου
1328 1949 1427 2002 καὶ
1472 1952 1693 2020 σοφίας
1727 1953 1827 2007 καὶ

241 2033 527 2104 γνώσεως
559 2034 738 2090 Θεοῦ]
795 2038 1042 2109 Ἔπρεπε
1075 2039 1184 2111 γὰρ
1217 2038 1296 2111 τῷ
1323 2042 1513 2113 Κυρίῳ
1536 2044 1703 2115 νόμου
1734 2046 1829 2099 καὶ

243 2128 544 2198 προφητῶν
608 2127 747 2182 κατὰ
786 2130 951 2200 νόμον
984 2129 1201 2185 ἅπαντα
1245 2131 1336 2185 τὸν
1366 2132 1493 2187 ίδιον
1527 2135 1827 2209 διαπράξα-

244 2220 397 2284 σθαι,
430 2220 523 2275 καὶ
559 2220 633 2293 μὴ
664 2220 931 2294 ἀθετητὴν
964 2218 1102 2276 εἶναι
1130 2224 1312 2295 νόμου,
1339 2224 1477 2281 ἀλλὰ
1504 2227 1823 2301 πληρωτήνο

244 2313 485 2384 συνάψαι
518 2331 577 2368 τε
600 2314 849 2368 ἐντεῦθεν
881 2318 946 2387 τῇ
967 2314 1061 2369 τοῦ
1085 2317 1567 2390 νόμουπεραιὼσει
1596 2321 1706 2393 (45)
1729 2324 1828 2395 τὴν

241 2407 350 2478 τῆς
379 2407 599 2480 χάριτος
631 2407 796 2462 αὑτοῦ
839 2410 1034 2481 ἀρχήν.
1072 2410 1170 2464 Διὰ
1198 2410 1356 2466 τοῦτο
1392 2414 1424 2484 ἡ
1454 2414 1728 2490 ὑπερτέρα
1751 2417 1831 2471 νό-

246 2516 355 2569 μου
388 2502 587 2571 Μήτηρ
626 2499 707 2568 τῷ
751 2501 900 2570 νόμῳ
940 2502 1260 2568 ύποκύπτει,
1304 2506 1399 2559 καὶ
1428 2508 1461 2576 ἡ
1497 2507 1703 2580 εὐαγής
1735 2510 1827 2565 τὸν

245 2592 398 2645 κατὰ
421 2591 531 2644 τῶν
561 2590 777 2658 ἁναγῶν
794 2591 1048 2658 φυλάττει
1065 2595 1289 2667 ὁρισμὸν
1316 2596 1406 2650 τὸν
1428 2600 1827 2671 τετταράκοντα

241 2682 497 2754 ἡμερῶν,
556 2681 887 2748 καὶγίνεται
952 2683 1115 2754 νόμου
1170 2686 1405 2757 ὑπήκοος
1454 2690 1484 2741 ὁ
1526 2688 1619 2742 τοῦ
1662 2690 1825 2762 νόμου

242 2773 657 2846 ὲλευθεριωτὴς,
715 2774 810 2827 καὶ
859 2775 1146 2848 προσφορὰ
1190 2779 1521 2849 προσάγεται
1565 2781 1705 2853 ὑπὲρ
1731 2782 1825 2836 τοῦ

243 2867 402 2936 ἡμᾶς
442 2865 783 2932 ἁγιάσαντος,
810 2863 1002 2935 ζεῦγος
1028 2867 1228 2938 ὀρνέων
1251 2870 1543 2942 ἀκεραίων,
1577 2875 1655 2936 εὶς
1688 2890 1827 2947 μαρ-

245 2956 438 3028 τύριον
471 2955 578 3009 τῶν
613 2956 926 3027 ἀμωμήτως
965 2958 1316 3029 προσιόντων.
1348 2961 1469 3014 Ὅτι
1504 2962 1560 3016 δὲ
1591 2963 1826 3034 άμόλυν-

246 3063 343 3112 τος
371 3049 399 3101 ὁ
419 3047 576 3111 τόκος
613 3047 706 3099 καὶ
736 3046 1044 3117 καθαρσίων
1083 3047 1392 3114 ἀνεύθυνος,
1433 3057 1700 3125 μαρτυρεῖ
1722 3073 1825 3127 μου

240 3139 328 3209 τῷ
358 3139 501 3210 λόγῳ
548 3138 791 3202 Ἡσαΐας,
819 3138 1110 3211 διαρρήδην
1136 3142 1200 3211 τῇ
1230 3140 1319 3209 ὑφ’
1342 3141 1476 3213 ἡλίῳ
1508 3144 1820 3215 κηρύττων

243 3232 400 3299 Πρὶν
417 3231 457 3301 ἢ
474 3231 591 3300 τὴν
620 3231 962 3287 ὠδίνουσαν
999 3233 1216 3298 τεκεῖν,
1243 3236 1387 3304 πρὶν
1422 3234 1461 3304 ἣ
1485 3237 1684 3291 ἐλθεῖν
1715 3238 1825 3293 τὸν

243 3324 438 3378 πόνον
470 3323 590 3378 τῶν
621 3324 870 3389 ὠδίνων,
917 3324 1189 3396 ἐξέφυγε,
1249 3328 1348 3381 καὶ
1380 3329 1583 3383 ἔτεκεν
1621 3330 1821 3398 appar.

249 3417 349 3483 Τίς
402 3416 631 3484 ἤκουσε
690 3415 998 3483 τοιοῦτον,
1059 3418 1099 3486 ἢ
1144 3418 1238 3485 τίς
1283 3417 1540 3486 ἑώρακεν
1597 3420 1823 3487 οὓτως;

258 3505 600 3575 Ἐκπέφευγε
650 3507 827 3562 τοίνυν
883 3508 916 3579 ἡ
969 3510 1210 3578 παναγία
1268 3509 1707 3584 Παρθενομήτωρ
1754 3512 1823 3567 τὰ

241 3600 552 3667 γυναικεῖα,
584 3600 680 3653 καὶ
706 3600 888 3672 πρὶνῆ
917 3602 1216 3668 τεκεῖν,είτ’
1243 3599 1336 3657 οὖν
1375 3603 1503 3658 ἄνευ
1538 3606 1822 3670 συνουσίας

180 3750 191 3759 ι
243 3689 529 3744 ωλλαὸεϊν
576 3689 709 3761 (46),
752 3690 1067 3763 Πνεύματος
1112 3693 1266 3762 ἁγίου
1306 3694 1822 3765 προνυμφεύσαντος

241 3782 340 3835 καὶ
399 3782 741 3850 ἀγιάσαντος.
789 3781 988 3836 Τέτοκε
1024 3783 1114 3836 τὸν
1146 3784 1506 3855 πρωτότοκον,
1540 3786 1634 3840 καὶ
1662 3804 1819 3857 μονο-

241 3874 376 3946 γενῆ
399 3873 492 3928 τοῦ
521 3872 734 3946 Πατρὸς
769 3873 917 3936 Υίὸν,
956 3874 1048 3928 τὸν
1076 3875 1187 3929 ἄνω
1220 3875 1520 3946 μνογενῶς
1551 3877 1682 3947 ἄτερ
1714 3895 1819 3949 μη-

239 3965 371 4038 τρὸς
403 3968 470 4020 ὲκ
508 3966 606 4036 τῆς
660 3965 934 4034 πατρικῆς
982 3965 1167 4030 οὐσίας
1199 3966 1572 4038 ὲκλάμψαντα,
1599 3970 1692 4022 καὶ
1723 3969 1821 4042 τὴν

241 4059 539 4132 παρθενίαν
569 4059 670 4131 τῆς
712 4058 947 4129 φυσικῆς
978 4057 1161 4122 ὲνάδος
1205 4060 1498 4131 ἀμέριστον
1546 4062 1637 4114 καὶ
1666 4060 1822 4115 ἀδιά-

240 4140 439 4207 στατον
466 4149 774 4221 φυλάξαντα
792 4169 806 4182 ·
833 4152 930 4206 καὶ
965 4150 1114 4206 κάτω
1145 4153 1211 4206 ὲκ
1243 4150 1578 4224 παρθενικῆς
1609 4155 1821 4210 παστά-

1859 1835 1901 1891 Β
1929 1862 2143 1908 centem
2187 1872 2201 1907 :

1931 589 2217 645 apparere,
2250 574 2449 631 faustis
2487 575 2745 631 omnibus
2771 578 2980 649 excipe.
3012 576 3108 632 Dic
3140 586 3199 632 ut
3235 578 3449 650 Moyses
3484 601 3498 638 ι

1931 664 2044 721 Iste
2070 669 2212 721 Deus
2246 676 2479 730 ψευδεῖ
2506 666 2814 736 gloriﬁcabo
2843 685 2960 722 eum
2986 684 3004 721 :
3036 668 3177 724 Deus
3204 672 3374 738 patris
3404 674 3505 728 mei

1931 765 1979 809 et
2001 755 2247 810 exaltabo
2270 772 2388 810 eum
2420 755 2484 809 ³³.
2539 753 2713 810 Porro
2759 764 2882 826 post
2908 759 3203 828 gratiarum
3244 759 3505 831 deinceps

1932 850 2201 904 actionem
2227 848 2518 905 utilissime
2549 858 2892 915 scrutemur,
2929 851 3058 921 quid
3088 867 3268 906 eausze
3300 850 3505 923 Regem

1932 940 2118 1012 gloria:
2148 941 2203 995 in
2233 939 2548 996 Bethlebem
2587 942 2955 998 suscitaverit.
2988 941 3054 996 Et
3083 944 3327 1012 quidem,
3356 952 3415 999 ut
3446 945 3506 1001 in

1930 1030 2247 1087 Betblclieni
2280 1039 2608 1101 corporatus
2629 1040 2967 1101 nasceretur,
2997 1036 3171 1106 coegit
3193 1038 3364 1090 nostri
3401 1037 3506 1092 mi-

1931 1122 2158 1188 seratio,
2191 1123 2396 1193 alioqui
2428 1124 2549 1194 cogi
2579 1126 2850 1181 nescium.
2884 1124 3103 1191 Verum,
3136 1134 3195 1181 ut
3226 1127 3406 1185 infans
3432 1129 3507 1183 la-

1930 1225 2108 1284 ctens,
2141 1216 2233 1271 ille
2267 1216 2325 1271 in
2352 1226 2597 1287 tempore
2632 1234 2829 1288 expers
2876 1221 3157 1291 temporis,
3188 1222 3390 1292 quique
3423 1222 3504 1276 fa—

1931 1308 2063 1364 sciis
2106 1323 2217 1364 non
2272 1308 2526 1364 detentus
2568 1309 2927 1377 detineretur,
2961 1312 3152 1381 pulsus
3203 1316 3380 1382 patria
3438 1329 3505 1369 ac

1930 1399 2193 1469 profugus
2216 1398 2388 1466 ﬁeret,
2422 1414 2672 1470 quaenam
2705 1399 2920 1454 demum
2955 1403 3253 1458 necessitas
3277 1419 3505 1474 compu-

1929 1490 2027 1544 lit?
2056 1488 2218 1557 Sane,
2234 1491 2350 1547 siet
2374 1497 2487 1546 haec
2508 1492 2662 1547 vobis
2676 1493 3043 1563 cognoscendi
3064 1502 3147 1550 est
3167 1497 3404 1562 animus,
3421 1495 3507 1550 di-

1927 1581 2054 1635 vina
2099 1582 2260 1652 plane
2293 1580 2516 1653 Deoque
2553 1583 2730 1638 adlata
2777 1585 2990 1651 concio,
3043 1586 3227 1640 audite
3256 1586 3501 1658 Moysen,

1929 1675 2075 1730 clare
2103 1675 2305 1746 populo
2333 1674 2718 1745 praedicantem
2739 1719 2753 1744 ,
2780 1684 2942 1747 atque
2988 1678 3057 1733 ad
3099 1678 3311 1734 eximiae
3356 1680 3505 1737 illius

1930 1765 2233 1820 nativitatis
2264 1766 2633 1835 cognitionem
2666 1767 2813 1820 velut
2857 1756 3294 1822 exstimulantem
3329 1784 3394 1824 ac
3419 1769 3505 1825 di-

2264 1851 2430 1908 Omne
2483 1854 2856 1920 masculinum,
2918 1858 3225 1926 adaperiens
3276 1857 3504 1925 vulvam,

1929 1954 2171 2002 sanctum
2198 1945 2425 1999 Domino
2454 1946 2725 2000 vocabitur
2752 1947 2818 2001 “.
2848 1945 2893 2002 Ο
2922 1963 3010 2003 res
3029 1949 3314 2004 miranda!
3347 1950 3390 2005 Ο
3420 1950 3507 2006 af-

1930 2037 2099 2091 titudo
2125 2038 2437 2092 divitiarum
2463 2046 2514 2091 et
2537 2039 2811 2106 sapientiae
2837 2049 2887 2093 et
2919 2040 3155 2095 scientiae
3177 2040 3371 2097 Dei"!
3399 2043 3505 2101 De-

1928 2131 2087 2185 cebat
2112 2129 2367 2186 videlicet
2413 2127 2709 2185 Dominum
2759 2131 2892 2202 legis
2920 2140 2974 2187 et
3003 2134 3412 2204 prophetarum,
3442 2146 3505 2195 ut

1924 2223 2077 2294 juxta
2109 2222 2385 2294 propriam
2410 2222 2531 2292 ipse
2561 2221 2734 2293 legem
2757 2224 2943 2278 omnia
2971 2226 3298 2291 conﬁceret,
3326 2241 3504 2298 neque

1929 2315 2133 2372 faceret
2163 2315 2399 2379 irritam,
2426 2314 2523 2371 sed
2551 2315 2734 2384 potius
2760 2316 3007 2386 impleret
3043 2334 3057 2371 :
3099 2332 3163 2372 ac
3194 2318 3392 2375 dehinc
3427 2320 3505 2374 le-

1929 2409 2014 2479 gis
2078 2409 2339 2473 termino,
2385 2408 2574 2478 gratiaa
2613 2422 2728 2463 suae
2786 2409 3114 2481 principium
3160 2411 3499 2482 adjungeret.

1927 2500 2315 2567 Quamobrem,
2343 2501 2446 2572 legi
2476 2502 2731 2571 superior
2759 2500 2932 2557 Mater
2952 2519 3012 2558 se
3044 2503 3147 2574 legi
3179 2505 3452 2559 submittit
3481 2522 3500 2563 ε

1928 2602 2228 2664 sanctaque
2261 2593 2352 2647 illa
2385 2593 2719 2664 mundaque,
2748 2602 2964 2664 tempus
2988 2596 3351 2666 quadraginta
3385 2596 3504 2652 diie-

1925 2703 2048 2742 rum
2078 2687 2135 2741 in
2167 2686 2404 2757 pollutas
2443 2688 2823 2755 constitutum,
2847 2689 3102 2743 observat
3127 2705 3141 2742 :
3167 2702 3232 2743 ac
3272 2688 3367 2758 qui
3398 2687 3499 2743 ab-

1927 2779 2092 2835 solvit
2139 2793 2170 2833 a
2222 2779 2361 2849 lege,
2396 2779 2498 2850 legi
2540 2780 2822 2849 subjectus
2856 2780 3088 2835 efﬁcitur
3117 2798 3130 2835 :
3165 2779 3501 2851 oﬂ'erturquo

1926 2887 2025 2941 pro
2055 2885 2123 2926 eo
2173 2870 2266 2942 qui
2311 2886 2414 2926 nos
2471 2873 2855 2940 sanetiticavit,
2899 2888 2998 2944 par
3029 2874 3210 2927 avium
3264 2872 3499 2928 munda-

1924 2978 2047 3019 rum
2077 2964 2143 3028 ’°,
2176 2964 2232 3018 in
2252 2979 2441 3020 eorum
2468 2965 2838 3020 testimonium
2871 2965 2965 3036 qui
2990 2966 3175 3022 mundi
3211 2966 3500 3037 inculpati-

1926 3073 2033 3129 que
2064 3058 2416 3114 accedebant.
2462 3058 2619 3126 Quod
2668 3074 2800 3115 vero
2848 3058 3169 3129 impollutus
3208 3058 3374 3115 fuerit
3407 3059 3499 3116 ille

1851 3181 1893 3238 C
1929 3161 2138 3221 partus.
2159 3165 2261 3206 nec
2288 3152 2660 3222 piacularibus
2692 3151 2887 3206 hostiis
2913 3152 3202 3216 obnoxius,
3236 3152 3393 3207 testis
3410 3159 3497 3209 est

1926 3242 2118 3310 Isaias,
2141 3244 2346 3299 diserte
2372 3245 2642 3299 universae
2669 3244 2771 3299 sub
2800 3244 2913 3299 sole
2942 3254 3097 3299 terra:
3126 3243 3455 3300 denuntians
3475 3261 3497 3300 ι

1925 3338 2241 3406 Antequam,
2272 3337 2467 3406 inquit,
2504 3345 2596 3389 aut
2635 3337 2934 3405 parturiens
2975 3338 3174 3405 pariat,
3215 3345 3305 3389 aut
3345 3346 3496 3390 ante-

1924 3443 2086 3498 quam
2140 3427 2309 3481 veniat
2357 3427 2509 3481 labor
2535 3426 2800 3497 pariendi.
2828 3428 3034 3497 effugit,
3067 3438 3116 3481 et
3138 3428 3333 3495 peperit
3379 3443 3497 3480 ma-

1925 3517 2150 3572 sculum.
2184 3517 2314 3584 Quis
2354 3518 2459 3572 tale
2485 3518 2611 3590 quid
2656 3518 2902 3574 audivit?
2926 3528 3016 3572 aut
3045 3521 3160 3590 quis
3202 3517 3374 3573 simile
3415 3520 3495 3573 ui—

1926 3606 2336 3679 dir"?EtIugit
2363 3623 2495 3679 ergo
2547 3623 2668 3680 qua:
2704 3617 2834 3664 sunt
2876 3609 3163 3663 muliebria
3211 3610 3499 3665 sanctissi-

1926 3713 2015 3753 ma
2047 3697 2211 3771 Virgo
2240 3699 2431 3765 Mater,
2465 3710 2757 3771 antequam
2797 3702 2960 3757 etiam
3014 3707 3269 3772 pareret:
3306 3708 3363 3756 ut
3404 3702 3493 3757 ni-

1924 3791 2148 3858 mirum,
2176 3790 2384 3862 Spiritu
2436 3802 2625 3848 sancto
2662 3809 2782 3849 eam
2825 3794 2929 3850 sibi
2949 3795 3063 3864 jam
3102 3803 3228 3852 ante
3257 3795 3497 3866 despon-

1923 3888 2080 3937 sante
2110 3889 2167 3936 et
2218 3880 2620 3947 sanctificante,
2670 3881 2877 3953 absque
2913 3883 3055 3936 virili
3102 3883 3493 3953 congressione

1922 3971 2254 4041 conciperet.
2316 3970 2534 4042 Peperit
2578 3972 2668 4026 illa
2721 3972 3166 4043 primogenitum,
3205 3981 3259 4029 et
3312 3971 3493 4033 Patris

1924 4064 2265 4135 unigenitum
2308 4063 2504 4119 Filium
2536 4085 2551 4121 :
2585 4081 2732 4134 eum,
2764 4067 3013 4137 inquam,
3044 4067 3137 4137 qui
3165 4068 3222 4122 in
3254 4069 3488 4139 superis.

1923 4157 2179 4229 unigene,
2198 4158 2403 4229 absque
2417 4166 2609 4227 matre,
2628 4175 2693 4215 ex
2717 4168 2946 4239 paterna
2965 4161 3272 4217 substantia
3291 4162 3487 4230 eluxit;

312 4333 361 4364 ”
388 4331 528 4387 Hab.
553 4346 638 4398 ιιι,
714 4330 768 4387 5.
843 4331 891 4365 ³⁸
921 4328 1096 4391 Exod.
1127 4348 1219 4399 xv,
1242 4331 1298 4388 2.
1369 4332 1418 4365 ’⁸
1440 4330 1617 4391 Exod.
1650 4349 1821 4391 xxxrv

1925 4350 1947 4391 '.
2027 4337 2073 4371 ³⁸
2102 4335 2254 4391 Rom.
2274 4352 2353 4403 ιι,
2383 4337 2471 4393 5'5.
2546 4335 2739 4394 “Luc.
2764 4354 2828 4406 ιι,
2849 4338 2942 4394 24.
3011 4340 3054 4371 ³⁷
3080 4337 3214 4417 Iani.
3245 4355 3394 4409 uvr,
3436 4341 3487 4399 7.

311 4497 426 4570 (43)
467 4498 716 4570 Ἐ’χόμεν

240 4568 339 4626 illo
368 4571 592 4640 bymuo,
620 4568 874 4640 adrquem
908 4576 1063 4623 antea
1090 4568 1351 4626 hortatus
1398 4579 1538 4635 erat,
1566 4573 1818 4628 vincente

242 4639 549 4712 argumenti
605 4639 935 4712 majestate,
965 4649 1229 4712 quem.et
1281 4641 1648 4712 jamexegit;
1700 4652 1816 4697 uta

239 4709 895 4782 voluptate,‘adga'liquam
925 4710 1230 4767 intellectus
1263 4709 1813 4782 eruditiotteni_peﬂo-

236 4779 951 4904 bIXngMClhtidiUSDOSlel'
977 4788 1250 4850 transeat;
1278 4781 1427 4852 quod
1455 4782 1596 4839 male
1624 4779 1815 4839 Parui-—

239 4868 346 4904 nus
367 4867 401 4904 ο
443 4866 602 4904 scura
631 4892 646 4904 .

239 4868 346 4907 nus
367 4860 646 4906 obscurat.

311 4921 423 4990 (44)
464 4921 823 4975 Ὑποτίτθιον
877 4920 1273 4990 τυγχάνοντα.
1324 4921 1650 4992 Aggravatio
1673 4930 1759 4978 est
1794 4939 1808 4975 :

239 4998 301 5046 ut
334 5007 442 5045 non
465 5002 674 5045 tantum
707 4992 938 5045 voluerit
974 4994 1086 5046 fieri
1124 4993 1326 5058 infans,
1351 5002 1407 5046 et
1439 5007 1560 5061 quae
1585 5001 1714 5047 sunt
1737 4993 1815 5047 in-

238 5061 468 5117 fantium
488 5065 635 5116 velut
669 5063 981 5117 necessario
1036 5078 1357 5129 assumere;
1401 5063 1494 5117 sed
1540 5064 1702 5116 etiam
1732 5071 1812 5119 te-

238 5133 380 5188 nella
411 5133 502 5186 illa
524 5140 701 5194 aetate,
735 5132 857 5203 pelli
879 5133 1073 5203 patria.
1093 5142 1148 5188 et
1181 5133 1248 5187 ad
1278 5133 1811 5203 transjiiigrationem

238 5204 356 5273 cogi
383 5218 411 5273 :7
433 5203 680 5273 μέτοικος
708 5200 980 5273 γενέσθαι.
1009 5202 1221 5257 Metmei
1252 5203 1306 5257 in
1334 5204 1371 5258 ι.
1405 5200 1583 5265 Certa,
1632 5218 1683 5258 c.
1737 5201 1814 5259 De

233 5270 359 5344 jure
390 5270 497 5335 ne,
535 5275 570 5327 Ι.
598 5288 654 5336 x,
678 5280 805 5327 sunt
831 5274 923 5340 qui
945 5272 1103 5344 jussu
1127 5274 1431 5344 principum
1456 5275 1511 5328 in
1542 5273 1703 5326 aliam
1732 5275 1812 5327 ci-

240 5343 459 5413 vitatem
485 5358 659 5413 pruna:
682 5341 1320 5413 causatransferuntur,~
1336 5358 1635 5413 eorumque
1674 5358 1812 5413 prte-

238 5411 327 5484 dia
357 5409 748 5484 publicentur;
780 5411 815 5465 ii
838 5409 1098 5484 dicuntur
1113 5414 1520 5484 ιιι-ἀνάσπαστοι
1546 5409 1565 5468 ἓ
1605 5409 1808 5484 quibus

240 5479 503 5537 Dominus
530 5481 690 5554 Jesus
723 5482 778 5536 in
800 5479 1106 5554 AIEgyptum
1141 5481 1387 5554 fugiens,
1442 5479 1638 5540 statim‘
1672 5500 1810 5554 pene

239 5554 309 5624 ab
338 5563 485 5615 ortu,
515 5552 709 5624 similis
730 5551 859 5624 egit.
885 5542 1000 5624 Hec
1023 5552 1126 5624 hoc
1141 5542 1406 5611 Paiitinus
1434 5542 1809 5624 expressit.—

241 5621 420 5678 Monet
445 5621 804 5679 Combeiisius
825 5622 878 5675 in
898 5622 1257 5677 Emendandis
1285 5626 1351 5679 ad
1377 5621 1580 5679 calcem
1608 5624 1810 5680 Metho-

239 5692 335 5755 dii,
360 5693 498 5749 hanc
529 5703 711 5748 notam
732 5709 855 5750 esse
885 5693 1260 5767 corrigendam
1282 5710 1298 5746 :
1317 5694 1803 5767 hic_eni_n_t,‘inquit,

276 5769 387 5817 atet
410 5779 716 5820 sermonem
742 5780 866 5821 esse
894 5764 962 5820 de
993 5764 1315 5834 migratione
1340 5779 1372 5818 a
1400 5763 1712 5821 Bethleben'i
1749 5768 1806 5821 in

290 5835 573 5891 ierusalem
603 5837 670 5892 ad
697 5836 1024 5908 implendam
1054 5836 1260 5906 legem;
1291 5850 1413 5906 quae
1450 5844 1502 5895 et
1529 5836 1674 5911 ipsa_
1705 5837 1807 5893 Ini-

717 4515 755 4551 a
777 4497 846 4551 δὲ
872 4497 994 4584 τῶν
1018 4500 1510 4584 εὐχαρ-ιστηρίωντ
1546 4499 1819 4584 Nonnullo

1925 4519 2027 4584 nus
2059 4520 2368 4584 congruere
2415 4505 2632 4584 videtur
2668 4505 2919 4578 dignitati
2950 4506 3104 4576 pueri
3143 4505 3295 4571 Jesu,
3326 4507 3394 4563 ab
3423 4523 3490 4563 ea

1919 4575 2034 4630 leae
2059 4575 2336 4630 immunis.

1969 4592 2358 4717 11ίὲιῖ
2379 4644 2930 4717 νομουγπεριιιώσει.
2966 4644 3035 4699 Ut
3059 4643 3199 4698 idem
3231 4647 3301 4700 sit
3324 4655 3489 4717 atque

1914 4715 2166 4786 πέρασις,
2198 4733 2362 4772 sensu
2394 4715 2503 4786 quo
2565 4716 2763 4771 Suidas
2804 4717 3047 4785 exponit,
3102 4717 3154 4768 in
3208 4715 3423 4786 coloco
3466 4739 3481 4773 :

1914 4784 2043 4840 Δότε
2070 4786 2185 4858 βίου
2234 4784 2465 4856 πέρασιν
2509 4788 2601 4840 καὶ
2641 4784 3023 4858 καταστροφήν
3071 4802 3239 4858 τιναᾲο
3273 4784 3484 4854 Finem.

1912 4856 2132 4911 exitum.
2161 4856 2250 4913 Sic
2277 4866 2421 4913 recte
2449 4858 2700 4927 quadrat,
2740 4866 2796 4911 ut
2820 4856 2920 4926 legi
2954 4856 3168 4912 babenti
3186 4856 3297 4925 jam
3326 4860 3484 4914 linem

1915 4928 2121 4982 Christi
2160 4929 2394 4983 adventu
2423 4936 2475 4983 et
2503 4930 2908 4997 adimpletione,
2939 4929 3054 4996 ipse
3074 4927 3333 4997 adiungat
3384 4931 3488 4984 ini-

1915 5000 2050 5052 tium
2115 5001 2298 5068 gratiaa
2345 5013 2477 5061 suae,
2522 5013 2624 5052 nos
2655 4999 2745 5051 illa
2800 4998 3108 5060 absolvens,
3144 5007 3197 5052 et
3222 4998 3291 5051 ad
3322 5001 3488 5056 aliam

1915 5068 2086 5139 legem
2127 5068 2496 5139 transferens;
2527 5082 2647 5137 qua!
2673 5069 2970 5139 estgratite
2997 5069 3304 5139 inchoantis
3339 5072 3489 5127 illius

1913 5137 2209 5210 de‘sitione.
2230 5138 2368 5193 Male
2400 5137 2666 5210 Paulinus
2692 5155 2704 5190 :
2746 5138 2939 5210 Dehine
2961 5138 3030 5192 ad
3050 5140 3176 5209 legis
3202 5141 3485 5210 perfectio-

1912 5224 2051 5331 nfm.
2072 5209 2261 5279 gratia:
2282 5224 2394 5263 suae
2409 5209 2723 5278 principium
2752 5209 3057 5280 adjungere,
3087 5213 3268 5266 minus
3289 5209 3483 5265 saltem

1912 5294 1942 5331 c
1966 5293 2077 5331 are.

1912 5293 2077 5333 crare.

1983 5349 2093 5415 (46)
2135 5349 2257 5403 Εἶτ’
2296 5347 2410 5406 οὖν
2428 5349 2574 5404 ἄνευ
2598 5351 2933 5417 συνουσίας
2959 5350 3310 5406 συλλαϐεῖν.
3344 5348 3487 5405 Sunt

1910 5420 2002 5491 illa
2036 5421 2339 5487 muliebria',
2374 5437 2494 5491 qua:
2517 5432 2642 5477 ante
2676 5423 2837 5476 etiam
2896 5431 3111 5491 partum
3167 5420 3261 5474 Dei
3311 5418 3485 5491 Mater

1908 5489 2351 5579 είῖιιιὲιςβορειη
2380 5489 2494 5579 fere
2525 5494 2684 5579 meo
2713 5489 3485 5579 aruit-emeretr:spirata

1909 5563 1975 5637 a_d
2008 5558 2262 5637 Siricium
2287 5578 2500 5637 papam,
2526 5579 2557 5617 a
2590 5558 2858 5637 conceptu
2885 5558 3223 5637 virginali_ad
3243 5561 3478 5637 partum.

1907 5629 2175 5709 Bantinus
2204 5628 2481 5709 connectit
2508 5628 2884 5705 sequentibus,
2917 5628 3189 5709 quomodo
3212 5638 3369 5682 erant
3394 5632 3478 5685 vi-

1908 5703 2046 5759 tiose
2079 5711 2337 5774 punctata
2365 5703 2991 5777 Gratca,'nec_co_ngrua
3025 5703 3478 5777 prationehsen-

1906 5765 2140 5846 sumque
2171 5775 2409 5832 auctoris
2436 5765 2636 5847 ubique
2656 5765 2934 5839 subtilem,
2966 5771 3147 5826 minus
3171 5765 3371 5824 reddit.
