3962 6278
380 385 489 440 555

1337 373 1397 430 S.
1439 370 1772 429 ΜΕΤΗοοΠ
1808 368 2122 426 EPiSCOPl
2160 366 2247 421 ET
2289 363 2649 420 MARTYRIS

3516 363 3623 417 ’556

376 494 860 567 virginitatemque
897 489 1166 545 naturalis
1191 487 1419 544 unitatis
1464 486 1756 541 indivisam
1805 484 1952 539 inse-

2084 499 2139 543 ος
2197 479 2480 549 νυμφικῶς
2540 476 2816 531 ἐνώσαντα
2874 473 3052 545 ἐαυτῷ
3099 474 3189 528 τὸν
3260 475 3428 546 Ἀδὰμ
3463 477 3628 547 ἀτρέ-

376 588 789 661 parabilemque
825 581 1170 637 conservavit
1208 600 1222 636 :
1263 580 1463 651 quique
1508 578 1563 631 in
1607 576 1802 639 terris,
1850 591 1953 629 nu-

377 680 531 753 ptiali
564 676 803 748 Virginis
830 671 1242 741 thalamo,Ad:e
1269 672 1372 726 sibi
1400 679 1652 726 naturam
1687 668 1953 723 immobili

380 774 583 827 unione
612 786 710 825 ceu
740 784 978 839 sponsus
996 765 1320 836 conjunxit;
1356 779 1420 818 ac
1446 762 1637 818 Matris
1660 761 1954 832 puritatem

381 862 707 920 indivulsam
749 860 1236 929 incorruptamque
1282 855 1519 910 servavit
1572 873 1584 908 :
1625 868 1748 908 eum
1802 851 1959 905 deni—

2058 589 2204 635 πτως
2238 570 2369 642 (47),
2412 570 2506 623 καὶ
2553 566 2916 621 ἀδιάσπαστον
2953 567 3044 619 καὶ
3077 567 3348 637 ἀκήρατον
3392 567 3490 638 τὴν
3532 587 3632 642 μη-

2057 665 2248 737 τρικὴν
2289 663 2509 731 ἁγνείαν
2547 661 2977 731 διατηρήσαντα’
3033 659 3125 712 τὸν
3168 660 3279 714 ἄνω
3312 660 3629 730 ἀρρεύστως

2059 754 2415 824 γεννηθέντα,
2464 752 2558 806 καὶ
2607 750 2757 804 κάτω
2801 748 3091 821 ἀφράστως
3148 748 3425 819 τεχθέντα,
3492 748 3628 804 Ἀλλ.

2062 848 2154 900 ἐπὶ
2180 847 2240 900 τὸ
2264 845 2618 918 προκείμενον
2642 841 2995 912 ἐπανάξωμεν
3010 841 3099 894 τὸν
3127 841 3302 910 λόγον.

382 972 509 1028 que,
544 957 636 1025 qui
688 955 746 1009 in
810 953 1063 1023 supernis
1125 949 1273 1004 nulla
1327 947 1681 1017 corruptione
1722 944 1961 1014 genitus,
2020 939 2281 996 inellabili
2326 939 2383 992 in
2424 938 2578 993 hisce
2636 934 2990 990 inferioribus
3039 934 3250 989 ratione
3296 943 3461 990 natus
3522 937 3629 997 est.

384 1048 652 1104 Caeterum
688 1045 991 1098 orationem
1033 1039 1100 1093 ad
1135 1037 1477 1109 propositum
1515 1035 1863 1091 reducamus.

457 1136 547 1193 IV.
580 1137 770 1205 Itaque
800 1132 990 1187 eduxit
1040 1130 1305 1201 pmpheta
1340 1127 1618 1197 Virginem
1677 1142 1740 1181 ex
1785 1124 1961 1178 Naza-

386 1231 528 1296 reth,
552 1236 611 1283 ut
638 1228 691 1282 in
729 1225 1040 1280 Bethlehem
1074 1221 1244 1277 letum
1280 1222 1431 1274 illum
1461 1219 1755 1274 salutarem
1787 1217 1960 1271 enite-

385 1330 574 1386 retur;
626 1315 980 1385 eamdemque
1036 1313 1233 1367 iterum
1292 1310 1550 1381 prOpheta
1606 1308 1842 1371 reduxit,
1904 1316 1963 1360 ut

386 1431 537 1486 spem
573 1413 718 1466 illam
742 1409 867 1462 vitae
899 1404 1099 1460 mundo
1122 1403 1512 1458 manilestaret.
1540 1399 1766 1456 Solvens
1794 1399 1962 1468 igitur

385 1504 482 1559 Dei
514 1516 640 1557 arca
687 1515 755 1554 ex
811 1495 1258 1552 Bethlehemitico
1315 1494 1617 1548 diversorio
1649 1490 1782 1561 (illic
1813 1491 1963 1545 enim

388 1596 551 1652 solvit
603 1593 708 1662 legi
747 1590 1114 1662 quadraginta
1147 1588 1380 1653 dierum,
1434 1601 1542 1639 non
1586 1584 1831 1654 jnstitiaa,
1865 1581 1961 1636 sed

389 1685 578 1757 gratiae
608 1682 893 1752 debitum),
926 1677 1194 1749 requievit
1223 1676 1278 1729 in
1302 1674 1575 1729 montibus
1610 1673 1740 1727 Sion
1769 1693 1781 1727 :
1817 1671 1963 1726 acci-

2138 1119 2210 1170 A'.
2236 1115 2527 1186 Προφήτης
2576 1111 2864 1185 τοιγαροῦν
2895 1112 2959 1165 ἐκ
2979 1111 3230 1184 Ναζαρὲθ
3260 1096 3503 1183 ἀνήγαγε
3534 1113 3637 1187 τὴν

2064 1207 2338 1280 Παρθένον
2357 1206 2663 1276 ἀποκυῆσαι
2692 1205 2749 1258 ἐν
2780 1203 3025 1275 Βηθλεέμ
3044 1204 3105 1257 τὸ
3134 1205 3400 1276 σωτήριον
3420 1204 3628 1276 κύημα·

2065 1303 2158 1356 καὶ
2198 1301 2480 1373 προφήτης
2526 1298 2794 1369 ἐξήγαγεν
2832 1297 2940 1368 (48)
2982 1297 3279 1367 ἐμφανίσαι
3323 1297 3399 1368 τῷ
3445 1298 3635 1369 κόσμῳ

2064 1398 2163 1465 τῆς
2198 1394 2341 1464 ζωῆς
2393 1393 2490 1464 τὴν
2523 1390 2731 1444 ἐλπίδα.
2772 1388 2930 1443 Ὅθεν
2978 1388 3231 1460 ἐπάρασα
3272 1391 3336 1442 ἐκ
3380 1389 3637 1460 σταθμῶν

2068 1486 2313 1558 Βηθλεέμ
2341 1486 2374 1557 ἡ
2413 1483 2640 1546 κιϐωτὸς
2699 1480 2791 1535 τοῦ
2824 1479 2957 1533 Θεοῦ
2991 1479 3159 1551 (αὐτῷ
3190 1479 3299 1551 γὰρ
3350 1482 3635 1535 ἀπετίννυε

2067 1578 2144 1649 τῷ
2193 1578 2342 1647 νόμῳ
2364 1575 2491 1645 ’τῆς
2540 1571 3030 1645 τεσσαρακοντάδος
3069 1571 3167 1641 τὴν
3191 1573 3250 1624 οὐ
3283 1571 3422 1624 κατά
3452 1570 3635 1642 χρέος,

2066 1669 2198 1723 ἀλλά
2255 1666 2396 1721 κατὰ
2443 1666 2600 1737 χάριν
2648 1657 2917 1733 ὀφειλὴν),
2954 1661 3045 1714 ἐπὶ
3087 1660 3154 1714 τὰ
3196 1660 3294 1732 ὅρη
3327 1660 3637 1714 κατέπαυσε

389 1777 662 1849 piensque
690 1772 1002 1829 castissimo
1025 1771 1173 1831 sinu,
1207 1777 1463 1837 tanquam
1495 1764 1710 1821 sublimi
1732 1763 1965 1834 quodam

2084 1762 2169 1833 τῆς
2212 1758 2371 1824 Σιὼν,
2408 1759 2503 1812 καὶ
2550 1753 2891 1810 ἀναλαϐοῦσα
2934 1753 3374 1823 τοῖς.ἀχράντοις
3394 1751 3636 1820 κόλποις,

390 1877 446 1926 et
468 1869 759 1923 humanam
779 1879 994 1921 omnem
1017 1872 1271 1917 naturam
1304 1867 1598 1929 superante
1627 1858 1847 1922 throno,
1867 1853 1968 1909 Re-

391 1978 512 2033 gem
540 1960 690 2014 illum
729 1956 1007 2020 omnium;
1032 1954 1207 2014 illum,
1242 1950 1489 2020 inquam,
1532 1949 1743 2013 eodem,
1777 1945 1888 2000 Deo
1914 1952 1970 2000 et

394 2052 570 2119 Patri,
605 2052 806 2105 throno
839 2048 1131 2104 sublimem
1163 2043 1384 2106 Filium,
1421 2057 1524 2097 nec
1554 2041 1673 2111 ipso
1703 2038 1971 2107 exceden-

395 2155 503 2202 tem
533 2164 546 2201 :
581 2160 689 2199 una
730 2142 841 2197 illic
872 2156 994 2197 cum
1046 2146 1328 2207 assumpta
1371 2153 1437 2192 ex
1482 2135 1604 2205 ipsa
1651 2134 1973 2187 intemerata

393 2251 583 2302 carne,
614 2235 788 2290 eidem
821 2230 1192 2303 praesentavit.
1223 2228 1482 2283 Ascendit
1510 2227 1564 2279 in
1587 2225 1845 2293 templum
1879 2238 1971 2278 sa-

395 2343 491 2382 cra
523 2326 714 2393 Mater,
753 2340 953 2379 novum
986 2322 1091 2392 legi
1119 2320 1434 2376 exhibitura
1471 2316 1821 2377 miraculum,
1846 2330 1973 2383 pse-

395 2424 617 2491 lemque
667 2420 761 2474 diu
808 2418 1114 2489 quaesitam,
1166 2428 1287 2483 quae
1342 2411 1601 2466 nimirum
1653 2408 1972 2476 virginalem

397 2515 617 2572 vulvam
649 2511 884 2582 aperuit,
915 2524 1017 2564 nec
1050 2516 1233 2561 tamen
1259 2503 1584 2575 virginitatis
1602 2502 1841 2556 claustra
1863 2500 1977 2554 dis—

400 2606 587 2676 rupit:
619 2604 829 2674 prolem
877 2602 992 2672 lege
1026 2599 1386 2668 superiorem,
1418 2610 1537 2665 quae
1587 2603 1766 2648 tamen
1803 2593 1974 2661 legem

400 2695 711 2768 impleverit
737 2711 749 2748 :
784 2693 988 2763 prolem
1016 2701 1138 2746 ortu
1171 2689 1407 2760 priorem
1429 2727 1443 2751 ,
1464 2685 1930 2757 posteriorenique
1959 2701 1973 2737 :

401 2791 612 2863 prolem
652 2787 887 2856 denique
918 2800 986 2839 ex
1022 2784 1142 2852 ipsa
1188 2783 1529 2835 incarnatam
1585 2792 1755 2848 supra
1804 2777 1976 2845 legem

402 2889 633 2938 natura.
652 2877 791 2933 Nam
823 2876 1026 2945 alioqui
1049 2872 1229 2927 omnis
1250 2871 1430 2935 vulva,
1447 2885 1513 2924 ex
1536 2870 1635 2923 viri
1669 2868 1821 2938 prius
1845 2882 1979 2920 con-

400 2973 689 3046 junctione
720 2975 905 3039 aperta
932 2973 986 3021 et
1036 2965 1243 3021 semine
1292 2976 1610 3032 conspersa,
1651 2959 1981 3030 principium

404 3062 652 3137 pariendi
687 3060 892 3131 accipit
928 3077 944 3113 :
976 3057 1368 3125 doloribusque
1400 3053 1561 3108 linem
1598 3051 1776 3122 partui
1807 3051 1981 3120 impo-

406 3157 687 3219 nentibus,
721 3153 933 3207 ratione
961 3150 1176 3205 tandem
1203 3148 1488 3219 praeditum
1527 3153 1982 3200 consentaneum-

408 3266 516 3322 que
546 3258 755 3304 naturaa
776 3246 1033 3306 fructum,
1069 3241 1463 3305 Dei_Creatoris
1502 3237 1788 3308 sapientia,
1813 3235 1868 3289 in
1902 3235 1984 3288 lu-

410 3358 530 3399 cem
565 3340 880 3409 edit,juxta
924 3336 1054 3391 illud
1092 3335 1335 3390 divinum
1390 3333 1631 3388 scitum:
1667 3329 1896 3385 Crescite
1936 3339 1983 3383 et

409 3433 857 3501 multiplicamini,
893 3438 943 3485 et
993 3427 1183 3498 replete
1240 3435 1434 3480 terram
1456 3424 1543 3491 ’8;
1583 3423 1750 3494 hujus
1803 3429 1984 3475 autem

410 3537 623 3591 uterus,
656 3539 836 3595 neque
891 3523 1045 3593 prius
1095 3529 1341 3591 apertus,
1384 3532 1560 3587 neque
1612 3515 1819 3571 semine
1853 3529 1985 3568 con-

411 3633 659 3691 spersus,
695 3617 933 3671 fructum
965 3615 1118 3669 illum
1150 3627 1317 3682 supra
1362 3618 1636 3674 naturam,
1667 3616 1878 3661 natura:
1911 3616 1988 3659 ta-

411 3728 537 3768 men
572 3718 886 3782 cognatum,
912 3706 1257 3779 germinavit,
1282 3704 1444 3774 idque
1474 3703 1610 3756 citra
1646 3703 1815 3755 ullum
1853 3699 1990 3753 indi-

410 3806 582 3861 vulsae
635 3804 863 3858 unitatis
918 3800 1308 3856 detrimentum
1332 3838 1346 3863 ,
1382 3795 1450 3849 ad
1482 3795 1752 3850 intensius
1786 3793 1989 3861 impen-

412 3894 639 3965 siusque
661 3893 986 3948 miraculum
1014 3909 1028 3958 ;
1067 3891 1216 3946 salva
1248 3889 1507 3944 nimirum
1555 3887 1799 3957 pristina:
1823 3884 1988 3954 virgi—

414 3985 607 4039 nitatis
633 3983 1012 4054 praerogativa.
1036 3977 1297 4035 Ascendit
1327 3977 1491 4048 igitur
1521 3975 1575 4028 in
1598 3974 1880 4042 templum,
1898 3970 1986 4024 illa

413 4076 618 4147 templo
658 4076 874 4139 celsior,
906 4073 1180 4142 duplicem
1208 4071 1399 4125 induta
1431 4067 1662 4138 gloriam
1700 4084 1712 4119 :
1754 4065 1987 4119 inteme-

415 4176 571 4232 ratae,
597 4167 842 4236 inquam,
869 4165 1222 4235 virginitatis,
1253 4171 1307 4217 et
1338 4162 1628 4218 ineﬁabilis
1680 4158 1989 4216 fecundita-

415 4261 527 4315 tis:
576 4259 712 4328 legis
763 4256 1221 4321 benedictionem,
1261 4263 1317 4309 et
1363 4256 1553 4326 gratia:
1602 4252 1992 4310 sanctiﬁcatio-

422 4365 570 4406 nem.
603 4348 969 4415 Quamobrem
1006 4346 1081 4399 ait
1115 4346 1203 4400 ille
1232 4344 1420 4398 videns
1449 4363 1465 4398 :
1495 4343 1564 4397 Et
1596 4345 1752 4414 plena
1804 4342 1990 4395 domus

2068 1856 2143 1918 ὡς
2176 1855 2267 1907 ἐπὶ
2320 1851 2507 1923 θρόνου
2560 1846 2785 1918 ὑψηλοῦ,
2827 1845 2921 1899 καὶ
2967 1844 3064 1916 τὴν
3094 1844 3439 1917 ἀνθρωπείαν
3466 1845 3639 1916 ὑπερ-

2069 1949 2323 2001 ϐαίνοντα
2354 1943 2535 2014 φύσιν,
2587 1941 2676 1994 τὸν
2712 1938 2931 2010 βασιλέα
2970 1937 3078 1990 τῶν
3109 1937 3385 2003 ἁπάντων,
3410 1937 3487 2008 τῷ
3518 1935 3642 2010 Θεῷ

2070 2044 2163 2097 καὶ
2215 2039 2410 2111 Πατρὶ,
2443 2037 2533 2090 τὸν
2589 2033 2875 2105 σύνθρονον
2929 2029 3093 2083 αὐτοῦ
3135 2030 3230 2083 καὶ
3256 2029 3642 2102 ἀνεκφοίτητον

2070 2136 2220 2201 Υἱὸν,
2268 2129 2580 2200 ἐνεφάνισεν
2626 2127 2741 2179 ἐκεῖ
2790 2122 2927 2194 μετά
2974 2122 3073 2192 τῆς
3114 2120 3173 2186 ἐξ
3205 2120 3374 2190 αὐτῆς
3400 2121 3643 2193 προσλή-ι-

2069 2229 2215 2299 diem;
2233 2225 2503 2299 ἀχράντου
2523 2221 2657 2292 (49).
2694 2220 2932 2271 ΙἈνεισιν
2953 2215 3046 2268 ἐπὶ
3067 2214 3127 2267 τὸ
3155 2214 3296 2286 ἱερὸν
3325 2214 3496 2285 ήίερά
3521 2214 3644 2285 Μή-

2071 2338 2175 2392 τηρ
2202 2316 2498 2390 ἐμφανίσαι
2542 2312 2619 2384 τῷ
2650 2310 2799 2382 νόμῳ
2850 2309 2998 2375 ξένον
3038 2307 3239 2378 θαῦμα,
3288 2307 3382 2360 καὶ
3413 2306 3505 2359 τὸν
3549 2306 3646 2376 ζη-

2073 2413 2331 2483 τούμενον
2382 2409 2561 2469 τόκον,
2595 2404 2683 2457 τὸν
2708 2401 3045 2467 διανοίξαντα
3077 2400 3290 2470 μήτραν
3324 2396 3643 2469 παρθενίας,

2075 2511 2170 2560 καὶ
2196 2503 2420 2576 κλεῖθρα
2448 2496 2742 2570 παρθενίας
2778 2493 2853 2565 μὴ
2882 2493 3249 2565 διαρρήξαντα
3270 2512 3281 2524 ·
3321 2493 3413 2546 τὸν
3445 2488 3649 2544 ἀνώτε.

2080 2616 2169 2671 ρον
2186 2598 2371 2669 νόμου,
2403 2595 2498 2649 καὶ
2514 2594 2803 2665 πληρωτὴν
2833 2593 2996 2663 νόμου
3022 2608 3035 2620 ο
3069 2590 3161 2644 τὸν
3195 2586 3642 2660 προγενέστερον,

2077 2693 2170 2747 καὶ
2192 2683 2828 2763 μεταγενέστερον’τὸνέξ
2842 2685 3009 2754 αὐτῆς
3038 2681 3386 2754 σαρκωθέντα
3419 2676 3649 2749 ὑπὲρνό-

2082 2804 2179 2858 μον
2202 2785 2434 2855 φύσεως.
2454 2784 2597 2837 Διότι
2615 2785 2763 2837 πᾶσα
2796 2783 2997 2853 μήτρα,
3016 2781 3081 2832 ἐκ
3110 2773 3403 2843 συναφείας
3432 2771 3648 2844 πρῶτον

2079 2874 2450 2945 διανοιγομένη
2468 2874 2561 2928 καὶ
2575 2872 2983 2944 ἐνσπειρομένη,
3001 2867 3170 2940 ἀρχὴν
3184 2866 3276 2920 τοῦ
3297 2866 3496 2919 τίκτειν
3511 2860 3655 2929 λαμ-

2082 2969 2208 3022 6άνε
2217 2986 2253 3031 ι,
2270 2968 2365 3021 καὶ
2376 2967 2715 3037 τελεσφόροις
2731 2965 2880 3017 ὠδῖσι
2890 2964 2981 3015 τὸν
2990 2961 3203 3030 λογικὸν
3216 2959 3310 3013 καὶ
3322 2952 3653 3025 κατάλληλον

2082 3061 2183 3131 τῆς
2214 3059 2426 3130 φύσεως
2453 3057 2682 3128 καρπὸν,
2709 3059 2775 3127 τῇ
2793 3054 2884 3108 τοῦ
2912 3049 3365 3124 δημιουργοῦντος
3388 3046 3546 3117 σοφίᾳ
3572 3048 3652 3109 εἰς

2083 3151 2387 3223 τούμφανὲς
2408 3149 2690 3220 προφέρει,
2729 3146 2871 3200 κατά
2892 3146 2974 3207 τὸ,
3006 3142 3351 3207 Αὺξάνεσθε
3379 3137 3477 3192 καὶ
3501 3140 3655 3204 πλη-

2085 3246 2357 3307 θύνεσθε,
2384 3241 2481 3297 καὶ
2512 3237 2863 3309 πληρώσατε
2890 3237 3002 3305 τὴν
3028 3235 3166 3306 γῆν,
3189 3233 3281 3287 τοῦ
3311 3231 3444 3286 Θεοῦ
3467 3230 3653 3298 λέγον-

2084 3359 2192 3404 τος.
2222 3341 2286 3394 Ἠ
2318 3339 2374 3393 δὲ
2411 3337 2614 3406 ταύτης
2664 3334 2897 3407 γαστὴρ,
2933 3331 3055 3387 οὔτε
3087 3332 3183 3403 μὲν
3222 3329 3656 3402 προδιανοιγεϊσα

2085 3432 2209 3487 οὔτε
2232 3429 2642 3503 ἐνσπειρομένη,
2680 3428 2932 3502 ὑπερφυᾶ
2969 3442 3027 3478 τε
3065 3425 3157 3478 καὶ
3193 3423 3415 3493 συμφυᾶ
3448 3418 3656 3490 καρπὸν

2086 3525 2404 3594 ἐϐλάστησε,
2455 3521 2575 3575 καθ’
2614 3521 2805 3573 ἕνωσιν
2865 3517 3226 3571 ἀδιάσπαστον
3256 3513 3549 3582 άλωϐήτως
3576 3512 3658 3574 είς

2086 3619 2338 3672 ἐπίτασιν
2383 3613 2683 3684 θαύματος,
2733 3612 2790 3664 ἐν
2841 3608 3124 3678 ταυτότητι
3189 3604 3509 3674 διαμείνασα
3559 3601 3658 3671 τῆς

2088 3708 2402 3780 παρθενίας.
2454 3707 2660 3759 Ἀνεισι
2707 3700 2991 3773 τοιγαροῦν
3043 3701 3124 3763 εἱς
3166 3698 3225 3752 τὸ
3275 3694 3446 3767 ἱερὸν,
3487 3695 3520 3763 ή
3565 3691 3659 3745 τοῦ

2090 3802 2233 3872 ἱεροῦ
2295 3798 2620 3871 ὑψηλοτέρα,
2651 3797 2830 3851 δισσὸν
2864 3795 3016 3857 κλέος
3049 3788 3426 3862 περικειμένη,
3458 3783 3663 3855 παρθε-

2087 3896 2206 3957 νίας
2232 3893 2372 3963 φημὶ
2397 3892 2684 3962 ἀχράντου,
2708 3888 2804 3942 καὶ
2825 3884 3162 3946 παιδοποιΐας
3182 3880 3482 3951 ἀφράστου,
3505 3875 3662 3928 εὐλο-

2088 3990 2213 4057 γίαν
2237 3987 2423 4056 νόμου,
2457 3985 2550 4038 καὶ
2602 3980 2869 4052 ἀγιασμὸν
2896 3979 3136 4050 χάριτος.
3173 3974 3260 4027 Διό
3294 3988 3457 4043 φησιν
3488 3972 3516 4023 ὁ
3543 3967 3663 4057 βλέέ

2090 4056 2206 4134 πων
2230 4098 2244 4110 ·
2280 4080 2389 4132 Καὶ
2422 4064 2681 4143 πλήρηςρ
2703 4078 2735 4128 ό
2761 4069 2924 4138 οἶκος
2959 4068 3070 4136 τῆς
3096 4066 3282 4132 δόξης
3308 4062 3492 4118 αὑτοῦ
3514 4077 3530 4093 ⁸
3562 4056 3666 4113 καὶ

2090 4171 2348 4242 cepas,on
2383 4167 2765 4234 εὶστήκεισαν
2819 4164 3023 4227 κύκλῳ
3050 4157 3234 4212 αὑτοῦ
3254 4172 3269 4187 ο
3302 4155 3397 4208 καὶ
3422 4152 3666 4219 ἐνέχρα-

2091 4284 2195 4336 γεν
2225 4265 2423 4331 ἕτερος
2455 4260 2605 4329 πρὸς
2638 4259 2743 4311 τὸν
2777 4256 2999 4322 ἕτερον,
3032 4252 3129 4305 καὶ
3166 4250 3384 4318 ἔλεγον
3404 4264 3417 4277 ·
3451 4248 3666 4315 Ἄγιος,

2092 4360 2276 4429 ἅγιος,
2308 4357 2472 4425 ἅγιος
2508 4354 2720 4419 Κύριος
2751 4345 3016 4403 Σαϐαὼθ·
3051 4343 3286 4411 πλήρης
3307 4339 3477 4395 πᾶσα
3519 4341 3557 4405 ἡ
3586 4336 3665 4409 γῆ

421 4443 595 4514 gloria
622 4441 735 4511 ejus
757 4457 776 4495 :
807 4449 854 4495 et
884 4438 1143 4508 seraphim
1172 4438 1385 4492 stabant
1418 4440 1474 4490 in
1501 4437 1727 4489 circuitu
1773 4435 1906 4499 ejus,
1939 4447 1978 4488 et

2091 4428 2197 4518 τῆς
2218 4447 2403 4513 δόξης
2435 4442 2643 4498 αὑτοῦ.
2691 4438 2861 4493 Τοῦτο
2908 4436 2971 4508 δὴ
3012 4434 3171 4488 τοῦτο
3203 4433 3296 4487 καὶ
3333 4432 3361 4483 ὁ
3401 4428 3667 4501 μακάριος

419 4538 723 4593 clamabant
752 4537 887 4592 alter
910 4536 979 4589 ad
1014 4535 1239 4589 alterum
1265 4549 1283 4586 :
1319 4532 1567 4593 Sanctus,
1604 4539 1840 4594 sanctus,
1859 4549 1987 4585 san-

419 4641 534 4688 ctus
568 4631 825 4685 Dominus
878 4627 1165 4684 Sabaoth:
1205 4626 1360 4696 plena
1410 4625 1577 4679 omnis
1628 4632 1768 4676 terra
1814 4623 1987 4691 gloria

418 4721 628 4792 ejus";
659 4720 802 4791 quod
834 4729 887 4776 et
914 4720 1093 4791 ipsum
1118 4718 1310 4773 beatus
1344 4715 1608 4785 propheta
1640 4712 1896 4767 Habacuc
1918 4713 1989 4766 le—

419 4822 544 4892 pide
573 4821 903 4884 modulatus,
938 4821 1013 4873 ait
1042 4838 1057 4873 :
1096 4816 1164 4872 In
1211 4816 1381 4871 medio
1414 4816 1642 4869 duorum
1675 4812 1988 4866 animalium

421 4915 652 4969 nasceris
690 4928 708 4967 :
738 4913 864 4967 dum
903 4910 1428 4982 appropinquuverint
1461 4909 1609 4974 anni,
1642 4907 1936 4979 agnosceris
1968 4923 1987 4960 :

529 5071 575 5104 ³⁸
608 5071 736 5126 Gen.
760 5085 800 5136 ι,
831 5069 922 5124 22.
994 5069 1040 5101 ²⁰
1077 5067 1214 5123 Ιδαὶ.
1248 5082 1323 5132 v1,
1351 5067 1405 5121 5.

493 5205 609 5277 (47)
639 5202 955 5277 Νυμφικῷς
979 5199 1491 5277 Mannert-vrri)
1510 5199 1616 5277 τὸν
1643 5197 1816 5277 Ἀδᾲμ
1830 5194 1991 5277 ἀτρέ-

426 5268 605 5343 πὲωςξ
641 5268 1082 5344 Πιέἶειιὶίὶιιθιυι·
1114 5274 1405 5326 immobilis
1439 5271 1589 5330 unio,
1621 5270 1866 5344 ccu_lege
1906 5268 1990 5320 in—

426 5337 698 5402 violabilis
759 5337 1020 5414 conjugii.
1068 5354 1276 5414 naturae
1321 5344 1572 5414 humana:
1601 5339 1665 5414 ad
1698 5337 1936 5414 Verbum
1975 5355 1988 5389 :

427 5432 736 5487 quanquam
771 5407 956 5487 posset
982 5415 1041 5487 τδ
1068 5413 1352 5487 ἀτρέπτως
1392 5412 1593 5487 τείσῃ-ε
1636 5411 1811 5487 ipsum
1858 5407 1994 5461 Ver-

426 5480 662 5549 bumfet
694 5480 911 5539 modum
943 5480 1161 5538 unionis
1190 5499 1256 5538 ex
1281 5490 1435 5550 parte
1460 5482 1628 5547 illius,
1647 5480 1795 5534 nulla
1821 5494 1852 5531 a
1874 5493 1997 5548 pro-

428 5560 566 5629 priis
593 5557 980 5629 ilemulatione,

502 5628 611 5691 (ιὸ)
642 5628 745 5680 Καὶ
796 5623 1103 5692 προφήτης
1154 5622 1465 5692 ἐξήγαγεν.
1524 5619 1727 5690 Nempe
1781 5622 1844 5673 ἐκ
1888 5617 1989 5692 τῆς

431 5690 696 5767 Βηθλεέμ,
755 5690 954 5767 ut_il|ic
982 5690 1179 5749 editam
1223 5690 1456 5767 prolem,
1487 5707 1636 5767 spem
1671 5693 1816 5744 illam
1848 5690 1990 5767 vita},

434 5759 786 5820 'nfmontibus
817 5765 970 5828 Sion,
994 5774 1048 5820 et
1072 5759 1271 5833 templo
1290 5762 1765 5832 Jerosolymitano,
1794 5759 1996 5813 mundo

438 5835 808 5892 uianifestaret
854 5845 961 5890 :ut
1018 5843 1309 5907 utrumque
1371 5834 1726 5905 signiﬁcetur,
1767 5848 1866 5886 ceu
1929 5845 1993 5884 cx

2099 4541 2381 4613 προφήτης
2424 4532 2743 4604 Ἀμϐακοὺμ
2792 4526 3020 4589 ἀστείως
3066 4522 3371 4596 ἐμελῴδησε
3421 4519 3664 4588 φάσκων⁸

2103 4606 2370 4699 ’ἐνμέσῳ
2404 4626 2512 4680 δύο
2540 4622 2693 4685 ζώων
2711 4618 3072 4691 γνωσθήσηῖ
3111 4616 3181 4669 ἐν
3221 4613 3299 4679 τῷ
3324 4610 3570 4682 ἐγγίζειν
3598 4606 3672 4664 τὰ

2090 4725 2193 4790 ἔτη
2268 4715 2688 4788 ὲπιγνωσθήσῃ
2709 4732 2722 4746 ·
2788 4713 2857 4765 ἐν
2910 4709 2991 4776 τῷ
3055 4706 3325 4774 παρεῖναι
3367 4703 3474 4756 τὸν
3538 4717 3671 4754 και-

2086 4815 2198 4884 ρὸν
2237 4807 2658 4878 ἀναδειχθήσῃ.
2689 4806 2826 4876 Ὅρα
2865 4818 2953 4873 μοι
3002 4795 3287 4871 τηλαυγῶς
3338 4794 3432 4846 τοῦ
3494 4790 3667 4845 Ilvati-

2099 4918 2266 4976 ματος
2323 4900 2420 4974 τὴν
2473 4897 2783 4971 ἀκρίϐειαν·
2852 4892 3052 4963 γνῶσίν
3115 4904 3278 4960 φησιν
3343 4886 3665 4953 ἐπίγνωσιν,

2097 5192 2326 5248 oraculo
2356 5191 2582 5245 factum.
2610 5187 2875 5242 Pantinus
2909 5201 3006 5241 sua
3039 5185 3259 5255 ingerit,
3285 5193 3339 5241 et
3372 5183 3676 5240 Metliodia-

2097 5266 2185 5319 nis
2206 5263 2459 5323 adversa,
2494 5261 2641 5315 velut
2670 5260 2737 5313 de
2764 5257 3202 5312 manifestalione
3245 5258 3298 5311 in
3333 5255 3671 5315 liethlehem,

2098 5350 2207 5390 non
2241 5337 2294 5387 in
2321 5333 2540 5402 templo,
2569 5336 2821 5400 ageretur
2858 5346 2870 5381 :
2907 5327 3022 5402 Qno
3049 5328 3314 5383 consilio?
3358 5324 3581 5402 Λίβηθρα.
3614 5334 3671 5374 ut

2100 5404 2295 5459 mundo
2319 5396 2447 5457 vita!
2461 5403 2576 5469 jam
2607 5396 2716 5454 Sua:
2754 5415 2896 5468 spem
2935 5401 3341 5469 demonstraret.
3383 5396 3674 5469 Declaragtt

2103 5475 2385 5542 sequentia
2441 5461 2585 5541 quod
2640 5461 2878 5524 diximus
2914 5488 2931 5522 ι
2959 5468 3081 5521 ὅθεν
3129 5468 3382 5540 ἐπάρασα
3430 5461 3677 5531 κ.τ.ἐξ.,

2106 5547 2195 5600 ubi
2231 5561 2329 5600 nec
2356 5543 2617 5597 Paulinus
2648 5543 2784 5595 ﬁdus
2808 5547 2915 5595 est.

2168 5616 2280 5685 (49)
2325 5614 2714 5683 Ἐνεέράνισεν
2732 5612 2857 5685 ἐκεῖ
2868 5611 3016 5681 μετὰ
3041 5611 3152 5685 τῇς
3166 5610 3263 5685 ςέξμ
3280 5606 3466 5685 αὐτῆς
3480 5619 3679 5685 Epeo:—

2101 5675 2344 5754 λῆψεως
2394 5675 2717 5754 diaria/tor).
2776 5675 2977 5754 Nempe
3030 5675 3274 5754 τςξῖθεῴ
3333 5680 3426 5754 καὶ
3480 5675 3676 5754 [lcet-pi,

2105 5748 2249 5826 quod
2301 5748 2486 5818 Lucas
2522 5756 2616 5818 ait,
2650 5748 2997 5826 παραστῆσαι
3023 5748 3098 5821 τῷ
3131 5748 3338 5826 Κυρίῳ.
3370 5748 3473 5826 Res
3520 5748 3680 5816 plana

2107 5820 2302 5884 scienti
2330 5827 2621 5895 terminos;
2652 5820 2918 5880 I’antinus
2943 5820 3123 5878 tamen
3148 5821 3289 5877 male
3317 5820 3536 5875 oscitat.
