3962 6278
218 370 327 430 557

1314 376 1546 434 SERMO
1585 378 1674 433 DE
1714 379 2017 436 SIMEONE-
2054 382 2146 436 ET
2185 382 2393 438 ANNA.

3357 396 3458 452 558

221 481 506 547 ἀνάδειξιν,
539 479 695 538 ἅτινα
725 483 893 556 δηλοῖ,
925 487 984 540 τὸ
1021 488 1116 558 μὲν
1136 528 1150 551 ,
1187 489 1289 543 Ἐν
1305 493 1473 560 μέσῳ
1496 492 1605 547 δύο
1636 491 1790 555 ζώων

1908 496 2027 549 dum
2067 506 2266 567 tempus
2309 498 2512 563 aderit,
2545 500 2831 557 ostenderis
2862 503 2928 556 ³ο.
2965 503 3176 575 Inspice
3217 522 3346 562 vero
3370 525 3464 565 ac-

218 573 570 647 γνωσθήσῃ,
596 576 694 646 τήν
713 593 771 629 τε
807 578 949 631 κατὰ
966 579 1126 651 νόμον
1152 584 1209 635 ἐν
1241 586 1351 646 τοῖς
1383 584 1594 649 ἀδύτοις
1636 587 1797 657 ὑπερ-

220 663 426 718 άνωθεν
457 662 552 717 τοῦ
582 664 895 737 ίλαστηρίου
929 668 1027 739 τῆς
1066 669 1299 724 κιϐωτοῦ
1329 673 1533 742 μεταξὺ
1561 675 1668 728 τῶν
1701 694 1794 729 τυ-

220 756 396 809 πικῶν
444 757 714 828 χερουόὶμ
760 759 1071 813 ὲπισκίασιν
1092 762 1192 832 τῆς
1239 762 1386 828 θείας
1422 767 1586 819 αὐτοῦ
1619 767 1794 836 δόξης,

219 847 294 912 ὦς
320 864 453 919 φησι
482 848 618 920 πρὸς
667 851 907 922 Μωῦσῆν
928 890 942 914 ,
987 851 1294 907 Ἐντεῦθέν
1319 869 1418 908 σοι
1449 857 1798 925 γνωσθήσο-

190 955 355 1010 ιμαι,
419 940 519 1011 τήν
577 957 636 993 τε
694 944 1114 1014 καταντήσασαν
1173 945 1241 998 τὰ
1288 944 1382 1000 νῦν
1414 948 1501 1001 διὰ
1534 948 1630 1019 τὴν
1656 949 1797 1003 κατὰ

219 1030 401 1103 σάρκα
447 1031 793 1104 πανύμνητον
847 1034 1011 1089 αὐτοῦ
1047 1036 1141 1090 τοῦ
1187 1040 1434 1112 Σωτῆρος
1482 1039 1799 1109 θεοφάνειαν

217 1122 518 1196 ἀγγελικὴν
555 1124 883 1191 συνέλευσιν,
919 1128 968 1180 εἰ
1001 1130 1096 1183 καὶ
1124 1131 1259 1202 πρὸς
1287 1132 1443 1203 ἡμῶν
1471 1132 1798 1204 ἀθεώρητος,

218 1214 403 1281 καθὼς
446 1217 847 1289 προδεδήλωκεν
897 1219 1121 1286 Ἡσαΐας
1141 1241 1154 1255 ·
1184 1224 1244 1277 τὸ
1275 1224 1353 1290 δὲ,
1406 1226 1501 1278 Ἑν
1529 1225 1609 1291 τῷ
1645 1227 1800 1297 ἐγγι-

219 1308 343 1370 ζειν
379 1309 451 1364 τὰ
508 1310 634 1379 ἐτη,
684 1301 1140 1383 ἑπιγνωοῖθήσῃ,
1188 1316 1287 1388 τὴν
1332 1316 1669 1382 πανένδοξον,
1724 1318 1801 1382 ὡς

219 1398 565 1472 προείρηται,
593 1403 732 1455 κατὰ
775 1404 954 1476 σάρκα
980 1405 1274 1473 ἐπίγνωσιν
1305 1406 1400 1460 τοῦ
1432 1407 1664 1479 ἀοράτου
1693 1408 1799 1460 Σω-

219 1492 390 1562 τῆρος
417 1489 573 1562 ἡμῶν
602 1491 758 1558 Θεοῦ,
786 1493 860 1558 ὥς
888 1512 989 1548 που
1020 1496 1184 1566 φησὶν
1212 1498 1240 1550 ὁ
1269 1497 1439 1568 μέγας
1476 1497 1800 1569 ίερομύστης

220 1581 471 1646 Παῦλος·
523 1584 661 1639 Ὅτε
685 1584 753 1639 δὲ
790 1583 938 1657 ἦλθε
970 1588 1037 1640 τὸ
1078 1588 1369 1659 πλήρωμα
1414 1589 1520 1644 τοῦ
1552 1591 1798 1659 χρόνου,

219 1675 654 1741 ἐξαπέστειλεν
685 1680 718 1731 ό
749 1678 893 1744 Θεὸς
935 1677 1042 1732 τὸν
1083 1679 1223 1734 my
1248 1681 1454 1744 αὐτοῦ,
1479 1682 1802 1751 γενόμενον

216 1767 287 1822 ἐκ
322 1768 623 1838 γυναικός,
649 1771 972 1841 γενόμενον
995 1771 1114 1825 ὑπὸ
1133 1773 1341 1842 νόμον,
1373 1775 1473 1828 ἵνα
1516 1773 1658 1839 τοὺς
1678 1772 1797 1828 ὑπὸ

1896 598 2142 645 curatam
2199 593 2416 662 penitus
2468 591 2709 663 Spiritus
2760 596 3116 668 diligentiam.
3176 597 3462 657 Notionem

1895 683 2056 750 dixit,
2089 685 2421 753 agnitionem
2457 692 2510 739 et
2546 687 2950 756 ostensionem;
2988 706 3220 758 quorum
3248 692 3465 763 singula

1896 777 2012 831 haec
2033 776 2341 844 declarant;
2372 777 2503 831 illud
2528 778 2745 849 quidem
2784 800 2796 834 :
2824 780 2887 834 )n
2915 784 3083 837 medio
3101 785 3324 839 duorum
3355 788 3445 848 ani

1896 869 2118 922 molium
2148 870 2484 932 nosceris;in
2519 871 2731 940 primis,
2761 872 2956 928 divina
2979 876 3169 944 ipsius,
3204 877 3357 945 juxta
3390 879 3464 932 le-

1896 977 2040 1032 gem,
2072 962 2127 1016 in
2156 962 2357 1033 adytis,
2382 978 2547 1034 super
2572 979 2712 1020 arcae
2730 968 3187 1036 propitiatorium,
3208 971 3259 1022 in
3285 970 3466 1025 medio

1896 1053 2204 1122 typicorum
2241 1052 2547 1118 cherubim,
2573 1055 2759 1124 gloria:
2781 1057 2925 1111 velut
2952 1058 3419 1113 obumbrationem
3443 1076 3462 1129 ;

1896 1158 2023 1197 nam
2064 1143 2140 1196 ait
2193 1143 2261 1198 ad
2293 1143 2511 1214 Moysen
2547 1164 2560 1198 :
2593 1144 2725 1199 Inde
2753 1147 2848 1200 tibi
2888 1149 3210 1202 innotescam
3228 1149 3304 1204 ³¹;
3334 1166 3468 1219 prab-

1898 1241 2047 1288 terea
2071 1235 2255 1299 etiam,
2292 1250 2441 1289 nunc
2470 1237 2649 1303 nobis,
2698 1253 2796 1307 per
2835 1237 3136 1295 Salvatoris
3184 1241 3355 1310 ipsius
3378 1258 3464 1298 se-

1898 1326 2139 1380 cundum
2173 1341 2415 1392 carnem,
2440 1328 2679 1382 divinam
2716 1330 3075 1400 laudibusque
3102 1334 3354 1387 omnibus
3374 1349 3467 1388 ce-

1897 1415 2217 1470 lebrandam
2249 1417 2663 1486 apparitionem,
2683 1416 2882 1471 factum
2908 1419 3123 1474 obvium
3151 1421 3464 1492 angelorum

1900 1520 2229 1561 concursum
2262 1527 2274 1561 :
2309 1523 2617 1578 quanquam
2658 1510 2726 1573 is,
2767 1518 2962 1564 natura
3011 1526 3132 1578 sua,
3181 1512 3339 1568 nobis
3382 1513 3468 1566 in-

1900 1606 2252 1676 aspectabilis
2275 1616 2378 1671 est,
2406 1614 2463 1659 ut
2482 1608 2593 1677 jam
2622 1614 2747 1662 ante
2771 1606 2938 1663 Isaias
2965 1608 3282 1664 declaravit.
3309 1607 3466 1675 Quod

1898 1706 2080 1753 autem
2105 1700 2180 1751 ait
2203 1718 2215 1752 :
2241 1697 2381 1751 Dum
2404 1700 2928 1771 appropinquaverint
2953 1701 3099 1764 anni,
3126 1701 3420 1770 agnosceris
3445 1714 3468 1755 :

1901 1790 2126 1844 omnino
2156 1791 2412 1862 inclytam
2440 1791 2612 1859 illam,
2645 1802 2704 1847 ut
2741 1794 2851 1862 jam
2887 1792 3093 1847 dictum
3124 1800 3229 1859 est,
3264 1808 3465 1848 secun-

217 1862 412 1930 νόμον
432 1859 790 1929 ἐξαγοράσῃ,
806 1862 908 1915 ἵνα
927 1861 1040 1930 τὴν
1053 1864 1361 1918 υἱοθεσίαν
1382 1863 1795 1932 ἀπολάϐωμεν.

1908 1882 2029 1937 dum
2062 1896 2305 1946 carnem,
2346 1882 2638 1939 invisibilis
2684 1884 2887 1954 alioqui
2920 1882 3015 1937 Dei
3035 1880 3349 1939 'Salvatoris
3378 1898 3468 1938 no-

218 1952 295 2005 Τὸ
312 1952 367 2005 δὲ
390 1952 749 2023 ἐπαγόμενον,
766 1953 862 2006 Ἐν
880 1953 945 2006 τὸ
962 1953 1024 2022 (f.
1041 1952 1138 2023 τῷ)
1165 1953 1435 2021 παρεῖναι
1446 1954 1552 2006 τὸν
1570 1953 1794 2021 καιρὸν,

217 2042 654 2113 ἀναδειχθήσῃ,
690 2044 850 2107 ποίας
896 2044 961 2096 ἃν
990 2044 1085 2097 καλ⁸
1111 2044 1282 2097 δέοιτο
1320 2046 1693 2118 ἀντιφράσεως
1719 2045 1798 2116 τῷ

219 2133 487 2189 εῦσκοπον
547 2135 683 2207 πρὸς
751 2135 811 2188 τὸ
878 2134 1264 2207 ἑορταζόμενον
1323 2136 1674 2191 ἁπευθύνοντι
1739 2137 1799 2190 τὸ

217 2226 402 2302 δμμας
439 2227 828 2302 Ἀναδειχθήσῃ
847 2227 975 2300 γὰρ,
1013 2229 1283 2298 φησὶν,ὡς
1315 2231 1406 2283 ἐπὶ
1434 2231 1619 2284 πίνακι
1648 2229 1801 2301 βασι-

219 2300 381 2391 λικῖξὸ,
405 2321 510 2374 ὑπὸ
551 2320 653 2390 τῆς
696 2300 965 2392 τεκούσης
1005 2337 1064 2373 σε
1098 2320 1367 2391 ἀχράντου
1401 2323 1601 2394 μητρὸς
1626 2300 1684 2374 ὲν
1721 2322 1800 2393 τῷ

220 2410 356 2482 ναῷ,
388 2413 445 2465 ὲν
472 2414 539 2483 τῇ
590 2412 688 2482 τῆς
723 2410 1050 2481 σαρκώσεώς
1092 2428 1185 2463 σου
1245 2412 1568 2484 εὐπρεπείᾳ.
1614 2411 1801 2466 Ταῦτα

218 2502 280 2557 δὲ
302 2502 869 2573 ἀνακεφαλαιούμενος
905 2505 933 2556 ὁ
972 2505 1256 2575 προφήτης
1296 2505 1432 2577 πρὸς
1454 2506 1515 2557 τὸ
1539 2505 1802 2573 σαφέστε»

227 2611 343 2666 ρον,
381 2592 729 2664 ἁνακὲκραγε
781 2592 986 2661 λέγων·
1022 2597 1234 2664 Κύριος
1268 2597 1338 2650 ἐν
1370 2596 1495 2663 ναῷ
1530 2599 1675 2668 ἁγίῳ
1703 2598 1801 2651 αὺ-

224 2685 334 2738 τοῦ
350 2701 363 2714 ·
389 2683 756 2737 εὐλαϐείσθω
771 2683 890 2737 ἀπὸ
913 2684 1236 2753 προσώπου
1259 2688 1444 2742 αὐτοῦ
1464 2687 1632 2744 πᾶσα
1646 2691 1681 2757 ἡ
1696 2687 1789 2759 γῆ.

1902 1975 2003 2030 stri
2031 1972 2362 2042 agnitionem
2385 1973 2690 2043 signiﬁcat;
2716 1985 2773 2027 ut
2804 1973 3039 2044 quodam
3072 1976 3209 2037 loco,
3238 1990 3466 2045 magnus

1903 2062 1993 2117 ille
2023 2076 2305 2117 sacrorum
2362 2069 2568 2132 mystes
2617 2061 2820 2117 Paulus
2868 2063 2988 2116 ait:
3022 2062 3246 2130 Quando
3294 2074 3467 2118 autem

1904 2154 2042 2208 venit
2070 2151 2339 2221 plenitudo
2375 2155 2644 2223 temporis,
2678 2155 2855 2208 emisit
2893 2154 3032 2209 Deus
3059 2153 3108 2207 F
3111 2156 3261 2209 ilium
3291 2173 3465 2222 suum,

1904 2245 2104 2314 factum
2133 2260 2198 2298 ea:
2243 2244 2480 2311 muliere,
2513 2245 2716 2316 factum
2745 2246 2839 2301 sub
2871 2246 3001 2317 lege,
3045 2255 3101 2299 ut
3142 2263 3227 2301 eos
3258 2250 3345 2318 qui
3374 2246 3470 2301 sub

1906 2337 2013 2406 lege
2032 2344 2182 2389 erant
2212 2334 2512 2398 redimeret;
2538 2344 2595 2388 ut
2627 2337 2953 2406 adoptionem
2967 2336 3200 2404 ﬁliorum
3220 2338 3474 2407 recipere-

1906 2443 2023 2481 mus
2047 2427 2111 2480 ".
2149 2425 2303 2492 Quod
2327 2432 2505 2481 autem
2551 2426 2898 2498 subjungitur
2929 2447 2941 2483 :
2979 2427 3117 2481 Dum
3148 2439 3345 2497 tempus
3376 2427 3474 2481 ad-

1905 2520 2024 2585 erit,
2066 2519 2394 2584 ostenderis;
2427 2519 2577 2574 nulla
2621 2520 2808 2590 utique
2850 2521 3191 2590 expositione
3242 2522 3470 2592 indiget,

1905 2615 1950 2671 si
1978 2614 2100 2684 quis
2128 2614 2378 2677 solerter,
2418 2611 2485 2666 ad
2525 2612 2719 2667 festum
2753 2614 2898 2682 quod
2928 2630 3074 2670 nunc
3111 2615 3469 2680 celebramus,

1903 2707 2092 2762 oculos
2131 2705 2329 2759 mentis
2352 2704 2662 2759 intenderit.
2707 2703 3023 2761 Ostenderis
3060 2707 3224 2770 enim,
3273 2705 3471 2775 inquit,

225 2804 493 2868 tanquam
531 2796 586 2851 in
621 2796 775 2851 disco
819 2798 1076 2868 quapiam
1132 2815 1228 2856 ceu
1285 2801 1490 2857 ferculo
1520 2802 1689 2873 regio,
1753 2800 1821 2855 ab
1861 2800 2183 2854 intemerata
2244 2804 2336 2848 tua
2383 2794 2554 2851 Matre
2596 2797 2651 2851 in
2704 2797 2927 2867 templo,
2974 2796 3136 2867 idque
3181 2796 3239 2850 in
3289 2794 3475 2849 carnis

228 2886 330 2942 abs
358 2894 411 2941 te
432 2894 722 2958 assumpta:
740 2888 937 2945 decore
963 2896 1016 2943 et
1045 2887 1239 2947 forma.
1275 2893 1405 2959 Quae
1443 2894 1754 2948 summatim
1789 2892 2050 2960 colligens
2078 2889 2366 2961 Propheta,
2425 2889 2704 2959 amplioris
2750 2889 3014 2945 claritatis
3054 2888 3248 2959 gratia,
3275 2887 3330 2942 in
3356 2887 3471 2943 haec

230 2979 555 3033 exclamavit
572 2980 732 3035 verba
762 3000 777 3036 :
820 2979 1079 3035 Dominus
1111 2983 1167 3036 in
1197 2985 1383 3053 templo
1403 2994 1586 3040 sancto
1624 3003 1720 3041 suo
1741 2985 1784 3016 ³³
1820 3003 1832 3039 :
1862 2991 2156 3037 revereatur
2186 2998 2219 3034 a
2245 2981 2381 3049 facie
2407 2979 2519 3049 ejus
2553 2981 2720 3033 omnis
2752 2989 2894 3033 terra
2910 2980 2976 3036 “.

300 3070 377 3124 E'.
414 3069 640 3140 Φρικτὸν
663 3071 772 3144 γὰρ
798 3071 966 3137 ὄντως
990 3073 1051 3128 τὸ
1082 3075 1209 3146 περὶ
1238 3076 1297 3129 σὲ
1328 3078 1644 3150 μυστήριον,
1669 3079 1795 3149 Μῆ-

1972 3072 2038 3130 ν.
2086 3073 2447 3130 Tremendum
2499 3073 2641 3127 enim
2692 3087 2923 3137 revera,
2978 3087 3011 3126 ο
3062 3070 3230 3127 Mater
3264 3069 3469 3143 Virgo,

221 3177 323 3234 τερ
355 3162 619 3235 Παρθένε,
648 3165 740 3217 καὶ
767 3166 922 3236 νοητὲ
954 3166 1131 3239 θρόνε,
1157 3168 1509 3240 δεδοξασμένε
1545 3172 1637 3224 καὶ
1666 3170 1800 3225 Θεοῦ

1908 3165 2062 3222 sedes
2102 3165 2388 3235 spiritalis,
2419 3163 2716 3235 gloriﬁcata
2750 3161 2965 3233 Deoque
3002 3163 3179 3233 digna,
3210 3170 3363 3219 tuum
3400 3165 3471 3219 il-

223 3254 438 3320 ὲπάξιε.
482 3256 804 3328 Προήγαγες
836 3257 945 3330 γὰρ
985 3259 1170 3332 θαῦμα
1198 3261 1540 3333 ἐπουρανίοις
1571 3262 1665 3317 καὶ
1693 3265 1805 3317 ὲπι-

223 3346 394 3415 γείοις
419 3346 674 3414 ἐξαίσιον.
701 3350 812 3403 Καὶ
843 3353 1190 3424 παράδειγμα
1217 3354 1421 3408 τούτων
1440 3355 1534 3409 καὶ
1559 3356 1805 3428 ἀρραγὴς

226 3437 443 3509 ἔλεγχος
457 3457 470 3470 ·
489 3440 551 3493 τὸ
567 3441 709 3495 κατὰ
732 3442 796 3495 τὸ
824 3443 1007 3498 καινὸν
1023 3445 1122 3516 τῆς
1146 3446 1458 3518 ὑπερφυοῦς
1481 3465 1573 3501 σου
1591 3447 1806 3518 λοχείας

225 3530 492 3599 ἀγγέλους
536 3533 628 3587 ἐπὶ
663 3534 766 3605 γῆς
811 3533 987 3605 ᾅδειν’
1033 3536 1189 3602 Δόξα
1228 3538 1298 3591 ὲν
1330 3540 1612 3608 ὑψίστοις
1648 3538 1804 3605 Θεῷ,

226 3624 327 3678 καί
381 3625 480 3678 ἐπὶ
542 3624 657 3696 γῆς
707 3625 914 3694 εἰρήνη
940 3669 956 3694 ,
1025 3629 1095 3681 ἐν
1143 3628 1475 3697 ἀνθρώποις
1523 3630 1802 3685 εὐδοκία·

225 3715 306 3787 τῷ
350 3718 774 3791 τριπλασιασμῷ
803 3721 902 3791 τῆς
932 3720 1076 3791 ᾠδῆς
1120 3720 1212 3775 τὸν
1245 3722 1678 3795 τριπλασιασμὸν
1710 3723 1807 3795 τῆς

226 3808 516 3880 ἁγιότητος
539 3812 651 3881 (50)
677 3814 1083 3882 είσαγαγόντες.
1119 3815 1381 3885 Μακαρία
1414 3817 1477 3868 σὺ
1508 3817 1566 3868 ὲν
1598 3818 1809 3884 γενεαῖς

227 3902 520 3967 γυναικῶν,
550 3901 952 3974 θεομακάριστε
971 3920 985 3933 ·
1013 3904 1093 3956 ὅτι
1119 3904 1208 3958 διὰ
1234 3904 1327 3958 σοῦ
1352 3905 1642 3977 ἐπληρώθη
1675 3908 1709 3977 ἡ
1736 3906 1810 3974 γῆ

227 3990 329 4061 τῆς
360 3990 510 4055 θείας
537 3990 694 4062 δόξης
723 3991 818 4045 τοῦ
843 3991 999 4058 Θεοῦ,
1017 3993 1091 4057 ὡς
1113 3993 1208 4047 καὶ
1234 3996 1291 4047 ἐν
1313 3993 1565 4065 Ψαλμοῖς
1604 3995 1805 4067 ᾄδεται·

229 4081 579 4152 Εὐλογητὸς
598 4083 813 4151 Κύριος
842 4087 874 4138 ό
908 4083 1051 4151 Θεὸς
1082 4082 1341 4153 Ἰσραὴλ,
1368 4085 1465 4138 καὶ
1498 4085 1810 4153 πληρωθήο

229 4190 400 4231 σεται
418 4174 528 4245 τῆς
542 4175 728 4245 δόξης
739 4176 925 4230 αὐτοῦ
943 4175 1109 4232 πᾶσα
1122 4179 1161 4246 ἡ
1176 4177 1272 4247 ’νῆ’
1292 4177 1543 4248 γένοιτο,
1557 4179 1811 4250 γένοιτο.

229 4267 341 4322 Καὶ
371 4265 603 4337 ἐπήρθη
620 4309 635 4335 ,
677 4268 812 4338 φησὶ
829 4309 846 4334 ,
874 4268 940 4323 τὸ
966 4269 1306 4338 ὑπέρθυρον
1330 4270 1448 4325 ἀπὸ
1473 4270 1581 4341 τῆς
1607 4272 1812 4342 φωνῆς

229 4355 307 4430 ἧς
324 4359 677 4430 ἐκέκραγονν
707 4359 736 4412 ὃ
759 4359 1014 4431 σημαίνει
1043 4360 1137 4414 τοῦ
1160 4359 1288 4414 ναοῦ
1307 4354 1808 4433 τδκαταπέτασμα,

229 4451 295 4505 τὸ
325 4451 620 4516 συσκιάζον
653 4449 791 4505 κατὰ
824 4451 1113 4523 πρόσωπον
1157 4453 1256 4525 τῆς
1281 4454 1719 4526 προτυπωσάσης
1750 4471 1810 4508 σε

234 4542 470 4597 κιϐωτοῦ
494 4543 792 4615 Διαθήκης,
825 4542 913 4596 ἵνα
948 4562 1037 4615 μοι
1064 4545 1355 4618 φανερωθῇ
1386 4544 1623 4616 τάληθὲς
1658 4545 1809 4616 (51),

232 4635 327 4688 καὶ
378 4634 467 4689 διὰ
508 4634 619 4690 τῶν
674 4637 1149 4709 προηγησαμένων
1201 4637 1384 4691 τύπων
1434 4655 1494 4691 τε
1536 4639 1630 4692 καὶ
1680 4639 1813 4693 ὑπο-

230 4724 539 4799 δειγμάτων
578 4728 984 4800 παιδαγωγηθῶ
1014 4728 1151 4783 αἰδοῖ
1181 4731 1275 4783 καὶ
1302 4729 1489 4802 τρόμῳ
1526 4732 1690 4802 τιμᾷν
1716 4731 1812 4786 καὶ

234 4822 558 4890 προσκυνεῖν
586 4820 647 4873 τὸ
680 4821 808 4891 περὶ
838 4821 898 4874 σὲ
935 4822 1254 4892 μυστήριον,
1296 4822 1722 4893 χαλιναγωγηθῶ
1750 4840 1811 4876 τε

232 4904 298 4962 αὖ
332 4909 422 4963 διὰ
461 4909 563 4981 τῆς
593 4912 822 4983 νομικῆς
867 4911 1236 4984 σκιαγραφίας
1271 4912 1372 4982 τῆς
1411 4912 1688 4984 τολμηρᾶς
1716 4914 1810 4967 καὶ

233 5000 486 5065 ἀναιδοῦς
532 5000 987 5076 ὰσκαρδαμύκτου
1034 5001 1482 5075 άντοφθαλμῆσαι
1532 5004 1810 5068 ἁντωπίας

339 5154 386 5188 ⁸ο
414 5155 553 5210 Hab.
579 5172 662 5220 ιιι,
693 5156 749 5212 2.
852 5157 896 5189 ³¹
931 5156 1099 5212 Exod.
1127 5175 1252 5224 xxv,
1281 5158 1370 5216 22.

235 5223 279 5255 ³⁸
296 5223 446 5282 Psal.
476 5243 625 5295 Lm,
658 5228 746 5282 18.
821 5228 866 5261 ⁸⁷
887 5227 1001 5284 Isa.
1027 5230 1175 5294 v1,4.

304 5403 417 5475 (50)
458 5403 567 5475 Τὸν
588 5403 1069 5473 τριττλασιασμόν
1099 5403 1205 5472 τῆς
1239 5406 1569 5475 ἁγιότητος.
1622 5404 1810 5459 Panti-

236 5489 361 5537 nus,
395 5474 653 5541 triplicem
686 5475 988 5528 sanctitatis
1018 5474 1296 5539 rationem,
1350 5476 1531 5531 minus
1566 5476 1617 5530 id
1657 5476 1810 5529 theo-

238 5543 431 5615 logice.
474 5544 679 5598 Alludit
712 5545 780 5600 ad
834 5546 1106 5598 canticum
1162 5546 1509 5615 seraphicum
1555 5547 1676 5600 Isai.
1728 5562 1804 5609 vt,

239 5614 381 5683 quod
412 5615 966 5686 prafcipueexplicat,
991 5614 1300 5686 triplieique
1328 5616 1380 5668 in
1408 5631 1472 5669 eo
1500 5617 1808 5671 sanctitatis

239 5684 655 5757 acclamatiqui,
692 5685 749 5738 in
798 5686 1012 5755 signum
1054 5684 1225 5740 trinae
1263 5686 1500 5757 deitatis,
1539 5687 1805 5757 triplicem

239 5761 292 5808 et
331 5755 508 5828 ipsum
531 5755 752 5813 Christo
782 5764 946 5828 nato,
965 5756 1170 5811 dictum
1208 5756 1511 5828 angelicum
1546 5755 1804 5828 hymnum

240 5825 567 5896 respondere
595 5827 896 5883 contendit.
916 5825 1178 5900 Sicjuxta
1204 5824 1414 5896 Graeca,
1440 5824 1649 5886 Latinis
1680 5842 1807 5883 vero

1475 5161 1520 5193 ³³
1564 5159 1687 5218 Gal.
1723 5180 1796 5228 tv,
1829 5162 1951 5219 4-5.

1905 3258 1997 3313 lud
2032 3269 2454 3313 sacramentum.
2489 3253 2799 3310 Produxisti
2831 3253 2976 3307 enim
3005 3255 3318 3310 cmlestibus
3361 3264 3473 3311 ter-

1904 3351 2305 3420 restribusque,
2336 3349 2717 3416 exsuperantia
2741 3347 3068 3417 stupendum
3100 3347 3424 3401 miraculqu
3454 3366 3469 3403 :

1908 3442 2068 3512 cujus
2109 3441 2187 3496 rei
2229 3440 2491 3494 indicium
2544 3447 2630 3493 est
2677 3438 3001 3508 ﬁrmumque
3043 3442 3424 3507 argumentum
3452 3476 3471 3503 ,

1911 3533 2058 3605 quod
2083 3533 2137 3586 in
2171 3540 2334 3596 terra,
2366 3530 2435 3584 ad
2468 3545 2666 3585 novum
2703 3529 2855 3583 illum
2887 3532 3104 3600 augusti
3142 3533 3215 3584 tui
3249 3544 3475 3599 puerpe-

1907 3629 1975 3684 rii
2022 3627 2260 3689 modum,
2305 3624 2478 3695 angeli
2513 3620 3055 3701 concinunt:Gloria
3092 3623 3148 3676 in
3198 3621 3473 3678 altissimis

1907 3717 2053 3782 Deo;
2084 3726 2131 3771 et
2172 3717 2225 3769 in
2261 3725 2402 3769 terra
2432 3730 2559 3785 pax,
2608 3714 2907 3770 hominibus
2944 3714 3079 3769 bona
3123 3713 3361 3768 voluntas
3385 3714 3429 3746 ³⁸
3455 3734 3474 3770 ι

1907 3808 2106 3879 triplici
2136 3808 2395 3863 nimirum
2432 3806 2664 3867 cantico,
2697 3806 2897 3860 trinam
2931 3807 3246 3862 inducenles
3270 3807 3477 3863 sancti-

1908 3906 2115 3955 tatem:
2147 3898 2313 3954 Beata
2356 3908 2413 3953 tu
2465 3898 2521 3953 in
2568 3897 2853 3951 mulierum
2907 3896 3368 3966 generationibus,
3441 3911 3474 3951 a

1910 3994 2020 4050 Deo
2049 3995 2362 4050 beatissima
2391 4011 2404 4047 :
2434 4008 2559 4047 nam
2608 4007 2706 4063 per
2734 4000 2787 4046 te
2818 3992 3036 4061 impleta
3082 3998 3167 4044 est
3206 3998 3349 4044 terra
3390 3990 3476 4045 di-

1909 4089 2037 4141 vina
2084 4086 2177 4140 illa
2210 4085 2303 4140 Dei
2340 4086 2533 4155 gloria,
2586 4085 2730 4140 sicut
2775 4083 2934 4139 etiam
2980 4083 3195 4138 canitur
3224 4083 3280 4137 in
3322 4080 3477 4138 Psal-

1910 4180 2016 4232 mis
2044 4178 2089 4209 ³⁸
2117 4196 2128 4231 :
2154 4177 2467 4232 Benedictus
2491 4176 2750 4233 Dominus
2770 4175 2909 4230 Deus
2940 4174 3111 4230 Israel
3136 4193 3153 4231 :
3175 4185 3225 4231 et
3250 4176 3475 4245 replebi-

1914 4279 1999 4324 tur
2024 4271 2300 4341 majestate
2334 4274 2448 4340 ejus
2479 4271 2647 4325 omnis
2675 4280 2818 4324 terra
2840 4286 2858 4323 :
2889 4271 3005 4339 ﬁat,
3040 4270 3156 4339 ﬁat.
3189 4299 3258 4310 —
3280 4269 3346 4324 Et
3371 4271 3477 4326 ele-

1910 4374 2089 4419 uatum
2116 4371 2217 4428 est,
2261 4363 2438 4434 inquit
2480 4362 2742 4434 propheta
2775 4362 2841 4428 3",
2874 4363 3324 4431 superliminarea
3359 4379 3478 4417 uoce

1912 4473 2017 4528 qua
2069 4455 2373 4510 clamabant
2415 4473 2435 4510 :
2474 4471 2584 4526 quo
2631 4455 2990 4527 signiﬁcatur,
3051 4456 3239 4525 templi
3297 4456 3477 4510 velum

1914 4546 2238 4603 inumbrans
2279 4563 2467 4604 coram
2517 4562 2642 4602 arca
2675 4549 3007 4611 testamenti,
3041 4563 3163 4618 quae
3190 4555 3244 4603 te
3289 4548 3480 4618 praesi-

1913 4642 2154 4713 gnabat;
2184 4649 2245 4695 ut
2276 4641 2412 4695 mihi
2451 4640 2654 4696 veritas
2683 4639 3033 4710 panderetur,
3069 4641 3343 4711 simulque
3379 4641 3480 4696 do-

1914 4746 2070 4787 cerer
2114 4747 2211 4802 per
2236 4738 2394 4803 typos
2436 4741 2488 4787 et
2528 4730 2732 4801 ﬁguras
2777 4746 2900 4801 quae
2937 4732 3368 4801 praecessisscnt,
3419 4739 3481 4787 ut

1915 4841 2039 4879 cum
2068 4824 2372 4879 reverentia
2412 4829 2466 4878 et
2494 4830 2752 4889 tremore,
2789 4823 2854 4877 ad
2900 4833 3299 4879 sacramentum
3332 4825 3479 4895 quod

1914 4917 1970 4970 in
2002 4924 2057 4972 te
2086 4917 2374 4972 exhibetur
2414 4915 2777 4982 adorandum,
2818 4916 3132 4972 accederem
3167 4932 3181 4968 :
3214 4924 3377 4987 atque
3405 4918 3482 4972 le-

1914 5009 2022 5078 gali
2056 5008 2160 5063 hac
2200 5009 2382 5079 priore
2413 5009 2801 5074 delineatione,
2834 5009 2903 5065 ab
2941 5025 3007 5065 eo
3040 5010 3132 5080 qui
3171 5009 3482 5081 incompre-

2052 5163 2099 5197 ⁸³
2119 5163 2275 5219 Psal.
2303 5180 2359 5229 x,
2379 5165 2435 5220 5.
2509 5163 2557 5196 “
2589 5162 2741 5219 Psal.
2768 5179 2887 5231 xcv,
2917 5162 2968 5220 9.
3049 5163 3093 5197 ³⁸
3127 5162 3258 5221 Luc.
3293 5180 3354 5230 ιι,
3390 5163 3479 5221 ﬂ.

1918 5411 2004 5461 est
2033 5404 2233 5475 duplex
2266 5403 2340 5456 ita
2372 5404 2763 5475 punctantibus
2804 5423 2815 5457 :
2857 5402 3043 5475 Gloria
3095 5406 3150 5458 in
3203 5399 3482 5475 altissimis

1917 5475 2049 5536 Deo,
2082 5472 2130 5530 et
2155 5476 2208 5528 in
2235 5472 2511 5541 terra’pax
2538 5473 2834 5528 hominibus
2863 5474 3010 5531 bona:
3036 5472 3337 5541 voluntatis.

1987 5547 2097 5619 (5|)
2138 5548 2258 5601 ’Ἰνα
2279 5538 2719 5619 μοιἐρανερωθῇ
2764 5545 3042 5619 τᾴληθές.
3100 5542 3175 5619 Ut_
3201 5538 3481 5619 utriusque

1916 5612 2182 5673 rationem
2217 5612 2428 5688 reddat,
2454 5626 2511 5688 et
2535 5612 2889 5688 elevationis,_
2936 5617 3082 5669 velut
3112 5612 3176 5665 ad
3206 5612 3478 5688 ostensio-

1915 5705 2036 5745 nem
2065 5690 2323 5759 aliquam,
2357 5685 2540 5742 divina
2592 5683 3037 5759 dispensatione;
3061 5690 3114 5739 et
3140 5679 3265 5743 veli,
3301 5678 3369 5732 ad
3396 5694 3482 5738 re-

1914 5761 2231 5817 verentiam.
3464 5762 3467 5763 '
