3962 6278
1848 224 1881 269 θ

393 324 497 380 559

1344 317 1402 373 S.
1447 317 1779 371 METHODII
1818 317 2129 368 muscum
2166 316 2244 365 Εἰ
2294 316 2654 364 manum:

3508 304 3614 362 360

392 436 680 493 liensibilis
711 449 874 506 super
921 431 1105 487 omnia
1148 432 1363 488 locatus
1395 439 1500 495 est.
1536 429 1824 486 audentius
1854 431 1950 483 im-

2057 427 2148 480 τὸν
2176 427 2246 509 τὰ
2271 428 2447 481 πάντα
2472 428 2527 480 ἐν
2555 422 2900 494 ἀκαταληψίᾳ
2927 423 3353 496 ὑπεριδρυμένον
3394 424 3526 497 (52).
3561 427 3625 479 Εἰ

391 527 794 599 pudentiusque
848 525 956 576 lixa
1008 522 1291 576 oculorum
1335 522 1451 575 acie
1504 517 1954 590 contemplando,

393 619 722 673 refrenarer.
755 615 813 668 Si
836 613 983 668 enim
1008 628 1169 677 arcae,
1194 621 1299 668 tuae
1321 612 1467 665 illius
1494 609 1799 666 sanctitatis
1820 608 1957 663 ima-

388 710 501 782 gini
537 718 794 779 typoque,
834 711 1022 760 tantus
1069 720 1101 758 a
1151 688 1261 759 Deo
1298 704 1474 758 honor
1506 701 1723 756 habitus
1762 707 1869 765 est,
1899 709 1959 754 ut

389 801 616 864 nemini,
654 799 762 854 nisi
786 804 1000 853 tantum
1025 798 1204 852 ordini
1235 794 1583 860 sacerdotali,
1616 793 1684 848 ad
1715 808 1833 848 eam
1865 808 1960 863 pa—

390 898 529 946 ter-et
563 905 843 953 accessus,
880 896 1038 943 autve
1086 887 1264 942 facilis
1305 893 1451 942 esset
1486 886 1554 941 ad
1591 885 1958 956 cognitionem

391 985 676 1053 ingressus
712 1001 724 1035 :
753 982 1121 1051 distinguente
1156 980 1276 1034 velo
1302 994 1365 1033 ac
1400 994 1499 1034 ceu
1529 979 1751 1049 reginae,
1785 978 1852 1032 ad
1876 977 1961 1047 ja-

389 1089 555 1128 nuam
616 1073 887 1129 vestibula
938 1073 1383 1142 servante:quis
1434 1072 1655 1126 tandem
1711 1071 1960 1141 qualisve

388 1168 757 1222 venerationis
783 1167 965 1221 cultus
1001 1181 1030 1220 a
1075 1166 1234 1220 nobis
1274 1165 1538 1231 minimis,
1566 1164 1664 1219 tibi
1687 1179 1812 1219 vere
1852 1161 1959 1217 Re-

387 1256 526 1327 gina:
555 1255 721 1311 fuerit
757 1255 1139 1312 exhibendus?
1170 1271 1317 1319 vere,
1348 1256 1591 1326 inquam,
1623 1250 1725 1309 Dei
1744 1252 1960 1324 legisla-

387 1350 522 1403 toris
572 1349 827 1402 animatae
873 1363 1014 1403 arcae
1060 1365 1074 1402 :
1122 1348 1262 1402 coelo
1295 1362 1421 1402 vere
1465 1346 1560 1402 Dei
1604 1346 1815 1417 capaci,
1865 1345 1957 1416 qui

388 1453 663 1508 nusquam
692 1439 812 1509 capi
854 1447 1054 1509 potest.
1087 1437 1164 1493 Te
1189 1440 1356 1503 enim,
1391 1437 1741 1493 sanctissima
1769 1435 1956 1507 Virgo,

389 1537 651 1600 tanquam
687 1530 776 1584 die
806 1530 1114 1583 clarissima
1159 1528 1366 1582 mundo
1398 1527 1709 1598 aﬂulgente,
1757 1527 1959 1581 solem-

388 1638 496 1692 que
526 1622 678 1677 illum
706 1620 933 1691 iustitiae
961 1622 1315 1691 producente,
1346 1620 1572 1675 odiosus
1602 1619 1956 1673 tenebrarum

389 1715 584 1769 horror
618 1714 879 1786 depulsus
908 1722 991 1770 est
1023 1732 1035 1766 :
1063 1713 1281 1784 tyranni
1312 1713 1555 1783 potentia
1592 1711 1735 1766 facta
1765 1710 1953 1779 irrita;

388 1824 536 1863 mors
609 1808 921 1874 destructa;
968 1806 1215 1862 infernus
1268 1806 1594 1877 absorptus;
1667 1795 2027 1860 inimicitiaB

387 1897 565 1952 omnis
626 1906 750 1951 ante
811 1897 958 1965 pacis
1014 1903 1366 1965 conspectum
1420 1895 1719 1963 dissoluta;
1774 1895 1949 1950 morbi

397 1988 569 2053 noxii,
610 1989 920 2043 sanctitatis
953 1988 1216 2043 beneﬁcio
1246 1997 1588 2060 erumpente,
1617 1987 1810 2058 procul
1837 2002 1954 2042 om-

387 2095 484 2135 nes
516 2079 791 2135 l‘acessere
835 2080 1012 2150 jussi;
1046 2080 1447 2152 universusque
1477 2090 1745 2135 terrarum
1780 2079 1951 2144 orbis,

387 2171 632 2227 veritatis
675 2172 998 2228 clarissimae
1048 2174 1467 2243 purissimaque
1522 2173 1645 2227 luce
1698 2171 1954 2241 perfusus

385 2268 489 2317 est.
529 2261 608 2315 Ad
637 2276 758 2331 quae
789 2260 1048 2317 Salomon
1083 2264 1136 2317 in
1170 2262 1416 2318 Canticis
1448 2262 1717 2326 alludens,
1754 2263 1830 2315 ita
1864 2276 1948 2315 or-

385 2351 570 2407 ditur:
596 2352 830 2407 Dilectus
862 2370 1004 2408 meus
1028 2355 1178 2419 mihi,
1214 2363 1261 2407 et
1290 2370 1382 2424 ego
1414 2354 1497 2407 illi
1529 2370 1547 2407 :
1573 2355 1662 2424 qui
1695 2355 1867 2423 pascit
1899 2354 1955 2407 in

386 2446 516 2500 liliis
556 2446 722 2501 donec
750 2448 967 2515 respiret
1010 2446 1143 2510 dies,
1179 2456 1228 2501 et
1258 2447 1623 2501 dimoveantur
1666 2446 1865 2500 umbra:
1886 2447 1952 2500 ⁸⁸.

385 2534 523 2601 Quia
566 2551 737 2606 ergo:
775 2535 931 2589 Virus
978 2545 1057 2590 est
1096 2534 1237 2589 Deus
1268 2533 1486 2589 deorum
1531 2536 1588 2588 in
1638 2533 1768 2589 Sion
1787 2535 1854 2597 ³⁸,
1899 2540 1955 2589 et

389 2628 775 2700 magniﬁcentia
798 2625 1002 2680 decoris
1035 2628 1150 2696 ejus
1178 2628 1229 2680 in
1254 2625 1555 2681 Jerusalem
1595 2627 1840 2696 apparuit
1858 2625 1905 2658 “
1935 2643 1948 2680 :

387 2713 604 2786 Luxque
625 2728 704 2769 est
734 2724 853 2768 orta
875 2715 1046 2784 justo,
1065 2726 1114 2769 et
1139 2717 1292 2770 rectis
1332 2716 1487 2772 corde
1511 2718 1698 2773 la’titia
1715 2718 1782 2781 δι,
1795 2717 1951 2786 juxta

388 2806 600 2859 beatum
643 2803 900 2860 Davidem
941 2824 953 2858 :
996 2805 1511 2861 sanctiﬁcandorum
1573 2805 1952 2861 Sanctificator

386 2893 476 2948 ille
505 2901 560 2949 et
591 2893 878 2960 Dominus,
930 2896 1065 2966 legis
1094 2897 1376 2953 doctorem
1413 2906 1577 2968 atque
1614 2899 1948 2964 ministrum,

387 2987 443 3040 in
493 2994 701 3057 partem
754 2991 997 3045 muneris
1041 2997 1096 3045 et
1144 2991 1517 3045 testimonium
1572 2991 1788 3046 illorum
1830 3009 1951 3064 quae

387 3078 711 3148 agebantur,
742 3095 839 3149 per
872 3078 1133 3150 Spiritum
1160 3092 1408 3136 sanctum
1439 3084 1778 3139 convocavit.

457 3166 544 3224 Vl.
584 3168 770 3239 quue
805 3186 970 3226 senex
1017 3171 1275 3244 Symeon,
1310 3175 1732 3230 imbecillitatem
1762 3177 1944 3233 carnis

385 3274 611 3326 exuens,
650 3263 875 3333 speique
896 3265 1121 3322 indutus
1163 3268 1352 3333 robur,
1404 3276 1531 3324 ante
1564 3269 1699 3340 legis
1729 3270 1943 3339 faciem,

383 3354 918 3410 subministratorem
956 3357 1090 3428 legis
1123 3357 1352 3414 festinus
1382 3361 1592 3429 excepit
1625 3379 1635 3413 :
1670 3361 1946 3417 doctorem

384 3444 538 3498 illum
568 3461 633 3500 ex
678 3455 948 3517 potestate
982 3468 995 3504 :
1029 3458 1083 3504 et
1112 3449 1281 3504 Deum
1326 3451 1599 3507 Abraham
1629 3472 1642 3509 :
1675 3462 1948 3523 protecto-

384 3550 496 3589 rem
528 3534 680 3591 lsaac
709 3554 724 3591 :
762 3546 1014 3594 sanctum
1056 3539 1220 3596 Israel
1251 3560 1265 3597 :
1303 3541 1503 3615 Moysis
1539 3552 1945 3616 mystagOgum;

382 3640 530 3691 eum,
577 3627 823 3697 inquam,
863 3631 957 3701 qui
1003 3631 1244 3687 divinam
1292 3649 1448 3689 suam
1492 3636 1946 3702 incarnationem,

385 3724 642 3786 tanquam
674 3720 1002 3788 posteriora,
1042 3722 1216 3777 eidem
1252 3739 1310 3778 se
1341 3725 1669 3795 promiserat
1696 3735 1948 3781 ostensu-

389 3828 512 3868 rum
535 3814 580 3848 δ’
614 3835 626 3870 :
662 3816 883 3872 divitem
913 3819 1063 3873 illum
1094 3821 1149 3875 in
1181 3821 1531 3876 mendicitate
1563 3839 1576 3876 :
1611 3821 1664 3875 in
1696 3822 1946 3887 infantia,

384 3905 600 3960 saeculis
649 3909 1013 3978 anteriorem;
1074 3913 1129 3964 in
1174 3911 1426 3975 visione,
1489 3912 1809 3966 invisibilcm
1847 3932 1859 3967 :
1891 3913 1947 3967 in

385 3994 894 4063 t-omprehensione,
952 3999 1555 4070 iucomprehensibilem
1596 4021 1609 4055 :
1646 4002 1699 4055 in
1765 4002 1949 4072 parvi-

384 4090 517 4148 tate,
546 4085 973 4155 magnitudinem
1001 4104 1214 4143 omnem
1245 4099 1587 4160 superantem
1622 4111 1635 4146 :
1661 4092 1716 4145 in
1750 4091 1951 4160 templo

386 4177 572 4239 simul,
608 4186 663 4232 et
693 4179 750 4233 in
786 4180 1068 4237 altissimis
1099 4199 1113 4236 :
1146 4183 1198 4235 in
1246 4185 1445 4238 throno
1486 4186 1658 4256 regio,
1701 4194 1754 4240 et
1785 4200 1950 4239 curru

390 4265 690 4321 eherubieo
733 4288 746 4322 :
793 4270 1046 4339 supernis
1100 4270 1561 4342 inferioribusque
1609 4274 1952 4329 continenter

384 4366 704 4427 prasentem
737 4377 750 4416 :
782 4361 835 4414 in
882 4360 1057 4415 forma
1100 4363 1263 4426 servi,
1308 4371 1361 4418 et
1408 4364 1581 4419 forma
1613 4365 1704 4421 Dei
1733 4365 1946 4427 Patris:

2057 518 2164 591 γὰρ
2202 521 2267 590 τῇ
2303 517 2471 571 εἰκόνι
2515 517 2614 588 τῆς
2645 517 2742 587 σῆς
2782 516 3065 586 ἁγιότητος
3096 515 3332 587 τοσαύτη
3365 516 3499 587 πρὸς
3530 513 3627 569 τοῦ

2056 611 2191 665 Θεοῦ
2227 610 2543 682 ἀπενεμήθη
2569 611 2732 681 τιμὴ,
2770 608 2844 672 ὡς
2881 609 3068 680 μηδενὶ
3097 608 3378 682 βάσιμονῆ
3410 610 3630 681 πρόχει-

2061 720 2152 775 ρον
2200 705 2278 766 είς
2310 702 2633 773 κατανόησιν
2660 697 2796 753 εἶναι
2828 701 2926 771 τὴν
2952 700 3156 771 ταύτης
3188 699 3387 754 εἴσοδον
3418 700 3452 771 ἢ
3491 700 3627 774 μόνῃ

2056 799 2121 867 τῇ
2158 798 2404 868 ἱερατικῇ
2436 793 2720 865 εὐκοσμίᾳ,
2747 792 2841 847 τοῦ
2864 794 3352 864 καταπετάσματος
3368 792 3629 864 διορίζον-

2056 907 2147 953 τος
2178 890 2271 942 καὶ
2302 887 2672 961 πυλωροῦντος
2700 886 2775 949 ὼς
2805 885 3034 957 βασιλίδι
3065 884 3133 938 τὰ
3176 884 3488 957 προπύλαια
3508 900 3523 915 ·
3571 882 3629 937 τί

2057 982 2165 1053 ἄρα
2194 983 2285 1034 καὶ
2319 980 2560 1034 ποταπὸν
2585 979 2646 1032 τὸ
2684 978 2813 1048 παρ’
2852 978 3007 1049 ἡμῶν
3039 977 3146 1031 τῶν
3188 977 3484 1048 ἐλαχίστων
3523 977 3625 1030 ἐπ⁶

2058 1075 2401 1145 οφειλόμενόν
2448 1090 2529 1126 σοι
2560 1073 2742 1138 σέϐας,
2770 1074 2834 1144 τῇ
2869 1071 3037 1135 ὅντως
3068 1070 3330 1142 βασιλίδι,
3359 1072 3424 1142 τῇ
3457 1069 3627 1133 ὅντως

2058 1168 2286 1240 ἐμψύχῳ
2324 1164 2540 1235 κιϐωτῷ
2570 1164 2664 1217 τοῦ
2709 1162 2993 1234 νομοδότου
3024 1162 3190 1228 Θεοῦ,
3225 1165 3291 1234 τῇ
3325 1161 3491 1224 ὅντως
3518 1178 3627 1230 χω-

2061 1260 2207 1333 ρητῷ
2233 1256 2451 1330 οὐρανῷ
2476 1256 2568 1310 τοῦ
2592 1255 2874 1327 ἀχωρήτου
2906 1254 3039 1307 Θεοῦ
3069 1253 3333 1325 γενομένῃ
3354 1270 3367 1318 ;
3391 1250 3492 1305 Σοῦ
3517 1251 3624 1323 γὰρ

2056 1350 2154 1421 τῆς
2188 1347 2453 1416 παναγίας
2483 1346 2558 1409 ὼς
2582 1343 2898 1414 φωταυγοῦς
2932 1344 3146 1415 ἡμέρας
3173 1343 3525 1414 ἐπιφανείσης
3545 1342 3625 1414 τῷ

2057 1445 2268 1514 κόσμῳ,
2290 1441 2385 1497 καὶ
2404 1440 2497 1494 τὸν
2517 1439 2616 1511 τῆς
2641 1436 2984 1508 δικαιοσύνης
3012 1438 3161 1508 ἥλιον
3183 1439 3621 1509 προαγαγούσης,

2058 1534 2300 1588 ἐκποδὼν
2336 1532 2434 1603 μὲν
2467 1532 2655 1601 γέγονε
2676 1530 2745 1584 τὰ
2778 1530 2871 1583 τοῦ
2896 1530 3116 1592 σκότους
3148 1547 3317 1602 στυγη
3328 1530 3393 1601 ρά
3416 1570 3432 1596 ,
3458 1529 3625 1602 φροῦ-

2057 1625 2144 1689 δος
2172 1623 2228 1676 δὲ
2260 1624 2353 1677 καὶ
2385 1625 2414 1674 ὁ
2440 1621 2702 1693 τύραννος
2734 1620 2968 1691 κατέστη
2993 1636 3008 1652 ·
3043 1620 3134 1673 καὶ
3165 1619 3378 1673 διόλωλε
3411 1621 3508 1692 μὲν
3537 1621 3626 1675 θά-

2058 1733 2235 1779 νατος,
2253 1713 2523 1784 κατεπόθη
2554 1712 2610 1765 δέ
2633 1711 2723 1765 καὶ
2738 1714 2766 1765 ὁ
2781 1711 2931 1784 ᾅδης,
2950 1713 3041 1765 καὶ
3062 1713 3211 1764 πᾶσα
3231 1713 3264 1783 ἡ
3289 1710 3458 1782 ἔχθρα
3490 1729 3623 1766 κατ-

2055 1808 2216 1880 ελύθη
2266 1807 2371 1879 πρὸ
2405 1803 2694 1877 προσώπου
2722 1804 2820 1875 τῆς
2851 1802 3274 1875 εἰρήνης-ζνόσοι
3320 1802 3377 1856 δέ
3424 1803 3621 1874 φθορο-

2056 1901 2199 1954 ποιοὶ
2230 1897 2450 1953 ἄπωθεν
2492 1897 2724 1968 ἔστησαν
2762 1895 2862 1966 τῆς
2905 1895 3175 1967 σωτηρίας
3221 1895 3620 1967 προκυψάσης,
3657 1909 3660 1913 '

2056 1991 2148 2045 καὶ
2192 1991 2366 2061 φωτὸς
2429 1990 2714 2053 ἀνάπλεως
2764 1989 2984 2058 γέγονεν
3024 1989 3059 2058 ἡ
3102 1987 3194 2040 ὑπ’
3240 1986 3464 2059 οὐρανὸν
3522 1988 3623 2058 τῆς

2054 2082 2385 2155 ἀκραιφνοῦς
2432 2082 2707 2155 ἀληθείας.
2746 2082 2937 2134 "At-tvo.
2989 2078 3356 2150 προοιμιάζων
3399 2080 3457 2131 ἐν
3505 2081 3622 2142 τοῖς

2060 2176 2328 2248 ³’ᾼσμαςιιν
2361 2175 2543 2244 ἔλεγεν
2566 2175 2593 2226 ὁ
2618 2171 2872 2243 Σαλομών
2893 2189 2906 2202 ·
2952 2170 3289 2240 Ἁδελξριδός
3310 2188 3428 2240 μου
3458 2171 3583 2240 ἐμοὶ
3600 2210 3617 2233 ,

2055 2269 2215 2340 κάγὼ
2245 2267 2404 2334 αὐτῷ
2422 2285 2435 2298 ·
2485 2270 2517 2321 ό
2561 2266 2889 2334 ποιμαίνων
2911 2267 2979 2318 ἐν
3005 2264 3130 2330 τοῖς
3161 2264 3383 2331 κρίνοις
3409 2262 3519 2328 ἕως
3545 2257 3619 2316 οὗ

2054 2360 2094 2427 ἠ
2147 2356 2335 2427 ἡμέρα
2377 2356 2710 2423 διαπνεύσῃ
2738 2395 2753 2420 ,
2801 2353 2901 2407 καὶ
2956 2350 3281 2420 κινηθῶσιν
3331 2353 3391 2405 αἱ
3432 2350 3618 2405 σκιαί.

2068 2451 2220 2504 Ἐπεὶ
2261 2444 2369 2503 οὖν
2397 2450 2585 2517 Ὠερθη
2623 2450 2657 2501 ό
2697 2445 2841 2511 Θεὸς
2878 2443 2995 2498 τῶν
3036 2444 3188 2501 θεῶν·
3218 2444 3288 2497 ἐν
3313 2442 3486 2506 Σιὼν,
3530 2443 3624 2496 καὶ

2072 2535 2583 2608 Ἡεύπρέπειατῆς
2609 2537 2964 2605 ὡραιότητα·
3003 2536 3187 2590 αὐτοῦ
3218 2536 3287 2589 ἐν
3334 2536 3622 2605 Ἰερουσα-

2051 2628 2177 2699 λὴμ
2205 2625 2524 2696 ἑξεφάνθη,
2558 2625 2657 2678 καὶ
2692 2624 2817 2694 φῶς
2847 2624 3114 2681 ἀνέτειλε
3142 2624 3225 2690 τῷ
3252 2624 3489 2690 δικαίῳ,
3523 2624 3621 2678 καὶ

2052 2721 2175 2787 τοῖς
2202 2721 2407 2775 εὺθέσι
2436 2716 2508 2786 τῇ
2535 2716 2747 2786 καρδίᾳ
2766 2719 3132 2788 εὐφροσύνη,
3157 2716 3296 2771 κατὰ
3322 2716 3411 2770 τὸν
3446 2716 3621 2786 μακά-

2053 2830 2168 2887 ριον
2211 2811 2405 2873 Δαυῖδ,
2446 2812 2476 2862 ό
2516 2810 2622 2863 τῶν
2665 2809 3000 2880 τελουμένων
3043 2808 3332 2879 τελειωτὴς
3366 2806 3477 2878 (53)
3525 2807 3622 2861 καὶ

2051 2903 2326 2973 Δεσπότης
2360 2903 2451 2955 τὸν
2478 2900 2572 2954 τοῦ
2599 2899 2763 2971 νόμου
2788 2899 3091 2953 διδακτικὸν
3127 2899 3221 2952 καὶ
3252 2896 3620 2969 λειτουργικὸν

2054 2994 2409 3048 συνεκάλεσεν
2450 2993 2530 3055 είς
2573 2992 2911 3063 λειτουργίαν
2949 2991 3043 3043 καὶ
3080 2988 3381 3061 μαρτυρίαν
3412 2987 3500 3042 διὰ
3524 2985 3619 3041 τοῦ

2051 3086 2365 3157 Πνεύματος
2388 3086 2482 3139 τοῦ
2507 3086 2664 3155 ἁγίου
2694 3084 2802 3138 τῶν
2829 3082 3230 3154 πραττομένων.

2122 3182 2212 3247 ς’.
2261 3179 2423 3233 Ὅθεν
2458 3175 2899 3248 ἀπεκδυσάμενος
2920 3175 2982 3229 τὸ
3006 3176 3190 3230 ἄτονον
3217 3174 3317 3244 τῆς
3343 3171 3558 3244 ἡλικίας
3589 3171 3620 3223 ὁ

2047 3273 2359 3345 πρεσϐύτης
2387 3270 2628 3342 Συμεὼν,
2652 3272 2745 3324 καὶ
2771 3270 2831 3322 τὸ
2852 3268 3063 3322 εύτονον
3091 3268 3192 3338 τῆς
3222 3266 3431 3328 ἐλπίδος
3457 3267 3622 3317 ἐπεν-

2046 3358 2379 3428 δυσάμενος,
2436 3357 2727 3411 ἀπολαϐεῖν
2771 3355 3029 3409 ἔσπευδεν
3068 3356 3149 3418 εἰς
3193 3356 3485 3427 πρόσωπον
3521 3350 3618 3406 τοῦ

2047 3449 2212 3520 νόμου
2242 3449 2332 3503 τὸν
2360 3449 2452 3503 τοῦ
2480 3449 2644 3520 νόμου
2672 3451 2936 3520 πάροχον·
2964 3447 3053 3500 τὸν
3073 3446 3337 3517 αὐθέντην
3362 3445 3616 3500 διδάσκα-

2047 3541 2138 3595 λον
2166 3541 2275 3612 (54)
2297 3558 2311 3572 ·
2347 3543 2438 3595 τὸν
2468 3540 2601 3594 Θεὸν
2624 3539 2718 3594 τοῦ
2752 3538 3003 3610 Ἀϐραάμ
3024 3555 3037 3568 ·
3067 3537 3159 3591 τὸν
3184 3536 3494 3605 σκεπαστὴν
3520 3534 3615 3588 τοῦ

2060 3633 2244 3687 Ἰσαάκ
2260 3650 2275 3662 ·
2302 3632 2392 3685 τὸν
2427 3633 2578 3701 ἆγιον
2600 3631 2694 3685 τοῦ
2741 3630 2955 3702 Ἰσραήλ
2979 3648 2993 3662 ·
3018 3631 3110 3683 τὸν
3143 3627 3498 3701 μυσταγωγὸν
3522 3627 3617 3680 τοῦ

2048 3724 2355 3786 Μωῦσέως·
2391 3723 2482 3776 τὸν
2517 3724 2614 3793 τὴν
2645 3722 2792 3775 θείαν
2826 3720 3233 3793 ἐνανθρὼπησιν
3280 3719 3355 3784 ὡς
3397 3716 3615 3771 ὀπίσθια

2048 3817 2310 3887 γνωρίσαι
2336 3814 2485 3886 αὐτῷ
2527 3815 2923 3886 ὑποσχόμενον·
2956 3814 3047 3867 τὸν
3078 3813 3137 3866 ἐν
3165 3811 3409 3882 πτωχείᾳ
3454 3808 3620 3863 πλού-

2051 3925 2193 3962 σιον·
2246 3909 2338 3961 τὸν
2379 3910 2439 3960 ἐν
2478 3909 2761 3978 νηπιότητι
2796 3904 3150 3979 προαιώνιον·
3194 3903 3286 3957 τὸν
3332 3906 3390 3956 ἐν
3428 3901 3618 3973 ὁράσει

2049 3998 2276 4070 ἀόρατον
2296 4017 2309 4029 ·
2334 3999 2423 4052 τὸν
2453 4000 2510 4052 ἐν
2542 3998 2828 4071 περιλήψει
2856 3996 3225 4068 ἀπερίληπτον
3249 4012 3261 4025 ·
3287 3993 3377 4047 τὸν
3403 3996 3460 4047 ἐν
3492 4008 3620 4063 σμι-

2051 4092 2272 4165 κρότητι
2308 4091 2656 4164 ὑπερμεγέθη
2681 4108 2694 4120 ·
2740 4091 2831 4144 τὸν
2866 4092 2923 4143 ἐν
2957 4089 3069 4159 ναῷ
3109 4086 3203 4140 καὶ
3234 4087 3292 4139 ἐν
3335 4084 3612 4154 ὑψίστοις·

2048 4186 2141 4238 τὸν
2173 4185 2266 4238 ἐπὶ
2293 4184 2481 4256 θρόνου
2516 4181 2792 4254 βασιλικοῦ
2832 4180 2942 4253 (55)
2969 4180 3063 4233 καὶ
3092 4179 3178 4231 ἐπ’
3205 4177 3478 4247 ὀχήματος
3527 4190 3619 4245 χε-

2056 4275 2333 4348 ρουϐικοῦ·
2381 4275 2471 4329 τὸν
2512 4277 2661 4328 κάτω
2707 4275 2800 4328 καὶ
2844 4273 2955 4327 ἄνω
2998 4270 3365 4331 ἀδιαστάτως·
3411 4268 3503 4320 τὸν
3557 4269 3617 4320 ἐν

2058 4372 2235 4442 μορφῇ
2263 4368 2470 4435 δούλου,
2504 4367 2599 4420 καὶ
2624 4368 2681 4420 ἐν
2711 4368 2888 4437 μορφῇ
2918 4363 3053 4417 Θεοῦ
3082 4362 3295 4433 Πατρός
3312 4376 3328 4391 ·
3356 4359 3450 4413 τὸν
3477 4359 3621 4429 ὑπή-

383 4448 711 4518 subjectum,
770 4460 824 4505 et
851 4449 1053 4522 Regem
1100 4454 1497 4510 universorum.
1541 4453 1670 4509 Erat
1701 4465 1862 4512 'totus
1895 4458 1950 4511 in

2057 4473 2177 4509 κοον
2217 4455 2310 4508 καὶ
2349 4453 2573 4524 βασιλέα
2619 4453 2728 4507 τῶν
2772 4453 3046 4506 ἁπάντων.
3080 4451 3237 4514 Ὅλος
3282 4449 3473 4518 γέγονε
3513 4448 3616 4516 τῆς

383 4538 686 4611 desiderio;
720 4551 869 4600 totus
909 4545 963 4598 in
999 4561 1128 4616 spe;
1168 4554 1315 4601 totus
1353 4547 1405 4599 in
1445 4547 1661 4616 gaudio.
1692 4546 1808 4601 Non
1831 4548 1944 4616 jam

384 4647 518 4687 suus
545 4633 662 4704 ipse
688 4643 826 4701 erat,
858 4637 953 4692 sed
982 4638 1101 4707 ejus
1124 4639 1282 4707 cujus
1308 4654 1401 4707 spe
1425 4638 1633 4694 deﬁxus
1659 4647 1795 4693 erat.
1821 4638 1946 4710 Spi-

384 4723 521 4778 ritus
569 4735 792 4782 sanctus
843 4728 1079 4784 faustum
1122 4731 1584 4784 annuntiaverat:
1619 4728 1787 4801 [velut
1829 4732 1943 4800 jam

2051 4548 2320 4617 ἐφέσεως·
2352 4546 2471 4609 ὅλος
2500 4546 2689 4615 γέγονε
2723 4546 2821 4616 τῆς
2854 4544 3097 4608 ἐλπίδος·
3135 4543 3253 4617 ὅλος
3294 4541 3483 4610 γέγονε
3515 4539 3617 4609 τῆς

2050 4640 2244 4709 χαρᾶς.
2284 4637 2479 4690 Οὐκέτι
2510 4632 2578 4707 ἦν
2616 4635 2811 4700 αὑτοῦ,
2838 4634 2972 4689 ἀλλά
3013 4635 3106 4689 τοῦ
3145 4633 3508 4695 ἐλπισθέντος.
3540 4630 3614 4683 Τὸ

2050 4729 2273 4801 Πνεῦμα
2304 4729 2364 4781 τὸ
2391 4728 2541 4797 ἆγιον
2569 4729 2982 4800 εὐηγγελίσατο,
3020 4728 3113 4781 καί
3149 4728 3276 4798 πρὶν
3301 4726 3333 4796 ἦ
3365 4723 3614 4793 κατειλη-

452 4876 497 4908 ³⁸
529 4877 687 4932 Cant.
711 4895 771 4945 ιι,
805 4880 892 4943 16,
920 4880 1005 4934 17.
1082 4881 1124 4915 ³³
1146 4879 1296 4935 Psal.
1332 4897 1561 4945 Lxxml,
1586 4881 1642 4935 8.
1715 4882 1760 4914 ⁴⁰
1789 4881 1939 4935 Psal.

2057 4899 2090 4943 ι,
2118 4883 2170 4935 6.
2249 4881 2291 4913 δι
2318 4880 2468 4935 Psal.
2527 4897 2669 4946 xcvr,
2718 4882 2807 4936 Η.
2884 4879 2929 4911 ⁸⁸
2963 4878 3136 4933 Exod.
3172 4893 3254 4942 ιιι,
3277 4877 3371 4934 25.

454 4989 566 5059 (5‘2)
606 4989 716 5064 [ὢν
762 4993 833 5047 τὰ
876 4993 1069 5047 πάντα
1098 4994 1168 5047 ἐν
1195 4995 1577 5064 ἀκαταληψίᾳ
1626 4995 1942 5064 ὐπεριδρυ-

382 5058 589 5135 μένον.
612 5058 1041 5135 Vclut_omn_ilms
1076 5066 1129 5118 in
1161 5058 1812 5135 incouipreb'en'sibilitate
1831 5058 1942 5120 'sua

384 5131 744 5204 eminentem,
766 5132 877 5188 fere
900 5132 1123 5204 Paulina
1152 5131 1468 5204 phrasi—qua
1502 5136 1703 5190 dicitur
1729 5135 1941 5190 inhabi-

385 5207 499 5252 tare
531 5200 705 5253 lucem
735 5200 1183 5267 inaccessibilem',
1216 5202 1236 5256 l
1268 5200 1405 5257 Tim:
1432 5221 1505 5259 vt.
1556 5204 1821 5260 Paulinus
1849 5222 1940 5259 re-

386 5269 489 5323 fert
527 5270 903 5344 ad_crea_tu_ras
958 5273 1138 5344 minus
1172 5288 1430 5343 congrue,
1474 5277 1565 5344 qui
1591 5276 1835 5330 universa
1859 5276 1942 5328 in-

384 5338 837 5410 comprehensibili
862 5341 1091 5410 quadam
1121 5338 1322 5396 ratiou'e
1349 5338 1637 5399 constituit.

456 5409 567 5481 (55)
596 5409 666 5485 _‘0
696 5410 814 5485 τῷν
837 5411 1209 5485 τελουμένων
1240 5415 1571 5485 τελειωτής,
1602 5414 1680 5469 Ita
1735 5415 1937 5485 passim

389 5477 698 5556 Dionisius,
732 5477 1046 5556 Gregorius,
1091 5489 1221 5556 etc,
1251 5481 1429 5539 Minus
1487 5477 1609 5556 apte
1650 5477 1934 5549 Paulinus,

386 5549 641 5620 perfeetus
675 5549 879 5614 auctor,
899 5552 1078 5620 potius
1107 5552 1369 5615 initiator,
1386 5549 1812 5620 consummator,
1827 5562 1935 5610 etc.

390 5618 524 5695 Male
553 5619 715 5673 etiam
745 5621 826 5695 τὸ,
857 5618 1071 5695 διὰ-τοῦ.
1098 5621 1408 5695 Πνεύματος
1459 5625 1615 5695 ἁγίου
1675 5618 1817 5695 quod
1850 5640 1938 5678 se-

387 5691 592 5768 quitur,
631 5691 815 5768 ret_ulit
845 5692 911 5768 a_d
944 5692 1075 5768 illud
1102 5693 1210 5768 τῶν
1244 5691 1648 5768 πραττομένων,
1691 5691 1823 5749 cum
1855 5695 1936 5768 _sit

388 5760 610 5812 omnino
640 5760 979 5817 referendum
1008 5762 1075 5817 ad
1106 5760 1323 5819 verbum
1367 5760 1736 5832 συνεκάλεσεν,
1786 5765 1935 5821 velut

2048 4996 2248 5052 alluifat
2279 4994 2344 5050 ad
2369 4996 2532 5050 verba
2558 4995 2890 5066 evangelica,
2937 5002 2989 5066 et
3046 4993 3184 5046 venit
3225 4991 3280 5045 in
3306 4990 3505 5066 spiritu
3533 4993 3609 5066 ⁸ἔτι

2050 5069 2298 5137 templum
2323 5083 2341 5120 :
2371 5068 2517 5120 velut
2539 5059 2794 5119 nimirum
2823 5065 3085 5120 instinctu
3118 5067 3275 5117 actus
3303 5061 3360 5115 in
3394 5059 3608 5116 Domini

2046 5152 2355 5192 occursum.

2115 5206 2229 5279 (54)
2256 5203 3102 5279 νΤὸν-ᾳὺθέντην-διδὰσςκαλον.
3131 5201 3337 5257 Alludit
3357 5200 3424 5279 ad
3444 5199 3608 5254 verba

2045 5271 2355 5346 evangelica
2378 5274 2592 5346 Marcii
2631 5271 2648 5328 ἑ
2680 5274 2811 5328 Erat
2855 5274 3043 5346 docens
3104 5290 3214 5346 eos,
3266 5271 3419 5341 quasi
3466 5279 3612 5338 pote.-

2045 5343 2235 5402 statem
2301 5345 2516 5400 habens.
2578 5345 2756 5400 Minus
2811 5354 2934 5415 apte
2992 5343 3279 5404 Pantinus,
3347 5352 3611 5415 auctorem

2044 5419 2216 5486 ipsum
2238 5428 2289 5471 et
2315 5425 2682 5485 prwceptorem
2715 5409 2863 5486 legis,
2897 5415 3041 5470 velut
3065 5426 3321 5485 suprema
3370 5409 3613 5465 auctori-

2042 5496 2154 5542 tate
2171 5489 2478 5542 docentem.

2113 5558 2226 5641 (55.)
2270 5556 2402 5639 Ἐςτι
2443 5557 2669 5641 θρόνου.
2697 5552 3303 5641 βασμιθείιίηδξιξξεὶεξ
3349 5549 3607 5641 ιέὲξιὲἷὶξξτέ

2042 5621 2273 5700 Deipara
2304 5629 2428 5681 sinu
2462 5621 2729 5697 gestante,
2792 5633 2849 5679 ut
2900 5625 3098 5695 ubique
3126 5624 3311 5679 divina
3353 5621 3608 5676 humanis

2042 5706 2445 5770 comparentur.
