3962 6278
380 290 480 349 $8!

1463 290 1695 351 saeuo
1731 292 1820 348 ne
1859 248 2156 351 SquONE
2193 292 2279 349 ET
2317 292 2521 348 ANNA.

3509 298 3613 354 362

387 412 549 481 φέναι
582 411 676 467 τὸν
704 411 852 479 ναὸν,
874 414 987 478 τοῖς
1009 414 1109 485 τῆς
1130 413 1370 478 διανοίας
1393 412 1688 486 ὀφθαλμοῖς
1718 415 1928 470 ἀναπτε·

2055 422 2251 470 natura
2312 414 2642 470 exstinctum
2699 411 3115 482 suscitaveratﬂ
3176 427 3239 467 ac
3291 413 3610 484 priusquam

386 503 668 575 ρούμενος,
696 505 771 570 ὡς
787 504 928 576 ἔχων
951 505 1051 576 ήδη
1080 505 1140 559 τὸ
1168 503 1494 575 ποθούμενον
1515 504 1781 576 ὲγεγήθει.
1799 504 1952 574 Ἀγό-

384 613 546 668 μενος
576 596 634 650 δὲ
667 596 810 651 οὕτω
828 637 843 663 ,
886 598 982 652 καὶ
1023 596 1447 668 μετεωροπορῶν
1476 598 1589 661 τοῖς
1619 597 1950 669 διαδήμασιν

377 687 678 755 ὠκυτάτως
696 730 712 755 ,
751 690 845 744 τὸν
885 689 1053 744 πάλαι
1101 689 1246 759 ἱερὸν
1293 688 1696 759 καταλαμϐάνει
1745 688 1913 760 σηκὸν
1930 729 1946 754 ,

380 780 478 835 καὶ
506 781 566 834 οὐ
593 780 843 852 προσχὼν
867 779 944 851 τῷ
962 766 1129 851 ῗερῷ,
1158 777 1235 849 τῷ
1259 777 1353 831 τοῦ
1389 777 1535 851 ἰεροῢ
1559 778 1817 850 πρυτάνει
1848 778 1949 843 τὰς

379 872 532 943 ἱερὰς
562 872 769 936 ὠλένας
797 871 1108 943 ὲφήπλωσε,
1126 869 1305 923 τοιάδε
1329 868 1502 938 λέγων
1531 869 1647 940 ἅμα
1666 870 1761 922 καὶ
1783 868 1943 940 ᾄδων,

378 962 416 1018 ἃ
468 964 564 1018 καὶ
606 964 674 1035 τῇ
721 963 972 1034 ἀσπαστῇ
1010 962 1194 1033 τελετῇ
1241 960 1516 1031 προσῆκε’
1567 960 1635 1012 Σὲ
1669 959 1943 1026 ἐπιποθῶ,

374 1055 613 1109 δέσποτα
646 1054 745 1108 Θεὲ
779 1054 1031 1127 πατέρων
1052 1094 1067 1119 ,
1103 1053 1197 1106 καὶ
1237 1051 1411 1123 Κύριε
1460 1049 1555 1104 τοῦ
1599 1049 1814 1117 ἐλέους,
1854 1052 1945 1105 τὸν

377 1140 791 1206 καταξιώσαντα
834 1145 900 1213 τῇ
933 1141 1037 1212 ἰδίᾳ
1075 1140 1203 1213 δόξῃ
1236 1140 1330 1194 καὶ
1366 1140 1531 1211 ἀρετῇ
1554 1179 1568 1204 ,
1611 1139 1686 1203 ὡς
1729 1139 1945 1196 πάντων

375 1234 708 1305 προνοητικῇ
733 1272 748 1297 ,
779 1233 918 1287 αἰδοῖ
962 1232 1061 1304 τῆς
1091 1230 1225 1303 πρὸς
1261 1229 1410 1301 ἡμᾶς
1452 1228 1941 1298 συγκαταὸάσεως,

374 1322 628 1396 καθάπερ
657 1323 1008 1396 σπονδηφόρῳ
1039 1322 1285 1394 μεσιτείᾳ
1304 1359 1319 1384 ,
1348 1320 1428 1383 εἰς
1454 1319 1670 1391 φιλικὴν
1708 1320 1943 1393 ὁμηρεῦ-

372 1434 466 1471 σαι
489 1415 802 1488 συμφωνίαν
831 1416 957 1478 τοὺς
985 1413 1335 1483 ὲπουρανίους
1362 1411 1498 1483 πρὸς
1523 1412 1648 1476 τοὺς
1669 1413 1936 1482 γηγενεῖς.

371 1506 442 1558 Σὲ
476 1505 717 1578 ἐπιζητῶ
755 1506 846 1560 τὸν
875 1504 1177 1577 αὐτουργὸν
1211 1503 1318 1558 τῶν
1355 1502 1634 1558 ἁπάντωνο
1671 1503 1730 1558 σὲ
1773 1521 1942 1575 καρα-

371 1597 549 1661 δοκῶ,
574 1597 667 1652 τὸν
700 1597 1022 1670 περιέχοντα
1058 1596 1200 1668 λόγῳ
1235 1595 1302 1650 τὰ
1328 1598 1532 1654 πάντα·
1568 1598 1627 1651 σὲ
1649 1596 1941 1667 ἀπεκδέχο-

380 1706 500 1760 μαι,
529 1689 620 1743 τὸν
650 1689 794 1762 ζωῆς
820 1690 911 1743 καὶ
943 1689 1171 1743 Θανάτου
1198 1689 1524 1756 δεσπόζοντα
1543 1708 1556 1721 ο
1584 1691 1643 1743 σὲ
1666 1688 1936 1760 ἀναμένω,

373 1780 465 1834 τὸν
504 1782 830 1853 νομοδότην,
858 1782 950 1835 καὶ
987 1781 1079 1835 τοῦ
1125 1782 1288 1852 νόμου
1321 1782 1583 1853 διάδοχοψ
1634 1783 1693 1835 σὲ
1735 1780 1904 1835 πεινῶ
1923 1820 1938 1846 ,

2050 506 2311 577 templum
2353 504 2641 575 attigisset,
2697 504 2990 561 subvectus
3020 504 3388 576 intelligentia:
3411 503 3609 573 oculis,

2050 598 2197 653 velut
2223 596 2334 667 jam
2378 595 2742 655 desideratum
2799 597 3043 661 haberet,
3079 597 3275 667 gaudio
3320 597 3607 668 gestiebat.

2052 686 2143 744 Sic
2165 703 2329 759 porro
2352 695 2528 752 actus,
2562 703 2624 742 ac
2653 704 2749 760 per
2791 689 2991 759 gradus
3024 689 3307 744 celerrime
3338 704 3607 745 conscen-

2049 780 2206 845 dens,
2263 794 2482 835 sacrum
2531 779 2796 835 hactenus
2836 779 3113 849 penetrale
3172 786 3436 848 occupat;
3467 787 3608 835 tem-

2047 870 2246 940 ploque
2274 869 2502 931 omisso,
2561 869 2736 938 ipsius
2768 869 2953 938 templi
2984 869 3199 939 praesidi
3233 884 3420 925 sacras
3448 869 3607 926 ulnas

2046 957 2334 1030 expandit;
2386 957 2652 1027 ejusmodi
2692 959 2953 1028 quosdam
3001 958 3256 1027 jucunda:
3306 958 3605 1015 celebritati

2045 1066 2317 1122 congruos
2365 1064 2646 1106 sermones
2696 1050 2910 1105 cantico
2951 1049 3278 1121 deprornens
3304 1070 3317 1104 :
3346 1049 3422 1106 Te
3462 1051 3607 1107 desi-

2043 1141 2198 1208 dero,
2230 1124 2458 1199 Domine
2502 1142 2645 1198 Deus
2676 1152 2913 1214 patrum,
2942 1150 2996 1196 et
3027 1143 3250 1197 Domine
3292 1142 3606 1198 misericor-

2043 1233 2177 1302 diae;
2213 1234 2306 1304 qui
2335 1242 2428 1289 tua
2460 1235 2578 1305 ipse
2609 1237 2874 1291 sententia
2908 1243 2961 1290 et
2994 1235 3213 1298 virtute,
3242 1243 3300 1288 ut
3328 1249 3432 1305 qua
3476 1250 3603 1303 pro-

2040 1324 2226 1381 videas
2256 1307 2528 1389 dmnibus,
2560 1325 2873 1397 dignatione
2922 1326 3011 1379 illa
3040 1341 3148 1395 qua
3175 1334 3227 1381 te
3256 1326 3416 1382 nobis
3444 1327 3606 1380 incli-

2039 1432 2160 1483 nas,
2194 1432 2293 1474 ceu
2331 1427 2610 1488 sequestra
2659 1419 2877 1474 frederis
2902 1418 3304 1482 conciliatione,
3348 1419 3601 1474 cmlestes

2040 1508 2184 1563 inter
2215 1510 2641 1579 terrigenasque,
2686 1509 2979 1563 amicitiam
3018 1508 3343 1564 concordem
3387 1524 3600 1565 sancire

2036 1599 2279 1656 voluisti.
2328 1598 2404 1657 Te
2435 1606 2617 1671 quaero
2654 1601 2831 1671 ipsum
2880 1605 3156 1653 auctorem
3195 1600 3596 1657 universorum.

2039 1689 2175 1745 Tota
2208 1699 2261 1747 ιο
2290 1692 2588 1762 cupiditate
2623 1699 2898 1763 exspecto,
2941 1693 3034 1761 qui
3066 1708 3317 1748 sermone
3351 1693 3601 1748 contines

2041 1784 2243 1838 omnia.
2297 1782 2372 1839 Te
2415 1785 2723 1855 praestoler,
2774 1785 2897 1841 vitae
2946 1786 3247 1855 mortisque
3294 1784 3601 1840 dominato-

363 1871 458 1927 τὸν
480 1874 738 1941 ζωοποιὸν
753 1873 861 1928 τῶν
885 1873 1323 1945 νενεκρωμένωνο
1351 1874 1410 1926 σὲ
1433 1871 1591 1944 διψῶ,
1618 1872 1716 1943 τὴν
1733 1871 1928 1941 ἀνάψυ-

2035 1889 2171 1930 rem.
2206 1873 2282 1931 Te
2326 1877 2568 1934 sustineo
2595 1873 2835 1931 datorem
2885 1875 3039 1945 legis.
3079 1877 3435 1948 ejusdemque
3463 1891 3595 1934 suc-

367 1966 450 2033 ξιν
476 1970 583 2022 τῶν
609 1971 998 2040 κεκμηκότων
1037 1970 1097 2022 σὲ
1148 1968 1397 2039 ἐπιθυμῶ
1440 1969 1530 2022 τὸν
1579 1968 1802 2038 κτίστην
1842 1968 1935 2021 καὶ

362 2056 642 2129 λυτρωτὴν
673 2057 767 2111 τοῦ
801 2058 1024 2130 κόσμου.
1067 2056 1140 2109 Σὺ
1176 2055 1332 2128 ἡμῶν
1359 2055 1490 2119 Θεὸς
1512 2096 1527 2121 ,
1555 2057 1650 2110 καὶ
1679 2057 1738 2110 σὲ
1769 2073 1936 2127 προσ-

362 2147 651 2218 κυνοῦμεν.
682 2148 752 2201 Σὺ
772 2150 804 2220 ἡ
815 2149 929 2220 μῶν
958 2147 1083 2212 ναὸς
1106 2148 1290 2216 ἅγιος,
1319 2146 1412 2200 καὶ
1445 2147 1504 2200 ὲν
1537 2147 1621 2200 σοὶ
1646 2145 1936 2219 προσευξό-

366 2238 504 2309 μεθα
524 2256 537 2270 ·
568 2239 632 2292 σὺ
655 2239 872 2310 θεσμῶν
901 2238 1254 2310 θεσμοθέτης,
1277 2239 1370 2292 καὶ
1402 2239 1482 2291 σοὶ
1509 2229 1929 2309 πειθαρχῶμεν.

360 2332 432 2384 Σὺ
468 2332 600 2395 Θεὸς
633 2333 863 2403 πρῶτος·
901 2331 1207 2403 ἔμπροσθέν
1250 2348 1343 2384 σου
1374 2332 1473 2385 οὐκ
1516 2329 1775 2402 ἐγεννήθη
1821 2330 1932 2403 (56)

363 2416 495 2482 Θεος
528 2418 684 2483 ἄλλος
716 2421 780 2471 ὲκ
812 2420 948 2472 Θεοῦ
983 2419 1214 2491 Πατρὸς,
1248 2421 1339 2474 καὶ
1377 2420 1514 2491 μετὰ
1547 2421 1608 2473 σὲ
1653 2421 1752 2473 οὐκ
1779 2419 1931 2474 ἔσται

358 2510 518 2574 ἄλλος
554 2510 685 2572 Υἱὸς
725 2509 803 2580 τῷ
827 2510 1004 2581 Ποιτρ)⁵
1042 2511 1323 2581 ὁμοούσιος
1364 2513 1457 2564 καὶ
1491 2511 1768 2582 ὁμότιμος.
1823 2511 1934 2565 Καὶ

361 2603 427 2657 τὸ
453 2601 814 2656 ἐπίστασθαί
841 2618 937 2666 σε,
968 2604 1300 2670 ὁλόκληρος
1332 2601 1703 2671 δικαιοσύνη·
1728 2602 1826 2656 καί
1854 2604 1931 2657 εί-

358 2695 525 2751 δέναι
554 2711 670 2749 σου
692 2692 759 2747 τό
789 2693 1028 2762 κράτος,
1049 2693 1183 2763 ῥίζα
1212 2696 1562 2760 ἀθανασίας.
1597 2695 1668 2747 Σὺ
1706 2689 1758 2746 εἴ
1784 2694 1816 2748 ό
1841 2694 1931 2749 διὰ

2038 1978 2333 2022 cessorem.
2382 1965 2457 2021 Te
2496 1967 2713 2031 esurio,
2764 1966 2856 2034 qui
2908 1965 3150 2022 viviﬁcas
3190 1974 3455 2024 mortuos.
3500 1969 3587 2023 Si-

2035 2059 2113 2113 tio
2146 2065 2218 2118 te.
2255 2056 2670 2128 defatigatorum
2710 2056 3074 2127 refrigerium.
3113 2057 3191 2113 Te
3233 2062 3584 2131 concupisco,

2036 2150 2227 2205 mundi
2261 2156 2560 2205 creatorem
2612 2148 3134 2218 redemptoremquc.
3184 2149 3264 2204 Tu
3310 2149 3454 2207 Deus
3498 2168 3597 2206 no-

2036 2249 2185 2309 ster;
2214 2248 2377 2313 teque
2409 2243 2721 2297 adoramus.
2773 2240 2853 2294 Tu
2904 2249 3151 2296 sanctum
3197 2244 3454 2313 templum
3496 2260 3596 2299 no—

2034 2339 2244 2397 strum;
2293 2340 2525 2402 votaque
2570 2332 2625 2385 in
2672 2339 2724 2385 te
2768 2330 3052 2386 faciemus.
3080 2330 3160 2385 Tu
3204 2332 3381 2402 legum
3415 2333 3589 2397 lator;

2031 2422 2242 2492 tibique
2284 2423 2805 2492 obtemperabimus.
2842 2422 2920 2476 Tu
2944 2422 3085 2477 Deus
3111 2423 3358 2492 primus;
3388 2432 3514 2478 ante
3540 2435 3592 2479 te

2031 2527 2139 2567 non
2168 2521 2253 2568 est
2275 2523 2436 2568 natus
2463 2512 2605 2568 Deus
2636 2514 2776 2569 alius
2800 2529 2866 2568 cx
2906 2512 3017 2568 Deo
3048 2512 3206 2567 Patre
3230 2513 3305 2576 ";
3335 2529 3436 2568 nec
3467 2524 3590 2584 post

2029 2613 2084 2659 te
2113 2603 2329 2660 futurus
2353 2613 2437 2661 est
2466 2606 2608 2660 alius
2628 2604 2799 2660 Filius
2824 2604 2967 2658 Patri
3000 2605 3508 2669 consubstantialis,
3535 2618 3591 2661 et

2029 2695 2274 2766 ejusdem
2305 2708 2430 2750 cum
2478 2697 2598 2766 ipso
2649 2695 2852 2766 gloriae.
2896 2696 3070 2765 Atque
3119 2712 3270 2751 nosse
3313 2706 3381 2764 te,
3419 2699 3593 2753 solida

358 2787 458 2860 τὴν
486 2786 757 2859 ἡμετέραν
788 2787 1060 2858 σωτηρίαν
1082 2789 1252 2855 λίθος
1275 2787 1695 2858 ἀκρογωνιαῖος
1709 2827 1722 2851 ,
1745 2791 1928 2842 uolua

2030 2788 2235 2857 iustitia
2261 2799 2337 2842 est
2365 2802 2384 2842 :
2416 2796 2657 2859 tuamque
2683 2789 2817 2842 scire
2853 2787 3159 2857 potentiam,
3192 2787 3349 2842 radix
3376 2789 3592 2845 immor-

362 2878 541 2946 τελής
580 2895 644 2932 τε
686 2877 783 2932 καὶ
832 2877 1104 2948 ἔντιμος,
1150 2881 1213 2950 τῇ
1250 2878 1387 2931 Σιὼν
1418 2878 1922 2950 προαναγορευθείς.

372 2969 765 3041 ’Υποῦέδληται
807 2969 915 3040 γάρ
968 2985 1051 3022 σοι
1111 2967 1179 3022 τὰ
1236 2970 1414 3022 πάντα
1484 2969 1560 3031 ὡς
1602 2969 1789 3041 αἰτίῳ·
1850 2969 1927 3032 ὡς

357 3060 731 3132 παραγαγόντι
772 3058 841 3112 τὰ
870 3059 966 3113 ὅλα
1002 3062 1066 3113 ἐκ
1099 3058 1172 3130 μὴ
1207 3059 1376 3115 ὄντων
1405 3061 1484 3123 εἰς
1529 3050 1593 3112 τὸ
1623 3055 1761 3113 εἶναι
1782 3099 1797 3125 ,
1829 3060 1925 3113 καὶ

354 3150 612 3206 σύστασιν
641 3152 855 3222 εὐπαγῆ
876 3153 986 3215 τοῖς
1008 3151 1260 3215 ἀστάτοις
1306 3150 1640 3223 παρασχόντι
1658 3167 1672 3181 ο
1698 3150 1773 3214 ὡς
1802 3168 1924 3203 συν·-

349 3244 448 3314 οχῇ
497 3244 589 3297 καὶ
628 3244 840 3315 φρουρᾷ
884 3242 992 3296 τῶν
1024 3241 1546 3315 παρενηνεγμένων·
1588 3242 1664 3306 ὡς
1709 3242 1922 3311 φύσεων

349 3337 618 3411 διαφόρων
646 3337 960 3411 δημιουργῷ
979 3354 993 3369 ⁸
1037 3337 1112 3402 ὡς
1139 3337 1437 3401 οἰακιζοντι
1470 3336 1694 3408 παλάμῃ
1724 3337 1923 3390 παναλ-

350 3434 584 3507 κεστάτῃ
624 3435 718 3489 καὶ
763 3434 1161 3508 πανσοφωτάτῃ
1187 3432 1253 3487 τὰ
1296 3432 1617 3504 σύμπαντα’
1658 3434 1733 3497 ὡς
1765 3434 1924 3487 εὐτα-

350 3525 469 3593 ξίας
499 3527 714 3597 ἁπάσης
758 3524 977 3597 ῥυθμῷ·
1006 3526 1080 3590 ὼς
1110 3524 1428 3596 συμφωνίας
1453 3525 1546 3578 καὶ
1572 3526 1795 3596 εἰρήνης
1822 3525 1919 3593 ἀρ·-

350 3619 504 3690 ραγεῖ
524 3618 824 3690 συνδέσμῳ.
856 3618 958 3672 Ἕν
977 3618 1072 3671 σοί
1103 3620 1215 3687 γὰρ
1231 3616 1433 3686 ζῶμεν,
1459 3616 1557 3670 καὶ
1578 3616 1918 3683 κινούμεθα,

348 3711 443 3764 καί
479 3709 682 3782 ἐσμέν.
710 3711 807 3764 Διὰ
838 3711 1026 3774 τοῦτο,
1066 3711 1242 3778 Κύριε
1267 3713 1299 3763 ὀ
1333 3709 1476 3774 Θεός
1503 3724 1622 3777 μου
1641 3749 1655 3770 ,
1683 3704 1920 3769 δοξάσω

347 3816 442 3864 σε,
463 3799 713 3870 ὑμνήσω
737 3800 803 3852 τὸ
827 3797 1013 3868 ὄνομά
1032 3813 1170 3852 σου·
1187 3798 1275 3851 ὅτι
1299 3799 1593 3865 ἐποίησας
1609 3795 1920 3865 θαυμαστὰ

346 3893 656 3964 πράγματα
673 3933 688 3956 ,
727 3891 970 3958 βουλὴν
995 3890 1252 3958 ἀρχαίαν
1282 3887 1579 3956 ἀληθινὴν
1596 3928 1610 3951 ,
1633 3887 1916 3956 ἐξομολό-

345 4000 525 4050 γησιν
565 3983 662 4037 καὶ
676 3981 1214 4053 μεγαλοπρέπειαν
1244 3979 1672 4049 ἐνδυσάμενος.
1708 3979 1773 4031 Τί
1809 3977 1918 4047 γὰρ

345 4069 801 4146 περιφανέσιέρον
828 4072 1038 4144 βασιλεῖ
1058 4070 1455 4146 περιανθούσης
1474 4070 1800 4142 πορφυρίδος
1823 4069 1917 4122 καὶ

344 4168 746 4239 ὲπιλάμποντος
768 4165 1095 4238 διαδήματος
1119 4183 1134 4231 ;
1159 4166 1231 4218 Ἦ
1263 4164 1315 4219 τί
1346 4161 1918 4237 μεγαλοπρεπέστερον

343 4261 462 4334 Θεῷ
494 4259 857 4332 φιλανθρώπῳ
887 4257 1263 4335 φιλανθρώπου
1290 4255 1768 4326 ὲνανθρωπήσεως,
1797 4254 1916 4317 ταῖς

343 4356 810 4426 παμφανωτάταις
839 4352 1146 4423 ὲξαυγείαις
1166 4350 1309 4429 τοὺς
1332 4351 1401 4403 ἐν
1423 4349 1624 4403 σκότει
1649 4346 1747 4399 καί
1772 4343 1916 4413 σκιᾷ

342 4447 599 4504 θανάτου
642 4445 1017 4515 καθημένους
1057 4443 1570 4513 καταλαμπούσης
1588 4455 1608 4505 ;
1653 4439 1763 4492 Καὶ
1807 4437 1914 4511 μὴν

2030 2879 2260 2934 talitatis
2287 2878 2355 2934 ιο.
2389 2877 2469 2934 Tu
2510 2887 2714 2934 nostra:
2752 2879 2946 2935 salutis
2975 2893 3162 2944 causa,
3202 2879 3337 2948 lapis
3375 2881 3464 2935 ille
3494 2899 3594 2937 an-

2026 2972 2232 3043 gularia
2265 2972 2558 3042 exquisitas
2589 2982 2639 3024 et
2672 2974 2931 3040 pretiosus
2956 2970 3023 3033 ",
3054 2969 3204 3026 Sioni
3252 2981 3410 3028 antea
3451 2989 3590 3047 prae-

2026 3061 2223 3117 dictus.
2260 3060 2381 3117 Tibi
2411 3062 2555 3116 enim
2606 3063 2883 3117 substrata
2923 3068 3051 3116 sunt
3088 3063 3271 3116 omnia
3316 3070 3377 3117 ut
3412 3079 3591 3119 causa:

2025 3160 2080 3207 et
2111 3153 2344 3211 auctori.
2370 3164 2429 3206 ut
2455 3154 2503 3207 ei
2546 3154 2638 3223 qui
2667 3153 2922 3207 universa
2951 3168 3019 3207 ex
3049 3152 3220 3207 nihilo
3247 3153 3313 3208 ad
3342 3170 3469 3211 esse
3495 3156 3591 3210 de-

2024 3244 2200 3307 duxit,
2226 3243 2499 3313 rebusque
2521 3242 2868 3297 instabilibus
2903 3241 3114 3296 ﬁrmam
3142 3245 3587 3300 constitutionem

2024 3334 2215 3389 tribuit
2241 3351 2255 3388 :
2287 3340 2544 3402 tanquam
2576 3347 2757 3388 rerum
2788 3332 2843 3384 in
2890 3346 3015 3386 esse
3039 3332 3393 3388 deductarum
3424 3336 3587 3388 nexui

2024 3423 2524 3493 commissumque,
2557 3431 2717 3491 atque
2760 3421 3054 3491 praesidio:
3091 3429 3351 3491 tanquam
3392 3431 3585 3477 natura

2021 3516 2363 3571 diversorum
2414 3513 2594 3583 opiﬁci
2627 3532 2641 3567 :
2674 3513 2819 3568 velut
2864 3513 2935 3577 ei,
2992 3512 3087 3582 qui
3139 3528 3306 3568 manu
3356 3528 3585 3583 prorsus

2022 3605 2326 3660 fortissima
2361 3603 2875 3675 sapientissimaque
2910 3603 3225 3657 moderatur
3279 3603 3534 3659 universa
3567 3623 3578 3656 :

2020 3700 2168 3754 velut
2215 3698 2501 3770 compositi
2547 3698 2923 3765 cujuscunque
2970 3695 3180 3750 ordinis
3233 3695 3489 3766 rhythmo
3530 3706 3585 3751 et

2021 3792 2427 3849 concinnitati:
2465 3800 2525 3847 ut
2567 3788 2873 3844 concordiae
2913 3788 3172 3858 pacisque
3214 3788 3580 3844 indissolubili

2019 3881 2261 3936 vinculo.
2313 3878 2383 3934 In
2424 3888 2473 3932 te
2512 3879 2651 3933 enim
2700 3876 2938 3939 vivimus.
2990 3886 3041 3931 et
3077 3892 3362 3943 movemur,
3407 3887 3457 3932 et
3488 3896 3583 3934 su-

2018 3990 2135 4027 mus
2158 3973 2224 4027 “.
2265 3971 2582 4042 Propterea,
2616 3969 2838 4025 Domine
2868 3969 3006 4024 Deus
3053 3985 3219 4035 meus,
3272 3970 3580 4039 gloriﬁcabo

2020 4070 2068 4116 te
2090 4063 2164 4130 ιτς
2195 4060 2423 4116 laudabo
2457 4076 2641 4115 nomen
2684 4069 2855 4124 tuum,
2885 4059 3133 4130 quoniam
3164 4058 3337 4128 fecisti
3370 4076 3450 4114 res
3479 4060 3580 4113 ad-

2019 4154 2318 4219 mirandas,
2361 4153 2642 4207 consilium
2675 4152 2949 4222 antiquum
2979 4168 3157 4206 verum
3187 4151 3260 4218 ⁴⁸;
3291 4153 3578 4221 confessio-

2019 4264 2136 4303 nem
2179 4256 2232 4301 et
2263 4247 2501 4301 decorem
2550 4244 2766 4299 indutus
2789 4247 2855 4298 δ’.
2887 4243 3028 4317 Quid
3066 4245 3209 4299 enim
3251 4245 3386 4313 regi.
3430 4253 3581 4299 veste

2017 4354 2291 4411 purpurea
2321 4337 2571 4392 ﬂoridum
2594 4336 2724 4406 quid
2754 4336 3222 4398 circummicante,
3249 4325 3581 4389 diademate-

2015 4448 2122 4503 quc
2149 4432 2458 4504 eﬁ'ulgente,
2497 4429 2868 4502 splendidius?
2896 4426 3036 4494 Quid
3080 4442 3231 4489 vero,
3277 4425 3583 4480 clementis-

338 4540 562 4604 εἰκότως
609 4539 703 4592 καὶ
742 4535 1201 4609 προανευφήμησέ
1255 4551 1314 4587 σε
1366 4532 1473 4587 τὸν
1501 4530 1766 4586 Βασιλέα
1796 4527 1914 4583 τῶν

2030 4526 2158 4579 simo
2184 4524 2314 4587 Deo,
2352 4522 2605 4578 clementi
2647 4522 2748 4576 hac
2775 4521 3013 4576 hominis
3036 4517 3432 4588 assumptione,
3468 4517 3581 4570 cla~

339 4631 568 4691 αίάηοων
590 4635 619 4686 ὁ
652 4630 982 4703 πρόσκαιρος
1018 4626 1267 4698 βασιλεὺς
1293 4627 1388 4679 καὶ
1406 4625 1641 4695 οἰκέτης,
1661 4621 1903 4691 φάσκωψ

350 4724 574 4792 Ὡραῒος
610 4721 819 4775 κάλλει
851 4719 1010 4786 παρὰ
1044 4719 1187 4784 τοὺς
1214 4716 1384 4784 υἱοὺς
1410 4714 1527 4769 τῶν
1554 4711 1905 4780 ἀνθρώπων,

338 4820 367 4873 ὁ
399 4821 458 4874 ὲν
487 4815 794 4886 ἀνθρόητοις
819 4813 952 4878 Θεὸς
983 4813 1078 4866 καὶ
1115 4811 1420 4883 ἄνθρωπος.
1444 4807 1769 4881 Περιεζώσω
1798 4805 1907 4876 γὰρ

335 4910 424 4969 διὰ
473 4912 573 4982 τῆς
612 4910 764 4972 θείας
804 4925 900 4961 σου
945 4905 1273 4979 σαρκώσεως
1313 4902 1622 4973 δικαιοσύνῃ
1675 4900 1769 4972 μὲν
1808 4897 1907 4969 τὴν

337 5004 567 5073 ὀσφύν
600 5001 903 5069 malum
942 4997 1011 5051 δὲ
1037 4998 1133 5050 καὶ
1172 4996 1420 5064 ἀληθείᾳ
1460 4995 1565 5060 τὰς
1611 4989 1904 5059 πλευρὰς,

2014 4617 2249 4673 rissimis
2279 4616 2395 4671 suis
2422 4614 2590 4669 radiis
2616 4613 2950 4667 illuminante
2991 4610 3224 4666 sedentes
3260 4610 3315 4662 in
3352 4607 3579 4663 tenebris

2013 4718 2062 4762 et
2106 4707 2295 4761 umbra
2325 4705 2510 4759 mortis
2538 4705 2605 4768 δί’,
2638 4699 3111 4773 magniﬁcentius?
3140 4698 3398 4769 Apposite
3446 4711 3579 4752 sane
3642 4694 3645 4695 ⁷

2014 4800 2201 4875 Regem
2222 4807 2277 4854 te
2305 4802 2618 4853 necatorum
2638 4797 2707 4862 δι,
2736 4803 3122 4865 temporaneus
3156 4792 3246 4846 ille
3271 4805 3366 4845 rex
3393 4804 3459 4843 ac
3495 4788 3581 4841 l‘a-

2013 4895 2193 4947 mulus
2224 4898 2372 4956 tuus,
2396 4888 2592 4945 faustis
2621 4888 2748 4943 olim
2779 4884 3344 4957 congratulationibus
3377 4883 3578 4939 omini.

2013 4986 2224 5056 busque
2244 4992 2565 5054 prosccutus
2587 4986 2690 5046 est,
2714 4979 2901 5033 dicens
2928 4996 2941 5032 :
2970 4975 3245 5046 Speciosus
3269 4974 3442 5044 forma
3466 4988 3575 5041 pra:

337 5067 656 5168 αὐτόχρημα
698 5067 1011 5161 δικαιοσύνη
1061 5089 1156 5143 καὶ
1209 5087 1433 5160 ἀλήθεια
1471 5086 1758 5157 ὑπάρχων,
1812 5082 1907 5137 καὶ

2030 5079 2139 5132 iliis
2170 5076 2439 5130 hominum
2456 5075 2538 5139 ";
2570 5071 2664 5142 qui
2703 5071 2759 5125 in
2789 5070 3125 5135 hominibus,
3156 5067 3300 5125 Deus
3333 5068 3452 5139 ipse
3494 5067 3572 5120 sis

438 5254 487 5286 ⁸³
519 5252 630 5307 Isa.
669 5266 822 5307 xun.
856 5247 941 5301 l0.
1017 5245 1063 5277 “
1086 5246 1212 5307 Sap.
1241 5261 1331 5306 xv,
1366 5257 1450 5297 ιιι.
1517 5240 1560 5273 ⁸⁸
1594 5238 1744 5293 Psal.
1784 5250 1927 5291 cxvn

2030 5235 2095 5307 lq;
2178 5230 2292 5307 _l_sa:
2324 5227 2646 5307 XXVIII,16_;
2720 5224 2917 5307 l_Petr.
2956 5224 3109 5307 ιι,ῥᾷ
3170 5223 3570 5307 ’δὶΑριῶοκνιιξν

332 5324 422 5380 28.
498 5289 897 5381 ἰςωὲπδᾶῖ-ἓνι,
936 5316 989 5372 2.
1066 5315 1112 5348 ⁸⁸
1155 5289 1268 5368 Ῐδα.
1309 5289 1447 5377 ίιν,
1477 5314 1526 5367 l.
1603 5311 1648 5340 "
1692 5307 1823 5362 Psal
1883 5321 1928 5360 c1

2051 5289 2099 5359 ιζ
2176 5303 2221 5333 ιο
2265 5299 2378 5353 .lsa.
2422 5315 2569 5354 xw.
2613 5289 2689 5365 7;
2753 5296 2879 5350 Luc.
2953 5289 3010 5361 ι,
3046 5295 3132 5350 79.
3200 5295 3246 5326 ιι
3289 5292 3308 5344 ι
3350 5290 3485 5344 Tim.
3530 5305 3569 5353 ι,

336 5395 452 5451 17..
499 5393 546 5426 ⁵²
586 5391 740 5447 Psal.
783 5404 928 5455 xuv,
969 5387 1021 5442 3.

404 5543 944 5622 (ὕθλἜμπροσθέν
973 5560 1090 5598 σου
1118 5543 1231 5622 οὐκ
1250 5530 1899 5622 ἐπωνήθη.ιρ1ἰιιᾱῐξιηιιὰ

2030 5528 2098 5581 lic
2133 5533 2255 5622 apte
2289 5524 2586 5622 multitudol
2607 5522 2845 5622 ﬁliorun:
2869 5523 2925 5578 in
2954 5521 3065 5576 Deo
3086 5519 3418 5622 gxclutc’iitur,
3444 5522 3571 5622 1'le-

2030 5599 2081 5622 ιει
2174 5608 2318 5622 --μη
2403 5604 2568 5622 «ηπ-ι...
2594 5608 2624 5622 Α
2649 5593 2787 5622 ,ιηςηι
2846 5601 2992 5622 ηηιηρ
3026 5607 3052 5622 α
3135 5603 3199 5622 nn
3274 5605 3298 5622 ιι
3333 5605 3389 5622 νη
3433 5608 3459 5622 ο.
3490 5592 3521 5622 ἶ,
3545 5608 3568 5622 ο

329 5589 1086 5684 vel'iiZ’isi'ﬁ'ﬁﬁf'ﬁiaaaé
1116 5589 1701 5684 aéibés‘i‘ége'iﬁchgi
1738 5602 1894 5656 Filio.
2144 5589 2349 5684 factus.
2371 5593 2627 5684 Ncgpndo
2648 5593 2790 5673 enim
2823 5592 3052 5684 tinctos}
3229 5589 3571 5684 Putnncmalivs

332 5662 1318 5755 égfgveeofiio‘n'fuii'alius
1360 5662 1739 5755 ΒριιπῖὙυῐξίη
1794 5689 1896 5725 nun
2007 5662 2165 5751 ﬁlios,
2211 5668 2426 5755 videtur
2458 5662 2565 5718 hic
2623 5663 2792 5718 asseri
2842 5662 3038 5729 factus,
3094 5662 3189 5729 qui
3244 5664 3567 5727 supponitur

456 5735 724 5833 '{Midius'
740 5735 907 5811 Deus:
928 5735 1192 5810 Paulinus
1217 5752 1354 5806 male
1380 5749 1460 5813 τὸ,
1483 5735 1767 5818 ἐγεννήθη,
1790 5760 1896 5813 quo

606 5853 843 5877 11.....A.
913 5850 1002 5877 1‘-
1078 5843 1284 5877 νυΙΙΙ

2030 5742 2197 5794 Inicus
2228 5735 2415 5791 Filius.

3224 5817 3295 5877 1‘2

606 5853 878 5912 ΡΑτιιοι..
913 5850 1028 5910 Gn.
1078 5843 1306 5909 XVIII.
