3962 6278
394 355 495 409 ῒῧὸ
1339 364 1393 419 S.
1439 358 1765 415 METHODll
1805 356 2110 414 EPISCOPI
2151 355 2238 411 ΕΤ
2273 353 2631 410 MARTYRIS

3521 353 3629 411 364

382 493 435 538 et
474 483 650 541 homo.
681 486 973 547 Accfnxisti
1002 489 1168 551 enim,
1200 487 1384 543 divina
1419 495 1506 538 tua
1555 483 1943 543 lncarnatione,

2058 483 2368 552 ἁγαλλίαμα
2400 479 2506 533 τῶν
2541 478 2811 534 ἁπάντων.
2855 475 3154 548 Τοιγαροῦν
3196 474 3550 548 εύφρανθήτω
3601 477 3629 528 ὁ

387 577 592 630 lumbos
627 575 867 646 quidem,
889 575 1107 642 justitia
1141 589 1157 626 :
1189 575 1448 628 inunxisti
1479 591 1594 628 vero
1637 585 1684 627 et
1718 575 1950 637 veritate,

385 671 556 724 latera
586 670 652 732 ⁸³,
686 668 778 739 qui
805 669 942 738 ipse,
974 669 1092 738 ipsa
1124 681 1181 722 re
1207 681 1332 722 vera
1367 665 1581 734 justitia
1613 666 1689 720 sis
1721 673 1774 720 et
1808 666 1952 719 veri-

383 772 490 824 tas,
526 759 1022 828 universorumque
1043 757 1355 813 exsultatio.
1384 754 1620 810 Laetetur
1645 756 1811 824 igitur
1841 771 1953 809 me-

380 868 505 906 cum
558 851 716 906 hodie
754 851 977 914 caelum,
1026 851 1283 918 quoniam
1324 849 1613 904 miseratus
1640 854 1723 902 est
1770 845 1954 899 Domi-

382 959 486 998 nus
515 944 775 1014 populum
812 958 992 998 snum.
1026 941 1233 996 Rorent
1260 956 1389 996 vero
1430 941 1605 996 nubes
1631 939 1834 993 mundo
1857 939 1949 1007 ju-

380 1038 587 1092 stitiam
616 1037 660 1068 ⁸⁵
696 1056 708 1090 :
743 1037 836 1092 sed
865 1045 919 1091 et
951 1036 1302 1090 fundamenta
1344 1042 1521 1099 terrae,
1559 1033 1753 1103 positis
1781 1033 1834 1086 in
1866 1032 1951 1085 inv

378 1128 557 1193 ferno,
584 1131 730 1184 velut
759 1130 1042 1198 clangente
1072 1129 1222 1189 tuba.
1254 1142 1445 1198 pacem
1476 1127 1726 1196 ingeram
1752 1145 1764 1180 :
1793 1124 1948 1178 adest

379 1219 526 1274 enim
553 1221 886 1276 resurrectio
915 1218 1327 1273 dormientium.
1357 1217 1525 1272 Terra
1553 1219 1716 1272 etiam
1752 1216 1948 1271 incolis

381 1313 496 1370 suis
536 1310 971 1367 misericordiam
1016 1309 1300 1380 producat.
1352 1309 1606 1378 Impletus
1649 1299 1951 1385 Qlllll‘sum
1990 1303 2773 1376 consolatione;superabundo
2804 1301 2997 1374 gaudio
3020 1302 3067 1334 ⁵⁵

377 1421 510 1463 num
534 1404 868 1459 Salvatorem
905 1402 1138 1458 videam.

453 1520 560 1576 Vll.
603 1519 695 1574 Sic
737 1535 866 1574 vero
911 1519 1140 1573 saliente
1183 1533 1353 1580 sene,
1405 1518 1698 1589 divinaque
1751 1520 1948 1589 gaudio

377 1613 676 1682 impensius
709 1611 1051 1676 exsultante;
1086 1610 1227 1679 quod
1261 1619 1419 1664 antea
1448 1625 1545 1679 per
1567 1611 1792 1680 ﬁguram
1816 1625 1945 1680 pro-

376 1704 534 1772 pheta
566 1703 734 1758 lsaias
781 1702 955 1756 fuerat
988 1702 1316 1756 vaticinatus
1350 1702 1415 1766 ⁸⁸,
1447 1715 1603 1756 sacra
1649 1701 1740 1756 Dei
1778 1702 1948 1756 Mater

375 1795 661 1865 perspicue
696 1809 753 1847 re
799 1794 915 1862 ipsa
960 1792 1106 1848 fecit.
1164 1794 1450 1862 Accipiens
1479 1795 1622 1848 enim
1650 1834 1664 1857 ,
1715 1811 1780 1849 ex
1813 1809 1948 1864 puro

2057 575 2281 646 οὐρανὸς
2323 574 2556 644 σήμερον
2583 572 2699 642 ἅμα
2727 571 2880 642 ἐμοί’
2925 571 3006 623 ὅτι
3032 569 3262 639 ⁴ὴλέησεν
3303 569 3331 619 ό
3381 566 3508 630 Θεὸς
3538 566 3630 620 τὸν

2057 665 2184 718 λαὸν
2213 663 2398 718 αὐτοῦ.
2445 663 2789 716 Ῥανάτωσαν
2826 663 2890 732 δὴ
2949 661 3040 714 καὶ⁸
3079 661 3134 714 αἱ
3169 660 3388 728 νεφέλαι
3430 658 3627 712 δικαιο-

2061 758 2223 827 σύνην
2269 755 2345 826 τῷ
2393 755 2614 824 κόσμῳ·
2669 752 2984 806 σαλπισάτω
3029 752 3124 805 καὶ
3161 750 3229 804 τὰ
3261 748 3485 820 θεμέλια
3532 749 3631 819 τῆς

2057 848 2157 919 γῆς
2187 849 2408 917 εἰρήνην
2439 849 2551 905 τοῖς
2580 847 2637 898 ὲν
2665 844 2790 916 ᾅδου
2813 861 2826 874 ο
2864 845 3092 914 πάρεστι
3119 843 3226 913 γὰρ
3265 844 3298 912 ἡ
3339 841 3630 900 ἀνάστασις

2056 937 2165 991 τῶν
2199 935 2630 1005 κεκοιμημένων.
2671 934 3029 989 Ἀνατειλάτω
3055 933 3151 985 καὶ
3180 931 3306 1002 ἡγῆ
3343 930 3490 992 ἔλεος
3515 929 3634 989 τοῖς

2059 1029 2403 1083 κατοικοῦσιν
2429 1029 2615 1099 αὑτήν.
2657 1025 3050 1094 Πεπλήρωμαι
3079 1024 3188 1096 γὰρ
3221 1022 3295 1091 τῇ
3319 1019 3631 1090 παρακλή-

2059 1137 2153 1174 σει
2174 1160 2188 1184 ,
2218 1119 2313 1172 καί
2346 1118 2932 1186 ὑπερπερισσεύομαι
2958 1114 3030 1182 τῇ
3057 1111 3242 1183 χαρᾷο
3280 1113 3362 1166 ὅτι
3397 1107 3535 1164 εἶδόν
3570 1127 3632 1164 σι

2054 1213 2144 1266 τὸν
2179 1213 2407 1284 Σωτῆρα
2438 1212 2544 1266 τῶν
2581 1210 2900 1284 ἀνθρώπων.

3107 1311 3127 1351 :
3185 1298 3331 1371 quod
3369 1307 3423 1354 te
3451 1296 3626 1354 homi-

2123 1517 2196 1568 Z'.
2231 1511 2560 1584 Χορεύοντος
2591 1508 2649 1564 δὲ
2675 1506 2816 1562 οὕτω
2843 1505 2937 1561 τού
2979 1507 3303 1580 πρεσϐύτου,
3335 1507 3428 1562 καὶ
3465 1527 3632 1578 γανυ-

2057 1606 2217 1677 μένου
2255 1607 2321 1676 τῇ
2370 1603 2490 1674 θείᾳ
2518 1600 2807 1673 εὑφρασίᾳ,
2851 1599 2919 1652 τὰ
2953 1599 3435 1671 κεχρηματισμένα
3478 1618 3634 1654 τυπι-

2054 1700 2165 1762 κῶς
2183 1697 2259 1768 τῷ
2281 1698 2530 1768 προφήτῃ
2567 1695 2778 1764 Ἡσαΐᾳ,
2805 1693 3118 1765 περιφανῶς
3137 1693 3168 1762 ἡ
3199 1691 3317 1762 ἱερά
3334 1691 3635 1766 Θεομήτωρ

2054 1789 2303 1853 ὲξετέλει.
2337 1787 2448 1842 Kal.
2471 1787 2535 1859 δὴ
2569 1785 2840 1857 λαϐομένη
2878 1785 2968 1838 τὸν
3017 1786 3079 1837 ἐκ
3109 1783 3202 1837 τοῦ
3243 1785 3511 1854 ἀχράντου
3539 1784 3636 1840 καὶ

375 1888 828 1955 immaculatoque
851 1886 1005 1940 altari
1035 1902 1156 1950 suo,
1182 1886 1472 1940 carbonem
1499 1885 1648 1940 illum
1677 1886 1943 1940 viviﬁcum

2051 1884 2392 1956 παναμὼμου
2436 1883 2604 1952 αὐτῆς
2651 1881 3029 1951 θυσιαστηρίου
3073 1879 3450 1951 σαρκωθέντα,
3496 1881 3630 1945 ζωο·

372 1992 426 2035 et
450 1979 793 2040 ineffabilem,
833 1993 995 2032 carne
1025 1979 1306 2040 indutum,
1351 1984 1665 2032 sanctarum
1717 1994 1938 2033 suarum

372 2086 630 2124 manuum
654 2068 960 2137 complexu,
985 2075 1240 2137 tanquam
1277 2067 1502 2137 forcipe,
1527 2067 1678 2136 justo
1712 2069 1787 2122 illi
1815 2084 1941 2138 por-

371 2162 510 2216 rexit
541 2182 551 2215 :
588 2169 642 2216 ut
682 2161 812 2214 mihi
839 2160 1057 2231 quidem
1104 2160 1338 2217 videtur.
1373 2161 1643 2230 ejusmodi
1675 2161 1940 2217 sermoni-

370 2252 473 2310 bus
507 2253 664 2308 allata
707 2255 910 2324 pariter
935 2261 990 2308 et
1021 2254 1234 2308 hortata
1263 2274 1273 2308 :
1313 2254 1476 2310 Sume
1497 2296 1511 2319 ,
1567 2272 1730 2310 senex
1765 2256 1941 2310 hono-

369 2356 507 2409 rate,
540 2347 994 2416 sacerdotumque
1023 2346 1260 2416 optime,
1300 2363 1452 2402 sume
1477 2345 1793 2414 Dominum;
1822 2359 1942 2402 tua-

369 2455 476 2507 que
506 2441 594 2492 illa
629 2456 736 2492 non
770 2439 932 2508 vidua
961 2454 1057 2508 spe
1086 2447 1139 2492 et
1171 2438 1438 2504 desolata,
1469 2438 1666 2495 fruere.
1713 2439 1945 2509 Suscipe

371 2532 687 2585 thesaurum
758 2530 1178 2585 indefectibilem
1211 2573 1225 2597 ,
1298 2529 1626 2600 divitiasque
1683 2529 1944 2585 inaul‘eri-

372 2623 527 2684 biles,
563 2623 644 2676 vir
667 2621 1108 2691 generosissime.
1155 2621 1477 2690 Amplexare
1523 2621 1817 2692 potentiam
1860 2621 1945 2676 in-

369 2714 728 2771 euarrabilem
759 2713 974 2784 vimque
1025 2713 1664 2782 incomprehensibilem,
1711 2729 1830 2783 qua:
1892 2723 1943 2768 te

373 2809 581 2871 l'ulciat,
615 2808 699 2860 vir
725 2806 1149 2877 sapientissime.
1181 2806 1644 2876 Circumplectere
1673 2807 1942 2861 inﬁnitam

371 2898 837 2970 magnitudinem,
896 2897 1374 2968 fortitudinemque
1423 2899 1898 2967 incomparabilem
1926 2940 1940 2965 ,

371 3007 650 3048 sacrorum
686 2991 901 3047 aeditue.
935 2991 1361 3062 Circumplicare
1381 2993 1485 3063 ipsi
1520 3008 1615 3062 per
1653 3008 1712 3047 se
1732 2992 1945 3054 vilae,et

369 3085 511 3147 vive.
543 3086 624 3139 vir
667 3085 1150 3142 venerabilissime.
1205 3085 1421 3141 Arctius
1479 3086 1941 3155 incorruptionem

369 3179 702 3246 constringe,
735 3183 786 3230 et
817 3190 1098 3241 renovare,
1130 3175 1212 3229 vir
1243 3177 1564 3245 justissime.
1598 3174 1742 3228 Nihil
1769 3173 1946 3228 audax

2054 1976 2206 2030 ποιὸν
2233 1977 2327 2030 καὶ
2361 1975 2730 2045 ἀνέκφραστον
2759 1971 3025 2042 ἄνθρακα,
3055 1970 3130 2035 ὡς
3151 1970 3328 2024 λαϐίδι
3351 1974 3415 2043 τῇ
3446 1970 3637 2035 συζεύ-

2051 2069 2128 2133 ξει
2169 2067 2276 2122 τῶν
2321 2066 2491 2134 ἁγίων
2525 2065 2692 2135 αὐτῆς
2727 2063 2945 2135 χειρῶν,
2979 2061 3058 2134 τῷ
3097 2062 3286 2133 δικαίῳ
3329 2063 3638 2134 προέτεινε,

2047 2159 2292 2222 τοιαῦτα,
2320 2159 2443 2229 ἐμοὶ
2475 2158 2639 2222 δοκεῖ,
2675 2155 2906 2224 λέγουσά
2934 2173 2995 2207 τε
3025 2154 3141 2226 ἅμα
3177 2154 3270 2208 καὶ
3295 2155 3634 2226 παρακελεύα

2049 2268 2214 2305 ουσα·
2259 2248 2542 2312 Ἀπόλαϐε,
2579 2247 2855 2318 πρεσϐύτα
2885 2247 3052 2318 τίμιε,
3087 2246 3178 2300 καὶ
3209 2245 3395 2320 ἱερέων
3421 2245 3631 2318 ἄριστε,

2051 2341 2290 2396 ἀπόλαϐε
2314 2342 2404 2394 τὸν
2432 2339 2654 2410 Κύριον,
2686 2338 2781 2392 καὶ
2805 2338 3043 2391 ἀπόλαυε
3073 2337 3170 2408 τῆς
3200 2339 3259 2389 οὐ
3291 2338 3634 2408 χηρευσάσης

2053 2453 2146 2489 σου
2197 2433 2426 2498 ἐλπίδος.
2471 2430 2755 2498 Ὑπόδεξαι
2809 2429 3078 2502 θησαυρὸν
3125 2430 3477 2496 ἀνέκλειπον,
3541 2430 3637 2483 καὶ

2052 2527 2277 2582 πλοῦτον
2310 2524 2692 2595 ἀναφαίρετον,
2725 2522 3218 2594 μεγαλοφυέστατε.
3254 2522 3635 2590 Ἐναγκάλισαι

2053 2620 2252 2690 κράτος
2301 2618 2723 2688 ἀνεκδιήγητον,
2788 2615 2883 2668 καὶ
2940 2614 3168 2686 δύναμιν
3220 2613 3635 2687 ἀνεξερεύνητον

2052 2711 2361 2782 ὲρείδουσάν
2408 2727 2490 2774 σε,
2541 2707 2840 2778 σοφώτατε.
2879 2695 3143 2778 Περίλαϐε
3180 2706 3409 2780 μέγεθος
3445 2708 3639 2778 ἀπεμ-

2051 2804 2284 2875 όριστον,
2331 2804 2426 2857 καὶ
2457 2803 2608 2874 ἰσχὺν
2643 2803 2990 2864 ἀνείκαστον,
3034 2801 3275 2872 ἱεροκόρε
3309 2799 3442 2869 (57).
3475 2801 3641 2871 Περι-

2054 2893 2287 2966 πλάκηθι
2327 2897 2391 2965 τῇ
2437 2894 2572 2965 αὐτῇ
2609 2894 2877 2964 αύτοζωῇ,
2909 2893 3001 2946 καὶ
3036 2891 3182 2962 ζῆθι,
3219 2889 3634 2961 αἰδεσιμὼτατσ.

2053 2984 2385 3057 Περίπτυξαι
2422 2986 2520 3056 τὴν
2569 2984 2901 3057 ἀφθαρσίαν,
2959 2986 3052 3038 καὶ
3096 2984 3635 3056 ἀνακαινοποιήθητι,

2051 3077 2374 3132 δικαιότατε.
2407 3077 2480 3131 Ού
2527 3076 2796 3148 τολμηρὸν
2838 3076 2900 3129 τὸ
2941 3077 3272 3148 ἐγχείρημαο
3312 3077 3386 3148 μὴ
3415 3076 3634 3144 δκλαζι,

2052 3169 2331 3223 ὁσιώτατε.
2371 3167 2737 3240 Ἐμφορήθητι
2779 3168 2874 3221 τοῦ
2932 3168 3286 3239 ποθουμένου,
3326 3169 3419 3222 καὶ
3462 3185 3633 3223 κατα-

371 3266 614 3332 facinus;
648 3282 715 3322 ne
761 3266 1027 3322 deieceris
1075 3269 1278 3330 animo,
1313 3268 1396 3322 vir
1445 3267 1811 3323 sanctissime.
1847 3263 1943 3319 Sa-

2051 3261 2322 3333 τρύφησον
2356 3259 2446 3313 τοῦ
2485 3259 2878 3331 ἐπιδιδομένου,
2911 3261 3110 3331 μᾶλλον
3148 3261 3203 3313 δὲ
3239 3261 3428 3316 ἑαυτὸν
3456 3261 3632 3315 ἐπιδι-

366 3357 508 3412 tiare
538 3359 630 3411 illo
667 3373 829 3428 quem
871 3357 1314 3427 desideraveras,
1366 3360 1635 3430 planeque
1672 3359 1944 3413 delectare

368 3450 465 3504 tibi
491 3450 637 3515 dato,
670 3466 767 3505 seu
799 3452 992 3522 magis,
1019 3451 1182 3507 dante
1213 3467 1270 3508 se
1303 3453 1433 3516 tibi,
1467 3451 1549 3506 vir
1580 3451 1940 3505 divinissime.

369 3540 572 3597 Laetius
619 3543 894 3598 illustrare
947 3541 1070 3598 Sole
1122 3544 1392 3612 justitiaa,
1455 3545 1522 3600 de
1585 3542 1946 3597 mundissimo

369 3633 550 3686 carnis
581 3636 804 3703 speculo
835 3632 1284 3705 circumfulgente
1304 3675 1318 3697 ,
1372 3636 1456 3690 vir
1510 3633 1945 3704 religiosissime.

370 3726 450 3782 Ne
482 3728 578 3782 tibi
612 3728 963 3797 tranquillum
1023 3726 1270 3782 timorem
1306 3727 1568 3789 incutiat,
1617 3741 1754 3780 neve
1783 3739 1941 3778 man-

370 3821 604 3875 suetudo
649 3827 982 3889 perterreat,
1025 3818 1111 3873 vir
1144 3819 1476 3875 beatissime.
1527 3817 1606 3871 Ne
1657 3816 1943 3870 inhorreas

369 3913 667 3975 lenitatem,
697 3926 830 3966 neve
851 3911 1139 3966 clementia
1172 3911 1450 3972 terrearis,
1482 3909 1565 3964 vir
1597 3907 1943 3964 modestissi-

369 4018 476 4057 me.
511 4002 723 4057 Alacris
755 4002 1113 4071 adglutinare,
1139 4017 1238 4056 nec
1273 4001 1506 4056 moreris
1535 4000 1782 4070 obsequi.
1821 3998 1942 4054 Non

369 4092 533 4145 habet
565 4089 846 4144 audaciam
874 4090 1016 4161 quod
1050 4088 1249 4144 dicitur
1271 4090 1482 4161 quodve
1513 4090 1810 4160 porrigitur
1835 4111 1846 4144 :
1872 4105 1941 4145 ne

371 4194 499 4249 ergo
518 4179 820 4243 relucteris,
840 4180 923 4234 vir
947 4180 1327 4235 urbanissime.
1355 4179 1476 4235 Non
1499 4180 1774 4236 comburit
1799 4181 1940 4251 ignis

368 4273 559 4342 gratiae
590 4271 804 4326 Domini
855 4272 1000 4336 mei,
1046 4272 1142 4327 sed
1177 4272 1466 4338 illuminat,
1501 4273 1586 4327 vir
1614 4274 1938 4343 justissime.

370 4365 560 4420 Bubus
590 4366 679 4420 ille
708 4367 774 4429 ⁵⁷,
800 4365 907 4420 mei
934 4363 1269 4435 ﬁguram,ad
1294 4365 1434 4434 ignis
1456 4364 1601 4421 illius
1629 4365 1940 4434 apparentis

368 4461 651 4514 veritatem
687 4464 1109 4526 reprazsentans,
1139 4455 1331 4510 doceat
1357 4462 1438 4519 te,
1477 4457 1561 4510 vir
1608 4457 1743 4526 legis
1791 4457 1939 4526 peri-

369 4554 601 4608 tissime.
635 4551 895 4605 Caminus
926 4549 1016 4603 ille
1045 4549 1091 4581 ⁸⁸
1129 4548 1273 4603 velut
1327 4556 1522 4604 ventus
1577 4549 1722 4603 roris
1751 4565 1942 4605 susur-

445 4709 490 4739 ¹⁵³
531 4707 643 4762 Ιδα.
687 4724 758 4773 xl,
801 4707 852 4761 5.

370 4778 431 4832 2i

371 4818 462 4835 uno

959 4706 1006 4738 ⁸⁸
1046 4704 1158 4760 Isa.
1217 4721 1338 4769 va,
1379 4704 1432 4759 8.

1545 4705 1590 4735 ⁵⁵
1626 4701 1668 4757 ll
1709 4703 1832 4759 Cor.
1870 4721 1966 4770 vu,
1997 4708 2050 4761 4.

2049 3353 2250 3417 δόντος,
2302 3353 2779 3425 ίεροπρεπέστατε.
2820 3351 3231 3424 Ἐναγλαῖσθητι
3271 3352 3350 3424 τῷ
3403 3352 3491 3407 διὰ
3538 3353 3633 3407 τοῦ

2050 3443 2380 3517 ἀκηλιδὼτου
2446 3445 2710 3516 ἐσόπτρου
2784 3445 2882 3515 τῆς
2961 3445 3162 3514 σαρκὸς
3231 3444 3633 3516 περιστίλϐοντι

2063 3539 2226 3608 Ἡλίῳ
2251 3538 2350 3610 τῆς
2377 3537 2737 3607 δικαιοσύνης,
2785 3536 3164 3590 εὐλαϐέστατε.
3208 3537 3298 3609 Μὴ
3330 3536 3499 3590 δειλία
3532 3535 3630 3610 τὴν

2052 3630 2410 3703 γαληνότητα,
2450 3631 2582 3702 μηδὲ
2614 3629 2968 3701 καταπλαγῇς
3015 3629 3114 3700 τὴν
3167 3631 3499 3702 ἡμερότητα,
3531 3648 3633 3701 μα·-

2053 3721 2376 3793 καριὼτατε.
2403 3723 2495 3795 Μὴ
2525 3722 2736 3793 πτήξῃς
2764 3720 2826 3774 τὸ
2853 3722 3099 3792 εὐμενὲς,
3131 3723 3266 3795 μηδὲ
3298 3724 3540 3795 πτοηθῇς
3569 3723 3633 3777 τδ

2050 3817 2334 3887 προσηνὲς,
2392 3815 2787 3869 ὲπιεικέστατε.
2849 3811 3116 3886 Εύθύμως
3176 3816 3630 3888 προσκολλήθητι,

2049 3909 2142 3962 καὶ
2186 3905 2259 3978 μὴ
2291 3905 2588 3961 ἀναϐάλλου
2634 3907 2769 3978 πρὸς
2796 3907 2856 3960 τὸ
2888 3907 3129 3978 εὐήκοον.
3187 3907 3261 3962 Ού
3295 3908 3628 3980 θρασύτητος

2047 4001 2107 4052 τὸ
2140 3999 2486 4070 λαλούμενον,
2517 3999 2637 4052 οὐδὲ
2657 3998 2718 4052 τὸ
2755 3998 3164 4072 προτεινόμενον
3183 4017 3196 4029 ο
3235 3998 3309 4073 μὴ
3341 4003 3626 4072 ἀφηνίαζε,

2045 4090 2402 4145 ἀστικώτατε.
2439 4091 2510 4144 Ού
2543 4090 2873 4160 καταφλέγει
2919 4088 2980 4143 τὸ
3025 4089 3135 4161 πῦρ
3167 4090 3264 4162 τῇ
3299 4091 3393 4144 τοῦ
3420 4093 3626 4164 Κυρίου

2047 4202 2150 4255 μου
2196 4185 2434 4256 χάριτος,
2496 4183 2632 4238 ἀλλά
2695 4182 2937 4253 φωτίζει,
2977 4181 3302 4242 δικαιότατε.
3360 4184 3529 4249 Βάτος
3567 4203 3627 4240 σε

2047 4277 2308 4342 πεισάτω,
2344 4278 2377 4348 ἡ
2409 4276 2499 4330 τὸν
2528 4275 2696 4328 τύπον
2724 4293 2824 4346 μου
2850 4275 3292 4348 περιστησαμένη
3329 4275 3464 4347 πρὸς
3495 4278 3630 4331 ύπό-

2048 4385 2234 4422 στασιν
2268 4367 2359 4422 τοῦ
2390 4365 2760 4420 ἀνυποστάτου
2795 4366 2964 4436 πυρὸς
2999 4365 3130 4437 (58),
3166 4368 3622 4440 νομομαθέστατε.

2043 4459 2501 4532 Δροσοσυρίζουσα
2531 4460 2757 4531 κάμινος
2785 4459 3017 4512 πειθέτω
3051 4477 3131 4525 σε,
3162 4460 3497 4533 παιδοτρίϐα,
3532 4459 3626 4515 τοῦ

2047 4552 2344 4623 μυστηρίου
2382 4551 2480 4622 τὴν
2505 4553 2837 4624 οἰκονομίαν.
2884 4553 3027 4623 Πρὸς
3063 4553 3156 4605 ἐπὶ
3186 4553 3395 4617 τούτοις
3439 4555 3472 4626 ή
3518 4552 3628 4628 ἐμὴ

2163 4708 2207 4739 δε
2238 4705 2350 4761 lsa.
2394 4723 2470 4771 vi,
2503 4709 2556 4762 6.
2667 4709 2712 4740 ⁵⁷
2755 4707 2926 4764 Exod.
2969 4725 3054 4775 nl,
3095 4708 3148 4763 2.
3255 4710 3302 4742 ⁸⁸
3340 4709 3483 4766 Dan.
3527 4723 3618 4778 In,

444 4869 553 4972 (ϐλ)
598 4900 910 4972 Ἰερωιόρε.Δ
951 4898 1239 4972 Sequimur
1285 4897 1502 4972 Pantini
1546 4898 1942 4972 conjecturam,
1977 4901 2021 4958 Β
2051 4915 2160 4972 non
2195 4901 2514 4963 ὑπόστασιν,
2534 4902 2939 4972 iapparentiam,
2990 4918 3094 4956 non
3143 4902 3281 4972 ignis
3327 4902 3621 4956 veritatem.

375 4976 433 5020 ut
467 4970 749 5041 legendum
794 4970 866 5022 sit
899 4969 1189 5041 ἱεροκόμε,
1217 4969 1446 5041 quadrat
1480 4969 1626 5041 e_n_im_
1672 4970 1944 5041 materiae;

374 5046 433 5090 ut
457 5055 554 5092 ceu
584 5039 766 5107 templi
799 5039 1144 5109 praepositum
1180 5039 1420 5104 inducat,
1451 5039 1516 5092 ad
1542 5039 1805 5093 inﬁnitam
1830 5055 1945 5093 ma-

375 5109 708 5178 gnitudinem
737 5109 883 5162 illam
904 5111 1142 5179 suscepti
1168 5109 1320 5172 Jesu,
1346 5109 1532 5178 templi
1562 5109 1829 5178 angustiis
1861 5111 1942 5164 in-

373 5180 718 5250 cludendam.
748 5180 890 5245 Quid
917 5181 965 5236 si
990 5183 1288 5236 retineatur
1314 5179 1752 5250 ἱεροκόρε,νθιυίι
1782 5180 1946 5250 signi-

375 5249 498 5304 ﬁcet
534 5251 775 5304 futurum
823 5251 1077 5319 juvenem
1125 5249 1503 5320 puerumque.
1535 5249 1741 5320 Christi
1789 5249 1944 5320 pueri

375 5321 647 5390 amplexu,
701 5329 950 5375 sanctum
1003 5319 1209 5380 senem.
1244 5319 1416 5390 eoque
1447 5319 1666 5375 nomine
1697 5319 1943 5375 hortetur

378 5388 662 5458 S.,Maria,
699 5398 760 5444 ut
793 5391 1054 5461 suscipiat
1086 5401 1234 5446 totus
1264 5388 1456 5460 spiritu
1487 5391 1813 5444 innovatus?
1841 5390 1940 5461 Sic

374 5461 716 5530 Augustinus
745 5477 911 5516 serm.
944 5460 1012 5517 l5
1038 5461 1102 5515 de
1133 5473 1314 5528 temp.,
1345 5477 1395 5515 c.
1421 5461 1455 5514 3
1481 5479 1494 5514 :
1518 5461 1738 5530 Agnovit
1763 5460 1942 5530 infan-

379 5538 478 5581 tem
515 5548 689 5590 senex.
731 5533 906 5600 [actus
939 5541 1017 5586 est
1054 5533 1107 5584 in
1154 5547 1310 5599 puero
1345 5547 1505 5600 puer.
1555 5533 1843 5585 Innovatus
1887 5533 1942 5585 in

375 5609 547 5674 atate,
579 5608 666 5674 qui
701 5602 881 5670 plenus
922 5611 1038 5656 erat
1080 5603 1288 5670 pietate.
1340 5599 1525 5656 Fuerit
1552 5612 1697 5656 certe
1723 5609 1776 5655 et
1808 5602 1940 5656 illud

378 5684 482 5721 non
517 5673 595 5724 ita
617 5676 996 5728 inconsonum.

450 5740 558 5808 (58)
590 5741 746 5808 Πρὸς
778 5744 1119 5797 ὑπόστασιν
1147 5741 1252 5796 τοῦ
1285 5739 1704 5796 ἁνυποστὰτου
1735 5741 1940 5808 πυρός.

379 5807 529 5864 illius
553 5807 807 5866 nimirum
831 5814 923 5882 qui
953 5815 1006 5869 in
1031 5813 1164 5869 rubo
1195 5813 1392 5870 ardens
1418 5811 1651 5881 ἔμφασιν
1683 5807 1940 5879 Ιιὲὶκέιηηι

2051 4970 2143 5024 Sic
2169 4972 2312 5025 enim
2345 4987 2489 5042 sepe
2533 4971 2696 5036 Deus,
2747 4973 2896 5026 nullo
2943 4970 3252 5042 mendacio,
3301 4972 3621 5042 apparentia

2047 5043 2227 5112 aliqua
2257 5043 2513 5098 sensibus
2547 5043 2762 5112 ingerit,
2795 5045 2859 5095 ad
2889 5041 3046 5097 ﬁdem
3077 5041 3427 5098 astruendain
3451 5044 3617 5098 veris.

2046 5111 2280 5184 Videtur?
2307 5129 2436 5184 ergo
2468 5111 2876 5184 auctoriludere
2911 5113 2964 5166 in
2997 5115 3312 5184 paronomia
3344 5113 3490 5168 illius
3523 5129 3622 5166 vo-

2045 5184 2154 5267 cis;
2181 5182 2564 5267 .v_elu_t..’dicat,
2618 5183 2684 5267 ad
2728 5182 3100 5267 substantiam
3144 5185 3287 5267 ignis
3325 5184 3472 5264 illius
3510 5198 3619 5237 non

2046 5253 2430 5325 subsistentis;
2482 5268 2555 5325 ac?
2601 5254 2747 5308 velut
2792 5253 3007 5322 objecto
3042 5254 3134 5308 illo
3174 5253 3316 5325 igne,
3362 5255 3454 5324 qui
3491 5267 3617 5307 vere

2044 5324 2242 5378 rubum
2282 5323 2498 5378 ﬂamma
2526 5324 2825 5379 illustraret
2852 5332 2905 5381 et
2933 5323 3285 5388 adlamberet,
3339 5323 3392 5379 et
3433 5333 3613 5378 tamen

2042 5407 2309 5464 apparens
2340 5401 2504 5449 esset.
2537 5392 2851 5450 Olfendebat
2898 5394 2978 5460 τὸ,
3029 5395 3420 5459 ἀνυποστάτου,
3468 5393 3615 5448 velut

2042 5466 2388 5520 referendum
2433 5473 2578 5519 esset
2623 5464 2690 5518 ad
2737 5465 3024 5534 ﬁguratum
3055 5473 3109 5520 et
3137 5467 3380 5522 divinum
3413 5468 3610 5534 ignem.

2045 5536 2406 5588 ἐνυπόστατον
2452 5534 2602 5588 illum
2637 5543 2690 5590 et
2721 5537 3175 5602 αὐτοῡπόστατον,
3217 5550 3484 5604 nusquam
3514 5534 3609 5595 ἀντ

2044 5606 2357 5676 υπόστατον·
2380 5620 2438 5659 re
2461 5615 2640 5676 tamen
2665 5607 2857 5662 melius
2875 5615 3156 5676 perspecta
3175 5608 3406 5664 solidum
3437 5605 3614 5659 visum

2043 5685 2147 5746 est,
2166 5685 2219 5730 et
2236 5673 2578 5746 referendum
2599 5676 2664 5730 ad
2695 5673 2986 5746 ipsuminet
3003 5673 3191 5746 ignem
3223 5677 3486 5746 typicunt,
3515 5688 3613 5746 cn-

2039 5744 2130 5816 jus
2172 5744 2393 5816 modum
2435 5744 2651 5816 divinus
2698 5744 2788 5801 ille
2831 5747 2972 5816 ignis
3011 5744 3310 5806 scrvaverit
3337 5747 3392 5799 in
3421 5745 3612 5811 Maria,

2042 5812 2181 5871 idem
2217 5815 2330 5885 ipse
2359 5815 2415 5869 in
2441 5814 2692 5872 Simeone
2717 5812 3051 5872 servaturus.
