3962 6278
293 391 404 448 365

1381 393 1614 450 SERMO
1653 393 1740 449 DE
1781 391 2079 452 SIMEONE
2112 390 2201 449 ET
2239 393 2446 454 ANNA.

3434 404 3544 464 366

292 507 510 578 γαστήρ
552 522 612 561 σε
654 505 942 574 διδαξάτω,
975 510 1032 562 ἐν
1140 510 1390 582 ἐχωρήθη
1422 513 1450 564 6
1481 511 1778 584 ἀχώρητος,
1809 513 1841 564 ἐκ

1967 527 2097 569 rans
2126 552 2141 576 ,
2191 511 2508 568 (economim
2563 511 2659 567 tibi
2709 524 3111 570 sacramentum
3172 519 3498 587 persuadeat
3527 563 3540 588 ,

285 592 353 670 ἧς
389 600 484 652 καὶ
527 600 812 673 ἐσαρκὼθη
849 604 878 654 ὁ
909 603 1143 673 ἄσαρκος
1193 603 1381 671 Λόγος.
1418 605 1492 655 Οὐ
1532 604 1691 658 πάλιν
1737 605 1864 658 σάλ-

283 707 483 758 πιγγες
533 693 908 763 ἐκδειματοῠσι
958 696 1082 758 τοὺς
1129 697 1468 765 προσιόντας,
1500 698 1609 751 οὐδ’
1637 695 1704 752 αὖ
1744 699 1867 769 ὅρος

283 780 682 850 καπνιζόμενον
711 782 826 846 δέος
850 783 1067 854 ἐμποιεῖ
1087 788 1197 848 τοῖς
1231 786 1714 857 προσπελάζουσιν,
1743 786 1866 839 οὔτε

286 872 394 942 μὴν
439 873 599 944 νόμος
638 873 850 937 κολάζει
896 875 1127 943 ἀφειδῶς
1165 875 1256 928 τὸν
1305 876 1524 946 θίγοντα
1560 878 1863 950 τολμηρῶς.

279 959 689 1034 Φιλανθρωπίας
739 964 846 1036 γὰρ
891 964 958 1018 τὰ
1000 967 1259 1037 παρόντα,
1291 969 1748 1037 συγκαταϐάσεως
1797 969 1865 1024 τὰ

282 1051 600 1125 φαινόμενα.
636 1056 984 1128 Εὐχαρίστως
1012 1059 1250 1112 ἀπόλαϐε
1273 1060 1363 1114 τὸν
1390 1061 1524 1134 πρὸς
1561 1062 1618 1115 σὲ
1646 1062 1865 1116 ἐλθόντα

279 1144 446 1197 Θεόν’
487 1145 647 1209 αὐτὸς
677 1147 785 1218 γὰρ
817 1149 1005 1217 ἀφελεῖ
1052 1150 1148 1212 τὰς
1194 1151 1422 1222 ἀνομίας
1460 1164 1583 1216 σου,
1631 1154 1723 1206 καὶ
1764 1153 1863 1216 τὰς

278 1238 554 1310 ἁμαρτίας
587 1256 678 1292 σου
723 1242 1096 1312 περικαθαρεῖ.
1137 1246 1224 1298 Ἐν
1272 1247 1353 1298 σοὶ
1393 1244 1861 1316 προτυπωθήτωή

277 1329 373 1383 τοῦ
430 1332 635 1401 κόσμου
683 1331 964 1404 κάθαρσις.
1008 1336 1094 1389 Ἐν
1140 1337 1222 1389 σοὶ
1259 1337 1350 1390 καὶ
1383 1336 1470 1390 διὰ
1511 1335 1602 1388 σοῦ
1645 1349 1860 1406 προμη-

277 1422 494 1496 νυθήτω
517 1426 628 1488 τοῖς
653 1423 860 1478 ἔθνεσιν
883 1428 915 1496 ή
944 1427 1084 1480 κατὰ
1104 1429 1260 1498 χάριν
1287 1429 1581 1492 δικαίωσις.
1613 1429 1683 1482 Σὺ
1712 1427 1859 1494 ἄξιος

274 1515 378 1585 τῆς
431 1516 690 1580 ξωοποιοῢ
739 1518 1010 1590 ἀπαρχῆς.
1071 1521 1414 1592 Ἀπήλαυσας
1465 1523 1662 1592 νόμους
1727 1521 1860 1574 ἀπό-

275 1602 470 1662 λαυσαι
519 1611 612 1664 καὶ
653 1611 751 1683 τῆς
791 1613 1028 1685 χάριτος.
1063 1614 1366 1686 Κέκμηκας
1409 1615 1486 1687 τῷ
1536 1615 1853 1688 γράμματι;

274 1699 686 1772 ἀνακαινίσθητι
719 1703 776 1755 ἐν
808 1701 883 1773 τῷ
915 1703 1206 1774 πνεύματι.
1249 1705 1570 1760 Ἀπέκδυσαι
1603 1707 1701 1778 τὴν
1748 1723 1854 1762 πα-

273 1787 532 1862 λαιότητα
569 1795 662 1847 καὶ
697 1793 909 1848 ἔνδυσαι
950 1794 1049 1866 τὴν
1102 1798 1407 1871 καινότητα.
1443 1797 1626 1853 Ταῦτα
1664 1799 1770 1870 γάρ
1795 1816 1854 1852 σε

274 1876 602 1956 ἠγνοηκέναι
632 1882 692 1935 ού
719 1881 879 1936 δοκῶ.

1971 605 2227 674 magister
2269 606 2492 675 optime.
2555 605 2704 661 Meus
2752 607 2984 679 denique
3017 617 3202 666 uterus
3237 611 3333 667 tibi
3366 614 3539 670 docu-

1971 704 2153 750 mento
2185 698 2277 760 sit,
2310 698 2362 752 in
2384 714 2491 769 quo
2529 698 2628 753 fuit
2651 707 2963 761 contentus,
2987 701 3081 773 qui
3105 718 3376 775 nusquam
3407 707 3540 760 alio-

1967 790 2060 859 qui
2089 797 2267 859 potest
2307 791 2573 846 contineri
2601 809 2614 845 :
2648 806 2716 845 ex
2749 807 2856 862 quo
2892 793 3054 848 etiam
3091 791 3281 849 Sermo
3305 795 3393 852 ille
3419 811 3540 853 car-

1968 881 2056 936 nis
2094 896 2306 951 expers,
2340 883 2638 951 assumpsit
2665 898 2906 939 carnem.
2962 883 3081 938 Non
3110 885 3222 954 jam
3256 888 3398 942 tuba:
3437 901 3538 944 ter-

1967 973 2132 1026 ritant
2181 971 2499 1028 accedentes
2533 975 2619 1028 ’9:
2655 990 2765 1030 non
2815 976 3009 1031 iterum
3062 992 3220 1034 mons
3267 979 3539 1052 fumigans

1967 1063 2530 1133 appropinquantibus
2565 1063 2740 1134 injicit
2793 1075 2992 1119 metum
3025 1085 3037 1120 :
3069 1081 3132 1120 ac
3185 1083 3362 1138 neque
3418 1071 3499 1126 lex
3521 1109 3538 1137 ,

1966 1155 2229 1211 audacius
2258 1155 2658 1226 contingentem
2681 1157 2926 1212 severius
2960 1159 3114 1227 punit
3147 1159 3212 1214 °°.
3244 1159 3542 1221 Praesentia

1965 1247 2108 1300 enim
2162 1249 2534 1318 propensioris
2586 1257 2714 1303 sunt
2764 1251 2820 1303 in
2881 1250 3128 1307 homines
3164 1253 3358 1323 studii;
3412 1264 3542 1312 sunt

1963 1354 2084 1408 quae
2109 1348 2392 1409 geruntur,
2421 1341 2618 1396 divinae
2644 1343 2709 1396 ad
2738 1357 2838 1397 nos
2885 1343 3286 1414 inclinationis;
3318 1348 3536 1404 bonita-

1961 1430 2054 1495 tis,
2089 1444 2210 1501 quae
2241 1441 2521 1502 apparent.
2562 1432 2764 1503 Excipe
2791 1437 3024 1504 gratanti
3059 1437 3242 1492 animo
3275 1440 3342 1494 ad
3365 1449 3416 1495 te
3445 1457 3542 1496 ve-

1960 1521 2198 1577 nientem
2236 1523 2442 1579 Deum:
2483 1526 2597 1594 ipse
2625 1525 2770 1580 enim
2815 1523 3022 1581 auferet
3050 1526 3366 1598 iniquitates
3391 1539 3538 1598 tuas,

1958 1621 2012 1668 et
2038 1613 2277 1684 expiabit
2320 1625 2542 1686 peccata
2581 1625 2691 1671 tua.
2748 1615 2807 1670 In
2854 1625 2907 1673 te
2941 1619 3174 1688 primum
3215 1622 3539 1680 informetur

1958 1705 2149 1760 mundi
2179 1707 2417 1764 universi
2473 1708 2744 1764 lustratio.
2771 1708 2828 1764 In
2861 1717 2912 1764 te
2939 1720 2992 1764 et
3022 1727 3118 1781 per
3147 1721 3231 1779 te,
3283 1716 3538 1786 gentibus

1957 1798 2317 1868 praenuntiata
2349 1799 2675 1863 innotescat,
2698 1818 2817 1871 quae
2848 1807 3143 1858 secundum
3169 1808 3398 1876 gratiam
3422 1817 3529 1875 est,

1953 1889 2290 1959 justiﬁcatio.
2321 1889 2528 1961 Dignus
2579 1907 2639 1948 es
2688 1894 2918 1952 vivificis
2966 1897 3242 1966 primitiis.
3292 1896 3438 1956 Usus
3468 1917 3532 1957 es

274 1967 434 2042 lege?
484 1982 636 2030 utere
687 1983 740 2030 et
768 1978 958 2046 gratia.
1007 1976 1286 2050 Fatigatus
1339 1998 1400 2038 es
1444 1983 1660 2040 littera?
1719 1998 1983 2041 reovare
2016 1985 2232 2056 spiritu.
2268 1984 2418 2041 Exue
2462 1995 2818 2058 vetustatem;
2853 2000 2906 2046 et
2955 1993 3250 2049 novitatem
3282 1995 3531 2054 induere.

273 2061 393 2120 Non
419 2065 562 2120 enim
587 2076 717 2138 puto
745 2078 795 2125 te
831 2070 944 2126 haec
970 2074 1205 2128 nescire.

344 2188 427 2242 Ην.
468 2189 588 2243 Ἐπὶ
616 2191 823 2259 τούτοις
856 2193 990 2249 πᾶσι
1034 2198 1546 2268 παρρησιασάμενος
1575 2197 1602 2250 6
1634 2196 1835 2261 δίκαιος

2032 2193 2168 2252 VIII.
2208 2195 2291 2252 Ab
2334 2195 2419 2252 bis
2465 2197 2757 2263 omnibus,
2817 2211 3032 2268 sumpta
3061 2200 3244 2268 justus
3295 2201 3527 2271 ﬁducia,

273 2280 365 2332 καὶ
393 2283 458 2352 τῇ
489 2287 767 2356 προτροπῇ
803 2283 950 2350 εἴξας
974 2287 1070 2358 τῆς
1093 2286 1558 2359 διακονησαμένης
1579 2287 1696 2358 Θεῷ
1717 2290 1854 2360 πρὸς

272 2371 590 2442 ἀνθρώπους
631 2375 990 2448 Θεομήτορος,
1042 2378 1335 2443 ὑπεδέξατο
1387 2380 1485 2451 μὲν
1526 2381 1645 2442 ταῖς
1672 2395 1854 2450 γηρα-

271 2463 420 2528 λέαις
447 2466 710 2534 ἀγκάλαις
742 2467 850 2521 τὸν
878 2468 936 2522 ἐν
966 2469 1250 2540 νηπιότητι
1280 2472 1538 2525 παλαιὸν
1567 2471 1688 2525 τῶν
1715 2473 1854 2540 ἠμε-

270 2553 413 2618 ρῶν,
440 2553 702 2625 εὐλόγησε
720 2555 778 2606 δὲ
803 2557 893 2609 τὸν
923 2558 1053 2611 Θεὸν
1088 2559 1181 2612 καὶ
1211 2556 1328 2613 εἶπε
1351 2577 1364 2590 ·
1411 2561 1543 2615 Νῦν
1567 2561 1852 2627 ἀπολύεις

273 2646 382 2698 τὸν
411 2645 634 2698 δοῦλόν
662 2661 798 2710 σου,
831 2647 1120 2713 Δέσποτα,
1154 2651 1302 2706 κατὰ
1342 2650 1409 2705 τὸ
1434 2651 1599 2721 ῥῆμά
1622 2667 1758 2716 σου,
1782 2654 1852 2706 ἐν

270 2735 502 2804 εἰρήνῃ.
531 2737 653 2789 Ὅτι
681 2733 846 2793 εἶδον
880 2743 934 2794 οἱ
975 2742 1269 2811 ὀφθαλμοί
1307 2760 1426 2812 μου
1455 2742 1521 2796 τὸ
1558 2741 1852 2811 σωτήριόν

270 2838 408 2890 σου,
439 2826 471 2880 ὃ
509 2829 836 2899 ἡτοίμασας
882 2833 1032 2886 κατὰ
1074 2836 1398 2901 πρόσωπον
1441 2834 1684 2888 πάντων
1730 2833 1850 2889 τῶν

272 2914 467 2970 λαῶν’
521 2918 646 2987 φῶς
691 2923 775 2988 εις
826 2923 1215 2993 ἀποκάλυψιν
1265 2925 1473 2990 ἐθνῶν,
1520 2925 1618 2980 καὶ
1662 2925 1850 2990 δόξαν

190 3017 196 3022 ·
272 3008 427 3062 λαοῦ
458 3025 572 3064 σου
610 3012 864 3081 Ἰσραήλ.
901 3014 1194 3069 Ἀπέλαϐον
1218 3016 1316 3086 τὴν
1339 3015 1488 3086 παρὰ
1521 3016 1614 3069 σοῦ
1644 3016 1846 3073 ἄλυπον

269 3101 476 3171 χαράν·
531 3103 770 3158 ἀπόλαϐε
818 3123 883 3176 με
929 3107 1244 3178 χαιρόμενον
1289 3107 1423 3179 (59),
1472 3109 1566 3162 καὶ
1605 3109 1842 3179 ἀνευφη-

269 3189 473 3264 μοΰντα
501 3194 570 3248 τὰ
606 3194 728 3267 ἑλέη
763 3213 874 3263 σου,
905 3197 1093 3270 Κύριε.
1136 3199 1443 3263 Ἀπέδωκάς
1475 3217 1564 3271 μοι
1613 3200 1711 3271 τὴν
1757 3201 1845 3253 εὐ-

266 3283 495 3354 θυμίανο
551 3286 848 3358 ἀποδίδωμί
902 3304 982 3342 σοι
1028 3291 1277 3362 εὐθύμως
1317 3291 1383 3345 τὰ
1427 3293 1840 3364 εὐχαριστήρια.

268 3376 477 3444 Ἔγνων
510 3379 728 3451 ἀγάπης
761 3381 895 3436 Θεοῦ
928 3382 1176 3454 δύναμιν.
1206 3387 1282 3438 Δι’
1307 3385 1405 3455 ἐμὲ
1444 3383 1552 3456 γὰρ
1591 3383 1701 3455 (60)
1727 3385 1755 3437 6
1779 3387 1842 3437 ἐκ

265 3471 358 3524 σοῦ
402 3471 553 3537 Θεὸς,
595 3475 1010 3547 ἁνερμηνεύτως
1061 3477 1154 3532 καὶ
1199 3478 1510 3550 ἀρῤεύστως
1542 3478 1839 3548 γεννηθεὶς,

1953 2285 2304 2357 Deiparazque
2342 2285 2453 2342 Deo
2498 2286 2809 2342 ancillantis
2838 2289 2893 2341 in
2921 2289 2989 2344 iis
3014 2303 3135 2358 qua:
3167 2299 3414 2361 spectant
3461 2295 3531 2350 ad

1949 2379 2220 2442 homines,
2243 2378 2610 2434 exbortatloni
2639 2395 2704 2436 ac
2735 2381 2954 2436 monitis
2979 2381 3180 2438 cedens
3204 2425 3219 2448 ,
3242 2384 3529 2456 Antiquam

1950 2463 2101 2516 illum
2133 2463 2336 2517 dierum
2370 2463 2413 2494 ⁶¹
2445 2462 2706 2519 infantem
2727 2501 2742 2528 ,
2796 2463 3058 2520 senilibus
3089 2467 3232 2522 ulnis
3263 2471 3524 2541 suscepit,

1950 2553 2224 2624 Deumque
2245 2553 2536 2610 dilaudans
2568 2556 2645 2609 ait
2668 2573 2681 2609 :
2701 2553 2858 2609 Nunc
2890 2556 3117 2612 dimittis
3133 2575 3336 2614 seruum
3354 2570 3524 2628 tuum,

1948 2646 2188 2713 Domine,
2206 2646 2488 2701 secundum
2516 2647 2727 2702 uerbum
2751 2658 2897 2701 tuum
2939 2650 2993 2703 in
3024 2665 3171 2719 pace.
3208 2651 3348 2719 Quia
3381 2655 3525 2709 uide-

1948 2745 2072 2791 runt
2116 2737 2256 2790 oculi
2302 2739 2404 2791 mei
2451 2737 2704 2792 Salutare
2749 2749 2939 2793 tuum:
2971 2739 3110 2810 quod
3147 2743 3354 2810 parasti
3396 2756 3526 2802 ante

1948 2829 2137 2898 faciem
2175 2831 2408 2882 omnium
2443 2828 2790 2898 populorum;
2843 2831 3018 2885 lumen
3048 2832 3118 2885 ad
3155 2836 3524 2890 reuelationem

1875 2923 1879 2929 ’
1945 2923 2196 2994 gentium,
2219 2931 2268 2975 at
2309 2922 2535 2992 gloriam
2570 2920 2734 2990 plebis
2767 2931 2873 2976 tua:
2901 2921 3075 2978 Israel
3102 2925 3395 2997 "..Accepi
3423 2927 3522 2984 abs

1945 3025 1999 3072 te
2027 3015 2346 3070 inoffensam
2375 3023 2429 3070 et
2460 3029 2684 3069 vacuam
2721 3013 2927 3069 doloris
2985 3015 3224 3071 la2titiam
3259 3034 3272 3072 :
3310 3025 3370 3073 tu
3409 3035 3518 3084 me,

1945 3106 2194 3169 Domine,
2224 3107 2513 3168 laetantem,
2543 3114 2774 3175 tuasque
2821 3105 3274 3176 depraedicantem
3302 3109 3520 3165 miseri-

1945 3199 2162 3254 cordias
2195 3200 2400 3268 accipe.
2432 3196 2514 3252 Tu
2566 3197 2822 3268 gaudium
2869 3197 2974 3252 hoc
3015 3199 3196 3252 animo
3228 3198 3511 3257 indidisti:

1944 3288 2186 3358 gaudens
2213 3303 2313 3359 ego
2341 3288 2524 3342 animo
2555 3287 2853 3358 gratiarum
2896 3287 2994 3343 tibi
3030 3303 3228 3346 munus
3251 3291 3513 3361 rependo.

1944 3378 2185 3450 Cognovi
2215 3379 2326 3433 vim
2372 3377 2568 3433 divinae
2603 3377 2926 3433 dilectionis.
2958 3377 3188 3449 Propter
3243 3397 3329 3435 me
3367 3384 3514 3438 enim

1944 3467 2088 3525 Deus
2119 3470 2230 3534 ille,
2261 3467 2522 3522 ineffabili
2555 3471 2765 3524 ratione
2796 3483 2860 3522 ac
2889 3469 3006 3524 sine
3052 3471 3403 3538 corruptione
3443 3487 3512 3528 ex

262 3562 545 3632 ἄνθρωπος
573 3564 812 3635 γέγονεν.
844 3569 1051 3639 Ἐγνων
1089 3567 1187 3641 τῆς
1223 3569 1323 3641 σῆς
1355 3570 1483 3642 περὶ
1511 3570 1658 3640 ἡμᾶς
1691 3570 1841 3641 κηδε-

1947 3567 2000 3616 te
2029 3561 2264 3632 genitus,
2294 3561 2472 3615 lactus
2518 3567 2603 3632 est
2645 3560 2828 3614 homo.
2876 3559 3112 3631 Cognovi
3169 3567 3314 3614 tuan:
3363 3561 3511 3616 illam

264 3654 454 3722 μονίας
501 3655 562 3710 τὸ
610 3656 980 3730 ἀνέκφραστον
1013 3659 1258 3730 μέγεθος,
1298 3661 1379 3713 ὅτι
1422 3659 1491 3712 τὰ
1523 3659 1591 3712 σὰ
1631 3659 1838 3728 σπλάγο·

260 3760 360 3815 χνα
387 3745 771 3814 ἐξαπέστειλας
795 3753 874 3813 εἰς
891 3751 1139 3824 βοήθειαν
1169 3751 1343 3824 ἡμῶν.
1376 3753 1586 3822 Ἔγνων
1608 3753 1637 3805 ὃ
1664 3752 1836 3807 ἐδιδά-

257 3837 395 3907 χθην
422 3839 526 3892 ὑπὸ
551 3841 921 3912 Σολομῶντος,
950 3846 1227 3912 Κραταιὰ,
1259 3845 1524 3912 λέγοντος,
1546 3845 1625 3911 ὡς
1657 3845 1837 3899 θάνα-

258 3945 361 3996 ιός
397 3931 436 3998 ἡ
478 3931 697 4001 ἀγάπη.
745 3934 842 3987 Διὰ
886 3935 1085 4006 ταύτης
1131 3935 1239 4006 γὰρ
1288 3935 1700 4008 συντριϐήσεται
1743 3936 1835 3990 τοῦ

258 4018 489 4075 θανάτου
515 4024 576 4076 τὸ
599 4025 838 4096 κέντρον⁸
861 4026 950 4081 διὰ
976 4028 1178 4099 ταύτης
1199 4025 1378 4097 νεκροὶ
1408 4025 1552 4099 ζωὴν
1582 4025 1798 4096 ὖψονται
1818 4043 1831 4056 ·

257 4111 344 4166 διὰ
381 4114 583 4186 ταύτης
616 4115 841 4182 θάνατος
882 4118 1180 4190 μαθήσεται
1209 4119 1458 4185 θάνατον,
1486 4120 1834 4190 παυσάμενος

256 4203 355 4274 τῆς
377 4204 497 4258 καθ’
526 4207 679 4277 ἡμῶν
702 4210 1078 4282 ἐπικρατείας·
1106 4211 1192 4265 διὰ
1212 4210 1412 4284 ταύτης
1435 4213 1525 4266 καὶ
1551 4213 1578 4264 ὁ
1600 4210 1836 4282 ἀρχέκα-

256 4307 353 4356 κος
401 4293 523 4364 ὄφις
589 4299 928 4370 αἰχμάλωτος
985 4303 1270 4373 γενήσεται
1330 4303 1424 4358 καὶ
1482 4301 1829 4374 ὑποϐρύχιος.

266 4383 627 4455 Ἐ’γνώρισας
672 4391 832 4460 ἡμῖν,
863 4395 1060 4461 Κύριε,
1093 4395 1160 4448 τὸ
1202 4393 1498 4463 σωτήριόν
1529 4410 1664 4459 σου,
1698 4397 1829 4448 ἀνα-

256 4477 459 4547 στήσας
487 4481 614 4556 ὴμῖν
641 4483 804 4547 φυτὸν
827 4485 1047 4556 εἰρήνης
1067 4503 1080 4516 α
1110 4486 1202 4539 καὶ
1229 4486 1406 4540 οὐκέτι
1432 4484 1665 4557 ἐσόμεθα
1696 4487 1832 4540 πλα-

255 4567 503 4637 νώμενοι.
545 4570 872 4644 Ἐγνὼρισας
911 4577 1062 4646 ἡμῖν,
1091 4575 1283 4648 Κύριε,
1317 4578 1398 4631 ὅτι
1441 4579 1540 4630 οὐκ
1576 4579 1655 4641 εἰς
1681 4577 1830 4641 τέλος

254 4659 533 4731 ὑπερεῖδες
584 4663 712 4729 τοὺς
749 4666 964 4732 δούλους
1020 4683 1133 4733 σου,
1169 4669 1358 4737 ἀγαθὲ,
1409 4670 1529 4724 οὐδὲ
1566 4670 1827 4724 ἐπελάθου

254 4748 390 4820 ἔργα
455 4755 650 4826 χειρῶν
698 4772 811 4813 σου.
869 4759 1331 4834 Κατοικτειρήσας
1375 4762 1482 4833 γὰρ
1530 4761 1686 4833 ἡμῶν
1730 4762 1830 4833 τὴν

253 4842 608 4918 ἐλεεινότητα,
637 4849 868 4918 δαψιλῶς
900 4851 1119 4923 ἐξέχεας
1157 4855 1406 4924 ἐφ’ήμᾶς
1447 4854 1543 4926 τὴν
1589 4854 1826 4925 ἔμφυτον

1943 3651 2375 3722 inexplicabilem
2421 3651 2597 3707 nostri
2649 3665 2835 3706 curam
2891 3652 3260 3722 studiumque,
3294 3655 3386 3724 qui
3416 3663 3511 3710 tua

1938 3749 2056 3818 ipse
2089 3747 2298 3802 viscera
2326 3744 2576 3800 emiseris
2611 3745 2667 3799 in
2716 3751 2960 3799 nostrum
3019 3744 3298 3800 auxilium.
3353 3746 3509 3803 Nunc

1937 3838 2154 3893 demum
2187 3836 2429 3907 intelligo
2451 3834 2594 3906 quod
2616 3850 2646 3889 a
2669 3835 2958 3890 Salomone
2983 3835 3284 3892 didiceram
3316 3857 3328 3892 :
3366 3837 3508 3893 For-

1939 3930 2006 3983 tis
2035 3938 2093 3982 ut
2134 3944 2274 3982 mors
2328 3928 2539 3983 dilectio
2567 3928 2634 3984 ⁸³.
2693 3925 2796 3983 Per
2845 3941 2963 3982 eam
3011 3928 3155 3982 enim
3194 3938 3508 3987 conteretur

1935 4021 2129 4077 mortis
2165 4021 2449 4085 stimulus,
2475 4036 2572 4090 per
2599 4034 2718 4076 eam
2763 4019 2964 4073 mortui
2999 4017 3259 4074 videbunt
3293 4022 3458 4076 vitam
3485 4063 3503 4089 ,

1934 4125 2032 4182 per
2063 4127 2182 4167 eam
2210 4125 2358 4167 mors
2378 4119 2608 4166 mortem
2638 4109 2966 4180 experietur,
2995 4109 3225 4180 imperio
3258 4112 3403 4183 quod
3447 4113 3506 4170 in

1936 4220 2037 4261 nos
2063 4203 2348 4260 exercebat
2382 4201 2615 4269 abolito;
2649 4218 2746 4272 per
2765 4217 2882 4258 eam
2910 4210 2964 4257 et
2984 4217 3209 4272 serpens
3233 4205 3504 4260 malorum

1935 4305 2129 4351 auctor
2160 4296 2407 4366 capietur
2451 4301 2505 4348 et
2537 4293 2934 4365 submergetur.
2962 4293 3161 4349 Notum
3188 4294 3361 4362 nobis,
3393 4294 3505 4351 Do-

1934 4389 2088 4454 mine,
2113 4388 2282 4458 fecisti
2312 4386 2559 4441 Salutare
2580 4395 2724 4440 tuum
2755 4387 2820 4452 ν’,
2844 4387 3001 4442 nobis
3029 4387 3375 4442 exsuscitans
3400 4403 3501 4456 pa-

1933 4483 2013 4537 cis
2038 4480 2409 4552 propaginem,
2440 4494 2540 4534 nec
2576 4479 2806 4549 amplius
2835 4479 3219 4535 erraverimus.
3269 4477 3453 4533 Palam
3479 4519 3496 4544 ,

1933 4571 2178 4636 Domine,
2210 4569 2416 4633 fecisti,
2464 4577 2523 4623 ut
2549 4583 2659 4622 non
2694 4569 2749 4622 in
2777 4567 2936 4624 ﬁnem
2967 4568 3282 4638 despexeris
3309 4583 3499 4625 servos

1929 4673 2087 4730 tuos;
2120 4679 2294 4734 neque
2319 4677 2482 4733 opera
2505 4676 2766 4715 manuum
2796 4669 3035 4726 tuarum,
3060 4674 3094 4714 ο
3115 4659 3276 4726 bone,
3294 4661 3498 4718 oblitus

1930 4759 2027 4812 sis.
2058 4755 2346 4810 Miseratus
2378 4753 2522 4808 enim
2566 4753 2927 4807 miserabilem
2983 4760 3184 4808 sortem
3231 4759 3495 4811 nostram,

1931 4857 2214 4919 cognatam
2249 4847 2344 4900 tibi
2375 4846 2857 4915 inexhaustamque
2910 4845 3057 4898 illam
3090 4844 3383 4906 bonitatem
3439 4842 3496 4896 in

255 4936 344 4988 καὶ
377 4911 770 5011 ἀνεξαντλητδν
809 4911 901 4996 σου
939 4911 1415 5015 ἇπέᾎιθέτηὲα,”διέι
1458 4911 1554 4998 τοῦ
1584 4911 1823 5010 uicim-

1944 4911 2031 4992 ηοξ
2061 4935 2329 5000 effudisti;
2362 4934 2658 5005 redemptis
2705 4911 2863 4989 nobis
2893 4950 2990 5005 per
3019 4932 3384 5006 Unigenitum,
3411 4933 3494 4995 in-

255 5025 375 5092 νοῦς
418 5029 511 5082 καὶ
555 5031 967 5104 ἀπαραλλάκτου
1017 5035 1126 5106 (6i)
1167 5035 1261 5089 καὶ
1305 5035 1586 5107 ὁμοουσίου
1627 5035 1823 5098 Παιδός

255 5133 344 5170 σου
371 5119 470 5192 τὴν
500 5121 762 5195 λύτρωσιν
793 5127 946 5197 ήμῶν
979 5128 1359 5198 ποιησάμενος,
1397 5124 1608 5189 ἀνάξιον
1631 5129 1820 5198 κρίνας

318 5235 365 5267 ¹⁹
403 5236 574 5295 Exod.
609 5257 717 5307 xtx,
762 5241 847 5297 16.

251 5321 414 5370 xcv",
451 5309 505 5364 2.

324 5425 430 5510 lii?)
462 5430 837 5510 δεξιούμενον·
859 5415 1062 5510 ,ξρηεν
1097 5395 1371 5510 καίροθτα-

325 5491 433 5568 (60)
467 5491 676 5570 Δι’ὶζιιῖὲ
701 5491 1459 5570 τάρ.ᾘο1›οι,ίέἲοίπορι·ἱιιε
1502 5496 1680 5570 factus
1720 5491 1808 5570 Je-

255 5580 376 5639 §us,
415 5566 622 5638 aliquid
669 5566 875 5625 sanctis
926 5569 1167 5639 suavius.
1210 5566 1324 5622 Sic’
1355 5571 1558 5639 passim
1611 5566 1803 5639 David,

253 5632 470 5719 Paulus,
506 5632 621 5719 etei
657 5639 834 5719 Deum
869 5640 1017 5719 velut
1041 5638 1167 5717 Osib'i
1211 5632 1446 5719 r'apiuint.
1489 5638 1806 5719 _Tb_qolog_us

252 5707 577 5780 etiamora-t.
603 5709 655 5762 in
688 5717 872 5780 sancta
899 5707 1143 5780 Lamina,
1175 5708 1334 5762 πάλιν
1357 5711 1386 5761 6
1414 5709 1544 5779 ἐμὸς
1579 5707 1802 5780 Ἰησοῦς,

255 5791 354 5848 qua
403 5778 469 5848 de
519 5794 578 5833 re
620 5778 921 5832 luculenter
955 5778 1378 5848 Cbrysostomus
1426 5777 1479 5832 in
1523 5777 1708 5848 capiti
1737 5777 1806 5830 ad

258 5841 373 5902 Gal.
421 5847 539 5905 Non
579 5850 759 5919 itaque
803 5849 958 5906 facile
987 5841 1149 5903 fuerit
1183 5849 1235 5904 in
1269 5849 1557 5920 ejusmodi,
1588 5841 1807 5904 mutan-

1928 5025 2384 5084 commutabiliter
2406 5024 2639 5080 similem
2667 5033 2720 5079 et
2748 5023 2993 5095 ejusdem
3032 5033 3212 5081 tecum
3239 5026 3495 5081 substan-

1925 5121 2030 5186 tiae,
2066 5117 2295 5173 Filium:
2324 5122 2416 5170 tua
2447 5116 2619 5187 ipsius
2651 5118 2936 5188 majestate
2984 5125 3039 5173 et
3069 5118 3312 5174 bonitate
3344 5114 3492 5170 indl-

955 5244 1000 5277 ⁸⁸
1040 5243 1081 5298 II
1119 5239 1240 5313 Reg.
1285 5262 1357 5308 γι,
1401 5245 1454 5298 6.
1533 5246 1572 5274 "
1603 5243 1736 5296 Dan.
1781 5258 1840 5297 Ill

1944 5241 1992 5294 5.
2071 5237 2114 5269 ⁸³
2146 5234 2274 5291 Luc.
2319 5251 2377 5300 ll,
2410 5233 2602 5289 29-32.
2680 5233 2725 5267 ⁸³
2766 5233 2921 5289 Cant.
2964 5251 3080 5300 vm,
3123 5236 3177 5292 6.
3253 5235 3298 5267 “
3333 5233 3484 5297 Psal.

1912 5426 2038 5480 dum
2071 5425 2346 5497 singulare
2375 5424 2431 5482 in
2452 5424 2678 5496 plurale.
2709 5423 2971 5480 Pantinus
2999 5425 3110 5488 hic,
3140 5433 3322 5478 nostra
3345 5425 3484 5475 enim

1913 5509 2096 5636 δαῖθ’ῗῇ
2144 5563 2648 5634 Ἀπαραλλάκτου.
2692 5565 2854 5622 Velut
2882 5579 2979 5636 per
3004 5561 3475 5636 omniasimilgm,

1911 5645 1966 5692 et
1988 5629 2216 5707 'qu'alem
2265 5629 2500 5707 sequens
2533 5637 2697 5707 illud,
2727 5629 3030 5707 ὁμοουσίου.
3071 5633 3322 5702 explicat.
3365 5629 3475 5707 V91

1913 5701 2534 5783 theologica_Gré_gorio,
2562 5701 2934 5783 Damasceno.‘
2952 5711 3082 5783 etc,
3115 5701 3374 5783 perquam
3404 5701 3478 5783 fa:

1912 5764 2162 5832 miliarivs.
2209 5764 2495 5838 Pantiinus.
2523 5764 2703 5835 'male,
2752 5764 3089 5832 immobilem,
3119 5764 3246 5829 ὐἱεῖ
3273 5764 3473 5826 erravi‘

1913 5848 2141 5921 prelum,
2171 5856 2226 5908 et
2251 5859 2440 5904 notare
2475 5845 2643 5899 voluit
2677 5842 3164 5897 incommutabilem.
