3962 6278
349 395 502 454 ’587

1319 389 1376 447 S.
1419 387 1753 446 METRODII
1791 388 2102 448 EPISCOPI
2141 392 2232 448 ET
2272 392 2632 450 MARTYRIS

3492 402 3639 459 ’568

394 531 560 587 gnum
596 519 857 577 ratus,'ut
880 511 1025 566 illam
1059 524 1337 567 servorum
1366 517 1582 565 tuorum
1616 512 1845 568 salutem
1869 512 1958 568 be-

2062 514 2159 585 τῆς
2204 516 2301 583 σῆς
2351 514 2720 587 μεγαλοσύνης
2758 507 2851 569 καὶ
2889 514 3272 589 χρηστότητος,
3317 519 3501 596 οἰκέτῃ
3539 524 3640 595 τὴν

393 610 784 677 nellciumque,
836 603 1023 659 eadem
1064 604 1377 659 conditione
1410 619 1568 659 servo
1595 604 1958 673 concederes;

394 712 522 758 utve
578 715 674 755 eos
715 696 810 768 qui
837 694 1211 759 offendissent,
1245 696 1495 750 ministro
1528 696 1961 753 reconciliandos

393 793 779 847 committeres.
817 780 1126 852 Enimvero,
1152 804 1248 860 per
1273 786 1479 843 Lumen
1532 787 1664 841 illud
1715 788 1960 857 ejusdem

392 891 571 939 tecum
600 881 939 947 substantia},
972 880 1153 935 lumen
1190 878 1405 934 donasti
1437 879 1502 933 iis
1531 879 1621 949 qui
1649 879 1701 932 in
1739 877 1960 933 tenebris

390 975 526 1030 etin
566 972 750 1027 umbra
802 973 987 1026 mortis
1016 970 1262 1026 sedebant
1296 971 1372 1037 e5;
1425 979 1481 1023 ut
1522 971 1576 1024 in
1608 971 1801 1024 lumine
1843 980 1959 1034 tuo,

390 1064 626 1121 scientia:
654 1064 825 1117 lumen
851 1061 1056 1118 videant
1081 1061 1162 1115 “z
1195 1059 1526 1131 placuitque,
1559 1066 1618 1113 ut
1664 1075 1759 1130 per
1783 1058 1963 1113 Domi-

389 1172 523 1212 num
555 1164 607 1212 et
650 1165 952 1211 creatorem
982 1153 1312 1209 reformares
1344 1167 1447 1207 nos
1501 1152 1555 1206 in
1587 1151 1963 1206 immortalita-

387 1254 535 1318 tem;
584 1250 852 1320 nobisque
881 1263 978 1319 per
1007 1248 1185 1317 ipsum
1218 1245 1311 1316 qui
1362 1245 1618 1315 paradiso
1643 1246 1960 1301 deliciarum

390 1343 864 1402 exlerminaverat,
894 1338 1128 1395 reditum
1174 1336 1486 1408 elargireris
1526 1336 1581 1391 in
1625 1337 1956 1407 paradisum.

390 1434 472 1487 Αιι
506 1434 641 1495 hzec,
674 1448 770 1504 per
811 1446 935 1488 eum
986 1431 1076 1501 qui
1117 1428 1271 1484 habet
1311 1438 1618 1498 potestatem
1664 1427 1963 1483 dimittendi

345 1550 348 1554 ’
387 1534 604 1597 peccata
633 1525 675 1556 ⁸⁷
721 1522 859 1595 quod
906 1531 1021 1577 erat
1061 1521 1308 1577 adversus
1355 1537 1450 1575 nos
1485 1520 1668 1575 delesti
1692 1521 1962 1592 chirogra-

387 1618 551 1689 phum
579 1618 643 1671 ⁸⁸.
680 1616 924 1687 Denique
950 1632 1046 1686 per
1074 1630 1196 1672 eum
1227 1614 1319 1685 qui
1342 1613 1531 1669 eodem
1554 1622 1735 1667 tecum
1763 1612 1962 1667 throno

388 1709 642 1767 Sublimis
672 1707 844 1774 sedet,
875 1708 1074 1778 quique
1104 1722 1132 1760 a
1174 1705 1359 1761 divina
1409 1712 1506 1760 tua
1557 1712 1756 1759 natura
1788 1704 1963 1759 baud-

391 1816 662 1873 quaquam
688 1800 949 1856 excedere
969 1806 1167 1871 potest,
1201 1798 1408 1855 ﬁrmam
1439 1797 1597 1854 nobis
1642 1797 1963 1853 reconcilia-

390 1894 559 1949 tionis
591 1905 951 1962 accessusque
978 1892 1193 1947 donasti
1231 1890 1513 1958 ﬁduciam;
1567 1899 1627 1945 ut
1654 1907 1753 1961 per
1777 1890 1960 1946 Domi-
1991 1926 2032 1981 Β

390 2000 563 2049 ιιιιιιι,
618 1985 821 2040 nullius
875 1992 1254 2055 agnoscentem
1304 1982 1631 2052 imperium,
1681 1982 1959 2053 Deumque

387 2094 576 2135 verum
608 2094 672 2135 ac
689 2086 994 2149 potentem;
1027 2085 1105 2133 tot
1134 2082 1519 2146 tantorumque
1547 2077 1816 2132 bonorum
1846 2080 1958 2132 vel-

388 2178 445 2226 ut
493 2170 800 2240 subscripta
839 2168 1072 2233 sanctio,
1103 2176 1253 2222 certa
1273 2176 1328 2223 et
1352 2167 1651 2224 indubitata
1675 2167 1820 2238 jura,
1848 2169 1957 2223 mi-

388 2262 739 2319 sericordiam
797 2260 1110 2317 consecutis
1154 2260 1472 2317 constituat.
1509 2258 1665 2328 Quod
1697 2271 1751 2316 et
1777 2261 1955 2333 ipsum

386 2356 514 2411 olim
560 2355 1014 2425 praenuntiaverat
1054 2354 1317 2425 propheta
1358 2352 1549 2410 dicens
1591 2373 1604 2409 ε
1658 2353 1781 2408 Non
1815 2354 1957 2425 lega-

389 2454 474 2499 tus
498 2484 512 2509 ,
549 2461 654 2498 non
685 2443 935 2514 angelus;
967 2442 1057 2498 sed
1114 2442 1222 2513 ipse
1252 2442 1509 2498 Dominus
1553 2444 1779 2499 saluauit
1824 2462 1912 2500 eos
1936 2463 1954 2500 :

388 2549 657 2607 propterea
692 2536 830 2608 quod
857 2518 1059 2591 amaret
1089 2553 1199 2602 eos,
1221 2545 1269 2591 et
1302 2545 1538 2605 parceret
1574 2537 1701 2605 ipsis
1727 2547 1808 2592 :et
1832 2556 1952 2593 sus-

389 2630 522 2697 cepit
569 2639 617 2682 et
646 2628 901 2683 exattavit
930 2644 1017 2683 eos
1050 2629 1115 2682 θ’.
1156 2627 1333 2698 Atque
1372 2627 1485 2683 haec
1506 2627 1710 2691 omnia,
1740 2644 1844 2682 non
1891 2645 1956 2683 ea:

389 2719 628 2791 operibus
663 2736 781 2791 qua:
825 2720 1098 2790 fecerimus
1158 2721 1262 2789 ipsi
1309 2720 1365 2774 in
1414 2721 1655 2786 iustitia;
1703 2728 1795 2775 aut
1827 2723 1955 2792 quia

389 2825 442 2869 te
467 2813 818 2870 dilexerimus
843 2813 889 2845 "°
918 2812 1149 2883 (primus
1186 2811 1331 2867 enim
1371 2810 1458 2866 ille
1512 2826 1711 2881 parens
1769 2818 1956 2869 noster

390 2906 695 2980 terrigena.
751 2921 873 2961 cum
924 2904 1165 2977 paradisi
1191 2902 1416 2960 delicias
1470 2903 1952 2976 domiciliumque,

392 3000 617 3058 honoris
660 3000 1014 3071 prmrogativa
1049 3004 1400 3062 consecutus,
1426 3004 1580 3050 tuum
1640 2997 1772 3052 illud
1816 2997 1956 3053 divi—

390 3108 520 3147 num
548 3092 839 3163 sprevisset
880 3107 944 3147 ac
991 3091 1230 3148 salutare
1282 3096 1607 3160 praeceptum
1633 3127 1650 3154 ,
1698 3088 1955 3160 indignus

390 3186 537 3243 vitali
565 3187 658 3241 illo
687 3187 806 3241 loco
826 3185 1106 3256 judicatus
1133 3190 1217 3239 est
1242 3201 1256 3250 ;
1292 3197 1557 3253 suumque
1581 3196 1746 3257 omne
1769 3197 1954 3239 semen

2062 607 2169 661 τῶν
2206 607 2313 661 σῶν
2338 608 2561 663 οἰκετῶν
2591 607 3019 663 καταπιστεῦσαι
3060 612 3330 683 σωτηρίαν
3357 614 3450 668 καὶ
3481 616 3630 688 εὐερ-

2063 702 2271 770 γεσίαν,
2308 703 2341 774 ἢ
2385 699 2679 773 λειτουργῷ
2731 701 3046 772 ἐγχειρῆσαι
3090 700 3187 773 τὴν
3248 703 3357 758 τῶν
3404 721 3638 776 προσκε-

2063 794 2371 867 κρουκότων
2428 795 2790 868 καταλλαγήν.
2846 797 3005 851 Ἀλλά
3062 795 3151 851 διὰ
3206 796 3300 850 τοῦ
3354 798 3638 868 ὁμοουσίου

2061 887 2243 950 Φωτὸς
2267 887 2382 956 φῶς
2412 888 2537 956 τοῖς
2567 888 2636 943 ἐν
2658 891 2862 944 σκότει
2889 890 2987 944 καί
3015 888 3157 958 σκιᾷ
3181 887 3440 945 θανάτου
3459 892 3639 959 καθη-

2057 977 2263 1049 μένοις
2295 979 2574 1050 ἐδωρήσω,
2619 981 2720 1035 ἵνα
2767 982 2837 1036 ὲν
2868 981 2948 1048 τῷ
2989 982 3080 1049 σῷ
3117 983 3263 1053 φωτί
3306 982 3476 1037 ἴδωσι
3513 980 3640 1053 φῶς

2061 1067 2368 1139 γνώσεως-ο
2403 1072 2497 1123 καὶ
2529 1070 2617 1125 διὰ
2655 1071 2746 1126 τοῦ
2777 1072 3032 1126 δεσπότου
3067 1074 3159 1127 καὶ
3184 1072 3513 1145 δημιουργοῦ
3541 1075 3633 1129 εὐ-

2061 1161 2295 1233 δόκησας
2323 1163 2629 1218 ἀναπλάσαι
2654 1165 2800 1235 ἡμᾶς
2826 1166 2905 1229 είς
2937 1164 3263 1237 ἀφθαρσίαν,
3294 1165 3387 1220 καὶ
3417 1164 3506 1219 διὰ
3541 1165 3634 1220 τοῦ

2062 1252 2421 1324 ἀφορίσαντος
2451 1253 2515 1306 ὲκ
2539 1254 2864 1325 παραδείσου
2893 1257 3101 1326 τρυφῆς
3124 1254 3221 1326 τὴν
3264 1257 3343 1319 είς
3375 1255 3635 1326 παράδει-

2063 1360 2154 1400 σον
2179 1340 2332 1408 αὖθις
2358 1344 2708 1410 ὲπανάζευξιν
2733 1345 2970 1418 ἐχαρίσω
2990 1360 3006 1377 ·
3032 1347 3125 1401 καὶ
3146 1346 3234 1400 διὰ
3256 1345 3364 1400 τοῦ
3388 1348 3636 1417 ἔχοντος

2060 1436 2350 1502 ἐξουσίαν
2389 1436 2623 1506 ἀφιέναι
2659 1438 2945 1507 ἁμαρτίας
2982 1437 3048 1491 τὸ
3089 1440 3216 1494 καθ’
3243 1438 3412 1509 ἡμῶν
3445 1440 3635 1509 χειρό-

2060 1543 2290 1597 ιῃοαφον
2318 1525 2673 1596 ἐξήλειψας·
2710 1527 2803 1581 καὶ
2831 1526 2918 1580 διὰ
2943 1526 3036 1581 τοῦ
3076 1527 3362 1601 συνθρόνου
3404 1528 3499 1582 καὶ
3536 1528 3634 1584 ἀν-

2061 1619 2380 1691 εκφοιτήτου
2425 1619 2523 1690 τῆς
2559 1618 2709 1682 θείας
2752 1636 2843 1672 σου
2891 1619 3101 1688 φύσεως
3136 1618 3234 1692 τὴν
3274 1619 3410 1692 πρὸς
3443 1619 3503 1673 σὲ
3522 1639 3642 1678 κατα

2063 1711 2299 1784 αλλαγήν
2382 1709 2478 1764 καὶ
2522 1712 2886 1783 προσαγωγὴν
2933 1713 2993 1766 ἐν
3036 1711 3353 1784 πεποιθήσει
3402 1711 3634 1782 ἐφιλοτι-

2063 1803 2251 1873 μήσω·
2301 1804 2451 1866 ὅπως
2501 1802 2587 1858 διὰ
2638 1803 2895 1858 δεσπότου
2943 1803 3314 1869 ἀδασιλεύτου,
3354 1804 3448 1858 καὶ
3496 1801 3633 1858 Θεοῦ

2059 1893 2312 1965 ἀληθινοῦ
2342 1894 2436 1949 καὶ
2463 1894 2830 1962 ὲξουσιαστοῦ,
2860 1899 2888 1951 6
2928 1896 3037 1951 τῶν
3063 1897 3328 1951 τοσούτων
3360 1898 3456 1951 καὶ
3485 1895 3636 1968 τηλι-

2060 1984 2267 2041 κούτων
2305 1987 2527 2054 ἀγαθῶν
2572 1988 2767 2058 δεσμὸς
2810 1990 3252 2061 ὑπο-γραφόμενος
3292 1988 3635 2061 ἀναμφίδολα

2057 2078 2167 2141 τοῖς
2205 2078 2540 2149 ἐλεουμένοις
2583 2082 2899 2154 καταστήσῃ
2943 2082 3042 2154 τῆς
3077 2082 3292 2154 χάριτος
3331 2080 3399 2135 τὰ
3431 2081 3628 2135 δίκαια.

2057 2170 2192 2242 Περὶ
2223 2171 2343 2225 ὅτου
2394 2172 2489 2226 καὶ
2534 2174 2562 2226 6
2615 2174 2898 2246 προφήτης
2939 2176 3283 2246 προεμήνυσε
3322 2173 3524 2243 λέγων·
3549 2175 3634 2228 Οὐ

2057 2265 2342 2333 πρέσϐυς,
2375 2269 2485 2321 οὐκ
2509 2267 2781 2337 ἅγγελος,
2809 2268 2946 2322 ἀλλ’
2976 2268 3158 2335 αὐτὸς
3184 2271 3217 2322 ὀ
3252 2269 3468 2336 Κύριος
3487 2268 3634 2322 ἐσω-

2057 2359 2446 2438 σενσαὺτοὺς,
2482 2359 2639 2427 παρὰ
2685 2358 2752 2413 τὸ
2796 2359 3034 2428 ἀγαπᾷν
3063 2359 3305 2427 αὐτοὺς,
3358 2360 3457 2414 καὶ
3508 2359 3634 2430 φεί-

2056 2449 2264 2506 δεσθαι
2299 2449 2515 2515 αὐτῶν,
2552 2450 2650 2504 καί
2677 2450 2950 2516 ἀνέλαϐε,
2983 2451 3079 2506 καὶ
3116 2452 3364 2522 ὕψωσεν
3391 2452 3628 2518 αὐτούς.

2058 2542 2166 2596 Καὶ
2192 2540 2365 2595 ταῦτα
2398 2540 2574 2594 πάντα
2615 2543 2727 2596 οὐκ
2754 2540 2824 2607 ἐξ
2866 2542 3053 2611 ἔργων
3095 2541 3262 2612 ἡμῶν
3288 2541 3405 2597 τῶν
3441 2543 3513 2596 ἐν
3548 2543 3633 2597 δι-

2056 2634 2371 2703 καιοσύνῃ,
2396 2633 2505 2686 οὐδ’
2528 2634 2610 2687 ὅτι
2634 2634 2793 2704 ἡμεῖς
2827 2650 2885 2686 σε
2921 2636 3286 2705 ἠγαπήσαμεν
3319 2634 3367 2706 (ὁ
3398 2635 3634 2706 γὰρ,γη-

2055 2726 2219 2797 γενὴς
2250 2725 2405 2796 ἡμῶν
2439 2725 2738 2796 προπάτωρ
2779 2724 2873 2777 καὶ
2915 2724 3015 2795 τὴν
3054 2726 3113 2777 ὲν
3160 2725 3470 2796 παραδείσῳ
3503 2741 3636 2798 τρυ-

2057 2816 2162 2887 φὴν
2193 2817 2285 2869 καὶ
2318 2815 2592 2887 διαγωγὴν
2628 2812 2895 2884 τιμηθεὶς,
2918 2813 3014 2884 τὴν
3047 2814 3194 2869 θείαν
3232 2814 3325 2868 καὶ
3368 2814 3633 2886 σωτήριόν

2058 2925 2149 2961 σου
2181 2905 2516 2977 ἐκφαυλίσας
2550 2907 2790 2977 ἐντολὴν,
2836 2906 3162 2977 ἀποδόκιμος
3208 2902 3418 2977 ζωηροῦ
3454 2903 3634 2976 χώρου

2056 2998 2270 3071 ἐκρίθη,
2305 2999 2398 3053 καὶ
2440 2997 2501 3052 τὸ
2540 2998 2647 3053 πᾶν
2674 2996 2838 3053 αὑτοῦ
2874 2998 3094 3069 σπέρμα
3125 2996 3466 3051 ἀκιδνότατον
3501 3012 3637 3050 κατ-

2055 3088 2270 3162 έστησε,
2305 3092 2419 3154 τοῖς
2458 3090 2630 3155 νόθοις
2677 3088 3012 3164 μοσχειῆιασι
3055 3090 3152 3161 τῆς
3200 3087 3470 3160 ἁμαρτίας
3495 3104 3633 3160 cup.-

2056 3184 2347 3255 φυράσας),
2390 3182 2526 3238 ἀλλὰ
2571 3183 2637 3237 δι’
2662 3185 2849 3238 ἑαυτὸν
2891 3185 2985 3237 καὶ
3024 3182 3122 3254 τὴν
3154 3182 3282 3252 περὶ
3318 3180 3379 3234 τὸ
3410 3179 3632 3252 πλάσμα

391 3280 593 3351 spuriis
625 3279 830 3349 peccati
858 3276 1164 3334 stolonibus
1184 3273 1565 3335 commiscens,
1597 3274 1652 3331 in
1683 3288 1947 3329 summam

2060 3298 2146 3335 σου
2172 3281 2377 3350 ἄφατον
2407 3279 2648 3352 ἀγάπην,
2680 3279 3053 3352 ὲκραταίωσας
3084 3279 3169 3349 ἐφ’
3197 3280 3345 3352 ἡμᾶς
3380 3278 3441 3332 τὸ
3486 3276 3633 3341 ἔλεός

391 3373 725 3429 debilitatem
783 3369 1004 3442 adegit),
1038 3369 1135 3426 sed
1165 3369 1281 3439 ipse
1310 3375 1530 3439 propter
1563 3366 1907 3437 temetipsum
1936 3405 1951 3430 ,

391 3464 849 3534 inenarrabilique
879 3463 970 3517 illa
1013 3470 1105 3516 tua
1138 3476 1265 3532 erga
1302 3460 1615 3531 ﬁgmentum
1644 3458 1951 3523 dilectione,

387 3556 815 3614 miscricordiam
851 3556 907 3612 in
939 3570 1039 3610 nos
1083 3564 1250 3617 tuam,
1279 3552 1523 3617 Domine,
1555 3551 1953 3619 corroborasn;

390 3660 740 3718 nostramque
802 3647 900 3702 abs
949 3654 1001 3701 te
1058 3645 1452 3715 separationem
1504 3642 1731 3706 dolens,
1792 3642 1953 3698 etiam

390 3742 506 3812 ipse
532 3749 605 3802 te,
638 3754 803 3809 super
829 3747 1013 3794 nostra
1040 3736 1409 3807 corruptione,
1440 3743 1501 3790 ut
1522 3734 1677 3788 dares
1706 3734 1762 3788 in
1797 3733 1954 3787 mise-

387 3833 648 3891 ricordias
681 3833 749 3895 τί,
771 3830 1000 3903 placasti
1029 3837 1083 3885 et
1110 3828 1383 3884 inﬂexisti.
1400 3825 1551 3882 Hinc
1576 3841 1678 3881 nos
1700 3825 1957 3895 deinceps

388 3928 516 3982 Adae
541 3925 756 3980 soboles
788 3922 925 3978 festa
957 3921 1154 3992 plausu
1188 3919 1422 3991 agimus,
1447 3917 1594 3989 quod
1627 3918 1838 3988 primus
1869 3917 1958 3971 ille

390 4020 519 4075 Adae
547 4018 723 4081 ﬁctor,
766 4031 864 4071 sua
918 4014 1035 4084 ipse
1069 4020 1279 4084 sponte,
1309 4027 1486 4068 novus
1535 4011 1704 4067 Adam
1735 4007 1958 4066 eﬁ'ectus

391 4112 464 4166 sit
497 4130 510 4164 :
542 4108 906 4179 splendorque
937 4104 1147 4160 Domini
1175 4104 1270 4160 Dei
1297 4105 1474 4160 nostri
1518 4103 1805 4159 nobiscum
1832 4115 1957 4156 ver-

393 4210 545 4258 satus
575 4201 775 4265 est'“;
801 4207 860 4253 ut
888 4197 1056 4253 Deum
1080 4195 1219 4252 facie
1243 4197 1309 4252 ad
1333 4197 1525 4253 faciem
1554 4196 1874 4256 viderimus,
1903 4199 1957 4247 et

391 4295 528 4351 salvi
579 4293 707 4349 facti
767 4291 961 4347 simus.
1014 4288 1409 4355 Quamobrem,
1459 4287 1842 4354 Domine,ate
1873 4285 1957 4340 di-

391 4386 532 4443 mitti
549 4382 882 4456 quaaro.Vidi
901 4381 1154 4437 Salutare
1181 4389 1335 4435 tuum
1366 4398 1380 4435 :
1406 4379 1658 4435 absolvar
1685 4393 1813 4450 ergo
1840 4392 1958 4434 cur-

390 4496 459 4535 vo
488 4480 681 4534 litterae
723 4477 873 4548 jugo.
909 4473 1033 4529 Vidi
1086 4472 1286 4544 Regem
1335 4472 1747 4540 sempiternum,
1782 4478 1836 4526 et
1867 4470 1956 4524 cui

391 4571 532 4625 alius
575 4583 683 4623 non
736 4566 1035 4622 succedat:
1071 4563 1323 4619 absolvar
1344 4561 1527 4620 servili
1554 4560 1743 4616 collari
1775 4560 1877 4615 hoc
1903 4568 1956 4615 et

311 4809 318 4819 ,
391 4770 692 4827 consequar
716 4769 848 4825 ergo
870 4752 1215 4808 liberationis
1248 4764 1382 4804 mete
1403 4749 1472 4803 ab
1504 4748 1624 4818 ipso
1659 4745 1955 4802 decretum.

314 4848 321 4896 Ξ
392 4847 555 4903 Solve
597 4864 722 4913 me,
775 4847 1038 4911 Domine,
1087 4844 1220 4915 jugo
1247 4840 1752 4908 condemnationis;
1786 4849 1841 4894 et
1869 4853 1956 4893 me

318 4996 321 5001 .
393 4938 565 4996 subde
592 4939 725 5011 jugo
776 4936 1206 5009 justiﬁcationis.
1242 4932 1401 4989 Solve
1428 4947 1514 4988 me
1554 4932 1689 5002 jugo
1739 4930 1957 4986 maledi-

2060 3388 2174 3435 σου.
2203 3370 2396 3442 Κύριε,
2427 3370 2871 3442 κατῳκτείρησάς
2901 3387 2962 3423 τε
3002 3371 3103 3441 τὴν
3120 3369 3421 3441 ἀπαγωγὴν
3447 3369 3626 3440 ἡμῶν,

2056 3463 2149 3516 καὶ
2168 3461 2355 3516 ἑαυτὸν
2382 3460 2733 3533 ὲδυσώπησας
2764 3460 2859 3513 ἐπὶ
2887 3463 2952 3532 τῇ
2981 3459 3299 3531 καταφθορᾷ
3318 3458 3471 3531 ἡμῶν
3497 3458 3629 3531 (62),

2056 3552 2162 3607 τοῦ
2182 3551 2390 3606 δοῦναι
2408 3550 2567 3621 ἡμᾶς
2579 3553 2666 3618 εὶς
2685 3552 3072 3621 οἱκτειρμούς.
3104 3550 3264 3604 Ὅθεν
3295 3550 3476 3623 ἑορταὶ
3503 3550 3632 3620 ἡμῖν

2056 3645 2238 3700 λοιπὸν
2284 3644 2742 3717 συγκεκρότηνται
2786 3646 2899 3708 τοῖς
2941 3643 3291 3715 ’Δδαμιαίοις,
3337 3643 3419 3696 ὅτι
3441 3644 3470 3696 6
3493 3641 3632 3696 πλα-

2057 3736 2318 3809 στουργδς
2365 3735 2458 3790 τοῦ
2492 3734 2660 3807 Ἀδὰμ
2698 3735 2875 3789 ἑκοντὶ
2915 3736 3035 3799 νέος
3068 3735 3237 3807 ’Δδάμ
3284 3734 3474 3805 γέγονε
3490 3751 3502 3764 ⁸
3540 3733 3634 3788 καὶ

2057 3824 2090 3895 ἡ
2116 3823 2432 3895 λαμπρότης
2458 3823 2661 3894 Κυρίου
2694 3822 2787 3877 τοῦ
2816 3823 2949 3879 Θεοῦ
2972 3823 3129 3897 ήμῶν
3160 3823 3278 3896 μεθ’
3310 3822 3469 3896 ήμῶν
3505 3840 3635 3877 κατ-

2055 3916 2289 3985 εγένετο,
2305 3914 2444 3970 ὥστε
2462 3917 2588 3971 ίδεῖν
2599 3917 2730 3971 Θεὸν
2747 3916 3031 3988 πρόσωπον
3046 3916 3181 3987 πρὸς
3197 3917 3482 3988 πρόσωπον
3499 3915 3632 3988 (65),

2057 4007 2150 4060 καὶ
2197 4006 2451 4079 σωθῆναι.
2498 4007 2769 4072 Τοῠνεκα,
2808 4001 2852 4061 ὦ
2889 4006 3155 4073 Δέσποτα,
3202 4007 3300 4079 τὴν
3344 4007 3494 4081 παρὰ
3539 4006 3636 4063 σοῦ

2056 4099 2315 4155 ἀπόλυσιν
2343 4101 2603 4173 ἐπιζητῶ.
2634 4096 2786 4156 Εἶδον
2816 4100 2876 4154 τὸ
2908 4101 3171 4173 σωτήριόν
3215 4118 3308 4154 σου
3330 4119 3343 4132 ·
3382 4102 3636 4157 ὰπολυθῶ

2056 4192 2149 4245 τοῦ
2200 4193 2670 4266 γραμματοκύφω
2725 4192 2910 4263 ζυγοῦ.
2975 4188 3128 4248 Εἶδον
3184 4193 3405 4264 βασιλέα
3465 4195 3634 4251 ἀΐδιον

2057 4285 2151 4338 καὶ
2182 4285 2484 4357 ἀδιάδοχονο
2536 4284 2790 4340 ἀπολυθῶ
2844 4285 2938 4339 τοῦ
2985 4286 3228 4340 δουλικοῦ
3266 4287 3361 4340 καὶ
3406 4287 3636 4358 ἀχθοφό-

2060 4393 2152 4447 ρου
2196 4375 2398 4430 κλοιοῦ.
2428 4371 2580 4431 Εἶδον
2612 4378 2768 4447 φύσει
2803 4376 3076 4450 Δεσπότην
3105 4379 3200 4432 καὶ
3234 4377 3631 4450 ὲλευθερωτήν·

2057 4468 2274 4540 τύχοιμι
2300 4468 2393 4523 τοῦ
2428 4469 2769 4542 ἑλευθερικοῦ
2801 4468 2965 4524 αὐτοῦ
3000 4469 3219 4544 δεσμοῦ.
3247 4470 3419 4526 Λῦσόν
3443 4488 3512 4541 με
3542 4471 3633 4525 τοῦ

2060 4557 2223 4628 ζυγοῦ
2259 4560 2356 4631 τῆς
2388 4559 2783 4633 κατακρίσεως,
2810 4562 2903 4614 καὶ
2934 4559 3228 4629 ὑπόζευξον
3258 4561 3338 4633 τῷ
3365 4561 3512 4634 ζυγῷ
3533 4562 3634 4633 τῆς

291 4694 299 4703 ο
393 4663 716 4734 ponderoso.
764 4660 888 4716 Vidi
917 4666 1116 4714 natura
1141 4657 1431 4711 Dominum
1471 4664 1527 4711 et
1579 4655 1957 4718 liberatorem;

2062 4650 2413 4716 δικαιώσεως.
2447 4651 2621 4707 Λῦσόν
2640 4670 2706 4726 με
2725 4651 2816 4706 τοῦ
2840 4651 3001 4722 ζυγοῦ
3017 4653 3113 4724 τῆς
3131 4654 3270 4725 ἀρᾶς
3284 4655 3378 4707 καὶ
3395 4655 3489 4708 τοῦ
3509 4655 3638 4709 ἀπο-

2067 4746 2367 4810 κτείνοντος
2392 4747 2715 4821 γράμματος
2730 4764 2743 4779 ·
2772 4746 2865 4800 καὶ
2886 4746 3085 4820 ἐνειρον
3100 4746 3178 4819 τῷ
3198 4747 3414 4821 ἀριθμῷ
3428 4749 3528 4818 τῆς
3542 4748 3635 4803 εὐ-

2061 4837 2245 4907 λογίας
2263 4836 2370 4891 τῶν
2397 4840 2475 4901 εἰς
2499 4836 2769 4891 υἱοθεσίαν
2793 4837 3212 4909 εἰσποιουμένων
3235 4842 3301 4912 τῇ
3331 4841 3513 4911 χάριτι
3539 4839 3634 4895 τοῦ

2061 4928 2313 5002 ἀληθινοῦ
2329 4929 2422 4984 καὶ
2439 4928 2690 5001 ὁμοδόξου
2707 4929 3144 5000 καὶὸμοδυνάμου
3160 4930 3347 4985 τούτου
3369 4930 3498 4985 Υἰοῦ
3517 4949 3635 4991 σου.

315 5021 321 5029 ’
391 5036 589 5093 ctionis
633 5051 697 5091 ac
743 5034 1041 5092 occidentis
1070 5033 1261 5088 littera:
1291 5031 1336 5063 "
1357 5041 1709 5101 ;°eorumque
1729 5026 2092 5107 benedictioni
2114 5026 2293 5081 insere
2328 5039 2683 5096 accenseque,
2711 5024 2804 5095 qui
2840 5024 2921 5080 tui
2949 5023 3113 5094 hujus
3145 5024 3258 5081 veri
3279 5024 3634 5097 ejusdemque

389 5127 568 5184 tecum
600 5128 784 5199 gloria:
811 5137 864 5183 et
889 5126 1141 5198 potentia:
1172 5122 1291 5180 Filii
1320 5123 1516 5195 gratia,
1543 5123 1596 5177 in
1618 5123 1710 5192 jus
1734 5120 1967 5177 ﬁliorum
1990 5129 2116 5176 sunt
2144 5120 2391 5190 ascripti.

464 5218 553 5275 IX.
598 5218 720 5274 Sint
750 5234 914 5291 porro
943 5220 1077 5284 haec,
1110 5219 1322 5289 inquit,
1378 5217 1720 5273 celebrandis
1758 5214 1956 5271 divinis

389 5311 733 5371 muneribus,
767 5310 1087 5365 brevissime
1108 5309 1370 5364 hactenus
1397 5314 1839 5363 commemorata.
1875 5303 1957 5358 Ad

2132 5171 2526 5267 D’TLEssmsav
2546 5171 2610 5266 6i
2645 5230 2755 5284 μοι,
2789 5212 2951 5285 φησὶ,
2981 5212 3050 5268 τὰ
3095 5211 3214 5267 θεῖα
3245 5213 3638 5288 εὐχαριστήρισ.

2065 5304 2201 5377 πρὸς
2221 5305 2282 5359 τὸ
2310 5304 2481 5377 παρὸν
2522 5305 2650 5376 ἄχρι
2685 5303 2793 5358 τῶν
2831 5303 3181 5376 βραχυτάτων
3204 5303 3426 5359 τούτων.
3473 5303 3540 5360 Τί
3577 5304 3636 5359 δὲ

465 5473 510 5506 ⁸⁸
548 5438 660 5526 Ῐεα.
705 5489 781 5535 Ix,
820 5471 885 5537 2;
926 5487 1060 5532 xui,
1105 5472 1174 5536 7;
1214 5470 1341 5525 Luc.
1386 5486 1424 5535 ι,
1466 5471 1553 5527 79.
1630 5473 1676 5504 ⁶⁶
1710 5471 1860 5527 Psai.
1901 5488 1958 5527 xx

2060 5515 2064 5532 .
2105 5473 2194 5529 10.
2304 5474 2348 5506 ⁸⁷
2388 5471 2556 5527 Marc.
2602 5488 2663 5536 ιι,
2705 5472 2793 5527 10.
2870 5472 2916 5504 ⁸⁸
2947 5469 3158 5527 Coloss.
3197 5487 3235 5527 ιι
3262 5472 3356 5537 ,1.
3429 5470 3478 5504 ⁸⁸
3514 5469 3635 5531 lca.

736 5545 783 5575 ⁷⁰
827 5542 931 5597 Tit.
975 5558 1072 5604 ιιι,
1110 5543 1163 5596 5.
1278 5542 1322 5574 ⁷⁸
1364 5543 1386 5596 ι
1421 5539 1583 5598 Joan.
1623 5559 1697 5609 tv,
1736 5542 1820 5596 19.

395 5557 529 5600 um
553 5585 567 5606 ,
607 5545 661 5600 9.

463 5700 577 5772 (62)
623 5703 747 5756 Ἐπὶ
777 5701 853 5771 τῇ
890 5701 1230 5772 καταφθορᾷ
1259 5690 1445 5773 ἡμῶν.
1480 5702 1759 5774 Signiﬁcat
1788 5702 1957 5760 Deum

396 5785 428 5843 ο
453 5785 513 5824 se
539 5781 767 5843 motum,
818 5775 932 5828 sola
965 5788 1030 5828 ex
1073 5776 1231 5828 nobis
1262 5774 1471 5843 objecta
1501 5777 1740 5835 miseria,
1773 5786 1832 5829 ut
1859 5793 1959 5832 nos

395 5841 542 5893 daret
576 5841 629 5893 in
673 5844 1082 5906 misericordias,
1125 5841 1508 5899 reconciliatos
1551 5846 1605 5897 in
1648 5861 1750 5900 suo
1781 5845 1957 5909 Filio;

400 5909 544 5980 quod
574 5910 965 5970 incarnationis
995 5915 1254 5971 motivum
1284 5915 1516 5987 theologi
1546 5917 1730 5970 multis
1760 5932 1957 5987 expen-

1931 5545 1997 5573 “'
2035 5543 2187 5598 Psal.
2225 5558 2312 5609 ον,
2343 5543 2414 5599 46
2521 5544 2567 5575 τ’
2606 5541 2650 5596 ιι
2690 5541 2811 5597 Cor.
2855 5558 2950 5609 ιιι,
2992 5543 3044 5597 6.

2063 5709 2249 5848 du(litigii)
2279 5779 2610 5848 Πρόσωπον
2639 5774 2788 5848 προς
2815 5774 3157 5848 πρόσωπον.
3192 5774 3406 5848 Nempe
3426 5774 3480 5829 in
3514 5788 3635 5848 ciar-

2067 5845 2156 5913 ne,
2185 5845 2279 5900 καὶ
2304 5847 2567 5913 σωθῆναι,
2588 5856 2638 5900 et
2653 5845 2789 5898 salvi
2812 5845 2941 5913 facti
2961 5846 3149 5907 simus,
3178 5846 3518 5915 apparitione
3540 5846 3632 5899 ilia

2063 5928 2117 5973 et
2145 5915 2453 5984 ell'uigentia
2478 5916 2777 5987 Splendoris
2800 5915 2964 5971 divini
2990 5917 3043 5970 in
3074 5916 3217 5972 nube
3250 5916 3629 5972 humanitatis.
