3962 6278
242 386 349 445 369

1325 383 1573 440 SERMO.
1603 384 1687 439 DE
1727 383 2024 440 SIMEONE
2061 384 2147 439 ET
2187 384 2396 441 ANNA.

3354 389 3457 443 570

242 502 378 577 πρὸς
411 502 472 557 σὲ
505 502 822 575 φθέγξομαι,
852 497 898 557 ὦ
925 504 1116 576 Μῆτερ
1156 501 1418 574 Παρθένε,
1449 503 1543 557 καὶ¹
1570 502 1810 575 Παρθὲνε

1917 510 1963 558 te
1990 517 2117 557 vero
2144 502 2271 573 quid
2295 502 2490 567 dicam,
2516 517 2549 557 ο
2581 501 2750 557 Mater
2767 501 2950 574 Virgo,
2984 509 3038 558 et
3068 501 3229 574 Virgo
3260 502 3462 560 Mater?

240 583 459 664 M71159;
493 588 563 665 ἧς
588 592 693 664 γὰρ
720 592 778 645 τὸ
804 592 960 664 ἔργον
984 594 1083 646 οὐκ
1112 590 1463 664 ἀνθρώπινον,
1495 592 1692 664 ταύτης
1720 595 1810 647 καὶ

239 690 268 741 ό
289 686 507 749 ἔπαινος
535 685 673 755 ὑπὲρ
704 684 1004 757 ἄνθρωπον.
1045 683 1135 736 Διὸ
1174 684 1272 755 τῆς
1317 683 1543 755 ἀπορίας
1578 684 1639 736 τὸ
1685 700 1813 737 σκυ-

240 779 458 853 θρωπὸν
502 778 570 831 ὲκ
616 777 725 829 τῶν
760 775 853 830 τοῦ
892 778 1204 848 Πνεύματος
1246 775 1373 847 περὶ⁴
1423 776 1484 830 σὲ
1536 777 1812 850 καταλαμ-

240 867 431 943 πρυνῶ
455 866 652 941 γερῶν,
684 868 778 920 καὶ
820 867 889 921 τά
926 866 994 919 σά
1037 883 1118 919 σοι
1160 865 1559 937 προσκομίζων,
1605 868 1670 921 ὲκ
1708 867 1814 921 λει-

246 961 440 1036 μώνων
498 960 778 1016 ἀθανάτων
816 961 913 1032 τὴν
959 961 1105 1032 ἱεράν
1147 977 1240 1013 σου
1285 958 1377 1013 καὶ
1415 958 1676 1031 θεοστεφῆ
1722 962 1813 1015 ἀν-

243 1052 471 1123 υμνήσω
526 1050 718 1122 κάραν.
774 1049 1064 1121 Πατρικοίς
1116 1065 1176 1102 σε
1223 1047 1411 1120 ὕμνοις
1450 1049 1814 1120 προσφθέγξο-

242 1159 364 1212 μαι,
401 1141 635 1213 θύγατερ
657 1139 837 1206 Δαϐὶδ,
865 1140 959 1194 καὶ
997 1139 1168 1215 μῆτερ
1193 1138 1284 1195 τοῦ
1317 1140 1520 1215 Κυρίου
1556 1141 1649 1194 καὶ
1679 1141 1812 1196 Θεοῦ

241 1231 426 1287 Δαϐίδ.
464 1233 694 1305 Αίσχρὸν
723 1232 831 1304 γὰρ
866 1233 982 1304 ἅμα
1019 1232 1114 1286 καὶ
1162 1231 1472 1303 ἀνεύφημον
1520 1233 1814 1304 ἀλλοτρίοις

240 1325 468 1396 κόσμοις
498 1324 769 1396 κοσμῆσαι
805 1322 902 1396 τὴν
944 1325 1009 1394 τῇ
1050 1323 1225 1395 οἰκείᾳ
1268 1323 1394 1398 δόξῃ
1436 1323 1810 1396 διαφέρουσαν.

243 1415 411 1488 Δέχου
438 1415 633 1481 τοίνυν,
662 1414 1045 1488 εὐμενεστάτη,
1074 1413 1220 1488 δῶρα
1244 1416 1418 1485 τίμια,
1445 1416 1539 1469 καὶ
1572 1416 1652 1468 σοὶ
1679 1415 1813 1486 μόνῃ

241 1506 499 1579 ἁρμόδια,
526 1501 571 1563 ὦ
613 1507 802 1562 πασῶν
844 1504 1043 1576 γενεῶν
1093 1505 1415 1578 ὑψηλοτέρα,
1467 1507 1558 1562 καὶ
1597 1507 1813 1560 πάντων

241 1598 456 1671 ὁρατῶν
479 1616 538 1652 τε
574 1599 669 1653 καὶ⁹
705 1600 950 1670 ἀοράτων
984 1598 1473 1671 δημιουργημάτων
1515 1598 1814 1671 τιμιωτέρα

243 1692 496 1761 φανεῖσα.
523 1690 835 1762 Μακαριαή
858 1689 980 1762 ῥίζα
1004 1689 1096 1742 τοῦ
1136 1690 1355 1756 Ἰεσσαὶ,
1391 1692 1486 1745 καὶ
1509 1691 1814 1763 τρισμακά-

246 1798 431 1855 ριστος
460 1783 487 1835 ὁ
514 1776 659 1846 οἶκος
687 1781 868 1846 Δαϐὶδ,
898 1784 954 1836 ὲν
1054 1779 1385 1855 ὲϐλάστησας
1409 1782 1539 1855 (64).
1583 1785 1644 1836 Ὁ
1671 1784 1814 1851 Θεὸς

241 1876 312 1955 ἐν
336 1875 506 1946 μέσῳ
534 1890 670 1941 σου,
699 1875 799 1929 καὶ
830 1876 900 1929 οὐ
931 1875 1310 1945 σαλευθήσῃ·
1350 1878 1563 1946 ﬁrmos
1602 1879 1710 1946 γὰρ
1748 1875 1813 1930 τὸ
1846 1855 1887 1908 Β

244 1967 538 2037 σκήνωμα
585 1966 771 2021 αὑτοῦ
806 1970 839 2022 d
884 1967 1183 2040 Ὕψιστος.
1231 1968 1316 2022 Ἐν
1364 1970 1447 2021 σο).
1493 1968 1601 2040 γὰρ
1632 1968 1818 2039 διαθῆ-

245 2074 338 2110 atat:
367 2055 477 2125 (65)
517 2057 611 2109 καὶ
650 2055 982 2129 ὁρκωμοσίαι
1029 2039 1161 2109 Θεοῦ
1221 2057 1355 2128 πρὸς
1403 2057 1529 2120 τοὺς
1571 2039 1816 2130 πατέρας

245 2145 424 2218 ἡμῶν,
457 2144 607 2209 τέλος
636 2143 1013 2198 εὐκλεέστατον
1059 2144 1321 2211 ἐδέξαντο·
1356 2146 1436 2198 ὅτι
1477 2144 1563 2198 διὰ
1610 2144 1701 2199 σοῦ
1724 2144 1817 2215 γέ-

244 2253 371 2306 γονε
397 2237 618 2310 Κύριος,
646 2240 674 2292 ὁ
714 2237 844 2301 Θεὸς
873 2237 980 2289 τῶν
1010 2235 1289 2307 δυνάμεων
1332 2237 1449 2308 μεθ’
1487 2236 1665 2309 ἡμῶν.
1714 2236 1817 2290 Τὸν

248 2327 341 2381 σὸν
368 2326 843 2398 προδιαγράφουσα
871 2325 1138 2397 θεοπρεπῆ
1166 2327 1503 2398 χαρακτῆρα,
1538 2326 1668 2379 Θεὸν
1697 2324 1819 2394 ἐφε-

249 2434 343 2489 ρεν
374 2418 652 2487 άφλέκτως
693 2421 726 2488 ἡ
768 2415 1037 2486 ἄψαυστος
1071 2416 1247 2487 βάτος,
1287 2417 1713 2489 ὲμφανιζόμενον
1741 2414 1818 2487 τῷ

247 2510 505 2581 προφήτῃ
561 2509 636 2570 ὡς
679 2508 937 2579 ὁραθῆναι
982 2507 1265 2579 ηὐδόκησε.
1314 2509 1637 2581 Στερέμνιος
1667 2509 1711 2562 δ’
1750 2505 1815 2562 αὖ

247 2600 349 2655 καλ⁸
376 2597 550 2671 πέτρα
590 2598 890 2669 ἀκρότομος
920 2599 1015 2670 τὴν
1049 2601 1381 2672 παγκόσμιον
1414 2602 1477 2654 ὲκ
1520 2599 1611 2654 σοῦ
1644 2600 1820 2672 πηγά-

251 2709 425 2747 σασαν
461 2691 619 2762 χάριν
660 2690 756 2744 καὶ
802 2690 1056 2760 άνάψυξιν
1095 2690 1608 2763 προεξεικονίζουσα,
1644 2709 1820 2764 παρα-

253 2785 445 2858 μύθιον
494 2784 630 2856 ῐαμα
673 2783 972 2839 ἐκλείποντι
1010 2785 1122 2857 λαῷ
1164 2786 1229 2839 ἐκ
1270 2785 1507 2854 λαγόνων
1553 2784 1727 2856 ξηρῶν
1761 2787 1818 2838 ὲν

251 2878 443 2951 ἐρήμῳ
468 2875 699 2947 δαψιλῶς
738 2879 1066 2949 προήγαγεν.
1100 2879 1174 2931 Οὐ
1212 2876 1317 2948 μὴν
1344 2877 1401 2930 δὲ
1440 2876 1573 2930 ἀλλά
1605 2877 1697 2930 καὶ
1723 2877 1815 2931 τοῦ

256 2969 447 3039 ἱερέως
484 2970 516 3039 ή
547 2968 762 3039 ῥάϐδος,
802 2969 900 3022 οὐκ
936 2968 1190 3039 ἀδόκιμον
1235 2967 1508 3040 σύσσημον
1537 2967 1647 3040 (66)
1680 2986 1818 3040 παρ·

253 3062 442 3132 ἐσχετο
468 3061 567 3132 τῆς
599 3059 902 3132 ὑπερφυοῦς
931 3077 1022 3113 σου
1050 3061 1281 3131 λοχείας,
1308 3059 1653 3134 ἀγεώργητον
1685 3077 1819 3133 καρ-

252 3153 356 3206 πὸν
390 3150 748 3222 ὲξανθήσασα,
783 3150 1048 3223 ίερατείας
1080 3149 1381 3222 ἐνδελεχοῦς
1413 3150 1720 3221 ἀρραϐῶνα.
1750 3150 1814 3204 Τί

1913 595 2070 664 cujus
2090 595 2233 649 enim
2268 609 2404 665 opus
2432 610 2540 649 non
2568 594 2862 649 humanum
2889 601 3008 660 est,
3055 595 3173 665 ejus
3202 605 3252 651 et
3278 596 3464 653 lauda-

1910 686 2056 740 datio
2080 684 2291 740 excedit
2315 685 2606 741 hominem.
2632 684 2991 753 Quamobrem
3016 689 3352 756 paupertatis
3376 688 3465 745 hic

1911 790 2042 830 meae
2065 774 2476 841 obscuritatem,
2519 777 2626 831 tuis
2653 791 2683 830 a
2717 773 2921 846 Spiritu
2954 776 3249 832 honoribus
3276 779 3463 834 donis-

1913 885 2016 940 que
2057 869 2381 925 illustrabo:
2425 877 2623 938 tuaque
2664 867 2760 922 tibi
2811 865 3041 923 olIerens
3077 883 3108 923 e
3138 869 3306 934 pratis
3363 870 3467 924 im-

1913 962 2248 1026 mortalibus,
2271 968 2423 1015 tuum
2444 975 2658 1017 sacrum
2687 967 2740 1016 et
2766 975 2796 1013 a
2826 959 2934 1015 Deo
2957 968 3274 1016 coronatum
3305 946 3467 1031 caput

1912 1053 2219 1109 dilaudabo.
2247 1051 2445 1108 Patriis
2464 1060 2516 1108 te
2534 1051 2783 1119 canticis,
2800 1049 2936 1104 Filia
2967 1050 3158 1117 David,
3192 1050 3470 1122 Materque

1913 1147 2125 1202 Domini
2161 1153 2214 1201 et
2245 1144 2340 1200 Dei
2378 1143 2564 1207 David,
2594 1145 2860 1200 salutabo.
2890 1144 3068 1215 Turpe
3109 1144 3253 1199 enim
3283 1142 3466 1209 fuerit,

1911 1237 2154 1308 adeoque
2182 1235 2600 1306 inauSpicatum,
2631 1244 2691 1290 ut
2718 1236 2909 1292 alienis
2937 1236 3170 1299 orneris,
3197 1251 3318 1305 quae
3340 1252 3467 1306 pro-

1912 1328 2027 1397 pria
2048 1325 2218 1397 gloria
2243 1324 2539 1395 praecellas.
2570 1324 2770 1393 Accipe
2817 1325 3014 1396 igitur,
3051 1325 3464 1397 benignissima,

1911 1416 2051 1470 dona
2081 1416 2336 1486 pretiosa,
2365 1414 2572 1485 tibique
2601 1415 2692 1469 uni
2725 1416 3100 1471 convenientia
3127 1458 3142 1484 ,
3195 1433 3228 1471 ο
3256 1420 3470 1474 cunctis

1912 1509 2110 1563 celsior
2131 1508 2592 1579 generationibus,
2616 1524 2844 1578 quaeque
2885 1508 3025 1562 inter
3053 1517 3233 1563 creata
3263 1513 3466 1576 omnia,

1913 1607 2027 1655 tum
2056 1599 2312 1665 visibilia,
2349 1607 2460 1653 tum
2511 1600 2826 1664 invisibilia,
2861 1600 3046 1656 multis
3078 1603 3321 1657 numeris
3367 1603 3469 1657 ho-

1913 1691 2212 1747 norabilior
2234 1690 2498 1746 enituisti.
2533 1689 2681 1747 Felix
2726 1691 2882 1746 radix
2920 1690 3093 1755 Jesse,
3124 1701 3175 1747 et
3205 1700 3288 1748 ter
3317 1694 3469 1748 beata

1914 1784 2108 1839 domus
2130 1781 2296 1838 David
2342 1782 2398 1835 in
2425 1798 2531 1853 qua
2554 1783 2888 1853 germinasti.
2918 1783 3055 1838 Deus
3088 1785 3141 1838 in
3171 1785 3335 1841 medio
3363 1788 3470 1853 tui,

1914 1882 1963 1929 et
1990 1891 2092 1930 non
2114 1873 2508 1929 commoveberis
2537 1891 2554 1928 :
2585 1876 2928 1945 sanctiﬁcavit
2957 1878 3090 1930 enim
3128 1886 3195 1941 te,
3229 1877 3471 1934 taberna-

1915 1964 2091 2018 culum
2118 1980 2291 2030 suum,
2316 1964 2616 2019 Altissimus
2642 1965 2689 1998 ⁷³
2719 1983 2732 2018 :
2766 1964 2820 2018 in
2851 1974 2902 2020 te
2923 1966 3065 2020 enim
3090 1964 3179 2021 Dei
3203 1966 3269 2020 ad
3294 1975 3474 2037 patres

1916 2062 2233 2111 testamenta
2258 2057 2671 2127 juramentaque
2709 2056 2867 2112 ﬁnem
2898 2058 3348 2129 gloriosissimum
3379 2076 3472 2113 ac-

1916 2157 2203 2218 ceperunt;
2234 2149 2358 2218 quia
2394 2163 2489 2220 per
2527 2156 2581 2204 te
2637 2148 2897 2205 Dominus
2930 2149 3104 2205 factus
3155 2159 3276 2217 est,
3332 2150 3474 2207 Deus

1916 2240 2179 2295 virtutum
2210 2238 2511 2295 nobiscum.
2566 2237 2754 2295 Bubus
2786 2241 2875 2295 ille
2924 2241 3159 2297 intactus
3185 2242 3253 2305 7",
3291 2242 3475 2297 divina

1916 2331 2147 2402 quadam
2176 2331 2458 2400 majestate
2479 2332 2691 2400 plenam
2721 2332 2833 2401 jam
2866 2338 2980 2386 tum
3005 2332 3304 2391 informans
3328 2341 3474 2388 tuam

1920 2421 2165 2491 ﬁguram,
2195 2419 2362 2476 Deum
2424 2419 2699 2491 prophetae
2752 2429 3118 2490 apparentem,
3146 2421 3300 2501 juxta
3330 2421 3475 2491 quod

1917 2515 1965 2568 ei
2013 2513 2341 2582 conspicuus
2395 2510 2511 2568 ﬁeri
2556 2512 2763 2577 voluit,
2814 2513 3188 2569 incombustus
3245 2511 3472 2573 ferebat.

1918 2604 2061 2659 Dura
2108 2612 2287 2658 autem
2313 2618 2505 2659 rursus
2530 2618 2594 2658 ac
2621 2613 2893 2674 praerupta
2922 2614 3092 2675 petra,
3122 2604 3264 2675 quod
3310 2621 3377 2660 ex
3423 2615 3473 2659 te

1918 2697 1973 2750 in
2001 2695 2312 2751 universum
2336 2694 2522 2751 orbem
2563 2695 2751 2767 gratiae
2800 2711 2999 2752 munus
3031 2696 3475 2768 refrigeratioquc

1917 2786 2288 2859 promanavit,
2332 2794 2385 2842 et
2412 2787 2529 2857 ipsa
2560 2787 2831 2857 quondam
2865 2788 3173 2860 exprimens
3226 2788 3475 2860 prteﬁgu-

1918 2895 2172 2952 ransque,
2213 2879 2483 2936 deﬁcienti
2538 2880 2593 2935 in
2646 2879 2897 2947 deserto,
2952 2882 3147 2952 pepulo
3192 2881 3473 2951 cepiosum

1917 2973 2176 3028 auxilium
2206 2989 2273 3030 ex
2303 2973 2541 3030 hiatibus
2582 2975 2743 3030 siccis
2777 2973 3030 3044 produxit
3066 2975 3130 3029 ⁷⁸.
3173 2972 3278 3029 Sed
3307 2982 3360 3029 et
3387 2990 3476 3030 sa-

1916 3063 2152 3120 cerdotis
2174 3063 2326 3135 virga
2355 3063 2422 3128 "',
2455 3063 2512 3118 in
2556 3061 2792 3118 fructum
2834 3063 2951 3119 sine
2990 3063 3223 3125 cultura,
3250 3069 3473 3132 sponta-

1917 3170 2188 3227 neumque
2239 3154 2527 3212 sacerdotii
2585 3154 2841 3225 perennis
2887 3154 3246 3209 arrhabonem
3274 3195 3287 3219 ,
3328 3151 3475 3207 allio-

250 3244 339 3307 δέ;
369 3244 461 3298 καὶ
484 3246 513 3297 ὁ
548 3244 721 3315 μέγας
748 3245 983 3315 Μωῦσῆς
1025 3244 1084 3297 οὐ
1133 3244 1324 3316 κομιδῆ
1373 3243 1699 3315 παρέστησε,
1729 3243 1816 3296 διὰ

1919 3265 2045 3306 rens
2072 3224 2140 3312 τί,
2167 3248 2304 3303 nihil
2357 3224 2646 3318 reprobum
2676 3246 2859 3301 eximii
2895 3245 2970 3300 tui
3025 3253 3212 3315 partus
3259 3244 3477 3314 symbo-

251 3337 375 3399 τοὺς
402 3335 530 3409 περὶ
559 3335 619 3388 σὲ
639 3334 1109 3407 δυσκαταλήπτους
1131 3335 1333 3399 τύπους
1364 3335 1670 3408 ὲγχρονίσαι
1704 3334 1814 3407 (67)

252 3427 330 3499 τῷ
356 3427 470 3498 δρει
502 3426 641 3496 ἔγνω
678 3425 747 3481 τὰ
777 3427 905 3498 περὶ¹
936 3426 1037 3497 τῆς
1068 3426 1236 3496 ἁγνῆς
1273 3425 1676 3480 ἐκδιδάσκεσθαι
1718 3443 1818 3497 μυ-

256 3522 481 3593 στήρια;
523 3517 694 3590 Πῆξαι
742 3518 850 3590 γὰρ
900 3517 1041 3572 κατὰ
1079 3518 1338 3591 σύμϐολον
1395 3520 1488 3572 καὶ
1537 3518 1673 3590 πρὸς
1715 3519 1819 3587 ἀφ-

255 3612 509 3683 ομοίωσιν
540 3610 769 3665 κιϐωτὸν
805 3610 899 3665 καὶ
931 3610 1129 3681 ταύτην
1179 3610 1549 3682 προσταχθεὶς,
1582 3611 1645 3664 οὐ
1676 3626 1816 3683 παρ-

256 3704 432 3774 ἐργως
457 3704 723 3774 ἐχρήσατο
747 3704 855 3767 τοῖς
895 3702 1395 3773 προστεταγμένοις,
1423 3703 1471 3756 ει
1517 3702 1612 3757 καὶ
1652 3719 1820 3774 τραγ-

254 3795 530 3868 ῳδούμενα
552 3793 892 3866 συμϐέϐηκεν
909 3795 999 3847 ἐπὶ
1014 3797 1080 3865 τῇ
1105 3793 1417 3860 καταϐάσει,
1434 3794 1548 3849 ἀλλ’
1563 3796 1643 3857 εἰς
1660 3794 1818 3848 πέντε

254 3889 427 3963 ἡμίση
459 3889 653 3960 πήχεις
685 3887 884 3959 ταύτην
906 3887 1240 3951 συντελέσας,
1257 3886 1535 3958 νομοδόχον
1563 3886 1818 3951 ἀνέδειξε,

256 3984 369 4044 τοῖς
407 3979 670 4051 χερουϐὶμ
702 3977 1212 4049 συγκαλυπτομένην
1231 3995 1244 4009 σ
1287 3975 1729 4046 ὲκφαντικώτατά
1761 3994 1819 4031 σε

256 4075 357 4145 τὴν
382 4072 635 4126 Θεοτόκον
668 4071 1160 4143 προσημαίνουσαν,
1186 4069 1281 4141 τὴν
1306 4069 1554 4141 ἁφθόρως
1582 4071 1818 4141 ἐγκυμον-

256 4167 519 4237 νήσασαν,
542 4164 636 4218 καὶ
663 4163 952 4234 ἀφράστως
971 4163 1354 4234 ἀποκυήσασαν
1376 4161 1472 4233 τὴν
1493 4162 1589 4232 τῆς
1613 4161 1821 4235 ἀφθαρ-

258 4259 382 4320 σίας
414 4255 668 4311 σύστασιν
706 4256 798 4310 ἐπὶ
823 4255 963 4309 τέλει
987 4254 1092 4307 τῶν
1134 4254 1292 4310 πέντε
1323 4254 1561 4326 ἡμίσεως
1592 4254 1685 4308 τοῦ
1729 4254 1820 4308 κό-

260 4366 397 4421 σμου
441 4348 671 4402 κύκλων.
721 4348 819 4401 Διά
851 4347 928 4413 σὲ,
963 4349 1057 4401 καὶ
1084 4347 1177 4421 τὴν
1210 4349 1273 4401 ἐκ
1303 4346 1395 4401 σοῦ
1426 4347 1689 4419 ἄχραντον
1724 4345 1818 4400 τοῦ

1923 3341 2032 3396 lum
2063 3342 2311 3412 praebuit.
2345 3341 2482 3407 Quid
2510 3339 2681 3395 vero?
2711 3338 2901 3394 Nonne
2948 3353 3177 3408 magnus
3207 3337 3297 3390 ille
3326 3335 3474 3406 Moy-

1924 3449 2013 3490 ses
2067 3433 2209 3490 idem
2229 3433 2532 3488 luculenter
2551 3431 2866 3494 declaravit,
2885 3439 3102 3500 propter
3133 3429 3205 3483 tui
3231 3427 3475 3482 difficiles
3543 3413 3551 3423 ’

1924 3525 2201 3581 intellectu
2257 3524 2495 3596 ﬁguras,
2544 3522 2751 3578 diutius
2791 3522 2844 3577 in
2893 3527 3127 3576 montem
3173 3532 3475 3574 commora-

1924 3625 2012 3674 tus
2038 3617 2103 3682 ⁷⁸,
2128 3623 2188 3671 ιιι
2218 3615 2399 3687 ignota
2421 3623 2515 3670 tua
2537 3623 2896 3679 sacramenta,
2922 3628 2957 3668 ο
2982 3620 3154 3677 casta,
3181 3604 3477 3668 edisceret?

1922 3707 1981 3763 In
2016 3708 2091 3763 rei
2113 3708 2257 3763 enim
2279 3707 2441 3778 hujus
2464 3707 2698 3779 signum,
2724 3715 2778 3763 et
2805 3706 2872 3760 ad
2895 3702 3299 3775 exprimendam
3331 3701 3477 3757 simi-

1924 3799 2225 3864 litudinem,
2252 3800 2439 3870 jussus
2482 3799 2749 3854 fabricare
2790 3810 2992 3861 arcam,
3022 3808 3132 3848 non
3170 3793 3348 3848 obiter
3378 3808 3478 3846 ne-

1924 3890 2258 3962 glectiusque
2281 3891 2550 3947 mandatis
2587 3888 2975 3960 obtemperavit
3001 3905 3013 3940 :
3047 3897 3354 3956 quanquam
3384 3899 3476 3938 ac-

1922 3980 2171 4035 ciderunt
2198 3980 2404 4052 tragica
2434 3980 2680 4052 quaedam
2708 3980 2763 4034 in
2805 3983 3071 4035 descensu
3108 3992 3138 4030 a
3179 3976 3425 4031 monte"
3459 3993 3471 4029 :

1921 4073 2014 4129 sed
2042 4073 2282 4144 quinque
2307 4072 2613 4129 cubitorum
2642 4080 2696 4128 et
2723 4070 2928 4127 dimidii
2955 4063 3281 4132 confectam,
3304 4069 3472 4130 illam,

1915 4165 2051 4236 legis
2100 4165 2517 4236 susceptricem,
2553 4164 2860 4221 cherubicis
2892 4164 2990 4218 alis
3052 4161 3374 4232 cooperuit:
3425 4168 3477 4214 te

1921 4256 2200 4326 Deiparam
2226 4257 2568 4328 apertissime
2599 4257 3011 4328 praesignantem
3036 4298 3050 4322 ,
3082 4269 3201 4324 quae
3224 4253 3342 4309 sine
3360 4268 3478 4306 eor-

1918 4349 2171 4420 ruptione
2209 4364 2331 4404 eum
2389 4349 2718 4420 concepisti,
2777 4345 3235 4416 iuenarrabilique
3267 4344 3477 4397 ratione

257 4440 392 4494 Θεοῦ
409 4441 577 4510 Λόγου
609 4441 901 4512 σάρκωσιν,
930 4441 1027 4512 τὴν
1073 4443 1150 4505 εἰς
1189 4441 1276 4494 ἀεὶ
1315 4440 1597 4511 ἀτρέπτως
1623 4456 1682 4493 τε
1727 4439 1817 4494 καὶ

1922 4441 2194 4513 peperisti,
2224 4441 2314 4511 qui
2339 4441 2454 4512 ipse
2474 4441 2904 4511 incorruptionis
2924 4439 3070 4520 velut
3094 4436 3372 4493 concretio
3394 4436 3477 4489 est

259 4533 565 4605 ἀμερίστως
593 4534 648 4586 ὲν
681 4531 828 4604 αὐτῷ
858 4533 1227 4605 διαμένουσαν,
1258 4532 1350 4586 ml.
1376 4535 1409 4603 ἡ
1449 4532 1618 4603 χρυσῆ
1651 4532 1820 4603 στάμ-

329 4687 384 4757 τ³ί
415 4681 567 4743 Psal.
608 4701 748 4756 va,
789 4688 851 4753 6,
893 4688 945 4744 5.
1020 4688 1067 4721 "
1107 4687 1277 4742 Exod.
1343 4704 1441 4752 ιιι,
1490 4686 1543 4742 2.
1634 4688 1680 4720 ⁷⁵
1719 4686 1817 4742 Ex:

1944 4703 2051 4743 xvn
2077 4730 2093 4757 ,
2133 4689 2185 4743 6.

260 4756 303 4788 ⁷⁸
342 4756 514 4812 Exod.
557 4776 660 4814 xxv
684 4800 699 4824 ,
737 4761 789 4815 8.
864 4759 910 4791 ⁷⁸
948 4758 1338 4821 Exod._xxxu,
1375 4758 1429 4815 l.

331 4869 443 4941 (64)
485 4871 580 4925 Ἐν
604 4864 652 4938 ᾦ
678 4869 1073 4942 ἐϐλάστησᾳς.
1102 4869 1173 4942 In
1192 4887 1317 4942 qua,
1346 4873 1725 4942 quodspectat
1744 4872 1808 4926 ad

261 4939 458 4996 lineam
485 4942 895 5005 sacerdotalem,
921 4939 973 4995 in
996 4939 1212 4994 Nathan'
1230 4941 1322 5009 qui
1348 4940 1447 4995 fuit
1466 4939 1607 4997 Uria:
1630 4957 1813 4998 sacer-
1873 4966 1878 4970 ·

262 5011 403 5065 dotis
434 5011 596 5076 ﬁlius,
641 5012 825 5071 domui
857 5018 910 5067 et
944 5012 1158 5081 familiae
1196 5009 1363 5066 David
1406 5011 1692 5081 adoptione
1724 5013 1812 5067 in-

263 5092 494 5152 sertam;
525 5096 585 5135 ex
615 5097 724 5152 quo
764 5082 1021 5136 Dominus
1053 5078 1230 5152 Iesus.
1261 5090 1422 5152 atque
1454 5078 1587 5136 adeo
1623 5082 1809 5143 Maria,

265 5151 524 5221 legaliter,
557 5150 709 5221 juxta
753 5162 1057 5206 contextam
1100 5167 1130 5206 a
1168 5150 1528 5221 Lueajipsius
1567 5152 1812 5221 genealo-

262 5219 423 5289 μω.
464 5219 615 5287 ριιοά
650 5230 827 5276 autem
860 5222 925 5275 ad
959 5222 1157 5291 regiam
1195 5236 1290 5290 per
1320 5219 1682 5288 Sdlomonem,
1709 5237 1815 5344 Bo-

265 5292 392 5344 tius.
422 5306 487 5344 ea:
507 5308 640 5344 aua:
664 5293 950 5344 carnaliter
972 5299 1260 5344 nronatzata
1276 5292 1394 5344 eius
1423 5306 1588 5344 carne
1614 5306 1681 5344 ex
1753 5307 1813 5344 a-

265 5292 392 5363 lius,
422 5306 487 5363 ea:
507 5308 645 5363 qua;
664 5293 950 5363 carnaliter
972 5299 1260 5362 propagata
1276 5292 1394 5360 ejus
1423 5306 1588 5363 carne
1614 5306 1681 5346 ex
1709 5292 1813 5346 Da-

262 5360 403 5433 vide,
440 5360 593 5433 juxta
631 5362 862 5417 Matthaei
892 5360 1171 5433 historiam
1203 5379 1218 5416 :
1246 5377 1405 5433 quem
1438 5362 1655 5416 modum
1678 5376 1810 5416 con-
1880 5400 1893 5415 .

263 5431 477 5503 cordiaa,
506 5430 885 5503 Hieronymus.
921 5430 1280 5503 Augustinus,
1311 5443 1437 5503 etc,
1487 5439 1812 5501 acceperunt

265 5498 333 5572 ab
359 5499 651 5572 Africano:
692 5498 796 5572 qua
829 5503 894 5557 de
924 5498 1305 5572 re'Baronius,
1340 5498 1662 5572 Torniellus,
1702 5508 1809 5557 etc.

263 5568 792 5643 QuamNicephorus
823 5588 887 5626 ex
916 5571 1200 5642 Hippolyto
1220 5580 1453 5643 martyre
1475 5571 1623 5625 all'ert
1645 5572 1812 5626 Annae

265 5640 627 5712 genealogiam
660 5658 726 5697 ex
770 5652 921 5710 patre
957 5640 1254 5704 sacerdote,
1298 5640 1586 5711 etpassim
1633 5644 1812 5697 verior

266 5707 705 5789 habeturibabet
723 5707 1249 5789 eliampervetustus
1276 5707 1453 5782 regius
1477 5714 1667 5789 codex,
1700 5712 1812 5789 plu—

266 5780 413 5837 rimis
440 5780 670 5839 diversis
698 5783 1016 5838 traetatibus
1038 5797 1138 5839 seu
1163 5780 1616 5852 ctiam‘excerptis
1648 5783 1809 5841 infer.—

1923 4540 1975 4588 et
1999 4533 2379 4600 consistentia;
2434 4532 2595 4603 idque
2639 4535 2695 4586 in
2739 4532 2842 4587 ﬁne
2881 4533 3121 4602 quinque
3173 4538 3224 4583 et
3265 4526 3474 4583 dimidii

2297 4689 2344 4721 ⁷⁸
2397 4685 2564 4741 Num.
2621 4702 2764 4752 xvu,
2803 4687 2872 4757 {8.
2949 4687 2993 4717 ⁷⁷
3032 4683 3193 4739 Hebr.
3254 4700 3353 4747 ιχ,
3418 4684 3471 4742 4.

1913 4872 2074 4997 οῗιιε,
2108 4872 2293 4944 ignoto
2325 4870 2643 4938 collectore;
2684 4869 2957 4940 antiquior
2989 4868 3128 4924 forte
3168 4870 3284 4939 ipso
3314 4868 3475 4927 Nice-

1913 4959 1946 4997 ι)
1986 4958 2102 4997 oro.

1986 4958 2102 4998 OI'O.

1913 4959 2102 5084 Ρυῗᾶἕί
2127 5009 2545 5084 Διαθῆκαι-δίο
2560 5010 2764 5084 passim
2788 5012 3109 5084 interpretes
3138 5024 3306 5084 sacra;
3321 5008 3498 5084 ξονι--

1915 5079 2107 5152 ptume,
2157 5079 2380 5152 ipseque
2419 5079 2620 5135 Paulus
2667 5080 2735 5135 ad
2787 5079 2976 5144 Hebr},
3033 5096 3139 5136 non
3185 5079 3470 5152 συχθῆκαι,

1915 5149 2095 5223 pacta,
2142 5149 2369 5223 fézdefa,
2405 5152 2548 5221 quod
2582 5159 2720 5223 teste
2758 5152 3084 5223 Hieronymo
3114 5167 3215 5205 vox
3250 5149 3472 5206 Hebraea

1918 5221 2335 5294 videtur’magis
2359 5222 2555 5294 habere
2589 5237 2602 5294 ς
2640 5221 2807 5294 cujus
2825 5224 2903 5278 rei
2932 5221 3249 5294 mysterium
3280 5231 3471 5290 prose—
3502 5268 3511 5282 .

1915 5299 2156 5364 quuntur
2184 5291 2425 5364 ejusdem
2452 5293 2600 5346 Pauli
2626 5293 2981 5364 expositores.

1987 5361 2098 5431 (66)
2124 5359 2244 5416 Οὐκ
2261 5361 2543 5431 ἀδόκιμον
2560 5359 2901 5431 σύσσημον.
2920 5363 3216 5417 Commune
3235 5359 3474 5431 signum,-

1915 5432 2060 5502 quod
2083 5427 2356 5503 praecipue
2389 5427 2710 5503 aimilitibus
2738 5427 3010 5497 statuitur,
3038 5433 3126 5485 cui
3157 5427 3474 5503 optituenad-

1911 5496 2112 5571 jectum
2157 5496 2404 5573 quadrat.
2440 5501 2722 5564 Pantinus,
2765 5519 2866 5557 non
2906 5496 3474 5573 obscurum'st‘gniﬁca-

1917 5566 2125 5636 tionem,
2154 5566 2298 5642 quod
2325 5583 2468 5628 certe
2490 5588 2708 5628 sensum
2735 5574 2900 5627 altum
2924 5571 3165 5642 auctoris
3195 5566 3469 5642 obscurat.

1987 5642 2099 5712 (67)
2141 5636 2529 5712 Έγχρονίσαι.
2567 5642 2724 5698 Forte
2754 5642 3088 5713 ὲγχρονίσας.
3126 5638 3192 5691 Ει
3252 5647 3375 5687 mox
3406 5636 3470 5691 ἃ..

1914 5730 2125 5802 γνωστα
2151 5729 2247 5784 pro
2275 5714 2430 5782 ἔγνω.
