3962 6278
353 413 449 469 571

1263 416 1321 474 S.
1361 413 1688 471 METHODll
1727 414 2039 472 EPlSCOPl
2079 415 2166 470 ET
2209 414 2566 471 MARTYRIS

3469 413 3585 472 372

351 530 684 588 circulorum
723 531 927 586 mundi.
957 529 1184 603 Dreptcr
1217 539 1290 598 te,
1320 548 1384 588 ac
1414 534 1788 588 intemeratam
1824 531 1916 586 Dei

2023 551 2128 596 νος,
2161 533 2237 596 ὡς
2263 533 2429 596 τύπος
2457 530 2863 602 ἀψευδέστατος,
2893 530 2952 584 τὸ
2984 530 3116 604 πρὸς
3148 530 3356 602 ἡμέραν
3383 532 3580 603 τρεπό-

353 623 519 681 Verbi
546 641 609 680 ex
654 633 708 679 te
739 635 1073 696 assumptam
1115 642 1355 690 carnem,
1388 625 1798 679 immutabiliter
1827 626 1914 678 in-

354 716 633 786 diviseque
662 716 714 770 in
736 717 852 786 ipso
876 717 932 770 in
962 726 1277 788 perpetuum
1309 724 1751 785 permanentem;
1783 732 1920 771 urna

357 808 444 862 illa
479 822 640 862 aurea
680 806 760 869 ⁸ο,
801 816 1053 879 tanquam
1091 810 1430 863 certissimus
1473 817 1654 880 typus,
1687 823 1918 875 manna,

356 899 500 970 quod
532 900 732 970 alioqui
781 917 876 970 per
920 901 1061 955 diem
1113 900 1509 964 invertebatur,
1559 901 1612 956 in
1651 916 1708 955 se
1763 901 1918 970 ipsa,

355 989 576 1045 minime
609 998 910 1052 mutatum,
960 990 1053 1046 sed
1103 991 1230 1046 totis
1283 992 1493 1048 szeculis
1556 1007 1917 1062 permanens,

353 1083 738 1137 conservabat.
779 1081 908 1136 Tua:
948 1083 1110 1138 etiam
1146 1085 1412 1140 castitatis
1455 1085 1716 1155 prmscius
1759 1091 1923 1154 atque

357 1173 595 1229 imitator
629 1173 682 1228 in
718 1175 910 1244 spiritu
964 1173 1108 1230 Elias
1168 1175 1428 1246 propheta
1477 1176 1556 1240 εί,
1595 1175 1719 1230 vitm
1775 1175 1921 1232 illius

353 1264 596 1335 ignifera:
645 1264 746 1320 sibi
774 1265 1041 1320 redimivit
1070 1281 1326 1321 coronam
1351 1267 1426 1335 9';
1452 1267 1714 1322 hactenus
1738 1267 1922 1322 divino

356 1355 615 1428 suffragio
665 1355 972 1412 declaratus
1017 1365 1192 1413 morte
1221 1357 1486 1428 superior.
1525 1357 1602 1413 Te
1649 1358 1923 1413 nihilomi-

355 1465 458 1504 nus
483 1449 601 1520 ejus
627 1465 913 1506 successor
947 1448 1176 1506 Elismus
1202 1451 1269 1515 ³³,
1304 1450 1551 1504 initiante
1587 1450 1921 1520 docenteque

356 1543 602 1612 sapiente
624 1542 907 1613 magistro,
935 1557 1033 1597 ceu
1066 1559 1305 1614 prmsens
1333 1543 1553 1599 adesses
1577 1583 1593 1608 ,
1635 1559 1756 1614 qua:
1793 1559 1922 1599 nec-

355 1632 483 1686 dum
513 1649 659 1698 eras,
688 1632 1077 1704 prmﬁgurans;
1104 1635 1274 1691 certis
1305 1652 1485 1692 rerum
1529 1651 1650 1708 quae
1682 1651 1807 1690 vere
1841 1650 1921 1690 es-

2026 643 2183 696 μενον
2221 627 2314 679 καὶ
2353 624 2725 695 ἀλλοιούμενον
2757 624 2949 696 μάννα,
2981 625 3248 696 ἄτρεπτον
3277 623 3369 677 καὶ
3406 623 3587 680 διαιω-

2018 716 2162 783 νίζον
2189 717 2332 770 ἔνδον
2361 716 2530 786 αὐτῆς
2554 715 2886 784 διεφύλαττε.
2917 716 3028 786 Τῆς
3058 716 3153 786 σῆς
3181 715 3402 785 ἁγνείας
3432 718 3526 770 καὶ
3557 715 3587 769 ό

2018 811 2300 882 προφήτης
2337 809 2522 872 Ἠλίας
2562 807 2866 880 προθεωρὸς
2913 808 3006 861 καὶ
3045 806 3287 879 ζηλωτὴς
3331 807 3591 878 ὑπάρχων

2017 904 2102 957 διὰ
2141 903 2234 956 τοῦ
2281 900 2610 972 Πνεύματος,
2657 901 2934 972 πυρφόρον
2983 899 3252 963 πολιτείας
3297 899 3593 970 ἀνεδήσατο

2023 989 2298 1059 στέφανον,
2339 990 2599 1060 κρείττων
2640 989 2862 1043 Θανάτου
2903 989 3228 1060 ἀναδειχθεὶς
3266 987 3389 1060 θείᾳ
3424 989 3592 1061 ψήφῳ

2020 1082 2144 1154 ἄχρι
2170 1083 2267 1153 τῆς
2299 1083 2473 1155 δεῦρο.
2511 1084 2576 1136 Σὲ
2619 1084 2709 1136 καὶ
2732 1083 2759 1134 ὁ
2793 1081 2980 1136 τούτου
3012 1081 3249 1153 διάδοχος
3295 1081 3593 1149 Ἐλισσαῖος

2020 1172 2168 1244 παρὰ
2221 1172 2384 1242 σοφοῦ
2427 1172 2743 1226 διδασκάλου
2781 1170 3027 1242 μυηθεὶς,
3064 1171 3158 1224 καὶ
3199 1171 3274 1234 ὡς
3314 1170 3594 1242 παροῦσαν

2018 1265 2114 1337 τὴν
2163 1267 2327 1337 μήπω
2369 1261 2530 1318 οὖσαν
2580 1263 2975 1338 προδιατυπῶν,
3015 1262 3303 1334 ὑπερφυῶς
3347 1265 3456 1327 τοῖς
3505 1281 3593 1316 τε-

2020 1357 2273 1429 κμηρίοις
2302 1355 2410 1410 τῶν
2447 1356 2713 1428 ἀληθινῶν
2739 1356 2836 1420 τὰς
2869 1355 3188 1426 ἐπικουρίας
3223 1352 3454 1408 ἐποιεῖτο
3484 1354 3593 1406 τῶν

2019 1449 2312 1520 δεομένων⁸
2351 1449 2426 1520 πῆ
2459 1451 2556 1520 μὲν
2585 1449 2650 1501 δι’
2680 1449 2865 1520 ὑδρίας
2893 1448 3104 1519 καινῆς,
3137 1450 3230 1503 κα)⁸
3257 1448 3383 1512 τοὺς
3412 1449 3591 1501 νοστί-

2024 1557 2153 1612 μους
2184 1540 2411 1613 ἐχούσης
2443 1541 2595 1606 ἃλας,
2624 1540 2693 1594 τὰ
2719 1541 3015 1612 φθοροποιὰ
3041 1540 3207 1594 ὕδατα
3240 1540 3482 1612 ἰώμενος,
3511 1543 3591 1605 εἰς

2021 1634 2240 1702 ἔνδειξιν
2283 1634 2374 1688 τοῦ
2410 1634 2803 1706 άνασφὴλοντος
2839 1631 2949 1705 (68)
2989 1633 3192 1704 κόσμου
3229 1631 3315 1685 διὰ
3357 1632 3451 1686 τοῦ
3497 1632 3590 1686 ἐπὶ

2021 1727 2103 1779 σοὶ
2137 1726 2461 1796 μυστηρίου·
2499 1726 2573 1797 πῆ
2603 1725 2660 1778 δὲ
2691 1723 2905 1796 ἀλεύρῳ
2933 1723 3142 1795 ἁζύμῳ,
3174 1723 3389 1794 λοχείας
3420 1723 3588 1776 ἀσπό-

2022 1833 2115 1889 ρου
2153 1817 2444 1887 ἀντιτύπῳ,
2478 1815 2704 1870 θανάτου
2739 1815 2960 1887 πικρίαν
2990 1815 3325 1868 ἀναστέλλων
3354 1814 3460 1868 ἀπὸ
3481 1812 3591 1866 τῶν

356 1733 478 1780 sent
517 1724 709 1780 l‘uturze
742 1726 1015 1783 indicibus
1047 1728 1240 1799 signis,
1265 1728 1526 1782 auxilium
1570 1727 1922 1783 medicinam-

355 1832 462 1885 que
510 1816 911 1886 indigentibus,
957 1818 1151 1889 majori
1191 1833 1357 1890 supra
1401 1830 1652 1874 naturam
1682 1819 1915 1879 virtute,

357 1909 687 1964 adhibebat:
725 1926 870 1965 nunc
917 1911 1132 1980 quidem
1179 1927 1275 1981 per
1321 1927 1513 1966 novam
1565 1909 1809 1982 hydriam
1843 1909 1917 1973 ⁸⁸,

2023 1907 2290 1977 ἐδωδίμων
2311 1923 2326 1940 ο
2356 1907 2541 1962 ἄλλοτε
2580 1908 2635 1961 δὲ
2667 1911 2779 1972 τοῖς
2823 1907 3120 1979 ὐπερφυέσι
3152 1905 3218 1959 τὰ
3256 1905 3396 1960 κατὰ
3429 1906 3590 1974 φύσιν

357 2001 542 2071 salque
570 2002 806 2056 salutare
847 2003 900 2055 in
938 2017 996 2058 se
1046 2003 1441 2068 continentem,
1475 1996 1642 2074 aquas
1672 2001 1917 2058 exitiales

2025 1999 2328 2071 ὑπερνικῶν
2359 2001 2417 2054 ὲν
2440 2000 2516 2072 τῷ
2555 2001 2812 2075 Ἰορδάνῃ,
2839 2001 2930 2054 καὶ
2953 1999 3040 2052 διὰ
3065 1999 3265 2052 τούτων
3297 1999 3393 2070 τὴν
3421 2000 3589 2053 κατά-

357 2110 558 2148 sanans
589 2111 606 2149 :
641 2092 707 2149 ad
746 2093 1158 2160 Ostendendum,
1190 2111 1312 2151 esse
1351 2097 1702 2151 recreandum
1755 2109 1916 2148 mun-

2023 2095 2168 2148 δυσιν
2218 2094 2308 2148 τοῦ
2365 2096 2566 2167 Κυρίου
2616 2096 2770 2168 ἡμῶν
2822 2098 2900 2160 είς
2941 2095 3068 2168 ᾅδην
3093 2135 3108 2159 ,
3150 2096 3243 2149 καὶ
3290 2095 3588 2167 παράδοξον

354 2183 504 2247 dum,
532 2199 629 2254 per
658 2192 1056 2242 sacramentum
1081 2184 1134 2236 in
1161 2192 1215 2239 te
1242 2184 1544 2240 exbibitum
1574 2203 1586 2238 :
1623 2183 1787 2238 modo
1821 2198 1917 2236 au-

2023 2187 2316 2258 ὰνάρῤυσιν
2349 2187 2456 2241 τῶν
2486 2190 2542 2241 ὲν
2575 2188 2749 2261 φθορᾷ
2797 2187 3171 2259 κατεχομένων
3230 2185 3585 2258 προϊστορῶν.

353 2290 494 2338 tem,
541 2273 717 2330 farina
764 2291 948 2345 azyma
986 2277 1067 2339 ⁸⁸,
1116 2285 1305 2345 partus
1355 2275 1432 2330 tui
1491 2283 1610 2331 satu
1662 2273 1917 2329 immunis

2023 2274 2205 2329 Πάντα
2241 2275 2349 2347 γὰρ
2376 2271 2520 2329 εἷκόν
2559 2293 2617 2329 τε
2663 2279 2757 2331 καὶ
2795 2277 3102 2333 ὑπέκυπτον
3145 2279 3210 2348 τῇ
3259 2279 3323 2348 σῇ
3361 2275 3480 2347 θείᾳ
3511 2276 3588 2330 εί-

355 2373 483 2437 typo
522 2366 881 2438 respondente
903 2407 918 2430 ,
957 2370 1148 2422 mortis
1179 2368 1530 2422 acerbitatem
1560 2383 1591 2420 a
1623 2366 1758 2422 cibis
1790 2381 1917 2437 pro-

2025 2365 2137 2418 κόνι
2163 2365 2514 2437 ἐκνικώμενα.

354 2458 550 2530 ﬂigans
608 2480 619 2514 :
677 2477 1067 2532 nonnunquam
1111 2462 1344 2532 denique
1389 2463 1552 2520 rebus
1609 2476 1773 2532 supra
1821 2470 2107 2525 naturam,
2161 2477 2280 2532 qum
2325 2469 2536 2517 naturae
2599 2470 2964 2518 consentanea
3005 2471 3189 2519 essent
3239 2464 3293 2518 in
3344 2463 3582 2520 Jordane

355 2551 554 2609 eximie
587 2568 851 2622 superans
896 2553 976 2618 ⁸⁶;
1023 2567 1196 2623 eoque
1229 2551 1442 2608 Domini
1501 2554 1556 2612 in
1615 2552 1883 2607 infernum
1917 2551 2260 2616 descensum,
2304 2551 2713 2620 mirabilemque
2754 2560 2808 2605 et
2847 2551 3179 2622 inopinatam
3269 2567 3456 2607 eorum
3491 2552 3582 2622 qui

357 2645 414 2699 in
468 2646 816 2715 corruptione
869 2645 1240 2703 detinerentur
1308 2645 1680 2704 liberationem
1734 2645 2095 2717 praesignans.
2151 2643 2285 2698 Nam
2349 2652 2630 2702 cesserunt
2699 2645 2914 2710 omnia,
2970 2653 3183 2716 tuaeque
3235 2631 3316 2702 illi
3387 2645 3584 2702 divinae

356 2741 577 2812 imagini
607 2742 972 2812 exprimendae
1005 2742 1229 2812 imparia
1261 2741 1684 2797 succubuerunt.

431 2835 497 2891 Χ.
529 2836 672 2904 Quid
702 2852 828 2892 vero
850 2836 1028 2892 adhuc
1057 2838 1326 2892 sermonis
1345 2836 1585 2892 habenas
1615 2837 1782 2894 variis
1812 2836 1919 2894 illis

357 2927 836 2987 informationibus
877 2928 1067 2982 laxans
1097 2928 1486 2997 involvensque
1515 2932 1568 2981 et
1598 2926 1882 2996 implicans
1902 2964 1917 2989 ,

355 3021 660 3077 orationem
709 3021 765 3074 in
814 3021 1033 3090 longum
1080 3020 1369 3098 protraho;
1417 3035 1481 3075 ac
1517 3023 1602 3075 vel
1649 3018 1917 3083 maxime,

357 3129 484 3168 cum
520 3113 694 3168 instar
737 3113 1004 3167 columnae
1046 3113 1222 3183 palam
1267 3112 1440 3167 oculis
1481 3111 1732 3182 objecta,
1775 3111 1828 3164 in
1869 3117 1923 3164 te

2097 2837 2151 2890 l'.
2188 2837 2296 2890 Καὶ
2323 2835 2376 2888 τί
2402 2835 2480 2889 ἔτι
2513 2834 2856 2907 περιπλέκων
2893 2833 3115 2906 μηκύνω
3146 2833 3238 2887 τὸν
3266 2833 3441 2903 λόγον,
3468 2836 3582 2898 τοῖς

2027 2927 2285 2992 ποικίλοις
2348 2928 2726 3000 προγράμμοις
2777 2927 3062 2998 ἐπαφήσας
3130 2923 3221 2979 τοῦ
3271 2925 3427 2994 λόγου
3482 2925 3583 2988 τὰς

2027 3021 2202 3089 ἡνίας,
2227 3020 2320 3076 καὶ
2352 3020 2582 3090 μάλιστα
2615 3019 2722 3092 πρὸ
2750 3017 3038 3090 ὀφθαλμῶν
3066 3017 3441 3088 ὲστηλωμένης
3469 3015 3582 3087 (69)

2026 3115 2122 3184 τῆς
2162 3111 2252 3168 ἐπὶ
2286 3111 2366 3166 σοὶ
2394 3111 2700 3180 ἁτρεκείας,
2807 3110 2898 3164 κα).
2925 3110 3333 3182 κατατρυφῆσαι
3363 3110 3581 3180 ἄμεινον

357 3201 562 3257 veritas
593 3209 795 3272 pateat,
832 3202 886 3256 in
919 3216 1026 3272 qua
1056 3202 1201 3256 velut
1227 3200 1525 3255 eluxuriari
1558 3199 1917 3268 delectarique

2025 3205 2116 3259 καὶ
2145 3201 2620 3274 ὲπικερδὲστερον;
2647 3200 2962 3274 Τοιγαροῦν,
2987 3201 3195 3272 χαίρειν
3228 3201 3437 3272 φράσας
3470 3204 3584 3266 τοῖς

357 3293 673 3365 praestiterit
703 3309 768 3348 ac
803 3293 1142 3349 commodius
1172 3292 1374 3348 fuerit?
1400 3292 1577 3359 Quare
1605 3301 1918 3347 sanctorum

357 3385 602 3440 omnium
635 3401 730 3456 per
753 3400 944 3441 omnes
971 3385 1351 3456 generationes
1376 3425 1390 3448 ,
1428 3384 1767 3456 spiritalibus
1796 3398 1922 3437 nar—

355 3478 662 3533 rationibus
695 3477 963 3548 factisque
989 3476 1319 3550 prodigiosis
1348 3477 1526 3531 valere
1552 3468 1745 3547 jussis,
1780 3476 1846 3530 ad
1871 3488 1920 3529 te

357 3569 484 3626 testi
515 3570 679 3640 hujus
709 3569 944 3626 convivii
973 3570 1120 3626 velut
1154 3569 1367 3626 clavum
1391 3609 1405 3633 ,
1449 3584 1484 3622 ο
1527 3567 1738 3624 ﬂorenti
1777 3583 1920 3624 sem--

355 3674 453 3731 per
491 3659 737 3716 habenda
761 3660 1020 3717 memoria
1042 3701 1058 3723 ,
1095 3661 1293 3731 dirigo.
1324 3659 1612 3718 Benedicta
1650 3668 1738 3726 tu,
1764 3676 1920 3730 pror-

356 3765 456 3808 sus
493 3749 778 3806 benedicta
815 3749 1181 3820 omnibusque
1215 3749 1610 3806 desiderabilis.
1651 3749 1710 3802 ln
1753 3749 1917 3802 bene-

356 3840 691 3896 dictionibus
750 3839 965 3897 Domini
1023 3855 1221 3896 nomen
1279 3851 1464 3904 tuum,
1522 3840 1702 3898 divina
1746 3839 1918 3909 gratia

355 3933 733 4004 plenissimum
760 3947 823 3987 ac
853 3950 1065 3989 summe
1103 3933 1212 3989 Deo
1237 3935 1535 4005 gratiosum
1557 3975 1573 4000 ,
1596 3931 1691 3989 Dei
1723 3931 1917 3997 Mater,

354 4040 587 4097 quaeque
611 4032 705 4080 tuo
747 4026 864 4095 ipsa
905 4025 1193 4095 splendore
1228 4026 1480 4082 ﬁdelibus
1511 4026 1692 4082 lumen
1731 4024 1922 4095 praele-

355 4133 468 4173 ras.
498 4117 581 4174 Tu
620 4118 1053 4188 circumscriptio
1073 4157 1088 4182 ,
1131 4126 1192 4173 ut
1223 4118 1297 4173 ita
1325 4119 1503 4175 dicam
1525 4160 1539 4182 ,
1572 4117 1690 4188 ejus
1714 4117 1806 4188 qui
1837 4125 1921 4173 est

358 4202 990 4272 incircumscriptibilis:
1028 4204 1184 4260 radix
1209 4204 1359 4262 ﬂoris
1395 4207 1784 4277 speciosissimi
1820 4207 1865 4239 ⁸⁷
1903 4226 1916 4260 :

358 4289 529 4345 Mater
561 4291 938 4360 plasmatoris:
976 4293 1167 4350 altoris
1191 4297 1377 4354 nutrix
1404 4316 1418 4352 :
1449 4298 1566 4365 ejus
1594 4299 1916 4369 complexio,

356 4384 449 4452 qui
505 4382 689 4438 omnia
729 4385 1017 4454 complecti
1065 4385 1229 4442 habet
1271 4406 1285 4442 :
1343 4397 1567 4457 portans
1607 4406 1729 4444 eum
1758 4430 1772 4453 ,
1829 4391 1921 4458 qui

355 4471 516 4527 verbo
545 4482 722 4544 portat
763 4477 941 4529 omnia
970 4476 1055 4531 εδι
1085 4486 1277 4547 porta,
1315 4495 1419 4549 per
1453 4495 1613 4549 quam
1662 4481 1804 4536 Deus
1860 4482 1914 4535 in

2021 3296 2127 3349 τῶν
2163 3294 2330 3363 ἁγίων
2356 3293 2496 3348 κατὰ
2534 3295 2711 3348 πᾶσαν
2751 3292 2942 3362 γενεὰν
2974 3297 3355 3365 πνευματικοῖς
3391 3293 3580 3365 διηγή-

2023 3405 2152 3459 μασι
2175 3387 2268 3440 καὶ
2296 3387 2794 3458 τερατουργήμασιν
2812 3426 2826 3450 ,
2861 3385 2952 3438 ἐπὶ
2978 3385 3036 3438 σὲ
3071 3386 3290 3458 μετάγω
3319 3387 3443 3449 τοὺς
3480 3385 3581 3455 τῆς

2019 3481 2250 3550 εὐωχίας
2282 3480 2471 3541 οἴακας
2491 3518 2506 3542 ,
2542 3477 3066 3550 παντομνημόνευτε.
3108 3478 3456 3550 Εὐλογημένη
3490 3478 3576 3543 σὺ,

2022 3570 2415 3642 παντευλόγητε
2456 3571 2550 3624 καὶ
2585 3573 2718 3626 πᾶσι
2751 3569 2970 3642 ποθητέ.
3016 3571 3134 3624 Ἐπ’
3161 3570 3428 3639 εὐλογίαις
3463 3571 3576 3623 Κυ-

2023 3664 2134 3736 ρίου
2164 3663 2223 3718 τὸ
2255 3662 2706 3734 θεοχαριτὼτατόν
2737 3681 2828 3716 σου
2859 3662 3048 3733 ὄνομα,
3073 3662 3451 3734 Θεογεννήτωρ
3485 3661 3577 3714 καὶ

2018 3755 2239 3827 δᾳδοῦχε
2267 3755 2374 3809 τῶν
2405 3755 2629 3809 πιστῶν.
2661 3757 2725 3808 Ἡ
2767 3754 3101 3828 περιγραφὴ,
3137 3755 3202 3810 ἵν’
3225 3754 3395 3817 οὕτως
3418 3753 3578 3818 εἴπω,

2017 3848 2110 3901 τοῦ
2151 3847 2586 3919 ἁπεριγράπτου·
2620 3849 2652 3917 ἡ
2701 3846 2823 3917 ῥίζα
2856 3845 2948 3900 τοῦ
2983 3847 3314 3918 ὡραιοτάτου
3353 3844 3576 3907 ἄνθουςο

2018 3942 2050 4010 ἡ
2083 3940 2278 4012 Μήτηρ
2321 3937 2414 3991 τοῦ
2453 3937 2751 4003 πλάσαντος
2771 3956 2783 3968 ·
2815 3940 2847 4010 ἠ
2883 3937 3034 4008 τιτθὴ
3060 3936 3150 3992 τοῦ
3174 3938 3498 4008 τρέφοντος·
3543 3937 3577 4008 ή

2021 4030 2246 4102 περιοχὴ
2293 4028 2386 4084 τοῦ
2423 4030 2796 4102 περιέχοντος·
2843 4034 2874 4100 ή
2915 4029 3150 4100 φέρουσα
3193 4029 3283 4081 τὸν
3325 4027 3582 4097 φέροντα

2022 4122 2224 4192 ῥήματι
2250 4122 2322 4176 τὰ
2371 4120 2652 4191 πάντα-ἡ
2696 4121 2836 4192 πύλη
2879 4122 2975 4192 τῆς
3003 4123 3062 4174 ὲν
3106 4119 3268 4191 σαρκὶ
3314 4116 3579 4187 ἀνατολῆς

2019 4213 2111 4270 τοῦ
2161 4212 2326 4266 Θεοῖν
2378 4213 2412 4282 ἡ
2455 4213 2612 4276 λαόὶς
2660 4212 2751 4265 τοῦ
2806 4210 3134 4282 καθαρτικοῦ
3191 4211 3488 4281 ἄνθρακος·
3546 4208 3577 4261 ὁ

2023 4301 2222 4374 βραχὺς
2274 4303 2468 4366 κόλπος
2516 4301 2610 4355 τοῦ
2658 4302 2873 4356 πάντων
2927 4302 3158 4355 κόλπου·
3195 4301 3224 4352 ὁ
3266 4299 3430 4362 πόκος
3477 4297 3577 4367 τῆς

2019 4394 2399 4465 ἀκαταλήπτου
2453 4393 2642 4463 δρόσου
2684 4392 2825 4462 (70)·
2875 4394 2903 4444 ὁ
2948 4392 3046 4462 τῆς
3092 4389 3383 4458 ἐπιθυμίας
3414 4387 3578 4443 Δαόὶδ

2021 4483 2277 4555 ζωοδόχος
2332 4483 2440 4554 (7-1)
2476 4483 2674 4547 λάκκος
2731 4483 2827 4554 τῆς
2858 4483 3134 4555 Βηθλεὲμ,
3189 4483 3280 4550 ἀφ’
3317 4475 3377 4533 οὗ
3426 4480 3576 4550 πόμα

351 4579 516 4620 carne
546 4565 722 4619 oritur
749 4567 816 4629 δ’,
845 4567 1065 4638 forceps
1099 4569 1355 4625 carbonis
1395 4571 1542 4626 illius
1580 4572 1818 4642 purgarii
1845 4573 1911 4638 ὀ,

2023 4573 2311 4635 ἀθανασίας
2344 4572 2594 4636 ὲξὲϐλυσε
2613 4590 2626 4602 ⁸
2656 4572 2715 4625 τὸ
2747 4573 3056 4643 ἱλαστήριον
3084 4569 3143 4635 ὲξ
3169 4566 3228 4625 οὗ
3252 4570 3382 4634 Θεὸς
3409 4566 3577 4637 ἐγνώ-

353 4655 509 4715 sinus
539 4657 768 4727 exiguus
793 4658 1042 4715 immensi
1073 4660 1316 4715 omnium
1354 4662 1507 4718 sinus
1529 4705 1542 4727 ,
1574 4663 1747 4718 vellus
1772 4663 1914 4716 roris

352 4747 499 4803 illius
541 4747 1108 4820 incomprehensibilis
1139 4753 1217 4820 ",
1268 4755 1421 4810 lacus
1462 4755 1552 4810 ille
1598 4753 1907 4809 Bethlelxem

422 4902 468 4935 ⁸⁸
509 4904 642 4958 Heb.
685 4921 738 4958 Ix
763 4946 778 4966 ,
817 4907 872 4959 4.

351 5059 405 5099 vr
425 5084 440 5108 ,
481 5045 570 5099 57.

443 5201 532 5277 ἓξ)
575 5202 1084 5277 Ἄνασφήλονςοςε
1101 5202 1263 5261 Forte
1290 5207 1711 5277 ἀνασφήλαντος.
1737 5230 1741 5236 ·

444 5273 532 5341 69)
565 5275 681 5341 Πρό
716 5273 1035 5344 ὀφθαλμῶν
1063 5273 1501 5344 ἐστηλωμένηήςζ
1541 5275 1700 5330 Velut
1727 5282 1907 5330 erecta

352 5345 626 5416 propalam
657 5345 710 5416 in
743 5345 960 5416 modum
994 5346 1276 5416 columnae,
1302 5362 1370 5416 ne
1397 5362 1554 5416 quem
1587 5347 1752 5400 latere
1785 5360 1910 5414 pos-

349 5415 437 5468 sit.
454 5413 652 5487 Altera
666 5413 1007 5487 significatio,
1026 5423 1086 5469 ut
1114 5415 1195 5478 τὸ,
1215 5413 1600 5487 ίὲστηλωμένης
1619 5417 1693 5471 sit
1717 5413 1912 5485 con/ir-

350 5495 516 5539 mata.
542 5484 755 5538 videtur
775 5485 954 5538 minus
982 5486 1286 5540 commoda.

419 5552 438 5622 ζ
446 5553 530 5625 70)
567 5553 676 5621 Τῆς
695 5553 1119 5627 ἀκαταλήπτων
1130 5555 1380 5627 δρόσου.
1407 5554 1577 5622 Cujus
1599 5555 1912 5627 mysterium

352 5624 588 5696 nequeat
634 5627 767 5680 satis
818 5626 1069 5696 perspicj.
1129 5624 1430 5696 Pantinus._
1471 5624 1910 5696 imperceptibilis,

351 5695 506 5765 quod
525 5695 704 5750 minus
736 5694 986 5764 quadrat.
1018 5695 1184 5750 Plane
1224 5696 1365 5750 enim
1409 5694 1510 5750 fuit
1545 5694 1635 5751 ros
1668 5699 1756 5750 ille
1791 5712 1911 5765 per—

349 5764 642 5841 ceptihilis.
672 5768 765 5834 qui
790 5781 1084 5841 expressus
1114 5767 1330 5832 veilere,
1374 5767 1615 5841 lagonam
1653 5781 1790 5838 aqua
1824 5767 1921 5819 im-

350 5832 534 5902 piavit,
567 5832 750 5910 utique
782 5832 1045 5895 sensibili.

970 4907 1013 4942 ⁸³
1054 4906 1138 4978 ιν,
1168 4906 1293 4978 Reg.
1335 4924 1397 4974 ιι,
1440 4909 1526 4962 Η.
1602 4909 1649 4978 3?
1691 4907 1855 4962 Ecrli.
1909 4924 2091 4971 XLVIII,
2135 4908 2185 4961 1.

351 4990 426 5037 ιγ,
466 4974 557 5049 ibi.
632 4976 679 5007 ⁸⁸
721 4976 786 5032 lV
821 4977 944 5049 Reg.
998 4995 1051 5033 γ.
1127 4977 1171 5009 ⁸⁷
1211 4974 1322 5036 lia.
1361 4995 1440 5042 ιι,
1483 4980 1532 5036 1.
1607 4977 1654 5011 ⁸⁸
1696 4979 1855 5033 Hebr.
1898 4995 1937 5044 ι,
1979 4979 2032 5034 5.

2023 4663 2120 4733 σθη
2151 4661 2452 4733 ἀνθρώποις
2498 4661 2971 4734 ἀνθρωπομόρφως
2989 4679 3002 4690 ·
3039 4662 3098 4715 τὸ
3127 4660 3349 4716 ἄσπιλον
3378 4659 3573 4728 ἔνδυμα

2018 4754 2122 4809 τοῦ
2149 4755 2633 4825 ἀναϐαλλομένου
2667 4754 2790 4824 φῶς
2812 4755 2891 4820 ὠς
2915 4754 3160 4823 ἱμάτιον.
3197 4754 3260 4806 Ἡ
3291 4752 3571 4807 δανείσασα

2289 4906 2435 4978 μιν
2472 4906 2594 4978 Reg.
2663 4924 2720 4963 ιι.
2800 4908 2844 4939 ⁸⁵
2882 4907 3009 4978 ibjd-
3068 4907 3158 4963 90-
3211 4907 3290 4978 ,⁸⁸
3330 4905 3405 4978 ly
3443 4903 3568 4978 899'

2114 4979 2156 5011 ⁸⁹
2197 4977 2385 5033 Ezeclt.
2427 4973 2593 5044 xuii,
2635 4979 2724 5033 41.
2798 4980 2843 5010 ⁸ο
2911 4977 3027 5032 Isa.
3067 4995 3157 5044 vt,
3197 4976 3250 5032 6.
3356 4977 3398 5010 ⁹¹
3439 4973 3570 5030 luit.

2083 5206 2194 5277 (7t)
2225 5205 2548 5274 Ζωοδόχος.
2594 5202 2698 5260 Seu
2745 5203 2867 5277 vitm
2905 5205 3384 5277 conceptaculum;
3421 5203 3477 5256 in
3505 5216 3572 5277 eo

2015 5271 2196 5331 Mariti:
2216 5271 2541 5346 symbolum.
2578 5290 2698 5346 quae
2726 5276 2889 5330 vitam
2924 5271 3169 5346 illam‘ad
3196 5290 3294 5330 nos
3331 5271 3571 5346 peregri-

2014 5343 2259 5405 nantem,
2291 5361 2387 5401 ceu
2421 5343 2637 5414 hospitii
2669 5345 2812 5413 jure,
2864 5345 3024 5399 etiam
3073 5354 3231 5401 utero
3284 5343 3564 5412 suscepit:

2015 5431 2176 5486 quam
2207 5418 2325 5485 ejus
2360 5416 2786 5486 prterogativam,
2819 5415 2873 5468 in
2897 5414 3098 5471 Martha
3135 5415 3416 5486 Dominum
3441 5426 3568 5486 sus:

2017 5484 2249 5556 cipiente
2284 5487 2338 5541 in
2363 5484 2824 5556 suam—domum,
2865 5487 2952 5556 die
2992 5485 3331 5555 migrationis
3372 5484 3566 5556 ipsius2

2018 5551 2256 5611 Ecclesia
2302 5566 2487 5611 sanete
2536 5556 2745 5611 recolit.
2795 5551 3092 5617 Ρειιιιὶιιιιε.⁷
3121 5557 3377 5624 viri/itus,
3409 5551 3570 5624 quod

2016 5628 2196 5694 potius
2226 5636 2368 5682 esset
2391 5625 2672 5696 ζωοδότης.
2699 5625 2868 5680 Simili
2889 5625 3127 5696 epitheto
3155 5622 3313 5694 paulo
3342 5622 3573 5696 interius

2018 5692 2321 5768 Simeonem
2375 5704 2563 5757 ornat,
2611 5692 2887 5765 appellans
2923 5692 3184 5767 Ὁεοδόχον
3234 5692 3564 5768 πρεσϐύτην,

2016 5783 2182 5824 senem
2221 5766 2312 5823 Dei
2341 5775 2703 5835 susceptorem.
