3962 6278
315 397 421 452 373

1367 384 1598 442 SERMO
1633 382 1723 438 DE
1758 379 2054 438 SIMEONE
2091 377 2178 432 ET
2217 375 2420 432 ANNA.

3424 373 3538 426 ,574

316 511 436 583 Θεῷ
482 510 561 582 τῷ
591 510 827 566 ἀνενδεεῖ
870 507 1048 580 σάρκα
1093 505 1270 576 ἥνπερ
1305 505 1405 557 οὐκ
1455 498 1627 573 εἶχεν,
1674 495 1820 573 ἵναῇ
1852 497 1882 550 ό

1985 492 2239 548 desiderii
2269 490 2434 544 David
2459 491 2504 522 ⁹²
2525 528 2540 555 ,
2585 490 2708 544 vita;
2730 495 3044 558 susceptor,
3070 501 3135 542 ex
3155 502 3261 557 quo
3286 490 3539 556 poculum

320 598 724 671 παντοδύναμος
757 602 892 671 ὅπερ
928 599 1214 670 ηὑδόκησε.
1252 595 1315 648 Τί
1354 594 1542 647 τούτου
1585 591 1879 663 περιφανέ-

322 709 549 765 στερον;
583 692 648 745 Τί
679 689 867 745 τούτου
895 690 1254 760 ὑψηλότερον;
1298 689 1354 740 Ὁ
1392 687 1481 739 τὸν
1519 684 1745 756 οὐρανὸν
1789 682 1882 735 καὶ

318 785 418 856 τὴν
454 784 560 854 γῆν
611 783 854 854 πληρῶν,
885 775 946 836 οὗ
995 781 1064 835 τά
1111 782 1400 851 σύμπαντα
1449 779 1734 848 κτήματα,
1786 774 1880 829 σοῦ

319 877 607 948 γεγένηται
664 877 907 947 ἐπιδεὴς
961 877 1025 930 σὺ
1076 875 1184 946 γάρ
1240 875 1514 938 ἐδάνεισας
1562 873 1680 943 Θεῷ
1732 873 1882 926 θείαν

322 973 614 1042 σάρκωσιν,
639 971 705 1042 ἢν
732 969 832 1023 οὐκ
864 965 997 1040 εἶχε.
1039 970 1112 1022 Σὺ
1157 967 1494 1038 ἐθωράκισας
1525 966 1615 1019 τὸν
1660 965 1882 1020 δυνατὸν

318 1063 418 1133 τὴν
447 1061 695 1132 εὐπρεπῆ
732 1061 823 1114 τοῦ
861 1059 1110 1130 σώματος
1139 1059 1483 1128 παντευχίαν,
1521 1058 1586 1111 δι’
1623 1053 1691 1131 ἧς
1723 1057 1882 1121 αὐτὸς

325 1153 420 1225 μὲν
452 1153 678 1223 ὀφθῆναι
701 1153 942 1225 χωρητὺς
964 1153 1086 1224 ἐμοὶ
1107 1150 1386 1222 δεδύνηται
1401 1191 1416 1214 ,
1449 1149 1558 1218 ἐγὼ
1584 1149 1640 1202 δέ
1655 1149 1883 1221 εὐπροσ-

325 1246 450 1309 ίτως
483 1245 799 1315 ἀντωπῆσαι
847 1243 993 1315 αὐτῷ
1037 1244 1312 1314 ἐνίσχυσα,
1357 1242 1422 1295 δι’
1455 1235 1523 1313 ἦς
1559 1241 1654 1294 καὶ
1687 1237 1882 1292 πάντα

319 1335 425 1388 τοῦ
459 1335 723 1403 πονηροῦ
750 1334 823 1388 τὰ
864 1334 1253 1404 πεπιιοωμένα
1273 1334 1429 1402 βέλη
1461 1330 1878 1399 σϐεσθήσεται.

321 1421 493 1494 Εὖγε,
527 1421 651 1496 εὖγε
672 1466 686 1491 ,
713 1428 893 1498 μήτηρ
934 1425 1066 1478 Θεοῦ
1112 1425 1205 1480 καὶ
1234 1423 1413 1495 δούλη.
1449 1419 1617 1493 Εὖγε,
1659 1419 1784 1492 εῦγε
1803 1463 1817 1488 ,
1847 1425 1882 1495 ή

321 1517 600 1588 ὑπόχρεων
637 1516 832 1588 ἔχουσα
854 1517 946 1571 τὸν
976 1516 1190 1571 πάντων
1219 1515 1517 1586 δανειστήν.
1551 1515 1756 1579 Πάντες
1785 1515 1881 1585 μὲν

320 1607 438 1680 Θεῷ
465 1609 840 1680 ἐποφείλομεν,
871 1610 954 1662 σοὶ
982 1609 1041 1662 δὲ
1071 1610 1430 1679 ἐποφείλεται.
1471 1610 1528 1663 ’0
1560 1608 1669 1680 γὰρ
1691 1607 1878 1671 εἰπὼν,

327 1695 469 1769 Τιίια
516 1699 622 1754 τὸν
668 1701 892 1769 πατέρα
937 1717 1050 1754 σου
1107 1700 1205 1753 καὶ
1254 1698 1368 1768 τὴν
1411 1699 1658 1768 μητέρα,
1704 1697 1882 1768 πολλῷ

324 1793 524 1863 μᾶλλον
556 1793 715 1857 αὐτὸς
756 1796 814 1847 ἐν
844 1793 1051 1856 τούτοις
1092 1791 1438 1858 ἐξετάζεσθαι
1475 1792 1747 1863 ἐλόμενος,
1783 1809 1882 1860 φυ-

1985 584 2406 640 inmortalitatis
2428 582 2709 637 scaturivit
2735 600 2746 634 :
2782 579 3214 650 pr0pitiatorium
3245 580 3313 645 ⁸³,
3343 595 3408 633 ex
3433 596 3540 647 quo

1984 676 2157 743 Deus,
2212 677 2383 730 forma
2435 675 2712 752 humana,
2747 676 2929 746 generi
2969 676 3205 729 humano
3259 673 3539 726 innoutit:

1981 770 2148 825 vestis
2176 769 2292 823 sine
2323 769 2692 837 macula,ejus
2714 770 2801 838 qui
2831 766 2999 822 induit
3025 765 3197 820 lumen
3227 766 3359 818 sicut
3390 765 3541 818 vesti-

1983 872 2211 916 mentum
2245 861 2312 916 9⁸.
2337 859 2415 914 Tu
2437 862 2640 917 nullius
2673 861 2934 932 indigenti
2972 857 3101 921 Deo,
3134 873 3352 912 carnem
3380 871 3541 926 quam

1983 968 2092 1007 non
2124 951 2388 1015 habebat,
2423 950 2664 1006 fenerata
2692 968 2768 1017 es,
2796 967 2904 1021 qua
2936 950 3148 1004 tandem
3198 951 3543 1017 omnipotens

1981 1044 2107 1117 ille,
2142 1042 2282 1112 quod
2310 1042 2620 1097 decreverat
2645 1042 2760 1098 ﬁeri
2783 1083 2797 1106 ,
2831 1043 2990 1097 homo
3033 1050 3198 1097 esset.
3255 1039 3396 1105 Quid
3441 1039 3543 1092 hoc

1983 1131 2355 1203 Splendidius?
2403 1129 2542 1196 Quid
2591 1131 2693 1185 hoc
2745 1129 3071 1185 sublimius?
3113 1128 3215 1194 Qui
3262 1128 3460 1182 coelum
3491 1133 3546 1182 et

1981 1219 2182 1280 terram
2213 1223 2400 1293 implet
2427 1223 2502 1283 9".
2547 1222 2707 1291 cujus
2749 1222 2971 1278 ditionis
3013 1229 3142 1276 sunt
3187 1236 3274 1275 res
3315 1236 3540 1282 omnes,

1984 1315 2060 1370 tui
2101 1314 2318 1383 indigus
2355 1311 2582 1367 edicitur
2615 1331 2628 1367 :
2658 1313 2858 1384 quippe
2902 1312 3013 1368 Deo
3051 1313 3290 1368 fenerala
3320 1326 3378 1366 es
3421 1327 3546 1365 car-

1982 1421 2128 1470 nem,
2157 1420 2318 1475 quam
2345 1419 2452 1458 non
2478 1403 2730 1460 habebat.
2762 1403 2842 1457 Tu
2870 1410 3143 1473 potentem
3177 1403 3324 1457 illum
3349 1404 3545 1458 decora

1983 1501 2230 1568 corporis
2255 1508 2532 1552 armatura
2560 1497 2820 1560 induisti,
2845 1513 2952 1568 qua
2983 1504 3036 1552 et
3059 1497 3104 1552 is
3129 1496 3260 1550 mihi
3300 1497 3544 1551 redditus

1983 1597 2066 1644 est
2105 1587 2279 1643 oculis
2321 1587 2701 1657 aspectabilis;
2750 1587 2971 1657 ipseque
3027 1593 3087 1640 ut
3120 1586 3287 1641 libere
3317 1586 3547 1640 intuitu-

1983 1695 2078 1735 rus
2101 1679 2306 1750 possim
2339 1678 2616 1742 accedere,
2642 1678 2847 1747 accepi,
2867 1692 2974 1748 qua
2996 1677 3158 1732 etiam
3215 1679 3391 1731 omnia
3414 1677 3546 1732 mali

1983 1775 2129 1827 illius
2160 1773 2326 1842 ignita
2357 1771 2460 1824 tela
2479 1771 2742 1840 exstingui
2770 1769 2956 1824 habent
2982 1772 3046 1826 ³⁸.
3075 1770 3240 1840 Euge,
3272 1786 3428 1839 euge,
3451 1769 3544 1825 Dei

319 1859 498 1950 λάξειε
540 1884 637 1956 τὴν
669 1884 829 1956 χάριν
863 1885 954 1936 καὶ
991 1883 1052 1936 τὸ
1096 1883 1223 1937 ῐδιον
1257 1883 1431 1953 δόγμα
1466 1885 1532 1953 τῇ
1563 1859 1882 1955 διακονησα-

1984 1863 2153 1917 Mater
2185 1863 2509 1930 ancillaque.
2542 1859 2709 1930 Euge,
2735 1876 2892 1931 euge,
2926 1861 3013 1915 cui
3040 1861 3130 1915 ille
3160 1861 3401 1915 omnium
3433 1875 3546 1915 cre-

322 1974 459 2046 μένῃ
485 1974 582 2044 τὴν
617 1974 937 2046 αὐθαίρετον
973 1972 1244 2043 γέννησιν,
1269 1973 1362 2026 καὶ
1394 1973 1632 2036 δοξάσειε
1661 1973 1885 2044 θεοπρε-

319 2064 456 2129 πῶς,
491 2066 556 2136 ἣν
596 2064 941 2136 ἐπεγράψατο
978 2065 1204 2134 ἀπάτωρ
1227 2063 1301 2126 ὼς
1348 2063 1602 2133 ἄνανδρον
1635 2063 1885 2134 Μητέρα.

323 2158 515 2209 Ἔσται
563 2157 736 2210 τοίνυν
776 2156 948 2209 ταῦτα
992 2156 1184 2219 οὕτως,
1219 2155 1388 2208 ἔσται.
1422 2157 1494 2207 Oi:
1534 2155 1642 2226 γάρ
1683 2155 1887 2225 κομψο-

316 2248 507 2311 επείας
525 2248 771 2320 ἀκάρπου
789 2250 837 2301 οἱ
857 2247 1252 2319 προσαχθέντες
1276 2264 1356 2299 σοι
1379 2248 1506 2318 παρ’
1530 2246 1682 2317 ἡμῶν
1707 2245 1883 2316 ὕμνοι,

318 2339 725 2408 παναγιώτατον
757 2343 849 2395 καὶ
881 2341 1205 2410 ἀξιάγαστον
1244 2341 1335 2393 τοῦ
1371 2340 1503 2393 Θεοῦ
1536 2340 1883 2410 ἐνδιαίτημα·

316 2431 426 2484 οὐδ’
454 2426 520 2483 αὖ
550 2432 822 2501 κοσμικῆς
847 2432 1192 2502 λογολεσχίας
1225 2431 1319 2485 καὶ
1340 2429 1759 2500 ψευδαρεσκείας
1789 2431 1885 2484 λα-

318 2523 670 2594 ρυγγίσματα
706 2524 736 2575 ὁ
766 2525 1128 2593 πνευματικός
1160 2542 1252 2578 σου
1283 2523 1470 2594 ὕμνος,
1506 2523 1884 2588 Θεούπαίνετε,

317 2613 415 2665 καὶ
446 2610 576 2664 Θεὸν
610 2611 807 2681 ἔχουσα
837 2612 1154 2681 ὑπομάζιον,
1185 2613 1272 2666 τὸν
1319 2615 1433 2676 τοῖς
1475 2613 1682 2682 βροτοῖς
1714 2614 1886 2684 ἀρχὴν

315 2703 415 2757 τοῦ
447 2699 586 2756 εἶναι
627 2703 715 2756 διὰ
756 2704 1059 2774 γεννήσεως
1093 2705 1427 2775 παρέχοντα,
1477 2705 1590 2758 ἀλλ’
1626 2706 1888 2775 ἐναργοῦς

319 2795 600 2867 ἀληθείας.
643 2794 938 2863 Ἐπιλείψει
987 2795 1094 2866 γὰρ
1135 2798 1265 2867 ἡμῖν
1308 2796 1336 2848 ὁ
1393 2797 1578 2867 χρόνος
1633 2797 1724 2850 καὶ
1767 2801 1886 2862 ταῖς

327 2887 616 2956 μετέπειτα
647 2888 874 2954 γενεαῖς,
904 2885 994 2938 τὸν
1027 2887 1143 2939 κατ’
1165 2887 1320 2953 ἀξίαν
1353 2905 1432 2941 σοι
1461 2887 1745 2941 ἀποδοῦναι
1783 2907 1886 2960 μα-

323 2977 590 3048 καρισμὸν
623 2979 686 3047 τῇ
720 2976 901 3046 Μητρὶ
926 2974 1030 3029 τοῦ
1063 2978 1364 3042 Βασιλέως
1393 2975 1508 3030 τῶν
1533 2977 1778 3041 αἰώνων,
1810 2978 1884 3043 ὥς

323 3083 428 3120 που
453 3069 613 3139 φησὶν
648 3069 676 3119 ό
706 3068 943 3137 ἀοίδιμος
972 3070 1270 3140 προφήτης,
1304 3069 1373 3122 τά
1404 3071 1503 3141 τῆς
1541 3072 1638 3141 σῆς
1678 3071 1884 3125 ἀκατα-

320 3157 519 3230 ληψίας
561 3159 707 3229 ἡμᾶς
752 3158 1116 3212 ἐκπαιδεύων’
1160 3161 1250 3226 ’.Ως
1297 3161 1485 3231 μέγας
1519 3166 1550 3216 ό
1585 3159 1748 3230 οἶκος
1776 3163 1879 3218 τοῦ

1983 1954 2148 2017 ditor,
2185 1952 2397 2007 debitor
2427 1953 2518 2007 sit.
2568 1951 2677 2006 Deo
2717 1951 2977 2008 debemus
3012 1968 3198 2006 omnes
3232 1971 3244 2006 :
3285 1953 3384 2007 tibi
3426 1953 3545 2022 ipse

1983 2042 2279 2098 obstrictus
2309 2049 2414 2097 est.
2442 2039 2573 2094 Nam
2607 2042 2698 2110 qui
2729 2041 2865 2097 dixit
2894 2061 2907 2096 :
2945 2041 3158 2097 Honora
3179 2052 3379 2111 patrem
3398 2053 3543 2116 tuum

1983 2144 2031 2191 et
2063 2146 2284 2188 matrem
2307 2134 2351 2165 ’7
2371 2174 2384 2199 ,
2417 2133 2576 2202 longe
2609 2132 2788 2202 potius
2812 2173 2827 2198 ,
2871 2133 3073 2189 talibus
3111 2134 3227 2204 ipse
3269 2136 3544 2189 accenseri

1985 2228 2204 2294 volens,
2241 2226 2469 2297 gratiam
2506 2229 2890 2298 propriamque
2925 2227 3038 2296 ipse
3066 2227 3234 2297 legem
3258 2267 3272 2291 ,
3324 2229 3379 2282 in
3425 2242 3545 2281 eam

1985 2327 2310 2392 servaverit,
2365 2341 2482 2394 quae
2521 2326 2666 2380 ultro
2712 2330 3046 2392 assumptum
3074 2321 3175 2390 ipsi
3207 2319 3544 2372 nativitatem

1983 2421 2342 2488 ministravit;
2366 2433 2668 2490 quamque,
2702 2417 2818 2472 sine
2851 2421 3034 2484 patre,
3069 2413 3216 2467 velut
3243 2411 3360 2466 sine
3405 2413 3541 2474 viro,

1984 2512 2208 2568 Matrem
2257 2511 2538 2581 inscripsit
2577 2508 3052 2577 conﬁrmavitque;
3089 2505 3276 2560 divino
3308 2505 3544 2573 quodam

1981 2605 2212 2668 decore,
2247 2612 2300 2659 et
2340 2619 2505 2674 supra
2544 2603 2816 2656 hominem
2845 2600 3246 2671 gloriﬁcaverit.
3285 2598 3359 2650 Ita
3417 2613 3543 2652 vero

1983 2695 2097 2748 haec
2129 2693 2424 2757 habebunt,
2459 2692 2735 2747 habebunt
2760 2693 2854 2746 ita.
2883 2690 3064 2759 Neque
3095 2690 3240 2745 enim
3264 2704 3383 2758 qua:
3414 2687 3545 2743 oﬂ‘e-

1983 2786 2154 2841 rimus
2185 2786 2416 2851 cantica,
2445 2784 2692 2839 inutilem
2719 2793 2925 2837 tantum
2959 2783 3243 2838 verborum
3269 2786 3542 2843 ornatum,

1983 2894 2016 2933 ο
2050 2878 2476 2935 sacratissimum
2517 2875 3164 2944 admirabilissimumque
3209 2872 3303 2928 Dei
3332 2873 3546 2928 habita-

1983 2973 2186 3035 culum,
2207 2971 2405 3026 habent
2429 2989 2442 3024 :
2475 2984 2649 3040 neque
2672 2985 2886 3034 rursus,
2910 2968 3224 3024 saecularem
3255 2965 3544 3037 quamdam

1982 3065 2349 3135 nugacitatem
2371 3104 2386 3129 ,
2418 3063 2663 3134 falsaque
2704 3063 3090 3118 assentationis
3119 3061 3266 3116 velut
3310 3060 3548 3114 crocita-

1983 3165 2186 3223 menta,
2223 3157 2485 3228 spiritalis
2510 3163 2602 3210 tua
2631 3154 2794 3210 habet
2821 3154 3082 3218 laudatio,
3117 3167 3149 3206 o
3173 3151 3282 3206 Deo
3304 3150 3543 3213 laudata,

320 3247 489 3312 Θεοῦ,
522 3249 620 3301 καὶ
653 3246 918 3318 εὐμήκης
941 3251 972 3300 ό
1006 3248 1186 3314 τόπος
1217 3249 1326 3318 τῆς
1369 3250 1636 3319 κτήσεως
1671 3253 1876 3307 αὐτοῦ.

1984 3264 2210 3320 quaeque
2233 3249 2401 3304 Deum
2427 3249 2543 3318 ipsa
2566 3249 2855 3302 lactentem
2880 3246 3112 3311 habeas;
3133 3259 3278 3307 eum,
3301 3243 3543 3312 inquam,

316 3341 534 3410 Μέγας,
564 3340 661 3394 καί
687 3342 796 3394 οὐκ
820 3340 943 3409 ἔχει
971 3339 1257 3407 τελευτήν
1279 3359 1292 3371 ’
1321 3344 1562 3412 ὑψηλὸς
1605 3344 1702 3398 καὶ
1742 3343 1881 3414 ἀμέ-

317 3447 550 3498 τρητος.
572 3433 777 3494 Ὄντως
801 3431 928 3502 γάρ,
960 3431 1125 3496 ὅντως
1156 3434 1488 3504 προφητικὸς
1518 3436 1762 3507 χρησμὸς
1786 3437 1880 3490 καὶ

322 3522 553 3594 ἀψευδὴς
603 3521 757 3590 λόγος
806 3519 959 3587 οὗτος
1005 3525 1102 3594 τῆς
1148 3529 1276 3596 περὶ
1319 3526 1378 3578 σέ
1430 3527 1841 3598 μεγαλειότητος
1863 3543 1875 3557 ·

318 3615 449 3668 διότι
475 3617 568 3669 καὶ
599 3616 730 3686 μόνη
766 3616 1200 3688 συμμερίσασθαι
1231 3618 1348 3688 Θεῷ
1366 3619 1432 3672 τά
1450 3617 1544 3671 τοῦ
1578 3619 1710 3672 Θεοῦ
1751 3637 1882 3673 κατ-

323 3705 568 3775 ηξίωσαι,
600 3707 730 3759 Θεὸν
779 3709 1085 3778 γεννήσασα
1120 3710 1278 3780 σαρκὶ
1319 3710 1488 3780 μόνη,
1523 3710 1612 3764 τὸν
1646 3712 1711 3764 ἐκ
1745 3710 1879 3765 Θεοῦ

324 3798 531 3870 Πατρὸς
583 3798 882 3870 μονογενῶς
930 3801 1024 3853 καὶ
1061 3801 1336 3864 συναϊδίως
1383 3800 1723 3873 γεννηθέντα.
1757 3803 1881 3856 Φιλ-

325 3888 532 3960 αλήθως
565 3890 675 3962 (72)
717 3891 822 3944 οἵδε
864 3889 1008 3960 λόγοι
1046 3891 1279 3956 πίστεως
1308 3894 1638 3964 ἀκραιφνοῦς
1667 3894 1883 3964 ἀντεχο-

327 3979 517 4049 μένων.

1986 3345 2078 3414 qui
2117 3344 2350 3413 primum
2382 3357 2505 3398 esse
2529 3340 2852 3394 mortalibus
2879 3337 3160 3392 nativitate
3195 3334 3412 3400 tribuit;
3449 3331 3546 3388 sed

1985 3433 2269 3487 veritatem
2323 3431 2612 3502 quamdam
2658 3443 2883 3500 prorsus
2924 3425 3283 3496 perspicuam.
3323 3421 3547 3478 Deﬁciet

1985 3527 2130 3583 enim
2162 3541 2264 3580 nos
2306 3533 2517 3594 tempus
2561 3524 2880 3593 futurasque
2924 3518 3267 3590 postmodum
3320 3529 3548 3586 genera-

1986 3619 2183 3682 tiones,
2213 3617 2256 3672 si
2290 3623 2344 3672 te
2375 3616 2600 3671 Matrem
2632 3614 2783 3685 Regis
2812 3612 3126 3667 saeculorum
3159 3609 3204 3640 ⁸⁸
3235 3608 3412 3680 dignis
3441 3607 3550 3662 elo-

1984 3712 2088 3782 giis
2110 3709 2439 3765 voluerimus
2467 3709 2678 3764 beatam
2703 3706 3031 3778 praedicare;
3061 3713 3119 3758 ut
3138 3701 3370 3773 quodam
3404 3703 3546 3764 loco,

1985 3799 2240 3856 erudiens
2303 3813 2464 3868 quam
2519 3797 2596 3852 sis
2655 3793 3258 3866 incomprehensibilis,
3313 3791 3550 3862 inclytus

1985 3891 2246 3962 propheta
2287 3890 2402 3944 ait:
2437 3889 2610 3956 Quam
2652 3874 2842 3959 magna
2887 3886 3076 3940 domus
3109 3885 3235 3948 Dei,
3274 3893 3322 3938 et
3371 3884 3549 3953 ingens

1990 3985 2131 4037 locus
2153 3981 2496 4053 possessionis
2519 3981 2632 4051 ejus
2649 3981 2670 4035 ί
2700 3980 2947 4051 Magnus,
2981 3990 3030 4034 et
3055 3996 3156 4033 non
3183 3977 3335 4032 habet
3357 3978 3510 4045 ﬁnem
3526 3999 3546 4050 ε

324 4074 562 4128 sublimis
619 4083 773 4146 atque
818 4076 1101 4130 immensus
1159 4076 1226 4131 ’⁵.
1280 4074 1446 4130 Plane
1510 4076 1652 4132 enim
1680 4115 1695 4138 ,
1750 4076 1907 4148 plane
1953 4075 2330 4146 propheticum
2382 4074 2703 4146 oraculum,
2748 4074 3177 4142 verissimusque
3239 4070 3329 4126 hic
3370 4084 3553 4125 sermo

324 4169 390 4224 de
420 4170 822 4242 magniﬁcentia
871 4171 964 4226 illa
1005 4181 1096 4226 tua
1138 4180 1192 4227 et
1247 4172 1532 4242 majestate
1585 4172 1878 4241 procedit:
1935 4186 2061 4226 nam
2116 4178 2171 4225 et
2216 4171 2365 4234 sola,
2409 4184 2598 4224 eorum
2637 4183 2758 4238 quae
2806 4174 2935 4222 sunt
2984 4163 3108 4232 Dei,
3165 4172 3373 4236 partem
3425 4178 3551 4218 cum

329 4267 434 4322 Deo
492 4269 688 4324 habere
750 4269 1034 4336 meruisti;
1085 4285 1204 4340 quae
1263 4269 1376 4324 sola
1427 4267 1595 4323 Deum
1653 4283 1721 4324 ex
1771 4266 1882 4323 Deo
1953 4265 2113 4322 Patre
2154 4267 2386 4336 unigene
2428 4279 2492 4318 ac
2535 4264 2862 4334 sempiterne
2906 4263 3180 4334 genitum,
3233 4274 3398 4315 carne
3458 4274 3553 4330 gen

323 4363 530 4418 nueris.
573 4362 652 4418 Ita
673 4367 942 4420 veraciter
976 4365 1254 4430 sentiunt,
1284 4365 1377 4434 qui
1411 4363 1681 4419 sinceram
1715 4363 1875 4419 ﬁdem
1908 4365 2327 4434 amplectuntur.

392 4458 494 4512 IA'.
547 4451 926 4528 Ἀπολάϐωμεν
957 4456 1014 4510 δέ
1059 4457 1260 4520 λοιπὸν,
1307 4452 1353 4512 ὦ
1400 4457 1880 4528 φιλομαθέστατοι,

2056 4454 2146 4512 XI.
2170 4455 2459 4520 Caeterum,
2491 4453 2638 4525 quod
2665 4452 2934 4523 reliquum
2955 4457 3057 4514 est,
3096 4448 3400 4511 sciendum,
3436 4453 3552 4501 stuc

323 4548 411 4601 τὸν
434 4547 688 4621 θεοδόχον.
709 4547 1039 4621 πρεσϐύτην,
1072 4550 1166 4602 καὶ
1196 4549 1390 4620 εὐσεϐῆ
1419 4548 1754 4614 διδάσκαλον,
1785 4543 1886 4604 ὧδέ

325 4657 424 4691 που
450 4639 776 4710 διανήξαντα
801 4642 1080 4712 σωτηρίως
1105 4643 1167 4694 ἐκ
1210 4639 1304 4694 τοῦ
1354 4641 1680 4713 παρθενικοῦ
1717 4641 1882 4695 πελά-

335 4747 480 4798 γους·
518 4732 612 4784 καὶ
655 4732 1104 4804 διαναπαύσωμεν
1148 4734 1600 4806 ἐμπεφορημένον
1633 4734 1748 4804 ἅμα
1786 4734 1884 4804 τῆς

325 4822 472 4886 θείας
513 4823 772 4892 ἐφέσεως,
797 4826 891 4878 καὶ
933 4827 1407 4898 ἐμπορευσάμενον
1439 4829 1572 4898 ἡμῖν
1609 4826 1706 4897 τὴν
1745 4844 1883 4880 παν-

324 4913 497 4968 όλϐιον
519 4915 790 4986 θεολογίαν
809 4935 823 4948 ’
849 4919 938 4972 καὶ
975 4918 1141 4990 ἴωμεν
1173 4922 1332 4990 ἡμεῖς
1359 4920 1494 4992 πρὸς
1532 4919 1591 4974 τδ
1635 4919 1762 4989 ἑξῆς
1791 4919 1884 4974 τοῦ

323 5005 500 5075 λόγου,
524 5009 775 5074 ἀπλανῶς
813 5011 950 5080 πρὸς
977 5012 1067 5065 τὸν
1101 5013 1457 5084 προκείμενον
1489 5014 1688 5067 σκοπὸν
1719 5014 1886 5066 ἀπευ-

325 5096 569 5162 θύνοντες
601 5100 696 5153 σὺν
727 5100 916 5172 όδηγίᾳ
947 5101 1038 5154 τοῦ
1065 5102 1367 5174 κρείττονος
1383 5101 1480 5172 τὴν
1509 5102 1712 5173 τρίϐον,
1739 5103 1885 5164 ὅπως

326 5189 398 5261 μὴ
455 5190 629 5262 πάντη
681 5186 830 5262 ὦμεν
872 5193 1110 5265 ἄκαρποι
1147 5195 1242 5248 καὶ
1294 5194 1600 5258 ἀσυντελεῖς
1651 5194 1786 5266 πρὸς
1818 5194 1885 5247 τά

322 5279 523 5332 δέοντα.
572 5281 723 5334 Ἐπεὶ
759 5277 851 5335 οὖν
885 5283 1287 5355 συνεκλήθησαν
1321 5284 1454 5356 πρὸς
1495 5284 1565 5337 τὰ
1606 5283 1765 5355 ίερῶς
1795 5302 1884 5337 τε-

322 5369 557 5440 λούμενα
590 5371 856 5442 ἱερωσύνη
881 5389 938 5425 τε
968 5374 1059 5427 καὶ
1084 5375 1417 5445 προφητεία,
1453 5375 1544 5428 καὶ
1581 5377 1884 5449 παρειστή-

1985 4550 2299 4606 diosissima
2331 4549 2548 4616 concio,
2577 4562 2762 4604 senem
2791 4557 3040 4600 nostrum
3059 4541 3152 4596 Dei
3177 4545 3551 4609 susceptorem

1987 4644 2247 4714 piumque
2274 4640 2573 4703 doctorem,
2612 4638 2718 4692 huc
2744 4637 3037 4692 salubriter
3065 4648 3095 4686 a
3125 4630 3374 4702 virginali
3401 4629 3552 4699 pela~

1985 4751 2054 4806 go
2085 4734 2522 4805 adnavigantem,
2555 4730 2920 4800 suscipiamus
2947 4767 2961 4792 ,
2986 4728 3208 4797 jamque
3237 4724 3422 4779 divino
3453 4739 3554 4779 suo

1986 4827 2079 4880 illo
2102 4824 2376 4881 desiderio
2397 4829 2769 4878 exsaturatum
2795 4820 3000 4890 pariter
3019 4857 3032 4882 ,
3088 4831 3152 4870 ac
3182 4815 3551 4870 beatissimam

1986 4919 2131 4972 illam
2171 4917 2494 4987 theologiam
2542 4914 2700 4970 nobis
2743 4913 3152 4972 advectantem,
3209 4922 3551 4972 recreemus;

1986 5012 2201 5082 ipsique
2234 5024 2540 5066 sermonem
2570 5009 2840 5078 reliquum
2877 5021 3275 5076 prosequamur
3307 5003 3373 5057 ad
3415 5018 3553 5073 pra:—

1987 5105 2236 5159 stitutum
2271 5103 2428 5158 nobis
2475 5117 2735 5172 scopum,
2787 5099 2879 5154 Dei
2931 5099 3121 5169 optimi
3166 5097 3366 5160 ductu,
3403 5101 3555 5149 certa

1987 5194 2198 5249 ratione
2232 5208 2452 5248 cursum
2480 5191 2808 5263 dirigentes;
2842 5198 2902 5244 ut
2944 5205 3012 5263 n_e
3059 5203 3320 5258 prorsus,
3369 5183 3434 5236 ad
3487 5198 3552 5235 ea

1987 5300 2105 5356 qum
2135 5286 2475 5349 incumbunt,
2510 5290 2564 5339 et
2591 5256 2902 5338 nostrarum
2927 5256 3318 5352 sunt—partium
3337 5316 3350 5339 ,
3378 5274 3554 5328 infru-

1986 5378 2142 5450 gil'eri
2190 5377 2518 5448 inutilesque
2572 5375 2934 5430 inveniamur.
2986 5372 3123 5428 Cum
3160 5373 3340 5439 itaque
3375 5366 3442 5419 ad
3485 5379 3553 5423 ea

321 5568 685 5670 "zlldﬂeg.
739 5586 910 5638 χχιιι,
954 5570 1039 5624 17.
1115 5571 1160 5652 9f
1193 5571 1364 5628 Exod.
1409 5589 1580 5637 xxxv,
1623 5573 1712 5627 17.
1787 5573 1835 5606 ἰ
1875 5617 1882 5627 Α

466 5655 519 5670 ..η
616 5656 685 5670 -.ρ
769 5641 835 5670 ιο
930 5642 976 5670 os
1016 5643 1036 5670 ι
1078 5641 1190 5670 φη..
1258 5659 1270 5670 ,
1335 5644 1413 5670 ιη.
1495 5645 1538 5670 η
1576 5643 1854 5670 nun-Lm

1990 5575 2183 5670 Lugii",
2227 5576 2282 5634 2.
2386 5578 2431 5613 ⁸⁸
2468 5577 2582 5634 ler.
2625 5592 2800 5648 nni,
2839 5575 2930 5631 24.
3008 5575 3054 5606 ’⁸
3095 5571 3284 5644 Ephes.
3326 5581 3378 5622 v1
3405 5605 3422 5633 ,
3463 5568 3553 5631 16.

411 5638 577 5694 Exod.
616 5638 722 5705 ix,
769 5641 856 5695 12.
930 5642 976 5675 ⁸⁸
1016 5643 1036 5695 Ι
1078 5641 1212 5696 Tim.
1258 5659 1293 5708 ι,
1335 5644 1419 5701 17;
1495 5645 1538 5678 ⁹⁹
1567 5643 1775 5700 Baruch
1795 5660 1877 5711 ιιι,
1904 5645 2099 5712 24,25.

393 5819 504 5892 (7‘2)
536 5821 900 5889 Φιλαλήθως.
933 5822 1262 5898 Φιλαλήθεις.
