3962 6278
329 383 434 439 575

1284 380 1341 435 S.
1384 375 1711 435 METHODII
1745 375 2053 434 EPISCOPI
2095 378 2183 433 ET
2221 372 2574 433 MARTVBIS

3440 383 3548 442 376

329 516 526 569 sacra,
554 501 942 560 sacerdotium,
1003 500 1394 571 prophetiaque
1418 542 1431 562 ,
1466 502 1666 570 pariter
1702 482 1889 556 vocata

2000 499 2182 573 κειτῷ
2230 500 2423 572 ἐνδόξῳ
2451 502 2543 555 καὶ
2585 497 2891 572 παρθενικῷ
2941 497 3115 573 θρόνῳ
3156 498 3382 571 ξυνωρὶς
3423 503 3549 556 θεο-

332 601 517 650 esscnt
543 594 887 664 gloriosoque
919 589 1160 661 Virginis
1181 591 1400 655 throno,
1427 592 1548 662 biga
1580 594 1691 646 haec
1717 607 1747 645 a
1781 591 1890 646 Deo

332 686 626 742 electorum
661 683 966 752 justorum;
1006 681 1295 751 Simeonis,
1331 684 1573 753 inquam,
1612 690 1665 738 et
1690 684 1886 751 Annae;

334 778 707 850 apertissimas
733 775 1016 845 utriusque
1048 777 1231 847 populi
1276 777 1538 847 imagines
1580 777 1635 830 in
1669 791 1729 831 se
1753 791 1891 847 pra:-

334 869 657 930 ferentium,
695 869 960 923 astitisset
986 867 1129 939 (nam
1160 884 1324 923 senex
1347 868 1564 939 quidem
1634 866 1891 923 Israeliti-

331 979 454 1019 cum
490 962 782 1033 populum,
813 961 1034 1031 jamque
1081 970 1449 1016 senescentem
1482 969 1536 1015 et
1557 958 1767 1015 effetam
1809 961 1888 1014 le-

332 1068 449 1123 gem
496 1052 815 1117 exhibebat;
866 1050 1025 1105 vidua
1067 1059 1244 1105 autem
1301 1049 1598 1104 Ecclesium
1650 1052 1888 1121 gentium

332 1149 559 1197 eatenus
586 1142 801 1197 viduam
821 1142 839 1211 )
861 1181 876 1205 ,
912 1156 1077 1197 senex
1102 1140 1350 1210 quidem,
1382 1155 1481 1194 ceu
1516 1141 1570 1193 in
1609 1140 1746 1209 legis
1770 1155 1890 1210 per-

335 1248 503 1296 sona,
558 1232 930 1287 dimissionem
974 1231 1284 1302 quaerebat;
1320 1230 1481 1284 vidua
1516 1237 1695 1284 autem
1725 1270 1740 1294 ,
1789 1245 1888 1284 ceu

242 1326 247 1329 ’
335 1325 587 1381 Ecclesiae
616 1337 902 1394 personam
928 1338 1141 1393 gerens,
1164 1321 1561 1376 confessionem
1589 1328 1778 1375 contra
1809 1320 1890 1374 af-

337 1415 542 1471 ferebat
576 1416 616 1482 ί,
641 1414 1194 1484 exspectantibusque
1242 1412 1668 1481 redemptionem
1712 1412 1767 1465 in
1802 1410 1891 1467 Je-

335 1508 603 1571 rusalem,
655 1521 776 1576 qua:
816 1506 883 1559 de
917 1506 1034 1574 ipso
1071 1513 1227 1558 erant
1253 1504 1499 1558 edicebat
1529 1524 1539 1558 :
1573 1503 1713 1558 sicut
1753 1503 1891 1558 bene

338 1608 501 1668 atque
531 1597 776 1668 apposite
804 1611 867 1650 ac
892 1595 1047 1650 valde
1070 1594 1284 1665 egregie
1305 1637 1320 1660 ,
1346 1604 1400 1650 et
1431 1593 1570 1649 festo
1595 1594 1724 1649 huic
1764 1610 1889 1649 cum

337 1691 528 1760 primis
554 1705 812 1760 congrua,
839 1689 907 1742 ab
944 1698 1171 1757 utroque
1200 1685 1368 1755 dicta,
1394 1687 1702 1756 conscripta
1741 1693 1887 1742 sunt.

336 1780 629 1852 Oportebat
661 1781 803 1835 enim
850 1795 913 1833 ac
949 1780 1106 1848 plane
1134 1793 1419 1834 necessum
1446 1786 1598 1843 erat,
1629 1784 1690 1833 ut
1723 1792 1890 1832 senex

1989 593 2201 664 κλήτων
2225 593 2470 661 δικαίων,
2529 594 2599 645 Συ
2607 592 2809 663 μεῶνός
2841 609 2981 663 φημι
3003 592 3097 646 καὶ
3120 593 3336 666 Ἀννης,
3364 594 3524 648 ἑκατέ

1990 702 2098 757 ρων
2127 684 2231 738 τῶν
2260 685 2402 740 λαῶν
2444 682 2837 755 ἐναργεστάτας
2879 684 3153 755 φερόντων
3193 683 3294 748 τὰς
3336 685 3550 749 εἰκόνας

1992 777 2050 848 (ὁ
2083 778 2180 849 μὲν
2211 776 2538 849 πρεσϐύτης,
2573 775 2664 829 τοῦ
2706 775 2919 846 Ἰσραὴλ
2952 776 3047 829 καὶ
3085 774 3177 828 τοῦ
3205 775 3548 848 γηράσαντος

1988 868 2148 938 νόμου
2170 885 2183 897 ·
2217 871 2249 938 ή
2281 867 2338 921 δὲ
2370 868 2532 939 χήρα,
2560 868 2658 937 τῆς
2692 865 2752 930 ἐξ
2776 865 2940 919 ἐθνῶν
2968 867 3144 938 χήρας
3173 866 3234 919 τὸ
3254 866 3548 939 τηνικαῦτα

2001 958 2358 1029 Ἐκκλησίας)
2384 976 2397 989 ο
2426 961 2455 1011 ὀ
2488 959 2586 1030 μὲν
2627 954 2720 1011 οὖν
2760 958 3068 1031 πρεσϐύτης
3108 958 3550 1030 προσωποποιού-

1993 1067 2151 1121 μενος
2180 1051 2270 1104 τὸν
2322 1050 2503 1120 νόμον,
2542 1050 2639 1122 τὴν
2687 1050 2950 1104 ἀπόλυσιν
2990 1050 3230 1123 ὲξεζήτει
3252 1067 3266 1080 ·
3299 1053 3332 1123 ή
3363 1052 3419 1104 δὲ
3448 1053 3547 1123 τῆς

2005 1142 2326 1212 Ἐκκλησίας
2355 1142 2766 1214 προσωποποιδς
2794 1143 2889 1214 τὴν
2925 1142 3258 1214 ἀνθομολόγη
3269 1160 3350 1195 σιν
3377 1159 3545 1213 προσ-

1988 1232 2207 1304 εκόμιζε
2243 1231 2376 1305 (75),
2418 1233 2649 1296 καὶτοῖς
2684 1231 3135 1304 ἀπεκδεχομένοις
3179 1233 3442 1304 λύτρωσιν
3487 1233 3545 1283 ἐν

2000 1323 2349 1396 Ἰερουσαλὴμ
2395 1322 2464 1377 τὰ
2508 1326 2635 1395 περὶ
2677 1322 2839 1377 αὑτοῦ
2877 1323 3086 1376 ἐλάλειο
3128 1322 3308 1386 καθὼς
3343 1322 3550 1393 γέγρα-

1990 1435 2118 1471 πται
2151 1413 2210 1472 εὖ
2255 1415 2400 1487 μάλα
2438 1416 2706 1488 ἁρμοδίως
2734 1415 2828 1468 καὶ
2855 1414 3144 1486 ὑπερφυῶς
3174 1413 3243 1467 τά
3266 1415 3392 1484 παρ’
3430 1414 3552 1466 ἑκα-

1988 1508 2167 1580 τέροις
2186 1507 2507 1580 λαλούμενα,
2526 1507 2620 1560 καὶ
2645 1510 2710 1578 τῇ
2739 1508 2859 1577 ἱερᾷ
2879 1506 3064 1577 τελετῇ
3096 1507 3382 1576 σύμφημα.
3405 1502 3549 1556 Ἔδει

1989 1600 2116 1672 γὰρ,
2152 1599 2256 1653 ἔδει
2292 1599 2476 1668 σαφῶς
2503 1599 2594 1652 τὸν
2636 1598 2732 1669 μὲν
2764 1598 3070 1670 πρεσϐύτην
3100 1598 3458 1667 ἐπιστάμενον
3474 1595 3550 1678 πὸ

1990 1692 2194 1761 φάσκον
2217 1691 2309 1744 τοῦ
2341 1692 2504 1762 νόμου
2543 1691 2842 1761 διάταγμα,
2878 1688 3071 1745 Αὐτοῦ
3113 1689 3390 1742 ἀκούετε·
3420 1684 3546 1740 κσίο

1989 1780 2164 1837 Πᾶσα
2194 1782 2365 1852 ψυχὴ
2409 1783 2540 1850 ἣτις
2566 1780 2643 1836 ἂν
2677 1781 2763 1851 μὴ
2803 1781 3035 1848 ἀκούσῃ
3083 1779 3287 1843 αὑτοῦ,
3339 1777 3552 1841 £450.10-

339 1873 593 1943 quidem,
625 1872 718 1942 qui
761 1871 893 1942 legis
930 1871 1059 1925 illud
1095 1871 1290 1927 scitum
1330 1871 1617 1941 perspicue
1665 1878 1885 1935 nosset,

2000 1874 2295 1942 9ρεύσεται
2337 1874 2405 1927 ἐκ
2446 1872 2551 1927 τοῦ
2600 1872 2752 1926 λαοῦ
2796 1868 3014 1939 αὐτῆς,
3066 1868 3320 1922 ἀπόλυσιν
3360 1867 3553 1936 ἐπιζη-

338 1980 447 2036 quo
484 1964 684 2019 dicitur
715 1983 728 2018 :
760 1962 939 2032 Ipsum
963 1965 1170 2026 audite;
1201 1968 1257 2016 et
1300 1980 1312 2015 :
1349 1960 1530 2018 Omnis
1560 1961 1738 2017 anima
1778 1978 1893 2033 qua:

340 2059 509 2127 ipsum
535 2075 635 2111 non
658 2057 904 2117 audierit,
936 2054 1370 2109 exterminabitur
1402 2053 1465 2109 de
1490 2053 1677 2123 populo
1698 2048 1795 2107 suo
1824 2054 1845 2084 ²
1874 2046 1905 2107 τ’

340 2148 618 2218 paciﬁcam
649 2163 679 2202 a
728 2147 883 2217 legali
928 2145 1273 2215 postmodum
1314 2144 1653 2200 institutione
1702 2143 1892 2201 dimis-

338 2243 545 2296 sionem
577 2246 860 2310 quaereret.
894 2237 1100 2293 Revera
1132 2237 1278 2292 enim
1308 2237 1507 2308 injuria
1531 2244 1614 2292 est
1640 2244 1694 2291 et
1724 2245 1892 2291 teme-

336 2333 472 2388 ritas
492 2373 506 2396 ,
532 2340 622 2395 ut,
653 2346 778 2400 rege
819 2337 1085 2400 praisente
1112 2343 1174 2383 ac
1201 2330 1360 2383 verba
1388 2328 1601 2397 publice
1627 2326 1888 2392 faciente,

339 2423 630 2480 satellitum
661 2422 856 2493 aliquis
890 2439 954 2478 ex
993 2422 1227 2477 adverso
1256 2421 1529 2490 loquatur,
1555 2428 1720 2491 utque
1757 2418 1892 2473 sub-

341 2513 439 2569 diti
473 2514 524 2569 ei
553 2513 767 2568 interim
805 2527 965 2568 aures
1008 2511 1440 2567 accommodent.
1471 2509 1576 2565 Sed
1598 2519 1652 2564 et.
1675 2508 1891 2563 viduam

337 2621 460 2677 quae
517 2604 675 2659 donis
728 2605 1113 2674 superantibus
1172 2603 1436 2657 rationem
1496 2609 1655 2656 aucta
1705 2606 1889 2663 esset,

340 2694 497 2750 festis
523 2693 754 2748 canticis
786 2691 897 2748 Deo
918 2693 1121 2763 gratias
1148 2709 1305 2764 agere
1331 2708 1430 2763 par
1464 2701 1580 2747 erat
1609 2709 1622 2744 :
1655 2690 1894 2760 adeoque

337 2784 449 2838 illic
490 2790 675 2854 gesta,
720 2784 824 2854 legi
876 2799 1116 2839 consona
1162 2796 1336 2840 erant.
1396 2784 1661 2839 Caeterum
1718 2796 1895 2852 operae

339 2878 572 2949 pretium
626 2876 827 2941 fuerit,
870 2877 1245 2946 inquiramus;
1283 2892 1408 2931 cum
1457 2875 1785 2946 prophetica:
1816 2875 1893 2928 in-

341 2967 696 3022 formationcs
721 2975 775 3022 et
796 2966 982 3037 figura:
1017 2968 1085 3023 ad
1111 2968 1338 3023 eximias
1379 2968 1542 3023 hasce
1569 2966 1892 3022 festivitates

340 3076 637 3132 congruam
666 3061 954 3131 quamdam
977 3062 1289 3117 relationem
1325 3062 1602 3123 baberent,
1638 3060 1895 3127 quemad-

340 3153 558 3207 modum
592 3151 796 3208 dictum
828 3162 911 3208 est
940 3194 954 3218 ,
982 3154 1254 3224 quomodo
1282 3153 1475 3208 domus
1510 3150 1659 3207 fumo
1688 3150 1893 3221 repleta

1992 1963 2154 2033 τῆσαι
2194 1964 2473 2036 εἰρηνικὴν
2512 1964 2609 2034 τῆς
2651 1961 2879 2033 νομικῆς
2930 1958 3316 2028 παιδαγωγίας.
3353 1958 3550 2031 Ὕὸρις

1994 2055 2099 2128 γὰρ
2150 2056 2264 2127 ἅμα
2322 2056 2414 2108 καὶ
2459 2053 2788 2125 προπέτεια,
2847 2051 3106 2122 βασιλέως
3148 2050 3409 2121 παρόντος
3456 2049 3552 2101 καὶ

1991 2147 2459 2220 δημηγοροῦντος,
2495 2146 2839 2217 ὑπασπιστὴν
2882 2144 3240 2215 κατάντικρυς
3269 2141 3560 2211 ἀντιφθέγ-

1992 2241 2204 2310 γεσθαι,
2244 2240 2338 2293 καὶ
2364 2239 2537 2310 τούτῳ
2568 2228 2837 2291 ἐπικλῖναι
2868 2238 2993 2299 τοὺς
3016 2235 3289 2306 ὑπηκόους
3321 2234 3389 2288 τά
3418 2229 3550 2288 ὦτα.

1996 2332 2143 2385 Ἔδει
2172 2330 2226 2383 δὲ
2259 2330 2354 2384 καὶ
2382 2329 2478 2401 τὴν
2510 2322 2714 2400 χήραν,
2747 2327 3010 2398 τυχοῦσαν
3048 2326 3155 2379 τῶν
3187 2326 3326 2397 ὑπὲρ
3375 2324 3551 2394 λόγον,

1992 2423 2061 2477 τά
2091 2423 2484 2494 εὑχαριστήρια
2508 2420 2761 2493 ἑορτάσαι
2784 2418 2860 2489 τῷ
2885 2417 3029 2489 Θεῷο
3058 2416 3196 2471 ὥστε
3238 2416 3448 2487 συνῳδὰ
3476 2415 3556 2487 τῷ

1993 2513 2139 2584 νόμῳ
2172 2512 2237 2566 τὰ
2266 2505 2369 2570 ὧδε
2393 2511 2707 2583 τελούμενα.
2757 2509 3113 2581 Ἐπιζητῆσαι
3143 2508 3201 2562 δὲ
3228 2507 3411 2561 λοιπὸν
3449 2505 3556 2561 τῶν

1993 2605 2305 2673 ἀναγκαίων
2329 2603 2654 2676 καθέστηκε,
2687 2602 2803 2665 πῶς
2836 2602 2943 2654 τῶν
2976 2598 3325 2671 προφητικῶν
3357 2615 3557 2670 προτυπ-

1995 2697 2241 2763 πὼσεων,
2299 2695 2481 2759 καθὼς
2547 2694 2939 2759 ἀποδέδεικται,
2982 2695 3075 2747 ἐπὶ
3121 2693 3228 2748 τῶν
3263 2691 3555 2762 ὲξαιρλτων

1994 2789 2196 2843 τούτων
2224 2787 2609 2860 ὲορτασμάτων
2648 2785 2928 2857 ἀραρότως
2966 2785 3193 2855 ἐχόντων
3225 2784 3321 2853 τὴν
3355 2783 3556 2850 ἀναφο·

1998 2883 2118 2953 ράν,
2154 2880 2357 2936 καπνοῦ
2400 2881 2488 2933 τὸν
2533 2876 2677 2932 οἷκον
2728 2876 3105 2949 ἐμπεπλῆσθαι
3138 2875 3412 2928 λέλεκται·
3461 2872 3555 2927 καὶ

1995 2973 2151 3028 τοῦτο
2183 2973 2245 3025 οὑ
2288 2969 2633 3043 παρενθέτως
2656 2969 2787 3040 (74),
2828 2968 2940 3023 ἀλλ’
2985 2967 3400 3037 ὲνσημάντρως,
3436 2961 3554 3017 ἀπὸ

1996 3064 2104 3133 τῆς
2127 3064 2413 3137 τρισαγίας
2439 3060 2642 3132 φωνῆς
2665 3062 2888 3130 φάσκων
2923 3062 2952 3113 ό
2982 3056 3295 3130 εἰσηγητὴς,
3322 3052 3398 3125 ἧς
3425 3051 3554 3108 ἐκέ-

1999 3171 2222 3224 κραγον
2265 3155 2314 3206 οι
2392 3152 2499 3206 τῶν
2558 3151 2892 3222 ἐπουρανίων
2960 3149 3175 3221 μύσται.
3254 3143 3560 3199 Ἀναλαδὼν

343 3244 513 3302 fuisse
540 3244 809 3301 referatur
849 3266 862 3302 :
898 3262 1001 3302 nec
1033 3247 1085 3301 id
1115 3247 1261 3302 velut
1306 3246 1628 3307 incidenter,
1680 3242 1773 3297 sed
1821 3242 1897 3297 si-

2000 3247 2041 3300 δ’
2082 3242 2202 3308 οὖν,
2233 3238 2277 3298 ὦ
2325 3244 2588 3315 φιλήκοε,
2646 3243 2743 3314 τῆς
2794 3241 3029 3312 ἱστορίας
3072 3239 3133 3292 τὸ
3185 3237 3555 3307 ἐπαγόμενον,

343 3323 593 3410 gnanter,
617 3339 792 3410 inquit
815 3341 1005 3395 doctor
1036 3340 1424 3411 prophetaque,
1455 3355 1488 3391 a
1509 3353 1625 3391 voce
1656 3343 1738 3390 ter
1759 3332 1898 3389 San-

233 3463 243 3473 -
341 3436 464 3484 ctus
519 3445 622 3499 qua
668 3432 971 3487 caelestium
1003 3430 1078 3485 illi
1127 3440 1313 3501 mysta:
1353 3427 1722 3483 clamabant‘.
1754 3424 1898 3481 Sane

340 3519 566 3589 hujusce
591 3522 668 3576 rei
718 3537 969 3587 causam,
1019 3521 1263 3577 studiose
1315 3520 1548 3585 auditor,
1585 3517 1895 3581 inveneris,

346 3611 503 3666 modo
529 3626 592 3667 ea
631 3628 750 3681 quae
786 3621 1184 3685 consequenter
1218 3612 1379 3668 habet
1418 3613 1662 3668 narratio
1709 3625 1899 3682 perce-

341 3702 504 3772 peris.
524 3702 727 3757 Audita
752 3705 920 3771 enim,
950 3705 1147 3776 inquit,
1169 3704 1417 3770 audietis,
1446 3713 1496 3760 et
1526 3721 1628 3758 non
1650 3702 1901 3772 intellige-

344 3794 447 3857 tis;
477 3803 529 3849 et
560 3796 784 3850 videntes
810 3796 1072 3864 uidebitis,
1096 3806 1271 3852 etnon
1299 3796 1621 3868 perspiciatis
1661 3796 1702 3851 ’⁵.
1740 3794 1899 3851 Post-

341 3899 505 3954 quam
533 3886 675 3940 enim
703 3887 889 3941 vesani
917 3885 1112 3952 Judaei,
1141 3887 1379 3959 prodigia
1401 3887 1636 3957 gloriosa
1660 3901 1777 3958 qua:
1796 3885 1903 3940 Do-

343 3977 516 4031 minus
544 3978 765 4044 ponebat
794 3995 949 4047 super
970 3988 1169 4035 terram
1188 3980 1229 4046 ⁵,
1251 3980 1393 4035 sicut
1414 3979 1687 4035 cecinerat
1711 3977 1899 4046 David,

345 4065 795 4135 conspexissent;
820 4067 1195 4137 vidissentque
1222 4067 1435 4138 signum
1464 4082 1531 4123 ex
1554 4065 1823 4136 profundo
1848 4073 1903 4122 et

344 4153 412 4209 de
438 4154 653 4209 excelso
673 4155 715 4219 ⁸,
749 4157 1094 4212 inconfusum
1121 4172 1455 4213 concurrens
1478 4157 1899 4229 indivisumque,

343 4246 798 4317 quemadmodum
863 4250 1026 4305 etiam
1055 4247 1224 4306 Isaias
1277 4251 1597 4320 praedixerat
1646 4269 1659 4305 :
1709 4266 1906 4320 nempe

344 4339 569 4397 Matrem
591 4357 754 4412 supra
779 4349 1030 4397 naturam
1054 4360 1070 4409 ;
1102 4342 1376 4412 fetumque
1397 4357 1559 4411 supra
1590 4344 1855 4398 rationem
1884 4361 1899 4397 :

346 4440 574 4489 matrem
616 4441 960 4500 terrestrem;
1009 4443 1063 4490 et
1114 4433 1282 4488 ﬁlium
1326 4433 1640 4489 caelestem:
1673 4448 1899 4499 novam,

345 4527 598 4596 inquam,
636 4524 730 4581 Dei
766 4526 868 4582 viri
900 4534 1170 4590 naturam,
1203 4523 1657 4596 puerperiumque
1685 4526 1902 4596 nuptia-

1996 3339 2247 3410 εὑρήσεις
2293 3336 2390 3407 τὴν
2432 3335 2630 3389 αἰτίαν.
2669 3331 2839 3401 Ἀκοῇ
2865 3331 2993 3403 γὰρ,
3024 3330 3207 3401 φησὶν,
3238 3327 3556 3391 ἀκούσητε,

1995 3430 2095 3484 καὶ
2117 3430 2188 3483 οὐ
2220 3426 2305 3496 μὴ
2340 3426 2566 3494 συνῆτε
2587 3441 2602 3451 ⁸
2648 3424 2747 3478 καὶ
2772 3421 3110 3488 βλέποντες
3138 3417 3431 3485 eum“,
3462 3410 3562 3467 καὶ

1998 3524 2070 3577 οὐ
2089 3521 2173 3591 μὴ
2206 3519 2389 3589 ἴδητε.
2421 3517 2572 3572 ’Ensl.
2592 3516 2769 3570 τοίνυν
2793 3510 2928 3568 εἶδον
2961 3510 3270 3581 ἀγνώμονες
3296 3503 3561 3561 Ἰουδαίων

2001 3614 2188 3676 παῖδες
2209 3611 2422 3681 τέρατα
2447 3608 2652 3675 ἔνδοξα,
2675 3605 2713 3661 ἁ
2744 3607 2909 3660 ἔθετο
2938 3607 2970 3658 ὁ
2995 3602 3138 3668 Θεὸς
3169 3600 3268 3655 ἐπὶ
3307 3597 3418 3666 τῆς
3448 3594 3563 3667 γῆς

2000 3704 2141 3759 κατά
2167 3704 2257 3756 τὸν
2295 3700 2527 3774 μελῳδὸν
2566 3698 2760 3753 Δαὸίδσ
2792 3697 3083 3751 ἐθεάσαντο
3107 3692 3165 3747 δὲ
3207 3690 3301 3745 καὶ
3340 3689 3562 3760 σημεῖον

2001 3798 2066 3851 ἐκ
2099 3795 2294 3867 βάθους
2325 3794 2418 3848 καὶ
2452 3792 2511 3856 ἐξ
2544 3789 2708 3860 ὕψους
2737 3789 2878 3844 κατά
2898 3787 3110 3841 σύνοδον
3142 3784 3443 3854 ἀσύγχυτον
3468 3781 3563 3843 καὶ

2001 3887 2300 3958 ἀδιαίρετον
2324 3926 2339 3951 ,
2372 3884 2429 3939 ὃν
2482 3882 2681 3955 τρόπον
2722 3877 3172 3953 προανεφὼνησεν
3215 3874 3438 3934 Ἡσαΐας
3480 3869 3564 3942 (τί

2000 3978 2191 4043 τοῦτο;
2229 3978 2440 4050 μητέρα
2464 3977 2606 4049 ὑπὲρ
2640 3976 2823 4045 φύσιν,
2863 3973 2955 4026 καὶ
2982 3970 3138 4024 τόκον
3194 3966 3334 4038 ὑπὲρ
3368 3965 3561 4033 λόγον’

2007 4071 2216 4143 μητέρα
2261 4071 2527 4139 ἐπίγειον,
2580 4069 2672 4124 καὶ
2720 4068 2833 4120 υἱὸν
2882 4064 3149 4136 οὐράνιον,
3177 4060 3368 4131 καινήν
3418 4072 3560 4129 φημι

2004 4164 2287 4236 θεανδρίαν
2307 4162 2443 4235 (75),
2478 4164 2571 4216 καὶ
2610 4161 2765 4232 λόχον
2812 4156 3182 4229 ἀπειρόγαμον
3214 4172 3229 4188 ο
3256 4149 3334 4210 ὧν
3372 4150 3425 4204 τί
3467 4149 3562 4203 καὶ

2003 4255 2195 4324 γένοιτ’
2217 4255 2282 4309 ἂν
2313 4253 2645 4325 ἐνδοξότερον
2683 4254 2776 4305 καὶ
2811 4246 3254 4322 περιδοητότερον
3287 4242 3431 4315 ἀμφὶ
3465 4239 3565 4311 τὴν

2004 4345 2269 4418 κτίσιν;)’
2302 4346 2397 4400 καὶ
2428 4345 2600 4399 ταῦτα
2633 4344 2972 4414 θεασάμενοι,
3004 4337 3313 4409 διετέθησαν
3363 4335 3439 4398 ὡς
3488 4331 3565 4403 μὴ

2006 4436 2366 4510 θεασάμενοι,
2428 4437 2722 4509 μύσσοντες
2759 4437 2853 4490 καὶ
2903 4430 3250 4502 ὑπτιούμενοι
3298 4425 3435 4498 πρὸς
3467 4421 3565 4493 τὴν

2005 4527 2236 4582 αῖνεσινο
2272 4527 2362 4582 διὰ
2406 4528 2563 4582 τοῦτο
2594 4526 2836 4599 ἐπλήσθη
2862 4527 2892 4579 ὁ
2930 4521 3077 4586 οἶκος
3109 4521 3208 4592 τῆς
3249 4516 3567 4588 καυχήσεως

344 4636 464 4675 rum
486 4636 681 4693 expers
713 4641 726 4676 :
770 4620 986 4693 quibus,
1016 4619 1147 4690 quid
1175 4632 1413 4687 unquam
1435 4616 1727 4687 gloriosius
1754 4617 1897 4671 circa

2004 4619 2184 4674 αὐτῶν
2208 4619 2434 4674 καπνοῦ.

347 4721 687 4779 creaturam,
721 4713 850 4784 quid
886 4727 1013 4767 vero
1039 4710 1305 4767 celebrius
1337 4708 1509 4779 possit
1548 4707 1703 4764 ﬁeri?
1747 4708 1893 4774 hac,
1924 4710 2142 4782 inquam
2164 4753 2182 4778 ,
2208 4713 2287 4769 illi
2325 4728 2449 4769 cum
2498 4713 2795 4776 vidissent,
2850 4708 3078 4781 perinde
3106 4704 3282 4761 aﬂ'ecti
3321 4707 3450 4760 sunt
3499 4712 3568 4755 ac

349 4809 398 4863 si
426 4825 535 4865 non
562 4810 860 4877 vidissent,
899 4809 1217 4866 claudentes
1253 4808 1473 4874 oculos,
1525 4813 1581 4863 et
1634 4805 1700 4862 ad
1741 4805 1954 4863 laudem
2006 4812 2207 4881 supini.
2250 4811 2540 4882 Pr0pterea
2581 4810 2785 4881 repleta
2848 4813 2935 4864 est
2981 4805 3177 4860 domus
3228 4794 3567 4872 gloriationis

346 4919 535 4959 eorum
603 4904 770 4960 fumo.

455 5001 473 5031 ί
517 4998 641 5056 Luc.
678 5016 738 5068 η,
768 5000 856 5058 38.
934 5003 955 5034 ¹
985 5001 1137 5059 Deut.
1169 5001 1430 5066 xvlll,i5,
1462 5001 1547 5056 19.
1623 5002 1643 5034 ³
1674 4999 1879 5067 Ιδαζνι,

2034 4999 2057 5031 ⁸
2089 4997 2217 5053 ibid.
2240 4996 2307 5064 9;
2337 4999 2451 5053 Act.
2494 5012 2683 5061 xxviii,
2708 4995 2799 5051 26.
2873 4994 2895 5026 ⁸
2918 4991 3069 5047 Psal.
3102 5005 3227 5055 ην,
3266 4988 3322 5044 9.
3397 4988 3419 5020 ⁸
3442 4985 3561 5042 ha.

347 5085 447 5134 vn,
473 5071 561 5125 11.

415 5162 527 5232 (75)
562 5163 680 5231 Τὴν
699 5165 1183 5234 ἀνθομολόγησιν
1206 5164 1606 5234 προσεκόμιζε.
1641 5164 1736 5218 Est
1763 5163 1905 5234 apud

346 5227 479 5286 Luc.
507 5227 961 5304 ἀνθωμολογεῖτδ,
991 5227 1134 5304 quod
1183 5227 1373 5289 auctor
1409 5227 1479 5288 ut'
1509 5227 1905 5289 ailversativum

346 5304 621 5359 subtiliter
648 5306 890 5374 exponit.
921 5303 1078 5373 Vulg.
1101 5314 1332 5369 tantum,
1378 5304 1741 5372 conﬁtebatur.
1778 5304 1907 5357 Era-

349 5388 522 5438 smus,
571 5374 749 5442 palam
793 5374 1141 5443 ronﬁlebalur
1173 5391 1191 5427 :
1224 5375 1369 5444 quod
1414 5377 1703 5445 adjectum,
1753 5389 1907 5429 sacer

350 5451 551 5509 textus,
587 5446 764 5499 minus
788 5444 987 5499 habere
1013 5445 1240 5497 videtur.

418 5512 529 5583 (74)
564 5514 953 5583 Παρενθέτως.
1000 5512 1159 5569 Velut
1201 5515 1652 5577 concomitanter;
1685 5514 1798 5568 ἀλλ’
1828 5517 1913 5567 ὲν-
1950 5532 1955 5541 ·

352 5584 696 5656 σημάντρως,
727 5601 823 5655 per
851 5600 909 5656 se
934 5594 985 5639 et
1010 5583 1325 5656 formalitcr,
1355 5600 1470 5656 seu,
1502 5594 1560 5656 ut
1590 5586 1657 5656 ab
1686 5587 1801 5651 ipsa
1823 5600 1915 5656 ea-

351 5653 473 5730 dem
503 5652 688 5730 causa,
728 5652 757 5708 a
800 5652 909 5725 qua
931 5670 1040 5730 non
1074 5652 1278 5730 iunius,
1308 5654 1399 5708 sed
1432 5655 1687 5723 splendor
1718 5655 1912 5730 et___cla—

355 5724 512 5793 ritus,
549 5724 871 5779 videbantur
911 5725 1129 5778 domum
1168 5726 1476 5793 repletum:
1512 5738 1671 5778 verso
1701 5725 1910 5779 scilicet

358 5789 412 5844 in
454 5807 739 5862 venenum,
788 5797 1021 5851 humana
1061 5789 1282 5863 malitia,
1330 5794 1669 5851 divinissimo
1703 5794 1793 5849 illo
1826 5809 1909 5848 rc-

2012 5165 2211 5220 medio.
2251 5161 2535 5222 Pantinus,
2580 5178 2681 5214 non
2711 5160 2904 5222 leviter,
2936 5175 2998 5213 ac
3026 5156 3162 5212 velut
3195 5152 3569 5224 perfunctorie,

2012 5234 2184 5289 levius
2224 5248 2354 5288 sane
2390 5231 2732 5303 defungentis
2764 5230 3013 5303 partibus
3043 5222 3204 5303 probi
3219 5222 3567 5303 interpretis.

2084 5306 2194 5371 (73)
2228 5301 2458 5369 Καινὴν
2483 5291 2813 5371 θεᾶνδρίαἱρ.
2844 5298 3016 5371 _Simili
3045 5291 3235 5371 phrasi
3263 5291 3573 5371 atqueDio-

2011 5362 2202 5447 nysius
2230 5362 2428 5447 Areop.
2465 5373 2622 5447 epist.
2654 5362 2811 5447 ληξια-
2833 5362 3391 5447 (ἶιιίυηιίθεοανδρικήν
3421 5362 3573 5435 ἐνέρ-

2014 5435 2166 5515 γέιαν
2196 5435 2405 5505 statuit,
2431 5435 2938 5515 quadamnimirum
2961 5435 3248 5491 reflexione
3276 5435 3572 5496 unitorum,

2014 5509 2080 5571 ex
2103 5515 2413 5570 arctissimo
2445 5509 2537 5564 illo
2562 5509 2721 5564 modo
2753 5509 2972 5563 unionis
3004 5522 3126 5561 vere
3147 5518 3430 5575 supremo;
3456 5515 3573 5555 ma-

2013 5587 2269 5640 nentibus
2297 5581 2651 5637 nihilominus
2678 5579 2935 5634 extremis
2958 5578 3013 5629 in
3036 5576 3138 5631 sibi
3168 5575 3400 5645 propriis
3427 5592 3439 5625 :
3467 5586 3575 5645 qua

2014 5656 2081 5710 de
2106 5672 2162 5710 re
2187 5653 2500 5708 doctissime
2537 5650 2914 5717 fusissimeque
2940 5648 2994 5699 in
3017 5641 3577 5716 eamdem'cpistolam

2012 5726 2324 5797 propediem
2354 5721 2595 5778 edendus
2620 5727 2808 5776 noster
2835 5717 3122 5772 Maximus.
