3962 6278
242 365 354 427 377

1321 371 1555 431 εειωο
1592 371 1682 428 DE
1720 372 2016 432 SIMEONE
2051 372 2140 432 ET
2173 372 2382 432 ANNA.

3364 384 3472 441 578

318 489 417 544 [Β.
448 490 562 546 Καὶ
594 493 823 567 ὲπείπεγ)
855 494 1095 565 ἥκουσαν
1118 495 1211 551 καὶ
1245 491 1399 563 αὖθις
1437 500 1576 573 πρὸς
1614 503 1681 573 τῇ
1710 499 1808 574 θέᾳ

1979 499 2097 557 X11.
2128 499 2211 556 Ad
2238 500 2356 556 haec
2369 513 2520 567 vero,
2540 513 2666 556 cum
2688 507 2884 572 printer
2901 502 3294 572 spectacuium,
3316 504 3482 560 etiam

240 579 341 635 τοῦ
384 581 526 655 ὑπὲρ
551 583 680 639 θέαν
706 585 1010 658 πρεσϐύτου
1038 574 1394 656 δικαίοτάτου,
1435 591 1626 666 ἀνδρὸς
1665 591 1814 658 ἀξιο-

241 671 460 737 πίστου,
496 675 690 749 ἀνδρὸς
714 676 1096 759 ἀξιοζηλὼτου,
1117 680 1309 754 ἀνδρὸς
1345 685 1814 757 πνευματοφόρου,

242 764 444 838 ἀνδρὸς
474 769 951 839 νομοδιδασκάλου,
982 773 1245 846 ἱερωσύνῃ
1273 777 1653 848 τετιμημένου,
1679 795 1815 850 προ-

244 858 449 931 φητείᾳ
492 858 1001 935 λελαμπρυσμένου,
1050 869 1114 938 τῇ
1148 865 1241 920 τοῦ
1270 854 1509 938 Χριστοῦ
1549 867 1723 924 ἐλπίδι
1754 870 1818 923 τὸ

240 946 347 1021 ζῇν
374 953 850 1024 παρεκτείναντος,
884 957 976 1010 καὶ
1017 957 1248 1012 θανάτου
1269 959 1488 1032 ὀφειλὴν
1530 961 1815 1033 ὑπερτιθε-

245 1043 434 1113 μένου,
470 1043 802 1115 χορεύοντος,
844 1048 1305 1120 ἀνευφημοῦντος,
1339 1069 1817 1126 συμμεταμορφω-

242 1133 412 1204 μένου
444 1138 512 1208 τῇ
539 1136 772 1210 θυμηδίᾳ⁴
790 1178 805 1203 ,
836 1138 955 1193 ὅλου
984 1139 1332 1213 ἐξεστηκότος
1355 1144 1474 1215 Θεῷ
1505 1144 1603 1216 τὴν
1649 1146 1817 1217 καλὴν

240 1220 527 1289 ἔκστασιν,
555 1225 936 1300 ἀλλοιουμένου
972 1231 1052 1295 εἰς
1101 1232 1329 1301 ἄγγελον
1370 1233 1468 1307 τὴν
1512 1234 1681 1308 καλὴν
1721 1234 1817 1289 ἀλ-

238 1313 483 1380 λοίωσιν,
505 1319 570 1389 τῇ
600 1319 836 1391 ἀμετρίᾳ
867 1321 965 1392 τῆς
993 1324 1165 1394 χαρᾶς
1182 1323 1250 1377 τὰ
1271 1325 1660 1399 εὐχαριστήρια
1679 1328 1814 1382 ἀνα-

240 1407 543 1480 μέλποντος
561 1427 575 1440 ο
603 1411 728 1480 Φῶς
750 1417 837 1480 εἰς
860 1415 1248 1486 ἀποκάλυψιν
1272 1417 1481 1486 ἐθνῶν,
1508 1421 1603 1474 καὶ
1629 1420 1816 1486 δόξαν

233 1497 396 1553 λαοῦ
429 1515 547 1554 σου
580 1502 817 1572 Ἰσραὴλ
846 1506 1306 1578 ἀνακηρύττοντος
1328 1525 1342 1539 ο
1379 1509 1470 1563 καὶ
1497 1511 1593 1580 οὐχ
1614 1510 1814 1566 εἴλοντο

124 1652 128 1655 _
234 1590 475 1645 ἀκοῦσαι
505 1592 575 1646 τὰ
624 1596 904 1664 ἀκουστὰ,
958 1600 1055 1653 καὶ
1106 1604 1219 1665 τοῖς
1263 1604 1602 1675 ἐπουρανίοις
1646 1622 1815 1677 προσ-

236 1682 488 1754 κυνητά’
528 1682 616 1738 διὰ
658 1684 817 1741 τοῦτο
842 1690 1084 1762 ἐπλήσθη
1117 1695 1146 1745 ὀ
1195 1688 1340 1758 οἶκος
1369 1695 1468 1767 τῆς
1494 1697 1816 1769 καυχήσεως

236 1775 425 1828 αὐτῶν
450 1777 679 1833 καπνοῦ.
707 1780 926 1845 Καπνὸς
953 1782 1028 1850 δὲ,
1053 1783 1219 1856 ὀργῆς
1237 1787 1460 1856 σημεῖον
1490 1787 1585 1841 καὶ
1607 1787 1817 1858 τεκμή-

238 1883 380 1940 ριον,
412 1868 487 1933 ὡς
516 1870 862 1943 γέγραπται·
905 1874 1100 1945 Ἀνέϐη
1138 1879 1369 1945 καπνὸς
1408 1880 1478 1933 ἐν
1518 1880 1667 1950 ὀργῇ
1708 1883 1816 1935 αὐ-
1843 1863 1888 1919 Β

235 1959 370 2026 τοῦ,
409 1960 506 2014 καὶ
536 1961 656 2031 πῦρ
684 1964 805 2019 ἀπὸ
844 1967 1169 2035 προσώπου
1217 1969 1403 2023 αὐτοῦ
1447 1971 1818 2042 καταφλεγῆ-

234 2068 442 2108 σεταν
483 2056 579 2109 καὶ
626 2057 684 2109 ἐν
728 2058 937 2131 ἑτέρῳ⁴ο
981 2061 1083 2114 Ἕν
1120 2060 1279 2116 ἔθνει
1330 2063 1559 2117 ἀπειθεῖ
1602 2063 1817 2120 ἐκκαυ-

239 2142 489 2210 θήσεται
513 2146 651 2215 πῦρ.
679 2146 857 2220 Ὅπερ
883 2147 947 2221 δὴ
990 2151 1267 2221 σημαίνων
1295 2153 1324 2205 ὁ
1359 2152 1564 2226 Κύριος
1600 2156 1658 2210 ὲν
1703 2158 1817 2221 τοῖς

239 2236 563 2309 σεϐασμίοις
602 2240 957 2310 Εὐαγγελίοις
987 2242 1139 2312 ἔλεγε
1172 2247 1286 2308 τοῖς
1323 2245 1630 2310 Ἰουδαίοιςο
1670 2246 1815 2302 Ἰδοὺ

235 2332 476 2400 ἀφίεται
511 2336 544 2388 ό
568 2329 732 2401 οἶκος
754 2333 922 2405 ὑμῶν
951 2336 1189 2406 ἕρημος.
1228 2337 1310 2409 Πῆ
1353 2337 1430 2391 δέ’
1455 2336 1705 2409 Πέμψας
1742 2341 1817 2395 τὰ

234 2426 653 2495 στρατεύματα
697 2426 882 2481 αὐτοῦ
910 2430 943 2481 ὀ
962 2428 1311 2495 βασιλεὺς,
1352 2428 1629 2485 ἀπώλεσε
1673 2431 1816 2499 τοὺς

235 2515 445 2584 φονεῖς
467 2517 761 2584 ἐκείνους,
795 2520 893 2572 καὶ
925 2519 1038 2588 τὴν
1062 2523 1241 2575 πόλιν
1267 2521 1463 2576 αὐτῶν
1482 2512 1825 2592 ἐνέπρησεν

236 2605 311 2658 ἐν
334 2606 499 2674 πυρί.
538 2605 723 2659 Ταῦτα
764 2608 863 2679 τῆς
907 2610 1203 2681 Ἱουδαῖκῆς
1232 2610 1515 2675 ἀπειθείας
1555 2613 1690 2683 πρὸς
1717 2613 1815 2683 τὴν

238 2703 528 2775 τριαδικὴν
571 2702 876 2773 δοξολογίαν
920 2705 1283 2761 ἐναντιώτατα
1303 2708 1371 2762 τά
1398 2707 1624 2763 ἔπαθλα.
1665 2707 1817 2760 Ἐπεὶ

241 2796 353 2868 γὰρ
377 2795 608 2868 ἡγιάσθη
635 2796 703 2850 τὰ
753 2796 966 2870 πέρατα
993 2799 1093 2871 τῆς
1129 2800 1221 2853 ὑπ’
1264 2800 1490 2873 οὐρανὸν
1512 2840 1527 2866 ,
1581 2800 1676 2854 καὶ
1720 2801 1816 2872 τῆς

240 2885 404 2959 δόξης
438 2890 641 2960 Κυρίου
672 2889 884 2962 πλήρης
923 2891 1148 2960 γέγονεν
1174 2893 1203 2944 ὁ
1247 2892 1502 2963 μέγιστος
1539 2888 1688 2956 οἶκος
1714 2895 1817 2966 τῆς

260 2979 583 3051 Ἐκκλησίας
609 2983 695 3036 διὰ
724 2982 813 3036 τοῦ
848 2984 1128 3055 τρισαγίου
1167 2984 1541 3057 κηρύγματος,
1570 2987 1646 3051 ὡς
1673 2987 1814 3062 ὕδωρ

240 3071 380 3127 πολὺ
412 3075 822 3129 κατακαλύπτον
852 3076 1154 3143 θαλάσσαςσ
1188 3079 1364 3151 ἀπέϐη
1402 3082 1500 3150 μὲν
1532 3081 1715 3144 αὐτοῖς
1744 3080 1813 3135 τὰ

237 3163 473 3237 ᾀδόμενα
492 3206 507 3231 ,
542 3166 936 3240 συνεϐεϐαιώθη
975 3169 1032 3222 δὲ
1075 3169 1152 3242 τῷ
1179 3171 1321 3224 τέλει
1348 3172 1496 3244 καὶὴ
1537 3173 1637 3245 τῆς
1676 3190 1811 3247 προ·
1838 3206 1880 3262 C

238 3258 469 3330 φητείας
494 3260 635 3333 ἀρχὴ
662 3261 793 3332 (76),
824 3264 1328 3337 ὲπισημηναμένου,
1378 3265 1631 3338 καθάπερ
1660 3265 1811 3320 λέλε-

239 3367 387 3417 κται,
430 3349 517 3406 διὰ
552 3352 647 3405 τοῦ
679 3352 992 3427 Πνεύματος
1021 3355 1115 3410 τοῦ
1145 3357 1383 3429 κήρυκος
1417 3358 1518 3430 τῆς
1557 3357 1812 3431 ἀληθείας

238 3443 296 3497 ὲν
329 3441 685 3515 ὑποδείγματι
711 3445 811 3517 τὴν
850 3446 1150 3518 μέλλουσαν
1177 3448 1443 3522 κακίστην
1472 3450 1675 3506 τούτων
1714 3470 1813 3509 κα-

236 3534 566 3606 ταστροφὴν,
595 3536 653 3590 ἐν
687 3531 768 3602 οἷς
796 3555 948 3610 φησι·
982 3537 1092 3595 Τοῦ
1114 3540 1392 3596 ἐνιαυτοῦ
1414 3536 1486 3597 οὗ
1515 3543 1813 3600 ἀπέθανεν

250 3622 429 3692 Ὀζίας
451 3629 484 3681 ό
506 3626 826 3696 βασιλεὺς,
850 3624 1013 3684 εἶδον
1041 3630 1150 3685 τὸν
1176 3632 1423 3699 Κύριον·
1455 3632 1531 3697 ὡς
1558 3633 1652 3689 τοῦ
1676 3636 1812 3689 ἀπο-

239 3713 434 3768 στάτου
471 3715 648 3779 Ὀζίου
679 3719 758 3780 είς
805 3718 1154 3790 παράδειγμα
1199 3718 1397 3784 παντὸς
1436 3720 1528 3774 τοῦ
1572 3723 1814 3777 ἀποστα-

234 3804 391 3860 τικοῦ
425 3805 692 3880 σώματος,
722 3803 810 3862 οἷά
838 3825 898 3862 τε
945 3810 1152 3882 κεφαλὴ
1194 3810 1382 3864 τούτου
1415 3812 1808 3884 τυγχάνοντος,

234 3897 712 3972 ἐπιλαμϐανομένου
733 3918 746 3931 ·
795 3900 855 3965 ὃς
891 3900 986 3956 καὶ
1030 3902 1187 3974 δίκην
1220 3903 1375 3968 τίσας
1411 3904 1514 3974 τῆς
1555 3906 1812 3973 αὐθαδίας

238 3990 546 4063 ἰσόρροπον,
577 3992 913 4063 ἐγκόλαπτον
941 3994 1016 4058 ὡς
1060 3995 1244 4068 χαλκῷ
1270 3995 1549 4068 ἀνδριάντι
1586 3998 1663 4071 τῷ
1686 4015 1810 4071 μετ-

238 4081 374 4154 ώπῳ
447 4081 795 4157 ἀπηνέγκατο
848 4084 948 4157 τὴν
992 4084 1140 4139 θείαν
1187 4086 1496 4156 ἀπόφασιν,
1561 4086 1810 4162 βδελυρίᾳ

233 4173 463 4248 λέπρας,
518 4177 619 4248 τῆς
666 4176 1074 4250 βδελυρωτάτης
1121 4179 1375 4245 ἀσεϐείας
1420 4179 1520 4246 τὰς
1579 4181 1811 4254 ἀμοιϐὰς

235 4269 400 4323 πᾶσιν
418 4270 878 4343 ἐπιδεικνύμενος.
911 4271 1195 4343 Θεοσόφως
1221 4273 1505 4347 τοιγαροῦν
1524 4315 1539 4341 ,
1573 4277 1638 4348 τῇ
1668 4290 1813 4346 παρ·

235 4359 487 4435 εξαγωγῇ
555 4363 654 4436 τῆς
708 4363 1000 4441 ἀχαρίστου
1056 4366 1411 4439 συναγωγῆς,
1454 4369 1552 4441 τὴν
1596 4369 1811 4422 ἀντεισ-

232 4454 459 4528 αγωγὴν
509 4440 952 4530 ἐποιήσατο’τῆς
1003 4458 1325 4533 εὐχαρίστου
1371 4440 1570 4534 Ἄννης
1622 4464 1651 4517 ὁ
1701 4462 1810 4517 τῶν

1917 594 2229 665 spectaculo
2258 593 2551 664 majorem,
2596 608 2780 650 senem
2827 594 3195 665 iustissimum
3242 597 3485 655 audivis-

1917 693 2070 754 sent;
2102 686 2279 741 virum
2310 685 2414 741 ﬁde
2441 685 2857 755 dignissimum,
2890 687 3067 741 virum
3117 688 3278 759 plane
3314 705 3485 746 temo-

1915 779 2119 834 latione
2138 777 2384 848 dignum,
2422 776 2597 831 virum
2621 776 2858 831 albatum
2886 777 3111 849 Spiritu,
3144 780 3322 835 virum
3350 782 3485 852 legis

1917 870 2225 934 doctorem,
2268 868 2589 925 sacerdotio
2620 869 2984 934 honoratum,
3037 871 3319 942 prophetia
3356 874 3486 928 rillu-

1917 969 2105 1023 strem.
2149 976 2245 1032 spe
2265 962 2333 1016 de
2363 960 2584 1016 Christo
2607 970 2872 1032 concepta
2932 963 3057 1018 vitae
3079 963 3280 1018 limites
3298 974 3486 1018 exten-

1916 1052 2166 1117 dentem,
2208 1052 2508 1121 mortisque
2559 1052 2798 1107 debitum
2831 1052 3168 1109 dill‘erentem
3223 1070 3237 1108 :
3284 1053 3481 1118 talem,

1916 1145 2167 1215 inquam,
2198 1157 2322 1197 cum
2342 1142 2645 1209 vidissent,
2677 1143 3039 1208 exsilientem,
3073 1143 3211 1199 bene
3231 1144 3482 1197 ominan-

1917 1245 2026 1293 tem
2045 1277 2061 1302 ,
2091 1237 2202 1308 prae
2236 1235 2423 1291 laetitia
2447 1235 2614 1289 animi
2645 1235 2699 1290 in
2726 1234 2956 1290 formam
2980 1235 3139 1289 aliam
3170 1242 3438 1290 mutatum
3460 1275 3479 1301 ,

1915 1330 2007 1402 qui
2032 1336 2182 1385 totus
2226 1327 2337 1384 Deo
2379 1328 2707 1384 excessisset
2752 1344 2982 1385 excessu
3029 1329 3174 1385 bono
3199 1331 3253 1399 7;
3283 1331 3375 1400 qui
3423 1332 3481 1385 in

1915 1424 2205 1495 angelum,
2250 1422 2392 1476 bona
2425 1422 2656 1492 quadam
2709 1422 3067 1487 alteratione,
3116 1424 3254 1479 alter
3304 1423 3484 1480 factus

1913 1515 2232 1582 transisset;
2264 1515 2466 1584 quique
2490 1528 2601 1584 pm
2631 1513 2812 1584 gaudii
2851 1514 3248 1579 immensitate,
3281 1516 3487 1571 eucha-
3548 1574 3553 1579 ,

1912 1609 2132 1664 risticos
2164 1606 2356 1662 modos
2382 1606 2740 1667 decantaret;
2777 1619 2840 1659 ac
2876 1603 3085 1659 Lumen
3101 1605 3170 1659 ad
3204 1607 3483 1662 revelatio.

1915 1718 2031 1757 nem
2060 1702 2308 1769 gentium,
2345 1707 2393 1755 et
2423 1699 2647 1769 gloriam
2685 1695 2851 1766 plebis
2890 1705 2994 1752 tua:
3034 1696 3209 1752 Israel
3226 1699 3271 1764 ⁸,
3302 1698 3490 1770 palam

1916 1795 2300 1850 renuntiaret:
2335 1808 2436 1847 nec
2480 1792 2562 1848 sic
2610 1799 2792 1846 tamen
2836 1792 2940 1847 sub
2978 1791 3221 1847 auditum
3262 1792 3482 1862 posita,

1917 1895 2079 1957 atque
2102 1886 2316 1957 superis
2339 1884 2472 1954 ipsis
2493 1882 2827 1939 venerationi
2863 1883 3136 1948 habenda,
3167 1883 3356 1940 audire
3382 1899 3482 1939 vo-

1916 1980 2162 2034 luerunt:
2187 1980 2537 2047 quamobrem
2553 1975 2746 2030 domus
2766 1974 3105 2046 gloriationis
3126 1990 3314 2030 eorum
3334 1976 3484 2032 fumo

1915 2070 2121 2139 repleta
2143 2073 2246 2121 est.
2271 2063 2368 2121 Est
2399 2078 2530 2118 vero
2565 2062 2747 2117 fumus
2779 2062 2994 2132 signum
3030 2062 3143 2127 iraa,
3165 2069 3491 2133 certumque

1916 2163 2317 2230 argumentum,
2351 2154 2492 2210 sicut
2513 2153 2774 2221 scriptum
2804 2159 2927 2207 est:
2963 2152 3213 2207 Ascendit
3231 2153 3407 2222 fumus
3428 2154 3485 2207 in

1915 2256 2000 2306 ira
2035 2250 2170 2319 ejus,
2197 2257 2247 2302 et
2269 2248 2409 2318 ignis
2441 2262 2475 2300 a
2508 2245 2645 2313 facie
2666 2243 2783 2314 ejus
2801 2245 3003 2299 exarsit
3033 2246 3076 2298 ’.
3110 2242 3175 2298 Et
3206 2244 3334 2299 alibi
3367 2263 3381 2299 :
3415 2242 3483 2298 In

1915 2351 2064 2414 gente
2094 2339 2388 2395 incredibili
2425 2336 2729 2393 exardescet
2775 2336 2910 2406 ignis
2943 2337 3009 2389 ¹⁰.
3049 2335 3206 2403 Quod
3237 2337 3397 2406 plane
3425 2337 3489 2391 in

1915 2430 2317 2487 venerabilibus
2339 2428 2649 2499 Evangeliis
2679 2426 2997 2497 signiﬁcans
3024 2426 3308 2493 Dominus,
3342 2428 3488 2484 dice-

1915 2525 2009 2580 bat
2031 2522 2234 2580 Iudaeis
2250 2542 2263 2578 :
2280 2521 2413 2576 Ecce
2440 2521 2760 2591 relinquetur
2787 2519 2973 2574 domus
2997 2528 3168 2575 vestra
3191 2518 3399 2575 deserta
3417 2520 3485 2576 “.

1914 2615 2038 2670 Alio
2070 2616 2198 2671 item
2224 2617 2349 2670 loco
2380 2631 2395 2669 :
2432 2614 2649 2669 Mittens
2673 2629 2767 2668 rea:
2793 2612 3052 2667 exercitus
3075 2628 3219 2674 suos,
3256 2611 3483 2683 perdidit

1915 2707 2208 2763 homicidas
2233 2708 2375 2773 illos,
2406 2717 2456 2762 et
2487 2707 2749 2762 civitatem
2775 2721 2956 2760 eorum
2983 2705 3253 2760 succendit
3277 2705 3388 2775 igni
3415 2706 3484 2760 ³³.

1914 2800 2091 2872 Atque
2111 2799 2381 2870 ejusmodi
2411 2799 2625 2870 quidem
2665 2808 2793 2858 sunt
2833 2798 3074 2855 Iudaica:
3106 2796 3481 2866 inﬁdelitatis,

1917 2906 2024 2962 qua
2058 2891 2283 2962 gloriam
2339 2888 2593 2945 Trinitati
2653 2891 2892 2947 debitam
2943 2890 3147 2946 referre
3193 2896 3480 2955 recusant,

1916 2981 2299 3038 adversissima
2331 2983 2572 3053 praemia.
2622 2982 2915 3055 Postquam
2964 2983 3108 3039 enim
3161 2983 3484 3039 sanctiﬁcati

1915 3082 2043 3132 sunt
2070 3074 2286 3131 termini
2332 3081 2525 3140 terrae,
2584 3075 2896 3148 repletaque
2949 3083 3032 3131 est
3064 3075 3236 3146 gloria
3270 3073 3484 3130 Domini

1914 3167 2150 3222 maxima
2178 3166 2374 3223 domus
2400 3166 2644 3223 Ecclesia
2687 3168 2730 3200 “
2755 3209 2771 3234 ,
2825 3169 2895 3224 ab
2948 3168 3132 3240 hymni
3179 3175 3264 3224 ter
3303 3166 3483 3224 sancti

1913 3260 2298 3332 praedicatione
2320 3302 2336 3327 ,
2382 3274 2482 3315 ceu
2518 3275 2659 3331 aqua
2708 3260 2877 3315 multa
2905 3261 3226 3332 cooperiens
3257 3259 3429 3314 maria
3464 3276 3480 3314 :

1911 3358 2212 3408 evenerunt
2243 3350 2462 3421 quidem
2492 3351 2628 3421 ipsis
2649 3366 2770 3422 qua:
2800 3358 2960 3407 antea
2984 3350 3201 3406 fuerant
3230 3364 3485 3421 praenun-

1913 3446 2080 3513 tiata;
2126 3443 2421 3515 prophetiae
2462 3450 2647 3499 autem
2689 3443 2904 3500 initium
2945 3443 3108 3499 etiam
3142 3441 3251 3498 ﬁne
3286 3440 3486 3498 contir-

1912 3543 2111 3591 matum
2127 3543 2242 3590 est:
2281 3533 2617 3606 signiﬁcante
2641 3574 2657 3601 ,
2689 3542 2749 3589 ut
2769 3533 2974 3590 dictum
3020 3544 3140 3601 est,
3183 3548 3280 3606 per
3311 3530 3485 3604 Spiri-

1912 3638 2061 3694 tum,
2094 3628 2242 3684 velut
2271 3627 2326 3683 in
2357 3626 2603 3697 exemplo
2627 3666 2642 3691 ,
2672 3641 2923 3698 praecone
2948 3628 3194 3683 veritatis
3216 3667 3232 3691 ,
3267 3625 3486 3680 teterri«

1913 3737 2057 3778 mam
2095 3737 2283 3778 eorum
2318 3720 2730 3776 subversionem
2779 3718 3051 3784 futuram,
3083 3717 3315 3774 dicendo
3357 3737 3370 3773 :
3414 3716 3484 3774 In

1913 3830 2051 3869 anno
2079 3831 2181 3886 quo
2212 3822 2449 3868 mortuus
2478 3820 2556 3865 est
2600 3810 2762 3866 Ozias
2790 3825 2884 3865 rex
2904 3850 2920 3875 ,
2950 3810 3058 3866 vidi
3099 3810 3383 3865 Dominum
3412 3811 3481 3876 “,

1911 3902 2170 3957 nimirum
2197 3906 2479 3971 assumpto
2494 3897 2629 3954 Ozia
2661 3907 2930 3969 apostata,
2953 3901 3099 3955 velut
3122 3901 3177 3956 in
3200 3902 3481 3974 exemplar

1910 3994 2077 4050 totius
2106 3992 2392 4064 apostatici
2425 3991 2672 4063 corporis
2697 4032 2712 4057 ,
2759 3998 2818 4046 ut
2854 3992 3013 4062 cujus
3049 4001 3213 4064 caput
3239 4000 3425 4063 ageret
3457 4013 3475 4051 :

1911 4088 2003 4159 qui
2045 4088 2242 4153 etiam,
2286 4102 2505 4158 pcnnam
2540 4087 2777 4143 debitam
2824 4086 3149 4145 temeritatis
3191 4088 3381 4154 luens,
3417 4089 3476 4146 in

1910 4179 2090 4235 fronte
2128 4187 2386 4249 tanquam
2431 4194 2579 4234 mnea
2607 4176 2842 4250 quadam
2890 4185 3105 4247 statua,
3150 4180 3480 4252 insculptam

1909 4270 2210 4342 reportavit
2236 4269 2433 4327 divinae
2483 4271 2708 4327 ultionis
2735 4271 3064 4342 potentiam,
3108 4270 3273 4343 lepra:
3317 4271 3482 4328 feedi-

1910 4370 2022 4419 tate
2053 4361 2368 4420 ftedissimze
2423 4363 2719 4435 impietatis
2764 4363 3178 4420 retributionem
3226 4366 3484 4423 omnibus

1911 4455 2193 4513 exhibens.
2241 4454 2583 4528 Quapropter
2615 4456 2799 4512 divine
2829 4457 3059 4528 sapienti
3090 4457 3333 4527 judicio,
3386 4459 3481 4529 qui

234 4547 593 4603 τελεσθέντων
630 4548 1019 4624 προγνὼστης,
1062 4548 1130 4626 ἦς
1158 4554 1252 4607 καὶ
1295 4552 1356 4606 τὸ
1396 4553 1564 4626 ὄνομα
1608 4557 1808 4630 προδη-

1914 4565 2096 4606 rerum
2130 4549 2394 4620 praescius
2417 4557 2555 4614 erat,
2588 4549 2871 4620 ejiciendaa
2897 4548 3124 4621 ingratze
3159 4547 3479 4622 Synagogaa,

235 4638 462 4695 λωτικὸν
503 4642 604 4714 τῆς
648 4642 792 4697 κατά
847 4644 1006 4716 χάριν
1049 4643 1288 4719 Χριστοῦ
1342 4644 1433 4699 τοῦ
1482 4646 1618 4701 Θεοῦ
1670 4648 1807 4704 δεδι-

237 4735 551 4808 καιωμένης
617 4736 940 4808 Ἐκκλησίας
988 4737 1047 4790 ὲν
1092 4736 1171 4808 τῷ
1217 4736 1571 4812 βαπτίσματι.
1638 4742 1808 4797 Ἀννα

173 4851 181 4859 ·
236 4828 346 4901 γὰρ
376 4827 551 4900 χάρις
576 4830 960 4902 ἑρμηνεύεται.

305 5010 404 5065 II".
452 5010 593 5064 Ἀλλ’
618 5010 781 5066 αὐτοῦ
807 5027 908 5065 που
931 5013 1045 5075 τοῖς
1070 5012 1401 5085 προσόρμοις
1443 5014 1805 5068 καταπαύσω-

239 5116 337 5174 μεν
364 5102 465 5175 τὴν
503 5102 870 5175 σταυροφόρον
898 5102 1099 5157 ὁλκάδα
1125 5103 1359 5176 (77),τοῢ
1396 5103 1577 5173 λόγου,
1618 5105 1707 5160 διὰ
1743 5104 1805 5161 τὸ

1909 4651 2079 4715 gratae
2134 4642 2281 4700 illius
2331 4642 2508 4698 viduae
2550 4643 2721 4696 Annae
2774 4641 3146 4698 inductionem
3192 4643 3483 4713 opposuit;

1910 4734 2070 4806 cujus
2102 4734 2186 4791 vel
2219 4750 2419 4789 nomen
2500 4733 2828 4798 Ecclesiam,
2859 4734 3063 4790 Christi
3095 4733 3189 4790 Dei
3220 4736 3395 4807 gratia
3425 4736 3481 4792 in

1910 4828 2181 4899 baptismo
2211 4827 2564 4897 justilicatam
2591 4865 2608 4892 ,
2644 4826 2957 4898 praesignat.
2986 4825 3123 4882 Nam
3158 4827 3315 4883 Anna
3355 4845 3483 4899 gra-

1910 4921 2043 4975 tiam
2079 4928 2255 4976 sonat.

1980 5011 2120 5067 Xlll.
2153 5011 2421 5068 Caeterum
2457 5011 2546 5067 hic
2569 5050 2585 5077 ,
2630 5020 2891 5082 tanquam
2940 5011 2997 5067 in
3045 5017 3204 5083 portu
3230 5052 3246 5078 ,
3301 5014 3484 5070 crucis

1912 5104 2196 5175 signaculo
2225 5104 2540 5175 insignitam
2571 5118 2765 5160 navem
2796 5104 3130 5177 appellentes
3150 5145 3166 5170 ,
3216 5106 3485 5162 orationis

306 5253 395 5331 '_l_l
420 5254 549 5331 _Cor.
585 5274 639 5320 v,
667 5257 779 5331 16η
844 5258 867 5290 ⁸
889 5258 1019 5314 Luc.
1048 5275 1110 5331 tl,
1132 5259 1223 5316 32.
1296 5263 1318 5294 ⁹
1356 5259 1508 5317 Ρεαι.
1541 5277 1673 5331 xvn,
1703 5262 1759 5318 9.

1914 5260 2068 5316 Eccii.
2103 5276 2242 5328 xm,
2269 5260 2319 5316 7.
2396 5261 2438 5293 ¹¹
2473 5258 2668 5318 Matth.
2694 5276 2857 5330 mn,
2886 5261 2976 5319 38.
3059 5263 3103 5295 “
3127 5259 3323 5318 Matth.
3345 5275 3482 5328 xvn,

242 5323 293 5382 7.
335 5327 378 5358 ¹³
410 5326 525 5383 Isa.
557 5345 633 5396 v1,
667 5330 721 5396 3,
753 5329 809 5385 4.
887 5331 932 5362 ¹⁵
958 5329 1090 5385 ibid.
1126 5333 1178 5386 1.

309 5467 422 5546 (Ἱϐ)
463 5471 540 5546 Ἡ-
566 5472 677 5542 τῆς
722 5474 1091 5546 προφητείας
1131 5474 1309 5544 ἀρχή.
1362 5474 1643 5546 Signiﬁcat
1695 5477 1811 5546 ipsa

240 5540 653 5617 ginsignatioue
684 5540 976 5614 temporis.
1011 5540 1114 5617 sub
1144 5540 1345 5617 annum
1385 5540 1569 5602 obitus
1604 5540 1746 5617 regis
1780 5562 1811 5600 a

243 5606 352 5686 Ι)εο
385 5606 653 5686 percussi,
690 5606 1045 5685 prophetasse
1077 5612 1305 5686 Isaiam;
1356 5617 1521 5686 idque
1565 5606 1810 5686 postmo-

244 5677 608 5760 dninr'clarius
635 5677 817 5760 verbis
846 5685 1135 5756 expressit,
1165 5677 1312 5756 qvod
1334 5677 1603 5757 intérpres
1632 5689 1812 5746 minus

248 5750 457 5806 videtur
485 5755 802 5812 advenisse.

313 5818 431 5895 (77)
471 5826 587 5895 Τὴν
630 5827 1043 5897 στιιυροερόρον
1072 5825 1320 5884 ὁλκάδα.
1357 5826 1716 5888 Distinximus
1756 5830 1810 5886 in

1912 5474 2358 5546 interpretatione
2395 5482 2455 5531 ut
2483 5475 2685 5531 habent
2713 5476 2920 5540 Graeca,
2957 5492 3066 5531 non
3100 5473 3479 5546 ut_Pautinus,

1908 5544 2288 5617 componendo
2315 5547 2395 5612 τὸ,
2423 5547 2516 5601 τοῦ
2549 5545 2730 5616 λόγου,
2757 5563 2879 5602 cum
2904 5546 3119 5603 ὁλκάδα.
3153 5544 3292 5611 Quid
3316 5558 3482 5614 porro

1911 5618 2001 5673 hic
2040 5616 2240 5692 arma
2275 5618 2638 5692 παυροφὸρον
2685 5618 2970 5692 intelligat,
3008 5618 3151 5692 haud
3176 5619 3243 5673 ita
3266 5633 3482 5691 perspe.

1911 5696 2060 5744 ctum
2092 5689 2377 5758 habuerim
2410 5687 2427 5744 Ξ
2456 5687 2561 5744 nisi
2595 5688 2733 5744 forte
2758 5692 2831 5742 ita
2861 5687 3015 5758 dicit,
3048 5690 3175 5758 quia
3206 5687 3315 5741 tota
3341 5687 3481 5758 repa-

1912 5706 2060 5744 cwm
2092 5706 2377 5743 nauuerim
2410 5709 2423 5744 :
2456 5706 2561 5744 nisu
2595 5706 2733 5744 ιρι-ιε
2758 5706 2831 5742 ua
2861 5706 3015 5753 uicu,
3048 5706 3175 5758 quia
3206 5706 3315 5741 una
3341 5706 3381 5739 π
3418 5707 3480 5751 at-

1912 5757 2292 5831 ypatsiabzec
2332 5768 2594 5830 gestaque
2638 5756 2961 5831 hie_o_mnia,
2993 5766 3048 5813 et
3077 5757 3222 5831 olim
3250 5706 3480 5831 prophe-

1914 5823 2024 5886 tata
2058 5829 2124 5887 ab
2156 5827 2314 5901 Isaia,
2335 5823 2583 5887 vcrucém-
2609 5826 2926 5897 respiciunt,
2984 5842 3104 5897 qua:
3154 5823 3481 5885 fuit—Judaei:
