3962 6278
410 365 522 427 579

1312 366 1370 422 S.
1415 364 1745 422 METHODII
1782 363 2086 421 EPISCOPI
2127 363 2214 419 ΕΤ
2244 360 2598 418 MARTYRIS

3523 353 3634 410 330

409 492 530 548 vela
559 505 669 562 qu.)
699 505 832 546 suus
869 487 944 542 illi
977 485 1173 542 modus
1200 487 1498 551 consistat,
1547 486 1960 551 contrahamus;

2070 483 2378 555 σύμμετρον
2402 482 2470 536 τὰ
2508 481 2649 535 ἱστία
2678 477 3022 551 χαλάσαντες,
3079 475 3169 529 καὶ
3203 473 3374 546 μικρά
3409 489 3529 527 τινα
3553 472 3631 536 ὡς

408 581 458 637 si
493 581 654 636 modo
687 580 857 649 prius,
891 577 1088 646 quibus
1119 577 1332 632 licuerit
1363 577 1540 632 verbis
1567 577 1808 646 pauculis
1832 618 1848 643 ,
1891 578 1968 630 cio

409 672 628 726 nitatem
661 670 835 740 magni
861 669 1003 723 illius
1035 667 1185 738 Regis
1207 669 1270 731 η,
1303 682 1410 721 una
1438 682 1562 722 cum
1594 667 1967 724 ecclesiastico

410 761 631 831 populo,
660 767 912 827 tanquam
949 759 1140 828 spiritu
1168 765 1460 826 praesentes
1494 772 1557 812 ac
1582 772 1687 811 una
1716 772 1839 812 cum
1871 773 1968 827 po-

409 851 531 907 sitis
553 850 666 904 illic
698 849 1106 904 houorabilibus
1139 847 1387 910 Patribus
1407 863 1470 901 ac
1493 847 1749 903 fratribus
1770 849 1964 904 festum

409 939 552 994 diem
588 948 641 992 et
664 945 991 993 conventum
1027 944 1280 1006 agentes,
1317 936 1454 991 lzrtis
1496 937 1721 993 vocibus
1763 939 1966 993 saluta-

407 1032 670 1087 verimus.
706 1028 975 1093 Salvesis,
1005 1029 1188 1082 civitas
1218 1027 1368 1098 Regis
1400 1031 1612 1098 magni,
1653 1029 1707 1082 in
1747 1045 1854 1099 qua
1886 1045 1968 1086 sa-

407 1125 538 1180 lutis
578 1131 780 1178 nostra:
815 1130 1152 1179 sacramenta
1199 1133 1573 1178 consummata
1604 1132 1752 1179 sunt.
1785 1124 1963 1190 Salve,

405 1225 666 1272 terrestre
694 1216 890 1270 cmlum
915 1254 932 1280 ,
967 1213 1096 1269 Sion
1133 1214 1258 1268 urbs
1301 1213 1556 1284 deinceps
1583 1215 1809 1271 Domino
1839 1217 1968 1286 ﬁde-

406 1309 472 1362 lis
513 1308 578 1363 η.
615 1306 803 1372 Salve,
837 1313 893 1361 et
938 1307 1261 1370 illuminare,
1289 1305 1622 1373 Jerusalem,
1667 1327 1786 1364 nam
1831 1311 1966 1364 venit

403 1398 604 1454 Lumen
632 1407 779 1452 tuum
804 1401 843 1430 ¹⁷
869 1415 882 1452 :
916 1399 1123 1454 Lumen
1155 1402 1564 1470 sempiternum,
1591 1402 1793 1458 Lumen
1826 1421 1966 1458 nun-

403 1508 568 1564 quam
601 1506 711 1546 non
743 1491 1062 1546 duraturum
1085 1532 1100 1556 ,
1135 1491 1342 1548 Lumen
1385 1509 1728 1565 supremum,
1761 1495 1966 1552 Lumen

405 1584 650 1639 materiae
669 1599 862 1652 expers
888 1623 904 1646 ,
934 1583 1140 1638 Lumen
1169 1585 1411 1653 ejusdem
1445 1602 1567 1642 cum
1596 1587 1707 1643 Deo
1729 1597 1782 1644 et
1807 1587 1966 1645 Patre

403 1677 679 1739 essentia,
708 1675 914 1730 Lumen
946 1677 1090 1746 quod
1115 1685 1196 1732 est
1222 1679 1278 1731 in
1303 1676 1512 1747 Spiritu
1559 1687 1612 1735 et
1649 1682 1706 1736 in
1744 1698 1852 1751 quo
1883 1690 1966 1738 est

403 1768 597 1833 Pater,
628 1767 838 1823 Lumen
867 1768 1180 1825 illuminans
1211 1771 1405 1824 saacula
1427 1810 1442 1834 ,
1489 1769 1693 1827 Lumen
1721 1780 1832 1827 tum
1871 1790 1964 1828 su-

405 1859 781 1931 permundana
834 1867 948 1913 tum
989 1859 1261 1914 mundana
1311 1861 1666 1926 illuminans,
1715 1862 1964 1920 Christus

405 1967 569 2007 verus
616 1952 705 2006 ille
751 1950 892 2005 Deus
935 1958 1141 2006 noster.
1210 1949 1467 2014 Salvesis,
1524 1951 1717 2007 civitas
1776 1962 1964 2008 sancta

405 2053 568 2111 atque
589 2042 759 2096 electa
794 2040 1040 2095 Domino.
1055 2041 1160 2111 Age
1178 2041 1231 2095 in
1257 2042 1438 2096 laetitia
1463 2041 1580 2096 dies
1613 2041 1776 2097 festos
1801 2052 1922 2099 tuos
1947 2062 1961 2099 :

404 2149 504 2188 nec
532 2134 674 2186 enim
707 2132 966 2202 adjicient
1009 2142 1069 2187 ut
1107 2141 1466 2189 veterascant.
1529 2133 1722 2200 Salve,
1773 2137 1962 2194 civitas

412 2222 758 2289 felicissima;
801 2223 1032 2292 gloriosa
1068 2225 1212 2279 enim
1245 2224 1388 2279 dicta
1409 2225 1609 2280 suntde
1632 2235 1679 2281 te
1709 2228 1781 2291 '3;
1836 2243 1962 2283 nam

401 2311 698 2367 sacerdotes
739 2313 815 2365 tui
842 2311 1126 2366 induantur
1151 2313 1442 2382 justitiam,
1481 2324 1530 2368 et
1565 2317 1734 2370 sancti
1761 2318 1840 2370 tui
1872 2332 1964 2371 ea:-

400 2403 688 2456 sultatione
726 2402 1066 2456 exsultabant
1111 2404 1188 2468 ‘9;
1231 2405 1574 2474 mendicique
1621 2407 1696 2460 tui
1750 2414 1964 2461 satura»

403 2494 606 2560 buntur
633 2494 884 2562 panibus.
919 2493 1078 2548 Salve
1119 2503 1174 2549 et
1211 2495 1393 2549 laetare
1413 2535 1428 2559 ,
1459 2494 1794 2564 Jerusalem;
1827 2513 1963 2567 quo-

401 2583 549 2636 niam
584 2582 813 2651 regnavit
846 2581 1104 2637 Dominus
1130 2584 1182 2637 in
1214 2585 1382 2638 medio
1429 2587 1506 2639 tui
1535 2586 1580 2617 ὀ
1607 2606 1620 2640 :
1657 2586 1918 2642 Dominus
1943 2628 1958 2652 ,

402 2677 624 2744 inquam
646 2713 664 2740 ,
693 2674 816 2738 ille,
852 2677 945 2745 qui
984 2675 1129 2730 nuda
1161 2683 1322 2747 atque
1371 2676 1717 2732 immateriali
1755 2677 1962 2734 Deitate

400 2771 648 2818 nostram
679 2771 930 2818 naturam
989 2765 1268 2836 ingressus
1321 2773 1433 2832 est,
1484 2768 1658 2838 deque
1710 2767 1960 2839 virginali

401 2863 558 2909 utero
587 2854 843 2910 ineffabili
886 2857 1098 2913 ratione
1142 2873 1358 2913 carnem
1407 2859 1580 2912 induit
1633 2880 1646 2914 :
1703 2859 1961 2917 Dominus

402 2947 492 3002 ille
514 2947 606 3018 qui
637 2949 843 3004 nullius
867 2958 1146 3019 praeterea,
1186 2966 1346 3020 quam
1375 2949 1503 3005 Ada:
1527 2952 1673 3008 illius
1703 2954 1963 3024 supplan-

399 3038 499 3092 tati
547 3055 580 3095 a
630 3047 910 3109 serpente,
966 3041 1371 3110 conspersionis
1416 3043 1762 3112 participium
1815 3043 1960 3097 iniit.

403 3126 527 3183 Non
552 3129 880 3198 apprehensis
912 3131 1058 3185 enim
1090 3131 1287 3201 angelis
1315 3133 1357 3163 ¹¹
1381 3175 1394 3198 ,
1437 3133 1504 3188 iis
1526 3171 1540 3194 ,
1572 3132 1794 3202 inquam
1817 3173 1832 3197 ,
1867 3133 1959 3202 qui

403 3221 724 3291 praeclarum
774 3221 928 3274 illum
979 3221 1224 3276 ordinem
1272 3229 1324 3275 et
1372 3229 1570 3277 statum
1605 3238 1635 3276 a
1692 3223 1961 3294 principio

400 3314 737 3385 assignatum
768 3328 876 3368 non
911 3313 1319 3374 deseruissent,
1351 3314 1417 3368 ad
1449 3329 1548 3369 nos
1577 3330 1749 3384 usque
1777 3314 1960 3370 Domi:

399 3423 504 3461 nus
530 3422 588 3462 se
618 3406 930 3474 inclinavit;
987 3407 1074 3461 ille
1107 3422 1321 3477 semper
1363 3407 1418 3460 in
1461 3406 1567 3462 Deo
1612 3406 1771 3462 Patre
1818 3407 1963 3464 exsi-

401 3507 552 3552 stens
575 3496 719 3552 Deus
741 3496 996 3553 Verbum.
1036 3497 1105 3550 At
1131 3513 1303 3566 neque
1336 3513 1528 3553 rursus
1554 3513 1648 3553 eos
1682 3499 1776 3568 qui
1814 3498 1963 3555 deci-

399 3590 608 3645 dissent
662 3605 692 3643 a
737 3591 859 3645 luce
894 3591 1190 3646 seeleratos
1219 3591 1490 3646 daemones
1533 3599 1874 3656 restaurare,
1906 3593 1962 3646 in

398 3682 660 3736 mundum
687 3683 868 3750 venit;
902 3692 994 3736 aut
1025 3683 1184 3736 etiam
1218 3682 1508 3752 aliquando
1531 3692 1957 3750 restauraturus,

399 3781 459 3826 ut
508 3773 847 3843 impiissimis
904 3773 1166 3828 teterrimi
1220 3772 1421 3828 diaboli
1482 3776 1726 3844 patronis
1782 3775 1957 3830 visum

401 3867 536 3932 fuit;
559 3868 652 3920 sed
683 3883 808 3920 cum
841 3883 1015 3922 semen
1039 3867 1264 3920 Abraha:
1288 3907 1302 3932 ,
1330 3868 1486 3937 juxta
1511 3868 1652 3938 quod
1680 3869 1959 3923 divinissi-

399 3972 523 4010 mus
556 3955 757 4011 Paulus
788 3959 884 4023 ait,
902 3973 1073 4028 eoque
1102 3959 1416 4014 universum
1447 3975 1616 4030 genus
1643 3960 1960 4028 humanum,

402 4047 782 4100 universorum
824 4049 913 4102 ille
935 4060 1146 4103 creator
1174 4058 1227 4104 et
1257 4050 1479 4119 plastes,
1503 4051 1957 4120 apprehendisset,

396 4142 538 4194 citra
599 4142 951 4196 mutationem
997 4141 1173 4196 fartus
1220 4151 1303 4195 est
1349 4142 1510 4197 homo
1538 4162 1553 4199 :
1585 4152 1642 4198 ut
1675 4160 1742 4199 ex
1789 4145 1960 4215 ipsius

396 4229 679 4284 nobiscum
711 4232 1112 4295 communione,
1133 4239 1424 4302 nostraque
1443 4233 1680 4288 vicissim
1700 4234 1765 4288 ad
1784 4234 1958 4305 ipsum

396 4321 712 4376 accessione
738 4323 945 4390 peccati
981 4323 1034 4375 in
1068 4338 1166 4375 nos
1200 4324 1464 4392 ingressio
1503 4327 1807 4390 sisteretur,
1839 4327 1959 4395 ejus

397 4413 656 4484 paulatim
685 4413 866 4468 fractis
900 4414 1148 4480 viribus;
1201 4413 1428 4484 ipsoque
1466 4431 1603 4471 cera:
1648 4418 1822 4472 instar
1856 4419 1956 4472 ab-

2065 571 2175 628 οίόν
2201 593 2260 628 τε
2285 574 2685 646 χαιρετίσαντες
2715 570 2828 639 τὴν
2851 571 3031 622 πόλιν
3051 567 3156 622 τοῦ
3184 565 3488 630 Βασιλέως
3519 562 3628 618 τοῦ

2058 664 2346 734 μεγάλου,
2375 665 2490 734 ἅμα
2516 662 2592 733 τῷ
2621 657 3051 731 ἐκκλησιαστικῷ
3082 657 3216 727 λαῷ,
3239 656 3314 720 ὡς
3353 654 3430 726 τῷ
3466 650 3632 707 πνεύ-

2068 775 2194 828 ματι
2239 756 2613 828 συμπαρόντες
2633 794 2648 818 ,
2680 752 2773 808 καὶ
2818 749 3258 824 συνεορτάζοντες
3297 748 3408 810 τοῖς
3450 746 3625 797 ἐκεῖσε

2063 849 2411 922 τιμιωτάτοις
2441 849 2679 919 πατράσι
2704 846 2796 899 καὶ
2822 844 3086 913 ἀδελφοῖς.
3119 838 3416 912 Χαίροις,ή
3449 837 3626 902 πόλις

2064 941 2169 994 τοῦ
2201 939 2466 1010 μεγάλου
2519 935 2840 1000 Βασιλέως,
2870 936 2927 987 ἐν
3021 933 3121 1002 τῆς
3165 929 3435 1000 σωτηρίας
3468 925 3626 997 ἡμῶν

2063 1030 2506 1102 ἐτελεσιουργήθη
2545 1029 2832 1100 μυστήρια.
2879 1023 3166 1096 Χαίροις,ὁ
3200 1020 3435 1088 ἐπίγειος
3461 1019 3626 1089 obpa-

2064 1123 2173 1186 νὸς,
2198 1121 2334 1174 Σιὼν
2363 1123 2538 1186 πόλις
2575 1117 2759 1186 πιστὴ
2791 1115 2884 1170 τοῦ
2913 1111 3097 1166 λοιποῦ
3136 1111 3212 1182 τῷ
3247 1110 3454 1181 Κυρίῳ.
3485 1108 3623 1163 Χαί-

2067 1230 2198 1284 ροις,
2234 1212 2326 1266 καὶ
2360 1209 2623 1281 φωτίζου,
2659 1205 3070 1277 Ἰερουσαλήμο
3102 1204 3235 1271 ἣκει
3261 1200 3371 1272 γάρ
3407 1215 3521 1255 σου
3555 1199 3624 1254 τό

2064 1306 2192 1373 Φῶς
2216 1344 2230 1358 .
2259 1303 2376 1367 Φῶς
2400 1303 2461 1355 τὸ
2489 1301 2672 1365 ἀΐδιον,
2703 1299 2821 1362 Φῶς
2843 1297 2904 1351 τὸ
2931 1297 3172 1360 ἀὲνναον,
3204 1293 3324 1358 Φῶς
3359 1293 3420 1347 τὸ
3451 1293 3624 1364 ὑπέρ-

2063 1412 2242 1460 τατον,
2272 1394 2390 1458 Φῶς
2415 1393 2474 1446 τὸ
2501 1392 2680 1456 ἀῦλον,
2709 1391 2827 1453 Φῶς
2851 1389 2910 1442 τὸ
2939 1387 3218 1460 ὁμοούσιον
3241 1384 3335 1439 τοῦ
3360 1383 3494 1438 θεοῦ
3529 1386 3625 1441 καὶ

2064 1488 2311 1559 Πατρὺς,
2355 1485 2474 1548 Φῶς
2502 1483 2563 1536 τὸ
2606 1485 2662 1536 ἐν
2690 1482 2767 1552 τῷ
2813 1479 3089 1550 Πνεύματι
3124 1477 3266 1550 (78),
3302 1478 3395 1530 καὶ
3446 1478 3504 1529 ἐν
3528 1469 3623 1544 ᾧὸ

2065 1576 2254 1647 Πατήρ
2277 1591 2289 1604 ·
2317 1573 2435 1637 Φῶς
2467 1572 2525 1625 τὸ
2574 1572 2814 1641 φωτίσαν
2841 1569 2968 1632 τοὺς
2996 1568 3214 1631 αἰῶνας,
3257 1565 3372 1629 Φῶς
3411 1566 3472 1619 τὸ
3513 1583 3622 1636 φω-

2064 1670 2216 1722 τίσαν
2263 1665 2330 1720 τά
2381 1665 2724 1737 ὑπερκύσμια
2774 1665 2867 1720 καὶ
2924 1661 2991 1714 τά
3035 1661 3333 1732 ἐγκόσμια,
3388 1660 3622 1731 Χριστὸς

2064 1757 2311 1829 ἀληθινὸς
2347 1756 2504 1829 ἡμῶν
2533 1755 2684 1819 Θεός.
2714 1756 2957 1827 Χαίροις,
2984 1753 3133 1816 πόλις
3165 1753 3312 1820 ἁγια,
3344 1752 3435 1804 καὶ
3465 1751 3618 1804 ἐκλε-

1996 1838 2036 1893 Β
2063 1851 2297 1921 λεγμὲνη
2318 1848 2394 1919 τῷ
2415 1847 2628 1920 Κυρίιιν
2651 1844 2872 1919 ἐόρταζε
2897 1848 2953 1899 ἐν
2979 1845 3281 1917 εὐφροσύνῃ
3304 1843 3400 1907 τὰς
3429 1845 3622 1914 ἑορτάς

2066 1960 2180 2007 σου,
2212 1943 2267 1996 αἳ
2296 1943 2354 1997 ού
2388 1942 2463 2014 μὴ
2494 1940 2769 2014 προσθῶσι
2805 1938 3026 1992 διελθεῖν
3049 1940 3126 2002 εἰς
3163 1937 3458 1990 παλαίωσιν
3485 1934 3617 2006 (79).

2063 2037 2314 2106 Χαίροις,
2367 2033 2516 2096 πόλις
2564 2034 2597 2104 ἡ
2643 2029 3050 2099 πανευδαίμων
3082 2029 3162 2080 ὅτι
3210 2026 3621 2095 δεδοξασμένα

2061 2125 2327 2195 ἐλαλήθη
2359 2123 2492 2192 περὶ
2529 2122 2661 2177 σοῦ.
2696 2125 2758 2175 Ol
2788 2120 2896 2193 γὰρ
2931 2119 3096 2188 ἱερεῖς
3127 2134 3240 2174 σου
3265 2118 3618 2171 ὲνδύσονται

2061 2215 2471 2282 δικαιοσύνην,
2501 2213 2596 2266 καὶ
2630 2215 2683 2266 οἱ
2719 2210 2874 2264 ὅσιοί
2902 2225 3015 2263 σου
3049 2208 3399 2277 ἀγαλλιάσει
3433 2208 3616 2275 ἀγαλ-

2060 2307 2391 2370 λιὰσονται,
2410 2307 2571 2359 καὶοὶ
2603 2305 2801 2375 πτωχοί
2826 2321 2917 2357 σου
2946 2302 3396 2375 χορτασθήσονται
3418 2302 3617 2373 ἄρτων.

2061 2401 2306 2470 Χαίροις,
2333 2400 2424 2452 καὶ
2449 2397 2757 2470 εὐφραίνου,
2775 2396 3138 2468 Ἰερουσαλήμ·
3162 2397 3242 2448 ὅτι
3263 2395 3622 2449 ἐϐασίλευσε

2060 2489 2366 2557 Κύριοςὲν
2407 2489 2570 2558 μέσῳ
2621 2503 2755 2543 σου.
2798 2481 2962 2551 Οὗτος
2994 2487 3196 2558 Κύριος
3236 2489 3263 2539 6
3305 2488 3483 2556 γυμνῇ
3530 2487 3622 2539 καὶ

2060 2581 2207 2652 ἀΰλῳ
2237 2585 2303 2653 τῇ
2341 2581 2550 2651 θεότητι
2593 2579 2787 2643 ἐπιϐὰς
2826 2581 2892 2650 τῇ
2924 2578 3168 2650 ἡμετέρᾳ
3204 2577 3394 2647 φύσει,
3425 2579 3517 2630 καὶ
3556 2579 3623 2632 ἐκ

2057 2677 2155 2747 τῆς
2187 2675 2515 2748 παρθενικῆς
2543 2675 2732 2748 νηδύος
2771 2675 3062 2745 ἀφράστως
3105 2673 3432 2746 σαρκωθείς·
3467 2667 3620 2737 οὗτος

2059 2768 2308 2840 Κύριοςὸ
2345 2767 2566 2839 μηδενὸς
2599 2768 2785 2841 ἐτέρου
2819 2771 2875 2821 ἐν
2911 2766 3121 2838 μεθέξει
3163 2767 3450 2836 γενόμενος
3481 2765 3622 2838 πλὴν

2057 2858 2151 2911 τοῦ
2179 2858 2491 2930 φυράματος
2530 2858 2718 2928 Ἀδὰμ,
2745 2857 2837 2911 τοῦ
2862 2857 2965 2911 ὑπὸ
2997 2857 3087 2910 τοῦ
3118 2857 3288 2924 ὕφεως
3317 2855 3623 2909 σκελισθέν-

2058 2969 2169 3016 τος.
2195 2953 2275 3005 Οὐ
2304 2950 2412 3022 γὰρ
2443 2949 2712 3020 ἀγγέλων
2750 2951 3293 3020 ἐπιλαμϐανόμενος
3321 2951 3349 3002 ὁ
3393 2948 3620 3021 Κύριος,

2059 3041 2164 3095 τῶν
2193 3041 2266 3113 μὴ
2307 3041 2777 3095 ἀποπεπτωκότων
2806 3042 2903 3110 τῆς
2942 3041 3000 3105 ἐξ
3031 3039 3265 3112 ἀρχῆθεν
3299 3040 3620 3111 ἀποκληρω-

2062 3132 2244 3203 θείσης
2302 3133 2482 3196 αὐτοῖς
2509 3126 2770 3203 ’ἀοιδίμου
2823 3133 3024 3199 τάξεως
3067 3134 3158 3186 καὶ
3196 3133 3617 3196 καταστάσεως,

2064 3224 2466 3294 συγκατάϐασιν
2519 3225 2818 3291 ἐνεδείξατο
2876 3227 2904 3278 6
2959 3226 3046 3279 ἀεὶ
3088 3228 3146 3278 ὲν
3199 3225 3275 3297 τῷ
3327 3226 3494 3294 Πατρὶ
3543 3223 3606 3278 ὥς

2060 3315 2189 3379 Θεὸς
2223 3317 2409 3385 Λόγος.
2443 3317 2576 3370 Οὐδὲ
2621 3318 2745 3381 τοὺς
2789 3316 3250 3379 ἀποπεπτωκότας
3302 3314 3393 3368 τοῦ
3446 3311 3617 3382 φωτὸς

2061 3406 2362 3476 ἀλάστορας
2411 3407 2669 3476 δαίμονας
2702 3405 3168 3477 ἀνακαλούμενος,
3201 3406 3233 3475 ἢ
3284 3405 3378 3458 καὶ
3417 3407 3621 3458 ἀνακαο

2060 3496 2343 3567 λεσόμενος
2372 3495 2546 3567 (80),
2583 3495 2724 3549 κατὰ
2767 3497 2890 3560 τοὺς
2938 3493 3330 3560 ἀσεϐεστάτους
3386 3491 3622 3566 πονηροῦ

2063 3588 2414 3660 συνηγόρους,
2441 3588 2518 3660 τῷ
2551 3589 2739 3660 κόσμῳ
2772 3589 3155 3660 ἐπεφοίτησεν·
3187 3589 3321 3642 ἀλλὰ
3359 3587 3624 3657 σπέρμα-

2060 3697 2160 3748 τος
2194 3681 2442 3751 Ἀϐραὰμ
2471 3681 2855 3751 ἐπιλαϐόμενος
2884 3681 3024 3735 κατά
3052 3682 3142 3734 τὸν
3169 3681 3439 3734 θειότατον
3473 3677 3622 3732 Παῦ-

2059 3775 2169 3841 λον,
2197 3779 2289 3829 καὶ
2326 3778 2390 3829 δι’
2433 3777 2594 3856 αύτρῦ
2650 3777 2848 3842 παντὸς
2898 3776 2990 3831 τοῦ
3047 3775 3379 3848 ἀνθρωπείου
3433 3773 3620 3843 φύλου,

2059 3866 2343 3937 ἄνθρωπος
2393 3869 2776 3941 ἀμεταϐλήτως
2816 3870 3032 3938 γέγονεν
3084 3869 3112 3920 ὁ
3158 3863 3483 3937 δημιουργὸς
3530 3865 3623 3918 καὶ

2061 3964 2431 4035 πλαστουργὸς
2456 3961 2565 4015 τῶν
2585 3963 2836 4016 ἁπάντων
2856 3977 2868 3990 ·
2896 3961 3040 4023 ὅπως
3063 3958 3149 4012 διά
3175 3959 3270 4028 τῆς
3296 3955 3457 4011 αὐτοῦ
3490 3955 3622 4025 πρὸς

2060 4058 2204 4126 ἡμᾶς
2233 4055 2548 4118 κοινωνίας,
2585 4053 2678 4106 καὶ
2727 4053 2881 4124 ἡμῶν
2933 4051 3070 4122 πρὸς
3126 4049 3286 4102 αὑτὸν
3330 4047 3624 4116 συναφείας

2062 4144 2391 4216 ὑπολωφήσῃ
2419 4144 2514 4214 τῆς
2547 4145 2605 4195 ἐν
2637 4143 2765 4213 ἡμῖν
2807 4140 3073 4212 ἁμαρτίας
3114 4141 3146 4207 ἡ
3187 4137 3421 4199 εἴσδυσις
3445 4176 3459 4199 ,
3501 4134 3620 4201 ἐξα-

2059 4237 2331 4306 τονήσασα
2361 4235 2501 4288 κατά
2533 4234 2726 4304 βραχὺ,
2757 4233 2849 4285 καὶ
2887 4228 3319 4300 ἐκδαπανηθεῖσα
3351 4227 3426 4291 ὡς
3459 4227 3623 4298 κηρὸς

2057 4333 2134 4404 τῷ
2170 4331 2296 4402 θείῳ
2327 4331 2486 4401 πυρὶ,
2518 4327 2546 4380 ὃ
2570 4326 2762 4381 ἐλθὼν
2791 4329 2822 4379 o'
2863 4324 3067 4392 Σωτὴρ
3103 4322 3318 4375 ἔϐαλεν
3358 4319 3456 4372 ἐπὶ
3509 4317 3624 4385 τὴν

2060 4422 2171 4493 γῆν
2199 4422 2371 4493 ἡμῶν.
2403 4419 2623 4489 Χαίροις
2645 4417 2820 4470 τοίνυν
2845 4417 2934 4469 καὶ
2960 4417 3045 4478 σὺ,
3089 4412 3378 4482 Ἐκκλησία
3408 4409 3621 4464 καθολι-

397 4513 612 4576 sumpto
646 4506 738 4560 illo
769 4507 1075 4578 igni,Quem
1101 4507 1301 4560 veniens
1326 4505 1580 4562 Dominus
1605 4511 1744 4563 misit
1771 4514 1824 4565 in
1853 4523 1957 4566 ter-

2061 4515 2148 4586 κὴ,
2187 4515 2219 4584 ἡ
2252 4515 2309 4566 ἐν
2333 4513 2479 4584 πάσῃ
2509 4512 2575 4581 τῇ
2609 4509 2696 4562 ὑπ’
2724 4506 2971 4579 οὐρανόν·
3010 4505 3299 4577 σκίρτησον
3335 4505 3430 4556 σὺν
3467 4503 3619 4575 ἡμῖν.

463 4687 508 4760 [⁸
535 4687 682 4742 Psal.
716 4685 1198 4760 vau,’5;__IlI_atth.
1231 4687 1412 4760 νηὸὃ.
1491 4687 1534 4718 ¹⁸
1564 4687 1676 4744 Isa.
1714 4707 1752 4756 ι,
1779 4693 1868 4748 26.
1947 4695 1960 4726 ¹

2061 4712 2129 4749 ιιι.
2156 4710 2244 4760 1.x,
2277 4694 2329 4749 i.
2407 4693 2450 4725 ’⁸
2486 4692 2635 4747 Psal.
2668 4708 2885 4754 Lxxxvl,
2920 4692 2972 4742 3.
3053 4690 3095 4723 ι’
3127 4688 3280 4745 Psal.
3308 4701 3490 4750 cxxxt,
3530 4681 3620 4741 16.

391 4758 440 4793 ³⁸
464 4757 574 4813 Isa.
602 4774 701 4825 xu,
732 4759 784 4813 6.
861 4759 904 4790 “
956 4757 1115 4812 Hebr.
1160 4773 1222 4824 ιι,
1248 4757 1333 4811 16.

390 4940 671 5003 seandalo,
715 4950 774 4994 ut
813 4941 994 4996 minus
1039 4940 1346 5009 reciperent
1381 4938 1756 5011 Evangelium;
1788 4956 1951 5011 quam

387 5011 551 5066 etiam
580 5011 986 5080 Amphilochius
1014 5018 1220 5076 noster,
1253 5013 1466 5080 signum
1512 5010 1642 5063 illud
1679 5010 1951 5067 Simeonis

389 5081 477 5152 cui
504 5080 576 5135 sit
605 5081 1104 5152 contradicendum,
1130 5088 1276 5136 recte
1299 5080 1519 5152 exponit
1546 5087 1685 5135 orat.
1713 5083 1814 5146 Εὶς
1841 5080 1955 5149 τὴν

400 5150 795 5216 Tamesae-mir.

451 5221 561 5292 (78)
592 5220 718 5286 Φῶς
731 5220 796 5273 τό
815 5221 884 5274 ἐν
903 5219 982 5286 τῷ
998 5217 1404 5292 Πιςεύματιευι
1425 5220 1496 5276 sit
1517 5219 1758 5292 formalis
1775 5228 1955 5276 aucto-

385 5289 468 5346 ris
503 5289 794 5360 sententia,
842 5305 908 5345 eo
957 5289 1117 5344 modo
1155 5289 1512 5360 intelligendo
1560 5291 1769 5346 Lumen
1822 5292 1954 5346 illud

383 5363 624 5417 divinum
666 5370 720 5416 et
747 5358 985 5414 Verbum
1019 5361 1072 5413 in
1109 5358 1472 5430 Spiritu,‘quo
1508 5362 1562 5414 in
1592 5377 1656 5414 eo
1685 5361 1842 5415 Pater
1863 5376 1952 5415 as-

385 5433 605 5495 seritur,
649 5440 709 5486 ut
742 5431 999 5485 nimirum
1033 5433 1104 5484 sit
1139 5433 1192 5484 in
1214 5445 1288 5500 eo
1330 5437 1586 5500 tanquam
1623 5431 1951 5500 principium

384 5509 436 5556 et
467 5502 634 5565 αίτία,
664 5508 724 5555 ιιι
757 5501 926 5558 Graeci
960 5509 1175 5565 vocant,
1209 5499 1262 5553 in
1294 5514 1359 5554 eo
1391 5499 1482 5570 qui
1511 5507 1594 5555 est
1624 5499 1653 5553 a
1686 5499 1952 5570 principio

385 5571 489 5641 καί
512 5572 707 5635 αἰτίας·
743 5571 981 5641 alioquin
1013 5570 1146 5641 nihil
1176 5569 1450 5641 singulare
1482 5581 1575 5624 aut
1603 5569 1822 5641 dignum
1851 5569 1952 5641 τῇς

387 5640 648 5712 Μεθοδίου
678 5639 981 5712 ἀκριϐείας,
1018 5648 1076 5695 ut
1103 5639 1259 5712 facile
1286 5639 1466 5712 q_u_ivi_s
1490 5639 1844 5712 perspexerit,
1869 5639 1953 5712 di-

386 5709 551 5781 uitur:
595 5708 874 5781 Nusquam
901 5726 1051 5781 sane
1096 5709 1260 5766 veteri
1295 5709 1370 5781 illi
1416 5708 1670 5781 Ecclesiae
1715 5709 1952 5781 Orientis

390 5777 495 5836 alia
528 5777 636 5835 fuit
667 5777 852 5836 revera
886 5779 1018 5838 ﬁdes
1048 5782 1100 5837 in
1128 5781 1231 5839 hoc
1262 5779 1508 5846 articulo,
1542 5795 1700 5856 quam
1728 5780 1948 5846 Latinae,

2051 4956 2359 5012 quanquam
2385 4939 2548 5012 fuerit
2575 4937 2892 5012 nonnullum
2921 4935 3215 5012 discrimen
3247 4935 3300 5012 in
3333 4933 3530 5012 verbis.

2121 5003 2333 5084 (79],ᾼῖ
2371 5013 2442 5084 οὐ
2480 5009 2564 5084 μὴ
2605 5006 2909 5084 προσθῶσι
2947 5004 3325 5084 ᾷιελθεῖν-,εις
3359 5003 3621 5084 παλαίω-

2121 5031 2211 5078 υυ
2261 5031 2330 5066 At
2371 5031 2442 5064 ου
2480 5031 2564 5080 μη
2605 5031 2909 5076 προσυωυι
2947 5031 3203 5060 υιδνισιςιν
3239 5031 3325 5070 εις
3359 5031 3621 5056 armum:-

2049 5096 2170 5135 σιν.
2202 5031 2358 5136 Vi’elut
2387 5081 2640 5134 nimirum
2665 5079 2754 5131 alii
2779 5093 2810 5130 a
2836 5077 3096 5147 legalibus
3119 5074 3294 5147 festis.
3322 5073 3622 5147 antiquatis

2050 5151 2252 5207 Christi
2285 5149 2542 5212 adventu,
2566 5142 3091 5218 juxtaiprpphetiam
3119 5143 3222 5218 Isa.
3251 5160 3406 5218 x_LIu.
3436 5143 3529 5218 l9,
3552 5142 3617 5195 ad

2051 5238 2213 5291 quam
2247 5222 2448 5275 Paulus
2474 5211 2695 5288 respicit
2723 5211 2767 5270 li
2792 5211 2917 5271 Cor.
2945 5231 2998 5282 v,
3021 5215 3111 5291 μ’.
3141 5213 3403 5291 Paulinus
3434 5231 3454 5291 _:
3491 5211 3622 5291 Qua:

2052 5283 2154 5345 non
2189 5293 2366 5344 sinunt
2415 5299 2462 5342 te
2506 5283 2816 5342 veierascere
2847 5302 2865 5339 :
2893 5285 3037 5356 quod
3078 5300 3178 5339 nec
3217 5284 3396 5338 littera
3433 5283 3618 5347 habet,

2054 5360 2640 5435 πιθεξεηεειοοηετξιίι-
2739 5430 2754 5435 _
2857 5428 2867 5435 .
3115 5423 3150 5435 η
3257 5423 3288 5435 ._
3344 5421 3429 5435 η.
3544 5421 3555 5432 .

2126 5432 2236 5504 (80)
2270 5433 2338 5484 Ἢ
2381 5421 2505 5504 καὶ⁷
2525 5428 3066 5504 ἀνακαλεσόμεγος.
3097 5423 3296 5504 _Carpit
3341 5421 3622 5504 Origenia-

2053 5493 2177 5554 nam
2211 5493 2669 5572 ἀποκατάστασιν,
2695 5505 2748 5551 et
2777 5493 2922 5572 illam
2948 5497 3002 5548 in
3036 5496 3301 5572 integrum
3330 5493 3623 5572 restitutio:

2053 5585 2177 5624 nem
2201 5570 2360 5624 etiam
2394 5569 2719 5629 daemonum,
2750 5567 3010 5621 adversus
3043 5563 3204 5634 quam
3232 5564 3394 5634 etiam
3426 5563 3620 5628 reliqui

2055 5638 2266 5713 Patres,
2309 5639 2475 5694 nimia
2524 5639 2612 5694 illa
2643 5637 2840 5713 pietate
2873 5640 2926 5692 et
2953 5632 3321 5690 misericordia
3343 5633 3618 5698 damnata,

2055 5709 2382 5783 depugnant.
