3962 6278
263 385 359 444 581

1340 385 1574 444 SERMO
1609 385 1700 442 DE
1739 385 2037 443 SIMEONE
2073 386 2161 442 ET
2200 386 2408 444 ANNA.

3375 381 3480 438 582

260 501 355 571 Μὴ
372 500 562 572 φοϐοῦ
583 502 1002 576 (81),τόιιικρὸν
1021 503 1413 574 ποᾲινιον-,τάς
1427 506 1719 579 τρικυμίας
1734 507 1806 560 τοὲ

1929 522 2044 560 ram
2071 506 2135 558 ".
2169 505 2328 561 Salve
2362 503 2526 575 igitur
2543 510 2594 558 et
2625 511 2704 571 tu,
2738 511 2850 558 toto
2869 503 2999 558 orbe
3027 502 3202 573 posita
3236 499 3478 556 Ecclesia

258 592 474 665 ἐχθροῦ·
495 594 584 647 ὅτι
597 594 926 663 εὐδόκησεν
951 599 984 650 ὁ
1014 595 1214 664 Πατὴρ
1233 595 1442 650 δοῦναί
1461 613 1557 652 σοι
1579 597 1691 666 τὴν
1711 599 1806 663 ,ϐω

1923 597 2224 660 catholica,
2261 611 2479 666 unaque
2514 596 2800 650 nobiscum
2829 593 3060 648 exsulta.
3116 590 3197 646 Ne
3251 593 3477 661 pusillas

255 687 516 750 σιλείαν,
544 688 639 741 καὶ
666 688 759 741 ἐπὶ
780 688 1044 760 τραχήλου
1071 687 1178 740 τῶν
1196 689 1404 760 ἐχθρῶν
1433 707 1524 743 σου
1545 689 1818 761 ἐπιόῆναι.

252 777 424 850 Χαῖρε
452 779 544 832 καὶ
573 779 919 851 εὐφραίνου,ή
945 779 1110 833 πάλαι
1132 781 1318 850 στείρα
1344 782 1437 834 καὶ
1467 781 1658 850 ἄγονος
1686 781 1821 854 πρὸς

254 870 570 934 εὐσέϐειαν,
623 871 740 923 νυνὶ
767 871 822 924 δὲ
869 870 1036 924 πολλά
1082 871 1151 924 τὰ
1199 873 1297 943 τῆς
1346 873 1581 937 πίστεως
1625 873 1818 945 ἔχουσα

252 960 439 1014 τέκνα.
476 961 699 1031 Χαίροις
728 961 822 1014 καὶ
851 962 936 1026 σὺ,
966 961 1092 1026 λαὸς
1118 961 1212 1014 τοῦ
1233 961 1388 1026 Θεοῦ,
1415 963 1565 1029 λαὸς
1589 966 1819 1032 περιού-

254 1067 411 1117 σιος,
437 1052 758 1117 ,βασίλειον
784 1052 1114 1122 ἱεράτευμα,
1144 1054 1319 1120 ἔθνος
1349 1054 1536 1124 ἅγιον,
1561 1055 1704 1121 λαός
1731 1058 1817 1122 εὶς

251 1144 668 1210 περιποίησιν
715 1142 998 1214 ἐξάγτελε
1045 1145 1150 1210 τὰς
1184 1145 1396 1213 ἀρετὰς
1434 1145 1541 1198 τοῦ
1566 1146 1634 1200 ἐκ
1668 1150 1814 1201 σκό-

251 1249 397 1298 τους
447 1247 521 1286 σε
573 1232 936 1302 καλέσαντος
984 1237 1071 1302 εἰς
1120 1235 1186 1288 τὸ
1239 1237 1581 1307 θαυμαστὸν
1631 1239 1815 1294 αὐτοῦ

249 1321 380 1394 φῶς
398 1343 409 1355 ·
443 1325 582 1398 ὑπὲρ
611 1327 790 1391 ἐλέους
818 1327 872 1381 δὲ
901 1327 1084 1394 δόξαζε
1115 1328 1296 1383 αὐτόν.

319 1595 417 1649 1Δ’.
450 1593 671 1666 Χαίροις
701 1596 780 1658 είς
802 1595 946 1666 item]
976 1594 1208 1666 ἀληκτος
1242 1594 1396 1666 ήμῶν
1424 1597 1596 1667 χαρά·
1632 1597 1724 1650 ἐπὶ
1751 1595 1810 1650 σὲ

239 1685 357 1756 γὰρ
393 1685 550 1738 πάλιν
581 1685 969 1757 ἁνατρέχομαι.
999 1686 1069 1738 Σὺ
1103 1686 1200 1756 τῆς
1233 1686 1423 1757 ἑορτῆς
1449 1687 1607 1758 ήμῶν
1634 1689 1805 1761 ἀρχή⁹

244 1778 314 1830 σὺ
349 1777 608 1847 μεσότης·
645 1779 708 1831 σὺ
735 1777 937 1840 τέλειος
965 1776 1111 1846 (82)⁶
1149 1780 1178 1832 ὁ
1218 1778 1509 1849 πολύτιμος
1545 1782 1811 1853 μαργαρί-

241 1885 347 1940 της
372 1868 472 1938 τῆς
503 1867 802 1938 βασιλείαςο
830 1870 892 1922 τὸ
915 1868 1082 1932 ὅντως
1099 1865 1267 1940 οὖθαρ
1295 1847 1475 1941 πάσης
1499 1847 1804 1938 ἁγιστείας·
1841 1847 1881 1905 θ

239 1958 306 2012 τὸ
345 1957 582 2029 ἔμψυχον
617 1958 998 2031 θυσιαστήριον
1040 1959 1134 2012 τοῦ
1160 1961 1324 2031 ἀρτου
1356 1961 1453 2031 τῆς
1482 1959 1643 2031 ζωῆς.
1675 1964 1811 2014 Χαί-

243 2069 382 2122 ροις,
417 2051 638 2122 ἀγάπης
669 2051 802 2104 Θεοῦ
833 2051 1105 2122 θησαυρέο
1141 2052 1371 2123 χαίροις,
1406 2053 1811 2124 φιλανθρωπίας

240 2141 374 2195 Υἱοῦ
421 2144 570 2213 πηγή
596 2159 608 2170 ⁸
660 2143 887 2214 χαίροις,
919 2142 1231 2213 Πνεύματος
1275 2143 1431 2211 ἁγίου
1483 2144 1810 2198 κατάσκιον

242 2230 399 2298 ὄρος.
440 2231 778 2304 Ἥστραψας,
812 2231 1125 2304 γλυκύδωρε
1157 2232 1415 2304 γεννῆτορ
1455 2232 1630 2301 φωτὸς
1659 2232 1810 2302 ήλια-

239 2319 595 2390 κοῦ,πυρσοῖς
627 2321 1020 2392 ἀκαρτερήτοις
1061 2319 1279 2391 ἀγάπης
1319 2318 1713 2392 ὑπερζεούσης,
1746 2323 1807 2374 τὸ

239 2411 348 2482 πρὸ
377 2411 550 2482 ἀρχῆς
581 2411 880 2484 συλληφθὲν
908 2415 967 2465 ὲν
989 2412 1065 2484 τῷ
1093 2413 1235 2468 τέλει
1271 2411 1523 2474 τεκοῦσα,
1560 2413 1805 2485 φανερὼ-

241 2519 385 2557 σασα
408 2503 469 2555 τὸ
501 2504 742 2572 κρυπτὸν
777 2505 1068 2576 μυστήριον
1095 2505 1188 2558 καὶ
1217 2504 1498 2574 ἀλάλητον,
1525 2505 1613 2558 τὸν
1637 2507 1804 2575 ἀορά-

237 2611 334 2647 του
363 2592 574 2664 Πατρὸς
606 2593 754 2656 Υἰὸν,
779 2593 1000 2664 εἰρήνης
1028 2594 1347 2666 βραϐευτήν,
1374 2596 1552 2667 πάσης
1581 2597 1806 2668 γενόμε-

239 2701 330 2737 νον
360 2684 556 2754 ἥττονα
601 2682 935 2755 βραχύτητος
976 2684 1309 2755 παραδόξως.
1342 2685 1441 2740 Διά
1469 2687 1625 2740 τοῦτο
1659 2687 1805 2742 ἐκλι-

241 2771 522 2846 παροῦμέν
567 2790 625 2826 σε
676 2773 775 2844 τὴν
823 2774 1032 2846 ἀμείνω
1075 2776 1325 2840 πάντων,
1380 2779 1474 2832 καὶ
1529 2777 1806 2850 μητρῴαις

244 2864 582 2934 ὲπαυχοῦσαν
619 2867 803 2934 τιμαῖς
852 2865 944 2918 καὶ
996 2868 1346 2940 παρρησίαις,
1394 2871 1611 2940 μνήμην
1657 2870 1806 2924 ἀδιά-

243 2954 457 3007 λειπτον
503 2953 659 3024 ἡμῶν
700 2953 877 3017 ποιοῦ,
918 2958 1158 3024 παναγία
1185 2957 1434 3021 Θεοτόκε,
1482 2960 1576 3013 καὶ
1622 2961 1701 3024 είς
1745 2961 1805 3016 σὲ

244 3047 809 3120 κατακαλλυνομένων,
836 3048 928 3101 καὶ
957 3047 1144 3120 ὕμνοις
1175 3049 1498 3122 θεοπρεπέσι
1531 3053 1805 3126 γεραιρόν-

240 3152 348 3192 των
377 3156 466 3192 σου
492 3139 591 3211 τήν
622 3138 846 3204 ἀείζωον
878 3138 971 3192 καὶ⁵
1015 3139 1394 3204 ἀνεξάλειπτον
1421 3143 1659 3215 μνήμην.
1693 3146 1803 3198 Καὶ

243 3231 305 3282 σὺ
328 3229 387 3283 δὲ
405 3231 586 3294 αὐτὸς,
612 3224 657 3284 ὦ
680 3229 952 3303 πρεσϐύτα
979 3231 1126 3303 τίμιε
1151 3232 1394 3304 Συμεὼν,
1421 3235 1519 3306 τῆς
1545 3236 1800 3302 εὐσεϐοῦς

238 3321 392 3391 ήμῶν
424 3321 718 3393 θρησκείας
747 3321 1026 3394 προδοχεῦ,
1058 3323 1151 3376 καὶ
1181 3325 1278 3396 τῆς
1303 3324 1411 3378 τῶν
1439 3326 1643 3380 πιστῶν
1671 3329 1800 3382 ἀνα-

242 3412 477 3475 στάσεως
508 3411 766 3484 ὲξηγητὰ,
801 3414 1245 3486 συμπρεσϐευτὴς
1278 3415 1434 3487 ήμῶν
1467 3419 1623 3486 γενοῦ
1665 3420 1800 3491 πρὸς

234 3498 329 3557 ’τὸν
369 3505 596 3576 Σωτῆρα
635 3503 787 3570 Θεὸν,
827 3505 886 3559 ὃν
928 3506 1190 3575 ἀγκάλαις
1236 3509 1588 3576 ὑποδέξασθαι
1658 3526 1800 3566 κατ-

229 3593 792 3668 ηξιώθης.Συνᾴδομεν
832 3597 940 3670 γάρ
985 3616 1064 3653 σοι
1110 3601 1203 3654 καὶ
1233 3602 1396 3672 ἡμεῖς
1459 3602 1679 3674 Χριστῷ
1721 3601 1800 3674 τῷ

237 3684 336 3756 τῆς
363 3685 504 3756 ζωῆς
533 3688 625 3740 καὶ
651 3687 879 3740 θανάτου
905 3689 1219 3762 ὲξουσιαστῇ
1240 3707 1254 3722 ο
1285 3691 1356 3744 Σὺ
1382 3687 1434 3744 εἴ
1460 3693 1594 3761 φῶς,
1617 3693 1801 3763 λέγον-

238 3791 346 3838 τες,
378 3775 643 3846 ἀληθινὸν,
675 3777 739 3830 ἐκ
771 3779 946 3846 φωτὸς
978 3779 1253 3850 ἀληθινοῦ,
1295 3781 1426 3846 Θεὸς
1455 3782 1704 3853 ἀληθινὸς
1736 3787 1800 3838 ἐκ

238 3864 371 3919 Θεοῦ
412 3866 660 3938 ἀληθινοῦ
683 3885 696 3898 ο
732 3863 810 3932 εἷς
841 3868 1042 3940 Κύριος
1076 3871 1179 3941 πρὸ
1215 3872 1312 3942 τῆς
1344 3873 1800 3946 ὲνανθρωπήσεως

237 3958 333 4010 καὶ
367 3957 506 4028 μετά
548 3959 646 4029 τὴν
679 3959 1023 4030 πανύμνητον
1055 3961 1480 4034 ἐνανθρὼπησιν,
1516 3965 1573 4032 ἐξ
1610 3966 1797 4019 ἑαυτοῦ

243 4049 338 4119 μὲν
363 4051 456 4105 καὶ
481 4050 541 4103 οὐ
571 4051 708 4103 κατά
739 4052 894 4122 χάριν
927 4052 1077 4117 Θεὸς,
1111 4053 1176 4107 δι’
1216 4054 1361 4125 ἡμᾶς
1388 4054 1444 4107 δὲ
1477 4057 1569 4109 καὶ
1601 4057 1800 4122 τέλειος

241 4138 551 4212 ἄνθρωπος’
577 4143 634 4209 ἐξ
663 4143 852 4197 ἑαυτοῦ
877 4144 932 4198 δὲ
966 4145 1074 4215 (85)
1103 4145 1260 4216 φύσει
1287 4146 1632 4213 ἀϐασίλευτος
1662 4167 1802 4220 παμ-

239 4231 510 4298 ϐασιλείις,
547 4234 613 4288 δι’
640 4237 786 4306 ἡμᾶς
825 4237 916 4289 καὶ
957 4236 1054 4308 τὴν
1091 4238 1361 4310 ἡμετέραν
1408 4242 1678 4314 σωτηρίαν
1707 4245 1799 4298 καὶ

239 4333 297 4378 εν
327 4325 512 4379 δούλου
546 4331 722 4399 μορφῇ
756 4329 1036 4397 ἀχράντως
1078 4331 1169 4384 καὶ
1216 4331 1514 4402 ἀμιάντως.
1563 4333 1798 4406 Ἀφθαρ-

242 4432 332 4469 σια
370 4417 477 4491 γὰρ
517 4417 612 4484 ὢν,
646 4419 802 4472 λῦσαι
849 4421 1052 4493 φθορὰν
1096 4423 1384 4494 προῆλθες,
1425 4426 1510 4478 ἵνα
1553 4426 1800 4499 ἄφθαρτα

1918 703 2086 758 grex,
2141 703 2366 759 magnas
2417 685 2625 742 inimici
2684 692 3036 755 tempestates
3098 684 3319 745 timeas;
3353 687 3478 752 quia

1920 781 2233 849 complacuit
2263 779 2417 834 Patri
2445 779 2574 833 dare
2599 777 2692 832 tibi
2713 793 2926 849 regnum
2951 777 3032 842 ¹³;
3067 784 3121 831 et
3154 783 3212 829 ut
3243 776 3476 830 hostium

1918 878 2135 926 tuorum
2188 871 2366 926 calces
2422 871 2580 924 colla.
2650 868 2810 923 Salve
2862 877 2916 923 et
2966 869 3166 930 laetare,
3198 865 3474 936 quondam

1918 963 2117 1019 sterilis
2155 963 2219 1026 ³⁵,
2251 971 2304 1016 et
2332 962 2450 1017 sine
2484 961 2668 1015 liberis
2697 960 2764 1014 ad
2805 959 3085 1029 pietatem;
3118 971 3263 1010 nunc
3297 963 3478 1009 autem

1916 1055 2117 1109 multos
2147 1054 2357 1108 habens
2393 1052 2514 1106 ﬁdei
2548 1052 2767 1106 liberos.
2802 1048 2960 1104 Salve
2990 1058 3046 1102 tu
3079 1062 3328 1118 quoque,
3382 1043 3476 1100 Dei

1915 1147 2112 1216 popule
2143 1165 2156 1200 :
2188 1145 2378 1216 popule
2425 1154 2659 1213 accepta,
2713 1142 2885 1212 regale
2911 1140 3263 1195 sacerdotium
3290 1178 3306 1203 ,
3354 1154 3476 1207 gem

1915 1247 2118 1301 sancta,
2141 1236 2326 1306 popula
2349 1239 2404 1290 in
2427 1235 2822 1306 acquisitionem
2844 1233 3094 1288 :enuntia
3110 1236 3326 1285 virtutes
3339 1228 3474 1298 ejus,

1911 1328 2003 1398 qui
2055 1337 2104 1381 te
2168 1328 2367 1382 vocavit
2435 1327 2499 1379 de
2557 1323 2777 1379 tenebris
2838 1324 2894 1376 in
2929 1321 3262 1399 _admirabile
3306 1320 3477 1372 iumen

1913 1431 2067 1468 suum
2108 1416 2154 1448 ³⁵
2197 1434 2212 1471 :
2253 1429 2418 1486 super
2447 1413 2826 1470 misericordia
2871 1408 3050 1468 autem
3095 1427 3195 1466 sua
3237 1408 3479 1481 gloriﬁca

1909 1521 2056 1561 eum.

1981 1595 2118 1650 ΙΝ.
2155 1595 2312 1653 Salve
2347 1597 2402 1651 in
2431 1593 3034 1659 aaternum,indesinens
3079 1600 3264 1646 nostra
3294 1592 3478 1645 laetitia

1913 1687 2026 1758 [Dei
2053 1689 2298 1744 Genitrix
2344 1689 2530 1761 Virgo]
2570 1707 2586 1744 :
2624 1689 2690 1743 ad
2725 1697 2778 1743 te
2815 1688 2959 1743 enim
2995 1700 3187 1739 rursus
3224 1699 3474 1738 accurro.

1910 1779 1989 1833 Tu
2022 1781 2181 1835 nobis
2211 1780 2358 1835 festae
2381 1781 2518 1836 lueis
2549 1780 2795 1846 initium;
2832 1789 2886 1833 tu
2929 1777 3184 1838 medium,
3213 1784 3269 1828 tu
3305 1774 3429 1828 ﬁnis
3459 1793 3476 1829 ι

1911 1873 2304 1941 pretiosissima
2337 1871 2488 1942 regni
2521 1872 2808 1941 margarita
2838 1889 2852 1936 ;
2881 1885 3010 1924 vere
3045 1869 3212 1922 totius
3245 1867 3478 1921 victimae

1911 1962 2108 2030 adeps;
2137 1963 2431 2015 animatum
2457 1963 2612 2032 panis
2646 1962 2791 2016 illius
2808 1962 2928 2015 vitae
2955 1961 3142 2014 altare.
3164 1957 3481 2021 Salve,dile-

1909 2053 2107 2107 ctionis
2141 2052 2234 2106 Dei
2257 2047 2844 2117 thesaure:salve,Filii
2870 2053 2922 2104 in
2952 2065 3120 2120 genus
3155 2049 3474 2111 humanum,

1910 2143 2296 2213 propensionis
2321 2143 2468 2198 illius
2495 2157 2559 2197 ac
2589 2143 2708 2209 ejus
2741 2142 3092 2196 humanitatis
3129 2139 3251 2194 fons
3286 2135 3481 2202 :salve,

1911 2232 2146 2304 Spiritus
2178 2235 2352 2290 sancti
2393 2250 2540 2287 mons
2571 2232 2862 2286 inumbrate
2891 2232 2958 2287 ".
2997 2229 3327 2300 Fulgurasti,
3361 2229 3480 2282 dul-

1907 2326 2100 2382 cidona
2136 2325 2306 2381 Mater
2332 2325 2526 2379 solaris
2555 2323 2799 2388 luminis,
2832 2321 3269 2392 importabilibus
3303 2319 3482 2373 chari-

1909 2415 2036 2469 tatis
2052 2414 2422 2484 praeterventis
2445 2412 2677 2482 ignibus,
2697 2427 2762 2466 eo
2785 2413 2837 2464 in
2861 2411 2964 2464 ﬁne
2986 2418 3143 2481 partu
3165 2411 3310 2464 edito
3330 2408 3474 2479 quod

1906 2514 2032 2560 ante
2081 2504 2406 2575 principium
2449 2512 2770 2572 conceptum
2802 2510 2918 2558 erat
2949 2521 2963 2557 :
3002 2503 3176 2572 palam
3213 2501 3478 2565 exhibito.

1905 2597 2050 2668 quod
2083 2606 2199 2652 erat
2230 2596 2606 2651 absconditum
2667 2603 2721 2651 et
2763 2595 3127 2650 inenarrabile
3165 2608 3479 2648 sacramen-

1904 2693 2054 2754 tum;
2111 2686 2370 2742 invisibili
2405 2687 2498 2741 illo
2536 2686 2713 2742 Patris
2761 2685 2932 2748 Filio,
2968 2692 3252 2754 sequestro
3299 2683 3471 2754 pacis,

1904 2779 2105 2850 quippe
2126 2777 2431 2832 admirabili
2454 2777 2685 2847 quadam
2708 2778 2937 2842 ratione,
2957 2777 3104 2832 omni
3133 2792 3192 2830 se
3214 2776 3480 2845 parvitate

1905 2871 2166 2925 minorem
2191 2869 2457 2924 exhibuit.
2478 2867 2764 2939 Pr0pterea
2788 2878 2839 2924 te
2859 2869 3211 2938 deprecamur
3231 2867 3474 2922 omnium

1904 2961 2445 3031 praestantissimam,
2503 2961 2870 3031 maternisque
2925 2959 3226 3014 honoribus
3279 2959 3475 3014 ﬁducia

1903 3053 2243 3124 gloriantem,
2280 3062 2338 3106 ut
2380 3051 2774 3107 indesinentem
2810 3051 2982 3106 nostri
3009 3050 3340 3114 memoriam,
3379 3048 3476 3105 Dei

1905 3143 2072 3200 Mater
2105 3145 2470 3207 sanctissima,
2501 3145 2702 3200 habeas
2729 3164 2741 3198 :
2774 3145 2970 3208 nostri,
3018 3144 3261 3211 inquam,
3290 3144 3383 3213 qui
3417 3143 3475 3199 in

1906 3242 1959 3289 te
2008 3236 2324 3305 gloriamur,
2383 3236 2898 3305 augustioribusque
2940 3235 3170 3288 canticis
3215 3242 3478 3306 perpetuo

1907 3328 2169 3382 victuram
2201 3334 2254 3382 et
2278 3328 2442 3381 nullis
2469 3327 2765 3382 desituram
2799 3325 3135 3394 temporibus
3166 3326 3243 3378 tui
3277 3339 3476 3380 memo-

1905 3417 2042 3470 riam
2081 3408 2438 3472 celebramus.
2489 3417 2606 3485 Ipse
2652 3417 2832 3480 etiam,
2883 3415 3146 3469 honorate
3177 3431 3339 3469 senex
3381 3413 3471 3468 Si-

1905 3523 2085 3570 meon,
2104 3507 2206 3577 pia:
2218 3508 2494 3577 religionis
2519 3515 2718 3561 nostra:
2735 3508 2905 3576 prime
2928 3515 3231 3576 susceptor,
3255 3505 3474 3559 doctor-

1905 3615 2010 3669 quo
2044 3600 2458 3655 resarreetionis
2485 3599 2740 3662 ﬁdelium,
2769 3614 2872 3652 una
2903 3613 2998 3668 pro
3023 3599 3178 3653 nobis
3208 3599 3275 3651 ad
3303 3596 3471 3652 Deum

1908 3690 2242 3745 Salvatorem
2281 3705 2439 3760 quem
2478 3691 2720 3744 meruisti
2763 3691 2816 3742 in
2853 3689 3009 3743 ulnas
3042 3689 3338 3758 suscipere,
3375 3703 3470 3758 pa-

1905 3791 2096 3838 tronus
2125 3780 2340 3836 accede.
2373 3779 2504 3834 Nam
2533 3787 2584 3834 et
2623 3781 2727 3850 ipsi
2779 3795 2885 3834 una
2909 3786 3084 3833 tecum
3118 3778 3358 3842 Christo,
3390 3780 3473 3832 vi-

1905 3882 1972 3930 tae
2000 3888 2064 3928 ac
2095 3873 2283 3927 mortis
2317 3879 2632 3942 potestatem
2658 3871 2897 3935 habenti,
2929 3871 3174 3924 canimus
3211 3890 3224 3924 :
3256 3869 3336 3924 Tu
3360 3870 3471 3926 Lu-

1903 3981 2027 4020 men
2056 3981 2115 4020 es
2141 3979 2328 4019 verum
2359 3979 2426 4018 ex
2460 3979 2586 4018 vero
2618 3961 2868 4026 Lumine,
2907 3960 3050 4016 Deus
3076 3977 3237 4016 verus
3262 3978 3328 4016 ex
3359 3961 3470 4017 Deo

1903 4073 2054 4123 vero,
2081 4073 2222 4112 unus
2248 4055 2509 4110 Dominus
2540 4063 2665 4110 ante
2690 4065 3019 4124 assumptam
3054 4054 3342 4108 humanam
3371 4068 3469 4108 na-

1906 4157 2102 4212 turam,
2140 4163 2282 4202 unus
2311 4146 2665 4200 nihilominus
2696 4153 2818 4215 post
2851 4147 3118 4214 ejusmodi
3149 4149 3470 4216 assumptio-

1903 4255 2051 4304 nem,
2099 4238 2246 4292 omni
2293 4239 2450 4308 plane
2494 4237 2873 4307 prredicatione
2920 4238 3350 4307 prosequendam
3387 4255 3401 4292 :
3435 4253 3467 4291 a

1903 4339 1976 4396 te,
2007 4333 2143 4402 ipse,
2174 4347 2282 4385 non
2305 4347 2398 4402 per
2418 4331 2673 4401 gratiam,
2705 4330 2848 4385 Deus
2885 4351 2896 4384 :
2923 4331 3095 4386 nostri
3124 4346 3251 4386 vero
3279 4343 3464 4395 causa,

1905 4426 2066 4479 etiam
2099 4423 2261 4478 homo
2295 4423 2570 4494 perfectus
2597 4443 2609 4477 :
2635 4439 2699 4478 ex
2724 4431 2796 4486 te,
2833 4423 2967 4493 ipse,
2995 4430 3189 4478 natura
3221 4425 3466 4480 onmium

241 4507 417 4562 πάντα
447 4509 673 4579 τεύχοις.
707 4512 828 4564 Ὀτι
855 4512 946 4564 σοῦ
975 4513 1122 4566 ἐστιν
1154 4514 1187 4585 ή
1225 4514 1352 4580 δόξα
1411 4517 1503 4569 καὶ
1546 4516 1608 4570 τὸ
1658 4519 1795 4590 κρά-

1909 4513 2048 4580 Rex,
2085 4515 2290 4570 nullius
2325 4515 2604 4584 subjectus
2644 4514 2905 4586 imperio:
2951 4521 3175 4584 propter
3202 4529 3302 4568 nos
3337 4528 3466 4566 vero

241 4614 349 4666 τος,
387 4599 720 4672 μεγαλοσύνη
760 4618 818 4654 τε
865 4602 956 4654 καὶ
999 4602 1440 4673 μεγαλοπρέπεια
1483 4607 1579 4659 σὺν
1628 4607 1800 4680 Πατρὶ

1909 4615 1958 4661 et
1982 4614 2225 4662 nostram
2257 4607 2509 4670 salutem,
2539 4605 2702 4660 etiam
2729 4605 2782 4658 in
2818 4603 2986 4659 forma
3022 4604 3184 4667 servi,
3211 4605 3467 4658 immacu-

243 4691 333 4744 καὶ
373 4693 513 4764 ἁγίῳ
568 4693 843 4764 Πνεῦματι
891 4695 970 4758 είς
1028 4696 1151 4758 τοὺς
1189 4694 1389 4759 αἰῶνας
1413 4695 1519 4750 τῶν
1562 4697 1792 4753 αἰώνων.

252 4779 441 4853 Ἀμήν.

1902 4697 2009 4754 late
2031 4709 2210 4754 tamen
2234 4706 2395 4769 atque
2423 4698 2718 4768 impollute,
2737 4697 3024 4752 exsistens.
3044 4696 3146 4762 Qui
3170 4697 3314 4751 enim
3339 4695 3462 4766 ipsa

1897 4792 1975 4845 sis
2012 4792 2368 4861 incorruptio,
2421 4790 2615 4844 venisti
2665 4790 2874 4844 solvere
2924 4789 3358 4858 corruptionem,
3403 4797 3465 4842 ut

241 4875 552 4947 incorrupta
580 4879 761 4934 omnia
789 4880 1065 4939 redderes.
1093 4881 1357 4948 Quoniam
1394 4890 1485 4938 tua
1511 4894 1594 4939 est
1619 4887 1787 4956 gloria
1817 4895 1870 4940 et
1901 4894 2161 4956 potestas,
2192 4893 2247 4942 et
2288 4884 2710 4956 magniﬁcentia,
2746 4890 2801 4939 et
2849 4883 3127 4954 majestas,
3173 4897 3297 4937 cum
3361 4880 3465 4937 Pa-

242 4978 322 5026 tre
352 4978 406 5026 et
435 4970 639 5042 Spiritu
671 4983 880 5042 sancto,
911 4975 964 5030 in
999 4977 1194 5031 saecula
1233 4979 1577 5034 saeculorum.
1609 4979 1804 5034 Amen.

309 5147 633 5210 “Luam.
674 5149 765 5204 49.
837 5148 1027 5206 "ibid.
1071 5148 1164 5206 52.
1238 5147 1286 5180 ’⁸
1339 5149 1453 5209 Ira.
1491 5153 1666 5214 uv,l.
1729 5152 1806 5208 ³⁸]

1909 5160 2004 5207 etr.
2036 5167 2096 5220 tt,
2124 5152 2177 5208 9.
2251 5155 2298 5186 ’⁸
2327 5152 2464 5207 "ab.
2488 5169 2570 5219 ιιι,
2601 5155 2653 5208 5.

311 5327 420 5398 (81)
448 5329 543 5398 Μὴ
574 5331 778 5398 φοϐοῦ.
819 5329 980 5388 Forte
1016 5333 1272 5388 subnotat
1303 5331 1619 5388 Diocletiani
1655 5343 1794 5389 temo

240 5411 391 5523 gnra.
426 5409 481 5454 et
513 5402 842 5457 decumanos
890 5403 1010 5458 illos
1051 5401 1247 5458 ﬂuctus
1281 5404 1346 5457 ab
1374 5419 1440 5459 eo
1492 5404 1544 5458 in
1590 5404 1793 5460 Christi

287 5467 535 5523 cclesiam
565 5472 857 5523 excitatos.
887 5474 1083 5523 auibus
1117 5474 1232 5523 inse
1262 5473 1582 5523 Methodius-
1617 5483 1676 5523 nt
1706 5492 1793 5523 ve-

279 5467 542 5547 leclesiam
565 5472 1083 5547 excitatos,_quibus
1117 5474 1232 5541 ipse
1262 5473 1582 5547 Methodius,
1613 5483 1676 5547 ut
1706 5492 1797 5547 ve-

248 5537 358 5596 rior
390 5537 548 5604 habet
577 5541 782 5613 opinio,
811 5537 1038 5600 feliciter
1067 5537 1270 5613 tamen,
1297 5551 1352 5602 et
1381 5537 1662 5616 naufragio
1689 5545 1798 5602 sal-

1897 5352 1999 5392 vus
2019 5344 2341 5405 portumque
2363 5343 2573 5400 tenens,
2596 5335 2796 5391 Christi
2822 5343 3025 5406 martyr
3045 5333 3332 5400 absorptus
3351 5337 3457 5388 est.

1974 5407 2088 5473 (82)
2139 5406 2385 5472 Τέλειος.
2423 5406 2581 5461 Forte
2615 5407 2780 5469 τέλος.

1904 5464 2373 5618 ήέὲξ)δέιὲἐῗοῦ
2428 5477 2514 5532 δέ.
2550 5475 2710 5534 Forte
2743 5464 2942 5538 tat-nos
2983 5475 3095 5530 καί.
3132 5471 3196 5525 Ει
3219 5483 3365 5538 mox,
3387 5464 3458 5528 δι’

1605 5748 2092 5779 ow
