4088 6284
495 343 601 403 383

1453 353 1511 410 S.
1550 350 1881 412 METHODH
1921 357 2226 416 EPISCOPI
2263 359 2350 415 EI‘
2391 360 2750 423 MARTYRIS

3626 370 3738 433 584

502 530 3724 575 .—__.._____.________._________________________

1577 686 1717 741 ΤΟΥ
1749 688 1842 741 ΕΝ
1880 689 2102 744 ΑΓΙΟΙΣ
2137 691 2408 745 ΠΛΤΡΟΣ
2445 693 2645 748 ΗΜΩΝ

1710 860 2512 979 ΜΕΘΟΔΙΟΥ

1453 1081 1878 1171 ΛΟΓΟΣ
1954 1084 2162 1170 ΕΙΣ
2248 1078 2411 1171 ΤΑ
2480 1080 2801 1176 ΒΑΙΑ.

821 1372 1346 1491 SANCTI
1453 1374 1974 1492 PATRIS
2054 1375 2578 1491 NOSTRI
2663 1378 3378 1498 METHODII

1978 1598 2290 1661 ORATIO
2310 1584 2319 1591 ’

1434 1779 1557 1867 ΙΝ
1636 1777 2027 1872 RAMOS
2103 1780 2806 1875 PALMABUM.

2085 1979 2157 1993 .-

558 2068 883 2127 Benedictus
905 2066 1048 2125 Deus
1075 2088 1089 2125 :
1121 2068 1503 2140 procedamus,
1548 2068 1769 2133 fratres,
1803 2084 1866 2125 ex
1893 2069 2054 2123 mira-

2234 2073 2312 2125 A’.
2358 2072 2662 2143 Εὐλογητὸς
2692 2075 2720 2127 ὁ
2748 2073 2882 2138 Θεός
2901 2091 2916 2105 ο
2954 2076 3017 2129 ὲκ
3049 2076 3344 2148 θαυμάτων
3376 2079 3468 2132 ἐπὶ
3505 2079 3575 2135 τὰ
3601 2080 3738 2137 θαύ-

484 2163 627 2219 culis
650 2160 718 2216 ad
749 2158 964 2216 Domini
990 2160 1277 2225 miracula,
1306 2174 1370 2214 ac
1390 2160 1539 2215 velut
1572 2161 1763 2214 virtute
1794 2162 2061 2215 veniamus

482 2253 557 2308 ad
587 2253 830 2308 uirtutem
862 2252 929 2306 ’⁷.
959 2250 1424 2318 Quemadmodum
1456 2251 1509 2304 in
1539 2266 1702 2307 aurea
1733 2261 1946 2315 catena,
1982 2253 2063 2305 sic

484 2344 724 2399 invicem
766 2343 1044 2398 commissi
1093 2351 1222 2398 sunt
1262 2343 1496 2414 nexiquc
1526 2344 1739 2407 circuli.
1773 2353 1833 2400 ut
1863 2344 2062 2415 singuli

486 2438 629 2492 alter
665 2436 893 2490 alterum
926 2424 1201 2490 teneat‘ac
1233 2445 1601 2504 consequatur
1633 2454 1647 2490 :
1686 2442 1761 2490 ita
1793 2447 1847 2494 et
1889 2439 2062 2494 sacris

489 2526 793 2597 livangeliis
814 2524 1013 2580 tradita
1053 2527 1336 2591 miracula,
1372 2525 1635 2582 festorum
1659 2536 1930 2585 amantem
1962 2529 2064 2585 Ec-

483 2618 712 2672 clesiam
740 2615 835 2673 Dei
883 2632 946 2672 ex
972 2617 1093 2674 aliis
1123 2619 1189 2673 ad
1220 2618 1326 2673 alia
1354 2617 1650 2682 deducunt,
1684 2630 2059 2692 recreantque,

491 2726 595 2762 non
642 2725 762 2763 esca
802 2725 918 2780 qum
941 2711 1096 2779 peril,
1143 2710 1232 2765 sed
1274 2728 1389 2781 qua:
1424 2721 1597 2766 manet
1627 2715 1681 2767 in
1710 2713 1870 2767 vitam
1905 2724 2060 2769 arter—

489 2817 612 2854 nam
646 2801 711 2855 "‘.
740 2799 851 2869 Age
884 2801 1048 2870 igitur
1075 2809 1129 2856 et
1157 2818 1275 2868 nos,
1309 2804 1512 2869 dilecti,
1547 2814 1737 2874 parato
1767 2806 1933 2862 corde
1962 2823 2060 2861 au-

489 2895 751 2963 ribusque
778 2893 1020 2957 intentis,
1050 2895 1327 2950 audiamus
1357 2896 1483 2968 quid
1512 2897 1660 2952 nobis
1693 2907 1805 2952 tum
1843 2900 1898 2953 in
1931 2916 2062 2970 pro-

490 2985 691 3057 phetis,
732 2992 847 3039 tum
883 2985 937 3040 in
970 2986 1277 3058 Evangeliis
1316 2989 1382 3044 de
1413 2989 1758 3046 divinissimo
1788 2991 1890 3046 hoc
1922 2993 2060 3047 festo

484 3079 557 3133 sit
609 3078 879 3133 locuturus
926 3077 1186 3143 Dominus
1232 3080 1394 3137 Deus.
1437 3081 1606 3139 Plane
1649 3099 1776 3139 vero
1824 3084 2061 3155 loquetur

481 3182 667 3237 pacem
702 3169 756 3222 in
800 3168 1049 3239 populum
1097 3187 1271 3236 suum,
1303 3181 1355 3226 et
1391 3172 1446 3226 in
1475 3182 1686 3228 sanctos
1718 3189 1865 3238 suos,
1907 3183 1957 3229 et
2003 3177 2060 3229 in

485 3276 574 3316 eos
605 3263 694 3333 qui
724 3272 1025 3317 convertunt
1057 3279 1148 3316 cor
1168 3263 1237 3317 ad
1270 3265 1440 3334 ipsum
1465 3265 1533 3320 ⁸³.
1565 3263 1738 3320 Hodie
1769 3265 2059 3336 propheta—

486 3350 567 3407 les
592 3350 733 3406 tuba:
759 3353 945 3408 orbem
975 3353 1303 3419 excitarunt,
1336 3369 1401 3410 ac
1425 3353 1518 3409 Dei
1551 3354 1824 3416 Ecclesias
1858 3359 2059 3429 ubique

2169 2180 2311 2234 ματα
2336 2162 2432 2217 τοῦ
2460 2162 2664 2235 Κυρίου
2691 2163 3015 2237 βαδίσωμεν,
3047 2166 3285 2236 ἀδελφοὶ,
3317 2170 3412 2223 καὶ
3443 2171 3739 2246 φθάσωμεν

2161 2254 2237 2318 ὡς
2261 2256 2330 2308 ἐκ
2370 2252 2675 2324 δυνάμεως
2715 2259 2802 2323 είς
2831 2256 3103 2328 δύναμιν.
3138 2258 3406 2334 Καθάπερ
3451 2265 3511 2317 ὲν
3551 2265 3740 2323 ἁλύσει

2163 2349 2357 2418 χρυσῇ,
2390 2348 2623 2419 κρικίοις
2653 2348 3049 2420 ἁλληλενδέτοις
3077 2352 3520 2429 συμϐεϐλημένῃ,
3551 2357 3607 2412 ἓν
3636 2359 3734 2413 τοῦ

2162 2438 2279 2501 ἐνὸς
2304 2439 2587 2510 κατέχεται
2613 2441 2721 2494 τῶν
2749 2444 3207 2515 συμϐεϐλημένων
3230 2446 3480 2515 ἕκαστον,
3504 2452 3596 2505 καὶ
3621 2470 3740 2509 συν⁴

2164 2528 2391 2583 ἅπτεται
2436 2530 2660 2605 θάτερον
2692 2532 2924 2607 θατέρῳ,
2970 2537 3062 2589 καὶ
3104 2540 3564 2611 παραπέμπεται·
3594 2542 3738 2599 οὕτω

2164 2624 2258 2677 καὶ
2286 2621 2354 2676 τὰ
2386 2622 2495 2677 τῶν
2524 2625 2695 2693 ἁγίων
2724 2625 3071 2695 Εὐαγγελίων
3103 2626 3375 2700 θαύματα,
3405 2633 3463 2699 ἐξ
3492 2631 3736 2705 ἀλλήλων

2161 2718 2241 2781 είς
2251 2716 2453 2788 ἄλληλα
2467 2717 2753 2790 ποδτΠοῦσι
2764 2718 2861 2791 τὴν
2874 2719 3152 2792 φιλέορτον
3164 2720 3256 2775 τοῦ
3272 2722 3403 2776 Θεοῦ
3411 2724 3738 2796 Εκκλησίαν,

2162 2809 2257 2862 καὶ
2285 2811 2684 2880 εὐφραίνουσιν,
2702 2812 2773 2864 οὐ
2800 2809 2872 2879 τῇ
2900 2812 3288 2882 ἀπολλυμένῃ
3309 2813 3552 2881 βρώσει,
3574 2815 3740 2871 ἀλλὰ

2160 2898 2234 2967 τῇ
2244 2901 2516 2970 μενούσῃ
2533 2902 2619 2966 εἰς
2638 2899 2790 2966 ζωὴν
2812 2899 3069 2958 αἰώνιον.
3084 2902 3215 2973 Φέρε
3238 2902 3412 2957 τοίνυν
3433 2902 3528 2957 καὶ
3549 2905 3733 2975 ἡμεῖς,

2159 2987 2447 3061 ἀγαπητοὶ,
2478 2990 2535 3042 ἐν
2580 2989 2866 3060 ἑτοιμασίᾳ
2901 2991 3125 3063 καρδίας
3156 2991 3249 3046 κα)⁸
3299 2991 3432 3045 ὠσὶν
3488 2994 3737 3066 εὺηκὸοις

2157 3080 2509 3150 ἀκούσωμεν
2546 3081 2604 3134 τί
2641 3081 2899 3146 ,λαλήσει
2949 3082 3019 3135 ἐν
3072 3083 3216 3152 ἡμῖν
3254 3086 3466 3153 Κύριος
3519 3088 3554 3140 ὁ
3590 3088 3733 3153 Θεὸς

2159 3173 2215 3227 ἕν
2253 3191 2315 3228 τε
2345 3174 2651 3246 προφήταις
2679 3174 2773 3227 uati.
2800 3174 3151 3244 Εὐαγγελίοις
3180 3176 3306 3248 περὶ
3330 3176 3430 3248 τῆς
3455 3177 3731 3249 θειοτάτης

2157 3266 2361 3337 ταύτης
2407 3267 2618 3338 ἑορτῆς.
2666 3264 2934 3331 Λαλήσει
2979 3266 3036 3320 δὲ
3083 3267 3300 3332 πάντως
3346 3267 3594 3338 εἰρήνην
3630 3268 3730 3323 ἐπὶ

2157 3357 2263 3411 τὸν
2297 3356 2452 3412 λαὸν
2478 3356 2684 3422 αὑτοῦ,
2722 3358 2822 3414 καὶ
2847 3358 2947 3411 ἐπὶ
2974 3358 3115 3425 τοὺς
3146 3360 3358 3426 ὁσίους
3380 3359 3588 3427 αὑτοῦ,
3630 3361 3729 3415 καί

487 3445 728 3514 gentium
761 3447 1136 3503 exhilararunt
1161 3455 1215 3503 et
1240 3447 1515 3518 voluptate
1536 3450 1896 3521 impleverunt
1927 3472 1940 3507 :
1967 3467 2054 3507 as-

2158 3449 2256 3504 ἐπὶ
2296 3448 2437 3516 τοὺς
2466 3448 2938 3518 ἐπιστρέφοντας
2967 3450 3218 3518 καρδίαν
3251 3451 3343 3504 ἐπ’
3376 3451 3562 3505 αὐτόν
3599 3449 3731 3523 (84).

482 3545 841 3608 sumptosque
873 3539 1059 3595 ﬁdeles
1089 3539 1157 3593 ab
1197 3554 1477 3596 sacrorum
1504 3538 1837 3615 j'ejuniorum
1873 3558 2055 3598 scam-

486 3636 652 3691 tnate,
683 3638 738 3684 et
781 3630 1037 3684 vitiorum
1069 3630 1341 3701 palaestra,
1375 3631 1618 3686 victoria:
1649 3633 1925 3687 canticum
1955 3649 2057 3689 no-

483 3735 720 3791 vumque
749 3721 898 3792 pacis
932 3723 1126 3777 victori
1163 3721 1381 3778 Christo
1401 3723 1708 3795 symbolum
1734 3739 1930 3780 canere
1957 3726 2053 3780 do—

481 3825 734 3870 cuerunt.
762 3814 942 3870 Venite
964 3831 1095 3886 ergo
1114 3816 1372 3883 universi,
1396 3816 1717 3870 exsultemus
1738 3814 1959 3871 Domino
1984 3816 2051 3872 ³ο.

485 3899 677 3958 Venite
720 3922 896 3959 omnes
945 3915 1142 3976 gentes,
1171 3905 1490 3974 plaudamus
1524 3906 1802 3970 manibus,
1832 3908 1915 3960 'ac
1950 3905 2054 3961 Deo

481 3996 804 4050 exsullemus
837 3996 1103 4052 Salvatori
1130 4000 1318 4054 nostro
1348 3999 1404 4052 in
1435 4014 1554 4052 voce
1583 4000 1953 4054 exsultationis
1983 4000 2050 4054 “.

482 4084 652 4141 Nemo
685 4087 757 4142 sit
783 4104 972 4146 exsors
1009 4091 1214 4161 gratim,
1259 4106 1419 4146 nemo
1458 4093 1742 4148 vocatione
1784 4094 2053 4149 destitua-

480 4185 595 4242 tur,
638 4194 704 4235 eo
753 4182 896 4250 quod
946 4183 1351 4238 incredulorum
1400 4203 1584 4243 semen
1629 4187 1831 4244 factum
1878 4188 1950 4244 sit
1996 4190 2052 4244 in

483 4269 869 4342 perditionem.
918 4270 1107 4344 [Nemo
1140 4273 1304 4346 Regis
1337 4292 1627 4335 occursum
1674 4282 1895 4352 indigne
1951 4281 2051 4336 ha-

484 4362 664 4418 buerit
693 4363 759 4430 ⁸²,
797 4372 856 4418 ut
878 4381 946 4419 ne
969 4365 1208 4421 thalamo
1237 4368 1602 4443 excludatur.]
1627 4371 1795 4427 Nemo
1814 4374 1869 4427 in
1894 4373 2052 4430 nobis

482 4446 739 4508 iuventus
769 4452 931 4507 fuerit
967 4453 1140 4511 tristis
1166 4455 1232 4510 ad
1265 4458 1688 4529 susceptionem,
1719 4471 1779 4516 ut
1811 4479 1879 4518 ne
1904 4479 2052 4518 eam-

482 4540 605 4599 dem
647 4558 771 4598 cum
822 4545 981 4600 malis
1028 4545 1242 4603 civibus
1285 4548 1688 4606 damnationem
1738 4553 2048 4609 incurrerit.

416 4646 423 4653 '
481 4632 641 4689 Cives
670 4643 851 4691 autem
885 4637 1028 4702 dico,
1062 4641 1155 4711 qui
1192 4640 1483 4697 Dominum
1524 4658 1684 4698 suum
1713 4643 1913 4717 Regem
1958 4662 2051 4701 su-

480 4742 580 4796 per
613 4729 763 4799 ipsos
791 4731 1031 4802 recipere
1055 4735 1370 4792 noluerunt.
1404 4735 1627 4810 [Omnes
1654 4740 1759 4794 laeti
1790 4755 2049 4795 occurra-

553 4883 599 4916 "'
618 4882 764 4967 ξξαι.
788 4900 1017 4955 Lnxm,
1045 4889 1100 4947 8.
1177 4892 1224 4924 ⁸⁸
1250 4891 1413 4949 Joan.
1444 4909 1520 4958 v1,
1553 4893 1643 4950 27.
1719 4896 1765 4929 ²⁹
1798 4895 1951 4952 Psal.
1975 4913 2054 4952 1.x:

2158 4897 2269 4963 i',9.
2356 4897 2401 4931 ³⁰
2428 4897 2578 4954 Psal.
2612 4913 2755 4967 χειν,
2787 4900 2839 4955 1.

483 4968 597 5019 nx,
625 4955 716 5012 27,

696 5113 805 5191 Καί
845 5112 943 5168 ἐπὶ
984 5115 1124 5191 τοὺς
1169 5118 1635 5191 ἐπιστρέφοντας
1671 5120 1921 5191 καρδίαν
1955 5124 2048 5191 ἐπ’

478 5183 683 5239 αὐτόν.
707 5183 873 5267 .Alter
903 5185 1073 5267 codex
1110 5183 1636 5267 nominc'Clirysost'.
1679 5183 1774 5267 καὶ
1800 5188 2050 5267 ἐπιστρέ-

479 5270 688 5335 φοναιας¹
704 5254 796 5335 ἐπὶ
822 5255 1091 5335 Δκαρδίαν-ξ
1123 5257 1227 5335 Qui
1266 5254 1635 5335 convertuntur
1661 5264 1846 5335 (ιιι-ουν
1870 5282 1888 5318 :
1912 5254 2049 5335 quo-

478 5321 641 5378 modo
676 5323 843 5402 habet
863 5321 1024 5402 Vulg.
1050 5321 1275 5402 llcﬁtma
1308 5331 1461 5402 longe
1489 5335 1679 5389 aliter:
1708 5333 1777 5388 Et
1803 5353 1908 5390 non
1931 5321 2049 5390 Eon-

479 5404 741 5448 vertentur
774 5393 843 5446 ad
873 5393 1157 5451 Manilium
1181 5414 1199 5451 :
1226 5393 1479 5455 nimier
1518 5403 1662 5458 facili
1687 5405 1778 5460 illa
1807 5405 2047 5463 Hebraeis

477 5463 713 5536 aliinium
745 5464 1044 5536 litterarum
1072 5472 1486 5536 permutatione.

549 5533 661 5605 (85)
692 5533 1108 5614 Κιιζὲτερψιιινζ⁸
1130 5538 1284 5614 Alius
1318 5542 1669 5614 κατέστεψαν,
1716 5561 1824 5601 non
1868 5549 2049 5602 minus

480 5603 740 5683 congrue.
779 5603 992 5683 perone
1022 5609 1166 5662 enim
1206 5611 1419 5683 signum
1449 5603 1791 5683 gloriationis
1821 5627 1877 5672 et
1909 5620 2046 5673 laeti—

479 5674 587 5746 tiae,
612 5681 669 5727 ut
689 5681 743 5746 et
763 5674 1031 5744 depositio
1054 5674 1304 5735 uueroris
1326 5692 1381 5736 et
1407 5674 1658 5739 tristitiae.
1689 5687 1781 5740 Sic
1803 5688 2047 5746 Andreus

477 5743 757 5823 gretensis
779 5743 1095 5823 coronatam
1127 5749 1333 5807 inducit
1358 5755 1726 5817 natalitiorum
1758 5743 1940 5815 Maria:
1961 5743 2047 5817 lae;

480 5812 746 5875 tissimam
777 5812 1142 5874 festivitatem.

2162 3543 2408 3613 Σήμερον
2441 3542 2773 3613 προφητικαὶ
2815 3541 3113 3611 σάλπιγγες
3140 3542 3239 3614 τὴν
3279 3544 3603 3615 οἰκουμένην
3636 3544 3732 3597 ἀν-

2162 3633 2499 3705 επτέρωσαν,
2549 3633 2644 3686 καὶ
2675 3631 2773 3696 τὰς
2797 3633 3082 3704 ἀπανταχῆ
3109 3631 3204 3686 τοῦ
3237 3632 3374 3687 Θεοῦ
3412 3632 3736 3706 Ἐκκλησίας

2161 3726 2486 3797 ἐφαίδρυναν
2510 3724 2604 3778 καὶ
2629 3724 2964 3795 κατέτερψαν
2994 3724 3128 3796 (85)·
3159 3726 3251 3779 καὶ¹
3275 3728 3338 3779 ὲκ
3359 3724 3451 3779 τοῦ
3480 3726 3736 3796 σκάμμαι-

2159 3831 2252 3877 τος
2296 3816 2404 3868 τῶν
2448 3814 2618 3883 ἁγίων
2650 3814 2932 3885 νηστειῶν,
2984 3815 3079 3868 καὶ
3101 3813 3203 3885 τῆς
3242 3815 3385 3868 κατὰ
3409 3814 3517 3869 τῶν
3546 3813 3734 3868 παθῶν

2160 3906 2498 3980 παλαίστρας
2528 3905 2942 3981 παραλαϐοῦσαι
2972 3908 3098 3972 τοὺς
3143 3909 3390 3971 πιστοὺς,
3428 3907 3519 3960 τὸν
3561 3905 3735 3960 ἐπινί-

2160 4017 2275 4054 κιον
2302 3999 2488 4072 ὕμνον,
2520 4000 2614 4053 καὶ
2642 3999 2702 4052 τὸ
2726 3999 2909 4053 καινὸν
2937 3999 3185 4071 σύνθημα
3213 3999 3312 4070 τῆς
3336 3999 3560 4071 εἰρήνης
3588 3997 3735 4071 ᾄδειν

2158 4092 2236 4163 τῷ
2262 4092 2521 4164 νικοποιῷ
2551 4092 2770 4164 Χριστῷ
2803 4092 3065 4158 ἐδίδαξαν.
3097 4093 3273 4147 Δεῦτε
3298 4092 3429 4159 γοῦν
3472 4093 3732 4158 ἅπαντες,

2159 4187 2655 4257 ὰγαλλιασώμεθα
2679 4186 2759 4254 τῷ
2780 4188 2989 4256 Κιφίῳ.
3015 4185 3178 4240 Δεῦτε
3203 4185 3438 4241 ἅπαντα
3461 4184 3533 4240 τὰ
3559 4185 3730 4254 ἔθνη.

2159 4277 2541 4348 κροτήσωμεν
2570 4280 2790 4349 χεῖρας,
2826 4278 2925 4333 καὶ
2960 4279 3459 4351 ἀγαλλωσώμεθα
3499 4279 3608 4352 (86)
3649 4278 3731 4347 τῷ

2161 4368 2282 4436 Θεῷ
2330 4368 2404 4441 τῷ
2430 4370 2641 4443 Σωτῆρι
2665 4371 2822 4442 ήμῶν
2852 4373 2920 4425 ἐν
2947 4370 3117 4442 φωνῇ
3148 4371 3578 4444 ἀγαλλιάσεως.
3609 4371 3731 4443 Μη-

2157 4460 2270 4524 δεὶς
2297 4462 2523 4534 ἄμοιρος
2568 4461 2708 4516 ἔστω
2750 4463 2848 4535 τῆς
2894 4464 3144 4538 χάριτος-
3194 4464 3383 4535 μηδεὶς
3434 4463 3730 4536 ὑστερείτω

2157 4555 2254 4626 τῆς
2286 4554 2548 4627 κλήσεως,
2587 4556 2669 4609 ὅτι
2700 4555 2930 4630 ἐγενήθη
2964 4557 3025 4610 τὸ
3052 4556 3271 4629 σπέρμα
3309 4555 3417 4609 τῶν
3447 4555 3730 4610 ἀπειθούν-

2156 4666 2263 4702 των
2297 4651 2376 4713 εἰς
2415 4647 2709 4705 ἀπώλειαν.
2745 4648 2973 4722 [Μηδεὶς
3006 4650 3388 4721 ἀγνωμονείτω
3424 4649 3525 4720 τὴν
3559 4649 3729 4703 ὑπάν-

2155 4757 2312 4811 τησιν
2346 4741 2453 4813 (87)
2487 4740 2581 4795 τοῦ
2618 4742 2998 4813 βασιλέως,ἱ’να
3033 4741 3109 4814 μὴ
3150 4740 3349 4809 ἔξωθεν
3375 4740 3471 4796 τοῦ
3502 4741 3727 4813 νυμφῶ-

2935 4897 2976 4931 ³¹
3012 4897 3164 4953 Psal.
3189 4913 3336 4966 ιινι,
3366 4898 3422 4956 2.
3525 4899 3570 4931 ³²
3593 4897 3724 4955 an.

2226 5124 2339 5198 (86)
2386 5127 2919 5198 Ἀγαλλιασώμεθα.
2951 5128 3107 5183 Alius
3138 5127 3307 5184 codex
3336 5128 3562 5195 melius,
3590 5128 3723 5183 ἀλα-

2152 5195 2422 5271 λὰξωμεν,
2450 5195 2772 5271 Ῐιιὺξίειηιιεξ
2809 5199 2980 5254 schol.
3014 5198 3174 5252 LXX.
3208 5198 3384 5261 Alius,
3421 5200 3722 5271 σημέἀνατε,

2152 5270 2360 5341 signum
2385 5268 2538 5332 date;
2570 5270 2731 5341 alius.
2763 5271 3138 5341 εὐφημήσατε,
3170 5272 3285 5324 (cete
3314 5268 3624 5341 (reclamare.

2247 5338 2336 5408 87)
2379 5340 2799 5409 Ἁγνωμονείτω
2828 5338 2943 5409 τῆν
2967 5338 3325 5409 ὖπάντησιν.
3362 5338 3522 5395 Velut
3541 5342 3726 5410 ὀλιγω-

2161 5409 2339 5480 ρείτω,
2369 5409 2753 5481 parvipendat;
2783 5412 2864 5465 sic
2887 5412 3032 5481 enim
3055 5410 3287 5467 Budaeus
3308 5412 3593 5481 conjunxit
3614 5415 3724 5467 duo

2158 5478 2270 5571 illa,
2299 5478 2544 5571 Suadam
2578 5480 3148 5571 epistolalad‘Petrum
3176 5478 3448 5571 amicum-.0
3477 5478 3571 5571 V‘el
3607 5485 3724 5571 fue-

2157 5551 2229 5603 rit
2257 5569 2270 5606 :
2299 5549 2469 5604 Nemo
2497 5549 2705 5621 ingrate
2725 5553 2941 5615 habeat,
2969 5551 3141 5607 eidem
3174 5553 3393 5608 crimini
3423 5551 3601 5608 factus
3631 5553 3724 5607 ob-

2153 5623 2369 5684 noxius,
2406 5621 2492 5693 cui
2519 5619 2820 5693 Jerusalem
2851 5624 2977 5688 illa;
3009 5637 3075 5677 eo
3105 5621 3407 5685 destructa,
3450 5623 3599 5693 quod
3638 5624 3729 5692 in-_

2151 5699 2302 5762 grata
2349 5693 2404 5745 in
2450 5692 2749 5765 beneﬁcum
2792 5694 3122 5765 visitantem,
3172 5693 3268 5746 καὶ
3313 5692 3718 5765 ὑπαντήσαντα,

2152 5779 2254 5815 non
2276 5762 2568 5831 cognoverit
2592 5773 2792 5830 tempus
2817 5762 3132 5816 uisitationis
3160 5778 3272 5816 sua:
3293 5778 3310 5815 :
3334 5762 3466 5819 Luc.
3491 5762 3602 5826 su,
3625 5763 3716 5818 44.

2149 5832 2548 5889 AddilimuSex
2577 5833 2746 5891 altero
2766 5832 2974 5899 codice,
3000 5840 3059 5887 ut
3088 5840 3141 5887 et
3170 5834 3374 5903 reliqua
3401 5835 3715 5893 interclusa.
