4088 6284
292 305 419 401 $85..

1290 320 1297 325 ⁷
1369 334 1626 401 ORATIO
1661 343 1730 400 1N
1768 337 2004 400 nanos
2040 341 2442 401 PALMARUM.

3436 347 3542 405 386

292 476 398 527 νος
434 460 816 538 ἀποκλεισθῇ.]
846 463 1052 536 Μηδεὶς
1094 463 1413 538 σκυθρωπὸς
1445 465 1579 537 πρὸς
1609 464 1708 537 τὴν
1736 465 1871 519 ὁπο-

1975 479 2096 519 mus
2129 483 2143 518 :
2178 463 2197 536 ]
2245 464 2610 535 suscipiamus
2652 478 2842 522 omnes
2893 463 3061 521 atacri
3096 462 3279 518 animo
3319 470 3543 537 totaque

292 551 467 625 δοχὴν
496 553 694 625 εὑρεθῇ
722 556 780 607 ἐν
810 554 960 626 ἡμῖν,
990 555 1078 608 ῖνα
1112 555 1185 626 μὴ
1211 557 1324 619 τοῖς
1352 557 1608 626 πονηροῖς
1635 554 1877 619 πολίταις

297 646 740 718 συγκατακριθῇ.
770 646 999 710 Πολίτας
1027 646 1086 699 δέ
1120 663 1261 717 φημι
1287 647 1412 710 τούς
1442 645 1515 718 μὴ
1545 646 1874 717 θελήσαντας

291 736 560 804 δέξασθαι
602 737 694 792 τὸν
737 737 939 810 Κύριον
987 737 1194 791 ἑαυτῶν
1240 738 1463 808 βασιλέα
1503 741 1590 808 ἐφ’
1629 738 1871 803 ἑαυτούς.

296 828 538 904 ἶΠάντες
571 831 808 902 φαιδρῶς
840 830 1227 903 συνδράμωμεν
1335 831 1535 895 πάντες
1580 829 1875 904 προθύμως

292 923 712 995 ὑποδεξιῖψεθα,
756 922 852 976 καὶ
888 922 1271 995 ὐπερκοσμίως
1310 922 1676 996 ἐορτάσωμεν.
1729 923 1875 976 Ἀντὶ

292 1015 559 1085 ἱματίων,
605 1015 711 1083 τὰς
753 1016 1000 1085 καρδίας
1044 1015 1213 1085 ἡμῶν
1275 1014 1571 1085 ὲκχέωμεν
1619 1014 1875 1069 ἐνώπιον

288 1108 492 1162 αὑτοῦ
513 1125 527 1140 ·
562 1111 619 1165 ἐν
643 1109 876 1181 ψαλμοῖς
907 1110 1000 1163 καὶ
1027 1108 1215 1180 ὕμνοις
1240 1109 1339 1173 τὰς
1360 1108 1706 1180 εὐχαριστίας
1743 1110 1873 1163 ἀνα-

289 1199 568 1271 τείνωμεν
600 1199 779 1271 αὐτῷ’
810 1200 1002 1267 καὶτὸ,
1035 1200 1456 1270 Εὐλογημένος
1490 1203 1522 1254 ό
1551 1201 1872 1270 ἐρχόμενος

288 1290 369 1343 ἐν
416 1292 658 1362 ὀνόματι
692 1292 938 1360 Κυρίου,
980 1290 1412 1355 ἀκαταπαύστως
1462 1290 1762 1362 βοήσωμεν.
1808 1295 1873 1346 Οἱ

291 1382 416 1452 γὰρ
447 1383 842 1454 εὐλογοῦντες
865 1384 1071 1449 αὑτὸν,
1110 1387 1499 1453 εὐλόγηνται·
1543 1384 1641 1439 καὶ
1681 1386 1735 1438 οἱ
1748 1398 1878 1438 κατ-

290 1478 591 1549 (ιρώμενοι
654 1475 860 1539 αὑτὸν,
906 1476 1357 1544 κεκατήρανται.
1407 1475 1576 1529 Πάλιν
1616 1476 1744 1548 ἐρῶ,
1777 1475 1870 1530 καὶ
1916 1554 1919 1555 ν

293 1565 747 1638 προτρεπόμενος
785 1567 878 1621 ἐπὶ
921 1567 982 1621 τὸ
1010 1567 1210 1637 ἀγαθὸν
1251 1568 1312 1621 οὐ
1355 1568 1653 1639 παύσομαι.
1684 1568 1867 1633 Δεῦτε,

292 1658 599 1729 ἀγαπητοὶ,
628 1658 1011 1731 εὐλογήσωμεν
1038 1659 1129 1714 τὸν
1174 1659 1554 1731 εὐλογημένον,
1592 1660 1678 1713 ἵνα
1716 1658 1867 1712 εὐλο-

291 1750 562 1822 ῃθῶμεν
589 1751 678 1805 ὐπ’
703 1752 885 1807 αὐτοῦ.
917 1755 1103 1808 Πᾶσαν
1135 1753 1345 1825 ἠλικίαν
1375 1753 1470 1807 καὶ
1497 1751 1652 1817 ἀξίαν
1691 1752 1782 1806 ἐπὶ
1807 1751 1869 1806 τὸ

1977 554 2260 610 honestate
2302 556 2658 613 celebremus.
2709 556 3168 621 Vestimentorum
3205 556 3327 612 loco
3375 563 3540 615 corda

1976 654 2160 699 nostra
2190 645 2520 715 eﬂ‘undamus
2556 663 2732 702 coram
2767 648 2863 703 illo
2894 648 2943 680 ³⁸
2977 668 2991 704 :
3032 648 3197 720 inque
3235 650 3460 720 psalmis
3487 659 3542 706 et

1976 738 2205 791 canticis
2230 738 2527 807 gratiarum
2557 740 2604 794 ei
2641 741 2882 796 actiones
2914 741 3350 813 pratendamus;
3377 756 3441 797 ac
3474 743 3543 796 il-

1975 829 2090 892 lud,
2125 828 2438 884 Benedictus
2465 833 2558 900 qui
2585 833 2718 886 venit
2744 833 2799 886 in
2819 833 3026 887 nomine
3059 832 3271 888 Domini
3299 833 3367 899 “,
3390 834 3539 888 nulla

1973 922 2163 990 requie
2181 922 2497 979 clamemus.
2523 923 2628 991 Qui
2648 927 2784 980 enim
2810 928 2910 997 ipsi
2931 927 3259 992 benedicunt,
3285 926 3540 983 benedicti

1972 1024 2129 1079 sunt;
2156 1024 2205 1069 et
2233 1017 2323 1085 qui
2346 1017 2686 1084 maledicunt,
2719 1021 2983 1075 maledicti
3005 1022 3070 1077 ⁸⁸.
3102 1021 3287 1077 Dicam
3319 1023 3536 1089 iterum,

1972 1120 2074 1161 nec
2098 1106 2164 1161 ad
2196 1107 2396 1162 bonum
2423 1108 2628 1163 hortari
2658 1110 2899 1167 desinam
2938 1131 2950 1165 :
2987 1110 3410 1178 Venite,dilecti,
3445 1114 3538 1169 be-

1972 1198 2288 1255 nedicamus
2307 1214 2429 1254 eum
2460 1199 2552 1271 qui
2582 1209 2666 1257 est
2692 1203 3030 1268 benedictus,
3065 1211 3125 1259 ut
3155 1204 3543 1260 benedicamur

1972 1290 2042 1346 ab
2073 1291 2209 1361 ipso.
2247 1290 2481 1347 Etatem
2512 1308 2728 1350 omnem
2762 1303 2816 1351 et
2848 1296 3214 1351 conditionem
3282 1296 3339 1352 in
3367 1312 3540 1353 unum

1970 1382 2177 1451 pariter
2218 1397 2399 1439 sermo
2456 1385 2650 1439 ascivit
2693 1385 2761 1440 ad
2807 1385 3017 1441 Domini
3077 1387 3290 1444 laudem
3336 1408 3349 1444 :
3394 1406 3541 1461 reges

1972 1482 2124 1528 terra:
2151 1484 2199 1529 et
2237 1491 2413 1530 omnes
2454 1478 2671 1546 populos
2701 1494 2719 1531 :
2747 1479 3003 1547 principes
3039 1489 3091 1533 et
3117 1496 3293 1535 omnes
3327 1482 3541 1552 judices

1972 1574 2125 1642 term
2176 1582 2195 1620 :
2233 1567 2448 1636 juvenes
2494 1577 2543 1622 et
2587 1569 2808 1639 uirgines
2859 1567 2906 1602 ³⁵
2947 1589 2962 1625 :
3025 1570 3277 1642 quodque
3326 1573 3383 1628 in
3433 1575 3537 1627 ωι-

1971 1659 2158 1714 raculo
2214 1660 2469 1715 decenter
2502 1675 2703 1715 novum
2744 1660 3011 1729 videatur,
3066 1663 3273 1734 primas
3312 1664 3534 1735 juvenis

1971 1757 2133 1821 atque
2177 1750 2442 1806 innocens
2469 1750 2757 1806 infantium
2792 1760 2847 1809 et
2876 1754 3190 1810 lactentium
3224 1766 3356 1815 aetas
3389 1759 3536 1814 obti-

294 1841 439 1895 αὐτὸ
461 1842 811 1898 συνεκάλεσεν
840 1846 868 1897 6
898 1844 1053 1912 λόγος
1083 1844 1217 1916 πρὸς
1241 1844 1339 1916 τὴν
1363 1843 1458 1898 τοῦ
1492 1840 1697 1916 Κυρίου
1723 1844 1869 1899 αἴνε-

1974 1843 2099 1897 nuit
2128 1853 2333 1912 partes,
2365 1842 2682 1912 auspicandi
2721 1842 2948 1900 Domino
2976 1845 3034 1900 in
3077 1848 3421 1906 confessione
3449 1851 3537 1906 di-

297 1948 419 1985 σιν·
451 1931 734 1999 Βασιλεῖς
754 1932 866 2003 τῆς
885 1933 998 2003 τῆς
1025 1933 1125 1987 καὶ
1155 1932 1384 2001 πάντας
1410 1933 1619 2000 λαοὺς,
1656 1934 1874 2004 ἄρχον-

295 2041 416 2092 τας
438 2025 537 2080 καὶ
567 2025 798 2091 πάντας
825 2026 1027 2095 κριτὰς
1055 2024 1167 2097 γῆς
1183 2042 1197 2056 ο
1222 2026 1582 2092 νεανίσκους
1609 2025 1706 2080 καὶ
1728 2040 1873 2095 παρ-
1914 2034 1919 2038 ’

297 2117 552 2186 Οένους’
585 2119 677 2172 καὶ
709 2117 771 2172 τὸ
805 2119 1165 2191 καινοπρεπὲς
1207 2118 1299 2172 τοῦ
1344 2117 1638 2189 θαύματος,
1679 2118 1764 2171 ὅτι
1800 2120 1869 2190 τῇ

296 2209 404 2282 νέᾳ
432 2210 525 2264 καὶ
545 2209 895 2282 ἀπειροκάκῳ
918 2209 1025 2264 τῶν
1050 2209 1255 2281 νηπίων
1280 2211 1371 2264 καὶ
1399 2209 1735 2281 θηλαζόντων
1759 2211 1873 2282 ήλι-

1974 1934 2180 1989 vinitus
2225 1934 2549 2003 inspiratum
2602 1936 2875 1990 canticum
2921 1957 2934 1992 :
2986 1954 3093 2009 qua
3149 1941 3277 1996 olim
3327 1944 3539 2001 ratione

1976 2024 2191 2098 Moyses
2214 2027 2499 2097 praecinuit
2527 2026 2823 2096 egredienti
2850 2032 3050 2100 populo
3081 2031 3148 2088 de
3169 2031 3406 2106 Egypto
3435 2037 3538 2090 τει-

1974 2118 2069 2174 lud
2097 2118 2353 2174 nimirum
2382 2138 2396 2174 :
2429 2118 2739 2174 Benedictus
2754 2123 2844 2191 qui
2876 2123 3011 2177 venit
3037 2124 3094 2178 in
3115 2126 3322 2180 nomine
3350 2124 3539 2181 Domi-

1974 2212 2033 2265 ni
2056 2211 2122 2265 ³⁷.
3522 2208 3528 2216 ’

298 2304 401 2377 κίᾳ
440 2305 508 2360 τὰ
549 2306 809 2379 πρεσϐεῖα
858 2306 1200 2381 συνεχώρησε
1252 2307 1345 2361 τοῦ
1387 2306 1607 2379 ἐξάρξαι
1655 2307 1732 2379 τῷ
1780 2307 1968 2379 Κυρίῳ
2012 2309 2070 2362 ἐν
2116 2306 2496 2380 ἐξομολογήσει
2537 2308 2598 2363 τὸ
2642 2310 2970 2365 θεοδίδακτον
3018 2307 3196 2384 ᾆσμα,
3240 2314 3393 2370 καθὰ
3429 2317 3543 2372 πάι

295 2400 395 2456 λαι
428 2401 538 2473 (88)
571 2403 810 2474 Μωῦσῆς
838 2402 915 2474 τῷ
945 2403 1003 2468 ἐξ
1030 2406 1307 2473 Αἰγύπτου
1337 2402 1469 2474 λαῷ,
1501 2404 1582 2472 τὸ,
1607 2396 2027 2475 Εὐλογημένος
2054 2407 2087 2458 ό
2115 2405 2434 2474 ἐρχόμενος
2459 2404 2529 2458 ἐν
2556 2406 2797 2474 ὀνόματι
2842 2407 3081 2474 Κυρίου.

376 2497 455 2553 B'.
489 2498 734 2569 Σήμερον
765 2499 908 2568 χαρᾷ
944 2497 1122 2569 χαίρει
1154 2501 1183 2551 6
1216 2499 1482 2572 μακάριος
1504 2498 1684 2565 Δαόὶδ,
1711 2516 1872 2552 σεσυ-

2044 2497 2110 2555 ll.
2142 2498 2313 2554 Hodie
2337 2500 2534 2571 gaudet
2559 2501 2756 2571 gaudio
2785 2500 2975 2557 beatus
3018 2500 3206 2567 David,
3238 2501 3544 2559 infantibus

300 2587 539 2659 λημένος
580 2587 678 2657 τὴν
726 2586 956 2658 κιθάραν
999 2588 1103 2641 ὐπὸ
1148 2590 1357 2660 νηπίων
1381 2607 1395 2620 ·
1423 2586 1503 2654 οἷς
1546 2590 1638 2643 καὶ
1684 2588 1871 2662 συγχο-

1974 2592 2334 2664 spoliantibus
2363 2590 2592 2656 cithara,
2621 2592 2947 2662 quibuscum
2983 2595 3145 2649 etiam
3177 2596 3372 2665 spiritu
3402 2597 3540 2649 cho-

304 2679 484 2750 ρεύων
531 2678 608 2750 τῷ
645 2678 912 2750 πνεύματι
954 2680 1048 2735 καὶ¹
1098 2682 1582 2753 συνευωχούμενος,
1624 2683 1871 2755 καθάπερ

1972 2695 2093 2736 reas
2121 2680 2326 2735 ducens
2343 2695 2555 2750 unaque
2573 2682 2889 2745 delectatus,
2926 2684 3064 2738 sicut
3086 2684 3214 2737 olim
3237 2699 3420 2738 coram
3443 2684 3535 2740 Dei

315 2771 370 2825 τὸ
402 2772 529 2844 πρὶν
563 2771 668 2843 πρὸ
698 2771 988 2844 προσώπου
1016 2773 1123 2843 τῆς
1159 2772 1387 2827 κιϐωτοῦ
1420 2773 1511 2827 τοῦ
1549 2774 1703 2839 Θεοῦ,
1740 2792 1871 2847 συμ-

1973 2787 2100 2827 arca
2125 2772 2192 2838 ³⁸,
2226 2773 2469 2828 musicos
2494 2780 2795 2827 concentus
2827 2776 3020 2829 miscet
3064 2790 3127 2829 ac
3160 2777 3399 2832 suaviter
3442 2776 3539 2830 ad-

311 2864 640 2937 μουσουργεῖ
684 2864 776 2917 καὶ
821 2862 1168 2935 συμψελλίζει
1215 2865 1419 2935 ἡδέωςο
1453 2865 1871 2935 Εὐλογημένος

1976 2864 2207 2918 balbutit
2242 2884 2254 2919 :
2290 2862 2601 2918 Benedictus
2632 2866 2723 2934 qui
2748 2866 2882 2919 venit
2907 2868 2959 2920 in
2991 2868 3196 2923 nomine
3223 2867 3435 2922 Domini
3466 2868 3532 2922 ³⁸.

308 2956 347 3007 ὁ
374 2954 692 3025 ἐρχόμενος
717 2954 786 3008 έν
813 2956 1053 3024 ὀνόματι
1074 2956 1314 3023 Κυρίου.
1348 2955 1490 3027 Πρὸς
1521 2956 1579 3009 δν
1601 2955 1833 3029 ἐροῦμεν
1852 2974 1866 2988 ·

1975 2954 2142 3021 Quem
2168 2957 2681 3026 percunctabimur?
2702 2958 2836 3014 cedo
2856 2959 3035 3026 nobis,
3074 2957 3340 3030 Propheta
3365 2982 3378 3018 :
3410 2962 3534 3032 quis

306 3043 451 3113 Λέγε
480 3046 629 3116 ήμῖν,
659 3040 703 3100 ὦ
726 3046 1000 3118 προφῆτα,
1025 3046 1106 3108 τίς
1132 3040 1287 3110 οὗτος
1317 3048 1344 3100 6
1371 3048 1662 3119 ἐρχόμενος
1685 3049 1741 3100 ἐν
1766 3047 1871 3100 ὀνό-

1974 3050 2078 3105 iste
2104 3059 2187 3105 est
2232 3053 2321 3121 qui
2368 3054 2515 3107 venit
2548 3052 2601 3106 in
2636 3052 2854 3107 nomine
2902 3051 3149 3107 Domini?
3175 3053 3241 3108 At
3268 3054 3384 3110 illc:
3417 3054 3535 3110 Non

308 3154 441 3207 ματι
471 3138 708 3209 Κυρίου;
745 3138 857 3191 Οὐκ
883 3139 1034 3208 ἐμὸν,
1066 3140 1218 3212 φησὶ,
1240 3138 1301 3192 τὸ
1330 3138 1688 3194 διδασκαλεῖον
1711 3141 1871 3211 σήμε-

1978 3158 2130 3207 meae,
2170 3144 2367 3214 inquit,
2397 3143 2555 3200 hodie
2586 3151 2713 3200 sunt
2743 3143 2971 3199 docendi
2995 3154 3205 3214 partes;
3238 3146 3536 3202 infantibus

309 3245 400 3302 ρον
419 3246 433 3259 ⁸
460 3229 674 3302 νηπίοις
706 3228 815 3301 γὰρ
845 3229 1142 3301 ἀφιέρωται
1176 3230 1324 3303 παρὰ
1354 3230 1445 3284 τοῦ
1474 3231 1871 3301 καταρτήσαν-

1975 3234 2115 3288 enim
2145 3236 2485 3291 consecravit
2528 3237 2769 3292 scholam
2790 3279 2804 3301 ,
2846 3239 2936 3308 qui
2986 3239 3199 3309 perfecit
3233 3238 3441 3292 laudem
3469 3254 3537 3292 ea:

305 3335 409 3386 τος
441 3321 511 3373 ἐκ
554 3321 854 3390 στόματος
889 3320 1123 3388 νηπίων
1151 3322 1245 3376 καὶ
1277 3321 1649 3390 θηλαζόντων
1675 3318 1865 3388 αἶνον,

305 3411 414 3466 τοῦ
440 3412 773 3466 καταλῦσαι
816 3412 1031 3482 ἐχθρὸν
1061 3413 1160 3467 καὶ
1203 3411 1557 3483 ἐκδικητήν·
1590 3414 1736 3478 ὅπως
1775 3412 1869 3468 ml

306 3505 394 3561 διὰ
431 3506 525 3560 τοῦ
571 3504 844 3577 θαύματος
887 3504 1090 3560 τούτων
1142 3505 1548 3576 έπιστραφῶσι
1600 3505 1869 3576 πατέρων

308 3598 539 3669 καρδίαι
569 3597 665 3651 ἐπὶ
704 3596 900 3662 τέκνα,
937 3596 1035 3651 καὶ
1066 3597 1326 3665 ἀπειθεῖς
1354 3598 1424 3651 ἐν
1458 3598 1746 3668 φρονήσει
1785 3596 1870 3651 δι-

307 3693 510 3750 καίων.
542 3691 741 3762 Λέγετε
784 3694 934 3764 ἡμῖν,
964 3686 1009 3746 ὧ
1050 3693 1254 3758 παῖδες,
1294 3693 1455 3747 πόθεν
1498 3694 1623 3765 ὑμῖν
1664 3696 1698 3766 ή
1729 3692 1868 3766 καλὴ

308 3781 444 3857 αὐτη
473 3783 567 3837 καὶ
590 3783 844 3855 ἐπίχαρις
873 3783 983 3853 (89)
1014 3783 1214 3854 ἅμιλλα
1241 3785 1333 3838 καὶ¹
1358 3784 1500 3857 ᾡδής
1537 3785 1630 3848 Τίς
1663 3786 1692 3838 ὁ
1720 3785 1867 3840 διδά-

310 3875 439 3942 Eae;
477 3876 571 3939 Τίς
614 3878 642 3929 6
677 3875 929 3945 σοφίσας;
963 3875 1057 3940 Τίς
1085 3877 1114 3928 ὁ
1147 3874 1539 3949 συναθροίσας;
1570 3878 1725 3930 Ποῖαι
1749 3877 1866 3931 δέλ-

306 3983 422 4034 τοι;
471 3965 624 4029 Τίνες
680 3967 730 4018 οἱ
782 3964 1152 4035 παιδαγωγοί;
1198 3965 1668 4038 Συγκοινωνήσατε
1715 3969 1864 4039 ἡμῖν,

310 4059 463 4128 φασὶ.
498 4058 598 4130 τῆς
629 4058 859 4129 εὐωχίας
882 4057 974 4111 καὶ
1019 4057 1302 4129 μελῳδίας,
1339 4059 1435 4113 καὶ
1469 4057 1772 4129 μαθήσεσθε
1798 4060 1867 4116 τὰ

308 4153 512 4222 Μωύσῇ
546 4151 641 4205 καὶ
688 4153 801 4214 τοῖς
840 4149 1044 4215 λοιποῖς
1087 4152 1392 4223 προφήταις
1422 4152 1480 4205 ἐν
1531 4151 1862 4223 ἐπιθυμίαις.

322 4243 474 4298 Ἐπεὶ
516 4239 609 4296 οὖν
648 4243 1095 4316 προετράπημεν,
1127 4243 1223 4298 καὶ
1253 4242 1456 4311 δεξιὰς
1485 4246 1614 4316 ἡμῖν
1640 4244 1869 4301 ἔδωκαν

309 4334 359 4388 oi
401 4335 589 4399 παῖδες
632 4334 965 4402 κοινωνίας,
1013 4332 1194 4405 δεῦρο,
1241 4335 1534 4408 ἀγαπητοὶ,
1571 4335 1664 4390 καὶ
1707 4337 1867 4409 ἡμεῖς

310 4425 638 4499 ζηλὼσωμεν
677 4425 777 4497 τὴν
826 4426 1101 4498 θεοπρεπῆ
1147 4428 1382 4500 χορείαν,
1435 4429 1527 4482 καὶ
1577 4428 1712 4500 μετὰ
1761 4429 1867 4483 τῶν

308 4520 619 4577 ἀποστόλων
648 4519 1095 4590 όδοποιήσωμεν
1126 4519 1207 4587 τῷ
1232 4521 1603 4594 ἐπιϐεϐηκότι
1632 4521 1729 4577 ἐπὶ
1762 4520 1868 4576 τὸν

1976 3341 2065 3380 ore
2098 3326 2380 3393 infantium
2426 3336 2477 3380 et
2524 3327 2849 3394 lactentium,
2897 3339 2953 3381 ut
3002 3330 3236 3383 destruat
3266 3331 3541 3383 inimicum

1974 3427 2023 3470 et
2053 3417 2273 3471 ultorem
2294 3418 2339 3450 ⁸ο
2371 3440 2384 3474 :
2417 3436 2526 3491 quo
2559 3422 2744 3484 etiam,
2782 3421 3010 3476 istorum
3042 3421 3339 3484 miraculo,
3371 3421 3537 3476 corda

1974 3517 2183 3578 patrum
2216 3520 2579 3564 convertantur
2623 3517 2690 3565 ad
2718 3512 2878 3581 ﬁlios,
2916 3522 2965 3565 et
3002 3511 3258 3564 increduli
3301 3510 3370 3564 ad
3403 3528 3532 3582 pru-

1974 3599 2205 3655 dentiam
2213 3601 2479 3671 justorum
2493 3603 2558 3657 ιι.
2577 3601 2766 3664 Nobis,
2785 3602 2958 3672 pueri,
2981 3601 3194 3665 edicitc,
3220 3603 3361 3657 unde
3381 3603 3541 3659 vobis

1974 3693 2260 3763 pulchrum
2302 3693 2404 3748 hoc
2444 3693 2852 3765 gratiosumque
2884 3699 3155 3747 certamen
3188 3701 3241 3746 et
3280 3692 3540 3747 carmen?

1975 3782 2108 3850 Quis
2133 3784 2352 3839 docuit?
2394 3785 2518 3855 quis
2555 3782 2821 3838 erudivit?
2847 3782 2970 3853 quis
3000 3783 3377 3851 congregavit?
3413 3797 3541 3855 qua}

1974 3875 2205 3931 tabulae?
2231 3876 2321 3947 qui
2358 3874 2757 3946 ludimagistri?
2784 3873 2914 3935 Vos.
2960 3874 3231 3945 inquiunt,
3272 3874 3530 3945 voluptati

1974 3972 2177 4021 nostra:
2202 3965 2547 4035 canticoque,
2576 3979 2683 4018 una
2711 3962 2956 4019 accedite
2987 3964 3332 4033 socii,eaque
3357 3965 3534 4020 disce-

1974 4057 2066 4122 tis,
2100 4073 2221 4129 quae
2253 4056 2423 4129 Moysi
2453 4072 2517 4111 ac
2551 4056 2834 4128 prophetis
2867 4056 3090 4127 reliquis
3124 4056 3340 4111 fuerunt
3361 4056 3416 4111 in
3438 4056 3532 4111 de-

1973 4147 2174 4206 siderio
2199 4148 2267 4203 ".
2298 4147 2435 4215 Quia
2462 4163 2564 4203 nos
2591 4163 2722 4220 ergo
2773 4149 2924 4221 pueri
2954 4149 3272 4213 invitaruut,
3309 4163 3372 4202 ac
3404 4149 3534 4203 dea:-

1974 4252 2114 4297 teras
2167 4239 2417 4295 dederunt
2451 4242 2712 4295 societatis
2740 4239 2811 4307 ”,
2841 4240 3048 4308 adeste,
3084 4239 3286 4303 dilecti,
3313 4240 3506 4294 acmule

1972 4350 2096 4389 mur
2121 4341 2175 4389 et
2202 4333 2307 4405 ipsi
2332 4341 2618 4403 augustum
2650 4334 2782 4388 illud
2805 4334 3122 4404 tripudium,
3156 4348 3219 4386 ac
3248 4348 3371 4387 cum
3399 4347 3502 4402 apo

1974 4427 2150 4493 StOlis,
2185 4427 2285 4482 iter
2324 4427 2373 4482 ei
2404 4427 2697 4496 faciamus,
2732 4428 2820 4499 qui
2862 4426 3096 4481 ascendit
3148 4441 3302 4493 super
3347 4426 3531 4479 caelum

1973 4519 2108 4585 cali,
2139 4518 2209 4572 ad
2240 4517 2504 4574 Orientem
2547 4519 2614 4585 “,
2657 4522 2859 4590 quique
2896 4534 2996 4589 pro
3026 4518 3166 4572 bona
3201 4532 3298 4571 sua
3334 4518 3529 4571 volun~

310 4611 569 4683 οὐρανὸν
591 4610 698 4665 τοῦ
725 4611 982 4680 οὐρανοῦ
1005 4612 1132 4665 κατ’
1159 4611 1475 4680 ἀνατολὰς,
1506 4613 1599 4667 καὶ
1623 4612 1716 4667 ἐπὶ
1748 4614 1871 4666 ὑπο-

1976 4618 2106 4677 tate,
2141 4612 2410 4681 subjugali
2437 4613 2491 4665 in
2522 4619 2666 4666 terra
2703 4611 2919 4666 vehitur
2945 4609 3011 4664 “.
3046 4608 3322 4665 Tollamus
3350 4624 3532 4666 ramos

311 4705 516 4774 ζύγιον,
562 4704 638 4768 ὡς
689 4702 1004 4775 ηὐδόκησεν,
1059 4704 1406 4775 ἐποχουμένῳ
1454 4704 1547 4758 ἐπὶ
1592 4704 1694 4775 τῆς
1742 4705 1864 4776 γῆς.

309 4799 463 4854 Μετὰ
501 4797 609 4851 τῶν
655 4797 864 4869 νηπίων
903 4795 1069 4867 κλάδη
1109 4794 1350 4867 ἄρωμεν,
1393 4795 1628 4859 καὶτοῖς
1659 4794 1868 4859 θαλλοῖς

310 4892 683 4964 κροτήσωμεν,
708 4890 853 4952 ὅπως
884 4887 1181 4959 ἐπιπνεύσῃ
1215 4888 1310 4942 καὶ
1333 4889 1460 4960 ἡμῖν
1481 4889 1541 4942 τὸ
1562 4887 1784 4959 Πνεῦμα
1806 4887 1869 4940 τὸ

311 4983 483 5052 ἅγιον,
524 4983 620 5036 καὶ
656 4979 753 5053 τήν
782 4979 1114 5034 θεοδίδακτον
1155 4979 1549 5050 ἀναμέλψωμεν
1591 4981 1869 5044 εὐτάκτως

309 5071 453 5146 ᾠδήν
471 5090 487 5104 ο
516 5071 937 5143 Εὐλογημένος
968 5073 1002 5125 ό
1028 5070 1351 5140 ἐρχόμενος
1381 5070 1452 5124 ἐν
1482 5072 1723 5140 ὀνόματι
1754 5074 1869 5125 Κυ-

305 5165 459 5233 ρίου,
487 5163 731 5220 ὠσαννὰ
752 5163 821 5217 ἐν
850 5162 971 5229 τοῖς
997 5162 1296 5230 ὑψίστοις.
1325 5162 1569 5234 Σήμερον
1599 5161 1692 5216 καὶ
1713 5164 1741 5215 6
1766 5179 1870 5214 πα-

309 5256 571 5329 τριάρχης
616 5254 806 5310 Ἰακὼϐ
846 5255 904 5308 ἐν
959 5252 1225 5323 πνεύματι
1269 5252 1534 5325 ἑορτάζει,
1586 5252 1726 5324 ὁρῶν
1768 5251 1868 5324 τὴν

313 5347 642 5421 προφητείαν
678 5346 842 5401 αὐτοῦ
880 5347 960 5409 εἰς
996 5345 1154 5418 ἔργον
1187 5344 1442 5417 ἀχθεῖσαν
1461 5361 1475 5375 ·
1517 5345 1614 5399 καὶ
1658 5344 1749 5398 τὸν
1776 5343 1864 5396 δε-

1972 4717 2096 4757 cum
2137 4703 2341 4772 pueris,
2382 4703 2806 4772 plaudamusque
2853 4701 3018 4755 ramis
3053 4700 3347 4765 olivarum,
3385 4707 3531 4755 utet

1972 4810 2073 4851 nos
2111 4793 2347 4864 Spiritus
2377 4804 2601 4851 sanctus
2635 4792 2919 4857 alﬂaverit,
2957 4792 3326 4863 divinitusque
3360 4794 3530 4863 inspi-

1971 4896 2148 4941 ratum
2182 4888 2453 4942 canticum
2489 4886 2786 4956 composite
2810 4884 3188 4941 modulemur:
3220 4887 3533 4943 Benedictus

1969 4978 2059 5048 qui
2087 4980 2221 5033 renit
2243 4980 2298 5032 in
2318 4979 2526 5033 nomine
2549 4977 2780 5042 Domini,
2807 4976 3063 5033 Hosanna
3084 4979 3140 5032 in
3166 4979 3441 5034 altissimis
3458 4979 3526 5035 ⁵⁸.

1972 5067 2077 5125 Sed
2101 5077 2155 5125 et
2180 5070 2486 5140 patriarcha
2511 5067 2680 5124 Iacob
2704 5067 2864 5124 hodie
2890 5069 2944 5125 in
2962 5070 3154 5141 spiritu
3180 5069 3376 5126 festum
3397 5071 3529 5140 agit,

1963 5162 2055 5231 qui
2111 5162 2444 5232 prophetiam
2496 5176 2651 5217 suam
2703 5161 2760 5217 in
2807 5177 2944 5233 opus
2974 5163 3259 5219 deductam
3312 5164 3526 5228 videat,

1962 5267 2213 5322 eumque,
2238 5252 2333 5322 qui
2361 5251 2566 5321 pullum
2597 5266 2757 5307 suum
2789 5252 2979 5324 alligat
3013 5252 3083 5307 ad
3114 5254 3276 5309 vitem
3296 5253 3365 5320 δ’,
3386 5265 3532 5306 novo

1960 5343 2276 5414 impositum
2316 5343 2496 5412 pullo,
2544 5357 2613 5423 ac
2651 5342 2890 5400 ﬁdelium
2921 5344 3108 5400 socius
3171 5343 3386 5398 Patrem
3429 5338 3531 5396 ad-

380 5503 427 5536 ³³
455 5500 607 5557 Psal.
644 5518 754 5567 LXI,
793 5503 845 5558 9.
921 5501 967 5535 "
995 5499 1145 5556 Psal.
1173 5516 1341 5563 cxvrt,
1371 5501 1476 5568 26;
1511 5498 1703 5554 Matth.
1732 5500 1871 5562 ΠΜ

1972 5496 2240 5568 Μανοηιι,
2275 5497 2342 5567 9;
2372 5496 2502 5553 Luc.
2532 5514 2647 5566 nx,
2681 5497 2786 5565 58;
2821 5498 2984 5554 Joan.
3014 5514 3114 5560 xu,
3138 5498 3223 5568 l3.
3296 5497 3343 5568 ff
3374 5493 3505 5568 Gen.

311 5589 482 5633 xxvn.
515 5573 606 5628 29.
680 5564 903 5627 "Psal.
949 5586 1171 5629 csum.
1224 5571 1312 5631 11.
1347 5564 1471 5625 12.’
1508 5571 1553 5602 ³⁷
1584 5569 1756 5625 Exod.
1808 5584 1871 5623 xv

1972 5609 1981 5623 .
2057 5569 2106 5638 ’ἦ
2131 5567 2173 5621 ιι
2204 5564 2336 5638 Reg.
2377 5585 2454 5633 vt,
2492 5569 2579 5624 14.
2634 5564 2700 5602 ⁷⁸⁹
2730 5569 2879 5625 Psal.
2914 5582 3083 5627 csvu.
3109 5566 3218 5638 726.
3251 5564 3529 5638 __‘°__Psnl.

314 5659 431 5708 vm,
461 5645 513 5699 5.
588 5643 633 5676 δ’
670 5642 902 5697 Malach.
938 5658 1013 5706 tv,
1040 5640 1105 5707 6;
1131 5640 1258 5695 Luc.
1288 5656 1325 5703 I,
1362 5641 1449 5695 l7.
1521 5641 1570 5673 “
1601 5641 1728 5698 Luc.
1757 5655 1811 5709 ι,
1837 5638 1871 5692 2

2002 5640 2047 5672 ⁸³
2072 5637 2249 5693 Galat.
2276 5633 2345 5704 ll,
2380 5639 2433 5694 9.
2521 5638 2570 5671 “
2601 5638 2752 5696 Psal.
2773 5653 2940 5701 uvu,
2970 5637 3025 5703 5,
3056 5637 3145 5691 δὲ.
3247 5635 3292 5667 ’⁵³
3323 5633 3521 5695 Matth.

316 5723 426 5778 tn,
456 5715 507 5768 5.
583 5713 628 5745 “
650 5713 780 5768 ibid.
811 5713 865 5767 9.
938 5709 983 5744 "’
1014 5710 1140 5765 Gen.
1181 5726 1326 5776 χιιι,
1353 5711 1440 5767 10.

382 5830 491 5903 (88)
518 5832 681 5889 Καθὰ
709 5830 891 5886 πάλαι
923 5829 996 5885 M.
1031 5830 1132 5899 A1,,
1162 5827 1410 5901 καθάπερ
1437 5829 1512 5885 Μ.
2038 5828 2152 5901 (89)
2183 5829 2435 5899 Καλὴ...
2462 5826 2753 5896 ἐπίχαρις.
2792 5823 2898 5887 AL,
2927 5821 3177 5897 καινὴ...-.
3204 5820 3525 5893 περιχαρής,
