4088 6284
472 339 580 402 337

1469 335 1526 390 S.
1568 327 1899 388 METHODII
1935 325 2246 391 EPISCOPI
2281 323 2369 385 ET
2406 327 2769 386 MARTVRIS

3619 335 3729 393 388

468 466 610 514 orat.
649 455 819 512 Hodie
849 463 1065 526 aptatur
1093 451 1296 524 pullus,
1332 449 1573 522 gentium
1605 449 1879 520 quondam
1906 449 2046 502 irra-

2149 447 2416 520 σμεύοντα
2449 447 2584 518 πρὸς
2611 446 2853 517 ἄμπελον
2883 444 2973 498 τὸν
3019 445 3194 499 πῶλον
3228 446 3392 499 αὐτοῦ
3433 447 3568 520 (90),
3610 451 3727 505 ἐπι-

469 550 780 613 tionalium,
806 545 1120 602 irrationale
1149 543 1443 613 exemplar,
1489 542 1554 596 ad
1588 542 1769 612 populi
1814 557 1880 595 ex
1919 554 2048 608 gen-

469 644 617 699 tibus
691 639 1100 712 signiﬁcandam
1149 636 1537 705 subjectionem
1589 653 1605 688 :
1657 633 2047 702 declarantque

468 736 620 806 pueri
659 735 886 802 primam
923 731 1140 784 illorum
1167 769 1180 792 ,
1216 729 1360 798 quod
1395 727 1460 780 ad
1507 725 1600 780 Dei
1641 725 1890 779 notitiam
1921 741 2046 794 spe-

468 835 608 888 ctat,
643 823 968 894 pueritiam;
1023 830 1373 888 secutamque
1417 817 1764 887 postmodum
1857 815 1912 869 in
1951 815 2046 871 Dei

469 919 618 971 cultu
667 931 731 970 ac
760 930 888 969 vera
939 914 1195 982 religione
1226 911 1644 967 absolutionem.
1680 907 1854 965 Hodie
1882 908 2043 978 juxta

467 1003 797 1078 Prophetam
831 1005 898 1070 ³⁸⁸,
932 1004 1117 1075 gloriae
1157 1001 1267 1057 Rex
1299 1001 1554 1055 laudatur
1587 1000 1642 1054 in
1681 1009 1847 1065 terra,
1879 1001 2046 1055 coele-

466 1100 676 1168 stisque
705 1098 850 1167 epuli
899 1108 951 1152 et
978 1095 1174 1150 laetitiae
1204 1111 1306 1147 una
1347 1093 1526 1148 socios
1555 1093 1855 1163 terrigenas
1887 1092 2038 1158 facit,

465 1206 575 1262 quo
617 1205 676 1244 se
723 1197 1080 1256 utrorumque
1130 1184 1418 1238 Dominum
1478 1184 1690 1254 probet,
1754 1185 1898 1238 velut
1945 1185 2039 1254 qui

468 1281 854 1337 communibus
891 1279 1149 1348 utrinque
1193 1280 1415 1334 vocibus
1461 1276 1801 1332 decantetur.
1838 1277 2046 1332 Idcirco

464 1374 690 1443 superni
724 1373 800 1426 illi
822 1373 1168 1427 terrestrium
1203 1371 1438 1428 salutem
1464 1371 1871 1433 annuntiantes,
1901 1370 2047 1440 psal-

467 1465 652 1521 lebant
674 1465 718 1496 ‘9
753 1483 764 1517 :
796 1463 1060 1526 Sanctus,
1097 1471 1334 1524 sanctus,
1371 1472 1616 1526 sanctus,
1659 1459 1912 1513 Dominus
1945 1458 2046 1513 Sa-

466 1549 644 1604 baoth.
671 1550 836 1604 Plena
869 1551 1038 1604 omnis
1065 1558 1204 1603 terra
1235 1549 1405 1619 gloria
1436 1549 1547 1618 ejus
1573 1565 1590 1602 :
1622 1547 1835 1602 inferno
1863 1553 2045 1601 autent

465 1643 654 1714 positi,
691 1643 964 1696 communi
1011 1650 1067 1696 et
1103 1643 1204 1710 ipsi
1258 1649 1528 1697 conventu
1561 1641 1863 1695 cmlcstium
1912 1638 2047 1692 laeti-

467 1734 598 1787 tiam
633 1733 995 1796 celebrantes,
1044 1733 1351 1787 clamabant
1383 1749 1395 1783 :
1447 1732 1702 1786 Hosaima
1741 1730 1818 1802 [in
1847 1729 2046 1783 altissio

2150 539 2422 610 ϐεϐηκότα
2479 537 2572 591 ἐπὶ
2620 538 2796 592 πῶλον
2846 535 2987 600 νέον,
3029 537 3120 589 καὶ
3171 536 3306 606 μετὰ
3356 537 3466 592 τῶν
3518 541 3729 594 πιστῶν

2149 634 2443 702 προσκυνεῖ
2474 630 2550 701 τῷ
2592 629 2787 700 Πατρί.
2841 631 3086 700 Σήμερον
3139 628 3314 692 πῶλος
3358 630 3727 700 ὲτοιμὰζεται,

2148 720 2208 774 τὸ
2241 721 2345 774 τῶν
2377 721 2673 789 ἀλογίστων
2707 718 2876 772 ἐθνῶν
2906 719 2966 772 τὸ
2994 719 3121 790 πρὶν
3153 718 3432 786 ἀλόγιστον
3458 718 3726 788 ὲξεμϐλά-

2150 829 2263 882 ριον
2297 812 2429 883 (91),
2461 814 2540 874 εἰς
2571 810 2830 876 ἐπίδειξιν
2865 810 3140 879 ὑποταγῆς
3167 809 3260 861 τοῦ
3287 807 3344 873 ἐξ
3367 804 3536 862 ἐθνῶν
3560 808 3688 862 λαοῦ
3708 827 3726 842 ·

2149 907 2240 957 καὶ¹
2267 906 2434 974 νήπια
2457 903 2862 975 καταμηνύουσι
2886 903 2982 974 τὴν
3007 904 3210 956 τούτων
3234 903 3366 972 πρὸς
3396 902 3728 972 θεογνωσίαν

2149 998 2466 1068 νηπιότητα,
2495 999 2588 1051 καὶ
2619 997 2718 1068 τὴν
2749 996 2887 1066 μετὰ
2917 995 3088 1050 ταῦτα
3131 995 3266 1069 πρὸς
3297 996 3605 1049 θεοσέϐειαν
3646 1013 3731 1049 τε-

2149 1089 2416 1160 λειότητα.
2448 1092 2692 1162 Σήμερον
2718 1093 2746 1143 ὁ
2778 1089 3028 1161 βασιλεὺς
3054 1086 3151 1160 τῆς
3179 1089 3334 1161 δόξης
3361 1090 3452 1142 ἐπὶ
3474 1087 3577 1159 γῆς
3601 1105 3730 1163 προ-

2150 1181 2394 1252 φητικῶς
2427 1180 2730 1247 δοξάζεται,
2777 1182 2870 1235 καὶ
2913 1180 3309 1250 συγκοινωνοὺς
3352 1181 3448 1252 τῆς
3495 1182 3728 1253 ἐπουρα-

2149 1275 2261 1326 νίου
2294 1273 2556 1344 εὐωχείας
2586 1276 2710 1336 τοὺς
2737 1275 2985 1342 γηγενεῖς
3019 1270 3411 1334 ἀναδείκνυσιν,
3440 1272 3525 1324 ἵνα
3553 1271 3722 1346 δείξῃ,

2147 1367 2230 1420 ὅτι
2281 1366 2443 1431 αύτός
2478 1367 2594 1419 ἐστι
2637 1365 2841 1436 Κύριος
2875 1365 3217 1435 ἀμφοτέρων,
3271 1363 3346 1426 ὼς
3388 1362 3726 1438 ἑκατέρωθεν

2151 1443 2458 1529 συμφώνως
2485 1455 2911 1529 ἁνυμνούμενος.
2946 1455 3045 1508 Διὰ
3070 1451 3227 1507 τοῦτο
3256 1454 3304 1507 οί
3329 1452 3423 1524 μὲν
3454 1455 3565 1509 ἄνω
3615 1451 3730 1525 (92)

2149 1549 2246 1620 τὴν
2301 1549 2394 1603 ἐπὶ
2449 1551 2549 1620 γῆς
2614 1548 2888 1620 σωτηρίαν
2949 1543 3390 1618 καταμηνύοντες
3449 1546 3674 1616 ἔψαλλον
3707 1565 3721 1579 ·

2152 1641 2375 1710 Ἄγιος,
2437 1641 2634 1710 ἅγιος,
2679 1639 2845 1709 ἅγιος
2895 1640 3106 1706 Κύριος
3163 1637 3422 1692 Σαϐαὼθ.
3482 1635 3726 1706 Πλήρης

2151 1733 2319 1789 πᾶσα
2345 1735 2382 1802 ἠ
2413 1733 2490 1803 γῆ
2520 1733 2631 1802 τῆς
2659 1733 2843 1800 δόξης
2873 1729 3060 1784 αὐτοῦ
3080 1747 3092 1759 °
3126 1731 3174 1781 οί
3208 1730 3263 1782 δὲ
3292 1730 3441 1783 κάτω
3473 1731 3538 1802 τῇ
3567 1733 3728 1782 ὲπου-

469 1826 569 1878 mis
598 1841 615 1877 :
650 1822 927 1898 Ilosanna]
960 1823 1007 1876 F
1011 1825 1104 1877 ilio
1134 1824 1326 1878 David.
1369 1823 1544 1894 Atque
1573 1823 1782 1892 priores
1829 1820 2046 1891 quidem

2156 1825 2325 1897 ρανίῳ
2405 1825 2710 1896 εὐφροσύνῃ
2792 1819 3364 1894 συμπανηγυρίξοντες
3435 1819 3665 1892 ἔκραζον
3707 1837 3723 1854 ο

469 1917 526 1971 in
556 1915 673 1970 base
707 1916 870 1972 verba
906 1915 1204 1970 laudabant
1241 1935 1253 1968 :
1295 1914 1579 1968 Benedicta
1623 1911 1795 1983 gloria
1837 1909 2046 1964 Domini

465 2007 532 2063 de
571 2009 683 2062 loco
714 2024 810 2062 suo
842 2008 909 2060 '°.
939 2008 1032 2063 Isti
1064 2013 1246 2062 autem
1283 2005 1302 2078 [
1328 2005 1492 2060 Deum
1524 2005 1886 2063 celebrantes,
1911 2001 1930 2073 J
1958 2001 2046 2054 di-

466 2099 666 2154 cebant
697 2117 709 2153 :
741 2097 1056 2152 Benedictus
1100 2099 1190 2169 qui
1220 2098 1359 2152 venit
1403 2098 1460 2153 in
1489 2096 1698 2150 nomine
1730 2094 1942 2149 Domini
1977 2094 2042 2147 ".

540 2373 627 2429 IIl.
668 2374 802 2428 Cum
835 2383 1014 2428 autem
1079 2373 1195 2428 haec
1229 2378 1657 2444 peragerentur,
1699 2369 2047 2442 discipulique

465 2464 754 2536 gaudentes
778 2462 1057 2517 laudarent
1079 2477 1232 2531 super
1257 2463 1495 2516 omnibus
1519 2478 1649 2533 quas
1681 2459 1918 2514 viderant
1944 2463 2046 2514 vir-

469 2557 704 2622 tutibus,
762 2573 824 2610 ac
868 2555 1099 2609 dicerent
1135 2569 1152 2607 :
1203 2551 1513 2608 Benedictus
1563 2553 1652 2623 qui
1688 2551 1822 2605 venit
1851 2567 1942 2606 rex
1990 2552 2046 2606 in

467 2651 677 2704 nomine
701 2647 912 2701 Domini
943 2662 960 2700 :
985 2662 1091 2714 paa:
1128 2648 1181 2700 in
1217 2648 1365 2709 caelo,
1392 2658 1433 2700 et
1464 2643 1630 2716 gloria
1660 2645 1713 2698 in
1734 2644 1951 2698 excelsis
1974 2646 2042 2709 ",

467 2739 637 2809 cepit
684 2738 877 2792 civitas
924 2737 1280 2807 interrogare,
1332 2735 1554 2790 dicens:
1588 2733 1716 2799 Quis
1748 2745 1824 2788 est
1854 2734 1935 2787 hic
1956 2734 2046 2790 "1

469 2829 785 2885 induratum
820 2834 1166 2896 veteremque
1215 2827 1502 2880 adversum
1556 2824 1767 2878 Domini
1814 2825 2045 2895 gloriam

470 2920 702 2974 livorem
746 2918 1011 2972 excitans.
1059 2915 1139 2970 Tu
1185 2927 1364 2969 autem
1398 2931 1521 2968 cum
1562 2915 1720 2969 audis
1745 2915 2042 2980 civitatem,

467 3017 706 3066 veterem
781 3007 1080 3081 Synagogze
1147 3007 1564 3076 incompositam
1638 3006 2042 3060 multitudinem

473 3116 728 3172 agnosce.
763 3097 1101 3168 lnterrogant
1132 3097 1330 3168 ingrati
1381 3097 1741 3166 malignique,
1796 3097 1928 3162 Quis
1967 3103 2044 3150 est

471 3170 594 3254 hic?
641 3197 801 3269 quasi
847 3195 1080 3250 necdum
1127 3192 1448 3248 beneﬁt-ium
1499 3192 1781 3253 vidissent,
1818 3170 2117 3262 eumquec

470 3305 632 3361 quem
663 3288 882 3342 homine
909 3288 1117 3354 majora
1137 3326 1151 3351 ,
1191 3283 1375 3338 divina
1418 3282 1701 3347 miracula,
1735 3282 2048 3339 celebratis-

472 3381 669 3436 simum
725 3378 1005 3432 fecissent.
1061 3371 1184 3428 Non
1253 3375 1390 3428 enim
1456 3377 1677 3428 tenebris
1715 3374 2049 3442 comprehen-

471 3470 660 3524 derunt
705 3468 840 3537 quod
888 3468 1023 3520 luxit
1068 3467 1121 3519 in
1166 3466 1294 3535 ipsis
1336 3464 1507 3518 lumen
1554 3465 1632 3530 “,
1668 3481 1900 3519 occasus
1949 3482 2048 3521 ne-

473 3562 670 3618 scium.
706 3560 1071 3626 Quamobrem
1098 3557 1343 3628 apposite
1365 3556 1430 3610 ad
1463 3557 1585 3612 illos
1613 3557 1862 3610 clamavit
1881 3554 2049 3612 Isaias

472 3635 733 3724 propheta
781 3649 971 3704 dicens
1015 3667 1027 3701 :
1064 3646 1252 3709 Surdi,
1286 3645 1483 3710 audite,
1535 3657 1582 3698 et
1608 3653 1762 3708 cwci,
1805 3647 2050 3714 suspicite

471 3753 528 3795 ut
557 3740 796 3795 videatis.
831 3735 900 3790 Et
950 3738 1066 3807 quis
1106 3745 1183 3790 est
1235 3751 1402 3789 carcus
1439 3733 1583 3806 [nisi
1637 3735 1785 3804 pueri
1817 3736 1918 3787 mei
1947 3751 1966 3789 :
1999 3744 2050 3788 et

469 3832 667 3905 surdi],
700 3831 804 3884 nisi
831 3829 920 3901 qui
948 3828 1290 3882 dominantur
1315 3828 1533 3881 eorum?
1564 3824 1632 3879 Et
1664 3826 1798 3879 servi
1832 3825 1926 3879 Dei
1955 3825 2050 3878 ob-

471 3923 655 3978 caecati
687 3929 830 3975 sunt.
873 3919 1092 3972 Vidistis
1119 3933 1277 3986 saepe,
1311 3927 1361 3970 et
1385 3933 1490 3970 non
1519 3914 1826 3969 custodistis
1853 3930 1872 3968 :
1898 3931 2051 3984 aper.

473 4026 542 4070 ta:
580 4023 702 4070 sunt
742 4026 922 4074 aures,
980 4019 1029 4064 et
1057 4027 1175 4078 ιιιοιι
1209 4009 1435 4062 audistis
1465 4008 1531 4060 ⁵⁸.
1569 3996 1797 4070 Videtis,
1841 4005 2046 4072 dilecti,

473 4121 637 4176 quam
662 4105 733 4159 sit
758 4111 1052 4159 accuratus
1079 4119 1294 4171 sermo;
1321 4112 1379 4158 ut
1400 4103 1617 4158 divinus
1644 4101 1899 4173 Spiritus,
1927 4115 2049 4172 quae

475 4204 674 4256 suaest
690 4197 998 4253 futurorum
1026 4197 1314 4266 inspectio,
1350 4213 1446 4267 per
1478 4206 1696 4252 sanctos
1726 4211 1875 4261 suos,
1903 4195 2050 4250 velut

473 4289 765 4362 prasentia
790 4295 998 4352 essent,
1038 4286 1222 4342 futura
1251 4286 1644 4357 praadicaverit.
1676 4286 1944 4341 Viderunt
1972 4287 2048 4342 si-

471 4381 692 4452 quidem
737 4379 959 4450 ingrati,
1001 4379 1400 4450 palparnntque
1440 4393 1506 4432 ex
1541 4378 1844 4443 miraculis,
1881 4377 2048 4432 mira-

471 4474 722 4530 culorum
754 4479 1087 4544 patratorem
1131 4469 1331 4536 Deum,
1365 4485 1429 4524 ac
1474 4469 1827 4525 nihilominus
1873 4469 1926 4524 in
1963 4470 2046 4524 in-

2161 1917 2416 1972 Ὡσαννὰ
2441 1915 2532 1988 [ἐν
2569 1917 2694 1983 τοῖς
2720 1917 3002 1985 ὑψίστοις
3021 1931 3033 1944 ·
3069 1911 3336 1985 ὠσαννὰ]
3366 1912 3444 1978 τῷ
3472 1913 3580 1980 υἱῷ
3620 1915 3727 1968 Δα-

2149 2009 2264 2064 σίδ.
2307 2008 2418 2062 Καὶ
2458 2009 2510 2062 οί
2547 2010 2645 2081 μὲν
2693 2008 2803 2063 ἄνω
2836 2006 3202 2074 ἐδοξολόγουν·
3248 2003 3635 2076 Εὐλογημένη
3683 2004 3724 2073 ἠ

2147 2101 2299 2166 δόξα
2345 2101 2568 2170 Κυρίου
2614 2103 2684 2155 ἐκ
2729 2100 2834 2155 τοῦ
2881 2103 3068 2154 τόπου
3117 2096 3333 2153 αὐτοῦ·
3383 2097 3432 2150 οἱ
3476 2095 3534 2151 δὲ
3573 2097 3725 2151 κάτω

2149 2191 2500 2264 [ὲθεολόγουν
2521 2191 2539 2263 ]
2562 2207 2580 2223 ⁸
2621 2191 3045 2263 Εὐλογημένος
3077 2195 3110 2245 ὀ
3137 2189 3458 2260 ἐρχόμενος
3489 2189 3558 2242 ἐν
3585 2189 3724 2243 ὀνό-

2145 2303 2288 2355 ματι
2318 2286 2562 2352 Κυρίου.

2217 2376 2291 2429 Γ’.
2324 2374 2538 2429 Τούτων
2569 2374 2625 2428 δὲ
2662 2375 2832 2438 οὕτως
2860 2373 3215 2444 τελουμένων,
3251 2371 3360 2426 Kal
3395 2367 3512 2424 τῶν
3538 2371 3726 2438 μαθη-

2145 2466 2264 2520 τῶν
2310 2467 2682 2536 χορευόντων
2720 2463 2853 2533 περὶ
2904 2461 3146 2518 πάντων
3193 2456 3280 2516 ὧν
3320 2457 3484 2515 εἶδον
3540 2457 3726 2512 δυνάμι

2143 2575 2322 2629 μεων,
2365 2556 2464 2610 καὶ
2505 2557 2825 2626 λεγόντων,
2871 2554 3292 2627 Εὐλογημένος
3338 2556 3370 2608 ό
3405 2553 3726 2622 ἐρχόμενος

2149 2645 2488 2720 [βασιλεὺς]
2515 2645 2584 2699 ἐν
2609 2646 2848 2716 ὀνόματι
2871 2646 3089 2714 Κυρίου
3109 2661 3122 2674 ·
3152 2645 3221 2698 ἐν
3242 2642 3473 2712 οὐρανῷ
3495 2641 3724 2710 εἰρήνη,

2147 2739 2245 2793 καί
2289 2737 2438 2802 δόξα
2470 2736 2540 2790 ἐν
2583 2734 2902 2805 ὑψίστοις·
2948 2735 2982 2807 ὴ
3030 2734 3182 2798 πόλις
3223 2732 3449 2786 ἐπύθετο
3485 2731 3596 2804 (95)
3639 2728 3730 2785 λέο

2145 2847 2344 2900 γουσα’
2377 2830 2473 2896 Τίς
2497 2828 2668 2883 ἐστιν
2687 2825 2865 2894 οὗτος
2887 2845 2905 2893 ;
2937 2826 3338 2900 πεπωρωμένον
3366 2825 3558 2895 φθόνον
3580 2823 3726 2878 κατὰ

2145 2920 2244 2992 τῆς
2279 2919 2372 2974 τοῦ
2407 2920 2679 2973 Δεσπότου
2722 2919 2877 2988 δόξης
2907 2919 3150 2974 κινοῦσα.
3191 2919 3352 2972 ΙΙόλιν
3383 2917 3440 2971 δὲ
3487 2915 3727 2984 ἀκούων,

2144 3009 2243 3081 τὴν
2270 3010 2501 3063 παλαιὰν
2537 3011 2637 3080 τῆς
2672 3004 2996 3078 Συναγωγῆς
3035 3010 3265 3063 ἄτακτον
3306 3006 3514 3078 πληθὺν
3543 3005 3727 3076 ἐπιγί-

2147 3120 2342 3157 νωσκε.
2389 3102 2726 3175 Διερωτῶσιν
2753 3101 2802 3156 οί
2831 3101 3161 3174 ἀγνώμονες,
3193 3102 3287 3168 Τίς
3311 3101 3483 3154 ἐστιν
3511 3093 3722 3166 οὗτος;

2149 3193 2224 3259 ὼς
2272 3195 2437 3266 μήπω
2468 3193 2775 3266 ἑωρακότες
2811 3192 2902 3247 τὸν
2944 3194 3234 3266 εὐεργέτην
3279 3193 3374 3247 καὶ
3406 3191 3723 3265 περιϐόητον

2148 3289 2260 3352 τοῖς
2307 3285 2632 3360 θεοπρεπέσι
2684 3285 2974 3358 θαύμασιν.
3019 3289 3100 3340 Οὐ
3146 3286 3256 3356 γὰρ
3308 3283 3628 3339 κατέλαϐεν
3678 3285 3718 3352 ἡ

2150 3380 2363 3434 σκοτία
2387 3381 2452 3434 τὸ
2477 3380 2547 3433 ἐν
2576 3377 2732 3448 αὐτῇ
2755 3376 3103 3448 ἐπιλάμψαν
3133 3378 3355 3432 ἄδυτον
3380 3375 3522 3446 φῶς.
3559 3372 3722 3427 Ὅθεν

2149 3469 2452 3537 εὐθυὸόλως
2484 3473 2620 3546 πρὸς
2649 3473 2842 3537 αὐτοὺς
2882 3471 3260 3544 ἀνακέκραγεν
3287 3469 3397 3540 (94)
3436 3468 3662 3530 Ἡσαΐας
3695 3465 3726 3518 δ

2150 3565 2433 3636 προφήτης
2471 3563 2644 3634 λέγων
2666 3580 2682 3594 ’
2721 3565 2783 3618 Οἱ
2831 3563 3014 3634 κωφοί
3045 3563 3365 3625 ἀκούσατε,
3411 3560 3508 3616 καὶ
3543 3563 3595 3612 οἱ
3625 3573 3728 3611 τυ-

2149 3656 2290 3724 φλοί
2319 3654 2700 3724 ἀναϐλέψατε
2719 3655 2887 3710 ἰδεῖν.
2919 3655 3026 3709 Καὶ
3070 3656 3161 3720 τίς
3190 3652 3438 3723 τυφλὸς,
3477 3651 3639 3724 [ἀλλ’
3669 3652 3726 3704 οι

2149 3741 2358 3810 παῖδές
2397 3761 2516 3814 μου
2539 3762 2554 3776 ·
2589 3744 2688 3799 καί
2722 3745 2929 3817 κωφοί]
2976 3746 3114 3799 ἀλλ’
3142 3745 3180 3812 ἢ
3213 3745 3590 3813 κυριεύοντες
3613 3743 3725 3795 αὑ-

2148 3836 2304 3900 τῶν;
2331 3838 2439 3891 Καὶ
2467 3835 2900 3907 ἑτυφλώθησαν
2926 3840 2979 3892 οἱ
3004 3837 3207 3890 δοῦλοι
3225 3832 3332 3889 τοῦ
3362 3834 3527 3888 Θεοῦ.
3558 3831 3726 3887 Εἶδε-

2148 3943 2212 3982 τε
2249 3928 2564 3996 πολλάκις,
2614 3930 2714 3983 καὶ
2751 3931 2860 3985 οὐκ
2909 3927 3292 3999 ἐφυλάξασοε
3315 3944 3328 3957 ’
3377 3924 3723 3995 ἠνεῳγμένη

2147 4020 2221 4075 τὰ
2242 4015 2381 4089 ὦτα,
2400 4022 2498 4075 καὶ
2524 4023 2635 4076 οὐκ
2661 4023 2980 4090 ἠκούσατε.
3011 4021 3220 4093 Ὁρᾶτε,
3249 4017 3544 4090 ἀγαπητοὶ,
3570 4018 3727 4089 ἀκρί-

2148 4113 2299 4168 ϐειαν
2327 4114 2507 4184 λόγου,
2551 4115 2698 4178 ὅπως
2739 4114 2800 4168 τὸ
2838 4112 3271 4187 προθεωρητικὸν
3310 4112 3450 4166 θεῖον
3494 4111 3720 4181 Πνεῦμα

2147 4206 2238 4261 διὰ
2284 4207 2392 4260 τῶν
2425 4207 2595 4276 ἁγίων
2633 4205 2702 4259 τὰ
2732 4206 2991 4278 μέλλοντα
3015 4207 3089 4270 ὡς
3123 4205 3362 4277 παρόντα
3398 4205 3716 4277 ἐκήρυττεν.

2146 4291 2298 4350 Εἶδον
2339 4295 2450 4368 γὰρ
2498 4297 2547 4349 οἱ
2590 4295 2894 4368 ἀχάριστοι,
2941 4297 3034 4349 καὶ
3081 4294 3428 4364 ἐψηλάφησαν
3475 4294 3561 4347 διὰ
3608 4293 3718 4346 τῶν

2147 4385 2460 4457 Θαυμάτων,
2500 4385 2590 4440 τὸν
2626 4385 3040 4459 θαυματουργὸν
3075 4383 3225 4450 Θεὸν,
3254 4387 3346 4440 καὶ
3387 4386 3452 4458 τῇ
3493 4383 3718 4457 ἀπιστίᾳ

2148 4475 2449 4546 ἐνέμειναν.
2489 4471 2642 4530 Εἶδον
2673 4477 2872 4547 τυφλὸν
2907 4481 2971 4531 ὲκ
2996 4479 3236 4548 γενετῆς,
3263 4478 3355 4532 τὸν
3380 4478 3716 4550 φωταγωγή-

471 4564 730 4624 ﬁdelitate
757 4571 1074 4620 manserunt
1088 4563 1153 4617 ⁸⁸.
1179 4560 1442 4617 Viderunt
1465 4577 1665 4616 caecum
1684 4577 1714 4615 a
1744 4563 2042 4628 nativitatc,

2151 4582 2318 4621 σαντα
2350 4567 2481 4621 Θεὸν
2516 4546 2870 4640 κηρύττοντα.
2907 4564 3059 4623 Εἶδον
3095 4546 3403 4641 σύγχρονονν
3427 4568 3522 4622 καὶ
3557 4546 3718 4633 σύζυ-

582 4744 627 4777 “
664 4744 815 4800 Psal.
858 4759 1081 4808 cnvut,
1121 4741 1174 4797 9.
1282 4740 1326 4771 δ’
1361 4739 1474 4794 Isa.
1525 4754 1602 4803 vn,
1635 4741 1687 4794 3.

1796 4740 1841 4771 ⁵⁸
1874 4737 2061 4792 Ezech.
2108 4755 2191 4799 ιιι,
2242 4739 2330 4793 ἓξ..

2435 4741 2478 4772 ⁸⁸
2510 4739 2704 4794 Matth.
2739 4757 2852 4806 ut,
2883 4748 2988 4797 etc.
3091 4743 3137 4775 ⁵²
3173 4741 3301 4796 Luc.
3338 4759 3451 4808 xu,
3498 4742 3588 4806 '57,
3622 4743 3711 4801 38.

475 4816 520 4848 ³³
565 4815 758 4872 Matth.
815 4831 927 4882 nt,
970 4815 1055 4870 10.
1129 4814 1176 4846 ⁵⁸
1223 4811 1384 4867 Joan.
1419 4826 1458 4876 I,
1498 4809 1553 4864 5.
1627 4811 1671 4842 ⁵⁵
1705 4809 1816 4865 Isa.
1851 4825 1983 4875 xui,
2019 4810 2043 4862 1

2147 4812 2211 4864 ιο.
2290 4811 2335 4840 ⁵⁵
2362 4809 2522 4865 Joan.
2557 4829 2630 4866 Ix.

551 4995 660 5068 (90)
697 4997 805 5050 Tov-
839 4995 1275 5068 mum-atrioin
1312 4997 1514 5052 Gentes
1549 5010 1759 5068 omnes.
1787 4995 1850 5068 ad
1878 4997 2039 5053 vitem

476 5067 990 5139 illam’translatam
1039 5067 1105 5121 de
1140 5069 1395 5139 Egypto.
1447 5082 1568 5139 qua:
1599 5067 1843 5139 implevit
1871 5075 2042 5139 totam

475 5148 698 5201 terram,
723 5137 1043 5208 docentibus
1071 5135 1346 5208 proptiétis
1380 5135 1550 5207 ipsius
1575 5144 1627 5192 et
1649 5135 1833 5208 justis.
1871 5135 1945 5191 Ita
1975 5139 2043 5193 ad

476 5208 700 5264 verbum
743 5207 899 5263 Titus
941 5206 1247 5278 Bosu'ensis
1279 5206 1437 5262 docta
1473 5214 1612 5262 orat.
1642 5209 1746 5278 Εἰς
1773 5207 1845 5262 τὰ
1873 5209 2038 5274 Baiter,

476 5293 638 5348 quam
665 5293 732 5332 ex
768 5279 928 5347 regiis
959 5277 1238 5333 habemus.

546 5348 659 5422 (91)
704 5345 1042 5422 Ἀλοῇοιστρν
1071 5347 1475 5422 ὲξεμρλάριον.
1499 5348 1618 5422 ᾼΙ..
1647 5345 1851 5422 Δἄλογον
1881 5349 2044 5422 ἐξεμ-

478 5417 694 5490 βλᾶριον
729 5419 764 5490 ἢ
793 5417 1170 5490 ὲξεμπλάριον.
1212 5417 1462 5490 Gaudent.
1490 5417 1661 5490 ϐιωςῇ
1707 5417 1954 5475 barbaris
1976 5417 2034 5474 et

478 5487 683 5544 Latinis
717 5487 964 5547 vocibus,
999 5487 1059 5542 ut
1091 5502 1197 5560 non
1238 5502 1420 5558 panem
1446 5488 1556 5560 jam
1592 5487 1720 5542 olim
1767 5504 1890 5544 cum
1931 5491 2032 5542 im-

479 5561 628 5627 perio
653 5560 718 5614 ad
753 5573 848 5614 eos
886 5559 1219 5618 transierint,
1261 5559 1646 5628 nonnunquam
1679 5560 2035 5628 scriptoribus

479 5631 774 5694 pmsertim
804 5630 976 5684 sacris
1001 5641 1312 5699 usurpatae,
1353 5629 1500 5682 velut
1544 5627 1681 5699 forte
1721 5627 1890 5699 magis
1930 5643 2035 5684 usu

481 5711 706 5782 i~ijceptse
733 5700 1008 5781 et-notiori
1034 5698 1460 5780 signiﬁcatione;
1490 5711 1596 5770 qua
1621 5697 1688 5753 de
1713 5713 1771 5754 re
1797 5697 1961 5768 etiam
1981 5700 2039 5755 in

485 5764 599 5818 \ita
630 5767 808 5821 Basnn
841 5785 937 5824 oro
969 5769 1358 5824 Amnbtloclno.

738 5785 808 5821 nn
841 5785 937 5839 pro
969 5785 1358 5840 Ampunocnto.

2215 4998 2327 5069 (92)
2355 5000 2459 5053 Διά
2504 5000 2679 5054 τοῦτο
2723 5004 2779 5054 οὶ
2813 5001 2930 5069 μὲν
2957 5001 3098 5057 ἄνω.
3129 4999 3384 5056 Pluribus
3413 4997 3715 5069 eodemque

2145 5085 2330 5134 sensu,
2365 5078 2503 5125 orat.
2541 5071 2631 5124 illa
2664 5069 2736 5126 De
2772 5087 3013 5134 occursu,
3038 5073 3257 5139 exponit
3289 5071 3430 5125 idem
3467 5071 3713 5139 seraphi-

2145 5156 2270 5212 cum
2304 5140 2576 5212 canticum
2600 5159 2615 5212 ς
2657 5149 2716 5194 ιιι
2745 5150 3013 5210 postrema
3042 5141 3188 5195 illius
3215 5151 3385 5212 parte,
3414 5141 3588 5209 palam
3620 5155 3711 5195 ce—

2145 5210 2384 5264 lebretur
2403 5209 2718 5268 Dominicus
2746 5209 3007 5266 adventus
3034 5223 3088 5266 et
3115 5209 3421 5280 οικόνομίας
3453 5224 3559 5280 qua
3587 5225 3712 5262 vere

2145 5280 2249 5334 fuit
2280 5282 2436 5350 plena
2467 5288 2629 5342 terra,
2665 5281 2834 5348 gloria
2860 5280 3070 5335 Domini
3098 5297 3112 5345 ;
3156 5279 3446 5336 obczecatis
3491 5279 3710 5350 interim

2145 5348 2396 5421 Judaéis:
2445 5365 2605 5421 quam
2639 5365 2826 5404 eorum
2868 5352 3164 5406 czecitatem
3207 5351 3332 5421 olim
3367 5348 3706 5421 prmdictam,

2141 5429 2289 5475 recte
2319 5420 2624 5490 Methodius
2647 5431 2833 5475 noster
2863 5429 3094 5490 utraque
3123 5421 3264 5482 loco,
3289 5419 3517 5475 Domino
3546 5433 3710 5489 appa-

2140 5501 2314 5553 rente,
2349 5489 2572 5546 oli'endit
2599 5501 2794 5545 eventu
2823 5489 3084 5554 secutam,
3119 5500 3178 5545 ut
3204 5492 3449 5550 videatur
3480 5492 3582 5554 ista
3611 5502 3711 5541 πε·

2145 5547 2313 5683 ριοξίί
2351 5560 2604 5648 praecipui
2635 5562 2968 5616 characteris
2996 5547 3115 5615 loco
3138 5560 3327 5616 hu’icce
3353 5547 3604 5617 orationi»

2212 5637 2226 5683 l
2271 5631 2324 5683 3l
2374 5631 2662 5683 Ἐπυθετο.
2687 5629 2794 5683 AL.
2829 5631 3048 5683 ἐσείετο.

2212 5629 2324 5698 (93)
2351 5629 2662 5685 ’Ἐπύθὲτα
2687 5629 2794 5695 AL,
2829 5631 3048 5686 ἐσείετο.

2176 5778 2178 5781 Ι
2217 5699 2328 5772 (94)
2369 5701 2800 5784 Ἃναῖιέκραγεν.
2833 5702 2942 5784 AL,
2967 5699 3390 5784 πρωνέκραγεν.
