4088 6284
289 351 393 408 389

1351 357 1608 416 ORATIO
1647 359 1713 414 ΙΝ
1753 358 1989 416 BAMOS
2019 357 2423 416 PALMARUM.

3423 369 3534 427 390

283 486 377 538 γον
429 471 496 542 τῇ
549 469 802 545 ἀσθενείᾳ
853 475 1185 547 παράλυτον,
1231 479 1606 550 προστάγματι
1645 478 1840 544 διαζευ-

1957 477 2126 534 Deum
2151 479 2556 550 praedicantem,
2581 479 2673 550 qui
2697 480 2876 537 visum
2896 482 3250 542 restituisset.
3269 483 3534 544 Viderunt

282 558 477 630 χθέντα
512 561 612 632 τῆς
655 566 968 636 κακουχίας.
1009 567 1326 622 Ἐθεάσαντο
1368 571 1615 643 Λάζαρον
1651 571 1860 641 φυγάδα

280 651 510 706 Θανάτου
535 657 816 723 γεγονότα.
858 660 1131 713 Ἤκουσαν
1155 660 1247 713 τὸν
1273 662 1330 715 ἐν
1362 661 1597 736 θαλάττῃ
1624 665 1858 736 περίπα-

276 758 367 794 τον
388 759 402 772 ο
437 741 535 814 τὴν
575 745 928 818 ἀγεώργητον
953 749 1244 805 οὶνοδοσίαν
1264 767 1276 780 ·
1301 752 1398 823 τὴν
1423 753 1659 826 ἀμοχθον
1694 758 1857 828 ἀρτο-

280 840 484 906 φαγίαν
504 857 518 870 ·
550 839 648 911 τὴν
685 841 792 895 τῶν
829 844 1095 916 δαιμόνων
1133 846 1430 901 ἀπελασίαν
1456 866 1468 879 ·
1503 851 1598 922 τὴν
1623 851 1732 905 τῶν
1761 870 1858 906 κα-

279 934 522 1001 μνόντων
543 933 861 1005 εὐρωστίαν.
899 939 960 991 Ai
990 939 1234 994 πλατεῖαι
1263 941 1439 996 αὐτῶν
1471 943 1568 1008 τὰς
1599 945 1856 1016 δυνάμεις

274 1023 572 1092 ἐκήρυττον
594 1039 608 1052 ο
637 1025 692 1077 αἱ
720 1025 827 1078 ὁδοὶ
856 1027 1033 1080 αὐτῶν
1060 1029 1159 1093 τὰς
1193 1032 1363 1096 ἰάσεις
1384 1037 1496 1098 τοῖς
1517 1036 1854 1109 ὁδοιποροῦσι

273 1115 663 1186 κατήγγελλον.
709 1118 866 1172 Πᾶσα
906 1121 1129 1174 Ἰουδαία
1167 1124 1460 1197 ἐπληρώθη
1493 1127 1600 1180 τῶν
1631 1131 1853 1202 εὐεργε-

275 1207 442 1261 σιῶνο
493 1210 588 1263 καὶ
627 1209 722 1263 νῦν
760 1212 1044 1277 ἀκούοντες
1084 1214 1218 1269 Θεοῦ
1261 1212 1424 1283 αἶνον,
1462 1221 1848 1276 ’λίτυνθάνονται⁸

274 1300 373 1366 Τίς
411 1301 582 1356 ἐστιν
619 1299 837 1371 οὗτος;
869 1306 931 1358 Ὢ
967 1306 1151 1371 ἀνοίας
1188 1308 1296 1361 τῶν
1320 1309 1680 1383 ψευδωνύμων
1706 1314 1850 1367 διδα-

266 1389 515 1449 σκάλωνί
547 1395 592 1448 ῶ
630 1397 738 1450 τῶν
779 1398 1020 1454 ἀπειθῶν
1060 1401 1342 1473 πατέρωνῑ
1382 1403 1426 1456 ὦ
1452 1405 1559 1456 τῶν
1602 1406 1850 1476 ἀφρόνων

265 1486 681 1562 πρεσϐυτέρωνί
711 1489 756 1543 ὣ
776 1489 1016 1561 σπέρμα
1052 1495 1294 1548 Χαναὰν
1319 1495 1412 1548 τοῦ
1457 1496 1724 1560 ἀναιδοῦς,
1755 1498 1848 1550 καὶ

263 1579 405 1648 οὐχὶ
443 1579 627 1634 Ἰούδα
652 1580 746 1634 τοῦ
780 1582 1059 1648 εὐλαϐοῦς,
1096 1585 1178 1638 Τὰ
1205 1585 1370 1644 τέκνα
1411 1587 1726 1656 ἐπέγνωσαν
1756 1590 1847 1644 τὸν

265 1670 514 1742 κτίστην,
549 1673 642 1725 καὶ
674 1674 724 1724 οἱ
761 1675 1006 1740 ἀπειθεῖς
1043 1676 1274 1747 πατέρες
1305 1676 1487 1745 ἔλεγον
1507 1695 1519 1706 ·
1555 1678 1652 1744 Τίς
1675 1679 1850 1734 ἐστιν

266 1757 450 1828 οὗτος
465 1778 485 1826 ;
517 1763 582 1816 Ἦ
605 1764 698 1817 νέα
723 1767 815 1818 καὶ
838 1766 1006 1839 ἀδαὴς
1043 1768 1227 1839 ἡλικία
1267 1769 1358 1822 τὸν
1381 1769 1510 1823 Θεὸν
1537 1772 1810 1843 ἀνύμνησε
1826 1814 1841 1839 ,

1960 571 2318 640 paralyticum
2349 585 2530 625 coaeva
2551 570 2886 638 inﬁrmitate,
2918 577 3232 647 arctiusque
3257 578 3536 649 implicata

1958 664 2100 716 mala
2139 664 2474 727 valetudine,
2501 663 2727 733 jubente
2753 666 2892 736 ipso,
2919 668 3229 722 absolutum
3257 670 3325 725 ⁸⁷.
3358 669 3532 726 Laza-

1956 770 2078 809 rum
2107 764 2534 826 conspexerunt,
2561 757 2752 812 mortis
2780 757 2980 812 factum
3015 760 3298 830 profugam
3323 762 3389 814 ⁸⁸.
3417 763 3534 816 Au-

1957 847 2174 902 dierunt
2204 864 2326 902 eum
2359 849 2669 904 ambulasse
2698 851 2752 904 in
2782 850 2919 905 mari
2950 851 3018 915 5’,
3046 851 3233 908 vinum
3263 854 3381 908 sine
3416 855 3533 908 cul-

1955 947 2076 994 tura
2122 939 2597 996 subministratum
2631 942 2699 1009 °°,
2747 951 3023 1000 comestos
3073 959 3242 1014 panes
3281 945 3537 1002 convivio

1955 1030 2100 1084 ultro
2119 1031 2407 1095 instructo,
2425 1033 2468 1061 ⁶¹
2500 1031 2716 1103 fugatos
2731 1033 3029 1099 dazmones,
3047 1035 3292 1091 inﬁrmos
3311 1035 3535 1092 sanitati

1954 1122 2239 1176 restitutos
2267 1122 2328 1175 ⁶².
2359 1121 2557 1178 Platea:
2594 1125 2834 1194 ipsorum
2877 1125 3248 1194 praedicabant
3274 1127 3532 1192 virtutes,

1953 1213 2055 1267 viae
2089 1213 2373 1283 agentibus
2426 1217 2527 1268 iter
2558 1217 2872 1272 sanationcs
2901 1218 3316 1273 annuntiabant.
3346 1217 3532 1274 Judaza

1957 1311 2066 1359 tota
2109 1304 2386 1359 beneﬁciis
2429 1307 2708 1360 cumulata
2753 1316 2900 1374 erat;
2949 1309 3339 1380 audientesque
3370 1313 3532 1367 modo

1952 1395 2166 1449 divinas
2195 1396 2405 1459 laudes,
2431 1397 2767 1466 interrogant
2792 1417 2806 1451 :
2833 1399 2964 1464 Quis
2994 1410 3070 1454 est
3096 1401 3215 1455 hic?
3242 1401 3286 1456 Ο
3309 1402 3530 1458 demen-

1950 1488 2077 1541 tiam
2109 1487 2232 1543 falsi
2275 1487 2512 1543 nominis
2555 1489 2972 1554 magistrorum!
3021 1506 3053 1545 ο
3090 1493 3398 1548 incredulos
3431 1510 3529 1564 pa-

1949 1583 2087 1636 tres!
2125 1597 2158 1636 o
2190 1583 2510 1651 insipientes
2551 1583 2829 1637 seniores!
2868 1595 2900 1631 ο
2937 1581 3195 1637 Chanaan
3235 1585 3526 1655 impuden-

1947 1673 2019 1728 tis
2049 1690 2242 1734 semen.
2280 1691 2385 1727 non
2423 1675 2729 1730 reverentis
2751 1682 2805 1729 et
2831 1674 3068 1729 timorati
3091 1673 3237 1729 Juda
3261 1677 3322 1731 ⁸³.
3347 1677 3530 1748 Agno-

1945 1772 2142 1818 verunt
2183 1767 2335 1834 pueri
2383 1765 2738 1830 Creatorem,
2795 1775 3049 1835 parentes
3090 1781 3216 1821 vero
3261 1767 3528 1823 increduli

263 1854 368 1908 καὶ
394 1858 448 1910 οἱ
473 1857 944 1927 πεπαλαιωμένοι
981 1860 1216 1928 ἡμερῶν
1243 1860 1440 1915 κακῶν
1466 1840 1840 1917 ὲπυνθάνοντο·

1947 1855 2204 1911 dicebant
2237 1876 2250 1910 :
2294 1856 2423 1922 Quis
2451 1867 2528 1912 est
2551 1859 2672 1913 hic?
2702 1856 2848 1911 Nova
2877 1867 2930 1911 et
2957 1858 3108 1913 rudis
3136 1868 3267 1914 mtas
3299 1859 3407 1915 Deo
3436 1876 3529 1918 ce-

268 1947 370 2012 Τίς
404 1946 574 2000 ἐστιν
605 1944 816 2015 οὖτος;
846 1949 1177 2020 Θηλάζοντες
1215 1952 1538 2021 θεολογοῦσι,
1587 1955 1680 2008 καὶ
1715 1973 1846 2027 πρε-

263 2036 518 2110 σϐύτεροι
553 2038 964 2110 βλασφημοῦσιο
1005 2042 1190 2104 παῖδες
1236 2043 1474 2107 εὐσεϐῶς
1509 2045 1845 2118 ίερουργοῦσι

258 2127 432 2199 αἶνον,
467 2131 560 2184 καὶ
609 2132 811 2206 ἀνίεροι
860 2134 1023 2204 ἱερεῖς
1060 2133 1334 2198 δυσσεϐῶς
1377 2136 1840 2206 ἀγανακτοῦσιν.

335 2405 406 2458 Δ’.
439 2407 503 2458 οι
524 2404 868 2470 ἀπειθεῒςέν
889 2403 1178 2474 φρονήσει
1201 2405 1462 2471 δικαίων,
1485 2405 1842 2476 ἐπιστρέψατε

257 2495 360 2560 τὰς
397 2496 618 2567 καρδίας
649 2497 806 2566 ὑμῶν
847 2499 944 2578 ἐπι
984 2499 1054 2551 τά
1081 2497 1247 2552 τέκνα
1279 2498 1452 2569 ὑμῶν.
1484 2499 1698 2553 Μάθετε
1742 2516 1842 2569 μυ-

259 2589 462 2660 στήρια
490 2587 624 2640 Θεοῦ
642 2605 655 2618 ·
695 2589 826 2641 αὐτὸ
853 2589 914 2640 τὸ
940 2588 1262 2661 τελούμενον
1292 2592 1576 2662 μαρτυρεῖ,
1604 2591 1684 2643 ὅτι
1711 2589 1843 2654 Θεός

257 2681 412 2734 ἐστιν
434 2680 463 2732 ὁ
487 2679 658 2743 οὕτως
683 2678 1085 2750 ἀνυμνούμενος
1111 2681 1214 2733 ὑπὸ
1241 2680 1535 2733 ἀδιδάκτων
1562 2679 1839 2748 γλωσσῶν.

271 2769 582 2840 Ἐρευνᾶτε
611 2770 716 2836 τὰς
748 2770 1012 2838 Γραφὰς,
1054 2769 1236 2834 καθὼς
1265 2771 1532 2842 ἠκούσατε
1559 2771 1709 2844 παρά
1746 2769 1841 2824 τοῦ

257 2864 534 2916 Δεσπότου
557 2880 570 2892 ·
609 2862 695 2916 ὅτι
737 2862 913 2916 αὗταί
953 2865 1112 2916 εἰσιν
1155 2866 1215 2916 al
1253 2862 1664 2930 μαρτυροῦσαι
1708 2863 1839 2929 περὶ

257 2955 470 3019 αὑτοῦ,
511 2957 602 3008 καὶ
641 2955 740 3008 οὐκ
783 2957 1026 3024 ἀγνοεῖτε
1073 2954 1134 3009 τὺ
1179 2955 1382 3026 θαῦμα.
1437 2955 1746 3018 Ἀκούσατε,
1791 2955 1840 3008 οἱ

256 3045 658 3117 ἀχαριτώτατοι
692 3047 804 3115 (95)
860 3047 954 3100 καὶ
1001 3047 1304 3118 ἀχάριστοι,
1348 3045 1398 3098 τί
1433 3045 1838 3115 εὐαγγελίζεται

255 3137 430 3207 ὐμίνό
447 3139 728 3210 προφήτης
752 3139 1047 3211 Ζαχαρίας.
1067 3140 1203 3211 Φησὶ
1228 3139 1355 3210 γάρ·
1383 3139 1556 3207 Χαζοε
1580 3139 1835 3208 σφόδρα,

253 3229 509 3298 θύγατερ
547 3228 717 3282 Σιών⁸
765 3229 892 3283 ἰδοὺ
926 3233 959 3283 ό
990 3231 1290 3295 Βασιλεύς
1329 3246 1446 3284 σου
1475 3231 1708 3300 ἔρχεταί
1736 3248 1834 3285 σοι
1861 3249 1906 3310 C

253 3314 485 3384 δίκαιος
506 3319 606 3372 καὶ
628 3317 827 3379 σώζων
845 3338 856 3349 ·
886 3320 1068 3386 αὐτὸς
1097 3322 1308 3388 πραῢς,
1354 3321 1452 3373 καὶ
1480 3321 1837 3388 ἐπιϐεϐηκὼς

253 3409 354 3462 ἐπὶ
383 3410 588 3464 πῶλον
621 3411 766 3466 ὄνου
798 3411 930 3484 (96).
967 3413 1118 3466 Διατί
1149 3413 1247 3484 τὴν
1275 3413 1452 3485 χαρὰν
1483 3415 1834 3479 ἁποσείεσθε;

254 3501 406 3554 Διατί
430 3518 489 3553 τε
522 3501 701 3554 Ἡλίου
726 3503 1051 3573 λάμποντος,
1075 3505 1134 3556 τὸ
1159 3505 1344 3568 σκότος
1373 3507 1619 3573 ἀγαπᾶτε
1641 3523 1654 3571 ;
1686 3508 1835 3560 Διατί

252 3593 393 3664 πρὸς
417 3592 514 3664 τὴν
548 3594 890 3665 ἀπολέμητον
919 3597 1138 3667 εἰρήνην
1174 3596 1431 3666 μελετᾶτε
1466 3598 1736 3669 πόλεμον;
1772 3598 1834 3652 Ei

250 3686 432 3741 τοίνυν
475 3688 579 3740 υἱοὶ
637 3687 772 3742 Σιών
830 3690 975 3752 ἐστε,
1025 3689 1424 3760 συγχορεύσατε
1469 3695 1576 3755 τοῖς
1627 3691 1835 3756 τέκνοις

251 3778 428 3849 ὑμῶν.
454 3780 643 3850 Χαρᾶς
671 3779 891 3851 ἀφορμὴ
915 3779 1052 3832 ἔστω
1075 3779 1201 3849 ὑμῖν
1231 3783 1260 3851 ἡ
1291 3780 1398 3833 τῶν
1427 3779 1630 3834 τέκνων
1657 3781 1835 3835 θεοσέ-

250 3871 394 3926 ϐεια.
420 3872 636 3928 Μάθετε
685 3875 812 3946 παρ’
846 3874 1023 3928 αὐτῶν
1053 3875 1138 3937 τίς
1170 3877 1198 3928 ὁ
1231 3873 1483 3940 διδάξας;
1524 3875 1606 3938 τίς
1645 3877 1674 3928 ὁ
1718 3892 1835 3927 συν-

249 3963 546 4034 αθροίσας;
576 3963 738 4018 πόθεν
765 3964 832 4018 τὰ
855 3963 1192 4035 διδάγματα;
1214 3964 1297 4026 τίς
1323 3965 1356 4035 ἠ
1380 3963 1538 4034 καινὴ
1566 3962 1830 4033 θεολογία,

249 4057 347 4110 καὶ
377 4056 580 4111 παλαιά
623 4056 965 4130 προφητεία;
1000 4057 1064 4109 Ei
1103 4055 1160 4109 δὲ
1194 4055 1495 4126 ἀνθρώπων
1528 4055 1624 4125 μὲν
1661 4056 1833 4119 οὐδεὶς

248 4147 405 4201 οὐδὲν
435 4147 639 4202 τούτων
683 4148 939 4216 ἐδίδαξεν,
967 4147 1273 4219 αὐτόματον
1311 4147 1369 4200 δὲ
1411 4147 1500 4201 τὸν
1525 4142 1672 4201 αἶνον
1710 4149 1834 4202 ἀνα-

253 4240 542 4311 μέλπουσι,
563 4241 736 4309 γνῶτε
758 4239 894 4294 Θεοῦ
916 4237 1135 4295 εἶναιτὸ
1160 4241 1318 4312 ἔργον
1337 4256 1350 4269 °
1379 4239 1454 4304 ὡς
1476 4241 1533 4292 ὲν
1560 4237 1636 4309 τῷ
1665 4240 1832 4310 Νόμῳ

1947 1947 2083 2002 cinit
2112 1947 2350 2012 laudem,
2383 1949 2756 2018 inveteratique
2782 1949 3043 2002 malorum
3080 1949 3284 2004 dierum
3317 1952 3362 1984 “
3395 1969 3522 2022 per.

1945 2038 2346 2094 contabantur:
2391 2039 2522 2105 Quis
2559 2048 2636 2093 est
2681 2037 2805 2094 hic?
2851 2039 3137 2096 Lactentes
3182 2041 3523 2099 divinitatem

1945 2129 2189 2192 laudant,
2227 2130 2592 2200 senioresque
2635 2131 2989 2202 blasphemiis
3014 2141 3295 2202 appetunt.
3359 2133 3523 2190 Pueri

1946 2221 2033 2291 pie
2074 2221 2388 2276 sacriﬁcant
2418 2222 2662 2291 laudem,
2712 2223 3036 2296 profanique
3069 2226 3384 2282 sacerdotes
3416 2229 3524 2282 im-

1944 2312 2033 2384 pie
2063 2311 2406 2384 indignantur
2431 2314 2497 2370 ⁸⁵.

2011 2401 2099 2457 1V.
2143 2401 2414 2457 Increduli
2464 2403 2534 2457 ad
2581 2403 2914 2474 prudentiam
2943 2406 3302 2476 justorum“,
3352 2407 3520 2464 corda

1941 2503 2124 2549 vestra
2170 2495 2470 2550 convertite
2520 2495 2587 2549 ad
2623 2496 2764 2553 ﬁlios
2805 2507 3039 2553 vestros.
3074 2497 3280 2554 Discite
3331 2515 3522 2555 sacra-

1943 2593 2124 2640 menta
2155 2583 2251 2640 Dei
2301 2605 2314 2640 :
2365 2586 2523 2642 testis
2563 2594 2646 2643 est
2679 2604 2767 2644 res
2796 2589 2915 2659 ipsa
2956 2605 3077 2660 quae
3110 2589 3310 2660 agitur,
3344 2590 3516 2647 Deum

1941 2694 2066 2732 esse
2107 2679 2199 2748 qui
2249 2679 2329 2733 sic
2364 2679 2432 2733 ab
2467 2678 2703 2735 indoctis
2751 2681 2950 2751 linguis
2980 2681 3318 2737 decantetur.
3355 2680 3520 2737 Scru-

1943 2770 2132 2822 tamini
2165 2768 2493 2839 Srripturas,
2523 2771 2978 2840 quemadmodum
3011 2771 3240 2826 audistis
3281 2787 3309 2825 a
3337 2769 3520 2826 Domi-

1942 2875 2032 2921 no,
2065 2861 2312 2930 quoniam
2346 2862 2453 2915 illa:
2482 2871 2603 2915 sunt
2633 2877 2751 2932 qua?
2776 2863 3128 2917 testimonium
3154 2844 3421 2932 perhilient
3452 2862 3518 2919 de

1954 2954 2070 3020 ipso
2100 2953 2166 3016 ⁸⁷,
2205 2969 2305 3008 nec
2331 2954 2654 3008 miraculum
2693 2954 2960 3024 ignorate.
2989 2955 3206 3020 Audite,
3245 2956 3363 3012 sine
3393 2970 3519 3025 gra-

1940 3046 2015 3098 tia
2043 3045 2291 3101 homines
2318 3047 2646 3118 ingratique,
2671 3046 2800 3118 quid
2825 3047 2981 3102 vobis
3010 3047 3173 3104 fausti
3205 3047 3380 3102 nuntii
3406 3047 3514 3102 Za-

1940 3136 2157 3192 charias
2191 3137 2402 3192 aﬁerat.
2437 3137 2532 3191 Ait
2575 3139 2718 3192 enim
2758 3157 2770 3191 :
2811 3135 2990 3193 Gaude
3026 3139 3360 3204 vehementer,
3398 3141 3516 3210 ﬁlia

1939 3224 2066 3280 Sion
2100 3244 2116 3281 :
2145 3245 2258 3282 ecce
2285 3228 2396 3281 Rex
2425 3239 2543 3283 tuus
2574 3230 2707 3283 venit
2731 3229 2826 3282 tibi
2839 3230 3022 3298 justus
3055 3241 3104 3286 et
3133 3231 3346 3287 salvans
3370 3233 3515 3300 :ipse

1938 3329 2243 3372 mansuetus
2284 3328 2332 3372 et
2367 3319 2546 3372 sedens
2597 3335 2751 3388 super
2779 3320 2984 3387 pullum
3031 3321 3198 3374 asime
3217 3321 3282 3374 “.
3312 3320 3512 3390 thuid

1935 3407 2192 3476 gaudium
2241 3408 2535 3477 repellitis?
2581 3409 2772 3478 utquid
2816 3409 3030 3464 lucente
3094 3411 3226 3476 sole,
3261 3412 3516 3466 tenebras

1937 3498 2197 3569 diligitis?
2248 3500 2437 3569 utquid
2497 3500 2761 3556 adversus
2799 3501 3273 3572 inexpugnabilem
3320 3516 3510 3572 pacem

1936 3591 2274 3646 mcditamini
2317 3593 2552 3647 bellum?
2584 3591 2640 3645 Si
2676 3593 2842 3662 igitur
2895 3595 3028 3647 estis
3073 3592 3164 3646 ﬁlii
3201 3589 3356 3657 Sion,
3403 3607 3511 3648 una

1935 3698 2059 3738 cum
2103 3684 2228 3738 liliis
2277 3684 2476 3740 vestris
2517 3685 2746 3739 choreas
2775 3683 2978 3738 ducite.
3015 3683 3099 3737 Sit
3145 3685 3298 3739 vobis
3323 3683 3510 3755 gaudii

1935 3775 2099 3839 ratio,
2151 3777 2381 3832 ﬁliorum
2421 3777 2632 3848 religio.
2679 3776 2761 3830 Ab
2790 3777 2926 3847 ipsis
2952 3776 3146 3832 discite
3175 3777 3298 3847 quis
3343 3777 3513 3832 fuerit

1933 3867 2164 3923 doctor?
2219 3870 2344 3940 quis
2397 3869 2813 3925 convocaverit?
2861 3867 3003 3924 unde
3053 3869 3336 3923 doctrina?
3389 3884 3510 3938 quae

1933 3975 2073 4013 nova
2106 3961 2378 4032 theologia
2405 3972 2670 4032 vetusque
2691 3960 3007 4031 prophetia?
3035 3959 3188 4027 Quod
3209 3960 3253 4016 si
3283 3976 3351 4015 ne
3382 3961 3508 4031 quis

1934 4051 2215 4106 hominum
2244 4053 2544 4123 quidquam
2583 4053 2706 4107 illos
2737 4051 2947 4114 docuit,
2978 4051 3123 4104 ultro
3169 4057 3350 4103 autem
3383 4063 3508 4105 mo-

1932 4145 2192 4199 dulantur
2221 4145 2456 4211 laudem,
2505 4145 2602 4199 Dei
2648 4161 2787 4216 opus
2824 4144 3162 4214 cognoScite;
3195 4142 3338 4197 sicut
3367 4142 3508 4198 scri-

1931 4247 2082 4307 ptum
2112 4245 2197 4292 est
2226 4238 2280 4291 in
2313 4239 2429 4308 lege
2475 4258 2487 4291 :
2524 4237 2610 4291 Ea:
2654 4253 2742 4292 ore
2782 4238 3070 4308 infantium
3107 4244 3158 4291 et
3197 4237 3504 4292 laetantium

1928 4327 2190 4398 perfecisti
2237 4329 2442 4383 laudem
2479 4330 2543 4386 “.
2592 4331 2746 4402 Agite
2804 4344 2934 4396 ergo
2979 4329 3176 4398 duplex
3221 4327 3502 4399 gaudium,

251 4331 561 4401 γέγραπται
580 4349 594 4361 ο
631 4331 725 4384 Ἐκ
754 4331 1049 4401 στόματος
1075 4330 1308 4398 νηπίων
1333 4329 1431 4383 καὶ
1458 4328 1832 4396 θηλαζόντων

1929 4418 2074 4488 quod
2109 4419 2298 4472 talium
2336 4434 2627 4488 puerorum
2662 4417 2790 4474 facti
2812 4417 2947 4473 estis
2978 4425 3182 4488 patres.
3217 4418 3309 4486 qui
3340 4415 3502 4471 etiam

251 4422 606 4491 κατηρτήσω
633 4419 824 4478 αἶνον.
856 4421 1254 4476 Διπλασιάσατε
1283 4417 1376 4475 οὗν
1403 4421 1501 4494 τὴν
1524 4419 1716 4493 χαρὰν,
1747 4423 1828 4474 ὅτι

251 4517 508 4570 τοιούτων
548 4516 753 4570 παίδων
796 4515 1054 4586 γεγόνατε
1088 4514 1346 4585 πατέρες,
1388 4511 1585 4578 οἵτινες
1627 4511 1722 4566 καὶ
1759 4513 1828 4567 τά

1941 4511 2238 4566 senioribus
2268 4512 2538 4582 ignorata,
2573 4511 2684 4567 Deo
2707 4511 2960 4575 docente,
2983 4509 3236 4564 laudibus
3258 4509 3506 4563 celebra-

249 4614 363 4675 τοῖς
407 4609 796 4682 πρεσϐυτέροις
837 4607 1174 4679 ἀγνοηθέντα
1209 4603 1560 4670 θεοδιδάκτως
1592 4606 1827 4677 ἀνευφή-

1941 4613 2073 4658 runt.
2109 4604 2400 4660 Convertite
2426 4605 2589 4659 corda
2612 4614 2781 4658 vestra
2804 4601 2872 4656 ad
2901 4603 3041 4673 ﬁlios
3077 4610 3271 4656 vestros
3302 4601 3370 4666 ⁷⁸,
3401 4614 3506 4654 nec

253 4719 452 4773 μησαν.
501 4700 926 4768 Ἐπιστρέψατε
968 4695 1074 4764 τὰς
1111 4695 1358 4765 καρδίας
1402 4690 1568 4764 ὑμῶν
1612 4693 1709 4748 ἐπὶ
1756 4695 1829 4749 τὰ

1941 4697 2242 4754 clauseritis
2291 4699 2480 4752 oculos
2521 4697 2586 4751 ad
2615 4696 2919 4750 veritatem.
2952 4694 3104 4760 Quod
3136 4693 3181 4746 si
3205 4691 3364 4746 iidem
3387 4706 3511 4763 per-

249 4793 432 4847 τέκνα
459 4791 645 4861 ὑμῶν,
678 4791 774 4845 καὶ
807 4789 882 4862 μὴ
919 4789 1126 4861 μύσατε
1171 4787 1298 4851 τοὺς
1329 4786 1638 4858 ὀφθαλμοὺς
1677 4785 1830 4857 ὑμῶν

1941 4791 2218 4854 severalis,
2257 4800 2307 4844 et
2348 4790 2617 4844 audientes
2658 4804 2760 4842 non
2791 4784 3009 4850 auditis,
3040 4783 3370 4852 uidentesque
3397 4799 3508 4838 non

252 4885 386 4958 πρὸς
413 4886 514 4957 τὴν
543 4885 819 4956 ἀλήθειαν.
854 4884 920 4939 Εἰ
946 4884 1003 4937 δὲ
1030 4885 1081 4936 οἱ
1105 4880 1256 4936 αὐτοί
1285 4881 1428 4945 ὲστε,
1453 4879 1548 4932 καὶ
1576 4877 1831 4934 ἀκούσει-

1941 4882 2119 4936 videtis
2149 4884 2217 4948 τί,
2255 4890 2416 4952 atque
2449 4881 2724 4934 incassum
2760 4877 2828 4931 ab
2858 4875 3160 4931 infantibus
3199 4872 3496 4937 dissidetis,

245 4995 345 5044 τες
376 4980 488 5032 οὐκ
513 4979 782 5043 ἀκούετε,
811 4976 910 5032 καὶ
937 4975 1278 5041 ,ϐλέποντες
1303 4974 1374 5027 οὐ
1401 4971 1664 5036 ,ϐλέπετε
1685 5011 1700 5038 ,
1736 4971 1831 5024 καὶ¹

1941 4985 2092 5028 erunt
2121 4975 2224 5044 ipsi
2253 4973 2628 5043 vestrijudices
2653 4972 2720 5036 7’,
2747 4970 2902 5041 juxta
2933 4967 3231 5024 Salvatoris
3249 4966 3510 5043 verbum.

321 5127 365 5157 "
395 5124 558 5179 Joan.
586 5141 638 5191 v,
667 5125 721 5180 5.
798 5124 844 5156 ⁸⁸
870 5121 1033 5176 Jaan.
1059 5117 1261 5191 xx,_44.
1361 5115 1407 5150 σθ
1442 5113 1639 5191 Matth.
1670 5131 1804 5191 λινε
1828 5115 1840 5168 ε

2027 5117 2072 5148 so
2100 5115 2266 5191 ιρᾳη.
2295 5115 2452 5191 *η’-7.
2565 5115 2796 5191 calam}:
2827 5130 2906 5191 σει,
2936 5113 3024 5168 η.
3091 5111 3182 5191 -.ξι
3214 5110 3477 5191 Luca-vn}

249 5194 337 5258 29,
367 5178 474 5252 etc.
555 5195 600 5227 ⁸³
627 5178 875 5258 Damni,
903 5192 992 5247 56.
1070 5178 1281 5244 6"Dan.
1310 5202 1436 5251 xm,
1479 5186 1631 5258 52.'_
1667 5186 1713 5217 ⁶⁵
1747 5184 1840 5239 Ha

1941 5229 1942 5236 η
1979 5188 2209 5258 χχι-15.
2252 5257 2259 5258 7
2290 5187 2335 5217 ⁸⁸
2362 5185 2666 5258 ιπερμιΛἹ.
2747 5187 2788 5218 ⁸⁷
2817 5178 2980 5242 Joan.
3009 5199 3064 5250 ν,
3091 5182 3182 5240 59.
3258 5183 3303 5214 ⁸⁸
3330 5178 3473 5232 Zaclt

254 5253 335 5332 i-x,
362 5267 414 5324 9.
496 5266 543 5302 "
579 5265 732 5320 Psal.
765 5253 886 5329 vni,
921 5262 975 5318 3.
1053 5263 1100 5302 ⁷ο
1124 5258 1253 5314 Luc.
1277 5275 1318 5321 ι,
1358 5259 1445 5312 i7.
1523 5257 1564 5287 “
1600 5253 1714 5310 Isa.
1747 5271 1822 5323 vn,

2007 5258 2053 5287 ⁷⁸
2099 5255 2294 5311 Matth.
2329 5270 2428 5322 xu,
2454 5255 2540 5311 27.

2027 5117 2072 5148 ‘°
2100 5115 2266 5172 Joan.
2303 5132 2365 5177 Il,
2402 5115 2452 5171 7.

1922 5393 2179 5438 sermone,
2223 5377 2324 5430 hoc
2347 5383 2432 5431 est
2460 5375 2664 5446 lepore,
2692 5383 2746 5430 et
2768 5375 3043 5446 gratioso;
3070 5368 3342 5444 quomodo
3369 5365 3498 5423 red-

1921 5446 2291 5527 ditﬁraawsla
2312 5446 2400 5527 τδι
2424 5445 2859 5527 esteemed”:
2886 5445 3092 5527 Wa“
3210 5508 3294 5527 ηρ-

1994 5515 2104 5584 (96)
2134 5518 2241 5571 Καὶ
2265 5508 2620 5586 ἐπιὸεόήᾶιῶς
2646 5508 2745 5570 evil
2775 5508 3173 5586 π’ὢλοη-ρνου.
3210 5508 3299 5563 Sic
3329 5508 3491 5586 etiam

1920 5577 2120 5641 citatur
2151 5603 2215 5641 ex
2249 5577 2496 5643 .lustino.‘
2508 5577 2721 5641 Habent
2744 5586 2905 5642 modo
2928 5582 3088 5645 LXX,
3113 5577 3493 5649 superpultum

1921 5674 2128 5712 novum.
2175 5656 2433 5712 Nostrum
2486 5669 2540 5712 et
2587 5656 2782 5711 Justini
2815 5647 3206 5710 consonantius
3240 5647 3490 5714 Hebraeo,

1921 5728 2013 5782 ubi
2075 5737 2160 5783 est
2219 5735 2519 5816 numaj:
2581 5727 2752 5796 ﬁlium
2807 5727 3098 5780 asinarum.
3162 5719 3253 5778 Sic
3325 5716 3494 5778 etiam

1931 5815 2108 5888 Vulg,
2137 5835 2292 5889 super
2314 5815 2516 5888 pullum
2545 5816 2715 5885 ﬁlium
2740 5815 2927 5869 ηιξκιε.

323 5379 432 5451 (95)
475 5379 951 5451 ’Axaptrcbzatoc.
967 5378 1142 5451 Quasi
1157 5392 1266 5451 non
1289 5373 1582 5451 gratiﬁcati
1610 5393 1635 5451 :_
1645 5383 1826 5430 vestra

253 5444 439 5526 utique
491 5444 819 5526 culpa_,__qui
862 5449 957 5526 Dei
1006 5444 1366 5519 gratiﬁcantis
1411 5444 1743 5526 beneﬁcium
1773 5455 1828 5526 e_t

253 5515 477 5593 gratiam
521 5515 798 5593 repelliti's.
844 5520 974 5593 Quo
1011 5515 1186 5593 sensu
1242 5524 1427 5586 posset
1459 5516 1655 5593 exponi
1689 5515 1820 5593 illud

253 5585 460 5665 ἵκηαι,
511 5585 947 5665 κεςίαριτωμένη,
993 5585 1379 5665 ubi_intei'pr.,
1427 5586 1604 5665 gratia
1646 5585 1822 5654 plena,

251 5663 402 5736 quasi
439 5656 748 5736 grati'fic'ata
781 5656 836 5736 et
858 5656 1209 5736 singulariter
1237 5667 1392 5736 aucta
1423 5656 1620 5736 gratia,
1654 5671 1828 5736 eoque

252 5723 398 5804 plena
425 5723 638 5804 guratiag
660 5723 1125 5804 alioisigniﬁcatu,
1157 5736 1210 5783 et
1231 5728 1403 5804 plane
1427 5723 1696 5804 gratiosa,
1726 5723 1822 5804 Dei

255 5800 302 5854 in
342 5795 521 5874 ipsam
561 5795 1075 5874 eil'usailar'gissima
1107 5795 1302 5874 gratia.
1348 5795 1632 5874 Sic'naulo
1683 5795 1824 5874 infe-

254 5866 381 5929 ιιυέ
396 5873 675 5930 reddimus
703 5873 765 5928 τὸ
788 5866 930 5945 λόγῳ
963 5866 1402 5942 κεχαριτωμένῳ,
1446 5867 1601 5936 pleno
1643 5866 1822 5938 gratia
