4088 6284
482 333 581 390 591
1474 334 1531 389 S.
1574 331 1909 390 METRODII
1936 332 2251 393 EPISCOPI
2286 332 2376 389 ET
2412 331 2774 392 MARTYRIS
3622 334 3732 395 398

484 450 628 507 Bene
653 451 821 523 igitur
837 451 1000 508 etiam
1027 451 1174 507 istud
1200 466 1325 507 cum
1349 453 1470 509 aliis
1523 454 1853 524 praelocutus
1879 461 1964 509 est
1989 454 2042 509 di

2162 454 2337 526 μάτην
2362 452 2683 526 διαφέρεσθε
2712 452 2848 526 πρὸς
2872 451 2942 508 τά
2974 453 3141 525 νήπια
3165 493 3182 520 ,
3214 451 3383 507 αὐτοὶ
3410 449 3577 520 ὑμῶν
3601 468 3731 519 κρι-

481 546 641 602 Vobis
661 544 829 602 Isaias
857 545 1118 617 propheta
1130 546 1318 603 dicens
1345 566 1359 602 :
1397 546 1517 601 Non
1529 547 1878 617 confundetur
1902 548 2042 602 mode

2157 545 2252 599 ml
2280 545 2545 609 ἔσονται,
2572 542 2714 598 κατά
2758 542 2850 597 τὸν
2883 541 2977 596 τοῦ
3027 542 3280 614 Σωτῆρος
3318 540 3492 610 λόγον.
3530 541 3733 605 Καλῶς

481 635 670 701 Iacob,
706 652 865 707 neque
904 651 1040 689 nunc
1069 636 1255 707 faciem
1294 638 1663 692 mutabit:sed
1682 654 1801 691 cum
1837 639 2042 694 viderint

2154 631 2248 690 οὖν
2290 637 2385 689 καὶ
2426 633 2584 688 τοῦτο
2618 639 2755 705 μετὰ
2795 633 2903 689 τῶν
2932 633 3105 688 ἄλλων
3141 630 3563 705 προανεφώνησε
3600 631 3732 703 περὶ

482 728 622 796 ﬁlios
663 745 785 783 suos
821 727 1072 798 facientes
1100 746 1257 797 opera
1286 747 1399 785 mea
1420 770 1436 794 ,
1465 739 1678 800 propter
1710 747 1791 785 me
1815 732 2042 801 sanctiﬁ-

2155 726 2308 799 ὑμῶν
2340 727 2369 779 6
2412 727 2696 798 προφήτης
2735 726 2958 789 Ἡσαΐας
2989 725 3162 794 λέγων
3186 742 3199 756 ·
3231 727 3314 780 Οὺ
3339 725 3458 780 νῦν
3480 728 3733 795 αἰσχυν-

480 818 675 872 cabunt
712 835 900 873 nomen
930 837 1124 887 meum,
1155 829 1205 875 et
1236 820 1647 890 sanctiﬁcabunt
1690 831 1932 875 sanctum
1954 819 2042 875 Ja-

2153 817 2397 886 θήσεται
2431 818 2649 881 Ἰακὼϐ,
2684 817 2826 871 οὐδὲ
2867 817 2979 872 νῦν
3022 816 3088 871 τὸ
3122 818 3444 886 πρόσωπον
3478 818 3731 887 μεταϐα-

477 909 594 974 cob,
622 921 668 965 et
707 910 871 966 Deum
912 910 1087 967 Israel
1128 912 1379 967 timebunt
1413 929 1431 967 :
1461 921 1513 967 et
1544 914 1729 978 scient,
1758 914 1848 985 qui
1874 927 2042 969 errant

2151 907 2277 964 λεῖ·
2319 908 2455 962 ἀλλ’
2489 907 2635 961 ὅταν
2673 905 2843 960 ἴδωσι
2885 907 2957 961 τὰ
2998 906 3179 961 τέκνα
3223 904 3420 961 αὐτῶν
3470 907 3544 961 τὰ
3586 905 3730 977 ἔργα

476 1004 690 1072 spiritu,
721 1004 1121 1076 intelligentiam
1156 1020 1176 1059 :
1200 1014 1251 1060 et
1279 1006 1668 1070 mussitatores,
1698 991 1899 1061 discent
1927 1005 2051 1062 obe-

475 1094 620 1158 dire;
671 1104 720 1148 et
763 1094 954 1166 linguw
1000 1094 1367 1163 balbutientes,
1397 1096 1596 1151 discent
1625 1096 1767 1167 loqui
1785 1096 2049 1166 pacem".

2146 1019 2266 1072 μου
2311 1001 2598 1056 ποιοῦντα
2636 1000 2768 1072 (97),
2808 998 2881 1053 δι’
2918 998 3023 1069 ἐμὲ
3061 998 3383 1068 ἀγιάσουσι
3424 997 3493 1053 τὸ
3542 996 3730 1068 ὄνομά

2146 1113 2287 1165 μου,
2315 1094 2413 1148 καὶ
2438 1092 2756 1165 ἁτιάσουσι
2775 1092 2882 1146 τὸν
2913 1091 3081 1162 ἄτιον
3105 1091 3210 1145 τοῦ
3252 1091 3468 1157 Ἰακὼϐ,
3497 1092 3594 1147 καὶ
3620 1091 3731 1147 τὸν

479 1185 665 1252 Vides,
696 1186 882 1243 Judaee
918 1188 1205 1259 insipiens,
1230 1197 1291 1244 ut
1316 1204 1347 1244 a
1378 1190 1648 1246 sermonis
1676 1190 1898 1246 exordio
1922 1206 2042 1246 con-

2154 1187 2302 1243 Θεὸν
2344 1186 2450 1243 τοῦ
2488 1187 2727 1256 Ἰσραὴλ
2764 1183 3222 1254 φοϐηθήσονται.
3251 1181 3369 1238 ’Καὶ
3399 1181 3728 1254 γνώσονται

477 1280 745 1338 fusionem
797 1282 952 1338 vobis
1002 1282 1441 1338 incredulitatem
1490 1290 1727 1337 vestram
1789 1283 2052 1354 propheta

470 1378 841 1447 epraanuntiet?
869 1376 963 1432 Vel
1001 1377 1071 1433 ab
1099 1376 1220 1448 ipso
1243 1377 1526 1441 noveritis,
1563 1387 1621 1431 ut
1651 1385 1957 1434 vestrorum
1987 1377 2052 1433 fi—

466 1472 672 1527 ‘vliorum
696 1470 1068 1526 laudationem
1096 1470 1359 1526 divinitus
1390 1470 1710 1540 inspiratam
1748 1471 2003 1542 praedicet
2032 1491 2046 1528 :

466 1561 932 1634 quemadmodum
955 1561 1116 1616 etiam
1140 1561 1469 1631 praelocutus
1501 1568 1619 1615 erat
1641 1561 1830 1617 beatus
1857 1560 2047 1628 David,

474 1655 664 1712 dicens
711 1674 724 1710 :
760 1653 842 1707 Ea:
876 1670 965 1708 ore
1000 1653 1289 1721 infantium
1335 1662 1384 1708 et
1431 1651 1736 1707 faetentium
1785 1656 2051 1725 perfecisti

476 1745 686 1801 laudem
714 1745 780 1801 ".
816 1745 912 1801 Vel
942 1746 1108 1818 igitur
1133 1746 1372 1801 filiorum
1397 1745 1554 1802 vobis
1582 1745 1928 1803 sanctitatem
1957 1744 2049 1817 [ut

2151 1286 2207 1338 οἱ
2257 1281 2338 1349 τῷ
2412 1283 2701 1352 πνεύματι
2756 1277 3127 1351 πλανώμενοι
3180 1280 3437 1335 σύνεσιν
3457 1295 3470 1309 ⁶
3539 1282 3594 1334 οι
3657 1278 3727 1333 δὲ

2150 1376 2532 1450 γογγύζοντες
2550 1375 2921 1447 μαθήσονται
2944 1375 3270 1429 ὑπακούειν
3292 1390 3306 1405 ·
3333 1373 3433 1429 καὶ
3455 1377 3514 1429 αἱ
3540 1372 3725 1445 γλώσ-η

2150 1487 2254 1525 σαι
2283 1473 2342 1525 αι
2382 1467 2773 1539 ψελλίζουσαι
2796 1465 3169 1537 μαθήσονται
3209 1467 3422 1520 λαλεῖν
3456 1464 3722 1536 εἰρήνην.

2161 1563 2344 1635 Ὁρᾷς,
2375 1556 2420 1616 ὦ
2446 1561 2641 1632 ἀνόητε
2673 1559 2912 1623 Ἰουδαϊε,
2938 1557 3054 1622 πῶς
3091 1560 3157 1611 ὲκ
3185 1558 3484 1630 προοιμίων
3509 1556 3601 1610 τοῦ
3638 1556 3727 1610 λό-

2149 1648 2533 1726 γουλαισχύνην
2580 1654 2709 1724 ὑμῖν
2754 1649 3284 1724 προκαταγγέλλειὸ
3324 1650 3607 1722 προφήτης
3636 1647 3725 1704 διὰ

2149 1747 2247 1818 τὴν
2290 1744 2571 1801 ἀπείθειαν
2617 1745 2803 1816 ὐμῶν;
2852 1744 3070 1799 Μάθετε
3111 1742 3215 1797 κᾶν
3247 1743 3377 1814 παρ’
3401 1741 3566 1794 αὐτοῦ
3607 1740 3725 1806 πῶς

475 1854 576 1912 par
620 1838 759 1913 est,]
797 1839 1107 1907 vindicate;
1142 1840 1228 1895 vel
1271 1839 1431 1894 nobis
1458 1837 1600 1896 ﬁlios
1628 1854 1753 1894 cum
1784 1838 2042 1911 religione

2149 1838 2484 1895 θεοδίδακτον
2517 1837 2779 1908 κηρύσσει
2820 1838 2920 1908 τὴν
2966 1836 3074 1890 τῶν
3116 1835 3320 1889 τέκνων
3354 1832 3508 1905 ὑμῶν
3541 1834 3725 1906 ὑμνῳι-

462 1934 777 1990 ιεοιιοοάίιθ.
827 1932 940 1990 Nos
994 1949 1118 1989 cum
1163 1933 1273 1988 illis
1313 1933 1578 1988 ducemus
1625 1932 1890 1997 choreas,
1947 1947 2049 1987 no-

460 2041 662 2097 1vasque
712 2026 899 2095 gloriae
946 2024 1210 2081 divinitus
1254 2023 1581 2095 inspiratum
1626 2025 1903 2078 canticum
1950 2037 2050 2094 pa-

463 2118 605 2175 riter
628 2119 943 2189 psalle-mus.

2134 1920 2298 1986 ’δίανο
2343 1932 2420 1997 ὡς
2466 1931 2557 1986 καὶ⁵
2596 1934 2626 1983 ό
2667 1931 2935 2002 μακάριος
2980 1927 3147 1982 Δαὸὶδ
3177 1925 3599 2000 προανεφώνησε
3637 1924 3726 1981 λέ-

2151 2043 2264 2097 γων
2287 2041 2303 2057 σ
2349 2025 2443 2078 Ἐκ
2484 2024 2780 2093 στόματος
2811 2022 3044 2092 νηπίων
3076 2019 3176 2075 καὶ
3207 2017 3577 2087 θηλαζόντων
3597 2035 3732 2074 κατ-

2164 2116 2407 2185 ηρτήσω
2447 2110 2638 2169 αἶνον.
2678 2114 2748 2166 Ἥ
2771 2114 2951 2168 τοίνυν
2979 2114 3076 2184 τὴν
3101 2110 3356 2182 ὁσιότητα
3381 2110 3490 2165 τῶν
3518 2110 3726 2166 παίδων

457 2213 843 2278 οίκειώσασθε,
896 2212 1012 2285 [ὼς
1059 2210 1358 2285 χρεὼν,]ἢ
1394 2211 1532 2283 μετά
1578 2210 1679 2284 τῆς
1728 2210 2009 2275 εὐσεϐείας
2061 2209 2186 2274 τοὺς
2216 2210 2411 2273 παῖδας
2481 2212 2612 2282 ἡμῖν
2661 2208 2978 2279 χαρίσασθε.
3024 2209 3214 2280 Ἡμεῖς
3267 2207 3479 2270 τούτοις
3531 2220 3719 2274 συγχο-

456 2304 756 2379 ρεύσομεν,
782 2304 877 2359 καὶ
902 2308 968 2376 τῇ
996 2306 1157 2377 καινῇ
1182 2304 1306 2376 δόξῃ
1331 2305 1391 2358 τὸ
1419 2303 1753 2358 θεοδίδακτον
1776 2299 1925 2377 ᾆσμα
1952 2303 2354 2375 συμψαλοῦμεν.

539 2419 604 2476 ν.
638 2419 783 2476 Sane
808 2421 1050 2493 quidem,
1082 2439 1207 2478 cum
1231 2425 1359 2481 olim
1399 2422 1618 2479 Simeon
1658 2439 1825 2481 senex
1849 2440 2044 2480 occur-

471 2507 544 2561 rit
601 2505 871 2563 Salvatori
914 2510 984 2575 ⁷⁸,
1038 2512 1295 2583 uinisque
1326 2514 1474 2569 velut
1511 2513 1777 2569 infantem
1806 2517 2045 2585 suscepit

454 2601 796 2656 saeculorum
850 2610 1153 2673 auctorem,
1183 2612 1238 2661 et
1270 2604 1558 2661 Dominum
1599 2614 1654 2662 et
1709 2606 1876 2663 Deum
1907 2623 2045 2678 pra:-

467 2692 696 2747 dicavit.
722 2692 879 2748 Nunc
901 2703 1085 2751 autem
1112 2697 1393 2753 seniorum
1421 2698 1791 2768 improborum
1811 2701 1953 2763 loco,
1985 2707 2046 2755 ut

466 2782 600 2838 olim
649 2782 891 2850 Simeon,
942 2787 1098 2856 pueri
1156 2796 1455 2843 occurrunt
1486 2787 1779 2855 Salvatori,
1832 2807 2045 2849 ramos-

448 2891 573 2946 que
605 2877 861 2934 arborum
894 2894 994 2949 pro
1017 2880 1162 2937 ulnis
1195 2881 1626 2948 substernentes,
1654 2899 1818 2955 super
1836 2886 2042 2956 pullum

462 2975 728 3041 tanquam
798 2986 962 3042 super
1021 2973 1305 3028 cherubim
1379 2975 1696 3041 sedentem,
1750 2977 2038 3035 Dominum

463 3060 637 3118 Deum
688 3064 1018 3120 benedicunt
1047 3084 1062 3120 :
1096 3065 1355 3120 Hosanna
1406 3068 1518 3136 ﬁlio
1556 3068 1726 3123 David
1765 3085 1782 3123 :
1831 3071 2038 3125 benedi-

2218 2424 2296 2484 E',
2328 2424 2465 2477 Ποτὲ
2501 2424 2599 2496 μὲν
2641 2422 2751 2494 γὰρ
2781 2421 3009 2494 Συμεὼν
3036 2421 3066 2473 6
3095 2419 3411 2494 πρεσϐύτης
3440 2419 3718 2491 ὑπήντησε

2149 2517 2227 2589 τῷ
2269 2518 2501 2590 Σωτῆρι,
2542 2519 2637 2571 καὶ
2688 2519 2808 2582 ταῖς
2856 2515 3123 2585 ἀγκάλαις
3164 2512 3460 2578 ὑπεδέξατο
3489 2511 3579 2566 τὸν
3610 2510 3720 2564 τῶν

2149 2609 2358 2664 αἰώνων
2400 2609 2629 2682 ποιητὴν
2666 2609 2744 2674 ὡς
2795 2608 3012 2681 βρέφος,
3055 2608 3152 2661 καὶ
3191 2606 3396 2679 Κύριον
3445 2606 3540 2660 καὶ
3586 2605 3720 2659 Θεὸν

2149 2702 2450 2773 ἐκήρυττε·
2487 2700 2582 2755 νῦν
2616 2700 2673 2754 δὲ
2715 2700 2835 2755 ἀντὶ
2878 2698 3264 2770 πρεσϐυτέρων
3298 2696 3631 2769 ἀγνωμόνων
3669 2697 3721 2750 oi

2150 2795 2340 2858 παῖδες
2383 2792 2460 2865 τῷ
2507 2794 2719 2864 Σωτῆρι
2760 2793 3097 2865 ὑπήντησαν,
3134 2791 3209 2855 ὡς
3251 2787 3495 2861 Συμεὼν,
3528 2789 3625 2843 καὶ
3651 2787 3723 2843 τὰ

2150 2887 2318 2959 κλάδη
2364 2886 2486 2941 ἀντὶ
2526 2885 2782 2956 ἀγκαλῶν
2822 2885 3201 2956 ὐπέστρωσαν,
3241 2874 3339 2937 καὶ
3377 2881 3582 2954 Κύριον
3628 2880 3722 2937 τὸν

2145 2979 2277 3033 Θεὸν
2309 2979 2626 3051 εὐλόγησαν,
2657 2979 2747 3033 τὸν
2771 2979 2865 3032 ἐπὶ
2889 2977 3070 3032 πώλου
3097 2977 3172 3041 ὡς
3200 2976 3292 3030 ἐπὶ
3317 2974 3425 3030 τῶν
3451 2972 3721 3046 χερουϐὶμ

2146 3072 2509 3144 καθεζόμενον
2528 3089 2542 3103 ·
2584 3072 2847 3127 Ὡσαννὰ
2878 3070 2961 3138 τῷ
3000 3069 3109 3136 υἱῷ
3156 3067 3351 3123 Δαϐίδ·
3388 3065 3717 3138 εὐλογημέ-

467 3163 583 3211 κιιε
605 3156 697 3226 qui
734 3157 873 3211 venit
900 3157 956 3211 in
980 3159 1188 3213 nomine
1222 3157 1458 3214 Domini.
1514 3159 1651 3215 Cum
1703 3161 1903 3232 quibus
1930 3163 2041 3216 cla-

2145 3183 2249 3231 νος
2278 3168 2310 3219 ὀ
2339 3166 2658 3234 ἐρχόμενος
2678 3164 2748 3218 ἐν
2775 3165 3021 3235 ὀνόματι
3047 3163 3286 3231 Κυρίου.
3319 3161 3455 3216 Μεθ’
3486 3154 3561 3215 ὧν
3586 3159 3713 3232 βοή-

454 3261 679 3300 ξῐηεηιιιε
743 3254 798 3301 et
827 3261 976 3303 nos:
1010 3246 1346 3306 Benedictus
1404 3251 1500 3320 qui
1556 3251 1706 3306 venit
1751 3251 1892 3307 Deus
1924 3250 2039 3308 Rex

452 3338 653 3436 gloriae
683 3356 695 3392 :
732 3340 830 3409 qui
887 3350 1115 3412 propter
1140 3357 1243 3399 nos
1307 3342 1488 3443 factus
1519 3352 1603 3400 est
1664 3360 1892 3417 pauper,
1924 3346 2041 3416 ipse

463 3426 521 3480 in
556 3430 796 3498 propriis
816 3431 933 3487 suis
966 3440 1342 3503 paupertatem
1378 3426 1656 3497 nes'ciens,
1700 3444 1760 3490 ut
1805 3451 1905 3491 sua
1938 3452 2039 3492 nos

461 3519 707 3577 bonitate
735 3522 933 3578 ditaret
974 3524 1042 3580 ".
1069 3524 1402 3582 Benedictus
1433 3527 1527 3598 qui
1555 3526 1707 3582 venit
1737 3527 1790 3581 in
1828 3527 2042 3582 humili-

461 3620 594 3678 tate,
642 3614 839 3670 iterum
903 3624 1166 3673 venturus
1216 3619 1271 3672 in
1314 3620 1535 3690 gloria:
1603 3620 1838 3692 primum
1874 3637 2041 3691 super

462 3705 671 3774 pullum
705 3716 1047 3774 mansuetus,
1076 3708 1383 3782 faustisque
1404 3713 1680 3768 ominibus
1707 3728 2041 3784 prosequen-

461 3797 611 3853 tibus
676 3798 1015 3868 infantibus,
1072 3812 1132 3858 ut
1188 3804 1507 3876 impleretur
1570 3804 1716 3876 quod
1764 3815 1849 3861 est
1902 3808 2039 3862 scri-

460 3894 613 3957 ptum
634 3891 679 3922 ⁷⁷
706 3909 719 3945 :
749 3891 862 3947 Vici
890 3903 1013 3949 sunt
1033 3894 1299 3966 ingressus
1330 3898 1429 3964 tui,
1459 3897 1622 3961 Deus,
1653 3898 1919 3968 ingressus
1948 3899 2041 3956 Dei

461 3981 582 4043 nisi.
622 3982 756 4048 regis
782 3983 882 4036 mei
907 3985 996 4053 qui
1029 3993 1108 4040 est
1138 3986 1192 4041 in
1217 3998 1431 4053 sancto;
1467 3989 1834 4059 postmodum,
1872 3992 2038 4046 terri-

462 4069 588 4126 bilis
619 4087 784 4140 super
822 4075 1014 4139 nubes,
1059 4078 1268 4147 angelis
1300 4082 1632 4151 stipantibus
1663 4088 1829 4154 atque
1858 4084 2035 4138 virtu-

463 4161 632 4218 tibus.
656 4161 702 4218 Ο
730 4180 1024 4234 puerorunt
1049 4169 1364 4226 melliﬂuam
1390 4174 1630 4243 linguam
1658 4176 1671 4229 !
1704 4191 1738 4231 0
1765 4175 2036 4232 sinceram

463 4252 574 4310 Deo
605 4256 930 4326 placitorum
969 4260 1310 4317 doctrinam!
1347 4264 1636 4337 Prophetia
1667 4269 1839 4325 David
1891 4267 2031 4323 edita

2144 3274 2323 3328 σωμεν
2355 3257 2449 3309 καὶ
2489 3259 2676 3328 ἡμεῖς·
2710 3255 3084 3328 Εὐλογημένος
3115 3257 3143 3309 6
3175 3253 3342 3308 ἐλθὼν
3385 3252 3515 3316 Θεὸς
3557 3252 3713 3322 βασι·-

2139 3346 2264 3412 λεὺς
2304 3347 2413 3419 (98)
2457 3347 2559 3418 τῆς
2598 3347 2792 3419 δόξης·
2830 3351 2860 3403 ό
2905 3346 3260 3418 πτωχεύσας,
3308 3347 3367 3399 ἐν
3401 3346 3514 3409 τοῖς
3562 3344 3712 3407 ίδίοις

2139 3439 2305 3494 αὐτοῦ
2334 3438 2700 3510 ἀπτώχευτος,
2735 3440 2801 3494 δι’
2844 3441 3011 3512 ἡμᾶς,
3041 3441 3124 3493 ἵνα
3161 3439 3309 3511 ἡμᾶς
3341 3435 3603 3508 πλουτισῃ
3645 3437 3712 3507 τῇ

2140 3532 2309 3586 αὐτοῦ
2337 3531 2652 3604 ἀγαθότητι.
2685 3532 3059 3604 Εὐλογημένος
3086 3534 3114 3585 6
3153 3529 3321 3584 ὲλθὼν
3353 3530 3411 3582 ἐν
3444 3525 3714 3582 ταπεινώ-

2139 3643 2244 3691 σει,
2279 3628 2374 3681 καὶ
2397 3627 2558 3681 πάλιν
2578 3626 2873 3698 ἐρχόμενος
2898 3627 2955 3679 ὲν
2982 3624 3107 3697 δόξῃ
3130 3641 3144 3655 ·
3168 3623 3382 3698 πρῶτον
3412 3623 3506 3676 ἐπὶ
3532 3620 3712 3674 πώλου

2139 3720 2339 3793 πραῢς,
2383 3721 2478 3774 καὶ
2522 3720 2627 3773 ὑπὸ
2677 3719 2886 3792 νηπίων
2934 3717 3365 3790 εὐφημούμενος,
3397 3717 3547 3779 ὅπως
3576 3715 3713 3785 πλη-

2140 3811 2288 3886 ρωθῇ
2332 3813 2393 3866 τὸ
2439 3811 2824 3885 γεγραμμένον
2845 3828 2858 3842 ·
2906 3810 3353 3880 Ἐθεωρήθησαν
3394 3812 3456 3863 αἱ
3481 3805 3716 3876 πορεῖαι

2138 3906 2314 3968 σου,ό
2346 3902 2509 3969 Θεὸς,
2544 3905 2603 3956 αἱ
2629 3900 2857 3970 πορεῖαι
2895 3901 3002 3955 τοῦ
3042 3898 3189 3954 Θεοῦ
3223 3917 3343 3970 μου
3379 3898 3486 3953 τοῦ
3533 3901 3716 3951 Βασι-

2136 3993 2290 4059 λέως
2318 3992 2425 4047 τοῦ
2451 3993 2521 4046 ἐν
2553 3992 2730 4062 ἁγίῳ·
2762 3990 3030 4064 δεύτερον,
3067 3990 3295 4062 φοϐερὸς
3337 3991 3429 4044 ἐπὶ
3473 3988 3582 4043 τῶν
3623 4004 3715 4042 νει

2139 4085 2315 4155 φελῶν
2365 4086 2470 4140 ὑπὸ
2505 4085 2749 4155 ἀγγέλων
2781 4086 2875 4140 καὶ
2915 4084 3195 4156 δυνάμεων
3224 4082 3709 4154 δορυφορούμενος.

2141 4180 2206 4232 ’Ὠ
2254 4179 2352 4250 τῆς
2413 4177 2734 4250 μελιρῤύτου
2781 4177 2888 4232 τῶν
2937 4177 3143 4230 παίδων
3191 4172 3469 4246 γλώττης,
3513 4172 3559 4226 ὼ
3610 4172 3715 4243 τῆς

2136 4271 2518 4342 ἀκαπηλεύτου
2541 4270 2885 4334 διδασκαλίας
2907 4269 3015 4323 τῶν
3039 4267 3372 4340 θεαρέστωνί
3398 4265 3564 4320 Δαόὶδ
3586 4282 3714 4337 προ-

462 4361 683 4404 sensum
709 4351 813 4406 sub
842 4351 1026 4407 littera
1070 4356 1400 4426 occultavit;
1462 4362 1639 4431 pueri,
1691 4373 1881 4433 aperto
1917 4365 2036 4420 the-

2145 4360 2410 4434 φητεύσας
2434 4363 2538 4416 ὑπὸ
2564 4362 2624 4415 τὸ
2648 4360 2880 4435 γράμμα
2908 4361 3142 4432 ἐκάλυψε
3182 4361 3241 4414 τὸ
3265 4360 3470 4432 νόημα·
3499 4358 3708 4423 παῖδες,

461 4454 650 4503 oauro,
699 4441 921 4498 divitias
975 4447 1320 4514 protulerunt
1385 4449 1441 4504 in
1496 4451 1713 4523 lingua;
1768 4457 2034 4526 plenoque

2145 4455 2227 4508 τὸν
2272 4454 2543 4526 θησαυρὸν
2588 4454 2918 4521 ἀνοίξαντες,
2953 4453 3321 4524 ὲπὶγλώττης
3346 4453 3438 4506 τὸν
3481 4450 3710 4505 πλοῦτον

462 4533 635 4602 gratia
667 4550 940 4601 sermone,
971 4537 1120 4593 clare
1146 4555 1338 4597 omnes
1371 4543 1437 4597 ad
1465 4558 1560 4599 eas
1593 4544 1851 4603 fruendas
1872 4565 2037 4604 voca--

2145 4548 2539 4619 προσήνεγκαν,
2591 4547 2685 4601 καὶ
2724 4547 2866 4618 λόγῳ
2913 4546 3334 4618 κεχαριτωμένῳ
3373 4542 3711 4618 διαπρυσίως

460 4632 609 4679 runt.
643 4624 978 4684 Hauriamus
1035 4631 1219 4701 itaque
1248 4640 1304 4687 et
1339 4650 1441 4689 nos
1488 4650 1613 4690 cum
1654 4638 1791 4707 ipsis
1816 4640 2035 4698 divitias

2145 4638 2345 4700 πάντας
2382 4638 2474 4690 ἐπὶ
2523 4637 2620 4708 τὴν
2662 4637 2959 4692 ἀπόλαυσιν
3003 4638 3284 4691 ἐκάλεσαν.
3331 4634 3712 4706 Ἀντλήσωμεν

461 4730 569 4768 non
600 4716 934 4775 auferibiles.
968 4719 1389 4793 lnexplebilibus
1419 4728 1630 4784 sinibus
1672 4730 2035 4803 penubusque

2145 4729 2423 4802 τοιγαροῦν
2456 4730 2550 4784 καὶ
2588 4732 2750 4802 ἡμεῖς
2785 4728 2919 4801 [σὺν
2952 4728 3171 4801 αὐτοῖς]
3207 4729 3297 4787 τὸν
3348 4728 3709 4799 ἀναφαίρετον

461 4820 790 4876 reponamus
826 4812 1011 4869 divina
1036 4816 1391 4873 charismata.
1424 4819 1737 4876 Clamemus
1765 4823 1884 4879 sine
1925 4834 2037 4881 ler-

2145 4820 2383 4874 πλοῦτον.
2432 4821 2754 4894 Ἀπλήστοις
2781 4820 2998 4883 κόλποις
3025 4821 3120 4873 καὶ
3142 4820 3412 4890 ταμιείοις
3444 4815 3713 4871 ἐναποθώο

459 4899 610 4953 mino
641 4920 654 4955 :
691 4901 1002 4961 Benedictus
1030 4908 1122 4978 qui
1148 4910 1283 4963 venit
1314 4911 1368 4965 in
1390 4913 1598 4966 nomine
1616 4911 1831 4969 Domini
1852 4934 1870 4970 :
1889 4915 2032 4974 Deus

2145 4913 2276 4987 μεθα
2306 4914 2375 4968 τά
2406 4914 2524 4968 θεῖα
2558 4915 2889 4988 χαρίσματα.
2926 4914 3220 4986 Βοήσωμεν
3251 4913 3561 4984 ἀπέραντα·
3588 4913 3708 4965 Εὐ-

458 5005 646 5055 verus,
676 4993 731 5047 in
764 4996 985 5052 nomine
1011 4996 1105 5054 Dei
1126 5000 1263 5064 veri.
1313 5003 1660 5072 omnipotens
1689 5020 1753 5060 ex
1781 5008 2030 5077 omnipo-

2145 5006 2466 5076 λογυημένος
2505 5010 2538 5061 ό
2565 5007 2884 5077 ἐρχόμενος
2911 5007 2981 5059 ἐν
3009 5008 3250 5075 ὀνόματι
3289 5005 3541 5073 Κυρίου·
3575 5003 3709 5067 Θεὸς

460 5089 627 5149 lente,
657 5083 827 5142 Filius
855 5088 911 5143 in
939 5092 1156 5148 nomine
1182 5084 1380 5158 Patris,
1418 5094 1528 5152 Rex
1546 5112 1710 5153 verus
1732 5106 1786 5154 et
1809 5115 1876 5155 ex
1900 5115 2031 5155 vero

2145 5100 2390 5172 ἀληθινὸς
2411 5102 2469 5154 ὲν
2491 5101 2713 5171 ὀνόματι
2741 5100 2874 5153 Θεοῦ
2907 5100 3190 5173 ἀληθινοῦ·
3223 5098 3616 5171 παντοκράτωρ
3643 5097 3710 5150 ὲκ

405 5255 415 5265 .
464 5173 643 5246 Rege;
677 5178 857 5249 cujus,
893 5189 953 5235 ut
972 5185 1092 5251 ejus
1119 5185 1209 5254 qui
1237 5188 1442 5255 genuit,
1472 5197 1802 5252 coaaternum
1833 5200 1917 5247 est
1949 5207 2031 5247 rc-

2145 5192 2229 5244 τοῦ
2258 5192 2697 5264 παντοκράτορος
2719 5209 2732 5222 ·
2770 5192 2900 5255 Υἱὸς
2928 5194 2985 5246 ὲν
3023 5191 3246 5263 ὀνόματι
3272 5192 3484 5262 Πατρός
3502 5208 3515 5221 ·
3547 5191 3710 5243 Βασι-

463 5283 632 5337 gnum
687 5277 742 5325 et
776 5282 1168 5343 praemternum.
1210 5276 1306 5333 Est
1352 5279 1496 5334 enim
1546 5280 1678 5336 illud
1717 5298 2027 5348 commune,

2145 5286 2260 5349 λεὺς
2287 5285 2557 5350 ἀληθινὸς,
2591 5285 2649 5354 ἐξ
2682 5285 2936 5357 ἀληθινοῦ
2970 5285 3241 5351 Βασιλέως
3263 5303 3276 5317 ·
3311 5284 3579 5340 συναῒδιον
3610 5278 3706 5338 καὶ

529 5424 576 5455 ⁷³
597 5421 710 5480 Isa.
737 5440 890 5491 uix,
920 5424 1104 5485 22424.
1180 5429 1226 5462 "
1252 5429 1406 5489 Psal.
1435 5448 1554 5500 vnt,
1585 5434 1642 5489 5.
1717 5436 1762 5468 ’⁸
1790 5434 1918 5489 Luc.
1962 5451 2023 5503 ιι,

2218 5440 2267 5473 ⁷⁸
2295 5440 2334 5493 ll
2355 5440 2482 5498 Cor.
2512 5458 2631 5509 vm,
2654 5442 2708 5498 9.
2787 5444 2829 5475 ’⁷
2861 5443 3016 5501 Ρδαί.
3042 5462 3214 5514 van,
3239 5447 3329 5504 25.

531 5575 643 5659 (θῖ)
674 5579 849 5660 "Utar
881 5580 1049 5637 ἴδωσι
1070 5584 1608 5660 ’τὰτέκνα-αὐτῶν
1635 5588 1708 5643 τὰ
1741 5591 1885 5660 ἔργα
1903 5608 2023 5660 μου
2131 5591 2717 5658 Methmliosentenlia.

460 5649 787 5742 ξοιοιῖνταέ-
800 5649 961 5742 linus
981 5655 1150 5742 codex
1178 5656 1242 5709 ha
1254 5658 1341 5711 bet
1356 5657 1436 5742 τὸ,
1454 5660 1725 5724 ποιοῦντα,
1748 5649 2020 5742 adiectum

2145 5735 2149 5742 _
2197 5666 2333 5742 l98)_
2356 5649 2806 5740 ὀἑζὶζκῶῖΓόὲὸς
2826 5673 3041 5737 βασιλ.
3074 5676 3185 5742 AL,
3220 5678 3249 5729 6
3301 5677 3366 5733 ὲκ
3397 5671 3534 5727 Θεοῦ
3568 5672 3707 5739 Θεὸς

462 5715 999 5808 {ﬁffﬂilﬁmssentate
1042 5744 1054 5779 ε
1107 5742 1316 5808 ac‘pec
1361 5715 1723 5808 Hieronymus
1756 5715 1890 5808 tergit
1923 5740 2018 5786 aut
2126 5734 2154 5789 ό
2190 5715 2409 5808 ῥάξήλξ
2440 5715 2608 5725 ”⁷““’
2664 5715 2797 5740 “’““·
2826 5715 2901 5737 δ’*

462 5783 716 5855 0)·τί11ιιέ,
761 5802 1084 5865 constatque
1122 5798 1256 5854 satis
1293 5783 1610 5869 appositive
1632 5783 1885 5872 ιρέειὶζίὂ,
1916 5783 2017 5860 sui
