4088 6284
519 408 625 465 595

1485 401 1542 460 S.
1580 400 1907 458 METHODII
1947 402 2253 461 EPISCOPI
2290 405 2379 460 ET
2417 405 2775 463 MARTYRIS

3643 411 3751 469 396

521 507 726 589 minus,
773 519 977 577 homini
1032 520 1125 591 qui
1173 527 1469 587 erraverat,
1515 520 1744 575 salutem
1788 519 2068 582 allaturus,

2180 520 2515 592 πλανηθέντα
2548 523 2860 594 ἄνθρωπον·
2895 520 3191 579 καταλῦσαι
3218 524 3318 598 τὴν
3353 526 3560 599 πλάνην
3581 543 3595 559 ο
3633 545 3752 597 φω-

516 628 761 671 errorem
806 616 1189 675 convulsurus,
1231 612 1602 681 impertiturus
1653 609 1835 665 lumen
1872 610 2081 681 agenti-

519 705 623 760 hus
650 704 702 757 in
736 702 997 764 tenebris,
1046 700 1314 756 idolorum
1345 700 1645 755 aboliturus
1697 698 2077 769 imposturam,

515 794 636 862 ejus
668 791 786 847 loco
808 789 1133 845 inducturus
1155 791 1445 846 salutarem
1476 787 1568 843 Dei
1603 786 1876 852 notitiam,
1919 803 2081 841 mun-

514 887 643 942 dum
704 881 1178 945 sanctiﬁcaturus,
1235 880 1413 935 scelus
1456 878 1839 949 miseriamque
1896 880 2078 934 cultus

513 975 757 1033 inanium
788 974 1012 1029 deorum
1046 972 1419 1028 submoturus.
1480 970 1790 1026 Benedictus
1823 971 1914 1040 qui
1942 972 2077 1025 venit

511 1069 569 1123 in
595 1067 803 1121 nomine
823 1063 1075 1118 Domini:
1107 1079 1249 1119 unus
1272 1078 1370 1134 pro
1412 1063 1617 1129 multis,
1642 1070 1703 1117 ut
1728 1063 1885 1133 inops
1914 1063 2079 1116 homi-

512 1176 636 1216 num
659 1175 818 1230 genus
858 1157 1047 1227 eripiat
1073 1155 1136 1211 tle
1168 1172 1326 1210 manu
1359 1156 1638 1225 fortiorum
1680 1156 1831 1226 ejus;
1882 1165 1931 1210 et
1961 1172 2079 1226 ege-

512 1270 659 1316 num,
689 1262 739 1306 et
790 1264 1068 1319 pauperem
1094 1266 1126 1303 a
1167 1247 1535 1318 diripientibns
1575 1263 1690 1301 eum
1725 1246 1789 1302 “.
1825 1244 2076 1318 [Benedi-

2181 615 2499 688 ταγωγῆσαι
2558 618 2683 679 τοὺς
2735 618 2794 671 ὲν
2849 618 3028 673 σκότει
3051 638 3065 653 ο
3120 618 3461 691 καταργῆσαι
3517 619 3753 677 εἰδώλων

2182 704 2424 778 ἀπάτην·
2474 706 2784 773 ἁντεισάξαι
2826 709 3148 777 θεογνωσίαν
3191 711 3488 782 σωτήριον·
3524 710 3753 782 ἁγιάσαι

2184 797 2415 867 κόσμον·
2456 799 2724 853 ἀπελάσαι
2759 799 2820 854 τὸ
2869 802 3034 870 μύσος
3077 803 3170 856 καὶ
3205 802 3369 872 ἀλγος
3396 802 3471 875 (2)
3505 804 3605 875 τῆς
3638 805 3751 858 τῶν

2187 893 2428 963 ματαίων
2456 892 2593 946 θεῶν
2612 893 2920 966 θεραπείας.
2941 895 3359 965 Εὐλογημένος
3377 898 3410 948 ό
3428 896 3751 965 ἐρχόμενος

2181 983 2252 1037 ἐν
2294 983 2535 1052 ὀνόματι
2575 984 2795 1051 Κυρίου
2813 1000 2826 1012 ·
2876 979 2955 1048 εἷς
2983 986 3123 1057 ὑπὲρ
3166 984 3396 1049 πολλῶν,
3442 987 3753 1054 ῥύσασθαι

2182 1072 2419 1142 πτωχὸν
2444 1076 2615 1144 γένος
2642 1074 2984 1143 ἀνθρώπων,
3026 1076 3094 1128 ἐκ
3124 1075 3320 1145 χειρὸς
3346 1076 3751 1145 στερεωτέρων

2179 1163 2385 1228 αὐτοῦ,
2416 1162 2515 1217 καὶ
2544 1166 2782 1233 πτωχὸν
2806 1166 2904 1218 καὶ
2938 1164 3163 1232 πένητα
3203 1164 3322 1220 ἀπὸ
3364 1164 3483 1219 τῶν
3504 1166 3751 1236 διαρπα-

2181 1254 2397 1315 ζόντων
2419 1257 2625 1310 αὐτόν.
2645 1254 3086 1327 [Εὐλογημένος
3107 1259 3140 1310 ό
3165 1256 3486 1326 ἐρχόμενος
3509 1259 3579 1313 ἐν
3609 1261 3746 1314 όνό-

516 1357 631 1400 ctus
655 1344 744 1414 qui
772 1343 909 1397 venit
930 1342 983 1395 in
1006 1341 1211 1395 nomine
1243 1339 1493 1392 Domini:
1514 1338 1696 1392 vinum
1726 1344 1781 1391 et
1809 1338 1989 1393 oleum
2023 1336 2068 1391 ei

2174 1361 2314 1414 ματι
2351 1346 2569 1413 Κυρίου
2589 1363 2600 1373 ·
2630 1346 2842 1416 ἑπιχέαι
2872 1343 3010 1399 οἶνον
3039 1347 3131 1400 καὶ
3163 1347 3308 1399 ἔλεον
3328 1347 3419 1400 ἐπὶ
3441 1349 3534 1402 τὸν
3570 1349 3745 1419 ἐμπε-

516 1439 801 1493 iniusurus
829 1434 922 1505 qui
953 1433 1218 1488 inciderat
1248 1433 1301 1486 in
1339 1433 1574 1485 latrones
1597 1431 1666 1494 ",
1697 1438 1751 1485 et
1781 1429 1954 1485 fuerat
1988 1428 2068 1483 de-

2182 1435 2341 1489 σόντα
2372 1437 2452 1497 εἰς
2477 1434 2601 1497 τοὺς
2625 1435 2828 1505 λῃστὰς
2855 1435 2947 1488 καὶ
2976 1435 3447 1509 παρεωραμένον.]
3478 1439 3746 1508 Εὐλογη-

511 1529 779 1601 spectus.]
810 1527 1119 1582 Benedictus
1142 1528 1232 1596 qui
1257 1525 1390 1579 venit
1422 1526 1475 1578 in
1497 1525 1706 1577 nomine
1732 1521 1946 1576 Domini
1968 1538 1986 1575 :
2017 1531 2068 1576 ut

2173 1526 2356 1595 μένος
2404 1530 2437 1580 ὀ
2484 1527 2804 1596 ἐρχόμενος
2845 1527 2915 1580 ἐν
2963 1528 3206 1596 ὀνόματι
3256 1528 3479 1595 Κυρίου
3499 1545 3517 1560 ο
3573 1527 3747 1584 σῶσαι

513 1636 613 1676 nos
642 1620 757 1688 ipse
796 1633 892 1690 per
922 1633 982 1673 se
1034 1618 1211 1685 ipsum
1257 1617 1449 1680 salvet,
1517 1613 1969 1685 quemadmodum
2001 1612 2068 1666 ait

2179 1617 2324 1688 ἡμᾶς
2347 1616 2412 1670 δι’
2441 1616 2654 1683 ἑαυτοῦ,
2672 1617 2748 1681 ὥς
2770 1634 2932 1688 φησιν
2954 1620 2982 1672 ὁ
3006 1620 3287 1690 προφήτης
3306 1636 3319 1647 ’
3348 1621 3431 1673 Οὐ
3455 1619 3749 1688 πρέσϐυς,

510 1712 775 1784 propheta
801 1730 814 1765 :
850 1708 973 1763 Non
1005 1709 1230 1779 legatus,
1255 1724 1414 1777 neque
1433 1706 1791 1777 angelus;sed
1822 1704 2068 1759 Dominus

2177 1706 2319 1760 οὐδὲ
2350 1706 2601 1777 ἄγγελος
2616 1725 2630 1754 τ
2657 1708 2794 1764 ἀλλ’
2819 1709 3001 1776 αὐτὸς
3023 1713 3056 1763 ό
3076 1711 3288 1779 Κύριος
3308 1710 3543 1765 ἔσωσεν
3563 1710 3740 1781 ἡμᾶς.

513 1801 735 1857 salvavit
767 1816 861 1854 nos
907 1800 975 1853 ⁸⁸.
1004 1799 1298 1868 Propterea
1330 1808 1385 1853 et
1430 1798 1533 1868 ipsi
1555 1796 1925 1853 benedicimus
1952 1796 2068 1862 tibi,

2177 1799 2275 1852 Διά
2303 1797 2458 1851 τοῦτο
2498 1799 2590 1852 καὶ
2618 1801 2781 1871 ἡμεῖς
2820 1800 3144 1872 εὐλογοῦμέν
3178 1819 3258 1866 σε,
3293 1802 3463 1875 Κύριε
3483 1820 3497 1834 ο
3528 1804 3618 1857 τὸν
3645 1805 3745 1858 σὺν

509 1892 755 1954 Domine,
781 1892 873 1961 qui
907 1906 1028 1945 cum
1076 1889 1237 1945 Patre
1259 1897 1315 1944 et
1370 1888 1574 1959 Spiritu
1609 1897 1814 1955 sancto_
1849 1888 2068 1943 benedi-

2172 1890 2346 1960 Πατρὶ
2367 1890 2462 1944 καὶ
2488 1890 2627 1961 ἁγίῳ
2648 1891 2923 1962 Πνεύματι
2950 1892 3054 1964 πρὸ
3087 1892 3295 1948 αἰώνων
3319 1894 3413 1947 καὶ
3436 1895 3515 1957 εἰς
3540 1895 3744 1962 αἰῶνας

508 1993 631 2040 ctus
659 1998 718 2038 es
739 1990 865 2037 ante
895 1980 1094 2037 saecula
1123 1988 1177 2036 et
1220 1981 1275 2035 in
1311 1980 1508 2035 saecula
1552 1980 1872 2035 saeculorum
1911 1986 2068 2034 :ante

2172 1981 2380 2036 αἰώνων
2415 1982 2802 2054 εὐλογημένον·
2835 1984 2941 2055 πρὸ
2970 1985 3068 2056 μὲν
3099 1985 3208 2040 τῶν
3231 1985 3439 2040 αἰώνων
3460 1989 3553 2041 καὶ
3578 1988 3742 2060 μέχρι

505 2075 704 2131 macula
735 2073 973 2144 quidem,
1032 2078 1087 2127 et
1114 2087 1287 2143 usque
1329 2071 1491 2128 modo
1542 2086 1771 2144 corpore
1818 2085 2064 2128 vacans:

506 2181 651 2220 nunc
679 2173 859 2220 autem
884 2174 938 2219 et
967 2164 1023 2218 in
1056 2164 1275 2229 saecula,
1306 2178 1430 2218 cum
1467 2162 1651 2217 divina
1676 2171 1768 2217 tua
1786 2169 1841 2217 et
1870 2163 2069 2217 immu-

504 2257 742 2313 tabiliter
772 2255 1111 2326 indiviseque
1132 2261 1410 2325 assumpta
1436 2253 1794 2308 humanitate.

576 2346 686 2400 νη.
726 2345 1019 2401 Videamus
1046 2347 1207 2401 etiam
1242 2346 1544 2416 sequentia.
1582 2344 1723 2412 Quid
1750 2347 1827 2400 ait
1852 2345 2068 2403 divinus

503 2438 863 2509 evangelista?
885 2432 1015 2489 Cum
1061 2436 1205 2492 enim
1251 2436 1501 2491 Dominus
1559 2438 1807 2493 intrasset
1849 2440 1906 2493 in
1939 2448 2069 2493 tem-

506 2532 675 2600 plum,
699 2536 1027 2583 accesserunt
1060 2525 1128 2581 ad
1181 2545 1298 2582 eum
1329 2528 1508 2583 claudi
1535 2538 1586 2583 et
1615 2531 1761 2603 cruci,
1785 2540 1834 2585 et
1863 2531 2067 2585 sanavit

501 2634 611 2676 eos.
656 2618 895 2672 Videntes
917 2627 1092 2672 autem
1117 2620 1374 2687 principes
1386 2620 1713 2675 sacerdotum
1730 2630 1780 2676 et
1804 2621 2063 2678 Phariscei

507 2711 779 2765 mirabilia
798 2726 914 2780 qua:
944 2709 1086 2780 fecit,
1114 2720 1166 2765 et
1189 2726 1376 2780 pueros
1403 2709 1711 2773 clamantes,
1737 2720 1783 2764 et
1800 2710 2025 2767 dicentes
2050 2727 2068 2765 :

505 2801 766 2859 Hosatma
814 2802 927 2872 ﬁlio
959 2800 1129 2857 David
1170 2817 1188 2855 :
1246 2800 1559 2856 Benedictus
1596 2803 1685 2871 qui
1716 2804 1851 2857 venit
1885 2804 1940 2858 in
1980 2820 2070 2858 no-

505 2896 643 2949 mine
672 2893 884 2950 Domini
912 2894 979 2960 ⁸⁷,
1007 2910 1115 2950 non
1148 2894 1389 2949 tulerunt
1432 2894 1732 2948 exhibitura
1788 2895 2068 2959 honorem,

501 3002 677 3057 eoque
705 2988 1044 3050 accedentes,
1099 2985 1174 3041 ita
1202 2985 1456 3040 dixerunt
1496 3005 1510 3040 :
1563 2983 1688 3040 Non
1733 2986 1886 3040 audis
1947 2988 2071 3056 quid

2169 2075 2268 2146 τῆς
2281 2075 2439 2147 δεῦρο
2460 2076 2745 2147 ἀσώματον
2763 2094 2775 2107 ·
2800 2077 2867 2132 τὰ
2882 2076 2976 2132 νῦν
2997 2078 3053 2132 δὲ
3075 2078 3166 2132 καὶ
3181 2080 3258 2142 εἰς
3274 2079 3473 2143 αἰῶνας
3491 2081 3628 2151 μετά
3641 2083 3742 2153 τῆς

2169 2166 2318 2231 θείας
2339 2168 2432 2223 καὶ
2458 2168 2791 2240 ἀμεταὸόλου
2819 2170 2912 2224 καὶ
2942 2170 3234 2242 ἀμερίστου
3277 2187 3368 2224 σου
3393 2170 3735 2243 σαρκώσεως.

2233 2348 2305 2401 Z'.
2334 2346 2562 2419 Ἰδωμεν
2589 2345 2682 2401 καὶ
2708 2345 2776 2399 τὰ
2798 2345 2942 2417 ἑξῆς.
2969 2345 3035 2398 Τί
3059 2344 3206 2414 λέγει
3232 2344 3261 2396 ὁ
3290 2342 3560 2408 θειότατος
3581 2346 3735 2412 εὐαγ-

2163 2437 2453 2510 γελιστής;
2504 2438 2904 2505 Εἰσελθόντος
2949 2436 3058 2508 γὰρ
3107 2436 3212 2491 τοῦ
3255 2437 3476 2504 Κυρίου
3529 2437 3615 2501 εἰς
3665 2435 3733 2489 τὸ

2167 2528 2346 2597 ἱερὸν,
2381 2526 2730 2598 προσῆλθον
2774 2527 2935 2595 αὐτῷ
2985 2528 3165 2598 χωλοὶ
3217 2526 3318 2582 καί
3364 2524 3597 2594 τυφλοὶ,
3632 2524 3735 2581 καὶ

2166 2616 2568 2686 ἐθεράπευσεν
2600 2620 2839 2685 αὐτούς.
2883 2618 3128 2685 Ἰδόντες
3150 2616 3220 2672 δὲ
3238 2617 3527 2686 ἀρχιερεῖς
3551 2618 3648 2671 καί
3681 2620 3736 2672 ol

2169 2710 2472 2780 Φαρισαῖοι
2497 2711 2570 2766 τὰ
2596 2712 2894 2782 θαυμάσια
2918 2712 2957 2765 d
2986 2711 3255 2780 ἐποίησε,
3292 2709 3391 2764 καὶ
3422 2709 3565 2776 τοὺς
3600 2708 3737 2764 παῖ-

2167 2798 2277 2866 δας
2309 2799 2627 2869 κράζοντας
2670 2802 2767 2855 καὶ
2816 2800 3102 2872 λέγοντας
3120 2817 3134 2832 ·
3193 2799 3453 2857 Ὡσαννὰ
3502 2798 3584 2866 τῷ
3627 2798 3739 2865 υἱῷ

2168 2892 2349 2947 Δαυΐδ
2368 2912 2381 2926 ·
2407 2894 2825 2964 Εὐλογημένος
2850 2895 2882 2947 ὁ
2908 2894 3224 2963 ἐρχόμενος
3251 2893 3319 2947 ἐν
3349 2893 3591 2962 ὀνόματι
3615 2896 3741 2947 Κυ-

2163 2986 2322 3053 ρίου,
2365 2985 2465 3038 οὑκ
2494 2987 2729 3054 ἤνεγκαν
2768 2984 2864 3055 τὴν
2891 2984 3081 3038 τούτου
3108 2986 3288 3057 τιμήν.
3326 2984 3485 3039 Ὅθεν
3508 2984 3741 3056 προσελ-

502 3081 593 3135 isti
628 3079 850 3133 dicunt?
877 3078 1042 3145 Quasi
1100 3077 1343 3133 dicerent
1374 3096 1386 3132 :
1425 3075 1545 3132 Non
1601 3077 1916 3143 ollenderis,
1975 3080 2068 3150 qui

2172 3076 2356 3142 θόντες
2395 3076 2567 3141 οὕτως
2594 3073 2773 3131 εἰποψ
2818 3079 2938 3131 Οὐκ
2972 3077 3211 3144 ἀκούεις
3234 3077 3291 3131 τί
3322 3072 3487 3133 οὗτοι
3524 3076 3736 3147 λέγου-

503 3176 650 3229 velut
679 3171 821 3227 Deus
844 3171 1117 3227 lauderis?
1168 3169 1288 3226 Non
1318 3169 1429 3228 fers
1475 3172 1721 3237 moleste,
1756 3173 1849 3242 qui
1880 3172 2068 3228 audias

2172 3184 2308 3235 σιν;
2374 3169 2584 3222 Ὡσανεὶ
2624 3167 2838 3236 ἔλεγον
2891 3169 2964 3221 Οὐ
3017 3167 3220 3240 βαρύνῃ
3256 3165 3614 3238 δοξαζόμενος
3658 3166 3735 3230 ὼς

502 3270 572 3322 ab
591 3266 863 3321 innocenti
890 3271 1049 3319 aetate
1074 3279 1194 3333 quae
1219 3261 1329 3318 Deo
1360 3270 1415 3319 et
1447 3263 1549 3319 soli
1575 3264 1676 3334 ipsi
1698 3264 2068 3320 conveniunt?

2172 3259 2331 3324 Θεός;
2366 3259 2479 3313 Οὐκ
2522 3258 2663 3332 ἄχθῃ
2705 3258 2917 3311 ἀκούων
2961 3257 3109 3330 παρά
3146 3258 3256 3311 τῶν
3292 3256 3512 3311 ἀκάκων
3540 3255 3608 3309 τὰ
3653 3255 3734 3328 τῷ

502 3357 694 3413 Nonne
724 3358 852 3413 olim
882 3355 1122 3428 prodidit
1154 3355 1298 3412 Deus
1320 3371 1418 3428 per
1455 3355 1796 3427 prophetam,
1825 3355 2066 3411 Gloriam

500 3467 670 3506 meam
697 3450 849 3504 alteri
878 3466 978 3503 non
1007 3447 1143 3502 dabo
1169 3448 1252 3502 ’θῗ
1278 3447 1344 3501 Et
1370 3448 1463 3518 qui
1495 3458 1573 3512 tu,
1636 3447 1788 3502 homo
1817 3464 1937 3502 cum
1967 3449 2064 3515 sis,

505 3542 641 3612 facis
673 3550 721 3594 te
749 3541 918 3609 ipsum
940 3539 1107 3594 Deum
1130 3538 1175 3571 ⁸³
1200 3539 1223 3592 ?
1249 3536 1390 3604 Quid
1423 3554 1551 3594 vero
1592 3538 1660 3593 ad
1687 3540 1801 3595 haec
1830 3540 1920 3596 ille
1946 3539 2068 3594 lon-

500 3633 731 3705 ganimis
750 3673 764 3696 ,
794 3633 884 3687 ille
913 3632 1110 3687 ntultus
1133 3633 1187 3686 in
1216 3631 1578 3688 misericordia
1604 3633 1672 3701 ’°,
1707 3640 1761 3689 et
1788 3634 1972 3688 tardus
1997 3634 2069 3687 ad

499 3727 640 3781 iram
665 3725 747 3778 ⁸ίῖ
789 3724 1023 3779 sustinet
1050 3723 1313 3789 furentes,
1364 3722 1681 3780 defensione
1723 3724 1835 3780 iras
1872 3740 2068 3781 accen-

500 3832 592 3874 sas
623 3818 861 3881 cohibet,
916 3815 1229 3887 Scripturas
1278 3831 1344 3871 ex
1378 3815 1605 3873 adverso
1653 3816 1709 3871 in
1747 3820 2064 3874 memoriam

499 3918 741 3974 revocat,
777 3908 933 3964 all‘ert
966 3909 1278 3965 testimonia
1315 3923 1505 3975 eorum
1556 3924 1677 3979 quae
1707 3919 1943 3982 aguntur
1965 3926 2068 3968 nec

499 4003 683 4056 renuit
733 4002 1068 4073 interrogare
1101 4019 1115 4054 :
1145 4000 1506 4072 Nunquamne
1548 4009 1603 4058 et
1657 4019 1755 4059 vos
1793 4004 2067 4061 dicentem

502 4108 588 4146 me
617 4107 712 4161 per
770 4095 1087 4162 prophetam
1133 4093 1362 4148 audistis
1394 4111 1407 4147 :
1433 4092 1587 4149 Tunc
1610 4095 1796 4151 scietis
1815 4097 1943 4168 quia
1975 4098 2067 4168 qui

501 4182 769 4253 loquebar,
796 4184 905 4251 ipse
934 4183 1123 4237 adsum
1178 4183 1259 4238 "‘l
1286 4183 1394 4240 Nec
1426 4200 1555 4240 vero
1579 4186 1776 4241 iterum
1807 4205 1819 4241 :
1867 4187 1954 4241 Ex
1977 4204 2066 4242 are

499 4275 783 4343 infantium
831 4284 881 4330 et
913 4274 1219 4329 lactentium
1266 4275 1527 4344 perfecisti
1572 4277 1804 4343 laudem,
1855 4289 2066 4349 propter

499 4367 740 4421 inimicos
788 4376 926 4431 tuos,
957 4376 1015 4419 ut
1060 4366 1306 4421 destruas
1351 4360 1622 4423 inimicum
1646 4380 1696 4424 et
1738 4370 1963 4426 ultorem
1981 4372 2067 4424 ’³9

503 4457 615 4515 Vos
644 4459 899 4513 nimirum
939 4459 1033 4530 qui
1063 4460 1342 4515 attenditis
1368 4460 1469 4530 legi
1516 4468 1572 4516 et
1618 4463 1912 4533 prophetas
1940 4464 2064 4535 legi-

2171 3353 2283 3423 Θεῷ
2304 3393 2319 3417 ,
2367 3353 2460 3407 καὶ
2508 3353 2672 3423 μόνῳ,
2701 3353 3019 3427 πρέποντας
3054 3351 3128 3404 Οὐ
3174 3351 3338 3406 πάλαι
3376 3349 3668 3422 δεδήλωκεν
3703 3352 3736 3405 ὁ

2171 3442 2301 3507 Θεὸς
2329 3441 2416 3496 διὰ
2455 3441 2547 3496 τοῦ
2590 3444 2864 3514 προφήτου
2886 3457 2898 3468 '
2938 3439 3055 3508 Τὴν
3098 3439 3285 3504 δόξαν
3308 3456 3427 3509 μου
3457 3437 3631 3507 ἑτέρῳ
3662 3440 3738 3493 οὐ

2171 3535 2382 3599 δώσω;
2407 3534 2501 3587 καὶ
2529 3533 2644 3597 πῶς
2672 3532 2774 3597 σὺ,
2817 3530 3123 3599 ἄνθρωπος
3161 3529 3264 3596 ὢν,
3293 3527 3479 3594 ποιεῖς
3521 3527 3740 3582 ἑαυτὸν

2176 3630 2357 3690 Θεόν;
2399 3625 2558 3680 Ἀλλά
2579 3625 2632 3677 τί
2661 3623 2795 3697 πρὸς
2827 3622 2997 3677 ταῦτα
3019 3623 3047 3674 ό
3079 3620 3447 3693 μακρόθυμος,
3490 3621 3522 3673 ό
3544 3617 3741 3687 πολὺς

2171 3718 2241 3772 ἐν
2266 3717 2422 3771 ἐλέει
2456 3718 2550 3771 καὶ
2571 3715 2805 3785 ,ϐραδὺς
2842 3717 2929 3780 εἰς
2972 3712 3196 3783 όργήν;
3223 3712 3469 3782 ἀνέχεται
3501 3709 3608 3765 τῶν
3643 3725 3741 3781 μεο

2175 3809 2446 3880 μηνότωψ
2488 3807 2795 3863 ἀναστέλλει
2848 3808 2913 3877 τῇ
2950 3804 3213 3874 ἀπολογίᾳ
3247 3803 3347 3875 τὴν
3397 3803 3737 3874 φλεγμονήνο

2171 3902 2611 3974 ἀνθυπομνήσκει
2658 3898 2906 3971 Γραφάς·
2946 3896 3245 3969 προσφέρει
3289 3894 3594 3966 μαρτυρίας
3628 3893 3742 3947 τῶν

2171 3996 2529 4068 τελουμένων,
2563 3992 2657 4046 καὶ
2700 3992 2800 4045 οὐκ
2831 3990 3183 4049 ἀπαναίνεται
3224 3988 3360 4059 πρὸς
3384 3986 3481 4058 τὴν
3524 3983 3738 4038 πεῦσιν.

2171 4089 2262 4143 Διό
2294 4104 2489 4160 φησιν’
2534 4085 2797 4139 Οὐδέποτε
2842 4083 2936 4137 καί⁵
2982 4082 3140 4151 ὑμεῖς
3182 4078 3451 4150 ἠκούσατέ
3503 4094 3605 4149 μου
3649 4076 3744 4130 διὰ.

2171 4180 2264 4235 τοῦ
2294 4178 2571 4251 προφήτου
2593 4176 2861 4245 λέγοντος⁸
2884 4173 3017 4227 Τότε
3041 4169 3334 4241 γνώσεσθε,
3357 4170 3436 4222 ὅτι
3456 4172 3489 4223 ό
3508 4167 3740 4232 λαλῶν,

2171 4269 2351 4335 αὐτὸς
2385 4266 2652 4337 scriptaque;
2686 4266 2793 4319 οὐδ’
2822 4259 2888 4318 αὖ
2930 4264 3117 4317 πάλιν·
3161 4263 3256 4315 Ἐκ
3293 4262 3590 4330 στόματος
3627 4276 3744 4327 mc

2171 4364 2324 4416 πίων
2349 4359 2449 4414 καί
2472 4357 2842 4427 θηλαζόντων
2859 4355 3209 4425 κατηρτήονω
3229 4349 3402 4409 αἶνον
3421 4352 3598 4407 ἕνεκα
3619 4349 3746 4405 τῶν·

2171 4450 2398 4522 ἐχθρῶν
2428 4463 2564 4513 σου,
2598 4446 2706 4501 τοῦ
2743 4446 3074 4499 καταλῦσαι
3113 4442 3328 4513 ἐχθρὸν
3358 4441 3456 4496 καί
3504 4438 3745 4506 ἐκδικη-

501 4553 594 4615 tis,
626 4567 820 4622 meque
848 4554 939 4622 qui
968 4554 1024 4606 in
1048 4553 1164 4623 lege
1188 4560 1243 4608 et
1280 4554 1558 4624 prophetis
1590 4530 1853 4623 praedicor
1888 4530 2068 4617 ’κέε-

2173 4543 2319 4610 τήν;
2372 4542 2577 4604 Οῖτινές
2624 4541 2746 4592 ὲστε
2790 4539 2965 4607 ὑμεῖς,
3018 4537 3068 4590 οἰ
3113 4535 3260 4607 νόμῳ
3310 4530 3745 4624 προσανέχοντας

504 4620 828 4712 pcrnamini.
864 4620 1169 4699 _Videmi_ni
1227 4620 1445 4715 quidem
1493 4620 1711 4717 pietatis
1757 4648 1940 4718 specie
1968 4647 2063 4703 Dei

2175 4638 2269 4691 καὶ
2311 4636 2593 4708 προφήτας
2638 4627 3305 4718 ἀναγινώσκοντες,νκάμε
3354 4625 3444 4679 τὸν
3492 4626 3549 4677 ὲν
3585 4620 3745 4718 νόμῳ

503 4737 730 4802 gloriam
752 4738 966 4803 ulcisci,
999 4754 1109 4793 non
1142 4738 1501 4810 intelligentes
1533 4739 1659 4809 quia
1685 4740 1775 4812 qui
1803 4757 1883 4795 me
1916 4756 2062 4809 sper-

503 4827 603 4888 nit,
632 4835 681 4880 et
711 4824 926 4881 Patrem
957 4844 1127 4882 meum
1150 4830 1350 4898 spernit
1379 4830 1424 4860 ⁹⁵
1459 4847 1472 4883 :
1507 4828 1618 4900 Ego
1656 4829 1792 4883 exivi
1820 4846 1853 4882 a
1884 4829 1988 4884 Deo
2015 4839 2066 4886 et

504 4918 618 4971 veni
640 4918 694 4970 in
724 4919 972 4973 mundum
998 4920 1077 4988 ⁶⁶;
1116 4934 1343 4990 meaque
1371 4921 1540 4989 gloria
1557 4922 1721 4976 etiam
1750 4922 1929 4979 Patris
1957 4923 2064 4977 mei

503 5020 589 5063 est
640 5010 829 5078 gloria.
874 5008 965 5064 Sic
996 5018 1175 5066 autem
1229 5011 1467 5067 convicti
1527 5014 1677 5069 stulti
1721 5028 1751 5067 a
1784 5013 2064 5068 Salvatore

505 5108 694 5154 nostro
724 5099 831 5155 Deo
858 5100 1135 5157 desierunt
1161 5101 1380 5172 quidem
1402 5104 1798 5170 contradicere,
1833 5105 2064 5161 veritate

505 5204 599 5243 ora
665 5191 982 5247 obstruente
1032 5208 1047 5245 :
1101 5191 1207 5245 alia
1273 5209 1398 5249 vero
1445 5194 1680 5249 dementi
1736 5195 2064 5266 cogitatione

504 5282 697 5347 ascita,
728 5284 1012 5339 consilium
1044 5284 1281 5338 inierunt
1311 5294 1498 5340 contra
1531 5287 1729 5357 ipsum.
1764 5286 1873 5343 Nos
1900 5301 2064 5357 porro

492 5381 795 5451 psallamus
825 5395 838 5430 :
871 5377 1096 5448 Magnus
1121 5378 1377 5434 Dominus
1406 5393 1453 5435 et
1481 5399 1675 5452 magna
1715 5385 1880 5439 virtus
1907 5386 2061 5454 ejus;

573 5495 619 5526 "
655 5492 802 5548 Psal.
835 5508 1022 5556 xxxxv,
1051 5493 1141 5548 l0.
1215 5492 1261 5525 ⁸⁸
1287 5493 1413 5549 Luc.
1438 5511 1492 5555 ι,
1524 5495 1610 5549 54.
1685 5494 1731 5527 ⁸⁸
1756 5492 1868 5547 Isa.
1892 5509 2051 5557 LXIII,

2214 5496 2258 5528 ⁸⁷
2292 5494 2488 5550 Matth.
2525 5508 2639 5559 xu,
2664 5492 2849 5549 14-16.

506 5566 683 5623 ινὸὅ.

508 5636 598 5688 ἓό.

762 5564 807 5595 ⁹⁰
862 5563 977 5617 Jcel
1015 5579 1075 5627 ll,
1119 5564 1204 5617 l3.
1242 5610 1252 5623 .
1300 5564 1343 5595 ἰ

700 5634 746 5668 ⁸⁸
801 5632 960 5687 Joun.
995 5649 1106 5695 xw,
1142 5632 1232 5687 28.

1409 5565 1530 5623 Jac.
1584 5564 1737 5631 1,19.
1811 5564 1857 5595 "
1890 5562 2004 5618 Isa.
2032 5581 2063 5620 ι.

2172 5564 2214 5622 θ.
2288 5567 2335 5598 ⁸³
2363 5563 2521 5621 Ρειιί.Δ
2542 5580 2661 5630 vui,
2688 5564 2743 5620 5.
2816 5566 2863 5599 “
2879 5564 3039 5621 Joan.
3081 5582 3136 5631 ν,
3161 5566 3249 5621 59.

2168 4730 2263 4786 καὶ
2318 4730 2622 4800 προφήταις
2676 4723 3075 4796 κηρυττόμενον
3124 4717 3464 4779 ἀθετοῦντες.
3518 4715 3745 4767 Δοκεῖτε

2171 4824 2269 4895 μὲν
2288 4821 2397 4892 γὰρ
2416 4820 2474 4872 ὲν
2497 4820 2734 4889 σχήματι
2756 4814 3036 4876 εὐλαϐείας
3057 4810 3341 4865 διεκδικεῖν
3363 4808 3463 4878 τὴν
3484 4805 3575 4860 τοῦ
3596 4805 3744 4895 Θεοῦ

2166 4894 2343 4978 δόξαν,
2378 4909 2450 4980 μὴ
2474 4896 2775 4971 συνιέντες,
2794 4906 2983 4976 ὅτιπερ
3015 4906 3049 4957 ό
3072 4900 3176 4971 ἐμὲ
3198 4898 3441 4963 ἀθετῶν,
3496 4895 3595 4949 καί
3627 4894 3748 4949 τὸν·

2166 5002 2397 5072 Πατέρα
2412 5020 2530 5072 μου
2550 4997 2767 5056 ἀθετεῖο
2807 4994 2947 5067 Ἐγὼ
2966 4994 3124 5064 παρὰ
3147 4992 3255 5047 τοῦ
3277 4989 3422 5045 Θεοῦ
3450 4985 3743 5057 ἐξῆλθον,

2166 5097 2265 5150 καὶ
2295 5095 2565 5162 ἐλήλυθα
2596 5094 2683 5159 εἰς
2705 5090 2812 5144 τὸν
2835 5090 3065 5158 κόσμον
3085 5103 3098 5118 ·
3133 5084 3227 5140 καὶ
3260 5087 3293 5156 ή
3321 5082 3426 5153 ἐμὴ
3458 5080 3605 5147 δόξα,
3639 5079 3743 5133 καὶ

2170 5190 2262 5244 τοῦ
2292 5186 2504 5260 Πατρός
2549 5201 2653 5259 μου
2690 5183 2837 5237 ἐστὶν
2862 5182 3004 5249 δόξα.
3057 5179 3429 5250 Ἐλεγχθέντες
3460 5176 3516 5229 δὲ
3561 5171 3745 5236 οὕτως

2170 5285 2219 5337 οἰ
2252 5284 2467 5354 ἀνόητοι
2513 5283 2619 5336 ὑπὸ
2655 5281 2749 5335 τοῦ
2777 5280 3025 5351 Σωτῆρος
3051 5280 3084 5348 ή
3095 5276 3207 5347 μῶν
3237 5271 3393 5337 Θεοῦ,
3427 5267 3747 5324 ἐπαύσαντο

2177 5376 2277 5449 μὲν
2321 5377 2418 5447 τῆς
2444 5374 2767 5445 ἀντιλογίας,
2806 5370 3140 5444 φιμωθέντες
3165 5371 3232 5440 τῇ
3263 5363 3515 5437 ἀληθείην
3546 5361 3744 5429 ἕτερον

2954 5494 3000 5527 ³⁸
3029 5494 3141 5550 Isa.
3173 5511 3307 5557 xw,
3338 5492 3393 5550 8.
3470 5492 3517 5525 ⁸⁸
3565 5488 3737 5550 Joan.

2954 5582 3039 5618 an.
3081 5582 3136 5618 ν.
3161 5566 3249 5618 59.
3353 5566 3399 5598 ’⁵
3428 5562 3589 5618 Joan.
3620 5576 3735 5618 xv.

3576 5597 3735 5627 ,δυ’

584 5746 884 5825 θὶΜύέῖος
900 5744 1223 5825 reid-Irac-
1251 5746 1535 5825 _(_3_0"8"“e_
1562 5749 1616 5803 in
1646 5749 1855 5825 cultum
1882 5745 2180 5823 idolorum;
2203 5768 2329 5810 vere
2347 5758 2491 5810 enim
2514 5764 2802 5825 utrumque
2828 5751 2991 5809 habet
3023 5771 3037 5807 :
3068 5767 3242 5825 eoque
3267 5753 3594 5809 immensum
3629 5747 3707 5807 ho
3727 5779 3740 5794 -

514 5819 784 5883 nelicium,
807 5820 950 5889 quod
970 5820 1221 5877 Christus
1250 5819 1340 5875 illo
1371 5817 1630 5873 mundum
1652 5818 1901 5874 absolvit.
