4088 6284
271 410 365 468 59⁸1

1384 405 1664 462 HOMILIA
1700 406 1787 463 DE
1824 407 2054 466 CRUCE
2092 407 2344 464 DOMINI.

3373 414 3475 466 598

265 525 316 580 δὲ
353 525 789 596 ἐπισπασάμενοι
826 524 1009 588 ἀνοίας
1045 524 1322 595 λογισμὸν,
1353 523 1673 595 συμΰούλιον
1706 531 1822 580 κατ’

1926 543 1973 588 et
2004 536 2272 618 sapientia:
2293 534 2404 604 ejus
2434 551 2534 588 non
2559 544 2634 588 est
2659 535 2904 588 numerus
2933 537 2999 587 ⁸⁷.
3042 533 3162 590 Haec
3184 526 3329 590 enim
3363 550 3479 588 om-

266 619 423 676 αὐτοῦ
449 620 750 673 ἐποιοῦντο.
787 620 977 686 Ἡμεῖς
996 619 1053 671 δὲ
1078 618 1367 688 ψάλλωμεν
1390 633 1403 648 ο
1434 618 1630 688 Μέγας
1654 621 1686 671 ό
1711 619 1825 672 Κύ-

256 731 384 784 ριος
428 710 614 782 ἡμῶν,
649 711 747 766 καὶ
768 711 1000 780 μεγάλη
1037 713 1074 777 ἡ
1109 711 1288 780 ἰσχὺς
1328 711 1533 774 αὐτοῦ,
1575 711 1676 763 καὶ
1715 709 1824 777 τῆς

262 803 565 868 συνέσεως
612 801 796 856 αὐτοῦ
841 805 952 855 οὐκ
1001 801 1171 854 ἔστιν
1213 801 1474 870 ἀριθμός.
1508 801 1690 854 Ταῦτα
1718 801 1825 872 γὰρ

264 898 474 953 ἅπαντα
517 893 767 962 γέγονεν,
811 893 898 947 ἵνα
944 896 976 946 ὀ
1011 893 1191 960 αῖρων
1236 892 1350 960 τὴν
1383 892 1672 960 ἁμαρτίαν
1717 893 1823 946 τοῦ

259 987 485 1055 κόσμου
540 985 743 1054 Ἁμνὸς
777 985 871 1037 καὶ
910 984 1035 1046 Υἱὸς
1081 984 1173 1037 τοῦ
1204 983 1337 1036 Θεοῦ
1384 983 1642 1047 ἑκουσίως
1684 985 1822 1057 ὑπὲρ

259 1076 410 1148 ἡμῶν
441 1077 534 1129 ἐπὶ
557 1075 616 1128 τὸ
653 1077 912 1147 σωτήριον
940 1074 1107 1138 πάθος
1133 1073 1260 1147 ἔλθῃ
1283 1075 1375 1129 καὶ
1411 1075 1500 1128 ἐπὶ
1529 1073 1590 1128 τὸ
1618 1077 1823 1147 πρατή-

261 1184 371 1242 ριον
417 1167 494 1238 (5)
540 1167 836 1238 γνωρισθῇ,
871 1167 964 1220 καὶ
991 1168 1039 1218 οἱ
1083 1166 1438 1236 ἐξωνούμενοι
1478 1168 1570 1220 τὸν
1599 1166 1824 1233 ἐξωνού-

263 1273 419 1328 μενον
447 1256 524 1327 τῷ
569 1256 812 1327 ζωοποιῷ
837 1254 1000 1311 αὑτοῦ
1031 1258 1220 1328 αἵματι
1252 1257 1342 1310 τὸν
1368 1258 1569 1327 κόσμον
1601 1275 1824 1330 συμφω-

258 1351 462 1420 νήσωσι
507 1349 799 1419 τριάκοντα
827 1349 1126 1421 ἀργυρίοις,
1160 1350 1254 1403 καὶ
1294 1349 1354 1402 τὸ
1397 1348 1613 1418 Πάσχα
1662 1351 1829 1421 ἡμῶν

256 1440 387 1511 τυθῇ
421 1440 561 1511 ὑπὲρ
599 1440 754 1512 ἡμῶν
799 1441 1059 1512 Χριστός·
1097 1442 1245 1504 ὅπως
1273 1443 1321 1494 οἰ
1354 1439 1430 1510 τῷ
1476 1441 1640 1512 τιμίῳ
1666 1442 1824 1496 αὑτοῦ

256 1531 447 1600 αἵματι
475 1529 864 1600 ραντιζόμενοι,
897 1530 993 1582 καὶ
1020 1529 1088 1581 τά
1112 1529 1265 1599 χείλη
1293 1528 1368 1591 ὡς
1400 1529 1557 1597 φλιὰς
1593 1547 1825 1602 σφραγι-

255 1619 492 1692 ζόμενοι,
545 1621 822 1690 ἐκφύγωσι
860 1621 953 1675 τοῦ
1003 1621 1377 1692 ὀλοθρεύοντος
1412 1619 1484 1673 τὰ
1528 1619 1686 1693 βέλη·
1733 1622 1826 1676 καὶ

254 1710 428 1776 οὕτως
474 1713 502 1764 ὁ
548 1711 734 1766 παθὼν
777 1712 940 1784 σαρκὶ
985 1713 1239 1784 Χριστὸς,
1271 1712 1364 1766 καὶ
1410 1710 1644 1774 ἀναστὰς
1682 1713 1829 1782 τριή-

259 1820 444 1874 μερος,
485 1801 562 1874 τῷ
609 1803 781 1874 Πατρὶ
829 1804 921 1859 καὶ
955 1803 1030 1874 τῷ
1060 1804 1198 1875 ἁγίῳ
1234 1803 1510 1875 Πνεύματι
1553 1804 1827 1873 ὀμοτίμως

1922 623 2013 675 nia
2047 622 2189 677 facta
2211 632 2356 688 sunt,
2389 631 2446 677 ut
2467 624 2643 693 Agnus
2673 625 2761 678 ille
2792 632 2845 678 et
2881 623 3047 680 Filius
3080 623 3172 677 Dei
3221 626 3310 695 qui
3339 625 3474 678 tollit

1921 726 2188 782 peccatum
2210 716 2391 770 mundi
2420 717 2486 781 ³⁸,
2540 724 2731 786 sponte
2758 731 2856 787 pro
2877 718 3032 772 nobis
3069 717 3132 771 ad
3183 717 3476 772 salutarem

1923 809 2227 878 passionem
2279 809 2561 864 accederet
2595 828 2606 862 :
2639 820 2801 879 utque
2829 810 2975 863 velut
3001 809 3056 862 in
3113 807 3233 862 foro
3257 817 3311 864 et
3349 824 3477 863 ven-

1922 902 2144 959 ditionis
2177 904 2356 973 lapide
2411 913 2865 974 cognosceretur;
2900 906 3046 975 iique
3073 906 3165 974 qui
3216 912 3477 968 emerent,

1923 995 2143 1065 triginta
2167 997 2438 1066 argenteis
2459 1012 2582 1052 eum
2614 998 3021 1066 paciscerentur
3049 999 3116 1062 ’9,
3146 998 3239 1067 qui
3268 997 3480 1051 viviﬁco

1925 1089 2187 1166 sanguine
2214 1107 2312 1146 suo
2364 1089 2625 1144 mundum
2671 1091 3047 1160 redempturus
3074 1100 3251 1155 esset;
3285 1103 3348 1142 ac
3375 1087 3480 1140 Pa-

1925 1185 2050 1240 scha
2082 1193 2320 1238 nostrum
2345 1183 2386 1244 ί,
2418 1196 2516 1250 pro
2541 1182 2699 1236 nobis
2746 1181 3020 1245 Christus,
3079 1181 3255 1235 hostia
3282 1179 3433 1234 ﬁeret
3465 1198 3477 1233 :

1923 1285 1984 1332 ut
2007 1275 2101 1346 qui
2122 1275 2240 1344 ejus
2263 1271 2500 1343 pretioso
2531 1273 2795 1341 sanguine
2824 1278 3008 1326 essent
3053 1271 3283 1340 aspersi.
3319 1283 3382 1323 ac
3411 1270 3480 1322 la-

1922 1369 2030 1435 bia,
2064 1376 2322 1438 tanquam
2353 1372 2537 1435 postes
2599 1364 2794 1435 signati
2825 1365 2868 1428 ³,
2909 1362 3349 1434 exterminatoris
3376 1361 3480 1414 tela

1925 1461 2224 1531 eﬂ‘ugercnt
2248 1478 2262 1513 :
2288 1458 2475 1527 sicque
2504 1473 2697 1528 passus
2721 1472 2882 1512 carne
2904 1454 3177 1517 Christus,
3201 1461 3256 1509 et
3277 1452 3481 1507 tridua-

1926 1568 2030 1606 nus
2080 1550 2396 1612 suscitatus,
2435 1548 2551 1619 pari
2601 1563 2723 1602 cum
2763 1547 2922 1602 Patre
2956 1553 3009 1602 et
3062 1544 3270 1615 Spiritu
3295 1555 3482 1599 saneto

1925 1642 2131 1698 honore
2151 1648 2204 1693 et
2234 1639 2427 1709 gloria,
2454 1654 2484 1692 ει
2512 1639 2710 1694 creatis
2729 1638 2981 1693 omnibus
3007 1637 3208 1707 pariter
3231 1635 3481 1689 adorare-

1927 1740 2036 1793 tur,
2067 1729 2191 1801 quia
2224 1731 2323 1798 ipsi
2347 1730 2584 1797 ﬂectetur
2621 1745 2767 1782 omne
2800 1745 2930 1798 genu
2983 1725 3290 1787 caelestium,
3324 1735 3482 1776 terre-

1921 1818 2108 1872 strium
2135 1824 2183 1870 et
2217 1815 2541 1883 infernarum
2571 1816 2614 1879 ³,
2641 1816 2744 1884 ipsi
2772 1816 3146 1870 submittentes
3169 1813 3394 1885 gloriam
3421 1811 3482 1868 in

259 1893 348 1946 καὶ
387 1893 654 1964 όμοδόξως
685 1893 833 1964 παρὰ
863 1895 1042 1966 πάσης
1070 1896 1298 1959 κτίσεως
1329 1893 1816 1966 συμπροσκυνηθῇ²

1933 1907 2130 1962 saecula
2163 1908 2506 1964 saeculorum.
2532 1907 2724 1964 Amen.

254 1987 337 2041 δτι
363 1987 523 2053 αὐτῷ
548 1987 769 2058 κάμψει
801 1987 922 2042 πᾶν
963 1990 1108 2060 γόνυ
1137 1989 1526 2057 ἐπουρανίων,
1553 1990 1651 2044 καὶ
1696 1989 1824 2040 ἐπι-

253 2078 449 2148 γείων,
486 2078 584 2132 καὶ
627 2079 1054 2146 καταχθονίων,
1095 2077 1253 2144 δόξαν
1291 2075 1438 2148 αύτῷ
1474 2076 1905 2147 ἀναπέμποντες,
1939 2076 2019 2137 εἰς
2051 2073 2174 2137 τοὺς
2205 2073 2406 2136 αίῶνας
2433 2073 2538 2129 τῶν
2567 2073 2794 2128 αἰώνων.
2845 2073 3032 2145 Ἀμήν.

1374 2429 2001 2522 EXCERPTA

2099 2429 2379 2517 TRIA

830 2619 923 2675 EX
961 2619 1244 2676 HOMILIA
1284 2620 1341 2676 S.
1379 2621 1706 2679 METHODll
1749 2621 1836 2677 DE
1871 2619 2101 2676 CRUCE
2137 2618 2224 2673 ET
2264 2617 2597 2674 PASSIONE
2635 2617 2910 2674 CHRISTI

699 2850 869 2925 (Apud
902 2850 1222 2916 Gretserum,
1253 2860 1378 2905 tam.
1407 2848 1480 2914 ll,
1502 2851 1577 2906 De
1609 2856 1796 2905 saneta
1829 2861 2012 2911 cruce,
2043 2864 2162 2918 pag.
2197 2848 2294 2902 401
2329 2864 2448 2901 nov.
2482 2847 2606 2902 edit.
2643 2846 2847 2901 Ratisb.
2877 2846 3061 2919 1754.)

250 2964 554 3034 Μεθοδίου
601 2962 929 3034 ἐπισκόπου
977 2961 1124 3034 πρὸς
1144 2960 1304 3034 μτοὺς
1319 2959 1666 3034 ῌλὲγονταςς
1707 2979 1747 3034 «Α

1932 2955 2557 3034 Μειίιοᾴίί-ςρξδεορίηαά
2579 2959 2782 3034 εοξ-ᾳιιὶ
2812 2957 3032 3034 dicunt:
3065 2976 3084 3007 ι
3120 2956 3262 3034 Quid
3287 2963 3485 3034 profuit

328 3033 646 3103 ὠφέλησεν
671 3032 826 3102 ἡμᾶς
851 3037 882 3085 ὁ
912 3031 1042 3103 neq
1063 3031 1170 3083 τοῦ
1202 3028 1347 3083 Θεοῦ
1373 3029 1699 3103 ᾳᾳρκωθεὶς

327 3099 444 3171 γῆς
473 3099 580 3174 xui
599 3099 912 3174 γενόμενος
938 3101 1274 3174 ἅνθρωπος
1294 3099 1392 3153 καὶ
1411 3100 1508 3174 διὰ
1534 3102 1588 3153 τί
1611 3099 1688 3174 τῷ
1719 3099 1823 3174 τοῦ

323 3169 896 3242 ὶγέαυροῦσχῆματι
943 3171 1235 3240 ἠνέσχετο
1290 3169 1517 3242 παθεῖν,
1568 3169 1664 3223 καὶ
1716 3173 1825 3242 οὐξι

325 3239 490 3310 ἄλλῃ
535 3243 652 3322 τινὶ
681 3239 981 3312 ’ξιμωριω
1026 3239 1128 3294 καί
1171 3241 1228 3294 τί
1268 3242 1333 3293 τὸ
1375 3241 1674 3311 χρήσιμον
1717 3239 1824 3292 τοῦ

324 3329 592 3380 σταιιρου
611 3329 630 3376 ;
677 3332 696 3364 ι

342 3403 535 3474 Ἐπεδή
546 3419 714 3475 μησεν
755 3405 783 3456 ὁ
816 3403 941 3467 Υίὸς
969 3403 1061 3456 τοῦ
1096 3402 1230 3455 Θεοῦ
1263 3403 1495 3474 Χριστὸς
1541 3403 1826 3469 ἐπιταγαῖς

245 3498 352 3552 τοῦ
390 3498 600 3568 Πατρὸς
636 3499 703 3568 τῇ
733 3497 902 3568 όρατῇ
936 3496 1130 3560 κτίσει,
1161 3496 1249 3548 ἵνα
1280 3493 1368 3566 δὴ,
1395 3493 1465 3548 τὰ
1501 3493 1675 3565 κράτη
1717 3490 1826 3546 τῶν

243 3588 658 3661 τυραννούντων
683 3587 986 3658 ἀνατρέψας
1017 3587 1302 3656 δαιμόνων,
1333 3587 1580 3659 ἐξέληται
1607 3589 1704 3659 τῆς
1738 3605 1826 3640 πι-

247 3682 398 3753 κρᾶς
436 3679 532 3742 τὰς
563 3673 740 3749 ψυχάς
767 3678 1026 3742 δουλείας,
1057 3678 1170 3731 ἀνθ’
1216 3673 1291 3731 ὧν
1324 3679 1484 3748 φύσις
1510 3679 1682 3741 πᾶσα,
1706 3681 1826 3742 ταῖς

249 3771 582 3841 προποσίαις
601 3770 698 3839 τῆς
725 3769 938 3831 ἀδικίας
960 3769 1381 3838 γεγοητευμένη,
1402 3767 1632 3840 θορύϐου
1656 3785 1713 3821 τε
1735 3771 1826 3822 καὶ

247 3862 484 3928 ἀταξίας
527 3861 900 3932 ἐπεπλήρωτο,
943 3861 1044 3914 οὐκ
1078 3860 1157 3913 ἔτι
1195 3859 1302 3914 τῶν
1339 3861 1719 3931 συμφερόντων
1748 3864 1826 3924 είς

247 3955 559 4024 ἀνάμνησιν
610 3952 939 4023 ἀναδραμεῖν
991 3951 1242 4022 οὐδαμῶς
1285 3952 1576 4024 δυναμένη.
1627 3952 1826 4024 Διόπερ

251 4044 352 4097 καὶ
386 4043 523 4114 πρὸς
554 4043 621 4096 τὰ
653 4042 843 4096 εἴδωλα
884 4041 1080 4114 ῥᾳδίως
1115 4041 1341 4108 εἵλκετο,
1375 4043 1468 4097 ἅτε
1498 4043 1824 4097 ὲπικλύσαν-

247 4151 348 4197 τος
381 4134 557 4188 πάντα
583 4135 676 4187 τοῦ
703 4134 895 4198 κακοῦ,
923 4135 1018 4187 καὶ⁹
1046 4135 1222 4197 πάσας
1249 4134 1538 4206 ὲπινενεμη
1547 4134 1707 4206 μένου
1729 4134 1826 4198 τὰς

248 4225 451 4296 γενεὰς
492 4226 631 4280 κατά
671 4227 770 4298 τὴν
809 4225 1108 4291 ἀλλοίωσιν,
1155 4227 1256 4297 τὴν
1301 4228 1364 4279 ὲκ
1394 4228 1491 4297 τῆς
1541 4227 1825 4300 παρακοῆς

2001 3029 2149 3104 nobis
2183 3027 2358 3082 Filius
2392 3027 2483 3080 Dei
2513 3027 2800 3104 cruciﬁxus
2837 3029 2890 3081 in
2921 3039 3091 3104 terra,
3120 3038 3167 3104 et
3211 3027 3488 3104 hoino'fa.

1996 3101 2150 3170 ctus?
2179 3108 2228 3170 et
2258 3113 2420 3170 quare
2448 3100 2618 3170 crucis
2647 3100 2817 3168 ﬁgura
2853 3099 2968 3164 pati
3004 3099 3272 3166 sustinuit,
3302 3114 3352 3157 et
3384 3099 3486 3161 non

1995 3168 2209 3292 ἕέέιζιιῗιί
2243 3168 2390 3223 aliud
2438 3169 2800 3237 supplicium?
2843 3177 2893 3221 et
2944 3171 3313 3239 qua:_utilitas
3368 3191 3488 3227 rru-

2005 3396 2261 3453 Versatus
2299 3404 2384 3452 est
2436 3395 2690 3454 Christus
2724 3396 2817 3452 Dei
2862 3396 3053 3465 Filius,
3087 3417 3166 3456 .ex
3223 3413 3490 3474 praecepto

1926 3489 2127 3553 Patris,
2162 3505 2285 3543 cum
2326 3489 2530 3544 visibili
2562 3498 2832 3554 creatura,
2866 3499 2926 3543 ut
2961 3491 3202 3560 imperiis
3230 3503 3486 3565 tyranno-

1929 3597 2075 3646 rum,
2104 3581 2410 3635 daemonum
2445 3581 2717 3647 videlicet,
2752 3583 2978 3646 eversis,
3013 3585 3247 3653 eriperet
3280 3587 3490 3643 animas

1928 3689 1994 3728 ex
2020 3673 2138 3728 dira
2175 3673 2454 3738 servitute,
2503 3688 2568 3727 eo
2615 3673 2759 3741 quod
2799 3681 2909 3728 tota
2960 3684 3153 3729 natura
3208 3677 3489 3748 propinata

1889 3766 2073 3831 _velut
2107 3767 2393 3837 iniquitate
2446 3765 2732 3831 fascinata,
2785 3766 3052 3822 tumultus
3099 3769 3491 3842 turbarumque

1927 3861 2086 3929 plena
2119 3859 2317 3924 fuerat,
2341 3873 2442 3914 nec
2488 3859 2681 3927 jam.in
2716 3873 2898 3914 rerum
2929 3860 3142 3914 utilium
3178 3863 3490 3918 memoriam

1928 3949 2107 4004 redire
2145 3950 2258 4005 ullo
2305 3949 2468 4003 modo
2523 3956 2754 4018 poterat.
2810 3947 3153 4020 Quapropter
3207 3953 3372 4007 etiam
3419 3953 3491 4010 ai

1930 4041 2069 4095 idola
2103 4039 2262 4096 facile
2290 4041 2628 4104 trahebatur,
2665 4039 2865 4110 quippe
2906 4055 3030 4095 cum
3069 4042 3268 4096 malum
3312 4045 3490 4100 omnia

1928 4129 2222 4193 obruisset,
2253 4144 2553 4200 omnesque
2597 4129 2881 4200 depastum
2922 4145 3044 4186 esse
3089 4133 3490 4202 generationes.

1930 4231 2150 4293 propter
2194 4225 2546 4278 mutationem
2581 4238 2701 4292 quae
2731 4223 2942 4280 carneis
2986 4223 3352 4282 tabernaculis
3394 4242 3493 4281 ποι

249 4316 736 4389 προγεγενημένην
757 4319 877 4380 ταῖς
903 4316 1185 4388 ὲνσάρκοις
1208 4317 1367 4388 ημῶν
1394 4321 1619 4388 σκηναῖς
1634 4336 1646 4349 ο
1675 4318 1778 4383 ἕως
1799 4321 1826 4372 ό

1932 4315 2063 4369 stris
2091 4331 2155 4370 ex
2201 4314 2565 4370 inobedientia
2603 4314 2944 4384 promanavit
2978 4334 2990 4369 :
3019 4313 3192 4372 donec
3243 4317 3494 4374 Christus

249 4407 462 4480 Κύριος
484 4406 719 4479 Χριστὸς
747 4407 812 4460 δι’
835 4402 904 4478 ἧς
934 4408 1176 4477 ἐπεφάνη
1205 4408 1404 4480 σαρκὸς
1434 4409 1510 4480 τῷ
1539 4409 1658 4480 βίῳ,
1690 4411 1830 4482 ἀμυ.

249 4498 472 4572 δρώσας
502 4499 610 4552 τῶν
639 4499 841 4570 ἡδονῶν
872 4501 972 4564 τὰς
1003 4499 1279 4563 ἐπιϐολὰς,
1314 4496 1402 4565 αἷς
1441 4502 1498 4555 αἱ
1544 4504 1692 4558 κάτω
1736 4504 1827 4556 δυ-

251 4589 452 4660 νάμεις
485 4589 607 4644 καθ’
639 4589 797 4661 ἡμῶν
821 4589 1118 4655 ὡπλίζοντο
1153 4592 1554 4646 καταδουλῶσαι
1600 4594 1663 4647 τὸ
1709 4595 1827 4648 δια-

253 4683 529 4752 νοητικὸν,
564 4680 842 4752 ἐλεύθερον
885 4683 1099 4736 πάντων
1143 4683 1235 4736 τὸν
1278 4683 1560 4754 ἄνθρωπον
1605 4684 1826 4751 διέδειξε

253 4773 466 4826 κακῶν.
498 4772 700 4827 Τούτου
733 4774 841 4844 γὰρ
869 4773 1028 4827 ἕνεκα
1049 4775 1142 4827 καὶ
1172 4774 1347 4847 σάρκα
1379 4777 1634 4847 ὲφόρεσεν
1661 4781 1690 4831 ὁ
1715 4776 1828 4831 Κύ-

259 4882 379 4937 ριος
418 4866 647 4936 Ἰησοῦς,
674 4868 766 4920 καὶ
793 4866 888 4920 ἀνθ
899 4883 1075 4938 ρωπος
1101 4866 1338 4934 ἐγένετο,
1371 4869 1464 4920 καὶ
1503 4868 1827 4941 προσηλώθη

254 4957 342 5027 τῷ
385 4957 603 5031 σταυρῷ
639 4956 1086 5029 οἰκονομούμενος
1109 4974 1123 4987 ·
1164 4957 1310 5020 ὅπως
1341 4957 1406 5011 δι’
1435 4954 1503 5030 ἦς
1547 4961 1749 5031 σαρκὸς
1777 4962 1828 5012 οἱ

255 5049 511 5119 δαίμονες
551 5046 821 5112 ἀναδεῖξαι
851 5049 1004 5111 θεοὺς
1033 5047 1478 5118 ἡλαζονεύσαντο,
1506 5048 1644 5120 πρὸς
1665 5048 1830 5105 θάνα-

253 5157 354 5194 τον
394 5140 492 5205 τὰς
531 5140 706 5210 ψυχὰς
752 5138 990 5210 μεθόδοις
1033 5138 1247 5209 ἀπάτης
1287 5138 1832 5208 ἀγκιστρευσάμενοι,

257 5229 352 5282 διὰ
377 5229 579 5302 ταύτης
604 5227 1006 5300 ἀνατραπέντες
1055 5226 1492 5281 κατοπτευθῶσιν
1536 5228 1634 5282 οὐκ
1684 5228 1833 5292 ὄντες

259 5321 400 5374 θεοί.
433 5320 672 5375 Κωλύων
703 5320 812 5391 γὰρ
840 5319 933 5372 ἐπὶ
967 5319 1125 5373 πλέον
1168 5319 1399 5390 ἀρθῆναι
1433 5319 1534 5390 τὴν
1563 5317 1834 5390 μεγαλαύ-

259 5426 426 5479 χησιν
448 5409 648 5473 αὐτῶν,
681 5408 960 5479 ἄνθρωπος
990 5407 1204 5476 ἐγένετο
1223 5424 1236 5437 ·
1269 5408 1353 5460 ἵνα
1373 5408 1436 5478 δὴ
1465 5408 1531 5462 δι’
1558 5402 1620 5462 οὗ
1653 5409 1838 5478 σώμα-

263 5611 334 5658 n,
365 5598 448 5651 10.

1933 4403 2196 4462 Dominus
2225 4422 2322 4476 per
2345 4421 2563 4463 carnem
2600 4407 2654 4461 in
2693 4423 2797 4477 qua
2843 4407 2978 4461 vixit
3023 4415 3076 4462 et
3103 4411 3376 4478 apparuit,
3405 4427 3494 4465 re-

1930 4496 2136 4568 pressis
2157 4499 2492 4568 voluptatum
2530 4499 2842 4563 insultihus,
2881 4499 3077 4568 quibus
3123 4499 3347 4556 infernae
3394 4517 3493 4570 po-

1932 4597 2155 4645 testates
2191 4590 2477 4646 adversum
2517 4605 2617 4644 nos
2649 4598 2871 4643 armata:
2899 4597 3135 4644 mentem
3188 4590 3243 4644 in
3270 4592 3496 4645 servitu-

1929 4689 2039 4737 tem
2076 4682 2410 4752 redigebant,
2440 4682 2714 4736 hominem
2742 4681 2998 4735 omnibus
3029 4681 3187 4737 malis
3223 4681 3492 4740 liberavit.

1931 4773 2105 4842 Hujus
2135 4773 2277 4828 enim
2312 4773 2391 4829 rei
2436 4773 2609 4843 gratia
2658 4780 2711 4827 et
2750 4786 2970 4826 carnem
3019 4773 3187 4841 gessit
3229 4770 3494 4830 Dominus

1928 4864 2108 4929 Jesus,
2137 4872 2190 4918 et
2228 4866 2390 4919 homo
2423 4865 2599 4918 factus
2632 4871 2735 4924 est,
2761 4870 2815 4918 et
2838 4862 2986 4916 cruci
3018 4878 3114 4933 per
3142 4863 3378 4920 divinam
3411 4867 3497 4921 di-

1931 4955 2332 5026 spensationem
2366 4954 2590 5010 aﬂixus:
2619 4962 2678 5009 ut
2708 4967 2806 5025 per
2836 4968 2998 5023 quam
3035 4970 3255 5012 carnem
3294 4959 3496 5014 daemo-

1929 5063 2030 5102 nes
2058 5046 2292 5116 superbe
2319 5044 2450 5101 deos
2477 5045 2722 5100 ementiti
2763 5044 2998 5108 fuerant,
3038 5047 3322 5104 animabus
3346 5064 3493 5103 com-

1932 5137 2192 5207 pendiosa
2231 5135 2422 5192 fraude
2454 5136 2649 5206 captis,
2683 5149 2780 5204 per
2806 5149 2925 5190 eam
2977 5135 3171 5205 deiecti
3227 5138 3494 5210 despecti-

1932 5245 2039 5299 que
2063 5235 2270 5292 essent,
2307 5235 2368 5282 ut
2401 5242 2509 5282 non
2541 5227 2640 5283 dii.
2683 5227 2970 5284 Prohibuit
3013 5231 3157 5285 enim
3203 5231 3363 5284 altius
3400 5244 3486 5282 ex-

1934 5320 2050 5375 tolli
2076 5321 2384 5390 superbiam
2419 5321 2682 5390 ipsorum,
2717 5318 2892 5376 factus
2911 5321 3101 5388 homo;
3139 5329 3196 5375 ut
3226 5336 3319 5388 per
3349 5316 3493 5387 quod

1936 5428 2160 5484 corpus,
2185 5413 2417 5468 rationis
2445 5413 2716 5485 particeps
2759 5428 2929 5484 genus
2974 5430 3006 5468 a
3055 5415 3166 5468 veri
3220 5411 3312 5464 Dei
3345 5412 3492 5463 cultu

337 5526 570 5600 "’HPsal.
625 5543 781 5592 cxrv,
834 5529 887 5583 5.
962 5528 1007 5560 ⁸⁸
1030 5526 1189 5583 Joan.
1235 5543 1272 5591 ι,
1331 5528 1420 5585 29.
1497 5529 1544 5563 ⁸⁸
1591 5530 1782 5586 ΗαΙιΙι.

1926 5549 1991 5600 ιι,
2038 5535 2124 5589 13.
2202 5537 2219 5566 ⁸
2254 5533 2282 5588 1
2316 5533 2515 5598 Conv,
2550 5534 2603 5589 7.
2681 5537 2701 5566 ³
2740 5533 2910 5589 Exod.
2954 5549 3032 5598 iu,
3085 5532 3136 5586 7.
3210 5531 3233 5563 ³
3267 5529 3491 5596 Philipp.

346 5751 419 5819 (3)
452 5753 594 5830 λείᾳ
624 5753 688 5807 τὸ
731 5751 1108 5830 πρατήριογὶΑ
1133 5752 1292 5810 Velut
1338 5722 1596 5811 nimiium
1640 5771 1826 5814 venum

1926 5757 2198 5827 :xpositus,
2254 5759 2367 5830 ipse
2411 5759 2593 5816 mundi
2642 5758 2896 5829 pretium,
2963 5754 3091 5825 περὶ
3141 5755 3234 5809 τοῦ
3291 5715 3504 5824 πραττέ-

265 5820 412 5889 ρίου.
451 5821 682 5882 Budaeus
715 5820 820 5881 col.
852 5820 981 5878 mihi
1010 5823 1130 5878 272.
