4088 6284
524 483 631 541 Z90

1506 478 1566 535 S.
1609 474 1942 531 METIIODII
1978 476 2285 531 EPISCOPI
2325 476 2413 531 ET
2452 476 2814 533 MARTYRIS

3652 472 3763 529 ωο

528 601 815 654 alienatum
847 573 1096 667 perdidit,
1128 613 1224 675 per
1250 597 1393 653 idem
1429 595 1684 651 ineffabili
1724 603 1842 650 arte
1876 596 2085 664 sapien-

2190 613 2279 660 τος
2308 597 2368 649 τὸ
2391 596 2603 665 λογικὸν
2635 597 2787 664 γένος
2815 595 2910 667 τῆς
2933 592 3026 648 τοῦ
3055 592 3204 657 ὄντος
3228 590 3764 664 άπαλλοτριὼσαντις

524 690 612 743 tia:
637 686 815 743 Verbo
839 696 1116 758 suscepto,
1153 689 1401 743 exitiales
1423 689 1608 742 hostes
1642 701 1763 741 esse
1796 701 2082 756 argueren-

526 788 632 843 tur,
667 793 777 832 non
812 779 1189 835 benefactores
1219 780 1545 833 animarum.

589 961 711 1017 Non
743 961 888 1017 enim
921 961 1120 1015 mirum
1154 960 1368 1022 fuisset,
1406 959 1687 1013 Christum
1723 958 1943 1014 deitatis
1974 965 2089 1011 ter-

520 1069 666 1116 rore.
691 1062 745 1109 et
780 1053 996 1107 invictae
1026 1053 1280 1123 potentia:
1330 1051 1705 1121 magnitudine
1749 1049 2090 1105 adversarias

521 1146 809 1202 debilitare
844 1155 1070 1200 naturas
1103 1144 1434 1199 daemonum.
1465 1142 1734 1209 Quoniam
1756 1156 1886 1212 ergo
1909 1156 1973 1197 ea
1999 1155 2090 1195 res

526 1239 790 1307 majorem
834 1236 1076 1292 dolorem
1122 1245 1175 1292 et
1222 1237 1525 1291 cruciatum
1584 1234 1664 1288 eis
1718 1234 1949 1288 allatura
1973 1240 2090 1287 erat

525 1331 689 1399 (vinci
717 1332 860 1385 enim
896 1346 924 1383 a
958 1330 1340 1400 praestantiore
1374 1328 1741 1398 maluissent),
1772 1325 1978 1381 idcirco
1997 1339 2092 1394 per

522 1423 796 1478 hominem
835 1423 1062 1477 salutem
1096 1422 1475 1476 universorum
1508 1419 1819 1490 procuravit
1851 1437 1863 1471 :
1898 1424 1959 1471 ut
1989 1416 2088 1469 ho-

522 1513 696 1567 mines
726 1512 966 1581 quidem,
999 1511 1088 1565 ubi
1117 1508 1240 1565 Vita
1277 1512 1391 1580 ipsa
1415 1518 1467 1565 et
1487 1509 1702 1565 Veritas
1734 1507 2092 1578 corporaliter

522 1605 579 1657 in
620 1618 717 1659 eos
754 1604 1142 1673 immigrasset,
1196 1601 1263 1657 ad
1321 1600 1552 1657 formam
1604 1601 1892 1669 lumenque
1924 1596 2088 1652 Verbi

523 1709 805 1749 recurrere
856 1696 1130 1757 valerent,
1184 1692 1456 1762 superatis
1505 1690 1713 1760 peccati
1769 1687 2086 1744 illecebris:

524 1787 798 1842 daemones
846 1801 973 1840 vero
1021 1787 1089 1841 ab
1138 1784 1435 1840 infirmiore
1472 1790 1891 1853 contemptoque
1932 1778 2086 1843 victi,

521 1880 845 1936 desisterent
890 1879 956 1933 ab
1006 1878 1233 1932 audacia
1285 1885 1339 1931 et
1384 1875 1739 1937 confidentia,
1772 1870 2089 1945 Typhonica

2193 689 2328 742 Θεοῦ
2381 688 2674 760 θρησκείας
2721 688 3076 759 ἐλυμήναντο,
3127 685 3215 740 διὰ
3261 685 3449 740 τούτου
3503 684 3766 756 ἀρρήτοις

2190 781 2405 851 τέχναις
2458 781 2648 850 σοφίας
2704 778 2798 833 τὸν
2854 779 3010 847 λόγον
3069 779 3415 850 χωρήσαντος
3439 817 3455 841 ,
3506 774 3765 847 ὀλετῆρες

2191 872 2537 944 ἐλεγχθῶσιν,
2566 872 2681 926 ἀλλ’
2713 873 2813 925 οῦκ
2845 871 3129 944 εὐεργέται
3162 868 3274 924 τῶν
3304 868 3512 939 ψυχῶν.

2261 967 2376 1019 Οὐκ
2402 961 2468 1036 ἦν
2516 965 2613 1035 μὲν
2654 961 2747 1018 οὖν
2778 963 2928 1017 οὐδὲν
2961 962 3272 1034 θαυμαστὸν
3302 960 3379 1031 τῷ
3405 959 3644 1033 Χριστῷ,
3668 957 3764 1012 τοῦ

2190 1057 2325 1112 Θεοῦ
2348 1056 2683 1128 καταπλήξει
2705 1055 3101 1127 καὶδυνάμεως
3121 1053 3388 1126 ἀτρέπτου
3422 1051 3641 1123 μεγέθει
3663 1048 3764 1112 τὰς

2190 1152 2567 1216 ἀντιστατικὰς
2606 1151 2922 1223 ὰμυδρῶσαι
2942 1149 3128 1218 φύσεις
3152 1146 3261 1202 τῶν
3286 1147 3571 1218 δαιμόνων.
3615 1142 3763 1197 Ἀλλ’

2191 1246 2378 1318 ἐπειδὴ
2426 1242 2592 1317 αὖχος
2643 1244 2818 1300 αὐτῶν
2867 1243 2930 1315 δὴ
2978 1244 3072 1297 καὶ
3126 1241 3463 1311 σφαδαῖσμὺν
3494 1239 3567 1312 (4)
3600 1237 3763 1293 τοῦτο

2191 1342 2527 1411 προσέφερεν
2571 1336 2876 1408 (νικηθῆναι
2907 1336 3015 1408 γὰρ
3047 1334 3151 1389 ὑπὸ
3173 1333 3266 1389 τοῦ
3295 1336 3596 1406 κρείττονος
3623 1332 3757 1404 μᾶλ-

2189 1435 2280 1487 λον
2308 1431 2374 1488 ἂν
2400 1431 2661 1494 εἴλοντοὶο
2697 1430 2783 1485 διὰ
2807 1427 2962 1483 τοῦτο
2992 1428 3057 1482 δι’
3086 1427 3370 1500 ἀνθρώπου
3398 1426 3494 1498 τὴν
3527 1426 3619 1479 ἐπὶ
3652 1442 3756 1478 σω-

2189 1521 2384 1592 τηρίαν
2413 1520 2629 1574 πάντων
2660 1518 3046 1589 ᾠκονομήσατο
3082 1516 3303 1570 ἔκϐασιν
3325 1533 3339 1547 ·
3366 1517 3515 1580 ὅπως
3552 1516 3602 1568 οί
3634 1514 3757 1586 μὲν,

2189 1613 2289 1684 τῆς
2305 1612 2458 1684 Ζωῆς
2484 1612 2666 1675 αὐτοῖς
2690 1610 2860 1681 αὐτῆς
2889 1603 3341 1680 σωματικῶς,τῆς
3354 1604 3447 1657 καὶ
3473 1604 3758 1678 Ἀληθείας

2191 1704 2556 1776 ὲνσκηψάσης,
2582 1704 2632 1756 οί
2655 1702 2929 1775 ἄνθρωποι
2957 1700 3094 1774 πρὸς
3122 1700 3396 1773 μόρφωσιν
3424 1696 3760 1771 ἀναδραμεῖν

2190 1798 2284 1850 καὶ
2312 1797 2403 1850 τὸν
2431 1792 2707 1866 φωτισμὸν
2725 1793 3016 1865 ἐπίσχωσιν
3040 1791 3132 1845 τοῦ
3157 1793 3350 1860 Λόγου,
3374 1790 3441 1845 τὰ
3464 1790 3563 1861 τῆς
3584 1791 3757 1860 ἀμαρ-

2189 1888 2311 1951 τίας
2343 1883 2676 1957 ὑπερϐάντες
2722 1883 3025 1955 θέλγητραο
3056 1883 3104 1935 οἱ
3149 1880 3205 1935 δὲ
3234 1882 3370 1952 πρὸς
3407 1878 3498 1935 τοῦ
3536 1879 3758 1933 ἀσθενε-

521 1973 762 2042 ipsorum
786 1971 1001 2026 ﬂamma
1024 1984 1292 2040 repressa.
1324 1967 1450 2023 Ideo
1481 1982 1716 2038 namque
1745 1966 1981 2020 maxime
2003 1962 2085 2016 in~

2189 1977 2378 2048 στὲρου
2405 1974 2718 2045 νικηθέντες
2743 1974 2837 2028 καὶ
2863 1971 3399 2044 καταπεφρονημένοι
3422 1971 3470 2023 οἱ
3498 1970 3755 2040 δαίμονες

521 2065 776 2118 troducta
818 2069 901 2117 est
934 2077 1093 2126 crux,
1127 2072 1383 2130 tanquam
1431 2069 1692 2129 tropaeum
1740 2066 1932 2115 contra
1982 2052 2088 2108 ini-

518 2161 783 2231 quitatem
817 2166 1079 2221 ereetum,
1124 2164 1178 2209 et
1210 2153 1738 2214 terriculamentum,
1783 2155 1844 2202 ut
1887 2145 2087 2201 abhinc

517 2252 612 2307 ira:
640 2250 908 2306 obnoxius
938 2264 1005 2303 ne
1044 2254 1192 2302 esset
1234 2245 1417 2307 homo,
1451 2249 1740 2313 postquam
1780 2238 1990 2293 cladem
2019 2251 2084 2292 ex

520 2342 882 2399 inobedientia
930 2347 1208 2409 acceptam
1260 2341 1688 2406 compensasset,
1738 2328 2087 2398 infernasque

517 2442 817 2508 potestates
864 2432 1103 2502 legitime
1160 2428 1422 2494 vicisset,
1485 2441 1549 2480 ac
1596 2424 1690 2479 Dei
1741 2438 1966 2478 munere
2016 2421 2087 2475 ab

520 2528 669 2581 omni
708 2526 892 2582 debito
923 2524 1119 2579 fuisset
1154 2522 1440 2577 liberatus.
1477 2518 1555 2572 lla
1577 2517 1844 2588 siquidem
1876 2516 2084 2586 primo-

520 2621 759 2690 genitum
791 2616 887 2672 Dei
922 2614 1159 2669 Verbum
1192 2613 1388 2666 muniit
1420 2610 1586 2665 armis
1637 2608 1866 2680 iustitiae
1910 2606 2086 2660 homi-

521 2724 667 2775 nem,
701 2708 758 2761 in
809 2721 918 2777 quo
972 2704 1278 2768 habitavit;
1314 2701 1674 2772 potestatibus
1723 2714 1843 2770 quae
1897 2713 1996 2752 nos
2028 2698 2084 2750 in

522 2802 835 2855 servitutem
866 2798 1210 2868 redegerant,
1252 2809 1349 2864 per
1382 2794 1565 2848 crucis
1606 2793 1856 2863 Iiguram,
1898 2790 1978 2843 uti
2001 2788 2085 2842 di-

522 2898 668 2944 ctum
694 2896 798 2953 est,
826 2886 1101 2956 superatis
1126 2903 1142 2951 ;
1179 2884 1566 2952 hominemque
1593 2881 1966 2951 corruptione,
1984 2894 2085 2934 ceu

519 2978 807 3053 tyrannide
824 2978 1057 3051 quadam
1087 2990 1430 3047 oppressum,
1448 2973 1643 3030 solutis
1671 2974 1923 3029 manibus
1950 2972 2088 3027 libe«

520 3071 682 3127 ravit.

591 3256 686 3312 Est
726 3253 871 3311 enim
925 3267 1081 3317 crux,
1122 3251 1168 3306 si
1211 3264 1331 3305 eam
1378 3246 1603 3304 definire
1645 3245 1799 3309 velis,
1845 3245 2088 3299 victoriae

2186 2069 2386 2141 λήξωσι
2415 2064 2511 2120 τοῦ
2544 2066 2798 2139 θράσους,
2828 2066 2929 2136 τῆς
2965 2065 3106 2119 κατά
3135 2064 3225 2118 τὸν
3253 2063 3482 2133 Τυφῶνα
3511 2062 3756 2125 δεθέντες

2187 2161 2512 2232 φλεγμονῆς.
2560 2159 2658 2213 Διὰ
2702 2156 2859 2212 τοῦτο
2908 2158 3015 2230 γὰρ
3052 2157 3286 2229 μάλιστα
3326 2154 3556 2227 εἰσήχθη
3586 2154 3680 2207 καὶ
3724 2156 3756 2207 ό

2188 2252 2439 2324 σταυρὸς,
2482 2251 2739 2323 τρόπαιον
2783 2250 2924 2305 κατὰ
2951 2250 3049 2321 τῆς
3091 2249 3302 2311 ἀδικίας
3331 2248 3423 2301 καὶ
3461 2246 3755 2319 ἔκπληγμα

2185 2340 2378 2405 τεθεὶς,
2418 2340 2559 2394 ὥστε
2606 2341 2799 2412 μηκέτι
2826 2342 2892 2411 τῇ
2924 2341 3060 2410 ὀργῇ
3089 2337 3386 2392 ὑπεύθυνον
3426 2333 3561 2390 εἶναι
3586 2338 3754 2390 ἀπεν-

2184 2434 2371 2491 τεῦθεν
2416 2434 2507 2487 τὸν
2551 2434 2854 2504 ἄνθρωπον,
2900 2431 3340 2486 ἀναπαλαίσαντα
3390 2430 3488 2501 μὲν
3512 2430 3571 2482 τὸ
3610 2429 3753 2483 κατὰ

2184 2529 2283 2600 τὴν
2317 2526 2598 2599 παρακοὴν
2620 2528 2859 2597 ἥττημα,
2887 2526 3180 2597 νικήσαντα
3208 2524 3265 2578 δὲ
3290 2524 3390 2589 τὰς
3417 2525 3564 2579 κάτω
3594 2523 3751 2589 δυνά-

2188 2637 2309 2690 μεις
2337 2620 2596 2691 ἐννόμως,
2629 2620 2723 2674 καὶ
2750 2616 3031 2690 ἐλεύθερον
3076 2617 3386 2689 ὀφλήματος
3417 2617 3617 2682 παντὸς
3645 2615 3750 2670 δω-

2188 2715 2339 2782 ρεαῖς
2367 2711 2745 2783 ἀναδειχθέντα
2778 2712 2933 2766 Θεοῦ.
2973 2710 3189 2782 Ἐπειδὴ
3222 2709 3363 2763 οὕτω
3393 2727 3456 2780 γε
3484 2712 3514 2763 ό
3542 2707 3752 2781 πρωτό-

2186 2820 2340 2871 γονος
2361 2804 2529 2872 Λόγος
2561 2804 2654 2858 τοῦ
2683 2803 2817 2858 Θεοῦ
2842 2805 3183 2875 δικαιοσύνης
3208 2803 3414 2875 φράξας
3433 2802 3525 2855 τὸν
3548 2801 3756 2874 ἄνθρωσ

2185 2911 2287 2949 πον
2317 2894 2522 2957 ὅπλοις,
2554 2898 2610 2949 ὲν
2642 2889 2686 2964 ᾧ
2710 2897 3006 2968 ἐσκήνωσε,
3037 2896 3137 2958 τὰς
3165 2893 3574 2963 δουλωσαμένας
3602 2894 3754 2963 ἡμᾶς

2184 2986 2440 3059 δυνάμεις
2471 2986 2879 3064 κατηγωνίσατο
2911 2986 2998 3041 διὰ
3019 2987 3112 3040 τοῦ
3145 2984 3533 3057 σταυροειδοῦς,
3560 2982 3636 3048 ὡς
3670 2983 3755 3037 εί-

2189 3097 2369 3150 ρηται,
2419 3081 2725 3150 σχήματος,
2775 3079 2867 3133 τὸν
2919 3083 2986 3151 τῇ
3040 3078 3215 3151 φθορᾷ
3265 3077 3754 3148 δεδυναστευμένον

2187 3171 2468 3243 ἄνθρωπον
2501 3171 2676 3236 δείξας
2713 3170 2991 3244 ἐλεύθερον
3024 3173 3208 3243 χερσὶν
3238 3171 3605 3242 ήπλωμέναις.

2261 3263 2416 3316 Ἔστι
2440 3261 2548 3341 γὰρ
2570 3263 2748 3328 τοῦτο,
2781 3266 2830 3317 εί
2858 3263 2964 3336 χρὴ
2991 3262 3279 3336 ὁριπικῶς
3303 3265 3495 3326 εἰπεῖν,
3525 3261 3586 3314 τὸ
3613 3260 3749 3331 σχῆο

522 3352 943 3410 ﬁrmamentum,
968 3345 1056 3399 via
1085 3359 1189 3413 qua
1215 3341 1356 3397 Deus
1378 3343 1446 3395 ad
1477 3339 1752 3393 hominem
1781 3335 2082 3403 descendit,

2190 3371 2265 3425 μα
2307 3328 2464 3426 νίκης
2495 3328 2818 3427 κραταίωμα
2836 3328 3035 3421 (Θεοῦ.
3053 3355 3276 3419 κάθοδος
3311 3355 3397 3409 ἐπ’
3433 3328 3742 3425 ἄνθρωπον,

519 3452 784 3511 tropaeum
815 3436 1080 3491 adversus
1110 3435 1356 3503 impuros
1378 3430 1625 3502 spiritus,
1658 3428 1910 3497 depulsio
1937 3442 2085 3481 mor-

520 3533 612 3597 tis,
674 3530 1086 3585 fundamentum
1145 3538 1407 3581 ascensus
1464 3519 1533 3575 ad
1579 3535 1766 3575 verum
1812 3518 1977 3584 diem,
2034 3527 2087 3572 et

520 3623 668 3678 scala
706 3618 1084 3676 festinantium
1119 3615 1225 3669 frui
1263 3616 1383 3668 luce
1416 3613 1508 3667 illa
1558 3626 1679 3681 quae
1726 3610 1890 3667 isthic
1931 3617 2015 3666 est
2068 3628 2083 3664 :

520 3715 775 3770 machina
808 3727 905 3783 per
930 3724 1092 3781 quam
1143 3708 1179 3762 ii
1233 3708 1325 3776 qui
1374 3706 1441 3760 ad
1491 3703 1750 3759 Ecclesiae
1794 3703 2084 3758 :edificium

520 3807 758 3879 adaptati
789 3802 1171 3873 sunt,.iuferue
1200 3799 1394 3872 lapidis
1421 3798 1672 3870 quadrati
1694 3798 1888 3861 instar,
1916 3804 2085 3850 attra-

524 3905 723 3958 huntur
749 3911 988 3959 sursum,
1041 3893 1335 3964 adaptaudi
1377 3890 1560 3946 divino
1591 3887 1792 3944 Verbo.
1831 3886 1971 3942 Hinc
2001 3903 2085 3943 re-

519 4007 615 4064 ges
656 3988 832 4045 nostri
866 3988 934 4043 ad
965 3986 1341 4056 dissipandum
1390 3996 1550 4038 omne
1601 3981 1804 4034 malum
1855 3978 2084 4049 ﬁguram

521 4084 705 4141 crucis
744 4082 1126 4137 assumendam
1162 4085 1516 4141 censuerunt,
1566 4085 1619 4129 et
1644 4071 1854 4137 vexilla,
1893 4083 1952 4125 ut
1978 4069 2086 4126 Lac

522 4180 640 4234 tino
668 4190 919 4234 sermone
949 4174 1311 4243 appellantur,
1345 4169 1720 4225 confecerunt.
1757 4163 1914 4221 Unde
1936 4178 2086 4219 mare

522 4270 652 4325 huic
678 4268 866 4336 ﬁgurae
891 4265 1113 4327 cedens,
1149 4263 1456 4333 navigabile
1499 4277 1558 4318 se
1591 4259 1905 4316 hominibus
1938 4272 2077 4329 prae-

521 4364 632 4418 bet.
668 4360 932 4416 Universa
965 4357 1132 4419 enim,
1168 4364 1229 4409 ut
1279 4355 1355 4407 ita
1395 4354 1595 4417 dicam,
1636 4360 1885 4407 creatura
1919 4350 2084 4404 liber-

521 4457 652 4511 tatis
677 4469 845 4510 causa
872 4454 977 4507 hoc
1008 4451 1165 4520 signo
1201 4446 1458 4518 insignita
1505 4456 1610 4500 est.
1642 4444 1776 4497 Nam
1804 4451 1858 4498 et
1890 4442 2087 4495 volati-

2185 3445 2440 3515 τρόπαιον
2487 3445 2629 3499 κατά
2666 3445 2773 3500 τῶν
2804 3445 3005 3500 ὑλικῶν
3047 3446 3372 3516 πνευμάτων
3391 3484 3405 3509 ,
3457 3442 3749 3513 ἀπαλλαγὴ

2186 3536 2436 3603 θανάτου,
2465 3537 2718 3601 ὑπόθεσις
2743 3537 2929 3591 ἀνόδου
2951 3538 3087 3609 πρὸς
3115 3536 3373 3609 ἀληθινὴν
3397 3536 3628 3608 ἡμέραν,
3653 3531 3755 3588 καὶ

2183 3627 2445 3699 διαϐάθρα
2476 3627 2582 3683 τῶν
2616 3630 2982 3700 ἐπειγομένων
3022 3628 3327 3683 ἀπολαῦσαι
3358 3627 3451 3681 τοῦ
3489 3628 3605 3680 ἐκεῖ
3635 3643 3751 3695 φω-

2183 3720 2273 3785 τός
2292 3740 2305 3752 ·
2346 3720 2559 3793 μηχανὴ
2589 3720 2654 3773 δι’
2681 3716 2749 3792 ἦς
2775 3723 2823 3774 οί
2852 3723 2931 3785 είς
2962 3721 3061 3792 τὴν
3092 3717 3373 3790 οἰκοδομὴν
3407 3715 3754 3778 εὐθετοῦντες

2184 3814 2282 3885 τῆς
2342 3812 2664 3884 Ἐκκλησίας
2713 3810 2953 3865 κάτωθεν
3006 3809 3152 3863 λίθου
3203 3808 3544 3880 τετραγώνου
3592 3806 3752 3879 δίκην

2185 3902 2495 3956 ἁνέλκονται
2541 3898 3065 3970 ὲναρμοσθησόμενοι
3104 3897 3182 3968 τῷ
3231 3897 3358 3969 θείῳ
3396 3897 3574 3968 Λόγῳ.
3627 3897 3751 3950 Ἐν-

2184 3993 2374 4048 τεῦθεν
2413 3996 2462 4047 οί
2493 3993 2619 4066 τῇδε
2659 3993 2917 4064 βασιλεῖς,
2962 3994 3143 4065 πάσης
3177 3993 3419 4062 πονηρᾶς
3452 3989 3618 4055 ἕξεως
3653 3988 3751 4044 ἐπὶ

2188 4085 2494 4157 αεδασμῷ,
2530 4085 2590 4139 τὸ
2627 4085 2969 4156 σταυροειδὲς
3000 4081 3521 4158 παραλαμϐάνεσθαι
3562 4080 3750 4136 αἰσθό-

2189 4195 2336 4249 μενοι
2376 4179 2583 4251 σχῆμα,
2620 4178 2687 4232 τὰ
2721 4179 3027 4251 καλούμενα
3062 4181 3130 4251 τῇ
3171 4178 3448 4249 Ῥωμαϊκῇ
3486 4176 3754 4247 διαλέκτῳ

2181 4267 2454 4341 ,ϐήξιλλα
2477 4269 2906 4342 ἐμηχανήσαντο.
2925 4268 3350 4327 Ἐνθενεῖκπυσα
3377 4267 3552 4340 τούτῳ
3579 4268 3613 4339 ἡ
3648 4266 3751 4321 0d-

2183 4362 2355 4416 λασσα
2383 4363 2461 4433 τῷ
2495 4365 2752 4434 σχήματι,
2788 4361 3005 4434 πλωτὴν
3030 4361 3224 4433 ἑαυτὴν
3247 4360 3554 4434 ἀνθρώποις
3578 4359 3756 4430 παρέ-

2185 4472 2288 4525 χει.
2327 4455 2460 4524 Ὅλη
2488 4455 2614 4525 γὰρ,
2644 4455 2719 4518 ὼς
2749 4457 2941 4518 εἰπεῖν,
2963 4455 3135 4528 τούτῳ
3162 4457 3195 4527 ἡ
3228 4455 3402 4519 κτίσις
3429 4455 3566 4527 πρὸς
3595 4452 3753 4508 ἐλευ-

522 4548 594 4601 lia
620 4545 678 4602 in
700 4547 870 4601 altum
899 4542 1247 4600 subvolautia
1270 4538 1452 4594 crucis
1488 4538 1716 4606 figuram
1749 4537 2085 4606 expansione

2187 4544 2371 4617 θερίαν
2395 4546 2665 4601 ἐνδέδυται
2695 4546 2773 4617 τῷ
2800 4548 3038 4618 σημείῳ·
3071 4547 3219 4600 τάοτε
3244 4547 3352 4617 γὰρ
3372 4546 3532 4615 ὄρνεα
3557 4543 3722 4614 ὑψιπε
3744 4569 3755 4585 ι

522 4639 730 4690 alarum
759 4632 1118 4698 adumbrant;
1158 4632 1397 4700 itemque
1438 4628 1601 4683 homo
1624 4626 1881 4695 expansis
1908 4625 2084 4679 mani-

2187 4635 2380 4690 τοῦντα
2411 4635 2472 4688 τὸ
2500 4636 2833 4708 σταυροειδὲς
2859 4637 2999 4691 κατά
3034 4637 3132 4706 τὴν
3158 4637 3378 4690 ἔκτασιν
3408 4636 3517 4689 τῶν
3545 4633 3752 4710 πτερύ-

520 4728 624 4782 hus
656 4726 898 4780 eamdem
944 4684 1324 4793 repraesentat:
1365 4718 1520 4775 Unde
1546 4734 1609 4774 ea
1640 4684 1756 4787 ipsa
1787 4716 1955 4788 ﬁgura
1978 4732 2085 4786 qua

2187 4745 2298 4797 γων
2338 4728 2519 4799 σχῆμα
2559 4684 2910 4782 αίνιίσσονιέαιο
2945 4684 3105 4791 αὑτός
3148 4684 3750 4799 τε⁷

525 4818 592 4871 ab
622 4814 831 4885 origine
865 4829 988 4869 eum
1019 4811 1339 4868 condiderat
1393 4816 1811 4877 ornaveratque,
1864 4804 2085 4861 confor-

2187 4825 2371 4894 χεῖρας
2422 4822 2679 4886 πετάσας,
2736 4821 2887 4875 οὐδὲν
2935 4820 3060 4874 ἄλλο
3105 4820 3365 4890 ὑπάρχων
3414 4818 3662 4889 φαίνεται
3711 4819 3749 4891 ἢ

525 4915 731 4961 matum
787 4904 1053 4960 Dominus
1109 4904 1300 4961 deitati
1344 4901 1642 4973 capulavit,
1700 4908 1760 4954 ut
1819 4914 2084 4969 organum

2187 4914 2360 4968 τοῦτο.
2400 4913 2559 4969 Ὅθεν
2596 4914 2744 4985 αὐτῷ
2782 4914 2847 4985 δὴ
2876 4911 3069 4983 τούτῳ,
3103 4905 3255 4984 ᾧπερ
3299 4913 3363 4965 ὲκ
3406 4910 3753 4982 κατασκευῆς

523 5002 779 5070 deinceps
807 5010 952 5055 esset
985 4999 1093 5054 Deo
1138 5013 1379 5062 sacrum,
1427 4995 1605 5050 onmis
1653 4993 2007 5048 dissonantia
2032 5000 2085 5047 et

2187 5008 2511 5079 κεκόσμητο,
2542 5008 3013 5079 σχηματισάμενος
3036 5007 3196 5060 αὐτὸν
3220 5006 3249 5059 ό
3281 5004 3502 5077 Κύριος,
3533 5003 3750 5075 θεότητι

524 5091 969 5148 inconcinnitatis
982 5107 1196 5160 expers.
1220 5090 1403 5161 Neque
1423 5089 1567 5144 enim
1587 5088 1772 5150 homo,
1796 5096 2084 5157 postquam

2187 5104 2466 5175 ἐκέρασεν,
2511 5103 2605 5156 ἵναι
2626 5102 2853 5174 ὄργανον
2940 5102 3123 5156 λοιπὸν
3146 5099 3240 5154 τοῦ
3269 5099 3402 5154 Θεοῦ
3435 5098 3600 5172 ἱερὴν,
3642 5096 3751 5151 πά-

525 5186 592 5240 ad
641 5183 736 5240 Dei
768 5186 972 5240 cultum
1001 5184 1326 5237 informatus
1353 5189 1458 5244 est,
1496 5187 1552 5235 et
1603 5178 1848 5234 veritatis
1899 5178 2083 5231 incor-

525 5288 744 5351 ruptum
794 5277 961 5334 veluti
1015 5284 1234 5331 cantum
1270 5275 1638 5338 concinnavit,
1687 5289 1751 5329 ac
1799 5288 1897 5343 per
1929 5273 2080 5327 illum

527 5370 747 5426 deitatis
778 5369 957 5425 factus
985 5374 1072 5424 est
1100 5380 1292 5436 capax,
1326 5365 1472 5437 ligno
1503 5368 1627 5420 vita
1661 5363 1848 5419 fidium
1879 5374 1933 5419 et
1959 5377 2086 5417 ner-

525 5483 716 5523 verum
743 5468 919 5523 instar
948 5465 1262 5536 applicitus,
1298 5464 1366 5518 ad
1396 5463 1799 5519 dissonantiam
1847 5468 1902 5514 et
1957 5472 2083 5513 cor-

524 5561 828 5629 ruptionem
859 5566 1037 5630 potest
1069 5556 1270 5612 redire.

600 5806 688 5878 (είλ
722 5808 1008 5875 Αὖχος....
1034 5807 1434 5878 σφαδαῖσμόι·.
1461 5803 1640 5873 Forte,
1676 5805 1895 5875 ἄχος....
1932 5819 2070 5875 σφασ

523 5875 742 5941 δασμόν.
772 5878 973 5932 Gens.

2188 5207 2287 5265 σης
2326 5192 2682 5265 ἀσυμφωνίας
2723 5210 2784 5246 τε
2826 5192 2918 5246 καὶ
2957 5191 3265 5265 ἀρρυθμίας
3307 5188 3745 5262 ἀπηλλαγμένον.

2188 5288 2322 5344 Οὐδὲ
2372 5287 2480 5358 γὰρ
2527 5285 2607 5338 ἔτι
2649 5284 2785 5357 μετὰ
2827 5284 2889 5338 τὺ
2933 5283 3268 5356 ἁρμοσθῆναι
3315 5282 3405 5335 τὸν
3463 5281 3755 5351 ἄνθρωπον

2185 5381 2320 5452 πρὸς
2352 5379 2675 5443 θεοσέϐειαν,
2700 5377 2873 5431 καὶτὸ
2897 5378 2994 5449 τῆς
3015 5376 3269 5448 ἀληθείας
3292 5375 3565 5445 ἀκήρατον
3591 5371 3753 5443 μέλος

2186 5471 2564 5543 ὲνηρμοκὲναι,
2580 5468 2645 5523 δι’
2660 5465 2720 5523 οὗ
2733 5470 2830 5540 τὴν
2847 5468 3072 5541 θεότητα
3088 5466 3391 5539 κεχώρηκε,
3404 5465 3481 5537 τῷ
3499 5462 3636 5536 ξύλῳ
3648 5463 3755 5533 τῆς

2190 5563 2336 5635 ζωῆς
2366 5563 2615 5634 καθάπερ
2633 5563 2820 5635 χορδαί
2854 5579 2913 5615 τε
2939 5562 3033 5616 καὶ
3070 5561 3211 5614 τόνοι
3238 5555 3752 5631 προσηρμοσμένος,

2188 5659 2268 5721 εἰς
2289 5656 2665 5727 ἀσυμμετρίαν
2695 5655 2787 5708 καὶ
2808 5654 3011 5727 φθορὰν
3032 5653 3276 5724 χωρῆσαι
3296 5650 3556 5703 ἀδύνατον
3586 5645 3696 5719 (5).

2245 5811 2322 5884 (5)
2340 5810 2682 5867 Ἀδύνατον.
2714 5809 2897 5879 Forte,
2935 5809 3000 5865 ἂν
3027 5809 3265 5864 δυνατόν.
3294 5807 3500 5863 ϐιιετε.
