4088 6284
340 271 447 340 σοι

1465 283 1749 340 ΠΟΜΙΙᾸΑ
1782 282 1875 338 DE
1905 281 2136 339 CRUCE
2173 281 2430 338 DOMINI.

3441 284 3547 341 402

1486 530 1641 602 Apud
1677 529 2285 601 Grctserum,ibid.,pag.
2316 529 2440 586 405.

341 643 452 703 Τοῦ
470 644 990 727 αὑτοῦμνζεθορίου,
1015 645 1163 724 πρρς
1184 645 1899 727 τορςὲπαισχυνομένους
1928 670 1974 726 Α

649 715 749 770 ἐπὶ
780 714 861 781 τῷ
891 714 1129 783 σταυρῷ
1157 715 1265 770 τοῦ
1300 714 1577 785 Χριστοῦ.

406 829 620 884 Οἷονταί
656 847 801 894 τινες
841 830 936 885 καὶ
966 830 1058 885 τὸν
1090 829 1242 894 Θεὸν,
1277 831 1416 903 πρὸς
1457 831 1520 885 τὸ
1560 831 1659 903 τῆς
1695 831 1898 895 οἰκείας

334 920 624 986 διαθέσεως
653 921 848 993 μέτρον
878 920 1151 986 ίσάζοντες
1176 922 1357 986 αὑτὸν,
1383 921 1453 975 τὰ
1471 922 1609 975 αὐτὰ
1625 926 1737 984 τοῖς
1765 921 1899 990 (pad—

332 1012 444 1076 λοις
475 1012 507 1084 ἢ
546 1015 832 1067 ὲπαινετέα
866 1014 898 1086 ἢ
937 1014 1145 1084 ψεκτέα
1179 1014 1459 1085 ἡγεῖσθαι,
1504 1013 1691 1086 ὥσπερ
1714 1015 1897 1068 κανόνι

335 1106 428 1161 καὶ
464 1104 647 1176 μέτρῳ
680 1106 960 1177 χρώμενον
983 1108 1104 1187 ταῖς
1135 1106 1315 1173 δόξαις
1335 1106 1442 1160 τῶν
1473 1105 1770 1178 ἀνθρώπων
1790 1123 1803 1136 ·
1836 1107 1895 1160 οὐ

333 1196 723 1267 συννοήσαντες
744 1235 759 1260 ,
793 1196 883 1250 διὰ
912 1196 1011 1268 τὴν
1049 1191 1211 1251 οὖσαν
1245 1200 1305 1251 ὲν
1333 1198 1514 1263 αὐτοῖς
1544 1199 1781 1267 ἄγνοιαν,
1817 1199 1898 1254 δτι

333 1289 481 1341 πᾶσα
507 1287 769 1360 δήπουθεν
805 1291 838 1360 ἡ
878 1290 1055 1353 κτίσις
1083 1290 1270 1362 ἐνδεής
1296 1292 1411 1344 ἐστι
1435 1291 1529 1343 τοῦ
1554 1291 1781 1356 κάλλους
1804 1292 1896 1346 τοῦ

331 1376 490 1431 Θεοῦ.
534 1379 705 1443 Αὐτὸς
734 1378 840 1450 γὰρ
885 1378 944 1444 ἐξ
969 1379 1096 1449 ὅλης
1127 1380 1228 1451 τῆς
1260 1380 1439 1452 πάσης
1480 1381 1667 1445 οὐσίας
1700 1399 1758 1436 τε
1804 1382 1899 1435 καὶ

332 1469 545 1540 φύσεως
575 1471 652 1543 τῷ
684 1470 877 1525 ἑαυτοῦ
923 1473 992 1527 τὰ
1041 1474 1217 1527 πάντα
1258 1477 1338 1539 εἰς
1378 1476 1439 1528 τὸ
1481 1472 1580 1547 ζῇν
1613 1475 1899 1545 ἐφέλκεται

328 1564 503 1633 Λόγῳ.
529 1564 652 1618 Εἴτε
673 1564 780 1636 γὰρ
801 1565 862 1619 τὸ
888 1565 1090 1635 ἀγαθὸν
1117 1565 1278 1628 θέλει,
1306 1567 1466 1633 αὐτὸς
1493 1568 1568 1621 ὢν
1589 1568 1651 1621 τὸ
1676 1569 1894 1637 ἀγαθὸν,

329 1655 387 1708 ὲν
405 1652 583 1726 ἐαυτῷ
604 1655 755 1727 μένει
771 1672 785 1685 ⁸
812 1656 923 1709 εἴτε
950 1657 1011 1711 τὸ
1037 1657 1198 1711 καλὸν
1223 1657 1455 1730 ὑπάρχει
1476 1661 1700 1729 ὲραστὸν
1728 1660 1894 1732 αὐτῷ,

331 1747 492 1812 αὐτὸς
521 1746 597 1802 ὢν
630 1748 692 1802 τὸ
726 1749 887 1820 μόνον
925 1750 1109 1814 καλὸν,
1145 1753 1224 1814 είς
1257 1752 1446 1806 ἑαυτὸν
1490 1751 1697 1823 βλέπει,
1728 1756 1785 1806 ἐν
1816 1755 1901 1807 οὑ-

329 1839 437 1894 δενὶ
456 1839 524 1894 τὰ
553 1841 690 1914 πρὸς
721 1843 828 1897 τῶν
855 1842 1156 1915 ἀνθρώπων
1183 1842 1569 1914 θαυμαζόμενα
1596 1844 1893 1916 τιθέμενος.

331 1932 626 1988 Κάλλιστον
664 1935 774 2007 γὰρ
821 1937 940 2000 ταῖς
977 1935 1256 2006 ἀληθείαις
1304 1936 1399 1989 καὶ
1439 1938 1722 1992 ἐπαινετὸν
1767 1939 1897 2009 κλη-

2118 641 2370 712 Ejusdem
2389 641 2772 712 Methodii,_ad
2810 658 2896 696 eos
2925 658 3052 711 quos
3076 638 3231 709 pudet
3255 641 3426 696 crucis

2658 710 2879 767 Christi.

2070 824 2395 880 Existimant
2432 826 2678 881 nonnulli
2723 827 2885 880 etiam
2930 824 3116 891 Deum,
3152 841 3311 896 quem
3341 842 3407 881 ex
3454 841 3554 882 suo

2000 935 2165 975 sensu
2199 920 2515 983 metiuntur,
2551 918 2739 974 eadem
2782 918 2868 974 vel
2902 918 3173 973 laudanda
3212 919 3296 973 vel
3344 919 3553 989 vitupe-

1998 1009 2168 1065 randa
2196 1009 2394 1065 dueere
2418 1025 2538 1079 quae
2563 1009 2690 1063 mali
2720 1009 3006 1079 ignavique
3038 1009 3305 1072 homines,
3337 1024 3444 1063 non
3469 1025 3556 1065 se-

1998 1120 2097 1159 cus
2131 1119 2195 1159 ac
2244 1104 2290 1158 si
2338 1103 2687 1173 opinionibus
2744 1103 3042 1167 hominum,
3098 1116 3198 1156 ceu
3261 1102 3447 1171 regula
3501 1107 3554 1153 et

1999 1213 2253 1255 mensura
2282 1197 2538 1266 quadam,
2587 1201 2853 1250 uteretur.
2888 1193 3071 1264 Neque
3118 1194 3258 1263 apud
3303 1209 3361 1248 se
3391 1209 3552 1263 repn-

1998 1297 2117 1344 tant
2146 1304 2256 1360 prae
2275 1285 2605 1357 ignorantia,
2640 1300 2854 1338 omnem
2887 1284 3098 1339 scilicet
3125 1293 3430 1339 creaturam
3457 1284 3553 1341 Dei

1996 1397 2155 1452 egere
2188 1378 2613 1451 pulchritudine.
2645 1376 2765 1447 ipse
2806 1376 2948 1430 enim
2979 1376 3160 1430 omnia
3203 1391 3267 1430 ex
3300 1377 3553 1432 universa

1998 1473 2305 1531 substantia
2336 1479 2662 1541 naturaque,
2699 1484 2800 1524 suo
2839 1467 2906 1523 ad
2935 1469 3100 1522 vitam
3135 1468 3301 1522 trahit
3356 1468 3549 1525 Verbo.

2001 1567 2124 1623 Sive
2150 1567 2293 1621 enim
2320 1565 2522 1620 bonum
2553 1563 2703 1629 velit,
2730 1564 2906 1632 ipsum
2936 1562 3139 1616 bonum
3174 1561 3288 1631 ipse
3315 1569 3399 1617 est
3427 1571 3480 1617 et
3499 1564 3553 1617 iu

1998 1676 2058 1716 se
2090 1666 2305 1726 manet;
2363 1660 2478 1714 sive
2519 1657 2806 1727 pulchrum
2854 1670 2978 1710 esse
3005 1657 3050 1711 ei
3090 1656 3269 1720 libeat,
3329 1656 3547 1711 unicum

2000 1751 2283 1822 pulchrum
2318 1751 2433 1820 ipse
2483 1765 2607 1803 cum
2655 1748 2745 1814 sit,
2775 1762 2835 1803 se
2867 1747 3042 1818 ipsum
3079 1749 3342 1810 intuetur,
3396 1749 3551 1803 nihili

1998 1842 2205 1897 faciens
2227 1858 2349 1911 quae
2372 1839 2687 1895 hominibus
2717 1838 3129 1893 admirationem
3166 1847 3402 1894 movent.
3421 1838 3551 1894 Pul-

1999 1933 2329 1987 cherrimnm
2360 1945 2594 1999 namque
2623 1944 2683 1984 re
2712 1943 2837 1983 vera
2864 1937 2918 1982 et
2968 1928 3235 1984 laudabile
3263 1930 3548 1985 dicendum

325 2022 443 2078 τέον
468 2025 645 2092 τοῦτο,
669 2027 805 2099 ὅπερ
839 2026 904 2081 ἂν
930 2027 1090 2092 αὐτὸς
1120 2030 1389 2101 ἡγήσηται
1416 2027 1549 2091 Θεὸς
1575 2029 1756 2089 καλὸν,
1790 2007 1891 2084 κᾶν

1995 2024 2152 2081 estid
2180 2023 2325 2094 quod
2367 2025 2480 2094 ipse
2501 2022 2643 2078 Deus
2671 2020 2956 2092 pulchrum
2980 2021 3214 2086 duxerit,
3249 2023 3459 2077 etiamsi
3484 2025 3552 2076 ab

330 2115 436 2170 ὑπὸ
477 2117 695 2174 πάντων
734 2117 1078 2191 ὲξουθενῆταί
1117 2137 1178 2173 τε
1230 2118 1326 2175 καὶ
1374 2119 1732 2192 χλευάζηται,
1778 2121 1892 2175 ἀλλ’

327 2209 422 2279 οὐχ
452 2209 590 2281 ὅπερ
628 2212 678 2264 oi
719 2209 991 2283 ἅνθρωποι
1019 2212 1349 2285 νομίζουσιν.
1394 2215 1576 2279 Ὅθεν,
1608 2216 1656 2268 εί
1686 2214 1779 2268 καὶ
1804 2213 1891 2268 διὰ

323 2299 512 2354 τούτου
552 2300 647 2356 τοῦ
689 2304 963 2375 σχήματος
998 2305 1105 2360 τῶν
1137 2305 1493 2378 θυμοφθόρων
1532 2304 1891 2379 ἐλευθερῶσαι

325 2391 423 2455 τὰς
449 2391 627 2463 ψυχάς
666 2394 856 2449 παθῶν
886 2396 1175 2468 ἐϐουλήθη,
1207 2399 1582 2468 καταισχύνων
1616 2396 1685 2451 τὰ
1711 2396 1891 2468 πλήθη

323 2481 433 2536 τῶν
464 2483 756 2554 δαιμόνων,
794 2488 1150 2558 ἀποδέχεσθαι
1185 2491 1374 2562 ἐχρῆν,
1407 2490 1540 2545 ἀλλὰ
1576 2489 1649 2561 μὴ
1685 2490 1891 2559 δυσφηεο

330 2575 472 2644 μεῖν,
516 2574 921 2649 ὲλευθεροποιὸν
963 2578 1096 2632 αὐτὸ
1131 2582 1226 2634 καὶ
1267 2581 1520 2653 λυτήριον
1555 2580 1663 2636 τῶν
1701 2584 1764 2635 ὲκ
1791 2582 1890 2653 τῆς

328 2663 613 2733 παρακοῆς
669 2666 1216 2723 κατασκευασθέντων
1275 2670 1408 2741 ήμῖν
1461 2671 1673 2743 δεσμῶν
1718 2672 1886 2728 δοθέν.

331 2752 540 2807 Ἔπαθε
569 2753 679 2826 γάρ
712 2755 876 2825 σαρκὶ
900 2753 977 2825 τῷ
1009 2757 1225 2829 σταυρῷ
1262 2761 1600 2831 προσπαγεὶς
1627 2764 1656 2815 ὁ
1697 2761 1886 2830 Λόγος,

331 2841 419 2896 ἵνα
444 2842 668 2917 ἁπλὼσῃ
708 2845 1213 2918 ἀπονεναρκημένον
1249 2850 1421 2922 πλάνῃ
1468 2852 1559 2905 τὸν
1607 2853 1890 2927 ἄνθρωπον

330 2931 466 3003 πρὸς
489 2932 549 2987 τὸ
575 2934 687 2989 ἄνω
706 2952 767 2988 τε
793 2937 885 2990 καὶ
912 2934 1052 2991 θεῖον
1085 2938 1330 3009 μέγεθος,
1360 2940 1437 3011 τῷ
1463 2941 1590 3011 θείῳ
1626 2942 1887 3009 ἐξισώσας

325 3023 429 3093 τῆς
453 3023 596 3097 ζωῆς
620 3026 780 3080 αὐτὸν
801 3023 859 3088 οὗ
885 3029 1116 3101 πρόσθεν
1144 3031 1445 3102 ἁπήλαστο.
1474 3033 1593 3085 Ὅτι
1620 3033 1795 3105 τούτῳ
1818 3035 1887 3091 τὰ

327 3113 473 3187 πάθη
509 3116 591 3187 τῷ
622 3119 858 3190 σχήματι
887 3121 1211 3193 ήμὸλυνται·
1255 3123 1424 3187 πάθος
1452 3123 1639 3178 παθῶν
1676 3124 1762 3179 διὰ
1792 3125 1884 3179 τοῦ

322 3206 513 3263 παθεῖν
537 3210 843 3281 γενόμενος,
875 3213 969 3265 καὶ
999 3213 1227 3279 θάνατος
1264 3215 1351 3270 διὰ
1374 3216 1466 3269 τοῦ
1501 3216 1679 3272 θανεῖν
1719 3218 1884 3273 θανά-

319 3313 445 3400 ο
470 3300 533 3352 οὐ
573 3302 859 3400 χειρωθεὶς
901 3305 1006 3358 ὑπὸ
1033 3306 1283 3370 θανάτου,
1315 3309 1436 3363 οὐδὲ
1471 3310 1753 3378 ἀλγυνθεὶς
1780 3313 1885 3366 ὑπὸ
1912 3343 1954 3400 C

321 3389 544 3454 πάθους.
588 3391 726 3446 υῦτε
750 3393 856 3466 γὰρ
881 3396 1052 3461 πάθος
1073 3398 1208 3463 ὅλως
1230 3400 1391 3454 αὑτὸν
1420 3401 1727 3472 ἐξέστησεν,
1757 3403 1881 3457 οὔτε

322 3479 545 3547 θάνατος
584 3484 884 3557 ἐλυμήνατο
903 3504 915 3517 ·
952 3488 1066 3541 ἀλλ’
1110 3484 1178 3560 ἦν
1211 3491 1268 3543 ὲν
1312 3489 1390 3563 τῷ
1431 3491 1657 3563 παθητῷ
1705 3494 1881 3565 μένων

323 3575 555 3648 ἀπαθὴς,
590 3579 683 3633 καὶ
722 3581 781 3633 ἐν
810 3579 889 3651 τῷ
920 3579 1097 3654 θνητῷ
1141 3582 1404 3647 ἀθάνατος
1423 3601 1436 3613 ·
1473 3586 1579 3638 πᾶν
1610 3586 1733 3639 ὅσον
1774 3586 1880 3658 ἀὴρ

325 3669 416 3723 καὶ
447 3670 609 3741 μέσον
637 3673 731 3727 καὶ
766 3672 876 3727 ἄνω
917 3672 1275 3744 κατειληφὼς,
1310 3677 1404 3730 καὶ
1432 3677 1492 3730 τὸ
1523 3677 1713 3748 θνητὸν
1760 3678 1879 3732 θεό-

323 3777 442 3832 τητι
474 3762 712 3835 κεράσας
743 3764 1014 3835 ἀθανάτῳ.
1069 3765 1303 3839 Ἠττήθη
1338 3784 1398 3821 τε
1429 3769 1627 3832 τελέως
1657 3770 1687 3822 ὁ
1715 3770 1877 3824 θάναο

320 3865 411 3912 τος
437 3854 515 3916 εἰς
547 3852 853 3926 ἀφθαρσίας
894 3855 1191 3927 ὲκτὺπωμα
1231 3858 1738 3931 ἀνασταυρωθείσης
1779 3859 1881 3933 τῆς

327 3943 542 4014 σαρκός.

1994 2116 2247 2171 omnibus
2296 2123 2678 2170 contemnatur
2730 2128 2795 2167 ac
2847 2110 3177 2182 despiciatur
3226 2131 3238 2167 :
3287 2129 3394 2167 non
3421 2129 3552 2167 vero

1993 2210 2138 2283 quod
2164 2207 2416 2264 homines
2455 2208 2743 2278 pulchrum
2771 2215 2980 2276 putant.
3018 2205 3168 2262 Unde
3211 2209 3425 2263 tametsi
3455 2223 3552 2276 per

1991 2300 2199 2355 hancce
2233 2296 2458 2368 ﬁguram
2481 2297 2755 2367 corruptis
2779 2296 3160 2352 aﬂ‘ectionibus
3180 2296 3412 2352 liberare
3434 2297 3552 2350 ani-

1991 2406 2109 2445 mas
2155 2389 2340 2450 voluit,
2386 2387 2586 2459 insigni
2615 2403 2736 2443 cum
2766 2388 3033 2444 dedecore
3065 2389 3370 2444 daemonum
3408 2410 3423 2445 :
3455 2406 3551 2461 ap-

1991 2481 2224 2553 probare
2271 2479 2584 2549 oportebat,
2641 2492 2750 2532 non
2796 2479 3138 2543 obtrectare,
3191 2479 3389 2551 ειυίρρθ
3429 2497 3549 2552 quae

1990 2571 2237 2628 liberavit
2260 2585 2324 2625 ac
2355 2570 2576 2626 solverit
2603 2570 2855 2635 vinculis,
2889 2584 3009 2638 qua:
3031 2569 3103 2625 ob
3129 2570 3547 2626 inobedientiam

1990 2663 2341 2718 incurrimus.
2374 2659 2603 2716 Passum
2655 2668 2740 2715 est
2768 2660 2913 2715 enim
2950 2658 3208 2724 Verbum,
3266 2673 3430 2714 carne
3461 2659 3546 2712 af-

1992 2754 2154 2809 ﬁxum
2180 2755 2352 2818 cruci,
2392 2761 2451 2807 ut
2477 2753 2748 2807 hominem
2795 2767 2979 2806 errore
3019 2751 3301 2822 deceptum
3335 2750 3402 2805 ad
3435 2766 3548 2806 coe-

1989 2846 2146 2901 lestis
2169 2845 2411 2900 numinis
2437 2844 2745 2915 divinaeque
2775 2844 3187 2924 magnitudinis,
3214 2859 3312 2899 nec
3346 2860 3451 2899 non
3478 2845 3548 2901 ad

1987 2936 2230 2991 divinam
2280 2934 2569 3006 quamdam
2623 2934 2945 3006 perduceret
2999 2937 3183 2999 vitam,
3236 2950 3343 3005 qua
3395 2936 3549 3006 prius

1987 3030 2246 3099 depulsus
2279 3028 2474 3083 fuerat.
2517 3026 2652 3082 Nam
2694 3029 2795 3084 hac
2841 3028 3011 3099 ﬁgura
3037 3029 3320 3099 passiones
3351 3035 3548 3084 retusa)

1988 3132 2148 3192 sunt;
2199 3124 2383 3193 passio
2414 3123 2731 3193 passionum
2765 3137 2860 3192 per
2890 3123 3201 3192 passionem
3245 3121 3421 3177 factus
3461 3130 3547 3176 est

1989 3217 2283 3289 (Christus)
2333 3224 2387 3272 et
2436 3232 2583 3271 mors
2619 3216 2812 3271 mortis
2864 3230 2960 3285 per
2994 3223 3243 3282 mortem,
3275 3230 3383 3269 non
3418 3214 3546 3269 sub~

1989 3318 2144 3367 actus
2174 3326 2205 3364 a
2241 3319 2434 3373 morte,
2472 3325 2574 3364 nec
2628 3309 2808 3364 victus
2857 3309 3045 3364 dolore
3102 3310 3393 3380 passionis.
3441 3309 3547 3362 Ne-

1988 3417 2096 3470 que
2122 3401 2268 3456 enim
2291 3402 2472 3470 passio
2503 3401 2677 3471 ipsum
2701 3401 2924 3454 omnino
2957 3400 3023 3455 de
3060 3409 3205 3454 statu
3234 3401 3432 3456 mentis
3453 3400 3546 3455 de-

1984 3493 2136 3564 jecit.
2173 3508 2273 3549 nec
2298 3507 2446 3548 mors
2482 3493 2638 3555 laesit,
2674 3492 2767 3547 sed
2805 3492 3057 3546 manebat
3100 3492 3156 3547 in
3202 3492 3411 3563 patibili
3445 3492 3548 3545 im-

1989 3583 2253 3654 patibilis,
2277 3590 2332 3638 et
2362 3583 2417 3637 in
2442 3583 2655 3637 mortali
2688 3583 3012 3638 immortalis
3039 3602 3054 3637 :
3086 3595 3139 3639 et
3170 3581 3431 3653 quidquid
3456 3597 3547 3635 aer

1988 3682 2043 3730 et
2092 3673 2351 3738 medium,
2402 3681 2456 3729 et
2509 3689 2766 3743 superum
2819 3684 2956 3743 erat,
3002 3674 3440 3744 comprehendit;
3493 3682 3547 3727 et

1988 3769 2218 3824 mortale
2244 3767 2431 3823 deitati
2485 3770 2910 3838 contemperavit
2952 3769 3267 3823 immortali.
3301 3765 3548 3822 Perfecto

1988 3860 2131 3914 victa
2164 3869 2248 3915 est
2280 3875 2448 3927 mors,
2479 3876 2644 3915 carne
2678 3861 2746 3916 ad
2789 3860 3211 3915 immortalitatis
3238 3857 3548 3929 expressim

1991 3968 2116 4009 nem
2135 3954 2413 4008 cruciﬁxa.

1887 4058 1974 4115 lli.
2084 4084 2094 4094 ο

1051 4180 1206 4251 Apud
1227 4181 1488 4236 Allatium
1524 4181 1697 4237 Diatr.
1724 4181 1791 4238 de
1819 4181 2213 4238 Methodiorum
2245 4182 2486 4253 scriptis,
2527 4199 2648 4254 pag.
2686 4183 2810 4237 549.

329 4297 439 4373 Τοῇ
456 4299 643 4373 αὐτοῦ
670 4300 979 4373 Μεθοδιουί.
1030 4300 1162 4370 Πῶς
1182 4305 1222 4373 ,ὀ
1263 4302 1369 4358 τοῦ
1395 4302 1543 4358 Θεοῦ
1573 4301 1647 4373 (6)
1687 4302 1820 4370 Υἱὸς
1850 4309 1885 4358 o’

390 4371 641 4444 Χριστὸς
668 4372 739 4444 ἐν
757 4372 979 4444 βραχεῖ
999 4389 1064 4444 τε
1098 4372 1197 4444 καὶ
1224 4371 1662 4444 περιωρισμένφ
1688 4376 1885 4443 χρόνῳ

389 4441 734 4513 διαστρλαῖς
748 4441 1357 4513 σώωτιίέκεχώρητω
1385 4443 1483 4498 καὶ
1502 4441 1627 4512 πῶς
1648 4441 1886 4513 ἀπαθὴς

387 4512 473 4566 ὢν
498 4511 734 4584 ἐγένετο
758 4511 877 4568 ὑπὸ
907 4511 1172 4580 πάθουζπ

400 4623 619 4696 Ἐπειδὴ
656 4622 764 4696 γὰρ
807 4622 1031 4695 δύναμις
1079 4622 1227 4694 αὐτῷ
1259 4624 1413 4678 τοῦτο
1453 4620 1556 4697 ἦν*
1605 4626 1882 4699 δυνάμεως

320 4714 429 4789 γὰρ
452 4716 514 4771 τὸ
547 4708 941 4771 συστέλλεσθαι
960 4716 1058 4787 μὲν
1093 4718 1151 4769 ὲν
1190 4719 1302 4781 τοῖς
1331 4717 1530 4786 ὀλίγοις
1557 4719 1651 4772 καὶ
1680 4719 1883 4791 βραχύ-

322 4807 524 4869 νεσθαι,
551 4804 760 4878 χεῖσθαι
783 4806 840 4859 δὲ
865 4807 922 4858 ὲν
940 4808 1052 4870 τοῖς
1074 4806 1328 4878 μεγάλοις
1357 4808 1450 4863 καὶ
1471 4809 1875 4879 μεγεθύνεσθαι.

321 4896 382 4951 Et
406 4899 463 4952 δὲ
490 4898 552 4951 τὸ
584 4895 1011 4952 συνεκτείνεσθαι
1048 4897 1144 4969 μὲν
1173 4901 1283 4962 τοῖς
1313 4899 1565 4969 μεγάλοις
1589 4901 1681 4955 καὶ
1702 4902 1884 4968 συνεξ-

325 4990 601 5057 ισάζεσθαι
633 4991 857 5046 δυνατὸν
903 4990 1069 5062 αὐτῷ,
1100 4990 1160 5045 τὸ
1190 4990 1247 5044 δὲ
1282 4990 1641 5064 βραχύνεσθαι
1672 4995 1729 5047 ἐν
1771 4997 1883 5059 τοῖς

326 5088 535 5158 μικροῖς
562 5087 656 5141 καὶ
686 5083 1062 5139 συστέλλεσθαι
1090 5083 1349 5139 ἀδύνατον
1366 5102 1378 5115 ·
1409 5085 1510 5140 οὐκ
1537 5081 1605 5156 ἦν
1637 5085 1878 5155 δύναμις.

327 5182 556 5253 Δυνάμει
598 5179 707 5252 γὰρ
739 5178 835 5233 ἐὰν
866 5179 984 5233 τόδε
1015 5179 1114 5251 μὲν
1144 5179 1364 5233 δυνατὸν
1394 5173 1531 5233 εἶναι
1559 5180 1685 5250 φῂς,
1724 5180 1785 5232 τὸ
1826 5180 1884 5235 δὲ

323 5269 575 5326 ἀδύνατον
594 5289 609 5302 υ
639 5268 734 5325 τοῦ
762 5266 900 5324 εἶναι
921 5271 1088 5343 αὐτὴν
1108 5270 1335 5342 δύναμιν
1360 5270 1693 5343 παραγράφῃ
1719 5270 1882 5324 ἀσθε-

323 5363 516 5419 νοῦσαν
564 5364 691 5436 ’περὶ⁸
736 5363 773 5418 ἃ
817 5362 891 5435 μὴ
935 5362 1176 5419 δύναται.
1216 5364 1289 5417 Οὐ
1344 5364 1449 5435 μὴν
1495 5364 1579 5428 δὲ,
1610 5362 1722 5419 ἀλλ’
1762 5363 1881 5415 οὐδὲ

323 5452 594 5525 ὑπεροχήν
618 5470 740 5508 τινα
762 5452 843 5508 ἔτι
874 5452 1123 5524 θεότητος
1154 5452 1265 5520 ἔξει
1297 5451 1430 5524 πρὸς
1456 5451 1526 5506 τὰ
1558 5453 1881 5523 μεταϐαλλό-

395 5627 469 5700 (6)
496 5627 629 5696 Πῶς
656 5630 691 5700 _d
722 5628 918 5700 ratio.
951 5622 1218 5700 Erratagin
1241 5625 1436 5700 Graeco
1484 5627 1670 5700 relicta
1728 5634 1875 5685 sunt.

332 5697 411 5753 uti"
450 5697 610 5756 erant
653 5698 710 5755 in
748 5698 939 5757 codice
984 5715 1087 5756 Ius.
1142 5697 1480 5754 bibliothecae
1531 5697 1875 5768 Augustam,

1991 4303 2265 4376 Ejusdem,
2298 4304 2571 4359 Methodii.
2614 4305 2886 4371 Quomodo
2929 4303 3169 4361 Christus
3208 4303 3391 4376 Filius
3429 4304 3543 4370 Dei,

2062 4376 2198 4430 brevi
2232 4375 2548 4445 deﬁnitaque
2593 4385 2842 4444 tempore,
2882 4393 3096 4446 corpore
3146 4374 3544 4442 circumclus“,

2062 4446 2402 4514 impassibilis
2432 4447 2708 4509 exsistam,
2742 4446 2977 4515 passioni
3001 4446 3160 4517 fuerit
3194 4446 3471 4501 obnoxius.

2059 4629 2193 4683 tium
2217 4644 2345 4684 vero
2376 4628 2549 4682 virtus
2578 4627 2680 4698 ipsi
2715 4629 2818 4683 hoc
2845 4628 3047 4683 inesset
3079 4648 3091 4683 :
3124 4627 3375 4698 potentize
3399 4629 3546 4684 enim

1985 4732 2091 4786 est,
2128 4721 2377 4776 contrahi
2413 4721 2630 4792 quidem
2662 4721 2716 4774 in
2746 4720 2934 4791 paucis
2983 4728 3038 4775 et
3086 4720 3355 4785 imminui,
3408 4720 3548 4774 dila-

1985 4814 2088 4866 tari
2119 4827 2249 4867 vero
2282 4814 2335 4867 in
2362 4813 2572 4882 magnis
2607 4820 2658 4865 ct
2695 4812 2905 4880 augeri.
2952 4810 3107 4877 Quod
3150 4826 3273 4866 cum
3332 4815 3546 4884 magnis

1989 4920 2098 4961 una
2130 4906 2344 4961 extendi
2376 4905 2757 4975 evacquarique
2797 4902 2898 4973 ipsi
2932 4904 3191 4973 possibile
3238 4910 3343 4969 est,
3374 4905 3550 4959 immi-

1989 4997 2086 5052 nui
2119 5013 2249 5053 vero
2297 4997 2353 5052 in
2401 4997 2584 5066 parvis
2615 5005 2669 5051 et
2698 4996 2947 5050 contrahi
2980 4995 3337 5066 impossibile,
3371 4996 3548 5051 virtus

1989 5091 2236 5160 equidem
2269 5089 2491 5144 minimc
2532 5089 2725 5143 inerat.
2756 5087 2956 5142 Virtuti
2988 5090 3129 5143 enim
3161 5089 3209 5145 si
3246 5089 3348 5144 hoc
3370 5090 3549 5160 possi-

1987 5180 2095 5235 bile
2124 5194 2245 5235 esse
2273 5178 2503 5244 dixeris,
2534 5178 2664 5231 illud
2692 5186 2871 5233 autem
2909 5178 3277 5250 impossibile;
3300 5178 3544 5234 eamdem

1988 5272 2243 5326 virtutem
2274 5285 2397 5326 esse
2426 5270 2684 5339 abnegas,
2723 5278 2976 5340 tanquam
2996 5286 3116 5341 quae
3147 5269 3358 5324 infirma
3384 5278 3547 5336 atque

1990 5360 2275 5418 imbecillis
2303 5367 2387 5415 est
2418 5360 2564 5416 circa
2599 5376 2718 5431 quae
2751 5376 2859 5415 non
2895 5369 3091 5431 potest.
3147 5360 3258 5414 lmo
3298 5374 3397 5413 nec
3444 5357 3546 5410 ali-

1990 5469 2153 5524 quam
2186 5452 2484 5508 divinitatis
2511 5454 2890 5509 excellentiam:
2939 5452 3236 5508 continebtt
3280 5449 3426 5504 circa
3477 5460 3544 5506 ea

1984 5634 2128 5690 unde
2149 5632 2457 5706 hujusmodi
2486 5631 2848 5705 fragmentum
2875 5632 3238 5699 desumptum.
3266 5629 3470 5685 Actu.
