4088 6284
561 364 667 424 4θὸ

1535 366 1592 420 s.
1635 355 1962 420 Ms'ruonu
2001 364 2307 442 Episcopi
2349 357 2436 420 ET
2478 354 2837 421 MARTYRIS

3665 368 3770 429 404

555 507 678 564 qua:
707 491 1081 545 immutantur.
1111 485 1354 558 Namque
1403 495 1456 543 et
1502 488 1749 543 homines
1795 496 1848 542 et
1899 489 2107 559 reliqua

2213 504 2347 558 μενα
2375 488 2468 540 καὶ
2498 486 2567 539 τά
2598 486 2867 556 ἐρχόμενα
2895 483 3003 538 τῶν
3026 482 3177 549 ζώων
3196 488 3380 560 χαριαὶ
3405 488 3434 524 ³*
3453 488 3537 559 ἐφ’
3567 482 3644 544 ὧν
3672 492 3778 561 μὴν

557 582 832 644 animalia,
881 581 1026 634 circa
1057 593 1119 634 ea
1152 581 1206 632 in
1249 580 1446 650 quibus
1477 579 1680 649 aliquid
1729 587 1954 648 possunt
1986 595 2112 649 ope-

557 682 767 735 rantur,
820 672 965 726 circa
1015 687 1078 726 ea
1123 673 1178 725 in
1207 673 1406 741 quibus
1437 685 1544 725 non
1576 679 1826 740 possunt,
1875 673 2112 726 resoluta

556 767 761 820 viribus
788 765 924 817 nihil
965 772 1150 833 agunt.
1185 763 1472 833 Propterea
1504 763 1644 817 hanc
1674 763 1742 817 ob
1769 771 1990 817 causam
2023 761 2112 815 Fi-

558 855 663 909 lius
696 853 789 908 Dei
813 854 866 908 in
898 854 1114 907 homine
1141 854 1538 907 circumclusus
1567 861 1670 916 est,
1707 852 1850 921 quod
1890 853 1993 906 hoc
2036 852 2113 905 illi

557 943 894 1012 impossibile
924 959 1033 997 non
1060 951 1196 998 eral.
1235 942 1442 997 Virtute
1486 943 1630 997 enim
1662 958 1859 1012 passus
1890 951 1992 1004 est,
2020 943 2116 996 im-

555 1038 830 1106 passibilis
854 1053 1099 1097 manens,
1132 1048 1185 1092 et
1218 1046 1464 1093 mortuus
1495 1046 1599 1103 est,
1631 1036 2112 1106 incorruptibilita-

553 1136 659 1182 tem
684 1129 1008 1185 mortalibus
1036 1130 1268 1184 donans.
1296 1129 1508 1200 Corpus
1534 1129 1802 1200 siquidem
1833 1145 1862 1183 a
1885 1143 2112 1198 corpore

551 1222 896 1276 verberatum
919 1233 1014 1276 aut
1049 1233 1280 1286 sectum,
1311 1223 1649 1278 tantumdem
1678 1225 1996 1278 verberatur
2019 1229 2112 1276 aut

553 1322 793 1381 secatur,
847 1325 1111 1386 quantum
1175 1317 1470 1371 verberans
1523 1317 1770 1372 verberat
1809 1325 1864 1370 et
1917 1329 2111 1370 secans

550 1414 720 1462 secat.
759 1408 1074 1463 Secundum
1102 1410 1245 1463 enim
1293 1411 1372 1464 rei
1423 1409 1681 1479 subjecta:
1727 1425 2110 1480 repercussum

550 1499 857 1554 verberanti
893 1500 1037 1555 ictus
1060 1503 1150 1566 tit,
1184 1516 1309 1554 cum
1335 1503 1562 1572 aequalia
1613 1502 1721 1571 pati
1763 1516 1988 1556 necesse
2016 1502 2108 1563 sit,

547 1599 604 1646 et
634 1607 821 1662 agens,
859 1600 912 1647 et
950 1593 1005 1646 id
1031 1593 1178 1662 quod
1211 1593 1407 1662 agitur.
1442 1591 1722 1663 Siquidem
1768 1591 1815 1646 si
1849 1593 1994 1661 quod
2025 1607 2112 1647 se—

548 1687 709 1736 catur
739 1696 862 1735 cum
898 1698 1061 1752 parva
1080 1682 1398 1738 habitudine
1421 1685 1627 1738 secanti
1655 1698 1762 1738 non
1791 1698 2113 1753 corrcspon-

550 1771 713 1833 derit,
743 1773 885 1843 quod
915 1780 1064 1827 secat
1091 1788 1277 1829 secare
1302 1789 1412 1828 non
1447 1774 1664 1843 poterit.
1717 1772 1932 1827 Lationi
1963 1773 2106 1828 enim

2215 579 2280 631 ἂν
2312 578 2572 631 δύνωνται
2606 594 2658 630 τι
2685 577 2881 648 δρᾶσαι
2911 575 3240 647 ἐνεργοῦσιν,
3273 581 3357 648 ἐφ’
3381 572 3455 633 ὧν
3487 580 3551 633 ἂν
3581 582 3655 653 μὴ
3683 583 3777 636 δύ-

2213 685 2408 722 νωνται
2437 667 2683 737 φθίνωσι.
2714 667 2912 738 Διόπερ
2939 667 3111 740 ταύτῃ
3144 670 3340 740 μᾶλλον
3371 671 3680 742 κεχώρηται
3719 675 3780 728 ὲν

2212 758 2479 830 ἀνθρώπῳ
2520 761 2548 812 ὁ
2582 758 2705 822 Υἱὸς
2746 757 2840 810 τοῦ
2874 758 3028 823 Θεοῦ,
3073 761 3153 813 ὅτι
3203 761 3276 833 μὴ
3322 757 3391 832 ἦν
3435 762 3583 833 αὐτῷ
3621 763 3779 818 τοῦτο

2213 851 2500 906 ἀδύνατον·
2549 851 2631 903 ὅτι
2676 851 2898 921 δυνάμει
2949 853 3042 905 καὶ
3082 850 3278 906 ἔπαθεν
3325 853 3538 924 ἀπαθὴς
3579 854 3774 924 μένων,

2212 944 2306 995 καὶ
2375 942 2592 1006 ἔθανεν,
2658 941 2954 996 ἀθανασίαν
3013 939 3094 1009 τῷ
3167 943 3342 1015 θνητῷ
3400 943 3778 1016 χαριζόμενος.

2213 1033 2377 1104 Σῶμα
2428 1034 2523 1105 μὲν
2569 1032 2674 1105 γὰρ
2708 1033 2810 1086 ὑπὸ
2865 1033 3111 1105 σώματος
3140 1036 3471 1107 τυπτόμενον
3510 1037 3542 1107 ἢ
3582 1036 3778 1108 τεμνόσο

2215 1145 2373 1198 μενον
2424 1128 2673 1182 τοσοῦτον
2716 1129 2976 1181 τύπτεται
3027 1130 3059 1200 ἢ
3101 1130 3379 1199 τέμνεται,
3426 1129 3546 1182 ὅσον
3593 1127 3660 1183 ἂν
3715 1127 3780 1183 τὸ

2211 1223 2409 1275 τύπτον
2458 1220 2666 1285 τύπτει,
2733 1221 2826 1274 καὶ
2872 1221 2932 1274 τὸ
2982 1222 3308 1292 τεμνόμενον
3362 1221 3566 1292 τέμνει.
3623 1225 3778 1278 Κατὰ

2212 1315 2562 1384 άντιτύπησιν
2608 1314 2714 1386 γὰρ
2771 1313 2862 1366 τοῦ
2922 1315 3279 1385 ὑποκειμένου
3320 1315 3398 1386 τῷ
3445 1314 3698 1369 τύπτοντι
3743 1319 3775 1388 ή

2213 1406 2391 1477 πληγὴ
2420 1407 2649 1474 γίνεται,
2687 1407 2747 1458 ὲν
2792 1406 2891 1476 ἴσῳ
2932 1406 3090 1460 πάθει
3131 1406 3240 1459 τῶν
3283 1408 3559 1479 ἑκατέρων
3610 1408 3780 1464 ὄντων

2211 1498 2306 1551 καὶ
2352 1498 2443 1551 τοῦ
2489 1497 2724 1569 δρῶντος
2777 1500 2871 1550 ml.
2919 1497 3012 1550 τοῦ
3061 1498 3356 1569 δρωμένου.
3425 1499 3638 1571 Ἀμέλει
3683 1500 3779 1554 ἐὰν

2214 1590 2288 1660 μὴ
2339 1589 2401 1642 τδ
2446 1589 2776 1661 τεμνόμενον
2831 1588 2969 1659 μετὰ
3011 1589 3197 1660 ὀλίγης
3242 1589 3406 1654 ἕξεως
3453 1591 3780 1666 άντιτορήσῃ

2209 1679 2287 1750 τῷ
2340 1681 2611 1750 τέμνοντι,
2673 1680 2736 1733 τὸ
2786 1679 3113 1752 τεμνόμενον
3165 1681 3381 1751 τέμνειν
3439 1682 3498 1734 ού
3557 1681 3780 1753 δυνήσε-

2210 1789 2319 1826 ται.
2355 1775 2432 1844 Τῇ
2465 1772 2572 1845 γὰρ
2600 1775 2738 1843 φορᾷ
2771 1771 2952 1842 ξίφους
2975 1774 3074 1825 οὐκ
3102 1772 3660 1843 ἀντιπαραμείναντος
3683 1770 3778 1825 τοῦ

548 1862 698 1918 ensis
728 1865 773 1919 si
809 1879 915 1918 non
941 1865 1532 1935 obstiteritsubjectum
1557 1881 1779 1936 corpus,
1806 1866 1899 1921 sed
1926 1866 2106 1937 potius

2212 1863 2567 1933 ὑποκειμένου
2633 1863 2900 1933 σώματος,
2961 1862 3099 1915 ἀλλὰ
3153 1863 3490 1927 συνείξαντος
3555 1863 3778 1932 μᾶλλον,

548 1955 798 2018 cesserit,
825 1957 971 2010 omni
1004 1956 1198 2010 aﬂ'ectu
1225 1958 1472 2026 operatio
1505 1955 1879 2020 frustrabitur,
1934 1965 1995 2010 ut
2035 1945 2110 2011 vi-

549 2046 677 2103 dere
700 2053 783 2103 est
823 2049 875 2102 in
911 2049 1233 2119 corporibus
1282 2050 1664 2105 subtilioribus
1695 2051 1836 2121 ignis
1865 2059 1918 2106 et
1944 2052 2108 2108 aeris.

549 2137 876 2193 Dissolvttur
908 2156 1140 2210 namque
1180 2140 1234 2195 in
1264 2141 1534 2195 similibus
1579 2148 1872 2210 manetque
1905 2141 2112 2209 absque

547 2229 741 2284 effectu
772 2231 1090 2286 solidiorum
1118 2248 1409 2301 corporum
1433 2234 1686 2303 impetus.
1717 2231 1870 2298 Quod
1900 2233 1944 2287 si
1970 2232 2110 2302 ignis

549 2330 643 2374 aut
673 2338 788 2384 aer,
825 2323 961 2391 lapis
991 2331 1084 2376 aut
1113 2323 1339 2387 ferrum,
1392 2333 1486 2377 aut
1545 2324 1772 2394 lignum,
1815 2331 1908 2376 aut
1941 2323 2108 2391 aliud,

548 2411 690 2478 quod
725 2411 974 2465 homines
1006 2419 1193 2466 contra
1226 2428 1348 2468 sese
1393 2423 1718 2482 usurpantes
1749 2414 1850 2468 sibi
1880 2415 2107 2467 invicem

547 2503 750 2558 caedem
783 2504 1046 2567 inferunt,
1072 2506 1364 2560 vulnerare
1389 2513 1443 2560 et
1477 2505 1722 2560 dividere
1771 2522 1879 2560 non
1935 2513 2110 2576 potest

547 2595 694 2664 quod
726 2596 1027 2651 subtilioris
1057 2605 1265 2652 natura:
1312 2599 1405 2662 sit,
1455 2612 1691 2667 quanam
1746 2597 1957 2651 ratione
2002 2611 2109 2650 non

547 2685 730 2754 potius
765 2686 1173 2742 invulnerabilis
1215 2689 1416 2742 mansit
1451 2686 1724 2756 Sapientia
1778 2695 1832 2741 et
1865 2686 2111 2755 impassi-

491 2769 509 2778 ’
547 2774 697 2835 bilis,
718 2777 865 2830 nulla
901 2777 957 2832 in
985 2792 1044 2832 re
1066 2778 1134 2832 ab
1161 2778 1342 2847 aliquo
1395 2779 1542 2842 laesa,
1596 2778 1722 2831 licet
1774 2777 1937 2831 simul
1979 2792 2110 2831 cen—

543 2868 736 2936 jun'cta
761 2878 907 2924 esset
937 2871 1174 2940 corpori,
1212 2870 1355 2940 quod
1404 2871 1692 2926 secabatur
1735 2876 1788 2924 et
1837 2871 2010 2925 clavis
2047 2869 2110 2922 li-

545 2959 793 3028 gebatur,
829 2975 952 3014 cum
999 2963 1343 3031 prtcstantior
1373 2969 1425 3016 et
1458 2961 1646 3032 purior
1692 2961 1838 3015 omni
1888 2968 2106 3028 natura,

546 3066 715 3104 unum
756 3052 803 3107 si
836 3053 1074 3124 excipias
1112 3053 1258 3110 illius
1291 3056 1591 3126 genitorem
1649 3053 1840 3118 Deum,
1871 3053 2108 3110 exsiste-

536 3148 626 3196 ret
646 3141 669 3195 ἳ

2211 1954 2490 2026 ἄπρακτος
2519 1955 2725 2022 γίνεται
2757 1957 2790 2025 ή
2834 1954 3081 2024 ἐνέργεια
3100 1973 3112 1984 ο
3148 1949 3257 2008 οἷον
3285 1953 3532 2025 καθάπερ
3563 1956 3654 2006 καὶ
3687 1955 3780 2007 ἐπὶ

2211 2046 2317 2099 τῶν
2390 2047 2898 2119 λεπτομερεστέρων
2976 2046 3243 2116 σωμάτων
3321 2045 3512 2115 πυρὸς,
3592 2045 3774 2117 ἀέρος.

2223 2139 2500 2192 Ἐκλύεται
2522 2139 2630 2207 γὰρ
2659 2141 2715 2192 ἐν
2733 2143 2848 2203 τοῖς
2868 2139 3125 2203 τοιούτοις
3150 2138 3504 2210 ἁνενέργητος
3524 2139 3632 2191 τῶν
3657 2156 3777 2192 στε-

2213 2231 2492 2302 ρεωτέρων
2524 2231 2700 2303 ὁρμῆς
2732 2232 3017 2301 σωμάτων.
3054 2232 3115 2284 Et
3144 2231 3198 2284 δὲ
3233 2230 3361 2300 πῦρ,
3394 2228 3426 2300 ἢ
3459 2229 3584 2302 ἀὴρ,
3610 2231 3776 2296 λίθος,

2209 2323 2241 2394 ἢ
2269 2323 2504 2394 σίδηρος,
2531 2323 2562 2394 ἣ
2596 2322 2768 2388 ξύλον,
2795 2324 2826 2394 ἦ
2859 2324 3004 2388 ἄλλο,
3033 2322 3113 2386 οἷς
3139 2325 3187 2376 οἱ
3208 2322 3484 2394 ἄνθρωποι
3507 2323 3779 2393 χρώμενοι

2210 2410 2327 2465 καθ’
2363 2411 2568 2464 ἑαυτῶν
2597 2412 3034 2484 άλληλοφονοῦσι,
3059 2412 3264 2485 τρῶσαι
3284 2413 3338 2466 δὲ
3373 2413 3466 2466 καὶ
3497 2412 3685 2465 διελεῖν
3714 2414 3774 2468 οὗ

2209 2501 2424 2556 δύναται
2456 2503 2605 2575 παρὰ
2635 2504 2695 2557 τὸ
2727 2505 2823 2576 τῆς
2853 2505 3100 2575 θικτικῆς
3124 2521 3183 2556 τε
3222 2503 3350 2556 αὐτὸ
3384 2505 3478 2557 καὶ
3516 2503 3780 2576 λεπτομε-

2215 2596 2366 2666 ρεστέ
2376 2613 2471 2667 ρας
2499 2599 2710 2666 φύσεως
2733 2598 3042 2667 τυγχάνειν·
3073 2596 3189 2660 πῶς
3215 2597 3274 2650 ού
3315 2597 3509 2666 μᾶλλον
3538 2595 3779 2668 ἄτρωτός

2208 2707 2272 2758 γε
2302 2689 2512 2760 ἔμεινεν
2559 2693 2592 2762 ἠ
2627 2691 2799 2761 Σοφία
2825 2692 2918 2744 καὶ
2959 2690 3174 2763 ἀπαθὴς
3193 2730 3207 2753 ,
3235 2691 3382 2744 οὐδὲν
3408 2690 3542 2761 πρὸς
3567 2686 3779 2754 οὐδενὸς

2210 2783 2569 2852 κακυνομένη,
2619 2782 2720 2837 κᾶν
2747 2784 3073 2854 τεμνόμενον
3109 2783 3270 2853 συνῆν
3297 2783 3388 2836 καὶ
3420 2782 3780 2854 προσηλωμέο-

2209 2887 2297 2924 νον
2347 2871 2426 2942 τῷ
2477 2872 2708 2943 σώματι,
2746 2872 2968 2940 βελτίων
3011 2873 3106 2926 καὶ
3158 2870 3509 2942 καθαρωτέρα
3564 2869 3780 2940 φύσεως

2209 2961 2391 3034 πάσης
2439 2963 2574 3035 μετὰ
2621 2965 2709 3017 τὸν
2760 2963 3158 3036 γεννησάμενον
3216 2964 3384 3035 αὐτὴν
3421 2962 3555 3016 Θεδν
3605 2963 3782 3035 ὑπάρ-

2208 3071 2375 3124 χουσα
2399 3070 2415 3121 ;

577 3316 598 3322 .,
3280 3329 3332 3333 ,.
3599 3327 3743 3349 ,___

1653 3500 1930 3589 ALIA
2005 3502 2666 3595 NONNULLA

1523 3691 1829 3746 EIUSDEM
1869 3691 1926 3748 S.
1969 3692 2304 3750 METHODII
2342 3693 2789 3752 FRAGMENTA.

1126 3988 1235 4070 (Ea;
1273 3998 1478 4055 Niceta:
1511 3991 1709 4056 Catena
1739 4003 1791 4057 in
1827 3994 1950 4069 Iob,
1987 4013 2106 4075 cap.
2139 4014 2250 4070 ιιι,
2275 4020 2395 4076 pag.
2441 4003 2546 4060 429
2583 4004 2710 4061 edit.
2743 4004 2969 4064 Londin.
3002 4002 3183 4076 1657.)

645 4231 664 4256 ,
1186 4195 1456 4252 Μειιιοάξε.

614 4290 869 4363 Fortasse
899 4313 1096 4367 autem.
1142 4309 1399 4377 quoniam
1454 4312 1615 4366 amici
1658 4313 1760 4367 Job
1793 4331 1850 4371 se
1883 4331 2104 4373 causam
2131 4321 2174 4378 C

546 4388 847 4471 intelligere
875 4409 1097 4470 prepter
1123 4417 1286 4470 quam
1330 4402 1455 4455 talia
1499 4413 1797 4473 pateretur,
1855 4409 2107 4463 arbitrati

545 4500 754 4556 essent,
784 4493 1026 4561 longiore
1051 4493 1296 4548 oratione
1341 4495 1407 4548 ad
1456 4511 1551 4550 eos
1601 4512 1734 4552 usus
1781 4499 1864 4553 vir
1902 4499 2107 4568 justus,

548 4581 855 4637 divinorum
882 4582 1212 4652 judiciorum
1242 4585 1582 4655 sapientiam,
1609 4603 1718 4642 non
1742 4589 1844 4644 sibi
1876 4598 2106 4658 tantum,

552 4675 648 4729 sed
677 4684 731 4729 et
757 4678 906 4730 omni
937 4677 1144 4732 homini
1175 4677 1778 4750 incomprehensibilem
1815 4697 1936 4738 esse
1966 4682 2104 4738 fate-

550 4774 671 4829 tur;
715 4774 768 4821 et
815 4769 881 4824 ad
917 4771 1320 4839 suscipiendam
1355 4772 1568 4826 consilii
1593 4772 1761 4826 divini
1799 4775 2106 4843 scientiam,

551 4856 731 4910 locum
760 4865 1076 4916 terrestrem
1108 4861 1255 4916 haud
1287 4863 1541 4917 idoneum
1569 4880 1689 4918 esse
1732 4863 1978 4919 allii-mat.
2019 4866 2110 4920 Di-

550 4947 693 5002 xerit
723 4958 901 5005 autem
934 4951 1150 5021 aliquis,
1184 4953 1480 5024 perfectam
1539 4962 1592 5009 et
1651 4957 1956 5011 absolutam
1997 4957 2112 5026 pie-

553 5047 742 5104 tatem,
765 5057 877 5095 rem
902 5043 1060 5112 plane
1094 5045 1333 5102 divinam
1365 5058 1418 5104 et
1443 5064 1475 5103 a
1502 5047 1612 5105 Deo
1651 5052 1767 5106 solo
1799 5052 2110 5110 hominibus

551 5133 834 5200 tributam,
871 5134 973 5190 hoc
1002 5136 1122 5190 loco
1149 5141 1470 5208 sapientiam
1522 5144 1729 5198 vocari.
1779 5143 1986 5200 Sensus
2014 5161 2114 5200 au-

552 5231 662 5278 tem
694 5225 981 5279 verborum
1009 5228 1096 5281 hic
1121 5238 1203 5283 est
1234 5250 1245 5283 :
1280 5230 1441 5297 Deus,
1472 5234 1669 5304 inquit,
1704 5235 1986 5290 hominum
2014 5251 2112 5291 na-

553 5323 692 5370 tura}
725 5318 831 5370 vim
865 5333 926 5372 ac
947 5318 1255 5375 facultatem
1285 5324 1616 5389 inveniendi,
1660 5344 1767 5382 una
1813 5344 1936 5383 cum
1987 5340 2112 5399 pru-

551 5411 736 5466 dentia
764 5420 817 5467 et
840 5413 1071 5469 artiﬁcio
1093 5416 1361 5483 inserens,
1409 5434 1602 5489 magna
1643 5421 1709 5476 iis
1739 5423 1962 5493 largitus
1990 5431 2108 5490 est;

555 5517 663 5574 qua
693 5514 915 5576 accepta
949 5515 1146 5562 terram
1197 5510 1262 5563 ad
1304 5512 1543 5566 eruenda
1577 5515 1792 5569 metalla
1825 5514 2108 5580 effodiunt,

553 5604 606 5648 et
625 5597 846 5661 colunt;
873 5599 1190 5668 sapientiam
1223 5611 1401 5656 autem
1427 5620 1547 5673 qua:
1581 5621 1702 5659 cum
1745 5607 1945 5676 pietate
1978 5623 2110 5661 con-

555 5680 594 5747 jt
617 5696 738 5739 ncta
777 5696 881 5754 est,
919 5689 976 5745 in
1003 5693 1154 5748 nullo
1185 5693 1305 5748 loco
1341 5695 1584 5752 invenire
1636 5698 1776 5752 licet.
1811 5698 1920 5754 Nec
1948 5699 2109 5753 homo

556 5789 679 5833 eam
707 5791 772 5832 ex
801 5795 859 5850 se
887 5789 941 5838 ct
973 5784 1209 5857 propriis
1239 5788 1477 5859 assequi,
1535 5805 1709 5858 neque
1759 5791 1878 5846 aliis
1909 5791 2110 5861 imper-

2840 4203 3174 4258 Medodlov.’

2279 4320 2439 4382 Ἴσως
2468 4319 2543 4380 δὲ,
2579 4319 2700 4370 ἐπεὶ
2731 4317 2780 4370 οἱ
2807 4318 2946 4386 φίλοι
2975 4317 3068 4371 τοῦ
3112 4317 3229 4370 Ἰὼϐ
3261 4318 3426 4388 ᾤοντο
3461 4319 3561 4390 τὴν
3599 4319 3782 4374 αἰτίαν

2211 4409 2592 4481 κατειληφέναι
2633 4410 2699 4462 δι’
2748 4412 2812 4480 ἣν
2854 4408 3025 4463 ταῦτα
3069 4411 3305 4481 ἔπασχε,
3350 4411 3487 4483 πρὸς
3541 4412 3784 4479 ἐκείνους

2210 4501 2625 4571 ἀποτεινόμενος
2647 4504 2673 4554 ό
2697 4502 2920 4565 δίκαιος,
2954 4502 3053 4574 τὴν
3087 4502 3215 4572 περὶ
3243 4501 3349 4556 τῶν
3375 4504 3656 4574 χριμάτων
3681 4505 3782 4559 τοῦ

2211 4593 2342 4646 Θεοῦ
2375 4595 2564 4662 σοφίαν
2591 4593 2826 4664 ἄληπτον
2855 4590 2990 4646 εἷναι
3022 4593 3290 4664 ὁμολογεῖ,
3327 4595 3386 4646 ού
3419 4596 3577 4665 μόνον
3605 4596 3780 4667 αὐτῷ,

2211 4687 2345 4741 ἀλλὰ
2394 4688 2488 4741 καὶ
2535 4689 2695 4740 παντὶ
2737 4687 3024 4760 ἀνθρώπῳ,
3067 4690 3160 4742 καὶ
3204 4689 3297 4759 τὴν
3333 4690 3638 4760 ἐπιστήμην
3679 4689 3783 4759 τῆς

2213 4779 2406 4850 βουλῆς
2439 4777 2529 4831 τοῦ
2561 4779 2695 4832 Θεοῦ
2732 4782 2804 4850 μὴ
2851 4779 3031 4832 ἱκανὸν
3070 4775 3206 4832 εἷναι
3239 4778 3639 4850 παραδέξασθαι
3685 4780 3781 4833 τὸν

2212 4871 2488 4944 περίγειον
2514 4871 2697 4934 τόπον,
2729 4871 3101 4940 ἀποφαίνεται.
3136 4870 3268 4942 Φαίη
3302 4871 3345 4924 δ’
3377 4871 3440 4924 ἄν
3475 4889 3556 4933 τις
3586 4871 3780 4939 σοφίαν

2211 4964 2440 5017 ἐνταῦθα
2485 4965 2580 5035 τὴν
2626 4964 2833 5018 τελείαν
2891 4965 3168 5019 εὐσέϐειαν
3222 4963 3486 5037 εἰρῆσθαι,
3546 4965 3780 5034 πρᾶγμα

2213 5057 2372 5121 θεῖον,
2409 5057 2512 5109 ὑπὸ
2539 5058 2698 5128 μόνου
2734 5055 2828 5109 τοῦ
2863 5055 2995 5108 Θεοῦ
3030 5060 3137 5120 τοῖς
3167 5057 3469 5129 ἀνθρώποις
3500 5057 3779 5128 δωρούμε-

2212 5159 2320 5201 νον.
2361 5151 2420 5200 Ὁ
2449 5147 2504 5200 δὲ
2533 5145 2657 5210 νοῦς
2684 5147 2790 5199 τῶν
2825 5149 3002 5218 ῥητῶν
3036 5144 3218 5212 οὗτος·
3249 5147 3492 5216 Μεγάλα,
3530 5149 3712 5218 φησὶν,
3748 5149 3776 5202 ὁ

2211 5237 2340 5300 Θεὸς
2384 5241 2495 5300 τοῖς
2519 5235 2824 5308 ἀνθρώποις
2856 5237 3182 5307 ἐδωρήσατο,
3223 5240 3280 5290 ὲν
3326 5241 3390 5307 τῇ
3421 5238 3578 5306 φύσει
3607 5253 3776 5291 κατα-

2215 5329 2438 5400 σπείρας
2463 5327 2637 5382 αύτῶν
2661 5327 2721 5379 τὸ
2761 5328 3122 5399 ὲρευνητικὸν,
3154 5330 3247 5382 καὶ
3276 5328 3456 5397 σοφὸν,
3483 5329 3575 5381 καὶ
3603 5344 3778 5398 τεχνι-

2213 5422 2337 5474 κόν·
2374 5411 2792 5490 ὅπερλαϐόντες
2833 5419 2882 5472 οἱ
2920 5419 3213 5486 ἅνθρωποι,
3250 5419 3352 5488 γῆν
3390 5432 3448 5470 τε
3487 5415 3780 5489 μεταλλεύ-

2212 5530 2329 5565 ουσι
2375 5512 2468 5566 καὶ
2515 5509 2848 5583 γεωργοῦσι·
2894 5510 2992 5581 τὴν
3037 5511 3095 5563 δὲ
3143 5509 3284 5564 κατὰ
3331 5509 3637 5562 θεοσέϐειαν
3686 5523 3779 5558 σο-

2215 5606 2340 5675 φίαν
2386 5606 2486 5658 οὐκ
2535 5607 2592 5658 ἐν
2636 5603 2786 5676 τόπῳ
2813 5607 2938 5674 ίτινὶ
2989 5604 3132 5657 ἐστιν
3178 5605 3386 5672 εὑρεῖν·
3433 5602 3532 5654 οὐκ
3567 5599 3777 5653 οἴκοθεν

2213 5695 2414 5765 ταύτην
2441 5695 2723 5767 ἄνθρωπος
2756 5694 3041 5749 ἀναλαϐεῖν
3063 5692 3301 5747 δύναται·
3331 5695 3433 5746 οὐκ
3456 5693 3635 5756 ἄλλοις
3670 5707 3777 5744 πα-

2215 5789 2483 5861 ραδοῦναι.
2520 5788 2678 5844 Ὅθεν
2719 5789 2810 5842 καὶ
2835 5784 3186 5862 οίιἘλλήνων
3217 5784 3386 5855 σοφοὶ,
3423 5784 3525 5857 ἰδίᾳ
3546 5783 3775 5854 δυνάμει
