4088 6284
317 346 433 405 ωδ

1698 349 2136 404 FRAGMENTA.

3438 353 3543 412 ωδ

315 464 419 536 τὴν
481 463 786 521 θεοσέϐειαν
839 466 1188 540 ζητήσαντες,
1251 433 1572 539 ἡστόχησανξ
1643 469 1716 522 Τὸ
1776 470 1859 538 τὰς

2002 469 2090 521 tiri
2120 474 2316 537 potest.
2343 463 2495 520 Unde
2511 471 2567 518 et
2593 461 2914 518 Graecorum
2951 463 3240 534 sapientes,
3293 465 3384 534 qui
3430 467 3544 520 suis

317 558 583 628 πρᾶγμα,
612 557 688 621 ὡς
731 559 958 631 ἔφημεν,
989 561 1090 614 οὐκ
1129 558 1431 630 ἀνθρώποις
1461 561 1606 612 ἐστὶν
1643 561 1880 630 ἐφικτὸν,

314 646 455 700 ἀλλὰ
491 647 592 717 τῆς
646 649 796 714 θείας
837 651 1044 721 δωρεᾶς
1081 668 1140 704 τε
1182 653 1274 705 καὶ⁸
1316 652 1568 722 χάριτος·
1601 651 1688 705 διὰ
1728 652 1884 705 τοῦτο

313 739 412 792 καὶ¹
442 738 499 806 ἐξ
528 739 701 811 ἀρχῆς
729 743 756 794 ὁ
791 742 920 806 Θεὸς
959 742 1028 794 τὰ
1063 742 1161 812 μὲν
1192 743 1258 796 δι’
1298 743 1590 807 δπτασιῶν,
1620 743 1690 796 τὰ
1730 743 1787 796 δὲ
1815 743 1882 796 δι’

310 829 563 897 ἀγγέλων
597 831 1010 902 ὲπιφοιτήσεως,
1052 830 1120 884 τὰ
1160 831 1215 884 δὲ
1250 831 1336 901 διὰ
1371 832 1480 884 τῶν
1523 831 1882 903 θεοφορουμέ-

306 937 422 978 νων
474 921 642 990 ἁγίων
686 923 997 996 προφητῶν,
1032 923 1129 995 τὴν
1160 924 1462 977 θεοσέϐειαν
1509 925 1633 987 τοὺς
1674 922 1883 994 ἀνθρώ-

308 1031 452 1079 πους
489 1015 852 1081 ὲξεπαίδευσε.
893 1018 1003 1071 Καὶ
1033 1019 1066 1088 ἠ
1113 1017 1416 1089 θεωρητικὴ
1449 1016 1506 1072 δὲ
1552 1017 1711 1086 σοφία
1745 1015 1878 1069 Θεοῦ

305 1103 508 1175 δῶρον,
549 1106 608 1173 ἐξ
633 1101 700 1177 ἦς
731 1107 1022 1178 κινούμεθα
1056 1125 1122 1160 πε
1131 1109 1184 1179 ρ).
1206 1108 1302 1172 τὰς
1328 1109 1521 1179 τέμχνας
1551 1110 1645 1163 καὶ
1671 1108 1740 1162 τὰ
1762 1111 1880 1161 ἐπιε-

305 1196 646 1268 τηδεύματα,
683 1198 778 1252 καὶ
803 1200 869 1269 ἢν
899 1201 1098 1263 πάντες
1128 1201 1321 1264 κοινῶς
1359 1201 1574 1272 ἔχομεν,
1611 1199 1784 1255 ἄδικοί
1819 1218 1878 1253 τε

305 1288 405 1339 καὶ
441 1288 668 1342 δίκαιον
705 1290 752 1342 εί
778 1289 886 1362 γὰρ
918 1291 991 1362 (7)
1021 1291 1134 1356 ζῶα
1169 1293 1466 1363 γεγόναμεν
1507 1291 1718 1360 λογικὰ,
1749 1291 1879 1347 ταύ-

301 1395 407 1448 την
437 1379 753 1451 εἰλήφαμεν.
784 1381 965 1453 Ταύτῃ
993 1399 1076 1436 τοι
1100 1384 1192 1436 καὶ
1211 1385 1266 1436 ἐν
1295 1387 1407 1447 τοῖς
1433 1383 1735 1455 ἔμπροσθεν
1764 1384 1877 1438 ἐλέ-

300 1487 467 1536 γετοο
499 1472 754 1539 Πότερον
780 1475 891 1543 οὐχ
922 1477 955 1528 ό
991 1476 1204 1543 Κύριος
1230 1478 1262 1528 ὁ
1294 1474 1592 1528 διδάσκων
1620 1477 1878 1528 σύνεσιν·

300 1561 406 1613 καὶ
429 1561 768 1634 ἐπιστήμην
784 1581 803 1628 ;
819 1564 894 1630 ὡς
912 1567 1004 1620 τοῦ
1035 1567 1310 1637 κτήματος
1332 1568 1663 1640 θεοδωρήτου
1682 1565 1871 1636 τυγχά-

301 1666 514 1716 νοντος.

1984 560 2194 615 viribus
2241 557 2371 624 nisi,
2417 556 2669 627 pietatem
2703 565 2756 611 et
2786 555 3039 610 Numinis
3070 556 3274 609 cultum
3321 556 3543 626 indaga-

1983 653 2131 715 bant,
2155 667 2186 704 a
2216 664 2382 720 scopo
2434 649 2773 704 aberrarunt.
2826 647 2934 704 lies
2961 650 3128 713 enim,
3190 659 3249 702 ut
3279 647 3538 711 diximus,

1983 740 2127 794 vires
2157 739 2424 794 humanas
2452 738 2685 803 excedit,
2711 747 2763 792 et
2791 737 2885 793 Dei
2915 737 3114 791 donum
3134 751 3196 792 ac
3225 737 3394 808 gratia
3418 745 3535 792 est:

1981 832 2315 904 proindeque
2349 831 2418 886 ab
2449 831 2628 898 initio,
2665 831 2836 900 partis
2859 830 3184 893 visionibus,
3213 829 3406 900 partim
3440 844 3538 882 an-

1981 927 2222 997 gelorum
2253 924 2488 978 adventu
2537 933 2592 977 et
2639 938 2954 993 congressu,
2989 923 3188 992 partim
3222 929 3537 976 sanctorum

1980 1017 2365 1088 prophetarum
2391 1015 2652 1070 divinitus
2685 1014 2986 1068 ainatorum
3018 1013 3380 1078 sermonibus,
3395 1011 3536 1067 Deus

1979 1107 2226 1162 homines
2255 1107 2309 1160 in
2339 1107 2536 1176 pietate
2565 1122 2811 1179 veraeque
2837 1105 3114 1176 religionis
3147 1105 3295 1158 cultu
3352 1103 3536 1159 erudi—

1980 1200 2074 1253 vit.
2095 1198 2237 1264 Quin
2262 1199 2422 1252 etiam
2456 1199 2721 1268 sapientia
2751 1195 3188 1266 contemplativa,
3222 1209 3328 1264 qua
3359 1194 3425 1249 ad
3448 1209 3538 1247 ar-

1978 1299 2058 1346 tes
2093 1297 2146 1344 et
2175 1289 2353 1344 studia
2402 1288 2508 1342 alia
2538 1288 2886 1359 impellimur,
2921 1291 3138 1357 quaque
3177 1285 3538 1341 communiter

1976 1398 2186 1445 omnes,
2209 1381 2343 1451 justi
2374 1388 2428 1436 et
2472 1381 2683 1450 injusti,
2725 1381 2933 1451 praediti
2969 1395 3179 1443 sumus,
3215 1378 3306 1434 Dei
3333 1379 3536 1434 donum

1974 1481 2058 1528 est
2090 1492 2102 1528 :
2135 1487 2240 1543 qua
2265 1472 2409 1527 enim
2436 1471 2693 1526 animalia
2727 1472 2954 1528 rationis
2985 1473 3206 1542 capacia
3235 1472 3402 1526 creati
3442 1488 3536 1526 su-

1975 1579 2118 1629 mus,
2165 1563 2309 1619 lianc
2358 1563 2687 1634 accepimus.
2731 1562 2911 1629 Quare
2952 1571 3007 1618 et
3045 1565 3100 1618 in
3132 1564 3529 1634 superioribus,

1973 1665 2231 1726 tanquam
2260 1655 2328 1712 de
2357 1671 2416 1711 re
2441 1655 2702 1712 divinitus
2732 1671 2992 1712 concessa
3034 1657 3279 1726 loquens,
3317 1655 3530 1709 aiebat:

1977 1746 2231 1816 Nunquid
2261 1764 2365 1802 non
2405 1746 2660 1803 Dominus
2702 1757 2801 1814 est,
2842 1750 2932 1818 qui
2960 1747 3106 1803 docet
3137 1748 3454 1804 intellectum
3483 1756 3534 1800 et

1975 1839 2248 1893 scientiam
2267 1839 2288 1871 ⁸
2307 1840 2329 1892 ?

1519 2025 1658 2081 Ibid.
1692 2043 1808 2096 cap.
1845 2042 1994 2091 uvn,
2030 2041 2152 2113 pag.
2187 2025 2308 2080 538.

921 2150 1230 2206 Μεθοδίου.

385 2235 574 2312 Ἐπισή
585 2257 770 2312 μηναι,
787 2241 868 2294 ὃτι
891 2241 1095 2314 Κύριος
1117 2241 1350 2314 ἀρχῆθεν
1365 2240 1667 2314 ἀνθρώποις
1686 2243 1745 2295 οὐ
1771 2243 1864 2296 λα-

293 2328 400 2385 λεῖ·
419 2331 532 2385 ἀλλ’
551 2331 686 2386 ἐπὰν
708 2336 1188 2407 παρασκευάσηται
1211 2335 1355 2407 ψυχὴ
1370 2335 1455 2389 διὰ
1474 2335 1750 2403 πλειόνων,
1768 2337 1864 2390 καὶ

292 2423 724 2497 ὲγγυμνάσηται,
753 2429 845 2482 καὶ
873 2429 1043 2500 ἀναϐῇ
1069 2431 1150 2492 εἰς
1174 2429 1324 2499 ὕψος,
1359 2428 1476 2482 καθ’
1499 2430 1620 2482 ὅσον
1645 2429 1862 2483 δυνατὸν

290 2515 612 2588 ἀνθρωπίνῃ
639 2518 816 2587 φύσει,
846 2519 965 2572 τότε
993 2521 1163 2582 λαλεῖ,
1201 2522 1290 2574 καὶ
1318 2523 1443 2586 τοὺς
1479 2522 1642 2576 αὑτοῦ
1672 2523 1860 2591 λόγους

288 2607 666 2661 ἀποκαλύπτει
696 2611 775 2672 εὶς
796 2609 1046 2663 τοσοῦτον
1073 2611 1482 2682 ἀναϐεϐηκόσιν.
1534 2606 1780 2667 Ἐπειδὰν
1805 2614 1860 2668 δὲ

287 2697 326 2766 ἡ
366 2697 563 2768 λαῖλαψ
585 2699 850 2769 χειμῶνός
879 2703 994 2754 ἐστι
1024 2703 1298 2774 ποιητικὴ,
1336 2706 1392 2758 ὲν
1423 2705 1478 2757 δὲ
1509 2705 1735 2776 χειμῶνι
1764 2724 1862 2759 πε·

292 2787 599 2856 ριστάσεων
632 2789 661 2840 ὁ
711 2787 827 2842 Ἰὼϐ
869 2793 996 2862 περὶ
1033 2792 1132 2863 τὴν
1165 2793 1345 2846 πίστιν
1373 2795 1472 2848 οὐκ
1503 2795 1855 2866 ἐναυάγησεν,

288 2873 434 2926 ἀλλὰ
481 2877 576 2929 καὶ¹
611 2875 866 2948 διέλαμψε
887 2896 901 2909 ·
935 2879 1024 2932 διὰ
1064 2879 1222 2934 τοῦτο
1267 2882 1295 2933 ὁ
1329 2883 1677 2954 χρηματίζων
1711 2885 1858 2956 αύτῷ

291 2963 438 3031 πρὸς
467 2965 732 3036 σύμϐολον
756 2967 849 3020 τοῦ
878 2969 1270 3036 καταλαϐόντος
1299 2974 1460 3027 αὐτὸν
1482 2974 1744 3045 χειμῶνος
1769 2975 1857 3030 διὰ

287 3049 555 3120 λαίλαπος
578 3058 935 3130 χρηματίζει·
961 3060 1048 3114 διὰ
1080 3061 1135 3115 δὲ
1167 3061 1226 3114 τὸ
1252 3063 1567 3132 μεταϐαλεῖν
1599 3065 1761 3119 αὐτοῦ
1789 3067 1858 3121 τὰ

285 3145 594 3217 πράγματα
638 3149 746 3203 ἀπὸ
791 3152 1052 3222 χειμῶνος
1094 3154 1172 3216 είς
1217 3155 1420 3219 εὐδίαν,
1464 3155 1524 3209 ού
1565 3157 1721 3227 μόνον
1769 3158 1856 3214 διὰ

281 3235 569 3304 λαίλαπος,
596 3240 729 3295 ἀλλὰ
761 3245 852 3300 καὶ
875 3243 961 3297 διὰ
993 3245 1168 3313 νεφῶν
1197 3245 1364 3300 λαλεῖ.

2606 2148 2883 2206 Methodii.

2043 2238 2202 2305 Nota,
2248 2241 2536 2298 Dominum
2571 2257 2682 2298 non
2733 2243 2916 2299 statim
2964 2242 3031 2298 ab
3079 2241 3235 2298 initio
3281 2241 3528 2298 homines

1971 2332 2172 2403 alloqui
2197 2334 2410 2401 solere;
2443 2334 2538 2390 sed
2565 2341 2854 2405 postquam
2886 2335 3067 2389 anima
3098 2334 3344 2404 pluribus
3387 2349 3537 2414 prie-I

1970 2432 2156 2492 parata
2185 2432 2237 2478 et
2260 2424 2558 2480 exercitata
2591 2424 2777 2490 fuerit,
2813 2431 2866 2480 et
2895 2425 2950 2479 in
2973 2425 3335 2490 altitudinem,
3355 2441 3528 2495 quan-

1968 2525 2082 2569 tum
2110 2516 2346 2570 humana
2375 2524 2569 2570 natura
2595 2524 2796 2586 potest,
2842 2518 3298 2587 contemplatione
3327 2517 3536 2572 ascen;

1967 2608 2128 2674 derit,
2158 2617 2272 2662 tum
2305 2607 2524 2664 demum
2555 2609 2724 2680 loqui,
2751 2616 2806 2664 et
2833 2625 3112 2666 sermones
3143 2611 3210 2664 iis
3260 2611 3520 2677 revelare,

1963 2700 2057 2770 qui
2089 2699 2155 2754 ad
2187 2699 2463 2771 fastigium
2507 2701 2638 2755 illud
2672 2701 2977 2758 altitudinis
3004 2701 3176 2758 evecti
3206 2710 3351 2757 sunt.
3385 2700 3522 2755 Cum

1964 2801 2144 2848 autem
2179 2794 2340 2850 turbo
2395 2801 2771 2865 tempestatem
2814 2801 3055 2865 generet,
3105 2793 3274 2850 Jobus
3307 2808 3436 2849 vero
3467 2795 3521 2847 in

1959 2884 2309 2941 aliiictionum
2340 2893 2661 2956 tempestate
2693 2886 2816 2942 ﬁdei
2855 2885 3200 2958 naufragium
3231 2902 3341 2941 non
3379 2886 3524 2941 fece-

1958 2977 2052 3042 rit,
2081 2978 2175 3033 sed
2206 2980 2517 3034 constantia
2536 2978 2655 3049 ejus
2677 2979 2858 3050 potius
2887 2980 3166 3040 enituerit,
3192 2978 3399 3041 ideirco
3422 2978 3517 3049 qui

1954 3084 2280 3140 responsum
2310 3071 2360 3125 ei
2389 3071 2556 3137 dedit,
2608 3070 2676 3126 ad
2707 3071 3114 3142 signiﬁcandam
3147 3071 3516 3128 calamitatum

1955 3161 2331 3227 tempestatem
2373 3174 2493 3228 quae
2534 3175 2657 3214 eum
2703 3163 3065 3231 corripuerat,
3115 3177 3212 3233 per
3242 3162 3513 3216 turbinem

1953 3265 2279 3322 responsum
2311 3251 2403 3307 dat
2436 3272 2449 3308 :
2483 3254 2612 3324 quia
2641 3269 2770 3310 vero
2787 3255 3149 3324 procellosum
3180 3270 3361 3310 rerum
3393 3252 3516 3322 ejus

282 3337 492 3385 statum
541 3333 598 3388 in
645 3349 894 3392 serenam
944 3340 1389 3411 tranquillitatem
1447 3345 1758 3408 mutaverit,
1801 3360 1908 3400 non
1963 3353 2174 3402 tantum
2222 3362 2320 3417 per
2367 3344 2663 3415 t'urbiuem,
2709 3349 2804 3406 sed
2861 3365 2959 3422 per
3009 3350 3182 3406 nubes
3227 3349 3389 3404 etiam
3436 3347 3518 3401 lo-

287 3426 493 3495 quitur.

1675 3629 1810 3688 Ibid.
1839 3649 1962 3703 pag.
1996 3632 2119 3688 547.

914 3739 1223 3795 Μεθοδίου.

358 3818 546 3874 Πολλοὶ
572 3822 950 3896 καταϐέϐηκαν
989 3831 1068 3892 εις
1096 3829 1345 3896 ἄϐυσσον,
1393 3833 1488 3903 οὐχ
1511 3833 1649 3888 ὥστε
1692 3853 1846 3907 περι-

287 3914 478 3965 πατεῖν
497 3915 554 3965 ὲν
589 3917 745 3987 αὐτῇ,
774 3917 886 3970 ἀλλ’
921 3918 1057 3973 ὥστε
1087 3920 1293 3992 δέσμιοι
1318 3921 1474 3977 εἶναι.
1521 3927 1721 3998 Ἰησοῦς
1753 3929 1846 3999 μό·

285 4017 376 4064 νος
425 4005 481 4056 ὲν
514 4004 734 4077 ἀϐύσσῳ
780 4011 1177 4081 περιεπάτησεν
1232 4013 1307 4077 ὡς
1363 4016 1660 4089 ἐλεύθερος,
1715 4018 1845 4072 ὅπου

288 4091 406 4162 ἴχνη
461 4097 899 4164 περιπατούντων
950 4101 1050 4154 οὐκ
1098 4101 1194 4155 ἔνι.
1243 4103 1426 4157 Εἵλετο
1467 4105 1572 4177 γὰρ
1619 4105 1846 4161 θάνατον

282 4186 382 4255 οὐχ
427 4187 720 4252 ὑπεύθυνος
753 4189 861 4256 ὢν,
900 4192 984 4246 ἵνα
1034 4195 1156 4258 τοὺς
1200 4196 1591 4268 ὑποκειμένους
1632 4198 1845 4270 θανάτῳ

282 4275 656 4352 λυτρώσηται’
703 4282 903 4352 Λέγων
937 4285 1060 4352 τοῖς
1094 4287 1163 4340 ἐν
1187 4287 1462 4357 δεσμοῐςο
1522 4290 1838 4354 Ἐξέλθετε’

283 4372 382 4426 καὶ
410 4373 532 4440 τοῖς
555 4376 623 4428 ἐν
650 4375 729 4440 τῷ
756 4379 959 4432 σκότει
978 4397 991 4410 ο
1031 4380 1517 4451 Ἄνακαλύφθητε.
1554 4378 1622 4456 Tt}
1649 4385 1740 4438 xui.
1773 4384 1842 4438 τὰ

281 4462 408 4534 ἑξῆς
441 4467 836 4535 συμφωνοῦσιν.

2609 3750 2662 3804 Μ
2666 3749 2882 3806 ethodii.

2025 3839 2176 3896 Multi
2224 3841 2299 3896 in"
2331 3840 2588 3914 abyssum
2621 3842 3040 3908 descenderunt,
3095 3859 3202 3898 non
3237 3851 3295 3897 ut
3340 3843 3395 3898 in
3448 3857 3512 3898 ea

1954 3936 2313 4001 ambularent,
2355 3936 2448 3991 sed
2490 3945 2548 3990 ut
2581 3937 2813 3992 vinculis
2859 3936 3142 3993 constricti
3173 3945 3510 3994 tenerentur.

1956 4024 2118 4081 Solus
2145 4023 2306 4081 Jesus
2342 4026 2396 4080 in
2427 4027 2624 4098 abysso
2653 4028 2744 4082 ubi
2771 4029 2923 4082 nulla
2960 4038 3087 4084 sunt
3115 4029 3507 4084 ambulantiqu

1953 4115 2202 4186 vestigia,
2235 4125 2494 4186 tanquam
2537 4119 2673 4173 liber
2719 4121 3037 4177 ambulavit.
3100 4119 3322 4175 Mortem
3362 4121 3506 4175 enim

1948 4206 2130 4278 elegit,
2178 4209 2264 4262 cui
2313 4225 2421 4263 non
2457 4220 2602 4266 esset
2628 4213 2920 4275 obnoxius,
2975 4225 3033 4266 ut
3067 4215 3228 4268 morti
3263 4213 3517 4268 addictos.

1948 4297 2239 4357 liberaret:
2271 4297 2462 4357 Diceris
2495 4305 2560 4358 iis
2587 4306 2676 4374 qui
2726 4307 2778 4359 in
2822 4306 3044 4360 vinculis
3095 4315 3267 4368 erant,
3302 4305 3455 4359 Exite
3487 4323 3506 4359 :

1945 4392 2088 4446 etiis
2115 4396 2206 4464 qui
2235 4397 2288 4448 in
2315 4395 2558 4460 tenebris,
2612 4397 2930 4452 Reuelamini
2967 4400 3009 4453 ⁸.
3057 4397 3179 4462 Cui,
3229 4415 3293 4453 ea
3343 4398 3515 4454 etiam

1944 4497 2064 4553 qua:
2093 4500 2411 4556 sequuntur,
2439 4491 2806 4545 consentiunt.

1853 4569 1943 4626 1V.

1481 4655 1622 4714 Ibid.
1655 4675 1769 4728 cap.
1805 4677 1997 4729 xxvm,
2024 4682 2145 4737 pag.
2188 4666 2310 4721 570.

902 4748 1210 4802 Μεθοδίου.

360 4834 552 4908 Ὁρᾷς·
592 4837 681 4890 ἐπὶ
706 4837 848 4890 τέλει
881 4838 988 4891 τῶν
1013 4838 1188 4892 ἄθλων
1217 4840 1530 4911 ἀναγορεύει
1556 4844 1647 4896 τὸν
1679 4844 1841 4916 ἀθλη-

281 4926 376 5000 τὴν
413 4928 649 5000 λαμπρῷ
672 4929 749 4999 τῷ
784 4930 1115 5002 κηρύγματι,
1152 4931 1244 4984 καὶ
1273 4937 1467 5002 γυμνοῖ
1496 4935 1595 5005 τῆς
1629 4937 1839 5009 πληγῆς

279 5019 338 5073 τὸ
366 5020 674 5092 ἀπόρρητον
692 5039 704 5051 ·
732 5022 849 5075 Οἴει
869 5040 947 5092 με
973 5021 1170 5089 ἄλλως
1204 5041 1301 5077 σοι
1330 5030 1835 5095 κεχρηματικέναι,

280 5107 470 5179 λέγων,
499 5109 537 5180 ἢ
571 5111 670 5165 ἵνα
695 5111 1009 5182 ἀναφανῇς
1039 5114 1303 5180 δίκαιος;
1331 5115 1497 5170 Τοῦτο
1528 5119 1635 5172 τῶν
1668 5139 1833 5194 τραυ-

285 5199 465 5266 μάτων
495 5203 557 5255 τὸ
584 5203 870 5274 φάρμακον
890 5221 902 5231 ·
943 5205 1098 5259 τοῦτο
1136 5207 1234 5277 τῆς
1274 5208 1548 5280 ὑπομονῆς
1581 5213 1613 5283 ἠ
1647 5212 1839 5268 ἀντίδο-

285 5306 382 5354 σις.
415 5291 497 5345 Τὰ
520 5291 627 5365 γὰρ
657 5293 782 5366 ἑξῆς
810 5296 938 5359 ἴσως
965 5297 1151 5369 μικρὰ,
1184 5299 1286 5351 κᾶν
1320 5301 1526 5370 μεγάλα
1549 5302 1659 5355 τισὶ
1684 5303 1835 5375 δοκῇ,

287 5387 374 5438 καὶ
413 5386 622 5460 μικρῶν
650 5387 836 5442 ἕνεκεν
859 5390 1300 5461 οἰκονομηθέντα,
1338 5393 1431 5446 καὶ
1464 5395 1513 5448 εἰ
1545 5394 1618 5470 (8)
1650 5395 1838 5450 διπλα-

283 5477 378 5530 σίω
398 5474 505 5532 τῶν
534 5481 901 5554 ἀφῃρημένων
924 5481 1328 5552 ἁντιλαμϐάνει.

2594 4758 2649 4812 Μ
2653 4759 2873 4814 etlrodii'.

2015 4845 2179 4904 Vides
2207 4857 2266 4903 ut
2289 4857 2411 4918 post
2438 4850 2796 4903 certaminum
2824 4849 3049 4913 exitum,
3077 4850 3275 4906 illustri
3299 4868 3496 4922 βικωοοο

1943 4941 2036 4994 nio
2067 4942 2280 4996 athletae
2320 4924 2507 4996 laudes
2533 4941 2787 5004 celebret,
2827 4941 3081 5011 quodque
3113 4945 3166 4997 in
3201 4945 3354 5016 plaga
3379 4949 3506 5002 abs-

1943 5034 2222 5088 conditum
2252 5041 2386 5095 erat,
2414 5033 2634 5098 revelet,
2658 5047 2780 5086 cum
2811 5034 2888 5086 ait
2931 5052 2944 5088 :
2979 5033 3213 5090 Putasne
3244 5055 3324 5092 me
3351 5039 3506 5093 aliter

1945 5123 2038 5177 tibi
2068 5124 2415 5193 respondisse,
2467 5142 2625 5194 quam
2680 5135 2736 5178 ut
2776 5126 2956 5195 justus
3011 5143 3266 5196 appareas
3292 5131 3360 5184 "I
3391 5129 3504 5184 Hoc

1944 5215 2225 5268 vulnerum
2253 5215 2623 5284 pharmacum,
2660 5215 2775 5270 haec
2815 5218 3086 5286 patientiae
3113 5220 3500 5274 remuneratio.

1945 5303 2076 5370 Quae
2127 5305 2269 5359 enim
2327 5314 2624 5361 consecuta
2672 5316 2819 5373 sunt,
2867 5309 2994 5364 licet
3033 5311 3309 5381 prioribus
3336 5311 3512 5380 duplo-

1943 5399 2184 5452 auetiora
2215 5399 2497 5468 receperit.
2529 5402 2722 5470 exigua
2763 5403 3089 5472 quibusdam
3119 5411 3172 5456 et
3205 5402 3502 5457 levioribus

1943 5487 2009 5542 de
2039 5489 2240 5550 causis.
2275 5489 2459 5543 divina
2486 5489 2835 5546 Providentia
2870 5493 2944 5546 ita
2972 5490 3312 5560 disponente,
3345 5495 3399 5544 et
3422 5489 3508 5546 illi

1941 5579 2139 5633 tributa
2167 5581 2333 5634 videri
2360 5581 2586 5651 possint.
3500 5566 3506 5572 I

348 5687 369 5717 ⁸
394 5685 495 5740 Job
526 5704 638 5753 nt,
668 5689 768 5742 22'
801 5706 934 5756 xm,
959 5689 1010 5743 2.
1086 5693 1110 5724 ⁵
1159 5691 1272 5749 Isa.
1309 5711 1457 5767 XLIX,
1488 5697 1543 5752 9.
1617 5701 1635 5731 ‘
1667 5695 1766 5754 Job
1806 5713 1891 5763 λι,
1920 5698 1971 5761 5,
2005 5713 2106 5752 sec.
2139 5695 2300 5753 LXX.

345 5809 422 5883 (7)
450 5812 520 5867 Et
548 5811 680 5884 γάρ.
713 5811 842 5888 ιεε.
946 5815 1069 5890 γάρ.
1101 5815 1335 5875 (Σοιηει.

2010 5821 2086 5892 (8)
2118 5821 2222 5875 Καὶ
2257 5823 2325 5875 εἰ.
2366 5819 2524 5877 Forte
2553 5821 2615 5874 Et
2650 5817 2757 5874 καί.
2790 5817 2849 5872 Ρ.
2885 5815 3090 5872 Justus.
