4088 6284
320 467 3546 514 m

1638 661 1868 703 INEU‘NTE
1896 661 2112 710 SECULO
2144 661 2219 705 ιν.

1132 720 2737 1069 ALEXANDER

813 1227 2119 1364 LYCOPOLITANUS
2232 1235 3082 1368 EPISCOPUS

1669 1600 2184 1694 NOTITIA

1235 1796 1498 1858 (Gnunn.
1527 1794 1637 1847 Yet.
1667 1795 1806 1844 Patr.
1834 1791 2082 1855 Biblioth.,
2115 1793 2197 1854 IV,
2216 1795 2416 1858 Proles.
2439 1832 2452 1854 ,
2475 1809 2523 1857 p.
2549 1793 2640 1860 ix.)

314 2063 356 2130 1.
393 2061 694 2122 Alexander
732 2062 868 2119 unde
903 2060 1074 2113 dictus
1115 2057 1462 2128 Lycopolita?
1499 2055 1584 2109 An
1627 2023 1946 2125 Lucopoleos
1987 2054 2304 2122 episcopus?
2345 2052 2525 2108 Photii
2578 2051 2722 2107 locus
2773 2051 3108 2122 expenditur.
3164 2053 3280 2120 Quo
3325 2066 3552 2126 tempato

393 2133 604 2187 sederit.

316 2226 385 2282 11.
420 2226 551 2297 Ejus
581 2225 874 2297 Tractatus
898 2224 1159 2297 adversus
1187 2220 1514 2297 Manichaer
1562 2218 1744 2291 quanti
1775 2216 2069 2297 faciendus.
2102 2216 2302 2297 Auctor
2324 2217 2552 2286 primum
2582 2216 2837 2297 ethnicus,
2863 2215 3054 2297 deinde
3071 2215 3130 2270 Μ
3134 2217 3420 2297 anichaicis
3441 2220 3554 2297 pla.

390 2287 507 2352 citis
541 2299 807 2352 addictus.
851 2295 1022 2364 Ipsius
1054 2294 1284 2348 Manetis
1329 2293 1475 2348 tutati
1498 2287 1656 2361 quam
1691 2290 1927 2358 proxime
1957 2290 2198 2344 accessit.
2236 2287 2313 2342 Ab
2351 2303 2526 2342 errore
2570 2287 2819 2356 divinitus
2850 2295 3142 2352 revocatus,
3185 2287 3552 2346 hceresiatcltw

390 2368 640 2438 dogmata
661 2367 828 2422 solide
848 2366 1119 2435 refutauit.

315 2459 409 2524 ιη.
438 2459 732 2515 Alexandri
759 2476 884 2528 opus
907 2461 1134 2528 primum
1159 2475 1190 2512 a
1221 2455 1889 2528 Combeﬁsioevulgatum.
1920 2453 2061 2521 Quid
2087 2454 2138 2510 in
2160 2469 2218 2511 eo
2241 2451 2430 2512 Latine
2455 2450 2718 2508 reddendo
2755 2453 3063 2522 prazstiterit
3086 2451 3277 2511 editor.
3305 2451 3369 2506 In
3400 2455 3550 2509 illius

386 2531 613 2588 editione
637 2526 928 2588 recudenda
951 2545 1139 2590 nouunt
1157 2528 1390 2590 studium
1413 2526 1730 2583 adhibitum.

388 2695 430 2750 l.
469 2689 836 2748 Alexandrum
901 2686 1273 2760 Lycopolitam
1335 2686 1663 2758 appellatum
1725 2687 1881 2758 quasi
1911 2693 1955 2750 Α
1985 2687 2114 2742 tiam
2147 2686 2274 2741 alibi
2302 2685 2468 2740 tradit
2489 2685 2562 2758 (g)
2591 2705 2610 2738 ‹
2643 2685 2912 2741 Meletium
2947 2684 3192 2739 habitum
3219 2685 3390 2742 fuisse
3411 2686 3553 2742 The-

317 2787 465 2858 Lyco
509 2780 802 2838 Thebaidis
841 2779 976 2833 urbe
1012 2777 1326 2841 oriundum,
1373 2779 1615 2848 adeoque
1658 2778 1881 2834 natione

319 2878 654 2951 AEgyptium,
691 2869 1019 2929 existimavit
1047 2869 1405 2924 Combeﬁsius
1431 2870 1544 2940 (a);
1576 2869 1664 2924 cui
1695 2884 1880 2925 acces-

325 2986 444 3025 sere
471 2969 681 3024 Caveus
701 2962 776 3031 (ὁ)
815 2967 868 3016 et
901 2957 1188 3014 Fabricius
1214 2957 1305 3024 (c).
1346 2955 1452 3013 Sed
1482 2957 1690 3012 incerta
1720 2958 1879 3029 plane

321 3061 656 3127 conjectura,
685 3057 730 3112 si
764 3057 896 3112 ﬁdes
923 3055 1172 3112 habenda
1200 3054 1395 3110 Photio
1439 3057 1493 3110 in
1536 3054 1778 3125 Epitome
1816 3055 1880 3110 de

320 3151 650 3216 Manio/meis,
705 3165 866 3221 quam
928 3147 1132 3204 dudum
1187 3148 1356 3202 edidit
1412 3147 1482 3204 cl.
1540 3146 1880 3208 Montfauco-

318 3243 443 3304 nius
465 3243 566 3314 (ά).
602 3241 659 3297 ln
688 3256 758 3296 eo
787 3240 1051 3310 siquidem
1091 3255 1255 3310 opere
1290 3238 1518 3296 Photius
1549 3239 1616 3294 de
1647 3242 1879 3310 scripto,

315 3334 471 3392 ribus
505 3333 670 3389 verba
719 3332 928 3392 faciens
971 3330 1064 3400 qui
1114 3329 1377 3386 adversus
1423 3330 1548 3385 illos
1595 3331 1878 3387 haereticos

318 3425 514 3499 stylum
563 3425 848 3483 strinxere,
892 3422 1138 3477 meminit
1178 3437 1395 3492 quoque
1432 3421 1605 3477 nostri
1643 3423 1880 3477 Alexan.

318 3519 398 3574 dri
417 3515 485 3587 (δ)
507 3524 764 3584 tanquam
796 3513 947 3569 urbis
971 3513 1238 3586 Lycorum
1263 3514 1531 3584 pontiﬁcis
1563 3531 1577 3569 :
1612 3515 1677 3569 Ὅ
1697 3533 1756 3569 τε
1781 3516 1880 3586 τῆς

319 3607 522 3670 πόλεως
548 3607 740 3660 Λύκων
781 3605 1122 3677 Ἀλέξανδρος
1145 3605 1269 3668 τοὺς
1295 3607 1710 3679 ἀρχιερατικοὺς
1731 3609 1882 3676 ἐγκε-

317 3697 652 3778 χειρισμένος
698 3697 912 3768 νόμους,
963 3704 1021 3750 ut
1063 3697 1292 3766 proinde
1334 3697 1477 3750 haud
1525 3696 1682 3752 facile
1729 3698 1878 3752 dictu

317 3799 608 3857 statuatur,
654 3807 783 3846 num
825 3801 1011 3845 auctor
1044 3789 1348 3858 Lycopolita
1389 3798 1674 3860 pmpterea
1719 3791 1880 3845 fuerit

317 3885 640 3954 appellatus,
675 3882 818 3952 quod
850 3889 1032 3934 ortum
1061 3880 1277 3934 duxerit
1321 3881 1435 3934 sive
1478 3896 1544 3934 ex
1585 3879 1881 3935 Thebaidis

316 3978 504 4049 prima:
537 3975 814 4048 Lycopoli,
848 3973 962 4028 sive
989 3989 1056 4028 ex
1089 3971 1258 4029 altera
1302 3973 1555 4044 Lycopoli
1607 3973 1878 4031 inferioris

315 4041 537 4141 :Egypti
567 4041 727 4138 quam
758 4067 812 4120 in
837 4079 1000 4118 nomo
1027 4041 1388 4135 Sebennytic'o
1414 4041 1548 4118 mari
1580 4066 1879 4136 proximam
1911 4041 1954 4096 Β

318 4161 628 4231 Stephanus
659 4155 886 4224 statuit;
920 4171 987 4210 an
1010 4157 1192 4228 potius
1213 4155 1418 4213 idcirco
1441 4156 1604 4211 fuerit
1636 4157 1882 4229 Lycope-

314 4256 413 4320 lita
438 4252 635 4316 dictus,
658 4251 801 4322 quod
824 4249 1156 4322 Lycopoleos
1174 4250 1544 4320 episcopatum
1567 4249 1879 4308 obtinuerit.

388 4341 572 4413 Neque
613 4355 742 4396 vero
784 4339 948 4394 alicui
983 4353 1189 4392 moram
1220 4338 1422 4401 inferre
1451 4338 1610 4394 debet
1641 4339 1881 4398 insolens

313 4431 580 4490 Photiana
615 4429 870 4501 loquendi
893 4430 1054 4491 ratio,
1089 4443 1195 4497 qua
1233 4429 1403 4483 fertur
1431 4428 1880 4500 Lycopolitanum

316 4524 844 4606 archiepisc0patum
887 4523 1130 4578 tenuisse
1173 4522 1514 4590 Alexander;
1556 4537 1678 4577 cum
1711 4539 1880 4579 unum

317 4617 740 4684 Alexandrinum
775 4615 1071 4671 antistitem
1111 4614 1280 4670 totius
1317 4613 1648 4686 [Egyptiacaa
1680 4616 1880 4671 dioece-

320 4724 444 4766 seos
498 4706 966 4778 archiepiscopum
1028 4704 1199 4760 fuisse
1254 4713 1485 4760 constet.
1545 4705 1881 4777 Epiphanius

319 4804 466 4856 certe
493 4795 763 4852 Meletium
797 4794 1240 4867 Lycopolitanum
1269 4795 1579 4866 episcopum
1611 4799 1881 4854 schisma-

319 4889 485 4944 ticum
523 4902 832 4942 memorans
863 4885 950 4955 (f)
981 4906 994 4940 :
1031 4905 1050 4937 ‹
1081 4885 1253 4956 Atque
1273 4886 1362 4942 ille
1383 4887 1622 4957 quidem,
1648 4889 1745 4950 ait,
1777 4905 1874 4943 ca:-

319 4980 450 5036 teris
502 4977 725 5051 Egypti
777 4978 1048 5048 episcopis
1104 4978 1454 5043 antecellens,
1509 4981 1806 5036 secundum
1851 4997 1882 5036 a

321 5071 478 5128 Petro
524 5069 890 5126 Alexandrino
938 5070 1220 5140 dignitatis
1274 5071 1452 5125 locum
1507 5073 1824 5130 obtinebat:
1858 5093 1875 5127 ι

331 5163 535 5218 Ἐδόκει
557 5163 614 5217 δὲ
642 5165 671 5218 ὁ
698 5164 961 5235 Μελήτιος
986 5161 1093 5217 τῶν
1121 5165 1260 5219 κατὰ
1287 5165 1383 5237 τὴν
1419 5164 1689 5233 Αἴγυπτον
1716 5167 1884 5239 προήεε

319 5273 450 5321 κων,
479 5259 572 5311 καὶ¹
595 5256 920 5330 δευτερεύων
938 5259 1015 5328 τῷ
1033 5259 1224 5329 Πέτρῳ
1247 5256 1322 5329 τῷ
1348 5257 1447 5328 τῆς
1485 5257 1882 5330 Ἀλεξανδρείας

318 5345 458 5400 κατὰ
484 5347 583 5419 τὴν
611 5349 1060 5425 ἀρχιεπισκοπήν.
1104 5349 1279 5422 Atque
1302 5335 1360 5403 in
1391 5350 1632 5405 eamdem
1665 5357 1878 5405 senten-

415 5501 468 5577 ᾳ)
495 5502 740 5561 Combef.
769 5505 992 5560 Auctar.
1020 5506 1236 5568 noviss.,
1261 5513 1403 5575 part.
1428 5523 1488 5567 ιι,
1522 5521 1644 5577 pag.
1683 5507 1736 5568 2.

414 5573 465 5646 ὁ)
493 5577 872 5650 ρει-νποὴεςτζ.
895 5577 959 5650 d_e
981 5577 1159 5645 script.
1183 5573 1308 5650 eccl.
1335 5573 1722 5650 t'ncertiwtat"
1741 5595 1792 5650 p.
1822 5578 1877 5634 ξὶ.

390 5650 461 5715 (c)
491 5645 701 5702 Fabric.
727 5647 866 5701 Bibl.
902 5646 1019 5709 ὒν..
1051 5655 1180 5702 tom.
1212 5645 1275 5708 V,
1301 5661 1419 5715 pag.
1449 5647 1575 5702 287.

391 5716 468 5782 (ά)
493 5716 864 5789 _Montf._Bibl.
905 5717 1093 5789 Coisl.,
1126 5717 1378 5789 pags549
1407 5731 1560 5789 seqq.

393 5793 459 5863 te)
491 5785 646 5850 Phot.
679 5785 848 5864 Epist.
881 5790 946 5846 de
973 5785 1233 5858 Mutuom,
1259 5787 1298 5846 l.
1325 5802 1398 5852 c.,
1426 5785 1545 5866 pagi
1577 5787 1701 5844 554.

1985 2779 2161 2835 baidis
2201 2778 2415 2850 Ξυνιηὶ
2455 2779 2745 2848 provinciae
2773 2778 3244 2848 archiepiscopum
3277 2797 3289 2833 :
3324 2798 3342 2830 )
3375 2779 3554 2851 Μελή..

1983 2889 2114 2935 τιος,
2142 2871 2171 2921 ὁ
2200 2870 2300 2940 τῆς
2327 2867 2600 2938 Αἰγύπτου
2645 2868 2752 2924 ἀπὸ
2789 2868 3050 2937 Θηϐαΐδος
3081 2868 3253 2921 δοκῶν
3299 2863 3437 2922 εἶναι
3461 2870 3554 2929 καὶ

1983 2963 2144 3026 αὐτὸς
2171 2961 2613 3033 ἀρχιεπίσκοπος.
2659 2959 2782 3015 Haec
2817 2968 2994 3015 autem
3025 2975 3243 3031 quoquo
3273 2961 3434 3014 modo
3463 2975 3554 3015 ac-

1984 3055 2276 3125 cipiantur,
2304 3053 2349 3108 si
2371 3052 2494 3122 quis
2521 3051 2854 3106 admittenda
2884 3059 3123 3114 censeat,
3147 3052 3202 3105 in
3225 3051 3356 3106 sede
3388 3049 3555 3124 Lyco-

1984 3149 2224 3222 politana
2253 3146 2498 3215 proxime
2538 3145 2893 3200 antecesserit
2920 3144 3226 3200 Alexander
3255 3143 3550 3210 Meletium,

1983 3255 2145 3312 quem
2175 3239 2396 3296 ineunte
2420 3238 2622 3293 saeculo
2651 3255 2706 3292 iv
2732 3237 3049 3292 cathedram
3084 3237 3228 3289 illam
3253 3251 3558 3306 occupasse

1985 3332 2390 3402 comperimus:
2422 3346 2530 3402 quo
2560 3346 2691 3386 sane
2728 3329 2918 3383 ordine
2957 3329 3098 3382 inter
3136 3327 3555 3399 Lycopolitanos

1985 3425 2247 3496 prmsules
2278 3425 2452 3495 ipsum
2486 3423 2654 3479 refert
2689 3421 3020 3492 Lequienius
3050 3419 3113 3475 V.
3145 3418 3210 3475 C.
3246 3418 3423 3475 Photii
3456 3433 3555 3474 au-

1984 3517 2233 3572 ctoritate
2262 3523 2539 3586 permotus
2566 3513 2660 3585 (It).

2057 3607 2118 3669 ll.
2160 3606 2332 3662 Porro
2374 3615 2651 3676 utcunque
2696 3620 2754 3660 se
2798 3618 2888 3658 res
2926 3602 3147 3666 habeat,
3192 3601 3308 3656 sive
3343 3601 3554 3671 origine

1986 3699 2101 3754 sive
2129 3699 2391 3770 dignitate
2417 3699 2561 3754 sedis
2587 3697 2904 3769 Lycopolita
2927 3696 3088 3754 fuerit
3119 3705 3304 3750 noster
3324 3693 3556 3747 Alexan-

1987 3793 2103 3855 der,
2147 3791 2280 3846 illud
2310 3799 2516 3846 certum
2550 3793 3022 3862 exploratumque,
3063 3789 3240 3858 ipsum
3267 3787 3389 3857 jure
3417 3785 3556 3855 opti-

1987 3900 2077 3938 mo
2116 3885 2256 3940 inter
2289 3884 2583 3953 scriptores
2616 3882 3019 3938 ecclesiasticos
3055 3881 3232 3937 locum
3259 3878 3362 3934 sibi
3385 3877 3556 3933 vindi.

1987 3992 2133 4039 care,
2157 3977 2356 4046 quippe
2373 3976 2465 4046 qui
2487 3975 2822 4030 luculentum
2845 3973 3106 4030 adversus
3135 3971 3556 4032 Manichaeorum

1983 4067 2179 4138 placita
2211 4073 2498 4120 tractatum
2530 4065 2727 4120 litteris
2771 4063 3110 4135 consignarit
3149 4080 3162 4118 :
3200 4061 3399 4115 Allalio
3427 4075 3555 4130 pro.

1982 4166 2166 4228 pterea
2196 4157 2374 4214 dictus
2401 4159 2462 4229 (i)
2487 4169 2676 4212 auctor
2709 4157 3094 4212 eruditissimus
3119 4163 3172 4210 et
3198 4151 3556 4223 φιλοσοφικὼς

1981 4268 2161 4315 τατος,
2197 4251 2425 4321 ejusque
2465 4267 2602 4321 opus
2641 4250 2847 4304 libellus
2879 4263 3107 4311 aureus;
3148 4263 3214 4303 ex
3255 4262 3363 4317 quo
3390 4247 3553 4310 etiam

1983 4344 2092 4398 duo
2130 4345 2246 4399 loca
2279 4345 2572 4415 exscripsit
2602 4345 2962 4416 protulitque,
3005 4341 3135 4396 dum
3168 4340 3346 4396 adhuc
3385 4340 3442 4394 in
3471 4339 3557 4403 δὶς

1982 4436 2270 4492 bliothccis
2301 4437 2517 4501 latebat.

2053 4527 2131 4583 Ex
2171 4528 2353 4599 operis
2396 4539 2575 4584 autem
2610 4528 2970 4599 inscriptione
3025 4526 3289 4582 discimus
3321 4523 3554 4578 Alexana

1981 4620 2140 4679 drum
2164 4621 2332 4677 fuisse
2355 4620 2587 4690 primum
2610 4620 2839 4675 cthnicm
2859 4619 3230 4689 superstitioni
3251 4615 3550 4679 addictum;

1981 4729 2107 4767 mox
2134 4728 2282 4779 vero,
2318 4711 2629 4768 Grzecorum
2659 4712 2808 4766 cultu
2832 4712 3042 4775 relicto,
3079 4709 3429 4766 Manichaica:
3454 4709 3554 4764 dos

1981 4805 2171 4859 ctrime
2199 4804 2440 4859 animum
2470 4803 2758 4873 adjecisse,
2782 4817 2945 4874 quam
2973 4803 3043 4858 ab
3077 4803 3143 4858 iis
3167 4803 3261 4873 qui
3288 4819 3412 4858 cum
3442 4803 3554 4858 bas.

1983 4897 2258 4952 resiarcha
2295 4895 2635 4952 familiariter
2669 4899 2885 4954 fuerant
2929 4897 3259 4963 conversati,
3306 4896 3414 4950 ἀπὸ
3441 4896 3556 4951 τῶν

1982 4989 2273 5062 γνωρίμων
2310 4990 2402 5043 τοῦ
2437 4989 2649 5063 ἀνδρὸς,
2681 5005 2738 5044 se
2766 4989 3044 5060 accepisse
3071 4996 3305 5044 testatur
3325 4988 3342 5058 (
3348 4989 3376 5059 j
3387 4987 3406 5061 )
3442 5007 3454 5044 :
3492 4997 3554 5044 ut

1984 5087 2269 5150 propterea
2319 5081 2364 5136 si
2410 5080 2479 5134 ab
2524 5080 2696 5150 ipsius
2745 5078 2972 5136 Manetis
3014 5081 3350 5152 temporibus
3405 5081 3550 5138 haud.

1984 5171 2142 5242 longe
2172 5179 2438 5226 remotum
2478 5171 2647 5226 fuisse
2687 5179 2965 5227 auctorem
3009 5173 3134 5243 quis
3165 5172 3459 5233 existimet,
3494 5170 3550 5230 id

1983 5279 2115 5319 sane
2135 5263 2258 5333 jure
2282 5265 2488 5334 optimo
2515 5265 2788 5334 conjicere
2824 5264 3088 5320 videatur.
3123 5265 3206 5320 Ab
3239 5281 3302 5321 ea
3331 5263 3548 5323 demum

1984 5363 2132 5414 secta
2163 5357 2424 5412 divinitus
2467 5365 2754 5415 revocatus
2795 5368 2956 5430 atque
2985 5358 3052 5412 ad
3081 5358 3376 5414 Ecclesiam
3404 5367 3544 5410 cons

2051 5504 2129 5577 (Ι)
2157 5504 2346 5577 Ερὶριι.
2379 5505 2509 5561 liter.
2543 5522 2735 5572 vam,
2768 5523 2918 5562 num.
2955 5507 3006 5561 1.

2049 5575 2124 5646 (g)
2154 5575 2231 5630 ld.
2266 5578 2395 5632 hear.
2429 5594 2576 5638 Lx1x,
2614 5595 2764 5633 num.
2795 5579 2848 5631 2.

2071 5643 2126 5718 li)
2150 5646 2406 5718 Lequien.
2445 5649 2538 5703 0r.
2564 5647 2687 5704 Chr.
2700 5655 2878 5718 ,_‘tom.
2903 5647 2968 5712 ιι,
2999 5661 3120 5717 pag.

2072 5713 2117 5788 ἰ)
2143 5713 2302 5773 Allat.
2333 5720 2401 5772 ad
2426 5718 2671 5773 Eustntlt.
2697 5715 2976 5778 l-Iexaem.,
3001 5713 3166 5788 pagg.
3193 5714 3263 5769 50
3291 5719 3346 5769 et
3371 5713 3464 5781 '56.

2073 5734 2110 5788 η
2143 5734 2302 5773 auat.
2333 5734 2399 5772 aa
2426 5734 2671 5773 mustum.
2697 5734 2976 5778 uexaem.,
3009 5734 3073 5784 pa
3115 5735 3125 5785 ι

2073 5791 2118 5867 j)
2147 5790 2300 5850 Alex.
2323 5789 2386 5845 de
2418 5788 2650 5843 Maniclt.
2683 5787 2892 5865 placit.,
2925 5801 3044 5864 cap.
