4088 6284
476 326 579 383 ιιι

1458 329 1857 387 ALEXAND!“
1889 330 2193 389 EPISCOPI
2232 332 2738 390 LYCOPOLITANI

3597 333 3704 388 H2

473 443 716 516 fugiens,
745 446 1116 503 haeresiarchas
1146 447 1292 503 illius
1318 450 1518 519 probra
1540 451 1763 515 detexit,
1795 458 1850 507 et
1872 454 2041 509 male—
2067 461 2116 516 Α
2142 453 2408 511 Henricus
2461 452 2710 511 Valesius
2760 456 2842 509 vir
2898 467 3161 519 summus,
3224 450 3400 521 inquit
3453 450 3707 506 laudatus

477 552 614 594 sana
644 538 764 608 ejus
803 539 1053 608 dogmata
1099 540 1272 595 solide
1316 541 1611 597 refutavit:
1639 542 1784 613 quod
1825 544 2044 614 quidem

477 629 764 700 magniﬁce
804 631 1078 700 praestitit,
1126 633 1392 704 pluraque
1434 634 1598 689 simul
1638 650 1799 705 quam
1841 636 1953 702 alii,
1988 647 2046 694 ut

478 723 753 792 quondam
784 728 946 778 sectae
976 723 1330 792 domesticus,
1366 726 1433 781 de
1462 726 1611 783 illius
1643 729 1859 798 placitis
1886 730 2044 787 nobis

478 822 754 882 comperta
797 813 994 871 fecisse
1041 818 1376 887 comperitur
1411 837 1426 872 :
1465 834 1575 888 quo
1622 820 1784 875 etiam
1825 823 2045 880 nomine

477 904 792 974 hujusmodi
836 908 1080 964 auctoris
1110 908 1420 965 lucubratio
1453 912 1626 966 multo
1655 911 1712 967 in
1737 914 1914 984 pretio
1939 913 2043 969 ha-

475 995 653 1054 benda
677 997 911 1055 videtur.

545 1086 637 1142 ill.
676 1086 834 1143 Hunc
848 1099 1027 1144 autem
1049 1089 1346 1147 Alexandri
1369 1091 1537 1147 fetum
1554 1094 1761 1163 primus
1785 1095 1838 1151 in
1866 1096 2042 1154 lucem

475 1180 670 1235 extulit
690 1179 1048 1239 Combelisius
1073 1182 1146 1254 (k)
1168 1199 1235 1239 ex
1252 1184 1485 1240 Emerici
1509 1185 1702 1256 Bigotii
1724 1189 2040 1259 exemplari,

476 1273 621 1344 quod
666 1272 756 1330 hic
796 1274 850 1328 in
892 1273 1099 1330 Italiam
1136 1276 1414 1346 prolectus
1445 1278 1513 1332 ab
1534 1278 1812 1335 Holstenio
1844 1295 2042 1352 magno

475 1374 701 1416 munere
728 1374 1032 1432 acceperat.
1059 1364 1314 1422 Auctoris
1344 1367 1519 1438 stylus
1546 1368 1916 1436 duriusculus,
1953 1379 2039 1426 at-

475 1466 582 1521 que
629 1452 898 1525 imperitia
952 1457 1146 1512 scribae
1195 1458 1376 1515 adhuc
1427 1460 1750 1529 intricatior,
1805 1463 1937 1534 quin
1987 1472 2042 1520 et

474 1543 651 1613 ipsius
708 1548 1011 1617 argumenti
1068 1550 1398 1621 perplexitas
1450 1551 1708 1608 lectorem
1769 1553 2042 1610 interdum

476 1641 744 1704 moratur,
806 1637 941 1692 adeo
969 1646 1027 1691 ut
1069 1654 1167 1694 nec
1209 1640 1494 1696 lectionem
1542 1642 1811 1712 patienter
1858 1645 2043 1701 tulerit

545 1788 621 1862 (ίε)
644 1790 886 1849 Combef.
910 1792 1064 1850 Auct.
1092 1796 1309 1862 noviss.,
1341 1802 1480 1868 part.
1509 1811 1569 1861 ιι,
1593 1812 1713 1869 pag.
1746 1798 1780 1853 ὅ
1805 1814 1957 1872 seqq.

2143 545 2523 603 Combelisius.
2554 547 2657 613 Qui
2690 556 2746 602 et
2772 546 2840 602 de
2869 545 3078 616 seipso
3106 544 3281 614 deque
3306 556 3405 598 sua
3432 541 3704 612 interpre-

2142 638 2349 695 tatione
2389 639 2492 695 ista
2538 639 2722 695 subdit
2766 656 2781 695 :
2826 656 2845 690 ι
2895 637 3026 693 Mihi
3063 650 3299 707 quoque,
3348 633 3543 698 fateor,
3594 648 3703 687 non

2143 745 2304 784 unam
2337 729 2452 784 linit
2480 745 2720 795 crucem,
2763 744 2875 785 non
2906 736 3014 783 tam
3045 727 3328 797 scriptoris
3356 722 3529 792 λοξὸν,
3565 738 3629 777 ac
3657 724 3707 780 si

2141 820 2272 890 quid
2316 819 2435 889 ejus
2476 821 2644 875 naavis
2692 818 2893 875 ascribi
2944 824 3120 889 potest
3156 817 3374 888 (quibus
3417 830 3528 870 non
3569 814 3708 869 adeo

2144 912 2367 968 sordere
2385 912 2713 983 existimem)
2748 927 2909 983 quam
2943 909 3303 967 exscribentis
3338 922 3555 972 manus,
3591 906 3707 963 sive

2142 1000 2337 1055 menda
2363 1001 2529 1070 priori
2553 1001 2849 1071 exemplari
2875 1001 3174 1063 hmrebant,
3203 999 3317 1056 sive
3335 1000 3453 1069 ipsa
3480 996 3701 1067 adjecit.

2141 1090 2368 1146 Factum
2392 1099 2569 1147 tamen
2594 1107 2774 1162 spero,
2798 1098 2859 1147 ut
2881 1106 2988 1163 qua
3007 1090 3256 1146 insudavi
3277 1105 3464 1160 opera,
3485 1104 3705 1144 omnem

2142 1183 2332 1238 lectori
2354 1198 2522 1254 prope
2546 1182 2839 1250 reﬁxerim,
2867 1198 2932 1238 ac
2958 1183 3155 1255 quibus
3181 1184 3401 1248 haereat,
3432 1198 3603 1254 pauca
3624 1198 3705 1240 ΓΘ-

2140 1274 2414 1345 liquerim.
2450 1294 2470 1327 ι
2506 1273 2628 1330 Haec
2662 1275 2772 1331 ille.
2805 1273 2974 1346 Cujus
3003 1273 3293 1331 editionem
3324 1290 3446 1345 quae
3475 1289 3583 1330 una
3606 1289 3706 1331 ex-

2141 1373 2271 1430 stat,
2318 1367 2742 1422 emendatiorem
2787 1367 3207 1438 nitidioremque
3245 1366 3605 1438 proferimus;
3650 1374 3706 1423 et

2142 1473 2251 1529 quo
2282 1459 2496 1530 planior
2526 1459 2705 1530 operis
2738 1466 3026 1516 contextus
3059 1459 3272 1525 evadat,
3307 1459 3439 1516 illud
3482 1460 3537 1514 in
3581 1473 3704 1516 sec-

2139 1552 2318 1610 tiones
2347 1555 2602 1624 partitum
2634 1553 2974 1612 exhibemus.

483 1993 3681 2026 ._______________________________________________

1541 2173 2648 2334 ALEXANDRI

1119 2467 1825 2599 EPISCOPI
1884 2470 3048 2600 LYCOPOLITANI

1745 2722 2433 2815 TRACTATUS

1005 2935 1188 3047 DE
1263 2934 1918 3051 PLACITIS
1995 2932 3165 3051 MANICHASORUM.

1521 3265 1666 3350 QHL
1685 3265 1820 3350 ,ἐῖλέ
1861 3267 2038 3350 9‘31)!-

2141 3265 2632 3350 Αιὲἓὲέὲἐνέἒὲζ
2654 3263 3347 3350 ρέὲ-,έ¹.ἴ“¹ἔέὶιζίέέ¹έῗ’ίέΐ-
3362 3267 3704 3350 ΕΗΞΨΕΖ

476 3258 716 3318 ΑιΕΧΑ
728 3259 908 3316 NDRI
960 3261 1451 3319 LYCOPOLITE
1468 3308 1482 3330 ,

554 3331 771 3389 TIBIIS
809 3332 906 3386 AD
941 3331 1356 3390 ΜΑΝΙΟΗΛΕΙ
1395 3331 1820 3395 OPINIONES
1857 3338 2039 3397 CON-

554 3402 828 3459 VERSUS
863 3402 1155 3460 FUERAT
1179 3406 1277 3479 (ι).

2535 3335 2631 3390 ΕΞ
2649 3338 2898 3393 ΕΘΝΩΝ
2918 3338 3114 3391 ΠΡΟΣ
3137 3339 3268 3391 ΤΑΣ
3287 3335 3710 3393 ΜΑΝΙΧΑΙΟΥ

962 3521 1089 3580 Cn.
1119 3522 1162 3580 l.
1194 3523 1549 3594 Philosophia
1574 3524 1890 3585 Christianae
1920 3529 2251 3598 prmianlia.
2276 3525 2340 3581 In
2368 3524 2689 3581 Christianis
2725 3523 3007 3579 hwreseum
3038 3524 3207 3596 origo.

542 3636 979 3695 Christianorum
1034 3638 1380 3710 philosophia
1433 3639 1662 3711 simplex
1708 3643 2031 3714 appellatur.

473 3728 599 3786 Haec
627 3731 883 3787 nimirum
917 3731 1262 3787 instituendis
1287 3731 1529 3786 moribus
1550 3732 1843 3802 plurimum
1872 3743 2037 3791 navat

472 3836 726 3892 operam,
771 3821 1022 3878 certioris
1054 3821 1300 3877 veritatis
1354 3822 1420 3877 de
1467 3820 1578 3877 Deo
1611 3837 1893 3880 sermones
1938 3824 2036 3880 ob-

474 3931 635 3971 scure
671 3915 994 3982 insinuans;
1028 3930 1259 3985 quorum
1286 3925 1469 3987 caput,
1506 3916 1585 3972 rei
1618 3914 1784 3985 hujus
1813 3916 2039 3988 diligen-

472 4012 609 4065 tiam
648 4008 843 4063 merito
884 4022 1073 4062 omnes
1111 4007 1447 4074 admiserint,
1482 4010 1573 4065 ubi
1601 4026 1767 4067 causa
1798 4009 2036 4084 elliciens

474 4099 815 4156 nobilissima
845 4098 1349 4170 antiquissimaque,
1369 4109 1531 4170 atque
1553 4102 1795 4157 omnium
1823 4111 2034 4167 auctor,

474 4192 545 4247 ab
588 4190 698 4246 illis
734 4190 1012 4246 statuitur.
1046 4187 1268 4244 Relictis
1305 4208 1538 4263 namque
1581 4193 1688 4262 his,
1724 4195 1818 4266 qui
1851 4210 2036 4251 mores

474 4290 879 4351 consectantur,
910 4299 1031 4354 qua:
1060 4283 1372 4354 operosiora
1397 4293 1545 4351 sunt,
1578 4287 1755 4358 qualis
1784 4287 2037 4344 videlicet

472 4378 649 4433 virtus
675 4376 897 4433 moralis
930 4382 1015 4432 est
1034 4381 1089 4430 et
1122 4375 1404 4431 rationalis
1421 4415 1438 4441 ,
1459 4392 1794 4448 quaecunque
1823 4379 1950 4434 item
1967 4378 2035 4435 de

473 4470 741 4536 moribus,
776 4469 952 4541 deque
985 4468 1132 4525 vitiis
1160 4478 1214 4522 et
1242 4467 1524 4525 aﬁectibus
1557 4468 1840 4535 dicuntur,
1888 4473 2033 4528 circa

2210 3638 2547 3714 Χριστιανῶν
2573 3637 2858 3708 φιλοσοφία
2895 3636 3038 3708 ἁπλῆ
3066 3635 3326 3715 καλεῖται.
3351 3635 3496 3708 Αὕτη
3527 3634 3583 3688 δέ
3613 3635 3710 3690 ἐπὶ

2138 3734 2237 3806 τὴν
2257 3730 2352 3786 τοῦ
2379 3731 2542 3804 ῆθους
2571 3727 2912 3800 κατασκευὴν
2956 3728 3054 3800 τὴν
3074 3772 3077 3775 .
3097 3728 3354 3800 πλείστην
3391 3727 3708 3801 ἐπιμέλειαν

2140 3827 2391 3889 ποιεῖται,
2430 3814 2774 3894 αἰνιττομένη
2806 3819 3067 3893 περὶτῶν
3103 3821 3502 3893 ἀκριϐεστέρων
3536 3819 3706 3890 λόγων

2141 3919 2271 3990 περὶ
2302 3915 2437 3971 Θεοῦ
2458 3934 2473 3948 ·
2504 3907 2578 3972 ὧν
2606 3914 2668 3969 τὸ
2700 3914 2995 3984 κεφάλαιον
3021 3913 3121 3985 τῆς
3153 3915 3281 3985 περὶ
3318 3912 3489 3968 ταῦτα
3538 3929 3707 3967 σπου-

2140 4011 2235 4084 δῆς
2255 4009 2477 4074 εἰκότως
2503 4007 2569 4062 ἂν
2601 4009 2837 4070 ἅπαντες
2874 4005 3239 4072 ἀποδέξαιντο,
3289 4004 3417 4060 ἔνθα
3458 4006 3519 4060 τὸ
3552 4022 3709 4078 ποιη-

2140 4102 2289 4157 τικὸν
2330 4100 2500 4155 αἴτιον
2533 4099 2859 4171 τιμιώτατον
2891 4096 3131 4152 τίθενται
3174 4098 3268 4151 καὶ
3311 4097 3704 4170 πρεσϐύτατον,

2141 4192 2236 4247 καὶ
2268 4192 2483 4246 πάντων
2506 4191 2677 4244 αἴτιον
2698 4190 2805 4243 τῶν
2837 4188 3022 4244 ὄντων.
3068 4189 3219 4243 Ἐπεὶ
3245 4188 3339 4244 καὶ
3369 4192 3480 4253 τοῖς
3499 4189 3708 4262 ἠθικοῖς

2141 4286 2208 4339 τὰ
2241 4284 2612 4356 ἐργωδέστερα
2636 4274 3085 4355 παραλείποντες,
3115 4277 3225 4338 οἷον
3255 4283 3339 4347 τίς
3361 4299 3421 4336 τε
3462 4285 3496 4354 ὴ
3540 4283 3706 4356 ἠθικὴ

2137 4376 2306 4448 ἁρετὴ
2353 4376 2448 4429 καὶ
2495 4373 2718 4447 λογικὴ,
2759 4375 2855 4428 καὶ
2884 4374 2984 4428 ὅσα
3021 4374 3236 4444 λέγεται
3272 4375 3399 4445 περὶ
3435 4373 3581 4446 ἠθῶν
3612 4377 3708 4429 καὶ

2140 4466 2345 4532 παθῶν,
2376 4466 2503 4536 περὶ
2525 4465 2616 4519 τὸν
2647 4466 2961 4520 ὑποθετικὸν
2992 4466 3323 4538 διατρίϐουσι
3346 4466 3507 4520 τόπον
3527 4483 3540 4496 ·
3566 4484 3710 4520 στοι-

471 4564 859 4634 praeceptiones
904 4571 1189 4619 morantur
1248 4581 1261 4617 :
1310 4560 1452 4617 haud
1503 4561 1719 4631 quidem
1771 4562 2033 4618 elementa

2141 4560 2258 4630 χεῖα
2291 4558 2387 4629 μὲν
2413 4558 2550 4630 πρὸς
2572 4557 2809 4631 ἑκάστης
2844 4558 3045 4631 ἀρετῆς
3079 4558 3345 4630 ἀνάληψιν
3382 4560 3481 4613 οὐκ
3523 4560 3711 4615 ἀποδι-

471 4655 763 4712 reddentes
796 4656 995 4727 quibus
1032 4670 1368 4725 unaquzeque
1425 4654 1600 4709 virtus
1653 4654 1890 4724 paranda
1929 4654 2033 4721 sit;

471 4749 745 4804 crassiora
776 4764 904 4803 vero
937 4756 1225 4819 praecepta,
1265 4747 1346 4802 sic
1399 4745 1559 4817 quasi
1605 4755 1808 4801 temere
1843 4761 2036 4817 conge-

470 4848 654 4896 rentes
697 4859 713 4894 :
750 4856 982 4911 quorum
1022 4839 1207 4895 auditu
1244 4853 1530 4894 commune
1553 4838 1766 4909 vulgus,
1800 4845 1860 4890 ut
1882 4852 2038 4908 expe-

471 4932 668 4986 rientia
697 4930 982 4997 discimus,
1017 4930 1085 4985 ad
1123 4928 1441 4984 modestiam
1468 4926 1622 4981 valde
1651 4925 1886 4997 proﬁcit,
1903 4927 2036 4982 insi-

470 5017 669 5088 detque
695 5031 883 5071 eorum
914 5017 1154 5072 moribus
1170 5017 1386 5088 pietatis
1411 5016 1713 5081 character,
1731 5014 2032 5083 viviﬁcans,

471 5121 595 5176 qua:
626 5122 697 5162 ex
719 5107 814 5160 tali
843 5106 1236 5162 consuetudine
1265 5121 1476 5162 morum
1517 5104 1841 5176 compositio
1880 5105 2040 5162 indo-

474 5200 662 5271 lesque
682 5199 1044 5265 contrahitur,
1069 5199 1438 5271 paulatimque
1454 5198 1523 5255 ad
1554 5198 1685 5283 boni
1715 5198 2039 5271 honestique

472 5293 680 5349 ducens
713 5292 1029 5365 appetitum.

551 5385 661 5443 Hac
692 5400 823 5442 vero
852 5400 883 5439 a
915 5382 1255 5454 sequentium
1296 5383 1452 5438 turba
1502 5384 1559 5440 in
1613 5384 1814 5439 multas
1863 5382 2039 5439 divisa

477 5477 829 5547 quaestiones,
883 5472 1139 5531 exstitere
1165 5471 1372 5542 plures,
1400 5478 1460 5525 ut
1510 5471 1623 5529 fere
1654 5473 1713 5528 in
1749 5472 1818 5529 iis
1850 5471 1911 5527 lit
1944 5471 2041 5543 qui

578 5637 631 5706 l)
664 5635 955 5706 Interprete
974 5634 1268 5692 Francisco
1298 5621 1642 5706 Combeﬁsio.

613 5704 631 5776 )
686 5705 867 5776 Ἀλέξ.
919 5705 1144 5764 Photius
1190 5707 1246 5762 in
1302 5704 1542 5774 Epitome
1588 5706 1652 5776 de
1696 5705 2041 5776 Manichwis,

478 5772 646 5850 quam
679 5775 846 5832 edidit
867 5776 936 5834 cl.
966 5772 1404 5836 Montfaueonius
1431 5776 1550 5833 Bib.
1579 5772 1744 5833 Coisl.
1769 5791 1892 5852 pag.
1914 5772 2042 5849 354,

2137 4648 2316 4713 δόντες
2339 4667 2351 4679 θ
2384 4650 2818 4722 παραγγέλματα
2848 4650 2905 4705 δὲ
2936 4650 3212 4722 παχύτερα
3234 4690 3248 4714 ,
3277 4651 3351 4715 ὡς
3391 4653 3705 4723 ἐτύγχανεν,

2138 4741 2581 4814 ἐπισωρεύοντες,
2610 4736 2683 4797 ὧν
2707 4745 2736 4797 ὁ
2775 4743 2940 4807 πολὺς
2964 4742 3135 4815 δῆμος
3157 4743 3389 4810 ἀκούων,
3414 4744 3488 4808 ὼς
3521 4748 3584 4799 ἐκ
3608 4745 3708 4816 τῆς

2139 4831 2336 4904 πείρας
2359 4832 2472 4886 ἐστι
2501 4832 2710 4904 μαθεῖν,
2731 4834 2934 4906 σφόδρα
2960 4835 3264 4888 ἐπιδίδωσιν
3289 4837 3370 4900 είς
3389 4835 3706 4901 ἐπιείκειαν,

2139 4922 2235 4975 καὶ
2284 4924 2384 4994 τῆς
2432 4923 2714 4988 εὐσεϐείας
2762 4924 3045 4997 χαρακτὴρ
3094 4924 3327 4988 ἐνιζάνει
3377 4926 3552 4979 αὐτῶν
3593 4929 3712 4991 τοῖς

2139 5014 2324 5085 ἧθεσιν
2352 5055 2367 5080 ,
2403 5014 2774 5088 ἀναξωπυρῶν
2804 5016 2864 5069 τὸ
2894 5018 2960 5070 ἐκ
2991 5017 3092 5087 τῆς
3133 5016 3387 5088 τοιαύτης
3421 5015 3713 5087 συνηθείας

2143 5106 2584 5179 συνεκλημμένον
2612 5103 2761 5179 ἦθος,
2803 5109 2897 5162 καὶ
2924 5110 3042 5162 κατ’
3063 5107 3240 5178 ὀλίγον
3266 5109 3347 5172 εἰς
3367 5109 3465 5180 τὴν
3489 5108 3582 5162 τοῦ
3606 5125 3710 5163 κα-

2137 5200 2231 5253 λοῦ
2266 5200 2431 5255 αὐτοῦ
2457 5200 2636 5272 ὄρεξιν
2665 5199 2892 5272 ὁδηγῶν.

2209 5382 2304 5446 Εἰς
2330 5382 2558 5436 πλεῖστα
2588 5382 2646 5436 δὲ
2665 5381 2869 5456 ταύτης
2897 5384 3002 5439 ὑπὸ
3028 5384 3137 5442 τῶν
3169 5385 3569 5459 ἐπιγενομένων
3610 5401 3712 5456 με·-

2143 5475 2417 5548 ρισθείσης
2446 5474 2701 5549 ζητήσεις
2720 5514 2737 5541 ,
2772 5477 3103 5551 συνέστησαν
3144 5478 3423 5546 πλείονες,
3455 5477 3709 5550 καθάπερ

2155 5639 2308 5694 urbis
2356 5636 2635 5713 Lycorum
2660 5639 2950 5713 praesulem
2986 5640 3175 5713 fuisse,
3204 5645 3347 5698 hunc
3392 5643 3717 5713 scriptorem

2151 5718 2379 5781 testatur
2408 5708 2491 5781 his
2527 5708 2705 5781 verbis
2746 5729 2762 5766 :
2788 5710 2857 5764 ’Ὀ
2881 5728 2940 5763 τε
2972 5711 3072 5781 τῆς
3097 5708 3519 5777 πόλεωςΛύκων
3563 5713 3718 5767 Ἀλέ-

2151 5779 2371 5852 ξανδρος
2394 5779 2523 5843 τοὺς
2554 5780 2965 5851 ἀρχιερατικοὺς
2998 5779 3469 5854 ἐγκεχειρισμένος
3493 5784 3717 5855 νόμους.
