4088 6284
333 346 441 412 415

1210 347 1631 406 TRACTATUS
1670 346 1760 402 DE
1797 347 2110 406 PLAClTlS
2141 346 2696 406 ΜΑΝΙΟΗΑΞΟΒΠΜ.

3454 345 3559 401 ιιι.

334 471 392 525 ὲν
414 442 539 535 tota
555 469 865 541 ἐριστικοῖς.
890 467 983 538 ἀφ’
1010 459 1084 523 ὧν
1117 471 1561 547 έντρεχεστέρους
1588 469 1684 542 μὲν
1706 469 1891 534 ἄλλους

1998 467 2333 524 contentioni
2359 469 2597 535 student,
2621 467 2710 521 alii
2733 465 2854 521 aliis
2874 465 3209 531 soleruores,
3228 467 3561 536 argutiisque

333 561 534 634 ἐτέρων
562 559 756 632 μᾶλλον
784 563 877 615 καὶ
907 561 1392 634 ζητητικωτέρους,
1421 562 1496 623 ὡς
1518 560 1582 615 ἄν
1619 578 1704 625 τις
1728 561 1894 626 εἴποι,

329 653 604 726 γεγονέναι
653 653 961 726 συμϐέϐηκε
985 669 998 684 ·
1039 653 1131 708 καί
1181 671 1322 718 τινες
1369 653 1469 726 ήδη
1503 654 1597 707 καὶ
1634 652 1895 725 αἱρέσεων

331 745 679 818 προῦστησαν
704 765 718 778 ·
755 748 847 817 ἀφ’
873 741 946 802 ὧν
974 749 1007 819 ἡ
1039 746 1180 801 κατά
1221 746 1283 800 τὸ
1323 743 1453 818 ἦθος
1492 745 1685 817 ἄδηλος
1723 762 1894 800 κατα-

331 840 497 911 σκευὴ
526 838 848 913 ἐμαραίνετο
868 858 881 871 ·
911 842 1010 912 τῆς
1029 841 1126 912 μὲν
1149 841 1288 895 κατά
1310 841 1400 894 τὸν
1424 840 1581 909 λόγον
1612 839 1897 910 ἀκριϐείας

328 930 429 986 οὐκ
453 928 853 1001 έφικνουμένων
882 932 1106 997 τούτων,
1141 933 1255 988 ὅσοι
1307 932 1414 986 τῶν
1447 932 1707 1004 αἱρέσεων
1747 933 1897 1002 ἡγεῖ-

329 1022 454 1076 σθαι
477 1020 658 1092 ἠξίουν
681 1041 693 1053 ·
725 1021 818 1076 τοῦ
845 1022 902 1076 δὲ
937 1022 1132 1078 πολλοῦ
1162 1024 1397 1096 πλήθους
1438 1022 1893 1077 στασιαστικώτε-

330 1129 423 1185 ρον
456 1114 592 1185 πρὸς
619 1113 747 1168 αὐτὸ
772 1115 1121 1180 διατεθέντος.
1150 1114 1386 1180 Κανόνος
1412 1115 1469 1170 δὲ
1490 1115 1702 1179 οὐδενὸς
1734 1115 1895 1169 ὑπόν-

324 1221 418 1268 τος
447 1205 568 1259 οὐδὲ
617 1206 815 1277 νόμων,
854 1208 946 1277 ἀφ’
989 1200 1063 1261 ὧν
1100 1207 1208 1261 τῶν
1248 1206 1526 1281 ζητήσεων
1569 1207 1895 1280 πορίσασθαι

323 1295 497 1365 λύσιν,
520 1297 768 1372 καθάπερ
794 1298 850 1352 δὲ
879 1301 935 1353 έν
954 1304 1066 1364 τοῖς
1089 1296 1317 1372 ἄλλοιςή
1344 1297 1621 1371 φιλοτιμία
1641 1302 1722 1363 εἰς
1737 1299 1903 1372 ὑπερ-

322 1387 487 1453 ϐολὰς
512 1389 865 1456 ἐκπίπτουσα,
890 1391 989 1445 οὐκ
1014 1388 1158 1444 ἔστιν
1177 1387 1205 1444 ὃ
1235 1409 1287 1444 τι
1318 1390 1378 1445 οὐ
1414 1390 1748 1462 λυμαίνεται.

2002 576 2067 616 ac
2092 561 2505 631 quaestionibus,
2541 568 2603 614 ut
2624 559 2703 614 sic
2728 560 2926 623 dicam,
2958 557 3297 628 sagaciores:
3326 561 3401 611 ita
3428 571 3563 613 sane

2001 660 2061 708 ut
2081 653 2193 723 jam
2222 667 2439 723 quoque
2463 652 2735 707 heresewn
2766 658 3147 721 sectarumque
3171 649 3442 706 antistites
3471 664 3564 720 pa-

1997 756 2288 816 rentesque
2324 745 2686 800 emerserint:
2719 759 2815 813 per
2855 758 2995 814 quos
3037 743 3092 797 in
3139 744 3431 798 obscurum
3459 743 3558 799 ad—

1999 840 2163 895 ducta
2198 854 2260 893 ac
2284 837 2607 893 labefactata
2640 851 2852 891 morum
2896 835 3167 893 institutio
3197 845 3282 892 est
3312 854 3327 892 :
3358 836 3487 891 dum
3520 837 3559 891 ii

1998 941 2202 989 certam
2280 946 2597 988 sermonum
2665 931 2949 986 veritatem
3020 945 3129 1001 non
3192 934 3559 998 assequuntur

1997 1026 2287 1097 (quotquot
2314 1026 2570 1081 nimirum
2601 1025 2766 1081 sectis
2787 1021 3561 1093 antistarivolunt),plebsque

1997 1134 2060 1174 ac
2089 1119 2280 1188 vulgus
2310 1117 2435 1173 inde
2458 1118 2511 1172 in
2541 1119 2691 1173 rixas
2715 1133 2778 1171 ac
2803 1118 3181 1173 contentiones
3210 1117 3470 1185 majorem
3502 1114 3560 1168 in

1997 1207 2217 1263 modum
2250 1207 2539 1264 excitatur.
2565 1206 2814 1280 Cumque
2855 1209 3000 1261 nulla
3058 1213 3312 1277 suppetat
3351 1202 3557 1275 regula,

1996 1300 2159 1354 nulla:
2195 1307 2392 1368 prazsto
2424 1300 2536 1354 sint
2573 1300 2738 1369 leges,
2776 1304 2919 1353 unde
2962 1312 3150 1354 eorum
3178 1312 3298 1367 quae
3331 1297 3385 1350 in
3415 1312 3561 1366 quae-

1996 1389 2228 1446 stionem
2263 1390 2509 1456 veniunt,
2558 1391 2881 1446 solutionem
2933 1390 3176 1444 nancisci
3229 1390 3423 1454 liceat,
3463 1387 3561 1444 sed

320 1484 471 1538 velut
501 1483 556 1539 in
582 1485 726 1554 aliis,
758 1486 983 1543 honoris
1023 1487 1299 1544 contentio
1344 1489 1402 1542 in
1431 1488 1765 1544 nimietatem
1811 1485 2042 1542 adducta
2092 1495 2257 1557 atque
2292 1487 2581 1554 excedens,
2626 1502 2738 1542 non
2758 1494 2844 1542 est
2892 1485 2978 1541 cui
3026 1486 3200 1541 labem
3251 1498 3561 1557 noxamque

320 1593 437 1636 non
462 1580 672 1638 all‘erat.

548 1718 676 1777 Car.
710 1717 775 1774 ΙΙ.
808 1718 1109 1789 Manichazi,
1136 1738 1226 1777 seu
1258 1720 1508 1791 Hanetis,
1531 1731 1682 1778 (etas.
1716 1719 1889 1776 Primi
1917 1721 2183 1792 discipuli.
2219 1722 2339 1779 Duo
2366 1725 2647 1794 principia.
2675 1723 2910 1780 Materia
2944 1723 3298 1780 Manichaica.

393 1856 547 1916 Οὕτω
573 1859 630 1913 δὲ
661 1859 755 1913 καὶ
783 1862 875 1913 ἐπὶ
895 1859 1119 1921 τούτων,
1152 1861 1219 1930 τῇ
1262 1859 1537 1931 καινότητι
1572 1858 1682 1912 τῶν
1728 1856 1891 1923 δοξῶν

2073 1857 2163 1913 Sic
2196 1859 2251 1914 in
2303 1860 2389 1917 his
2446 1877 2690 1932 quoque,
2748 1861 2875 1916 dum
2938 1862 3256 1933 opinionum
3318 1865 3560 1922 novitate

321 1950 580 2022 ἑκάτερος
605 1949 696 2005 τὸν
731 1950 836 2022 πρὸ
867 1949 1031 2003 αὑτοῦ
1079 1949 1507 2021 ὑπερϐάλλεσθαι
1556 1949 1891 2015 σποπάζων,

321 2044 401 2105 εἰς
428 2042 685 2113 ἀνήνυτον
723 2042 957 2114 πρᾶγμα
984 2040 1084 2113 τήν
1101 2042 1276 2112 ἁπλῆν
1296 2042 1499 2112 ταύτην
1524 2039 1895 2113 έμϐεϐλήκασι

322 2130 670 2199 φιλοσοφίανο
704 2129 892 2202 ὥσπερ
921 2133 949 2184 ό
980 2131 1269 2203 λεγόμενος
1298 2133 1623 2203 Μανιχαῖος,
1661 2130 1719 2194 ὃς
1758 2131 1898 2201 Πέρ-

322 2236 424 2292 σης
455 2220 552 2291 μέν
579 2239 662 2285 τις
695 2221 812 2274 ἐστὶ
851 2221 910 2276 τὸ
949 2221 1132 2290 γένος⁸
1169 2222 1260 2276 καί
1296 2221 1360 2292 γέ
1410 2240 1495 2286 τις
1539 2222 1726 2287 Hirro;
1809 2224 1886 2294 (5)

315 2319 552 2390 τοῦνομα
616 2309 753 2383 πρὸς
795 2312 942 2383 ἡμᾶς
988 2309 1204 2380 ἐγένετο
1246 2311 1346 2382 τῆς
1382 2310 1475 2365 τοῦ
1522 2310 1714 2384 ἀνδρὸς
1739 2311 1898 2383 δόξης

320 2401 608 2473 ἐξηγητὴς,
634 2403 727 2457 καί
762 2401 901 2475 μετά
927 2402 1117 2457 τοῦτον
1145 2403 1347 2475 Θωμᾶς
1366 2443 1380 2468 ,
1422 2404 1515 2458 καί
1539 2422 1683 2468 τινες
1718 2403 1896 2477 ἕτεροι

323 2488 442 2562 μετ’
474 2484 690 2556 αὐτούς.
715 2491 885 2555 Αὐτὸς
914 2492 971 2545 δὲ
995 2494 1086 2546 ἐπὶ
1108 2494 1467 2567 Οὐαλεριανοῦ
1494 2496 1590 2566 μὲν
1614 2496 1895 2566 γεγονέναι

319 2581 557 2650 λέγεται,
598 2572 988 2652 συστρατεῦσαί
1018 2600 1077 2635 τε
1105 2582 1351 2656 Σαπώρῳ
1380 2584 1456 2656 τῷ
1481 2585 1683 2661 Πέρσῃ·
1725 2604 1895 2659 προσ-

319 2673 630 2746 κρούσαντα
675 2671 735 2725 δέ
780 2689 833 2726 τι
859 2672 1030 2745 τούτῳ
1060 2673 1415 2729 ἀπολωλέναι.
1466 2674 1655 2730 Τοιάδε
1687 2673 1778 2731 οὖν
1811 2696 1896 2743 τις

319 2765 479 2836 φήμη
506 2765 605 2835 τῆς
628 2763 837 2818 ἐκείνου
859 2762 1015 2834 δόξης
1043 2764 1152 2818 ἀπὸ
1183 2766 1290 2819 τῶν
1330 2766 1619 2838 γνωρίμων
1669 2769 1762 2823 τοῦ
1802 2772 1897 2826 ἀν-

318 2855 448 2926 δρὸς
477 2857 705 2926 ἀφίκετο
737 2854 872 2927 πρὸς
916 2857 1084 2926 ἡμᾶς.
1132 2855 1238 2910 Δύο
1287 2858 1460 2928 ἀρχὰς
1503 2858 1727 2923 ἐτίθετο,
1762 2860 1893 2914 Θεὸν

324 2949 422 3002 καὶ
443 2948 593 3020 ὓλην.
625 2945 777 3003 Εἶναι
799 2948 853 3002 δὲ
878 2948 967 3003 τὸν
1002 2948 1100 3020 μὲν
1125 2947 1257 3002 Θεὸν
1287 2949 1510 3019 ἀγαθὸν,
1545 2951 1642 3023 τὴν
1674 2951 1730 3005 δὲ
1763 2952 1895 3025 ὓλην

320 3042 513 3097 κακόν.
572 3040 786 3112 ’Λγαθῷ
832 3041 887 3094 δὲ
929 3040 1107 3094 πλεῖον
1154 3042 1245 3095 τὸν
1277 3042 1411 3097 Θεὸν
1467 3043 1890 3116 ὑπερϐάλλεινῆ

320 3133 476 3205 κακῷ
508 3133 606 3206 τὴν
645 3133 798 3205 ὕλην.
833 3117 942 3204 Τὴν
973 3133 1030 3187 δὲ
1065 3132 1195 3203 ὓλην
1235 3134 1385 3204 λέγει
1429 3136 1526 3207 οὐχ
1559 3137 1626 3207 ἣν
1665 3136 1891 3193 Πλάτων

1998 1950 2229 2020 quisque
2251 1967 2310 2005 se
2342 1954 2575 2021 priorem
2608 1968 2672 2007 ac
2696 1953 3032 2023 superiorem
3068 1971 3324 2025 superare
3344 1964 3560 2020 conten-

1996 2039 2097 2103 dit,
2129 2039 2523 2111 philosophiam
2558 2058 2677 2109 qua:
2706 2043 2936 2112 simplex
2983 2044 3087 2110 sit,
3117 2060 3181 2098 eo
3207 2044 3420 2101 tandem
3471 2049 3558 2103 ad-

1997 2131 2306 2197 duxerunt,
2340 2140 2400 2185 ut
2434 2134 2681 2203 praestari
2734 2149 2841 2188 non
2905 2136 3099 2204 possit.
3134 2135 3282 2193 Talis
3327 2140 3557 2204 exstitit,

1996 2236 2159 2292 quem
2193 2212 2545 2277 Maniehieum
2572 2230 2789 2288 vocant,
2817 2224 3038 2279 natione
3063 2226 3261 2290 Persa;
3303 2229 3460 2298 cujus
3491 2230 3558 2283 ad

1996 2328 2097 2367 nos
2140 2313 2413 2384 opinionis
2466 2312 2658 2370 doctor
2690 2312 2871 2385 Papus
2902 2316 3141 2380 nomine,
3172 2325 3224 2371 et
3265 2325 3387 2386 post
3433 2334 3557 2373 eum

1997 2402 2256 2468 Thomas,
2290 2404 2458 2468 venit,
2489 2421 2692 2475 eosque
2747 2407 2919 2461 secuti
2950 2407 3196 2461 nonnulli
3247 2408 3359 2462 alii.
3394 2408 3560 2483 Aiunt

1998 2497 2270 2552 hominem
2311 2494 2603 2551 Valeriano
2644 2497 2972 2567 imperatore
3018 2498 3237 2561 vixisse,
3265 2513 3328 2553 ac
3367 2496 3559 2570 Sapori

1994 2587 2285 2644 Persarum
2320 2589 2432 2660 regi
2469 2590 2811 2654 militantem,
2841 2606 2964 2645 cum
3007 2591 3151 2661 apud
3201 2591 3350 2645 illum
3390 2592 3561 2648 οπω-

1995 2681 2184 2744 disset,
2217 2680 2459 2750 periisse.
2495 2678 2838 2749 Ejuscemodi
2871 2696 3001 2736 vero
3029 2680 3129 2735 viri
3173 2680 3319 2736 illius
3348 2683 3559 2752 opinio-

1995 2775 2082 2828 nis
2128 2773 2289 2838 fama,
2325 2775 2393 2829 ab
2443 2773 2563 2842 ejus
2594 2772 2950 2828 familiaribus
2984 2772 3051 2827 ad
3102 2788 3204 2829 nos
3241 2775 3557 2844 permeavit.

1994 2866 2111 2922 Duo
2140 2867 2375 2937 ponebat
2421 2867 2708 2939 principia,
2735 2866 2902 2921 Deum
2955 2874 3011 2921 et
3049 2866 3354 2922 materiam.
3388 2866 3556 2923 Deum

1994 2966 2174 3012 autem
2207 2959 2407 3013 bonum
2440 2957 2673 3023 dicebat,
2702 2960 2983 3013 materiam
3004 2958 3206 3012 malum
3237 2957 3556 3013 allirmabat.

1993 3048 2143 3105 Bono
2174 3048 2343 3104 Deum
2396 3050 2568 3120 magis
2624 3050 2964 3121 praecellere,
3005 3063 3165 3119 quam
3199 3050 3340 3104 malo
3388 3059 3562 3105 mate-

1993 3141 2147 3195 riam.
2184 3139 2460 3195 Materiam
2492 3156 2624 3196 vero
2656 3148 2814 3197 vocat
2849 3156 2960 3195 non
3013 3155 3174 3210 quam
3204 3138 3363 3195 Plato
3403 3141 3559 3204 dicit,

319 3223 420 3294 τὴν
488 3225 661 3279 πάντα
720 3227 1029 3297 γινομένην,
1081 3228 1158 3282 ὅτ’
1201 3228 1267 3282 ἂν
1310 3228 1450 3302 λάϐῃ
1497 3229 1755 3302 ποιότητα
1799 3233 1891 3287 καὶ

1995 3230 2321 3298 quae'omnia
2349 3230 2461 3294 ﬁat,
2505 3236 2670 3294 tunc,
2719 3244 2844 3285 cum
2875 3227 3188 3299 qualitatem
3229 3227 3562 3300 figuramque

318 3317 506 3387 σχῆμα
526 3334 539 3346 ·
569 3316 636 3370 δι’
675 3316 704 3370 ὃ
735 3317 972 3389 πανδεχῆ
1001 3320 1094 3372 καὶ
1135 3319 1343 3391 μητέρα
1380 3321 1475 3375 καὶ
1505 3320 1659 3394 τιθὴν
1696 3323 1885 3377 καλεῖ·

317 3406 412 3460 καὶ
452 3407 828 3479 Ἀριστοτέλης
854 3409 916 3462 τὸ
946 3412 1225 3481 στοιχεῖον,
1258 3412 1384 3484 περὶ
1408 3410 1437 3463 ὃ
1472 3412 1533 3466 τὸ
1570 3408 1706 3478 εἶδος
1739 3414 1833 3468 καὶ
1855 3416 1889 3486 ή

322 3499 607 3571 στέρησις·
648 3499 763 3553 ἀλλ’
803 3499 990 3572 ἕτερόν
1025 3519 1076 3555 τι
1124 3501 1276 3574 παρά
1316 3500 1508 3558 ταῦτα.
1559 3504 1669 3576 Τὴν
1695 3504 1803 3578 γὰρ
1832 3507 1890 3560 ὲν

322 3591 533 3661 ἑκάστῳ
561 3590 669 3644 τῶν
689 3591 856 3646 όντων
877 3593 1109 3648 ἄτακτον
1132 3594 1363 3666 κίνησιν,
1396 3594 1599 3666 ταύτην
1632 3595 1765 3669 ὓλην
1792 3614 1893 3651 κα-

319 3676 420 3736 λεῖ.
453 3682 814 3754 Συντετάχθαι
865 3683 920 3737 δὲ
951 3685 1029 3755 τῷ
1069 3685 1187 3757 Θεῷ
1214 3685 1471 3757 δυνάμεις
1519 3687 1732 3759 ἐτέρας,
1779 3683 1891 3743 οἷον

321 3774 672 3845 ὑπηρέτιδας,
706 3771 922 3845 ἀγαθάς’
946 3776 1126 3840 πάσας
1148 3794 1161 3807 ’
1188 3778 1284 3830 καὶ
1304 3776 1465 3843 ἄλλας
1487 3781 1550 3850 τῇ
1569 3778 1668 3851 ὕλῃ
1688 3780 1891 3851 ὁμοίως

323 3867 502 3931 πάσας
527 3867 721 3930 κακάς.
754 3868 827 3920 Τὸ
851 3867 908 3920 δὲ
928 3867 1178 3940 λαμπρὸν
1198 3869 1292 3922 καὶ
1322 3869 1384 3922 τὸ
1416 3870 1531 3938 φῶς
1545 3872 1641 3925 καὶ
1673 3872 1733 3925 τὸ
1757 3873 1890 3937 ἄνω,

322 3958 500 4013 πάντα
527 3959 699 4013 ταῦτα
730 3961 826 4013 σὺν
857 3958 935 4030 τῷ
969 3958 1087 4031 Θεῷ
1128 3955 1264 4013 εἶναι
1283 3976 1299 3990 ο
1328 3959 1389 4013 τὸ
1435 3961 1673 4036 ἀμυδρὸν
1703 3962 1760 4016 δὲ
1797 3964 1892 4017 καὶ

320 4052 384 4105 τὸ
416 4050 605 4115 σκότος
634 4053 727 4104 καὶ
753 4050 813 4103 τὸ
841 4050 990 4104 κάτω
1015 4052 1110 4105 σὺν
1139 4054 1206 4123 τῇ
1230 4050 1351 4127 ὕλῃ.
1397 4049 1545 4109 Εἶναι
1591 4054 1649 4109 δὲ
1682 4056 1777 4109 καὶ
1811 4056 1891 4127 τῷ

318 4142 440 4213 Θεῷ
477 4141 703 4213 ὀρέξεις,
727 4140 861 4195 ἀλλά
889 4141 984 4196 καὶ
1011 4141 1215 4207 ταύτας
1254 4142 1463 4214 ἀγαθάς
1485 4162 1499 4177 ·
1543 4148 1639 4200 καὶ
1675 4148 1741 4218 τῇ
1790 4145 1890 4220 ὕλῃ

316 4234 540 4303 ὁμοίως,
574 4232 709 4288 ἀλλά
733 4234 913 4299 πάσας
941 4233 1139 4298 κακάς.

1992 3318 2289 3388 receperit:
2319 3318 2463 3373 unde
2487 3328 2541 3373 et
2568 3318 2810 3373 omnium
2833 3317 3220 3386 suseeptricem
3251 3324 3304 3371 et
3332 3325 3561 3372 matrem

1993 3416 2048 3464 et
2069 3410 2335 3464 nutricem
2363 3415 2518 3464 vocat
2545 3427 2558 3462 :
2595 3408 2914 3464 Aristoteles
2966 3423 3181 3478 quoque
3209 3398 3557 3473 elementum,

1993 3500 2141 3556 circa
2169 3499 2314 3571 quod
2348 3498 2521 3556 forma
2550 3506 2604 3556 et
2631 3498 2865 3569 privatio
2897 3506 3225 3564 versantur;
3276 3497 3372 3553 sed
3411 3498 3559 3553 aliud

1994 3595 2125 3667 quid
2155 3601 2351 3664 praeter
2376 3593 2487 3649 illa.
2520 3591 2623 3659 Qui
2654 3592 2798 3648 enim
2843 3590 2899 3646 in
2929 3590 3093 3646 rebus
3125 3590 3356 3659 singulis
3380 3598 3561 3647 motus

1994 3686 2388 3756 incompositus
2413 3692 2518 3750 est,
2564 3685 2710 3740 hunc
2750 3684 3028 3740 materiam
3078 3684 3332 3755 appellat.
3374 3685 3416 3738 Α
3447 3683 3559 3741 Deo

1995 3786 2142 3835 stare
2166 3779 2394 3834 virtutes
2425 3777 2583 3842 alias,
2637 3775 2781 3831 velut
2832 3776 3080 3842 ancillas,
3111 3790 3301 3832 omnes
3349 3776 3556 3844 bonas;

1995 3871 2239 3940 aliasque
2293 3868 2544 3926 similiter
2572 3882 2603 3921 a
2633 3867 2881 3933 materia,
2913 3881 3106 3922 omnes
3158 3867 3350 3923 malas.
3389 3866 3559 3925 Porro

1994 3959 2337 4030 splendidum
2368 3965 2424 4013 et
2456 3956 2636 4012 lucem
2671 3971 2736 4013 ac
2765 3957 3037 4027 superius,
3059 3965 3255 4011 cuncta
3281 3957 3396 4013 haec
3429 3972 3556 4013 cum

1996 4050 2106 4107 Deo
2133 4049 2612 4129 esse;obscurum
2649 4065 2779 4105 vero
2806 4057 2862 4105 et
2903 4049 3157 4105 tenebras
3201 4064 3265 4104 ac
3305 4050 3554 4118 inferius,

1995 4157 2119 4197 cum
2153 4141 2400 4197 materia.
2436 4139 2578 4207 Quin
2610 4140 2810 4196 habere
2853 4140 3020 4196 Deum
3065 4141 3559 4211 appetitiones,ve-

1996 4248 2118 4288 rum
2141 4232 2241 4288 has
2271 4246 2487 4303 quoque
2517 4230 2690 4288 bonas
2720 4251 2734 4288 :
2767 4247 2830 4289 ac
2855 4234 3138 4289 materiam
3166 4233 3438 4299 similiter,
3456 4234 3554 4290 sed

1994 4340 2187 4384 omnes
2224 4326 2418 4382 malas.

1307 4471 1439 4529 CAP.
1466 4471 1557 4529 111.
1600 4472 1878 4529 Ηαιιίειιωὶ
1897 4471 2089 4526 deliria
2113 4470 2257 4524 circa
2280 4468 2580 4524 materiam.

390 4584 487 4648 Εἰς
513 4573 806 4655 ὲπὶθυμίαν
831 4577 925 4639 οὖν
957 4600 1087 4638 ποτε
1112 4582 1211 4655 τὴν
1224 4582 1355 4655 ὕλην
1374 4585 1547 4640 ἐλθεῖν
1573 4590 1654 4652 εἰς
1667 4588 1757 4642 τὸν
1780 4589 1891 4643 ἄνω

2010 4598 2013 4605 ’
2064 4583 2407 4641 Desiderium
2460 4583 2644 4653 itaque
2688 4582 2969 4637 materiam
3007 4582 3328 4653 quandoilue
3377 4581 3558 4639 inces-

318 4674 613 4744 ἀφικέσθαι
664 4675 857 4729 τόπον·
913 4674 1250 4746 ἀφικομένην
1288 4674 1366 4741 δὲ,
1424 4676 1700 4749 θαυμάσαι
1729 4679 1790 4733 τό
1831 4696 1891 4732 τε

320 4767 575 4839 λαμπρὸν
601 4768 695 4821 καὶ
720 4768 781 4820 τὸ
810 4766 925 4837 φῶς
946 4769 1068 4822 ὅσον
1101 4764 1171 4841 ἦν
1198 4767 1350 4839 παρά
1379 4768 1457 4839 τῷ
1502 4770 1639 4842 Θεῷ.
1676 4772 1787 4825 Καὶ
1826 4772 1890 4844 δὴ

321 4856 498 4910 θέλειν
529 4857 628 4929 τὴν
658 4857 834 4928 ἀρχὴν
862 4857 1062 4928 ταύτην
1087 4860 1395 4928 κατασχεῖν,
1417 4857 1510 4912 τὸν
1540 4859 1671 4914 Θεὸν
1705 4877 1889 4932 παρω-

324 4949 585 5021 σαμένην.
622 4949 725 5003 Τὸν
754 4948 812 5002 δὲ
841 4951 934 5003 καὶ
957 4948 1308 5022 βεϐουλῆσθαι
1348 4949 1448 5020 μὲν
1479 4951 1682 5023 ταύτην
1719 4969 1889 5023 τιμω-

326 5040 614 5113 ρήσασθαι,
642 5041 866 5114 ἀπορεῖν
894 5041 949 5094 δὲ
979 5041 1171 5105 κακοῦ,
1197 5035 1350 5111 ᾦκώ⁸
1375 5042 1745 5114 τιμωρήσεται
1764 5060 1778 5074 ο
1811 5043 1885 5114 μὴ

322 5132 431 5204 γὰρ
454 5127 594 5186 εἶναι
625 5132 793 5186 κακὸν
819 5134 878 5186 ὲν
909 5132 1042 5186 Θεοῦ
1067 5134 1219 5206 οἴκῳ.
1251 5132 1472 5208 Πέμψαι
1509 5128 1602 5188 οὖν
1639 5150 1762 5187 τινα
1800 5134 1891 5188 δύ-

322 5237 486 5295 ναμιν
509 5223 608 5295 τὴν
632 5224 720 5292 ὑφ’
744 5226 777 5295 ἡ
786 5223 900 5294 μῶν
921 5223 1257 5297 καλουμένην
1276 5225 1475 5297 ψυχὴν,
1497 5226 1590 5278 ἐπὶ
1616 5223 1714 5297 τὴν
1738 5224 1889 5297 ὕλην,

323 5314 443 5386 ἥτις
469 5315 606 5387 αὐτῇ
641 5314 729 5370 διὰ
759 5317 940 5387 πάσης
986 5314 1326 5390 μιχθήσεται.
1370 5316 1629 5371 Ἔσεσθαι
1655 5316 1764 5388 γάρ
1791 5318 1893 5389 τῆς

395 5513 476 5588 (5)
505 5514 998 5588 quocildtam;
1056 5517 1256 5588 dicitur
1312 5518 1367 5572 in
1420 5517 1886 5588 Anathematismis

328 5584 490 5640 editis
520 5601 571 5657 pa
604 5585 886 5657 _Cotelerio
937 5588 1005 5641 ad
1061 5586 1450 5657 Recognitiones
1509 5586 1882 5657 Clementinas,

329 5671 480 5710 num.
517 5655 572 5711 5.
602 5655 825 5727 Dicitur,
847 5672 1062 5727 quoque
1098 5655 1314 5721 Πάαπις
1345 5659 1397 5711 in
1435 5659 1623 5713 iisdem
1659 5655 1884 5716 Anatle

331 5726 592 5799 matismis
624 5725 1158 5799 a__'ItilliAo—ewilgatis
1192 5730 1245 5799 in
1295 5727 1498 5799 Insigu.
1531 5728 1718 5786 Itiner.
1753 5729 1879 5787 Ital.

332 5809 451 5866 pag.
486 5797 608 5852 “5.
655 5794 789 5854 Hine
817 5794 1183 5856 frustra'sunt
1215 5794 1427 5856 Caveus
1447 5809 1503 5856 et
1531 5800 1830 5872 llasuagius
1865 5820 1878 5858 τ

1993 4677 2155 4741 sisse,
2201 4688 2260 4732 ut
2313 4678 2367 4730 in
2418 4690 2712 4745 supernum
2763 4675 2942 4729 locum
2985 4674 3239 4729 evaderet
3275 4693 3289 4729 :
3324 4689 3560 4746 cumque

1994 4771 2129 4826 adeo
2158 4770 2445 4835 evasisset,
2496 4769 2819 4824 admiratam
2867 4766 3207 4838 splendorem
3239 4783 3303 4823 ac
3359 4768 3556 4835 lucem,

1990 4865 2193 4928 quanta
2217 4853 2366 4928 apud
2383 4857 2550 4914 Deum
2575 4864 2742 4914 esset.
2777 4857 2953 4926 Atque
2985 4856 3130 4910 hunc
3171 4857 3556 4927 principatum,

1991 4949 2213 5020 repulso
2240 4950 2352 5006 Deo
2376 4959 2539 5020 atque
2571 4957 2865 5016 summoto,
2899 4948 3000 5004 sibi
3027 4950 3266 5006 voluisse
3294 4953 3555 5021 arripere.

1989 5036 2160 5095 Deum
2217 5055 2381 5111 porro
2436 5043 2600 5098 etiam
2646 5042 2975 5099 deliberasse
3034 5042 3088 5098 in
3133 5059 3251 5100 eam
3307 5042 3557 5099 animad-

1989 5139 2248 5199 vertere;
2305 5133 2402 5189 sed
2455 5133 2582 5187 mali
2647 5134 2859 5204 copiam
2912 5150 3020 5205 quo
3072 5135 3244 5205 ipsam
3299 5135 3555 5206 puniret,

1994 5238 2104 5278 non
2144 5223 2426 5291 habuisse,
2455 5225 2658 5295 quippe
2695 5240 2821 5280 cum
2850 5241 2957 5282 non
2994 5227 3063 5283 sit
3101 5228 3303 5282 malum
3335 5225 3556 5294 aliquod

1993 5319 2050 5374 in
2097 5315 2194 5373 Dei
2224 5317 2406 5374 domo.
2468 5316 2682 5375 Misisse
2736 5318 2904 5390 igitur
2949 5321 3202 5375 virtutem
3239 5317 3553 5390 quamdam,

1992 5534 2224 5590 quorum
2290 5519 2380 5577 ille
2430 5520 2706 5591 hocgloco
2756 5520 2970 5591 reponit
3018 5514 3558 5591 Agapiamjianetis

1991 5587 2343 5660 discipulum,
2398 5594 2501 5661 qui,
2546 5587 2892 5661 Heptalogitm
2926 5587 3260 5657 composuit;
3299 5587 3388 5640 hic
3424 5602 3557 5661 vero

1991 5659 2233 5724 Addam,
2280 5659 2440 5732 quem
2488 5660 2733 5715 Buddam
2774 5659 2891 5732 alii”
2917 5668 3109 5732 vocant
3135 5665 3238 5732 :_u_t
3269 5665 3415 5714 recte
3434 5659 3554 5732 ani-

1991 5726 2718 5856 madvéamt'Wesselingius
2746 5733 2800 5786 in
2840 5730 2931 5784 lib.
2966 5726 3263 5797 Probabit.,
3302 5743 3424 5801 cap.
3457 5728 3552 5795 28,

1991 5817 2112 5856 nan.
2200 5843 2215 5856 .
2261 5843 2274 5856 .

1989 5817 2112 5874 pag.
2149 5803 2274 5859 2&9.
