4088 6284
488 288 595 345 4Ιὸ

1496 287 1893 344 ALEXAND!“
1931 285 2239 344 EPISCOPI
2275 284 2776 343 LYCOPOLITANI

3628 282 3733 344 416

487 425 653 482 quam
709 425 812 467 nos
861 410 1098 465 animam
1148 423 1430 472 vocamus,
1481 409 1536 464 in
1586 410 1908 473 materiam,
1940 424 2051 480 qua

2164 407 2294 479 ὕλης
2333 407 2592 472 θάνατον,
2628 407 2722 461 τὸν
2770 406 2909 479 μετά
2951 404 3124 461 ταῦτά
3161 421 3289 458 ποτε
3335 404 3433 477 τῆς
3456 406 3737 479 δυνάμεως

488 501 569 558 illi
609 501 758 558 omni
788 501 1180 556 immisceatur.
1212 496 1351 556 Fore
1377 515 1612 571 namque
1656 498 1900 555 materia:
1924 514 2072 555 mor-

489 600 622 657 tem,
661 607 788 648 cum
824 590 1045 646 tandem
1073 599 1263 663 postea
1286 593 1465 648 virtus
1488 593 1604 648 bare
1630 591 1699 646 ab
1721 590 1812 645 illa
1843 606 2068 662 separa-

487 683 660 740 bitur.

562 772 655 830 Sic
688 774 850 843 igitur
883 789 981 845 per
1002 774 1094 830 Dei
1132 775 1548 846 providentiam,
1571 776 1914 832 commistam
1947 790 2056 828 ma-

489 866 641 921 teriae
671 881 794 922 esse
833 866 1094 930 animam,
1130 867 1383 923 dissimili
1421 883 1535 923 rem
1576 860 2065 938 quamdam'dissi-

489 951 693 1006 milem.
727 950 831 1007 Per
859 953 1001 1008 hanc
1028 969 1158 1010 vero
1185 954 1400 1010 interim
1424 954 1766 1021 'mistionem,
1802 971 1925 1011 cum
1956 971 2067 1012 ma-

486 1046 626 1100 teria
668 1046 861 1101 vitium
890 1049 1094 1118 pariter
1118 1049 1480 1115 contraxisse,
1531 1065 1596 1104 ac
1640 1049 1919 1106 laborasse
1946 1052 2057 1105 ani~

488 1151 654 1192 mam.
687 1136 1151 1205 Quemadmodum
1198 1142 1343 1198 enim
1371 1143 1424 1197 in
1464 1143 1607 1197 malo
1631 1159 1780 1207 vase,
1823 1146 1966 1215 quod
2004 1146 2058 1200 in

489 1225 583 1284 illo
610 1229 846 1294 exsistit,
885 1230 1029 1287 haud
1057 1248 1185 1288 raro
1225 1235 1342 1304 pari
1374 1235 1638 1305 qualitate
1675 1245 1942 1304 mutatur,
1977 1239 2058 1294 sic

488 1319 746 1375 nimirum
777 1322 942 1377 etiam
993 1323 1049 1378 in
1083 1326 1308 1381 materia
1351 1327 1458 1382 tale
1491 1326 1621 1396 quid
1671 1342 1888 1398 passam
1943 1330 2060 1384 ani—

484 1423 652 1478 mam,
681 1425 711 1465 a
754 1427 852 1467 sua
884 1413 1210 1471 deteriorem
1247 1416 1445 1472 factam
1493 1418 1696 1483 indole,
1754 1419 1809 1474 in
1841 1421 2060 1475 malitiae

485 1504 877 1560 commercium
907 1509 1190 1565 transisse.
1224 1508 1355 1580 Ejus
1394 1526 1524 1566 vero
1552 1509 1722 1566 Deum
1751 1512 2057 1578 misertum,

2178 498 2379 572 ταύτης
2406 498 2701 571 χωρισμόν.

2232 762 2421 823 Οὕτως
2447 752 2539 812 οῦν
2562 756 2702 812 κατά
2737 755 2992 829 πρόνοιαν
3022 755 3116 810 τοῦ
3159 754 3295 810 Θεοῦ
3339 755 3598 828 μεμίχθαι
3640 755 3736 828 τὴν

2163 857 2341 929 ψυχὴν
2367 857 2434 926 τῇ
2459 853 2580 927 ὕλῃ,
2607 851 2860 923 ἀνόμοιόν
2887 866 2939 902 τι
2972 851 3204 921 πρᾶγμα
3241 848 3496 919 ἀνομοίῳ.
3558 849 3645 904 Ἐν
3681 848 3737 902 δὲ

2161 953 2228 1022 τῇ
2260 948 2405 1020 μίξει
2438 946 2740 1018 συμπαθεῖν
2771 945 2838 1017 τῇ
2872 942 2974 1016 ὕλῃ
2995 942 3094 1014 τὴν
3129 941 3328 1013 ψυχήν.
3374 941 3582 1013 ’Ὠσπερ
3625 940 3736 1013 γὰρ

2161 1044 2219 1101 ὲν
2244 1042 2431 1114 φαύλῳ
2460 1041 2664 1111 ἀγγείῳ
2682 1056 2745 1092 συ
2755 1035 3191 1110 μμεταὸἀλλεται
3208 1034 3465 1099 πολλάκις
3482 1033 3542 1088 τὸ
3567 1036 3736 1087 ὲνυπ-

2162 1137 2364 1208 ἀρχον,ἶ
2391 1133 2533 1188 οὕτω
2563 1134 2619 1187 δὲ
2675 1133 2769 1187 καὶ
2804 1133 2860 1185 ὲν
2895 1132 2961 1202 τῇ
2994 1128 3098 1205 ὕλῃ
3127 1127 3338 1182 τοιοῦτό
3361 1145 3415 1181 τι
3436 1127 3533 1199 τὴν
3558 1127 3735 1200 ψυχὴν

2156 1228 2457 1293 παθοῦσαν,
2487 1225 2747 1299 παρὰτὴν
2770 1220 2932 1278 οὖσαν
2952 1219 3467 1294 ἧλαττῶσθαιφύσιν
3495 1222 3575 1284 εἰς
3604 1237 3733 1291 μετ-

2156 1321 2344 1377 ουσίαν
2387 1319 2603 1382 κακίας.
2648 1318 2926 1387 υίκτεῖραι
2979 1308 3072 1369 οὖν
3114 1311 3274 1366 τοῦτο
3310 1312 3399 1365 τὸν
3438 1311 3602 1376 Θεὸν,
3642 1311 3736 1365 καὶ

2161 1418 2372 1490 πέμψαι
2402 1414 2522 1470 τινά
2550 1414 2741 1486 ἑτέραν
2767 1412 3016 1484 δύναμιν,
3042 1411 3108 1482 ἣν
3134 1412 3295 1482 ἡμεῖς
3330 1409 3602 1481 καλοῦμεν
3638 1408 3733 1481 δη-

2166 1503 2420 1578 μιουργόν
2438 1519 2453 1532 °
2488 1499 2557 1574 ἦς
2580 1501 2645 1573 δὴ
2679 1501 3033 1571 ἀφικομένης,
3057 1500 3151 1552 καὶ
3177 1501 3243 1571 τῇ
3271 1499 3597 1570 κοσμοποιίᾳ
3617 1499 3736 1551 ἐπι-

484 1594 645 1649 aliam
663 1596 951 1666 quamdam
975 1599 1230 1656 virtutem
1250 1603 1487 1663 misisse.
1504 1618 1666 1673 quam
1687 1620 1789 1660 nos
1804 1605 1866 1677 δη
1875 1623 2051 1677 μιουρ-

2167 1595 2574 1668 κεχειρηκυίας,
2595 1592 2990 1666 ἀποκεκρίσθαι
3004 1592 3103 1662 τῆς
3114 1589 3250 1661 ὕλης
3273 1593 3448 1644 ἐκεῖνο
3468 1591 3565 1662 τῆς
3578 1589 3737 1643 δυνά-

482 1685 580 1755 γὸν
628 1684 834 1756 (rerum
870 1688 1080 1746 scilicet
1109 1693 1358 1762 opiﬁcem
1405 1709 1471 1749 ac
1525 1694 1848 1769 creatorem)
1891 1713 2057 1753 voca-

483 1792 608 1833 mus
640 1795 654 1832 :
687 1793 807 1849 qua:
833 1796 957 1835 cum
988 1782 1245 1841 venisset.
1272 1790 1327 1839 et
1357 1784 1426 1839 ad
1478 1785 1669 1840 mundi
1726 1788 2055 1843 creationem

483 1881 743 1939 aggressa
774 1879 941 1937 esset,
978 1873 1113 1929 illud
1143 1874 1360 1931 virtutis
1393 1890 1424 1930 a
1472 1878 1697 1931 materia
1730 1880 2054 1947 secrevisse,

482 1960 631 2029 quod
660 1976 727 2017 ex
759 1963 1015 2020 mistione
1045 1965 1180 2020 nihil
1218 1967 1334 2022 vitii
1383 1983 1448 2023 ac
1478 1968 1618 2024 labis
1656 1971 2054 2039 contraxisset;

481 2060 646 2122 atque
678 2053 808 2109 hinc
834 2055 1002 2111 solem
1031 2065 1085 2112 et
1135 2059 1319 2113 lunam
1360 2061 1593 2130 primum
1637 2061 1855 2118 condita
1882 2078 2004 2119 esse
2038 2083 2050 2118 :

479 2144 627 2215 quod
657 2162 785 2204 vero
817 2150 1115 2218 pauxillum
1148 2151 1351 2224 aliquid
1373 2167 1439 2208 ac
1463 2153 1738 2209 mediocre
1759 2154 2053 2223 hausisset,

480 2237 536 2294 id
571 2239 757 2295 stellas
787 2241 1095 2313 coelumque
1114 2260 1275 2301 omne
1301 2244 1506 2301 factum
1536 2261 1678 2303 esse.
1711 2245 1878 2303 Extra
1898 2263 2055 2302 mun-

478 2329 609 2384 dum
633 2338 814 2387 autem
852 2333 1103 2403 ejectam,
1152 2353 1216 2391 ex
1247 2338 1362 2392 sole
1386 2346 1442 2393 et
1479 2339 1605 2393 luna
1632 2348 1897 2395 secretam
1939 2355 2055 2394 ma-

478 2419 631 2475 teriae
658 2429 890 2490 partem,
917 2440 1149 2496 esseque
1186 2428 1361 2499 ignem
1389 2429 1561 2494 illum,
1597 2430 1789 2485 cuivis
1835 2431 2051 2501 quidem

479 2512 675 2568 urendi
726 2515 879 2578 insit,
911 2532 1034 2572 cum
1067 2519 1184 2589 ipse
1220 2521 1543 2578 tenebrosus
1571 2531 1626 2579 et
1654 2524 1793 2579 lucis
1835 2539 2050 2595 expers.

478 2616 544 2656 ac
571 2604 717 2657 nocti
763 2607 1069 2664 consimilis
1097 2610 1188 2666 sit.
1238 2611 1298 2665 In
1334 2612 1557 2683 reliquis
1594 2630 1724 2670 vero
1768 2615 2051 2671 elementis

476 2696 532 2744 et
559 2691 822 2762 stirpibus
853 2703 907 2751 et
940 2698 1290 2767 animalibus,
1322 2701 1376 2755 in
1407 2702 1510 2759 hac
1561 2719 1742 2759 rerum
1776 2704 2050 2760 universi-

476 2789 590 2839 tate
629 2787 997 2849 versantibus.
1031 2790 1371 2862 inaequaliter
1405 2794 1533 2850 ferri
1574 2797 1919 2853 commistam
1963 2797 2048 2853 di-

2169 1706 2333 1760 μεως,
2358 1690 2481 1743 ὅσον
2506 1687 2613 1740 ἀπὸ
2640 1687 2741 1758 τῆς
2774 1684 2971 1757 μίξεως
2998 1685 3148 1739 οὐδὲν
3195 1679 3263 1756 ἦν
3299 1685 3497 1740 ἄτοπον
3532 1701 3735 1738 πεπον-

2165 1780 2276 1845 θὸς,
2303 1780 2397 1835 καὶ
2421 1779 2699 1849 γεγονέναι
2723 1778 2872 1849 ἥλιον
2913 1778 3008 1831 καὶ
3034 1776 3261 1848 σελήνην
3290 1777 3499 1848 πρῶτον
3516 1792 3532 1805 ο
3590 1774 3652 1828 τὸ
3675 1774 3734 1829 δὲ

2163 1874 2221 1925 ἐν
2250 1872 2445 1945 μετρίᾳ
2480 1872 2702 1941 γεγονὸς
2736 1870 2903 1941 κακίᾳ
2954 1869 3188 1942 ἀστέρας
3232 1869 3326 1923 καὶ
3368 1870 3457 1923 τὸν
3504 1868 3733 1942 οὐρανὸν

2163 1962 2473 2032 σύμπαντα.
2504 1963 2616 2034 Τῆς
2645 1958 2737 2016 οὖν
2770 1959 2922 2031 ὕλης,
2954 1957 3021 2033 ἦς
3043 1961 3416 2033 ἀπεκρίθησαν
3448 1960 3596 2031 ἥλιος
3641 1961 3733 2014 καὶ

2162 2055 2380 2128 σελήνη,
2403 2055 2464 2108 τὸ
2496 2055 2656 2127 μέρος
2689 2053 2843 2117 ἐκτὸς
2874 2051 2969 2106 τοῦ
2990 2054 3194 2124 κόσμου
3218 2052 3611 2123 ἀπεληλάσθαι,
3635 2053 3732 2107 καὶ

2161 2143 2299 2201 εἶναι
2348 2148 2525 2201 έκεῖνο
2563 2146 2696 2220 πῦρ,
2725 2144 3017 2200 καυστικὸν
3053 2145 3151 2216 μὲν
3176 2185 3190 2209 ,
3229 2145 3494 2209 σκοτῶδες
3537 2145 3594 2198 δὲ
3637 2147 3732 2200 καὶ

2160 2238 2420 2308 ἀφεγγὲς,
2448 2237 2604 2292 νυκτὶ
2626 2237 2969 2309 προσόμοιον.
3018 2237 3106 2290 Ἐν
3138 2236 3195 2289 δὲ
3225 2238 3335 2301 τοῖς
3365 2236 3547 2301 ἀλλοις
3584 2253 3732 2290 στοι-

2160 2327 2327 2399 χείοις
2353 2330 2447 2383 καὶ
2476 2331 2661 2399 φυτοῖς
2683 2329 2777 2381 καὶ
2805 2326 2986 2393 ζώοις,
3009 2329 3120 2391 τοῖς
3152 2328 3210 2381 ὲν
3238 2327 3470 2393 τούτοις,
3507 2327 3730 2396 ἀνωμά-

2158 2421 2266 2486 λως
2288 2419 2549 2493 φέρεσθαι
2568 2421 2669 2491 τὴν
2706 2418 2853 2473 θείαν
2882 2417 3107 2490 δύναμιν
3134 2420 3495 2491 μεμιγμένην.
3518 2419 3594 2472 Δι’
3621 2418 3649 2472 ὃ
3666 2418 3731 2490 δὴ

2159 2514 2253 2568 καὶ
2285 2512 2378 2568 τὸν
2405 2512 2608 2584 κόσμον
2632 2512 2933 2581 γεγονέναι,
2964 2512 3056 2567 καὶ
3089 2512 3146 2564 ἐν
3171 2511 3320 2583 αύτῷ
3351 2512 3500 2583 ἥλιον
3524 2512 3616 2566 καὶ
3644 2528 3734 2565 σε-

2155 2609 2322 2681 λήνην
2346 2611 2467 2673 ταῖς
2504 2606 2750 2678 γενέσεσι
2773 2607 2869 2661 καὶ
2888 2609 3006 2671 ταῖς
3039 2605 3294 2678 φθοραῖς,
3331 2606 3419 2659 ἀεὶ
3450 2605 3546 2677 τὴν
3575 2604 3734 2659 δύνα-

2158 2720 2248 2774 μιν
2269 2703 2366 2775 τὴν
2395 2702 2544 2756 θείαν
2571 2701 2668 2773 τῆς
2698 2700 2828 2771 ὕλης
2859 2698 3299 2772 ἀποχωρίζοντας
3328 2699 3421 2753 καὶ
3467 2699 3605 2773 πρὸς
3638 2698 3732 2753 τὸν

2154 2796 2287 2851 Θεὸν
2316 2794 2536 2867 παραπέ
2544 2811 2806 2866 μποντας.

476 2875 659 2930 vinam
690 2878 967 2936 virtutem.
1002 2880 1405 2955 Pr0ptereaque
1448 2889 1712 2943 mundum
1763 2891 2043 2946 conditum
2068 2906 2212 2953 esse,
2242 2897 2297 2945 et
2353 2891 2408 2943 in
2448 2889 2541 2942 illo
2593 2888 2764 2943 solem
2807 2893 2861 2941 et
2918 2886 3127 2948 lunam,
3176 2900 3296 2957 qua:
3345 2899 3527 2940 rerum
3583 2882 3731 2937 orlui

472 2964 829 3041 iuterituique
868 2972 1217 3043 praasideant,
1281 2975 1520 3033 divinam
1576 2995 1791 3052 semper
1842 2981 2095 3037 virtutem
2150 2997 2183 3038 a
2223 2981 2447 3037 materia
2500 2978 2839 3049 separando,
2891 2985 3055 3048 atque
3099 2978 3168 3032 ad
3217 2976 3388 3032 Deum
3441 2975 3731 3031 transmitt-

476 3058 662 3115 tendo.

473 3176 604 3234 Cn.
632 3177 720 3235 iV.
745 3179 912 3237 Lunai
931 3193 1267 3256 augmentum
1292 3196 1343 3241 et
1366 3185 1753 3260 decrementupt
1771 3205 1790 3244 :
1814 3204 1967 3259 nugae
2002 3189 2060 3243 in
2087 3204 2147 3260 eo
2171 3185 2539 3260 Manichaicw.
2568 3185 2645 3240 De
2682 3184 2890 3240 homine
2919 3192 2969 3239 ct
3001 3183 3213 3239 Christo
3261 3183 3491 3239 somnia.
3533 3181 3717 3239 Abs!!-

1775 3261 1966 3314 nentiaa
1991 3259 2197 3314 insulsa
2231 3259 2389 3313 ratio.

546 3361 673 3421 Haec
702 3380 896 3436 nempe
929 3367 1175 3424 molitum
1213 3383 1355 3432 esse,
1389 3378 1449 3424 ut
1480 3370 1763 3442 demiurgo
1791 3389 1855 3428 ac
1893 3388 2051 3430 crea-

2238 3369 2390 3424 Ἐπεὶ
2415 3369 2523 3441 γάρ
2549 3385 2631 3422 τοι
2660 3366 2737 3439 τῷ
2776 3366 3091 3440 δημιουργῷ
3131 3366 3323 3439 ἑτέραν
3368 3366 3589 3437 δύναμιν
3633 3366 3729 3422 ἐπὶ

475 3456 581 3514 tori
606 3457 782 3514 virtus
806 3458 911 3513 alia
945 3468 1220 3530 suppetat,
1249 3477 1372 3533 quae
1420 3463 1489 3518 ad
1526 3466 1659 3521 solis
1689 3466 1829 3523 lucis
1863 3468 2046 3537 splen-

2156 3461 2217 3517 τὸ
2243 3462 2527 3534 φωτοειδὲς
2557 3460 2652 3514 τοῦ
2684 3459 2835 3531 ἡλίου
2868 3458 3236 3514 καθέλκουσαν
3280 3459 3454 3514 ταῦτα
3492 3459 3725 3530 διαπρα-

474 3549 640 3607 dones
665 3551 846 3606 trahat
883 3570 898 3608 :
929 3568 1159 3624 esseque
1204 3572 1320 3612 rem
1349 3558 1713 3622 manifestam,
1740 3562 1888 3617 velut
1923 3563 2047 3633 quis

2153 3552 2596 3626 γματεύσασθαιο
2638 3551 2730 3606 καὶ
2768 3546 2908 3604 εἶναι
2957 3552 3052 3604 καὶ
3087 3550 3328 3623 ἐμφανὲς
3367 3551 3428 3605 τὸ
3472 3553 3724 3624 πρᾶγμα,

477 3640 644 3711 dicat,
681 3658 846 3701 caeco.
877 3644 1085 3702 Lunam
1106 3648 1252 3703 enim
1275 3659 1625 3721 augmentum
1666 3652 1915 3710 faciendo
1939 3655 2048 3710 vir-

2154 3647 2267 3708 καὶ,
2297 3645 2370 3709 ὡς
2396 3643 2460 3698 ἀν
2487 3661 2570 3709 τις
2603 3643 2767 3709 εἴποι,
2807 3642 2991 3713 τυφλῷ
3012 3643 3187 3714 δῆλον.
3226 3644 3313 3696 Ἐν
3350 3643 3447 3714 μὲν
3469 3643 3578 3713 γάρ
3608 3645 3727 3707 ταῖς

476 3740 648 3795 tutem
676 3736 948 3808 accipere,
979 3754 1100 3810 quae
1137 3749 1424 3811 separatur
1474 3759 1505 3798 a
1546 3747 1794 3810 materia,
1843 3761 1907 3801 ac
1953 3763 2051 3818 per

2153 3736 2411 3809 αὐξήσεσι
2431 3735 2530 3807 τὴν
2550 3735 2779 3808 σελήνην
2800 3734 2868 3787 λα
2875 3734 3100 3804 μ6άνειν
3121 3734 3219 3806 τὴν
3242 3734 3726 3806 ἀποχωριζομένην

477 3827 583 3885 hoc
640 3835 857 3900 tempus
891 3846 956 3887 ea
999 3831 1215 3902 plenam
1275 3834 1526 3891 evadere.
1564 3834 1668 3891 Ubi
1717 3852 1847 3892 vero
1890 3837 2048 3906 plena

2153 3827 2375 3900 δύναμιν
2424 3827 2531 3882 ἀπὸ
2570 3826 2669 3897 τῆς
2715 3824 2869 3900 ὕλης,
2904 3826 3001 3880 καὶ
3032 3824 3212 3897 πλήρη
3256 3824 3496 3895 γίνεσθαι
3522 3825 3726 3898 ταύτης

478 3916 682 3984 fuerit,
745 3921 888 3977 inter
938 3920 1362 3979 decrescendum
1417 3925 1488 3980 ad
1529 3926 1701 3982 solem
1744 3925 2042 3992 remittere,

2153 3921 2239 3974 τὸν
2267 3920 2455 3992 χρόνον
2486 3918 2722 3977 τοῦτον.‹
2741 3920 3124 3993 Πληρωθείσαν
3148 3921 3226 3976 δὲ.
3262 3922 3319 3973 ὲν
3350 3923 3470 3984 ταῖς
3500 3918 3728 3990 μειώσε-

477 4009 650 4066 solem
676 4025 808 4067 vero
826 4010 897 4065 ad
926 4009 1095 4067 Deum
1125 4012 1297 4069 abire.
1333 4013 1500 4087 idque
1519 4016 1656 4072 adeo
1683 4031 1807 4071 cum
1835 4016 2049 4090 pmsti~

2156 4028 2238 4067 σιν
2271 4013 2348 4074 είς
2369 4011 2460 4064 τὸν
2488 4010 2638 4082 ἥλιον
2669 4010 3038 4082 ἀναπέμπεινο
3094 4011 3185 4065 τὸν
3217 4011 3276 4064 δὲ
3304 4012 3440 4083 πρὸς
3471 4011 3561 4064 τὸν
3593 4008 3725 4065 Θεὸν

476 4101 627 4165 terit,
649 4114 970 4173 exspectare
998 4119 1217 4161 rursum
1249 4107 1380 4162 dum
1409 4108 1516 4164 alio
1535 4108 1834 4179 plenilunio
1865 4109 2046 4165 anima

2153 4104 2392 4158 ἀπιέναι.
2423 4104 2728 4173 Ποιήσαντα
2761 4102 2817 4155 δὲ
2843 4102 3021 4167 τοῦτο,
3069 4102 3381 4173 ἐκδέχεσθαι
3431 4102 3592 4157 πάλιν
3623 4101 3724 4173 τῆς

476 4195 549 4254 ad
587 4196 765 4274 ipsum
790 4197 1152 4269 commigret:
1187 4214 1351 4269 quam
1401 4202 1653 4258 similiter
1683 4215 2042 4272 assumptam,

2153 4196 2258 4249 ἀπὸ
2283 4196 2382 4267 τῆς
2435 4195 2625 4267 ἐτέρας
2658 4194 2992 4267 πανσελήνου
3025 4196 3160 4266 πρὸς
3199 4196 3359 4249 αὐτὸν
3399 4196 3499 4266 τῆς
3544 4196 3721 4267 ψυχῆς

475 4285 548 4345 ad
580 4284 748 4345 Deum
803 4295 994 4362 sponte
1021 4289 1165 4344 sinat
1204 4289 1457 4346 transire.
1505 4292 1683 4364 Atque
1710 4293 1763 4349 id
1793 4293 1850 4348 in
1885 4310 2046 4351 omne

2154 4289 2498 4363 μετοίκησιν⁹
2533 4288 2626 4341 καὶ
2648 4288 3030 4359 παραλαόόντα
3060 4286 3256 4359 ὁμοίως
3293 4288 3430 4359 πρὸς
3472 4287 3564 4342 τὸν
3589 4286 3721 4341 Θεὸν

474 4392 650 4441 svum
680 4379 835 4448 pensi
865 4378 1065 4434 habere
1093 4388 1255 4449 atque
1283 4395 1479 4450 operae.

2153 4380 2243 4451 ὲᾷν
2269 4379 2584 4452 αὐτομάτως
2614 4379 2895 4452 φέρεσθαι.
2927 4381 3036 4435 Καὶ
3075 4380 3231 4434 τοῦτο
3266 4381 3354 4435 διὰ
3396 4379 3597 4444 παντὸς
3631 4381 3726 4434 ὲκ-

2073 4458 2117 4512 Ῐ)
2144 4475 2345 4530 πονεῖν.

548 4559 657 4615 Sed
687 4568 741 4616 et
770 4550 842 4616 'in
871 4560 987 4617 sole
1032 4561 1301 4631 ejusmodi
1355 4563 1710 4617 simulacrum
1770 4565 2042 4636 conspici.

479 4653 659 4724 qualis
679 4660 765 4708 est
795 4652 971 4708 forma
1004 4654 1279 4722 hominis;
1312 4654 1769 4727 ambitiosiusque
1784 4657 1916 4712 eniti
1938 4672 2048 4711 ma.

480 4745 669 4802 teriam
701 4753 762 4807 ut
788 4762 855 4803 ex
880 4761 941 4803 se
971 4746 1088 4818 ipsa
1116 4749 1317 4803 condat
1378 4747 1655 4804 hominem
1690 4789 1706 4813 ,
1760 4751 1910 4803 omni
1943 4766 2043 4805 sua

476 4835 764 4895 commista
787 4838 1006 4904 virtute,
1035 4839 1127 4910 qui
1154 4839 1270 4910 ipse
1299 4854 1518 4910 quoque
1542 4840 1739 4897 animae
1760 4842 2042 4912 quidpiam

478 4928 673 4987 habeat
702 4949 715 4984 ε
746 4931 977 4987 multum
1003 4942 1181 4988 tamen
1205 4933 1507 4989 contulisse
1526 4932 1779 4998 formam,
1799 4944 1860 4988 ut
1882 4937 2045 4993 homo

476 5021 658 5091 majus
678 5022 920 5093 aliquod,
950 5039 1061 5095 pra:
1085 5023 1314 5095 reliquis
1347 5024 1745 5091 animantibus,
1768 5039 2041 5081 commer-

476 5113 623 5171 cium
650 5115 1063 5172 nancisceretur
1102 5115 1300 5172 divinae
1335 5117 1576 5173 virtutis.
1608 5115 1745 5173 Esse
1773 5118 1917 5173 enim
1943 5117 2042 5173 ho-

475 5206 679 5263 minem
706 5207 905 5264 divinaa
932 5209 1155 5265 virtutis
1205 5210 1494 5282 imaginem
1529 5229 1547 5269 :
1599 5208 1878 5266 Christum
1916 5226 2045 5267 vero

473 5313 598 5355 esse
629 5307 887 5356 mentem.
923 5298 1027 5366 Qui
1062 5317 1184 5357 cum
1233 5302 1525 5372 aliquando
1564 5320 1595 5361 e
1639 5304 1896 5376 supernis
1928 5319 2043 5360 caa—

468 5397 622 5463 iique
646 5408 747 5449 axe
776 5394 1036 5461 venisset,
1079 5394 1243 5465 hujus
1274 5397 1561 5467 plurimam
1593 5407 1800 5468 partem
1824 5398 2044 5454 virtutis

474 5484 546 5538 ad
580 5482 747 5541 Deum
779 5485 1078 5542 dimisisse.
1107 5488 1189 5542 Ae
1224 5486 1443 5542 demum
1473 5488 1528 5543 in
1559 5504 1779 5545 crucem
1834 5499 2040 5551 actum,

477 5590 573 5646 per
602 5562 725 5632 eum
748 5577 970 5634 modum
1009 5579 1293 5635 scientiam
1310 5580 1611 5651 praebuisse
1642 5599 1656 5647 _:
1689 5581 2042 5650 divinamque

478 5671 699 5732 aptasse
763 5667 1058 5732 virtutem,
1104 5676 1164 5722 ut
1209 5667 1265 5722 iu
1322 5658 1551 5722 materia
1603 5669 2036 5743 cruciﬁgeretur.

488 5756 626 5828 Quia
677 5757 841 5829 igitur
866 5760 1059 5818 divinae
1083 5759 1379 5818 voluntatis
1405 5774 1467 5817 ac
1499 5758 1702 5815 decreti
1725 5768 1809 5817 est
1837 5767 1894 5816 ut
1926 5775 2038 5815 ma-

2215 4566 2325 4622 Καὶ
2371 4563 2555 4621 είκὸνα
2584 4564 2642 4618 δὲ
2689 4565 2748 4617 ὲν
2778 4563 2912 4637 ἡλίῳ
2955 4563 3226 4635 ἑωρᾶσθαι
3281 4563 3568 4636 τοιαύτην,
3609 4557 3723 4618 οἷόν

2145 4659 2260 4711 ἐστι
2298 4657 2358 4711 τὸ
2382 4656 2476 4711 τοῦ
2506 4655 2791 4728 ἀνθρώπου
2822 4654 2987 4721 εἶδος*
3013 4657 3106 4711 καὶ
3136 4656 3721 4728 ἀντιφιλοτιμήσασθαι

2143 4751 2242 4822 τὴν
2270 4750 2403 4822 ὕλην
2436 4752 2657 4822 ποιῆσαι
2686 4751 2776 4804 τὸν
2808 4749 3092 4822 ἄνθρωπον
3137 4749 3196 4817 ἐξ
3233 4749 3407 4819 αὐτῆς
3435 4748 3578 4803 κατά
3620 4748 3721 4820 τὴν

2143 4842 2232 4896 διά
2259 4842 2438 4915 πάσης
2455 4844 2628 4914 αὐτῆς
2650 4844 2749 4915 τῆς
2778 4842 3056 4914 δυνάμεως
3086 4841 3249 4915 μίξιν,
3273 4842 3465 4913 ἔχοντα
3499 4840 3594 4894 καὶ
3621 4841 3724 4894 αὐ-

2143 4936 2234 4989 τόν
2257 4954 2307 4990 τι
2335 4937 2432 5008 τῆς
2458 4936 2635 5012 ψυχῆς
2652 4954 2667 4969 ο
2689 4937 2823 4990 πολὺ
2847 4937 3024 5008 μέντοι
3055 4934 3464 5007 συμϐεὸλῆσθαι
3491 4934 3549 4987 τὸ
3578 4929 3720 4999 εἶδος

2143 5031 2224 5093 εις
2247 5029 2306 5083 τὸ
2336 5029 2515 5083 πλεῖόν
2547 5047 2599 5084 τι
2626 5028 2776 5101 παρά
2806 5029 2876 5081 τὰ
2900 5028 3035 5083 ἄλλα
3058 5026 3228 5099 θνητά
3272 5025 3387 5092 ζῶα
3425 5027 3525 5096 τῆς
3560 5025 3721 5081 δυνά-

2148 5137 2290 5191 μεως
2317 5122 2415 5191 τῆς
2454 5120 2601 5184 θείας
2619 5122 2709 5174 τὸν
2740 5119 3022 5192 ἄνθρωπον
3055 5121 3363 5189 μετασχεῖν.
3418 5118 3718 5190 ’Υπάρχειν

2142 5215 2250 5284 γὰρ
2282 5213 2442 5266 αὑτὸν
2477 5212 2627 5276 θείας
2663 5211 2943 5282 δυνάμεως
2985 5211 3201 5266 εἰκόνα’
3256 5210 3348 5263 τὸν
3388 5209 3447 5263 δὲ
3483 5208 3715 5280 Χριστὸν

2143 5301 2280 5377 εἶναι
2302 5306 2444 5359 νοῦν.
2479 5302 2576 5359 “Ov
2607 5304 2690 5377 δὴ,
2725 5306 2819 5357 καί
2846 5303 3172 5375 ἀφικόμενον
3204 5319 3333 5357 ποτε
3357 5302 3464 5355 ἀπὸ
3483 5301 3577 5355 τοῦ
3601 5301 3715 5355 ἄνω

2142 5374 2328 5459 τόπδυ,
2374 5394 2618 5449 πλεῖστόν
2658 5374 2719 5447 τε
2763 5395 2862 5465 τῆς
2898 5374 3176 5464 δυνάμεως
3210 5395 3414 5465 ταύτης
3450 5391 3586 5464 πρὸς
3621 5389 3712 5442 τὸν

2141 5487 2272 5541 Θεὸν
2296 5486 2595 5541 λελυκέναι.
2628 5487 2739 5543 Καὶ
2768 5485 2833 5558 δὴ
2875 5486 2969 5540 καὶ
2999 5486 3062 5538 τὸ
3099 5484 3407 5538 τελευταῖον
3441 5484 3715 5536 ἀνασταυ-

2144 5578 2385 5649 ρωθέντα
2418 5578 2790 5650 παρασχέσθαι
2817 5577 3019 5648 γνῶσιν
3045 5576 3232 5648 τοιῷδε
3253 5575 3440 5646 τρόπῳ
3458 5591 3472 5604 ’
3502 5573 3595 5627 καὶ
3611 5570 3711 5641 τὴν

2140 5668 2366 5739 δύναμιν
2417 5667 2515 5741 τὴν
2565 5669 2711 5723 θείαν
2750 5667 3102 5740 ὲνηρμόσθαι,
3154 5664 3591 5739 ἒνεσταυρῶσθαι
3638 5663 3708 5735 τῇ

2142 5758 2261 5835 ὕλῃ.
2309 5759 2460 5816 Ἐπεὶ
2485 5754 2576 5814 οὖν
2608 5758 2932 5816 ἀπόλλυσθαι
2949 5756 3045 5832 τὴν
3071 5757 3203 5830 ’ύλην
3223 5757 3339 5813 ἐστὶ
3354 5753 3487 5810 Θεοῦ
3511 5754 3708 5829 δόγμα,
