4088 6284
362 399 471 456 817

1248 394 1667 457 TRACTATUS
1705 395 1794 454 DE
1833 399 2146 457 PLACITIS
2183 400 2738 456 MANICHIEORUM.

3486 408 3594 466 “3

361 511 663 585 ἀπέχεσθαι
705 513 802 583 μὲν
848 512 1104 583 ἐμψύχων
1131 513 1376 578 πάντων,
1425 510 1720 577 σιτίζεσθαι
1749 512 1804 566 δὲ
1835 513 1902 568 λά

2035 515 2171 568 teria
2210 520 2417 582 pereat,
2447 513 2514 567 ab
2542 514 2610 566 iis
2659 512 2934 569 abstinere
2977 529 3097 584 quae
3153 515 3390 571 animata
3425 529 3597 590 sunt;

354 623 516 676 χανα,
546 607 636 657 καὶ
658 606 764 657 πᾶν
794 605 887 656 ὅτι
916 604 1256 674 ἀναίσθητον.
1295 603 1611 673 Ἀπέχεσθαι
1660 605 1714 656 δὲ
1743 605 1932 674 γάμων

2038 605 2184 659 vesci
2236 619 2368 658 vero
2402 604 2658 666 oleribus,
2692 618 2754 657 ac
2783 602 2828 658 si
2869 605 2996 673 quid
3037 613 3120 660 est
3157 621 3349 662 sensus
3377 625 3596 679 expers.

352 698 451 752 καὶ
483 696 807 768 ἀφροδισίων
839 695 931 748 καὶ
960 696 1317 759 τεκνοποιίας.
1362 696 1448 748 ἵνα
1487 696 1558 766 μὴ
1593 695 1866 748 ὲπιπλείον
1897 714 1904 747 1

2041 694 2109 748 Se
2137 707 2352 763 quoque
2381 693 2652 747 abstinere
2682 709 2711 746 ιι
2742 693 2948 762 nuptiis
2987 700 3040 747 et
3069 697 3315 751 venereis
3365 711 3429 751 ac
3466 715 3595 766 pro-

349 785 580 854 δύναμις
609 785 861 855 ὲνοικήσῃ
895 787 960 852 τῇ
989 783 1086 854 ὕλῃ
1117 784 1257 836 κατὰ
1275 783 1372 856 τὴν
1408 785 1500 838 τοῦ
1530 786 1717 852 γένους
1753 785 1929 839 διαδο-

350 879 489 948 χήν
527 877 599 947 μὴ
630 875 843 944 ἐξάγειν
871 876 927 928 δὲ
962 878 1204 940 ἑαυτοὺς,
1245 876 1665 947 μηχανωμένους
1715 877 1923 948 κάθαρ-

352 985 439 1020 σιν
467 961 542 1021 ὧν
572 969 875 1039 ἐλυμήνατο
898 970 930 1038 ἡ
964 967 1109 1039 μίξις
1137 970 1232 1038 τῆς
1261 968 1391 1040 ῦλης
1421 969 1518 1040 τὴν
1545 968 1792 1039 δύναμιν.

2036 784 2286 838 creandis
2320 783 2524 846 liberis,
2549 798 2617 836 ne
2648 782 2868 838 altiores
2897 784 2952 837 in
2980 787 3203 840 materia
3235 787 3449 844 radices
3500 807 3598 862 per

2031 875 2246 946 generis
2289 874 2694 929 successionem
2741 875 2914 930 virtus
2980 885 3146 946 agat;
3192 892 3293 931 nec
3351 894 3411 933 se
3447 880 3594 950 ipsos

2027 967 2284 1031 eximere,
2315 977 2576 1019 conantes
2612 965 2933 1031 emundare,
2992 983 3155 1037 quam
3184 968 3288 1024 sibi
3318 969 3494 1024 virtus
3526 987 3593 1026 ex

2024 1057 2253 1110 admista
2276 1057 2503 1110 materia
2525 1057 2698 1112 labem
2725 1059 3104 1115 conseirisset.

342 1198 476 1254 CAP.
501 1197 565 1253 ν.
593 1199 734 1254 Solis
759 1217 822 1254 ac
848 1201 985 1255 luna:
1013 1199 1186 1254 cultus
1208 1201 1303 1254 sub
1333 1199 1460 1254 Deo.
1485 1198 1790 1254 Maniclra'is
1815 1201 1867 1252 in
1898 1198 2200 1270 Grgzcorum
2223 1197 2434 1267 fabellis
2459 1200 2682 1268 quaesita
2705 1199 2973 1269 prazsidia.
2993 1201 3387 1270 Scripturarum
3409 1213 3592 1260 auctoo

1546 1271 1681 1323 ritas
1713 1287 1776 1324 ac
1796 1272 1926 1339 ﬁdes
1965 1269 2278 1323 Manichwis
2304 1279 2498 1335 spreta.

419 1407 501 1461 Τὰ
537 1409 633 1478 μὲν
663 1406 1166 1481 κεφαλαιωδέστερα
1191 1402 1264 1462 ὧν
1284 1409 1550 1478 λέγουσιν,
1579 1409 1694 1462 ἐστὶ
1724 1408 1912 1462 ταῦτα.

338 1515 560 1587 Τιμῶσι
592 1516 647 1568 δὲ
684 1516 918 1586 μάλιστα
954 1515 1104 1586 ἥλιον
1127 1517 1219 1570 καὶ
1248 1515 1494 1586 σελήνην,
1512 1515 1610 1584 οὐχ
1631 1515 1706 1577 ὡς
1739 1515 1913 1579 θεοὺς,

336 1617 459 1671 ἀλλ’
491 1617 565 1680 ὡς
593 1617 708 1670 όδὸν
741 1617 811 1670 δι’
838 1610 906 1688 ἧς
930 1616 1044 1669 ἔστι
1086 1617 1220 1687 πρὸς
1249 1615 1383 1669 Θεὸν
1411 1615 1722 1684 ἀφικέσθαι.
1761 1617 1917 1668 Ἀπο-

337 1709 703 1781 χωρισθείσης
730 1709 785 1762 δὲ
819 1709 1060 1781 ἀκριϐῶς
1081 1710 1178 1778 τῆς
1214 1709 1361 1773 Θείας
1394 1709 1691 1778 δυνάμεως,
1718 1707 1778 1760 τὸ
1811 1707 1916 1774 ἔξω

337 1800 457 1873 πῦρ
485 1818 636 1870 φασι,
664 1801 966 1873 συμπεσὸν,
997 1799 1155 1854 ἑαυτό
1186 1817 1243 1852 τε
1272 1801 1365 1854 καὶ
1391 1801 1452 1854 τὸ
1498 1799 1624 1855 ἄλλο
1670 1802 1909 1871 σύμπαν,

335 1893 366 1946 δ
387 1912 440 1946 τι
466 1893 512 1946 δ’
534 1893 598 1948 ἂν
621 1893 872 1966 λείπηται
902 1893 1000 1964 τῆς
1029 1892 1180 1964 ὕλης,
1233 1893 1711 1961 συγκαταφλέξειν.
1763 1894 1826 1944 υἱ
1854 1889 1913 1945 δὲ
1945 1923 1988 1976 Β

333 1987 398 2038 έν
424 1987 630 2050 τούτοις
669 1986 1009 2059 χαριέστεροι
1050 1986 1145 2038 καὶ
1199 1983 1524 2055 Ἑλληνικῶν
1555 1985 1656 2037 ούκ
1697 1983 1910 2055 ἄπειροι

333 2075 509 2145 λόγων
536 2079 1038 2148 ἀναμιμνήσκουσιν
1085 2077 1231 2146 ἡμᾶς
1271 2077 1335 2128 ὲκ
1376 2074 1484 2126 τῶν
1524 2072 1762 2127 οἰκείων.
1817 2075 1911 2126 Ἐκ

338 2169 440 2238 μὲν
467 2169 577 2222 τῶν
620 2167 848 2223 τελετῶν
895 2166 987 2221 τὸν
1034 2166 1506 2235 κατατεμνόμενον
1542 2165 1794 2218 Διόνυσον
1832 2164 1909 2235 τῷ

332 2259 477 2330 λόγῳ
499 2260 942 2331 ἐπιφημίζοντες,
966 2259 1071 2312 ὑπὸ
1090 2257 1198 2310 τῶν
1229 2259 1470 2312 Τιτάνων
1490 2300 1504 2322 ,
1543 2257 1907 2330 καθάπερίλέα

332 2367 521 2418 γουσιν
549 2351 723 2416 αὐτοὶ,
757 2350 854 2421 τὴν
880 2350 1027 2403 θείαν
1061 2348 1291 2418 δύναμιν
1338 2348 1656 2420 μερίζεσθαι
1689 2348 1770 2412 ε’ς
1809 2349 1908 2420 τὴν

333 2439 498 2511 ὓλην·
529 2443 591 2493 ἐκ
627 2441 682 2492 δὲ
711 2441 818 2493 τῶν
861 2442 1128 2512 ποιήσεων
1169 2440 1270 2510 τῆς
1317 2441 1782 2510 γιγαντομαχίας,
1825 2440 1907 2494 ὅτι

333 2531 470 2602 μηδὲ
491 2531 642 2584 αὐτοὶ
663 2531 932 2600 ἠγνόησαν
957 2532 1056 2600 τὴν
1082 2531 1182 2600 τῆς
1199 2529 1328 2601 ὕλης
1351 2531 1492 2584 κατά
1518 2530 1609 2582 τοῦ
1627 2531 1760 2584 Θεοῦ
1778 2530 1904 2584 ἅντ-

328 2639 512 2696 αρσιν.
587 2621 728 2691 Ἐγὼ
757 2623 834 2686 δὲ,
867 2623 940 2684 ὡς
979 2624 1076 2692 μὲν
1123 2625 1294 2677 ταῦτα
1328 2625 1426 2694 ούχ
1468 2623 1625 2676 ἰκανά
1656 2623 1906 2692 ψυχαγω-

327 2723 500 2794 γῆσαι
521 2723 646 2787 τοὺς
676 2722 1049 2788 ἀϐασανίστως
1071 2723 1160 2777 τὸν
1177 2723 1332 2792 λόγον
1371 2725 1780 2796 προσιεμένους,
1806 2724 1906 2776 ούκ

325 2809 400 2870 ἂν
437 2812 676 2884 εἴποιμι,
722 2815 918 2882 ὅπουγε
966 2815 1057 2867 καί
1099 2832 1251 2878 τινας
1288 2815 1396 2867 τῶν
1438 2812 1902 2884 συνεσχολακότων

325 2903 464 2974 ἡμῖν
490 2907 547 2957 ὲν
573 2905 651 2976 τῷ
677 2905 982 2974 φιλοσοφεῖν
1018 2907 1346 2978 μετέστησεν
1385 2910 1417 2978 ὴ
1451 2905 1672 2975 τοιαύτη
1718 2904 1898 2975 ἀπάτη

323 2994 442 3048 τῶν
465 2994 635 3064 λόγων
681 2997 816 3067 πρὸς
859 2998 1087 3068 ἑαυτήν·
1130 3000 1208 3062 είς
1235 2997 1478 3064 ἐξέτασιν
1518 2995 1574 3048 δὲ
1611 2997 1756 3059 ὅπως
1787 2993 1900 3065 ἔχει

319 3085 426 3139 νῦν
461 3088 692 3157 ἐμαυτὸν
719 3086 921 3154 καθεὶς,
953 3088 1143 3160 ἀπορῶ
1175 3089 1227 3142 τί
1268 3089 1576 3159 χρήσωμαι.
1604 3085 1740 3138 Οὔτε
1790 3084 1897 3158 γάρ

316 3175 412 3232 διά
443 3196 601 3232 τινων
627 3181 800 3249 λόγων
823 3181 1218 3252 νενομισμένων
1245 3182 1380 3234 εἰσὶν
1409 3180 1586 3232 αὐτῶν
1623 3181 1678 3232 αί
1707 3178 1897 3232 ὑποθέ-

322 3282 459 3333 σεις,
491 3268 575 3321 ἵνα
601 3270 740 3323 κατὰ
761 3271 960 3334 ταύτας
988 3271 1086 3342 τὴν
1113 3272 1338 3342 ζήτησιν
1361 3269 1712 3340 ποιησώμεθα
1733 3287 1746 3299 ·
1775 3267 1897 3321 οὔτε
1929 3278 1968 3332 C

323 3356 469 3419 τινὲς
489 3357 654 3428 ἀρχαὶ
685 3360 1027 3426 ἀποδείξεων,
1062 3362 1155 3416 καὶ
1185 3363 1270 3415 ἵνα
1296 3362 1357 3414 τὸ
1385 3361 1608 3422 ταύταις
1637 3360 1898 3429 ἑπόμενον

327 3450 645 3522 θεασώμεθα
669 3471 682 3483 ·
711 3453 933 3524 ἕρμαιόν
954 3472 1014 3507 τε
1052 3453 1265 3526 ἀληθῶς
1299 3455 1413 3506 ἐστι
1460 3453 1518 3505 τὸ
1561 3453 1668 3504 τῶν
1715 3450 1900 3514 ἁπλῶς

327 3543 632 3616 λεγομένων
678 3547 1010 3616 φιλοσοφεῖν.
1076 3549 1138 3600 Οἱ
1171 3547 1266 3610 τας
1294 3547 1423 3616 παρ’
1461 3545 1642 3609 αὐτοῖς
1685 3542 1900 3614 γραφὰς

328 3637 653 3703 παλαιάςτε
698 3641 790 3694 xxi
834 3639 958 3702 νέας
997 3641 1464 3710 ὑποστησάμενοι,
1509 3637 1897 3700 θεοπνεύστους

325 3723 463 3781 εἶναι
497 3730 888 3801 ὑποτιθέμενοι,
924 3731 1022 3794 τὰς
1057 3731 1204 3799 σφῶν
1243 3730 1420 3784 αὐτῶν
1461 3728 1618 3794 δόξας
1650 3727 1898 3781 ἐντεῦθεν

323 3820 663 3891 περαίνουσιο
700 3822 792 3874 καὶ
823 3821 1136 3891 ἐλέγχεσθαι
1175 3821 1332 3890 μόνον
1370 3818 1668 3891 τηνικαῦτα
1709 3815 1896 3870 δοκοῦ-ο

323 3929 429 3975 σιν,
459 3913 553 3966 έάν
584 3931 635 3966 τι
672 3915 746 3984 μὴ
768 3914 992 3976 ταύταις
1013 3912 1354 3982 ἀκόλουθονῆ
1383 3909 1634 3980 λέγεσθαι
1660 3910 1692 3980 ἢ
1721 3909 1895 3980 πράτι

317 4021 508 4074 τεσθαι
538 4023 627 4073 ὑπ’
661 4020 838 4074 αὐτῶν
864 4020 1171 4091 συμϐαίνει.
1216 4021 1326 4073 Καὶ
1347 4020 1482 4090 ὅπερ
1508 4020 1562 4070 al.
1605 4016 1755 4088 παρά
1785 4019 1894 4079 rei;

320 4116 666 4185 φιλοσοφοῦσι
697 4115 818 4169 καθ’
849 4115 1116 4186 Ἕλληνας
1148 4113 1254 4167 τῶν
1296 4111 1618 4176 ἀποδείξεων
1648 4112 1813 4184 ἀρχαὶ
1840 4114 1893 4164 αἱ

319 4209 611 4280 προτάσεις
637 4209 906 4280 διάμεσοι,
934 4208 1091 4261 τοῦτο
1133 4208 1263 4279 παρ’
1311 4207 1494 4269 αὐτοῖς
1527 4207 1674 4258 ἐστιν
1716 4206 1750 4275 ή
1785 4205 1893 4258 τῶν

317 4308 613 4378 προφητῶν
638 4308 806 4377 φωνή.
849 4304 1115 4359 Ἐνταῦθα
1154 4305 1211 4357 δὲ
1252 4303 1457 4356 τούτων
1500 4303 1599 4373 μὲν
1642 4300 1894 4354 ἁπάντων

317 4399 750 4470 ἐκϐαλλομένων,
778 4399 1083 4468 λεγομένων
1115 4397 1172 4450 δὲ
1215 4390 1294 4450 ὧν
1335 4395 1598 4467 πρότερον
1653 4396 1892 4464 ἐπεμνή-

315 4492 452 4564 σθην
481 4491 607 4546 ἄνευ
631 4492 772 4554 τινὸς
797 4488 1125 4556 ἀποδείξεως
1139 4506 1151 4518 ο
1177 4488 1473 4554 ἀναγκαίου
1495 4486 1551 4540 δὲ
1575 4487 1728 4548 ὄντος
1757 4485 1892 4554 μετὰ

313 4586 474 4654 λόγου
498 4583 824 4656 ποιήσασθαι
843 4585 942 4654 τὴν
968 4583 1276 4652 ἀπόκρισιν,
1298 4581 1432 4635 ἀλλά
1458 4579 1530 4650 μὴ
1549 4577 1888 4648 πιθανώτερα

2097 1407 2236 1463 Sunt
2268 1408 2383 1461 haec
2407 1407 2628 1491 quidem
2655 1423 2842 1462 eorum
2887 1425 3007 1478 quae
3043 1409 3231 1465 dicunt
3263 1427 3325 1467 ac
3348 1414 3590 1471 sentiunt

2024 1503 2436 1573 principaliora.
2469 1500 2668 1555 Colunt
2703 1517 2831 1555 vero
2858 1503 3092 1558 maxime
3114 1506 3281 1559 solem
3301 1517 3354 1561 et
3378 1509 3584 1572 lunam,

2023 1610 2131 1648 non
2169 1605 2225 1646 ut
2275 1595 2424 1658 deos,
2475 1593 2568 1646 sed
2609 1604 2664 1645 ut
2694 1596 2834 1646 viam
2881 1609 2985 1662 qua
3031 1597 3110 1650 eis
3156 1594 3322 1651 Deum
3367 1599 3584 1669 assequi

2023 1687 2202 1742 liceat.
2233 1685 2492 1755 Sejuucta
2533 1701 2663 1740 vero
2697 1686 2916 1755 penitus
2943 1686 3123 1741 divina
3152 1689 3373 1754 virtute,
3405 1691 3586 1761 ignem

2022 1778 2176 1830 aiunt
2228 1778 2553 1831 exteriorem
2607 1776 2910 1845 delapsum,
2942 1778 3119 1848 ipsum
3156 1796 3233 1844 se,
3265 1796 3328 1834 ac
3362 1782 3406 1835 si
3455 1781 3586 1851 quid

2020 1869 2164 1922 aliud
2195 1867 2359 1921 fuerit
2407 1868 2646 1922 materiae
2691 1869 2982 1938 reliquum,
3014 1871 3445 1926 combusturum.
3479 1869 3582 1941 Qui

2018 1972 2197 2015 autem
2228 1962 2368 2015 inter
2400 1975 2492 2014 eos
2537 1960 2828 2028 lepidiores
2882 1972 3049 2026 sunt,
3109 1978 3210 2016 nec
3259 1963 3566 2018 Graecanica

2017 2051 2340 2105 eruditionis
2367 2065 2430 2104 ac
2456 2050 2759 2104 litterarum
2791 2061 3074 2122 expertes,
3105 2055 3207 2122 ipsi
3237 2070 3336 2109 nos
3360 2071 3428 2110 ex
3457 2069 3583 2124 pro-

2016 2143 2149 2212 priis
2174 2141 2482 2195 admonent.
2506 2140 2583 2193 Ex
2600 2142 2926 2196 caerimoniis
2948 2144 3163 2212 quidem
3187 2160 3251 2198 ac
3277 2146 3581 2214 mysteriis:

2016 2248 2114 2304 per
2146 2231 2418 2285 Bacchum
2449 2231 2541 2300 qui
2589 2231 2796 2285 scissus
2826 2239 2982 2285 utero
3009 2240 3116 2296 est,
3149 2233 3469 2304 signiﬁcari,
3499 2234 3584 2290 dio

2014 2322 2122 2376 vidi
2147 2323 2202 2376 in
2235 2321 2511 2374 materiam
2543 2336 2573 2373 a
2603 2319 2910 2384 Titanibus,
2936 2330 2993 2374 ut
3027 2323 3129 2391 ipsi
3159 2325 3477 2392 loquuntur,
3500 2324 3584 2378 di-

2013 2414 2193 2467 vinam
2225 2410 2481 2465 virtutem
2509 2429 2520 2463 :
2565 2425 2631 2464 ex
2659 2419 2938 2479 poetarum
2969 2421 3148 2466 autem
3182 2413 3363 2467 fabula
3392 2415 3584 2484 gigan~

2014 2513 2131 2558 tum
2167 2518 2379 2574 pugnae,
2419 2501 2672 2566 indicari,
2708 2501 2786 2558 Ne
2818 2503 2941 2558 illos
2966 2505 3183 2574 quidem
3215 2505 3454 2561 materia:
3484 2507 3552 2562 ad
3578 2535 3583 2542 ι

2016 2609 2213 2649 versus
2263 2594 2432 2649 Deum
2481 2593 2830 2649 rebellionem
2882 2595 3200 2650 nescivisse.
3247 2595 3361 2667 Ego
3409 2613 3577 2663 sane,

2018 2686 2474 2756 quemadmodum
2505 2685 2619 2740 haec
2641 2685 2784 2741 haud
2816 2687 3134 2743 suliicientia
3166 2689 3234 2743 ad
3265 2704 3455 2744 eorum
3486 2692 3581 2747 de-

2008 2776 2278 2831 liniendos
2303 2777 2537 2843 animos,
2581 2778 2673 2846 qui
2703 2777 2854 2832 nullo
2878 2779 3128 2833 examine
3153 2793 3462 2835 sermonem
3492 2793 3585 2836 reo-

2007 2870 2238 2939 cipiunt,
2273 2868 2416 2922 haud
2446 2869 2661 2923 inﬁcias
2696 2871 2871 2934 ierim,
2932 2869 3373 2940 quandoquidem
3407 2872 3576 2927 etiam

2006 2963 2319 3028 nonnullos,
2368 2961 2458 3032 qui
2490 2978 2596 3016 una
2623 2963 2906 3017 nobiscum
2941 2963 3298 3032 philosophiae
3339 2973 3581 3018 navaw‘

2005 3060 2133 3106 runt
2165 3068 2410 3122 operam,
2441 3053 2772 3122 ejuseemodi
2804 3068 3118 3108 sermonum
3138 3053 3389 3125 deceptio
3419 3054 3488 3108 ad
3514 3066 3578 3110 se

2004 3145 2248 3198 traduxit
2284 3163 2298 3211 ;
2359 3148 2449 3214 qui
2483 3154 2662 3200 tamen
2694 3145 2853 3199 modo
2884 3160 3019 3209 rem,
3059 3151 3118 3198 ut
3147 3159 3206 3200 se
3253 3145 3448 3200 habeat
3477 3157 3577 3199 exs

2005 3237 2353 3292 aminandam
2383 3238 2683 3308 aggrediar,
2722 3253 2830 3308 quo
2861 3254 2944 3291 me
2973 3246 3181 3292 vertam
3214 3239 3419 3292 nescio.
3450 3234 3575 3294 Non

2003 3329 2148 3381 enim
2173 3344 2268 3397 per
2301 3328 2568 3396 legitimas
2601 3329 2739 3382 ullas
2768 3328 3005 3381 rationes
3024 3328 3324 3396 procedunt
3349 3327 3572 3382 illorum

2004 3419 2353 3489 hypotheses,
2388 3429 2445 3472 ut
2474 3435 2569 3488 per
2609 3435 2702 3474 eas
2753 3434 2979 3472 examen
3040 3417 3326 3472 instituere
3386 3418 3566 3474 liceat.

2001 3509 2186 3580 Neque
2222 3510 2330 3564 ulla
2360 3517 2486 3564 sunt
2515 3509 3044 3564 demonstrationum
3070 3509 3357 3578 principia,
3411 3518 3465 3563 et
3511 3519 3569 3564 ut

2001 3603 2144 3673 quod
2173 3603 2420 3672 sequitur
2446 3603 2728 3658 videamus
2762 3623 2773 3658 :
2832 3603 3219 3670 inventumque
3263 3616 3322 3656 re
3351 3616 3477 3656 vera
3514 3609 3573 3655 et

1999 3697 2211 3751 lucrum
2243 3697 2579 3765 insperatum
2615 3711 2802 3749 eorum
2833 3703 2937 3756 est,
2978 3694 3070 3764 qui
3107 3694 3412 3762 simplicius
3447 3695 3565 3764 phi-

2005 3787 2282 3856 losophari
2307 3787 2582 3841 dicuntur.
2613 3785 2700 3846 lli,
2753 3801 2921 3840 novas
2945 3786 3047 3840 sibi
3075 3795 3394 3854 yeteresque
3428 3787 3567 3840 serie

1999 3887 2194 3949 pturas
2217 3879 2555 3942 adhibentes,
2589 3894 2710 3932 cum
2734 3877 2995 3933 divinitus
3016 3877 3306 3946 inspiratas
3337 3878 3442 3932 sibi
3471 3884 3570 3934 ea!

1997 3978 2263 4036 statuant,
2299 3988 2428 4027 suas
2452 3972 2576 4025 inde
2599 3971 2883 4040 opiniones
2911 3969 3244 4023 concludunt
3276 3988 3288 4035 ;
3322 3973 3565 4038 tuncque

1997 4063 2174 4116 solum
2208 4061 2358 4132 argui
2392 4060 2645 4115 videntur
2690 4068 2852 4130 atque
2882 4058 3074 4122 refelli,
3100 4074 3228 4113 cum
3255 4059 3322 4112 ab
3351 4058 3430 4112 eis
3463 4058 3562 4112 ali-

1997 4155 2124 4224 quid
2153 4166 2261 4207 non
2297 4154 2362 4206 iis
2396 4168 2697 4207 consonum
2729 4162 2821 4206 aut
2851 4151 2957 4204 dici
2994 4157 3087 4204 aut
3138 4151 3218 4221 agi
3249 4149 3559 4220 contigerit.

1997 4243 2259 4313 Quodque
2309 4243 2375 4297 iis
2416 4244 2508 4313 qui
2554 4241 2864 4297 Graecorum
2902 4242 3010 4296 ritu
3063 4240 3556 4312 philosophantur,

1996 4333 2522 4388 demonstrationum
2569 4332 2834 4402 principia
2877 4331 3213 4386 intermediaa
3233 4330 3562 4401 propositio-

1997 4442 2094 4480 nes
2123 4435 2251 4479 sunt
2283 4443 2299 4491 ;
2328 4425 2429 4479 hoc
2483 4425 2622 4495 ipsis
2651 4433 2735 4478 est
2764 4423 3148 4493 prophetarum
3200 4439 3303 4477 vox
3341 4437 3405 4478 ac
3432 4437 3562 4479 ora-

1998 4517 2202 4572 culum.
2236 4515 2336 4571 Hie
2366 4523 2567 4578 autem,
2629 4516 2844 4569 eunetis
2881 4515 2964 4568 his
2993 4515 3321 4579 eliminatis,
3354 4525 3408 4570 et
3437 4531 3566 4580 cum

1987 4624 2051 4662 ea
2085 4623 2316 4678 quorum
2351 4607 2603 4677 superius
2666 4605 2886 4659 memini
2917 4645 2932 4668 ,
2983 4591 3190 4675 absque
3221 4607 3328 4660 ulla
3362 4608 3576 4676 probae.

315 4677 479 4748 ἓτερα
501 4676 827 4746 παραθεῖναι
858 4675 951 4728 καὶ
986 4673 1182 4744 μᾶλλον
1210 4672 1587 4743 ψυγαγωγεϊν·
1641 4670 1888 4742 χαλεπω-

2006 4701 2142 4754 Lione
2171 4698 2424 4753 dicantur
2451 4716 2466 4765 ;
2501 4699 2678 4768 sitque
2706 4697 3078 4752 necessarium
3113 4706 3173 4752 ut
3197 4714 3322 4754 cum
3351 4701 3576 4761 ratione

315 4774 452 4846 τέρα
481 4777 515 4844 ὴ
545 4774 748 4842 ἔφοδος,
786 4775 875 4826 καὶ
899 4774 976 4826 ἔτι
1004 4773 1200 4843 μᾶλλον
1235 4769 1610 4843 δυσκολωτέρα
1636 4812 1650 4836 ,
1683 4774 1763 4824 ὅτι
1794 4771 1888 4822 καὶ

316 4866 594 4929 ποικίλους
621 4868 746 4930 τοὺς
773 4866 961 4934 λόγους
978 4863 1244 4920 ποιεῖσθαι
1271 4864 1368 4918 δεῖ.
1402 4859 1472 4916 Οἵ
1503 4881 1560 4917 τε
1589 4864 1694 4934 γὰρ
1728 4864 1886 4934 ἀκρι-

318 4955 561 5025 ϐέστεροι
589 4956 714 5018 τοὺς
745 4955 849 5008 ὑπὸ
891 4954 1094 5008 τούτων
1129 4955 1258 5008 ἄνευ
1292 4953 1436 5016 τινὸς
1481 4954 1714 5016 πίστεως
1751 4969 1886 5024 προ-

316 5048 782 5120 κατειλημμένους
805 5046 1011 5101 λάθοιεν
1059 5047 1144 5113 ἂν,
1175 5048 1243 5108 εί,
1287 5046 1374 5099 ὅτε
1421 5047 1500 5108 είς
1533 5044 1888 5116 ψυχαγωγίαν

315 5145 542 5212 γένοιτο,
568 5149 647 5210 είς
680 5147 777 5210 τὰς
797 5147 964 5210 αὑτὰς
983 5146 1150 5209 λαϐὰς
1171 5142 1534 5216 ἐμπεσοῦνται
1553 5159 1565 5171 ·
1599 5140 1658 5206 ἐξ
1684 5140 1882 5212 ὁμοίων

313 5237 421 5310 γὰρ
465 5239 746 5307 γεγονέναι
777 5236 1076 5304 δοξάζουσι.
1119 5238 1209 5291 Διὸ
1255 5235 1457 5308 πολλῆς
1506 5233 1599 5288 καὶ
1641 5232 1884 5303 μεγάλης

317 5343 588 5414 φροντίδος
613 5343 710 5410 δεῖ,
743 5345 836 5397 καὶ
862 5342 996 5396 Θεοῦ
1013 5343 1088 5407 ὡς
1102 5341 1335 5412 ἀληθῶς,
1366 5339 1424 5402 ὃς
1452 5337 1544 5391 τοῖ’
1565 5337 1723 5406 λόγου
1745 5337 1885 5406 ἡγή⁹

314 5461 480 5500 σεται.

1987 4797 2396 4866 reSponsionem
2435 4795 2719 4858 faciamus,
2750 4807 2859 4846 non
2891 4807 3020 4847 vero
3052 4795 3417 4865 probabiliora
3432 4796 3569 4862 alia,

1987 4896 2042 4942 ct
2077 4903 2196 4957 qum
2239 4887 2413 4957 magis
2443 4885 2674 4939 delinire
2707 4885 2942 4949 valeant,
2987 4901 3394 4956 proponamus:
3437 4901 3550 4941 mo.-

1989 4977 2180 5032 lestior
2211 4983 2294 5030 est
2321 4975 2630 5045 aggressio,
2685 4973 2920 5043 hincque
2962 4975 3108 5029 adeo
3143 4977 3317 5046 magis
3361 4977 3566 5042 ardua,

1988 5069 2134 5139 quod
2161 5077 2214 5123 et
2248 5067 2732 5122 variosinstituere
2757 5082 3051 5124 sermones
3065 5084 3292 5127 necesse
3321 5081 3427 5127 est.
3449 5069 3563 5139 Qui

1987 5177 2225 5230 namque
2254 5160 2426 5231 magis
2458 5161 2698 5214 accurati
2732 5162 3094 5232 certiorisque
3123 5164 3370 5218 veritatis
3400 5171 3562 5233 sunt-,,

1991 5266 2086 5305 eos
2135 5251 2412 5314 latuerint,
2443 5266 2584 5320 quos
2618 5259 2764 5305 certa
2809 5250 3044 5324 quadam
3077 5252 3398 5306 credulitate
3428 5261 3559 5310 ante

1988 5341 2330 5404 admiserint,
2365 5341 2433 5406 si,
2483 5357 2606 5396 cum
2634 5342 2700 5396 ad
2728 5340 3096 5398 deiiniendum
3144 5340 3387 5397 adhiberi
3416 5356 3554 5395 con-

1992 5437 2212 5507 tigerit,
2245 5437 2299 5489 in
2329 5436 2547 5490 easdem
2596 5451 2761 5492 ansas
2814 5437 3277 5502 necessitatesque
3344 5433 3555 5491 incide-

315 5543 440 5597 rint.
468 5539 829 5612 Quamobrem
885 5541 1055 5596 multa
1087 5553 1388 5612 magnaque
1425 5551 1563 5608 opus
1590 5531 1871 5606 diligentia
1898 5540 2002 5596 est,
2033 5549 2094 5589 ac
2121 5534 2280 5604 plane
2318 5530 2445 5597 Deo,
2481 5532 2576 5604 qui
2606 5532 2722 5604 ipse
2753 5532 2864 5588 dux
2905 5539 2960 5588 et
3011 5544 3214 5600 auspex
3272 5527 3375 5584 erit
3419 5543 3551 5590 ser.

320 5635 518 5691 monis.
