4088 6284
454 395 563 453 4-19
1462 372 1864 445 ALEXAND!“
1898 379 2209 439 EPISCOPI
2248 380 2755 441 LYCDPOLITANI
3577 383 3687 441 uo

455 532 585 598 Car.
618 536 711 595 Vl.
743 535 1158 592 Manichceorum
1188 534 1291 588 duo
1313 533 1594 603 principia.
1629 529 1759 600 Ipsa
1785 525 2479 603 uexgta.ﬂythagoreor_um
2505 525 2569 581 de
2607 525 2879 596 principiis
2926 525 3122 594 opinio.
3158 523 3366 579 Bonum
3403 532 3454 580 et
3481 526 3686 582 malum

1665 596 1948 657 mnam.
1982 596 2023 650 Α
2053 596 2186 650 bono
2206 596 2457 653 uictoria.

533 733 648 787 Duo
671 727 935 802 principia
980 730 1247 785 statuunt,
1295 720 1464 775 Deum
1497 727 1552 774 et
1594 717 1900 773 materiam.
1935 714 2023 770 Si-
2049 720 2096 776 Α

2079 733 2096 776 ι
2193 715 2296 768 Δύο
2325 713 2498 787 ἀρχὰς
2527 713 2888 781 ὑποτίθενται,
2920 713 3053 768 Θεδν
3089 716 3184 768 καὶ
3217 714 3366 785 ὓλην.
3407 715 3469 767 Et
3503 715 3600 786 μὲν
3628 714 3693 770 τδ

460 819 677 896 quidem
705 815 758 870 id
788 813 934 884 quod
985 811 1042 866 lit
1086 819 1248 880 atque
1296 811 1503 872 oritur,
1540 807 1609 862 ab
1642 821 1708 861 eo
1740 803 1886 896 quod
1913 815 2020 873 est,

2121 807 2439 877 γιγνόμενον
2469 806 2563 860 τοῦ
2595 805 2746 869 ὖντος
2774 805 3129 878 ἀποχωρίζει,
3158 806 3254 876 οὐχ
3290 805 3488 875 ὁμοίως
3512 806 3690 878 φαύλη

462 916 709 969 secernat
744 904 993 977 (Manes),
1049 904 1193 958 haud
1242 900 1468 972 perinde
1496 898 1637 952 mala
1671 895 1973 967 suppositio
2005 913 2020 961 ;

2123 899 2157 969 ἡ
2181 898 2435 961 ὑπόθεσις
2459 936 2475 961 ,
2529 897 2615 950 ἵνα
2645 898 2781 969 μήτε
2822 900 2855 969 ἡ
2884 897 2983 967 ὕλη
3024 897 3223 968 ἑαυτὴν
3257 900 3415 968 ποιῇ,
3465 899 3558 951 καὶ
3586 897 3692 950 τῶν

462 1009 523 1057 ιιι
553 1015 727 1071 neque
752 998 977 1052 materia
1009 995 1127 1066 ipsa
1173 1008 1233 1050 se
1270 993 1444 1063 ipsam
1475 989 1691 1052 etﬁciat,
1722 998 1776 1043 et
1806 995 2024 1043 contra-

2126 989 2378 1044 ἐναντίων
2394 987 2721 1060 ἀποδέχηται
2744 988 2922 1057 λόγον,
2946 987 3182 1042 ποιοῦσά
3200 1005 3256 1040 τε
3276 989 3368 1041 καὶ
3388 989 3686 1059 πάσχουσα’

463 1094 667 1150 riorum
700 1089 960 1144 rationem
982 1086 1231 1157 recipiat,
1259 1100 1381 1155 qua:
1409 1091 1524 1138 tum
1557 1088 1681 1152 agat
1703 1087 1817 1134 tum
1847 1079 2025 1150 patia-

2128 1081 2252 1151 μήτ’
2300 1075 2365 1134 αὖ
2417 1078 2642 1133 τοιαῦτα
2679 1078 2839 1134 πάλιν
2891 1079 3054 1152 ἔτερα
3104 1080 3232 1150 περὶ
3268 1079 3359 1133 τὸν
3412 1078 3692 1150 ποιητικὸν

459 1194 555 1240 tur
585 1198 600 1235 :
630 1197 805 1253 neque
827 1195 1018 1236 rursus
1049 1179 1156 1231 alia
1182 1176 1312 1231 talia
1336 1176 1405 1230 de
1428 1173 1691 1229 ’eﬂ'ectore
1737 1188 2027 1241 rerumque

2126 1170 2294 1225 αἴτιον
2327 1169 2616 1242 θεωρῆται,
2651 1170 2687 1225 ἃ
2711 1170 2832 1223 οὐδὲ
2857 1170 3033 1239 λέγειν
3058 1171 3187 1235 ἴσως
3217 1170 3373 1240 θέμις
3391 1188 3404 1201 ·
3430 1169 3604 1223 καίτοι
3628 1169 3687 1223 οὐ

464 1283 686 1333 auctore
716 1272 1110 1341 intelligantur,
1138 1283 1259 1339 quae
1286 1282 1387 1322 nec
1412 1264 1551 1320 forte
1582 1265 1664 1319 fas
1698 1263 1767 1318 sit
1806 1263 2023 1330 dicere;

2125 1262 2375 1334 δεομένου
2403 1262 2496 1317 τοῦ
2532 1262 2666 1316 Θεοῦ
2697 1264 2832 1336 πρὸς
2876 1264 2944 1318 τὰ
2972 1263 3387 1334 ἀποτελέσματα
3435 1261 3598 1333 ὕλης,
3634 1265 3692 1316 ὲν

463 1367 680 1423 tametsi
708 1364 852 1420 Deus
877 1363 945 1417 ad
964 1360 1176 1424 cll‘ecta,
1219 1358 1446 1413 materia
1474 1372 1581 1410 non
1613 1355 1873 1425 indigeat,
1901 1369 2028 1408 cum

2128 1352 2419 1407 ὑποστάσει
2448 1353 2756 1426 δυναμένων
2777 1354 3056 1425 γίγνεσθαι
3085 1354 3302 1409 πάντων
3330 1355 3466 1426 πρὸς
3489 1356 3695 1408 ἐκεῖνον

465 1461 650 1516 omnia
676 1460 730 1513 in
759 1454 1061 1513 substantia
1091 1460 1145 1508 et
1176 1466 1297 1522 quae
1328 1464 1456 1505 vere
1481 1449 1747 1504 exsistant
1778 1446 1845 1501 ad
1877 1447 2027 1501 illum

2128 1443 2218 1496 τὸν
2236 1443 2363 1500 ινοῦν
2385 1461 2399 1474 ο
2438 1447 2485 1497 εἰ
2511 1445 2587 1510 δὲ,
2618 1446 2753 1517 ὅπερ
2779 1447 2975 1516 μᾶλλον
3004 1446 3256 1516 λέγεσθαι
3287 1447 3454 1511 δοκεῖ,
3482 1446 3573 1499 ὕπ’
3600 1446 3697 1498 αὐ-

466 1570 632 1612 sensu
659 1550 794 1607 ellici
826 1547 960 1602 nihil
979 1545 1284 1616 prohibeat.
1319 1540 1417 1595 Sin
1441 1549 1644 1602 autem,
1677 1538 1822 1609 quod
1856 1538 2031 1608 magis

2128 1534 2221 1588 τοῦ
2248 1537 2281 1607 ἡ
2312 1536 2540 1601 ἄτακτος
2574 1538 2786 1609 κίνησις
2807 1538 2916 1593 τῶν
2948 1539 3117 1593 ὄντων
3148 1541 3294 1594 ἐστὶν
3323 1538 3447 1610 ὖλη,
3480 1538 3694 1611 πρῶτον

466 1646 575 1703 dici
634 1644 869 1702 videtur,
907 1639 1010 1694 sub
1063 1637 1183 1706 ipso
1235 1634 1579 1690 inordinatus
1618 1647 1801 1686 rerum
1852 1642 2030 1687 motus

2134 1628 2232 1700 μὲν
2253 1629 2502 1684 λανθάνει
2529 1633 2716 1685 ἑαυτὸν
2739 1632 2925 1704 ἕτερον
2963 1633 3241 1703 ποιητικὸν
3264 1631 3433 1685 αἴτιον
3467 1630 3696 1700 ὑφιστά-

468 1737 691 1793 materia
724 1741 826 1797 est,
853 1730 1084 1802 primum
1116 1729 1333 1800 quidem
1366 1726 1586 1781 incaute
1613 1741 1677 1780 ac
1710 1724 2029 1795 imprudens

2136 1737 2294 1790 μενος
2340 1722 2663 1790 (κακοποιὸν
2692 1722 2906 1794 μέντοι)
2940 1740 2952 1753 ·
2993 1723 3089 1794 οὐχ
3134 1724 3237 1794 ὁρᾷ
3270 1722 3325 1776 δὲ
3358 1723 3450 1776 καὶ
3481 1723 3542 1776 τὸ
3567 1721 3696 1775 ἑπό-

470 1826 617 1881 aliud
640 1825 875 1880 elliciens
897 1821 1021 1891 (etsi
1051 1818 1375 1889 maleﬁcum)
1401 1816 1690 1872 constituit
1727 1835 1740 1871 :
1770 1831 1873 1871 nec
1901 1815 2031 1886 quid

2137 1829 2315 1885 μενον,
2329 1815 2431 1878 ὅτι,
2451 1815 2498 1866 εί
2514 1814 2644 1868 Θεὸν
2662 1815 2878 1879 πάντως
2894 1816 3222 1870 ὑποστατέον
3249 1816 3340 1869 καὶ
3365 1815 3516 1887 ὓλην,
3536 1814 3698 1886 ἑτέρα

471 1919 597 1975 inde
624 1925 884 1987 sequatur
904 1910 1324 1975 animadvertit;
1352 1923 1568 1978 nempe,
1595 1906 1641 1963 si
1672 1921 2035 1963 necesse-om-

2132 1922 2217 1970 τις
2244 1906 2343 1978 ὕλη
2372 1905 2448 1978 τῷ
2476 1906 2593 1979 Θεῷ
2615 1907 2975 1979 ὑποστήσεται
2995 1925 3009 1939 ·
3038 1908 3124 1963 ἵνα
3146 1908 3390 1980 ἑκατέρω
3412 1907 3519 1962 τῶν
3543 1925 3701 1979 ποιη-

469 2011 601 2067 nino
646 2009 720 2065 sit
763 2014 821 2062 ut
870 2004 1015 2060 Deus
1042 2011 1096 2058 et
1138 2002 1366 2056 materia
1407 2008 1821 2070 supponantur,
1872 1999 2032 2052 aliam

2132 1995 2300 2051 τικῶν
2324 1997 2510 2050 αἰτίων
2537 1998 2570 2067 ἡ
2605 1997 2933 2069 ὑποκειμένη
2968 1998 3187 2072 ὑπάρχῃ
3213 1997 3333 2069 ὕλη.
3364 1992 3502 2052 Ἀντὶ
3522 1998 3700 2055 τοίνυν

469 2114 688 2171 quoque
716 2097 995 2152 materiam
1026 2092 1135 2150 Deo
1157 2093 1498 2165 suppositum
1533 2092 1602 2146 iri
1631 2111 1644 2146 :
1673 2098 1736 2145 ut
1773 2090 2032 2146 videlicet
2062 2079 2083 2134 Ῑ

1942 2098 2032 2145 cet
2062 2079 2104 2134 Β
2132 2089 2225 2143 δύο
2251 2089 2516 2162 τέτταρας
2540 2090 2670 2160 ἡμῖν
2700 2089 2867 2143 ποιῶν
2899 2090 3072 2163 ἀρχὰς
3102 2090 3556 2162 ἐπιδειχθήσεται.

471 2191 736 2246 ambobus
776 2187 1134 2244 ellicientibus
1155 2188 1382 2243 materia
1402 2186 1649 2257 subjecta
1674 2186 1767 2243 sit.
1819 2183 1925 2240 Pro
1980 2185 2193 2241 duobus
2228 2185 2411 2256 igitur,
2458 2192 2696 2256 quatuor
2729 2183 2888 2241 nobis
2920 2184 3185 2255 principia
3234 2192 3495 2256 praestare
3543 2198 3701 2240 mon-

473 2285 755 2342 strabitur.

540 2363 893 2433 Admiranda”
920 2388 1051 2431 vero
1077 2382 1132 2428 et
1163 2374 1231 2428 ab
1259 2374 1352 2429 illo
1380 2373 1561 2444 posita
1615 2372 1892 2443 utrimque
1921 2372 2036 2428 dis-

2201 2369 2498 2442 Θαυμαστὴ
2526 2370 2584 2423 δὲ
2619 2369 2711 2423 καὶ
2743 2371 2775 2441 ἠ
2808 2368 3211 2442 ἀντιδιαίρεσις.
3232 2368 3420 2440 Είγάρ
3434 2367 3564 2431 Θεός
3586 2368 3701 2421 ἐστι

471 2470 684 2525 tinctio.
713 2466 772 2522 Si
811 2467 956 2521 enim
986 2466 1089 2521 hoc
1115 2464 1280 2520 Deum
1308 2465 1608 2529 existimat,
1636 2463 1784 2535 quod
1806 2465 2031 2528 bonum,

2136 2465 2265 2537 παρ’
2291 2462 2458 2534 αὐτῷ,
2486 2464 2622 2534 ὅπερ
2652 2463 2714 2517 τὸ
2735 2462 2956 2532 ἀγαθὸν,
2974 2462 3069 2516 καὶ
3101 2462 3348 2533 βούλεται
3383 2461 3701 2531 ὑφίστασθαι

471 2562 694 2631 vultque
721 2574 847 2614 vere
891 2558 1157 2614 exsistere
1213 2556 1359 2630 quod
1386 2564 1473 2613 est
1517 2558 1595 2612 illi
1648 2556 2033 2623 contrarium;

2134 2557 2281 2628 αὑτῷ
2308 2557 2567 2621 ἐναντίον,
2603 2556 2692 2611 διὰ
2719 2556 2774 2609 τί
2801 2556 2860 2609 οὐ
2894 2555 3145 2627 καθάπερ
3167 2555 3311 2619 τινὲς
3337 2555 3444 2609 τῶν
3468 2555 3709 2624 Πυθαγο-

471 2652 827 2725 quidnivelut
859 2648 1204 2721 Pythagorici
1221 2647 1443 2719 quidam
1466 2648 1670 2703 malum
1701 2647 1802 2718 ipsi
1818 2654 2040 2702 contra-

2138 2649 2296 2721 ρείων
2324 2648 2384 2702 τὸ
2412 2648 2582 2702 κακὸν
2610 2647 2758 2718 αὐτῷ
2778 2647 3106 2718 ἀντιτίθησιν
3128 2663 3143 2712 ;
3183 2647 3557 2719 ’Δνεκτότερον
3575 2644 3709 2715 γοῦν

473 2745 616 2802 rium
654 2744 806 2814 ponit
831 2743 854 2796 ?
896 2740 1203 2796 Ferendum
1225 2755 1357 2795 sane
1380 2740 1577 2809 magis,
1604 2747 1664 2794 ut
1690 2740 1758 2793 ab
1790 2739 1900 2794 illis
1924 2738 2035 2794 duo

2138 2740 2232 2792 ὑπ’
2259 2739 2482 2793 ἐκείνων
2510 2738 2765 2808 λέγεσθαι
2786 2737 2878 2792 δύο
2900 2733 3037 2791 εἶναι
3071 2738 3263 2811 ἀρχὰς,
3298 2737 3359 2791 τὸ
3378 2737 3578 2807 ἀγαθὸν
3610 2736 3708 2792 καὶ

472 2838 742 2909 principia
757 2836 1030 2896 dicantur,
1055 2832 1260 2887 bonum
1282 2840 1335 2887 et
1373 2832 1573 2886 malum
1601 2848 1616 2899 ;
1653 2831 1797 2886 inter
1829 2845 1887 2886 se
1902 2845 2038 2884 con-

2138 2833 2198 2884 τὸ
2226 2831 2422 2885 κακόν·
2457 2830 2766 2894 στασιάζειν
2790 2831 2846 2884 δὲ
2872 2830 3074 2894 ταύτας
3105 2830 3359 2901 συνεχῶς,
3389 2832 3707 2904 ἐπικρατεῖν

472 2929 627 2984 tinue
659 2927 975 2997 pugnantia,
1028 2940 1150 2979 cum
1180 2930 1361 2977 tamen
1416 2922 1619 2976 bonum
1661 2923 1804 2977 malo
1830 2936 2038 2992 praeva-

2141 2919 2199 2972 δὲ
2223 2920 2284 2972 τὸ
2318 2917 2540 2988 ἀγαθόν.
2574 2921 2637 2973 El
2661 2919 2770 2990 γὰρ
2800 2920 2862 2974 τὸ
2893 2921 3061 2974 κακὸν
3102 2920 3390 2991 ὑπερέχοι,
3434 2920 3710 2992 φθαρήσε-

473 3023 600 3078 leat.
629 3019 766 3074 Nam
798 3018 846 3073 si
881 3017 1085 3072 malum
1132 3021 1415 3086 superaret
1445 3054 1462 3080 ,
1507 3014 1793 3070 interirent
1830 3014 2034 3069 omnia.

2144 3009 2266 3064 σθαι
2284 3010 2480 3064 πάντα.
2512 3010 2684 3074 ’Ὀλως
2712 3010 2820 3082 γὰρ
2848 3011 2969 3064 καθ’
2993 3012 3188 3083 ἑαυτὴν
3224 3012 3321 3083 μὲν
3357 3013 3390 3082 ή
3437 3010 3537 3084 ὕλη
3583 3011 3708 3066 οὕτε

475 3110 711 3166 Prorsus
742 3108 887 3165 enim
917 3105 1143 3161 materia
1168 3103 1470 3160 secundum
1501 3120 1580 3168 se,
1625 3119 1802 3174 neque
1836 3118 2036 3173 corpus

2144 3102 2301 3173 σῶμά
2329 3105 2494 3167 ἐστιν,
2519 3101 2642 3155 οὕτε
2668 3102 2911 3176 ἀκριϐῶς
2939 3103 3227 3174 ἀσώματόν
3256 3121 3331 3169 τι,
3364 3103 3486 3158 οὕτε
3519 3105 3706 3172 ἁπλῶς

471 3210 583 3271 ost,
628 3216 805 3272 neque
843 3198 1069 3254 omnino
1104 3198 1483 3266 incorporeum
1514 3195 1755 3266 aliquid;
1784 3202 1839 3249 at
1861 3211 2039 3265 neque

2140 3194 2258 3248 τόδε
2288 3211 2368 3248 τι’
2410 3193 2547 3248 ἀλλά
2575 3195 2824 3262 ἀόριστός
2845 3212 2928 3259 τις
2956 3195 3335 3267 προσλαϐοῦσα
3361 3195 3422 3249 τὸ
3450 3190 3589 3260 εἶδος
3622 3197 3707 3265 γί-

473 3296 795 3367 εἰιιίιριὶοἰιει·
816 3295 920 3347 hoc
943 3289 1146 3360 aliquid
1168 3309 1181 3344 :
1203 3288 1296 3345 sed
1326 3287 1603 3342 indeﬁnita
1631 3287 1899 3358 quaedam,
1920 3302 2039 3357 quae

2141 3304 2290 3341 νεται
2319 3287 2620 3359 ὡρισμένηθ
2637 3281 2746 3341 οἷον
2764 3286 2862 3359 τὴν
2886 3288 3164 3361 πυραμίδα
3183 3288 3280 3359 μὲν
3303 3288 3412 3360 πῦρ
3431 3306 3444 3319 ·
3468 3289 3527 3343 τὸ
3544 3289 3707 3344 ὀκτά-

477 3390 649 3446 l'orma
679 3386 968 3442 accedente
992 3385 1210 3439 ﬁniatur
1240 3397 1304 3437 ac
1338 3383 1682 3445 terminetur,
1720 3381 1867 3436 velut
1895 3381 2038 3451 ignis
2065 3416 2091 3477 ί

2089 3415 2110 3478 Ξ
2142 3380 2294 3451 εδρον
2321 3379 2376 3432 δὲ
2401 3380 2540 3451 ἀήρ·
2579 3379 2639 3433 τὺ
2670 3380 3012 3453 εἰκοσάεδρον
3042 3379 3270 3453 δὲ’ὓδωρ
3290 3398 3304 3412 ο
3338 3382 3499 3435 κύὸον
3520 3381 3578 3435 δὲ
3607 3381 3703 3454 γῆ.

474 3488 619 3536 meta
650 3494 714 3533 ac
739 3476 1047 3550 pyramidej;
1077 3474 1332 3530 octaedro
1366 3473 1709 3544 (octonorum
1744 3487 2037 3541 corporum
2071 3467 2088 3477 “

2095 3467 2110 3478 ’
2142 3472 2266 3536 Πῶς
2294 3467 2385 3525 οὖν
2416 3473 2532 3525 ἐστι
2555 3472 2661 3527 τῶν
2685 3473 2963 3545 στοιχείων
2988 3476 3021 3546 ἡ
3048 3475 3281 3539 ἄτακτος
3309 3475 3709 3548 κίνησιςήῦλης

475 3568 655 3640 sessu)
687 3583 814 3634 aer;
857 3565 1145 3622 icosaedro
1170 3563 1528 3636 (vicenorum)
1561 3578 1700 3632 aqua
1727 3580 1741 3630 ;
1766 3563 2041 3633 quadran—

2112 3566 2279 3620 ΔΚαθ’
2313 3565 2509 3637 ἑαυτὴν
2566 3565 2665 3636 μὲν
2711 3563 2802 3621 οὖν
2831 3568 2931 3620 οὐκ
2984 3568 3129 3623 ἐστιν
3177 3570 3452 3640 ὑποστατή
3475 3585 3490 3599 ·
3514 3569 3564 3621 εί
3601 3569 3712 3641 γὰρ

474 3660 591 3724 tali,
620 3666 791 3714 terra.
825 3658 1073 3725 Quonam
1105 3656 1269 3726 igitur
1308 3655 1473 3709 modo
1504 3655 1729 3709 materia
1763 3655 2041 3709 inordina-

2142 3656 2374 3728 κίνησις,
2399 3659 2454 3711 ἐν
2489 3656 2569 3727 τῷ
2599 3658 2900 3731 κινουμένῳ
2919 3676 2933 3690 ·
2969 3660 3030 3713 οὔ
3057 3660 3202 3714 δοκεί
3228 3661 3285 3715 δὲ
3311 3660 3548 3716 τοιοῦτον
3573 3658 3713 3716 εἶναι

474 3757 565 3805 tus
592 3757 773 3804 motus
791 3749 1182 3827 elementorum
1199 3744 1459 3803 exsistit?
1483 3744 1584 3800 Per
1605 3759 1664 3798 se
1694 3744 1877 3814 itaque
1908 3745 2040 3800 sub-

2143 3749 2176 3818 ή
2212 3747 2332 3821 ὕλη,
2357 3748 2490 3802 ἀλλά
2507 3749 2704 3821 μᾶλλον
2732 3751 2793 3804 τὸ
2819 3750 3032 3822 πρῶτον
3060 3752 3414 3824 ὑποκείμενον
3436 3757 3530 3808 καὶ
3545 3753 3714 3827 ἀρρύ-

478 3840 680 3896 sistcns
711 3820 955 3908 vereque
993 3837 1267 3893 exsistens
1297 3850 1406 3889 non
1437 3841 1557 3889 est:
1588 3849 1710 3887 nam
1753 3834 1799 3889 si
1833 3843 2034 3900 motus,

1389 3850 1406 3889 ι
1437 3841 1557 3889 est:
1588 3849 1710 3887 nam
1753 3834 1799 3889 si
1833 3843 2034 3900 motus,
2145 3837 2389 3910 θμιστον.
2425 3842 2520 3895 καὶ
2550 3842 2642 3911 ἀφ’
2663 3836 2723 3897 οὗ
2755 3843 2824 3896 τὰ
2852 3820 3003 3898 ἀλλα.

477 3933 535 3988 in
566 3932 809 4002 subjecto
831 3940 912 3986 est
946 3948 960 3996 ;
997 3946 1106 3985 non
1137 3929 1354 3985 videtur
1402 3936 1582 3983 autem
1630 3926 1755 3983 talis
1819 3942 1944 3984 esse
1986 3931 2232 3998 materia,
2280 3934 2412 4003 quin
2470 3936 2582 3990 imo
2625 3935 2861 4006 primum
2915 3938 3222 4009 subjectum
3264 3947 3319 3993 et
3381 3939 3718 4010 incomposi.

476 4036 616 4094 tum,
645 4034 699 4082 et
719 4041 781 4082 ex
808 4041 917 4095 quo
945 4026 1176 4096 reliqua.

547 4119 776 4188 Quando
826 4119 991 4189 igitur
1030 4129 1211 4173 motus
1268 4118 1612 4174 inordinatus
1651 4125 1736 4176 est
1775 4117 2028 4183 materia,

2223 4119 2376 4173 Ἐπεὶ
2400 4120 2578 4174 τοίνυν
2597 4121 2630 4192 ὴ
2657 4119 2890 4184 ἄτακτος
2912 4118 3125 4192 κίνησίς
3145 4123 3292 4175 ἐστιν
3313 4121 3347 4191 ἡ
3381 4119 3480 4194 ὖλη
3499 4162 3515 4186 ,
3558 4123 3717 4180 πότε-

481 4226 771 4284 semperne
816 4212 1004 4266 mobili
1029 4210 1358 4281 coniunctus
1384 4219 1522 4276 erat,
1552 4220 1645 4267 aut
1662 4212 1958 4282 aliquando
1974 4211 2042 4267 ab

2140 4227 2229 4284 ρον
2288 4206 2356 4281 ἦν
2408 4210 2495 4263 ἀεὶ
2530 4211 2627 4263 σὺν
2660 4208 2738 4279 τῷ
2769 4208 3091 4281 κινουμένῳ,
3126 4210 3159 4281 ἢ
3203 4209 3334 4263 ποτὲ
3382 4210 3715 4285 κεχώρισται

476 4321 543 4362 eo
575 4303 903 4373 separatus?
937 4300 1115 4365 Certe,
1154 4301 1202 4357 si
1240 4301 1351 4356 ullo
1380 4318 1621 4372 unquam
1651 4311 1897 4374 tempore
1943 4319 2042 4375 per

2135 4303 2325 4355 τούτου
2350 4317 2365 4367 ;
2392 4301 2456 4354 Εἰ
2477 4301 2575 4371 μὲν
2604 4298 2712 4370 γὰρ
2745 4300 2874 4353 ποτὲ
2899 4295 2966 4370 ἦν
2986 4300 3103 4354 καθ’
3133 4302 3323 4374 αὐτὴν,
3355 4300 3498 4356 οὕτω
3519 4320 3583 4372 γε
3615 4304 3717 4358 οὐκ

478 4412 539 4452 se
563 4402 702 4459 erat,
733 4395 815 4450 sic
847 4394 1035 4464 utique
1069 4408 1180 4448 non
1236 4398 1395 4449 erat:
1443 4394 1625 4448 nullus
1668 4396 1815 4450 enim
1858 4404 2040 4452 motus

2138 4393 2205 4446 ἂν
2225 4389 2324 4463 ἦν·
2354 4391 2579 4462 οὐδεμία
2609 4390 2716 4463 γὰρ
2742 4390 2956 4464 κίνησις
2980 4391 3108 4446 ἄνευ
3141 4391 3236 4445 τοῦ
3278 4394 3595 4466 κινουμένου
3614 4412 3629 4427 ο
3665 4398 3717 4449 εί

477 4487 597 4542 sine
626 4485 871 4556 subjecto
898 4492 1002 4542 est.
1036 4483 1094 4539 Si
1119 4500 1249 4539 vero
1271 4499 1486 4555 semper
1519 4483 1577 4538 in
1604 4485 1853 4555 subjecto
1896 4496 2036 4551 erat,

2143 4481 2201 4535 δὲ
2229 4483 2316 4536 ἀεὶ
2348 4484 2405 4536 ὲν
2432 4482 2510 4554 τῷ
2538 4482 2843 4554 κινουμένῳ
2869 4479 2958 4555 ἦν,
2984 4482 3145 4538 πάλιν
3169 4480 3235 4540 αὖ
3262 4484 3357 4539 δύο
3382 4487 3548 4558 ἀρχαὶ
3574 4486 3719 4542 οὕτω

477 4577 559 4632 sic
587 4591 778 4632 rursus
797 4576 906 4631 duo
934 4582 1244 4631 statuentur
1273 4576 1573 4649 principia,
1605 4575 1751 4645 quod
1775 4585 1956 4633 movet
1981 4585 2039 4633 et

2147 4591 2209 4644 γε
2229 4576 2645 4648 ὑποστήσονται,
2670 4576 2732 4630 τὸ
2753 4576 2932 4630 κινοῦν
2948 4578 3120 4632 καὶτὸ
3135 4578 3468 4650 κινούμενον.
3495 4580 3720 4652 Ποτέρῳ

476 4666 620 4738 quod
644 4675 909 4723 movetur.
934 4666 1051 4722 Utri
1080 4668 1246 4738 igitur
1276 4667 1470 4722 borum
1493 4665 1790 4734 tribuetur,
1823 4675 1882 4722 ut
1909 4683 2036 4723 cum

2143 4661 2236 4719 οὖν
2258 4665 2435 4720 αὐτῶν
2458 4665 2773 4736 ψηφίζεται,
2799 4667 2886 4722 ἴνα
2911 4669 3087 4723 έκεῖνο
3111 4670 3249 4742 μετά
3273 4669 3368 4725 τοῦ
3396 4669 3530 4724 Θεοῦ
3578 4670 3714 4737 ὑπο-

476 4756 588 4814 Deo
611 4757 844 4829 primum
868 4759 998 4813 illud
1025 4759 1466 4815 constituamus?
2069 4750 2090 4805 Ι

1117 4759 1466 4815 ιειὶιιιοιιιιιεῖ
2069 4750 2114 4805 Ι)
2144 4758 2469 4831 στησώμεθα
2488 4758 2731 4831 πρῶτον;

478 4874 606 4930 Cn.
630 4873 744 4931 VII.
773 4875 1078 4931 Vindicatus
1097 4878 1160 4931 ab
1185 4876 1581 4933 inordinatione
1609 4887 1803 4933 motus.
1823 4876 2141 4952 εἰκαίαν-ἕξ.
2165 4877 2377 4952 Rectus.
2412 4878 2774 4952 Cenerationis
2805 4891 2853 4935 et
2883 4883 3256 4952 corruptionis.
3292 4882 3637 4938 Alteratiom’c
3660 4891 3716 4940 ιι

1618 4965 1830 5004 sensum
1860 4950 2145 5020 ofﬁcinalis
2174 4950 2475 5021 qualitatis.

546 5062 773 5119 Accedit
822 5066 1060 5121 sermoni
1088 5069 1353 5138 appendix
1390 5069 1482 5124 illa
1517 5084 1746 5141 prorsus
1776 5070 2036 5137 extorris,

2221 5069 2487 5144 Πρόσεστι
2512 5070 2570 5124 δὲ
2591 5070 2668 5141 τῷ
2694 5068 2837 5142 λόγῳ
2863 5071 3109 5140 ἐφόλκιον
3141 5070 3208 5126 τὸ
3240 5071 3497 5127 ἄτακτον
3535 5070 3713 5143 ἐξόρι-

479 5154 861 5213 ittordinatum.
897 5156 1126 5224 Quando
1149 5161 1293 5216 enim
1341 5171 1523 5219 motus
1553 5179 1664 5219 non
1716 5162 1902 5231 fuerit,
1932 5178 2041 5217 me-

2146 5181 2269 5218 στον
2300 5163 2579 5228 παντελῶς
2605 5163 2781 5234 τοῦτο.
2827 5164 3017 5217 Ὁπότε
3043 5166 3151 5236 γὰρ
3187 5165 3258 5236 μὴ
3285 5166 3500 5237 κίνησις
3520 5208 3534 5232 ,
3568 5163 3712 5218 είκό-

478 5248 588 5304 rito
612 5248 847 5308 dicatur.
863 5247 1124 5317 anenam
1157 5267 1288 5307 vero
1315 5255 1476 5310 etiam
1506 5262 1753 5311 motuum
1780 5255 2041 5310 materia?

2142 5275 2251 5323 τως
2283 5257 2349 5312 ἂν
2373 5257 2600 5327 λέγοιτο.
2630 5257 2723 5321 Τίς
2752 5257 2810 5311 δὲ
2840 5258 2933 5311 καὶ⁵
2960 5258 3068 5314 τῶν
3089 5261 3355 5331 κινήσεων
3378 5261 3412 5331 ἡ
3436 5257 3568 5329 ὕλης
3599 5258 3679 5313 116
3702 5288 3710 5298 ·

478 5337 618 5396 Num
647 5341 741 5412 qui
762 5350 948 5397 rectus
977 5349 1082 5409 est,
1106 5357 1174 5396 an
1203 5344 1490 5401 circularis
1525 5362 1542 5410 ;
1582 5346 1669 5402 vel
1692 5360 1815 5416 quae
1861 5346 2037 5417 quali-

2142 5364 2297 5420 τερον
2333 5348 2367 5418 ἡ
2397 5347 2518 5401 κατ’
2545 5347 2784 5411 εὐθεῖαν,
2808 5347 2897 5420 ἣή
2924 5347 3391 5421 κυκλοφορητική’
3434 5348 3468 5419 ἢ
3511 5350 3544 5420 ἡ
3587 5351 3721 5402 κατ’

477 5438 591 5489 tate
611 5448 831 5490 sensum
853 5432 1119 5491 alliciente
1145 5442 1443 5501 mutantur,
1476 5437 1555 5492 vel
1584 5432 1950 5509 generationis
1971 5450 2036 5492 ac

2134 5438 2435 5502 ἀλλοίωσιν,
2465 5438 2496 5508 ἢ
2523 5440 2556 5510 ή
2580 5437 2721 5492 κατὰ
2753 5438 2966 5507 γένεσιν
2990 5441 3084 5493 καὶ
3116 5438 3257 5493 κατὰ
3285 5438 3491 5512 φθοράν
3516 5455 3531 5505 ;
3568 5437 3704 5493 Ἀλλ’

479 5526 847 5597 corruptionis
888 5528 1121 5584 motus?
1172 5526 1464 5585 Enimvero
1497 5530 1782 5586 circularis
1833 5540 2036 5593 motus.

2137 5533 2171 5603 ἡ
2213 5531 2309 5603 μὲν
2334 5530 2769 5604 κυκλοφορητικὴ
2798 5530 2940 5585 οὕτω
2965 5532 3185 5604 κοσμία,
3211 5533 3351 5587 ὥστε
3366 5536 3431 5605 τῇ
3460 5531 3553 5587 τοῦ
3575 5550 3709 5588 παν-

481 5616 562 5669 sic
586 5616 817 5673 decorus
843 5626 927 5674 est
966 5626 1022 5675 et
1069 5619 1428 5691 compositus,
1459 5629 1520 5676 ut
1558 5635 1739 5676 rerum
1771 5621 2041 5677 universi-

2135 5620 2226 5684 τὸς
2271 5619 2585 5673 ἀποδέδοται
2617 5620 2787 5686 τάξει.
2830 5622 2908 5675 Οὐ
2953 5622 3094 5677 κατὰ
3131 5622 3353 5687 τούτους
3399 5624 3457 5677 δὲ
3502 5623 3707 5695 ταύτην

485 5708 614 5761 tatis
646 5709 824 5765 ordini
851 5712 1123 5782 ascriptus
1149 5712 1259 5768 sit:
1291 5727 1391 5768 nec
1425 5711 1844 5768 Manichaeorum
1874 5728 2041 5769 sensu

2139 5711 2437 5774 αἰτιᾶσθαι,
2471 5712 2530 5765 έν
2620 5714 2649 5766 ὁ
2679 5711 2829 5783 ἣλιος
2878 5715 2974 5767 καὶ
3017 5716 3052 5786 ἠ
3101 5714 3328 5785 σελήνη,
3376 5713 3471 5778 οὓς
3512 5714 3704 5788 μόνους

481 5795 572 5854 hic
602 5799 903 5869 culpandus
932 5803 1199 5873 videatur,
1232 5804 1285 5861 in
1315 5820 1424 5876 quo
1452 5805 1535 5862 sol
1580 5813 1635 5861 et
1676 5804 1808 5861 luna
1831 5845 1847 5874 ,
1902 5820 2043 5876 quos

2142 5802 2280 5857 θεῶν
2314 5801 2572 5861 αἰδεῖσθαί
2616 5820 2804 5873 φασιν·
2856 5803 2990 5862 ἀλλά
3017 5807 3114 5875 τὴν
3146 5805 3235 5859 ἐπ’
3267 5804 3481 5871 εὐθείας
3505 5823 3519 5838 ’
3570 5802 3706 5864 ἀλλὰ
