4088 6284
339 361 438 420 nl
1218 362 1630 420 TRACTATUS
1668 365 1755 420 DE
1793 366 2106 425 PLACITIS
2141 367 2693 430 MANICHAZORUM.
3463 387 3570 442 422

334 482 434 538 καὶ
479 478 655 555 ταύτῃ
697 483 866 554 πέρας
894 484 1126 554 ὲστὶν,ή
1169 485 1262 537 τοῦ
1312 485 1441 538 ίδίου
1490 487 1653 540 τόπου
1703 485 1899 552 τεῦξις.

2010 487 2158 542 solos
2181 487 2406 545 deorum
2431 492 2685 548 venerari
2719 493 2891 549 aiunt.
2919 494 3023 550 Sed
3050 497 3143 568 qui
3169 508 3371 558 rectus.
3403 500 3568 573 Atqui

333 575 517 644 Πάντη
543 573 653 644 γὰρ
677 573 738 626 τὸ
757 575 940 645 γήϊνον
964 574 1236 627 πέπαυται
1259 574 1591 645 κινούμενον,
1621 577 1695 628 ὅτ’
1721 575 1786 629 ἂν
1802 576 1899 645 γῆς

2005 577 2132 630 huic
2159 593 2376 647 quoque
2407 583 2673 638 terminus
2709 592 2814 651 est,
2849 586 2994 654 quod
3025 587 3202 642 locum
3243 606 3402 646 suum
3435 608 3568 648 con-

332 665 662 737 έπιλάϐηται
682 683 696 698 °
724 669 830 720 πᾶν
852 666 907 719 δὲ
935 665 1072 730 ζῶον
1101 666 1195 718 καὶ
1222 666 1385 732 φυτὸν
1417 665 1802 738 αὐξανόμενον,
1825 667 1899 720 ὅτ’

2003 677 2283 737 sequatur.
2317 668 2551 727 Prorsus
2583 673 2727 728 enim
2756 675 2897 744 quod
2917 682 3189 730 terrenum
3225 688 3327 741 est,
3354 697 3384 734 a
3417 693 3566 738 motu

331 760 400 812 ἂν
433 759 526 813 τοῦ
567 759 696 812 ίδίου
739 760 864 830 ὅρου
908 759 1180 830 ἐφίκηται.
1217 761 1378 813 Ὥστε
1412 763 1444 832 ἡ
1483 762 1683 814 τούτων
1719 762 1899 823 στάσις

2001 764 2180 811 cessat
2209 758 2298 811 ubi
2345 766 2548 813 terram
2590 762 2845 830 attigerit.
2882 763 3052 820 Omne
3097 782 3228 822 vero
3276 771 3476 826 animal
3511 783 3568 828 et

329 849 694 921 εὐλογώτερος
725 851 790 905 ἂν
819 850 1046 914 θάνατος
1074 851 1283 919 γένοιτο
1300 855 1366 922 τῇ
1407 851 1508 926 ὕλῃ
1537 854 1569 924 ἡ
1602 854 1692 906 ὑπ’
1719 851 1899 905 αὐτῶν

1999 849 2182 915 planta
2207 851 2488 903 crescendi
2525 850 2687 906 ﬁnem
2728 855 2874 918 facit,
2904 871 3026 910 cum
3062 861 3355 915 terminum
3402 878 3563 918 suum

325 944 535 1014 ταύτης
560 942 863 1012 πλεκομένη
903 943 1165 1012 ἀνήνυτος
1196 943 1437 1014 τελευτή.
1493 944 1603 1013 Τὴν
1654 943 1710 995 δὲ
1759 941 1898 996 κατά

325 1036 541 1106 γένεσιν
575 1034 666 1088 καὶ
701 1035 904 1107 φθορὰν
953 1035 1072 1087 οὐδὲ
1107 1037 1388 1106 ἐπινοῆσαι
1413 1029 1522 1088 οἷόν
1560 1053 1620 1089 τε
1663 1037 1729 1106 τῇ
1765 1037 1895 1088 ὐπο-

325 1127 478 1182 Θέσει
542 1125 712 1198 ταύτῃ
767 1128 1180 1198 προσήκουσανο
1246 1127 1507 1199 ἀγένητος
1552 1127 1660 1199 γὰρ
1711 1128 1894 1192 αὐτοῖς

325 1221 476 1272 ἐστιν
519 1220 552 1289 ὴ
584 1217 702 1288 ὕλη.
745 1218 807 1271 Εἰ
857 1218 913 1271 δέ
951 1235 1012 1286 γε
1051 1219 1150 1289 τὴν
1187 1219 1327 1272 κατά
1363 1219 1642 1274 ἀλλοίωσιν
1682 1220 1894 1290 κίνησιν

321 1310 695 1366 ἀποδώσουσιν
749 1310 884 1380 αὐτῇ
928 1308 1174 1380 (δοκοῦσι
1211 1311 1320 1382 γὰρ
1362 1313 1594 1382 μάλιστα
1626 1313 1781 1366 τοῦτο
1806 1312 1893 1364 λέ-

321 1421 472 1471 γειν,
517 1405 639 1458 ἐπεὶ
660 1404 744 1458 διά
780 1405 879 1474 τῆς
906 1404 1034 1475 ὕλης
1061 1407 1155 1458 καὶ
1189 1406 1488 1476 μεταϐολὰς
1527 1405 1671 1476 ἠθῶν
1704 1407 1796 1459 καὶ
1833 1408 1890 1459 ἐν

318 1499 391 1568 τῇ
426 1497 569 1568 ψυχῇ
599 1497 794 1562 κακίας
825 1492 962 1550 εἶναι
983 1497 1229 1564 λέγουσιν
1252 1498 1291 1568 )·
1331 1501 1546 1553 σκοπεῖν
1577 1497 1722 1562 ἀξιον
1741 1499 1888 1560 ὅπως

317 1589 459 1642 ποτὲ
492 1589 584 1642 καὶ
612 1587 784 1642 ταῦτά
815 1606 998 1659 φασιν.
1065 1589 1368 1644 Ἀλλοιοῦσα
1405 1590 1513 1662 γὰρ
1555 1589 1722 1660 αὐτὴν
1747 1628 1761 1652 ,
1802 1590 1888 1643 ἀεὶ

316 1680 544 1752 ἄρξεται
578 1681 670 1733 ἀπ’
716 1682 918 1752 ἀρχῆςο
949 1681 1166 1754 καὶτοῦ
1201 1681 1362 1751 μέσου
1396 1679 1657 1752 προϊοῦσα
1694 1679 1885 1752 ἐπιλή-

1997 946 2246 993 assecuta
2279 938 2505 996 fuerint.
2539 942 2902 1008 Quamobrem
2932 949 3147 1004 illorum
3181 955 3355 1022 quies,
3391 957 3564 1009 ratio-

1996 1028 2231 1085 nabilius
2258 1045 2407 1085 mors
2441 1034 2685 1088 materiae
2715 1034 2911 1102 fuerit,
2947 1055 3109 1109 quam
3141 1058 3262 1112 qua:
3318 1046 3386 1100 ab
3429 1047 3563 1116 ipsis

1994 1120 2113 1190 ejus
2136 1136 2282 1176 mors
2310 1122 2462 1177 nullo
2489 1126 2755 1196 explenda
2777 1131 2924 1186 exitu
2943 1133 3164 1188 texitur.
3192 1134 3367 1190 Motus
3379 1149 3560 1193 autem

1993 1213 2362 1281 generationis
2393 1219 2848 1287 etcorruptionis,
2884 1238 2951 1277 ne
2973 1226 3195 1295 intelligi
3228 1227 3442 1296 quidem
3457 1245 3560 1299 po-

1994 1311 2119 1368 test,
2157 1305 2280 1360 huic
2325 1315 2486 1375 aptus
2522 1323 2844 1380 argumento
2875 1330 2890 1380 ;
2923 1316 3124 1384 quippe
3155 1334 3278 1372 eum
3307 1322 3557 1386 materia,

1990 1393 2099 1448 illis
2126 1396 2361 1467 ingenita
2393 1399 2486 1453 sit.
2523 1399 2617 1454 Sin
2660 1414 2838 1458 autem
2882 1415 3087 1460 motum
3116 1409 3474 1477 alterationis,
3502 1423 3562 1470 ut

1989 1498 2203 1556 vocant,
2235 1503 2287 1547 et
2306 1506 2413 1561 quo
2441 1495 2701 1563 qualitate
2725 1513 2944 1552 sensum
2971 1500 3235 1558 allieiente
3259 1513 3558 1573 mittamur,

1989 1578 2064 1633 illi
2115 1583 2466 1654 ascripseriut
2518 1585 2666 1654 (hoc
2695 1588 2838 1642 enim
2889 1591 3120 1648 maxime
3164 1595 3344 1650 dicere
3373 1599 3559 1654 viden-

1989 1679 2094 1736 tur,
2125 1672 2329 1728 idcirco
2359 1675 2616 1730 nimirum
2644 1679 2788 1748 quod
2812 1695 2907 1748 per
2938 1682 3218 1737 materiam
3250 1686 3412 1739 etiam
3436 1703 3556 1742 mu-

314 1771 502 1841 ψεται,
531 1773 622 1824 καὶ
649 1773 728 1833 εἰς
754 1771 816 1824 τὸ
840 1771 991 1836 τέλος
1019 1770 1190 1836 οὕτως
1218 1772 1487 1840 ἀφίξεται.
1545 1773 1682 1826 Ἀλλ’
1707 1773 1787 1835 είς
1825 1772 1886 1826 τὸ

1986 1762 2089 1814 tari
2128 1778 2327 1829 mores,
2361 1772 2416 1818 et
2445 1766 2500 1819 in
2528 1769 2709 1822 animo
2732 1770 2921 1822 vitium
2953 1774 3159 1827 versari
3185 1774 3396 1845 dicunt)
3422 1792 3552 1848 ope-

316 1861 472 1926 τέλος
494 1861 797 1933 ἀφικομένη
825 1864 883 1915 οὐ
910 1864 1182 1933 στήσεται,
1201 1862 1336 1930 εἴγε
1362 1861 1516 1916 οὐσία
1544 1863 1687 1915 ἐστὶν
1716 1862 1884 1932 αὐτῆς

1990 1867 2064 1906 ra:
2080 1855 2312 1923 pretium
2343 1857 2416 1910 sit
2439 1867 2498 1910 ut
2520 1858 2898 1928 dispiciamus,
2931 1879 3167 1932 quonam
3203 1866 3415 1921 tandem
3447 1884 3556 1924 mo-

313 1955 354 2023 ἡ
389 1953 699 2018 ἀλλοίωσις·
736 1954 869 2008 ἀλλά
901 1955 1060 2008 πάλιν
1098 1954 1406 2024 ἀνακάμψει
1448 1955 1536 2008 διὰ
1578 1954 1682 2007 τῶν
1708 1951 1885 2006 αὐτῶν

1988 1947 2059 2002 do
2089 1949 2249 2002 etiam
2293 1949 2408 2004 haec
2447 1953 2761 2022 loquantur.
2812 1953 2933 2025 Ipsa
2976 1973 3211 2028 namque
3251 1964 3557 2030 alteraudo,

313 2045 414 2099 ἐπὶ
460 2045 560 2116 τὴν
589 2045 782 2118 ἀρχὴν,
835 2046 926 2099 καὶ
955 2046 1153 2115 ὁμοίως
1184 2045 1428 2098 ἐντεῦθεν
1469 2045 1561 2097 ἐπὶ
1606 2045 1665 2098 τὸ
1701 2045 1881 2109 τέλος·

1987 2053 2205 2108 semper
2231 2056 2262 2094 a
2293 2044 2565 2112 principio
2599 2045 2758 2100 ducet
2787 2049 3069 2102 exordium
3095 2068 3110 2116 ;
3144 2052 3556 2126 procedensque

314 2138 410 2190 καὶ
431 2136 624 2190 οὕποτε
654 2136 807 2190 τοῦτο
835 2137 1059 2190 ποιοῦσα
1090 2136 1374 2190 παύσεται.
1397 2132 1518 2189 Οἷον
1548 2139 1596 2189 εί
1623 2136 1882 2190 ἀλλοιοῖτο

1985 2129 2219 2182 medium
2242 2131 2489 2201 attinget,
2513 2133 2678 2202 inque
2706 2149 2828 2188 eum
2856 2137 3075 2190 modum
3106 2139 3266 2193 tinem
3294 2156 3555 2212 asseque-

313 2233 350 2298 ἡ
370 2245 408 2282 a
437 2247 493 2298 γ,
523 2230 683 2300 μέσον
702 2230 758 2283 δὲ
776 2229 836 2282 τὸ
864 2229 970 2282 ἀπὸ
1003 2229 1100 2301 μὲν
1125 2229 1218 2282 τοῦ
1237 2229 1284 2294 β
1301 2246 1314 2258 ·
1338 2243 1377 2280 α
1401 2230 1434 2298 ἡ
1463 2227 1730 2298 μεταϐολὴ
1755 2227 1881 2297 ἀφί-

1982 2225 2090 2272 tur.
2133 2218 2422 2276 Enimvero
2454 2239 2576 2276 cum
2608 2224 2671 2278 ad
2706 2224 2865 2280 ﬁnem
2902 2229 3230 2296 pervenerit,
3279 2248 3390 2286 non
3431 2241 3548 2304 (λιιι.

314 2319 463 2382 ξεται
493 2321 584 2374 ἐπὶ
602 2321 663 2375 τὸ
686 2322 753 2386 β,
786 2321 880 2374 καὶ
903 2321 1110 2374 ἐκεῖθεν
1137 2321 1228 2373 ἐπὶ
1263 2319 1322 2373 τὺ
1369 2339 1423 2390 γ.
1470 2319 1636 2374 Πάλιν
1680 2319 1879 2385 τοίνυν,

310 2412 424 2465 ἀπὸ
447 2410 540 2464 τοῦ
573 2412 740 2484 ἄκρου
763 2412 855 2466 τοῦ
883 2433 922 2483 τ
947 2414 1038 2466 ἐπὶ
1065 2413 1124 2466 τὸ
1147 2413 1193 2476 ,β
1215 2412 1663 2482 ἀνακάμπτουσα,
1698 2408 1882 2478 ἀφίξε-

313 2503 404 2556 ταί
440 2519 569 2555 ποτε
629 2504 722 2555 ἐπὶ
772 2503 834 2556 τὸ
886 2521 950 2555 α·
1015 2504 1110 2557 καὶ
1157 2503 1316 2555 τοῦτο
1367 2502 1518 2554 ἔσται
1571 2501 1879 2564 διαπαντός.

316 2593 528 2663 Ὥσπερ
557 2591 666 2646 ἀπὸ
710 2591 804 2644 τοῦ
850 2591 1074 2662 μέλανος
1121 2595 1153 2664 ἡ
1200 2591 1488 2662 μεταϐολὴ,
1549 2592 1708 2661 μέσον
1736 2591 1793 2644 δὲ
1821 2591 1882 2644 τὸ

315 2682 494 2751 φαιὸν,
528 2683 621 2736 καὶ
653 2683 819 2755 ἄκρον
843 2684 902 2736 τὸ
928 2684 1137 2739 λευκόν.
1179 2683 1346 2737 Πάλιν
1377 2683 1432 2735 δὲ
1471 2683 1734 2736 ἀνάπαλιν
1771 2682 1878 2736 ἀπὸ

313 2773 504 2825 τούτου
534 2773 624 2826 ἐπὶ
654 2772 715 2825 τὸ
738 2772 913 2841 φαιὸν,
946 2774 1038 2827 καὶ
1059 2774 1257 2844 ὁμοίως
1280 2773 1370 2826 ἐπὶ
1394 2773 1454 2826 τὸ
1483 2773 1649 2843 μέλαν
1670 2789 1684 2803 ο
1719 2773 1877 2827 πάλιν

315 2861 373 2914 δὲ
409 2863 514 2915 ἀπὸ
563 2862 656 2916 τοῦ
703 2860 894 2917 λευκοῦ
927 2864 959 2932 ἡ
988 2863 1130 2934 ἀρχὴ
1162 2863 1262 2933 τῆς
1302 2861 1711 2932 ἀλλοιώσεως,ἠ
1743 2859 1878 2932 αὑτὴ

316 2951 501 3020 ἔφοδος
532 2954 655 3026 ήδη.

317 3047 466 3104 hum.
500 3049 737 3106 Rursum
790 3065 820 3106 e
875 3053 1170 3117 contrario,
1203 3050 1270 3104 ab
1303 3049 1426 3104 albo
1460 3049 1526 3103 ad
1557 3048 1786 3119 pullum,
1819 3061 1882 3102 ac
1920 3048 2173 3104 similiter
2215 3049 2284 3103 ad
2314 3052 2530 3121 nigrum
2582 3069 2596 3105 :

312 3145 402 3200 nis
429 3146 733 3214 exordium,
759 3147 1007 3218 idemque
1025 3147 1138 3217 jam
1175 3152 1574 3216 argumentum.

1987 2313 2157 2372 escet,
2211 2309 2480 2378 siquidem
2535 2312 2784 2366 alteratio
2827 2314 2947 2384 ejus
2987 2320 3224 2372 essentia
3267 2331 3350 2375 est
3385 2339 3399 2387 ;
3455 2330 3550 2378 sect

1985 2413 2178 2452 rursus
2209 2415 2304 2468 per
2348 2401 2532 2456 eadem
2567 2400 2792 2460 ﬂectens
2813 2447 2829 2470 ,
2859 2406 2926 2460 ad
2957 2408 3280 2478 principium
3314 2422 3554 2468 reverte-

1986 2498 2097 2558 tur,
2144 2491 2270 2547 inde
2314 2494 2564 2548 similiter
2589 2496 2654 2548 ad
2696 2497 2854 2552 ﬁnem
2884 2518 2896 2554 :
2932 2516 3033 2555 nec
3083 2501 3185 2556 hoc
3236 2503 3416 2558 facere
3448 2521 3554 2560 un-

1987 2600 2149 2654 quam
2185 2586 2446 2640 cessabit.
2501 2585 2658 2642 Velut
2688 2589 2732 2644 si
2763 2591 3061 2646 alterentur
3083 2610 3114 2646 a
3144 2602 3197 2649 et
3230 2611 3276 2659 ε,
3312 2596 3550 2650 medimn

1983 2685 2165 2732 autem
2216 2679 2287 2732 sit
2312 2679 2382 2743 b;
2417 2681 2644 2736 mutatio
2679 2700 2710 2735 a
2745 2691 2797 2738 et
2826 2686 2853 2736 ί)
2878 2686 3172 2754 perveniet,
3209 2696 3372 2759 atque
3421 2689 3551 2745 hinc

1983 2769 2051 2822 ad
2070 2785 2117 2826 c.
2145 2768 2354 2824 Rursus
2381 2771 2542 2839 igitur
2559 2772 2625 2825 ab
2650 2779 2894 2828 extremo
2923 2791 2950 2828 c
2978 2774 3046 2828 ad
3073 2775 3100 2828 b
3119 2775 3362 2844 ﬂectens,
3381 2794 3553 2848 quau-

1984 2860 2161 2932 doque
2190 2878 2222 2914 a
2251 2871 2574 2930 assequetur
2605 2881 2620 2918 :
2650 2864 2861 2933 eritque
2898 2865 3000 2920 hoc
3025 2870 3302 2924 continue.
3331 2868 3489 2924 Velut
3512 2885 3547 2924 ιι

1983 2953 2140 3023 nigro
2182 2953 2456 3020 mutatio;
2514 2954 2772 3019 medium,
2814 2955 3058 3026 pullum;
3105 2969 3428 3028 extremum,
3470 2963 3551 3015 al-

2657 3067 2957 3122 rursusque
2997 3054 3065 3109 ab
3118 3055 3242 3111 albo
3273 3057 3550 3113 alteratio.

1152 3261 1282 3316 CAP.
1313 3261 1449 3318 VIII.
1475 3263 1558 3317 An
1579 3261 1802 3316 materia
1829 3257 2111 3328 maleﬁca?
2147 3255 2220 3309 De
2243 3254 2351 3310 Deo
2381 3265 2431 3309 et
2457 3255 2704 3311 materia.

379 3384 516 3437 Κατ’
554 3380 836 3435 ἀλλοίωσιν
897 3381 1188 3444 κακοποιὸς
1235 3381 1382 3436 αίτία
1439 3381 1586 3434 ἐστὶν
1650 3383 1684 3454 ἡ
1742 3380 1880 3451 ὕλης

2054 3365 2280 3429 Materia
2311 3373 2648 3428 alterationis
2694 3372 2908 3428 ratione
2938 3387 3105 3430 causa
3135 3385 3219 3430 est
3249 3378 3492 3436 maleﬁca
3523 3382 3551 3436 1

311 3476 386 3528 Οὐ
417 3473 614 3544 μᾶλλόν
647 3491 699 3526 τι
727 3472 1019 3536 κακοποιὸς
1066 3474 1098 3546 ἣ
1133 3474 1478 3543 ἀγαθοποιὸς,
1508 3474 1650 3528 οὕτω
1685 3492 1748 3542 γε
1769 3473 1876 3527 δεί-

311 3584 516 3620 κνυται.
554 3567 733 3620 Ἔστω
765 3565 873 3637 γὰρ
904 3568 936 3637 ἡ
975 3565 1114 3637 ἀρχὴ
1145 3567 1244 3635 τῆς
1277 3565 1612 3630 ἀλλοιώσεως
1644 3566 1751 3619 ἀπὸ
1783 3563 1875 3619 τοῦ

311 3657 502 3710 κακοῦ.
528 3657 734 3710 Οὐκοῦν
762 3657 932 3719 οὕτως
965 3657 1072 3710 ἀπὸ
1099 3657 1284 3710 τούτου
1314 3657 1402 3711 διὰ
1435 3658 1542 3711 τῶν
1570 3657 1876 3729 ἀδιαφόρων

311 3749 404 3800 ἐπὶ
442 3747 503 3801 τὸ
542 3747 742 3816 ἀγαθὸν
775 3751 808 3820 ή
856 3748 1155 3810 ἀλλοίωσις.
1203 3749 1338 3802 Ἀλλ’
1380 3749 1485 3802 ἀπὸ
1514 3749 1606 3802 τοῦ
1648 3748 1872 3818 ἀγαθοῦ.

311 3839 478 3892 Πάλιν
524 3840 702 3894 τοίνυν
733 3840 820 3893 διὰ
861 3839 969 3892 τῶν
1018 3839 1322 3910 ἀδιαφόρων
1365 3843 1396 3911 ἡ
1431 3841 1592 3913 ἀρχή.
1641 3841 1754 3894 Εἶτ’
1785 3841 1876 3893 ἐπὶ

307 3928 425 3981 τόδε
450 3929 511 3982 τὸ
535 3931 702 4002 ἀκρον
731 3931 828 3983 εἴτ’
865 3931 957 3983 ἐπὶ
980 3931 1041 3983 τὸ
1083 3919 1266 4000 ἕτερον
1305 3932 1340 4001 ἡ
1371 3931 1602 4002 κίνησις,
1640 3933 1669 3985 ὁ
1716 3931 1874 3996 αὐτὸς

308 4021 494 4090 λόγος’
529 4021 702 4076 ταῦτα
737 4021 801 4074 ὲκ
831 4021 1145 4092 περιουσίας
1181 4020 1418 4088 λέγεται.

378 4205 534 4257 Πᾶσα
565 4204 661 4274 μὲν
692 4202 801 4275 γὰρ
834 4203 1044 4274 κίνησις
1076 4203 1203 4275 περὶ
1243 4204 1304 4258 τὸ
1337 4205 1534 4258 ποσόν·
1585 4204 1781 4269 κακίας
1816 4205 1872 4258 δὲ

306 4292 402 4346 καὶ
427 4293 624 4365 ἀρετῆς
637 4291 857 4364 ἡγεμών
887 4296 1034 4346 ἐστιν
1051 4295 1084 4365 ἡ
1104 4293 1338 4364 ποιότης.
1371 4293 1558 4349 Ταῦτα
1582 4295 1638 4349 δὲ
1665 4297 1750 4349 ὅτι
1778 4296 1870 4349 καὶ

306 4384 384 4456 τῷ
409 4385 553 4454 γένει
581 4385 882 4457 διώρισται,
919 4383 1096 4456 ῑσμεν.
1132 4387 1367 4458 Πότερον
1395 4387 1452 4440 δὲ
1496 4388 1652 4458 μόνον
1679 4389 1707 4440 ὁ
1739 4388 1872 4453 Θεὸς

306 4477 400 4532 καὶ
423 4479 456 4544 ἡ
491 4476 590 4546 ὕλη
615 4477 760 4530 ἐστὶν
792 4478 976 4549 ἀρχαὶ,
1002 4478 1035 4549 ἡ
1063 4494 1113 4530 τι
1143 4477 1324 4548 ἕτερον
1357 4479 1659 4544 ἀπολείπει,
1687 4479 1716 4533 ὃ
1743 4479 1869 4533 τού-

304 4583 410 4618 των
436 4565 580 4620 ὲστὶν
608 4566 666 4619 ὲν
698 4565 880 4636 μέσῳ;
910 4565 973 4617 Εἰ
1012 4566 1108 4636 μὲν
1137 4565 1242 4635 γὰρ
1284 4565 1445 4636 μηδέν
1470 4568 1635 4629 ἐστιν,
1662 4567 1870 4636 ἄμικτα

305 4657 475 4711 ταῦτα
502 4657 852 4711 ὑπολείπεται
894 4656 1027 4728 πρὸς
1061 4655 1232 4710 αὑτά·
1264 4656 1444 4721 καλῶς
1481 4658 1588 4730 γὰρ
1631 4658 1866 4727 λέγεται,

1977 3467 2100 3522 Non
2140 3467 2312 3535 magis
2344 3464 2642 3520 maleﬁcam
2673 3479 2813 3526 esse,
2845 3480 3008 3533 quam
3064 3466 3360 3524 beneﬁcam
3418 3472 3547 3528 inde

1979 3558 2260 3628 probatur.
2289 3555 2370 3610 Sit
2403 3556 2549 3610 enim
2577 3555 2919 3610 alterationis
2953 3557 3281 3628 principium
3317 3576 3346 3614 a
3377 3564 3541 3618 malo.

1979 3649 2069 3704 Sic
2104 3649 2269 3718 igitur
2302 3648 2369 3702 ab
2399 3649 2522 3710 hoc,
2553 3660 2648 3716 per
2671 3660 2733 3698 ea
2761 3662 2880 3715 quae
2927 3648 3090 3702 medii
3124 3652 3338 3720 generis
3392 3663 3544 3722 sunt,

1977 3743 2226 3796 alteratio
2257 3750 2340 3796 est
2377 3738 2444 3794 ad
2499 3741 2724 3793 bonum.
2767 3737 2962 3793 Verum
2993 3749 3113 3796 esto
3141 3758 3170 3795 a
3206 3743 3368 3798 bono.
3401 3744 3550 3801 Rur-

1976 3850 2072 3889 sus
2107 3834 2268 3904 igitur
2296 3847 2390 3902 per
2409 3847 2472 3886 ea
2511 3846 2632 3901 quae
2664 3829 2825 3884 medii
2862 3834 3076 3902 generis
3099 3843 3246 3896 sunt,
3280 3843 3363 3890 est
3392 3838 3544 3905 prin-

1975 3925 2197 3994 cipium.
2230 3921 2354 3978 Sive
2384 3921 2451 3975 ad
2483 3938 2650 3976 unum
2685 3931 3012 3986 extremum,
3055 3923 3171 3980 sive
3207 3926 3273 3980 ad
3307 3928 3540 3986 alterum

1975 4017 2044 4069 sit
2081 4026 2278 4078 motus,
2329 4013 2519 4068 eadem
2549 4022 2633 4068 est
2663 4013 2801 4068 ratio
2838 4031 2853 4080 ;
2903 4023 3067 4084 atque
3115 4015 3230 4072 hac
3262 4033 3325 4072 ex
3367 4019 3544 4075 abun.

1973 4107 2125 4160 danti
2152 4105 2429 4160 dicuntur.

2043 4195 2233 4250 Omnis
2265 4200 2442 4248 motus
2465 4192 2612 4247 circa
2646 4193 3006 4263 quantitatem
3037 4203 3324 4253 versatur:
3374 4216 3538 4270 porro

1971 4285 2206 4355 qualitas
2232 4283 2346 4338 vitii
2379 4285 2491 4338 dux
2535 4299 2600 4338 ac
2636 4285 2854 4340 virtutis
2899 4286 3136 4341 exsistit.
3171 4288 3388 4344 Scimus
3441 4306 3538 4344 au-

1971 4383 2080 4431 tem
2122 4376 2237 4429 haec
2278 4375 2439 4429 etiam
2473 4390 2671 4445 genere
2721 4375 3003 4446 distingui.
3042 4375 3182 4431 Num
3223 4393 3350 4433 vero
3395 4379 3537 4436 Deus

1971 4465 2232 4520 duntaxat
2263 4466 2600 4536 materiaque
2648 4466 2964 4537 principia;
3028 4481 3096 4522 an
3143 4469 3347 4538 aliquid
3387 4471 3536 4528 aliud

1971 4566 2240 4628 superest,
2271 4558 2415 4629 quod
2443 4558 2636 4612 horum
2672 4559 2908 4613 medium
2936 4561 3167 4616 exsistat
3194 4561 3217 4614 ?
3254 4561 3536 4632 Siquidem

1971 4661 2150 4707 autem
2185 4651 2319 4706 nihil
2348 4659 2451 4717 est,
2483 4658 2705 4706 manent
2753 4652 2868 4706 haec
2902 4652 3046 4707 inter
3073 4669 3131 4709 se
3160 4655 3533 4716 incommista.

305 4749 407 4812 δτι,
452 4749 540 4802 ἵνα
581 4748 650 4802 τὰ
687 4749 829 4821 ἂκρα
873 4747 1057 4818 μιχθῇ,
1083 4747 1160 4800 δεῖ
1185 4748 1240 4800 τὶ
1263 4744 1400 4801 εἷναι
1427 4751 1482 4802 ἐν
1513 4751 1683 4821 μέσῳ,
1717 4750 1866 4814 ὅπως
1897 4740 1899 4793 Ϊ

1978 4745 2133 4801 Recte
2153 4745 2294 4800 enim
2314 4744 2514 4799 dicitur
2543 4760 2558 4799 :
2590 4743 2636 4798 si
2661 4743 2876 4813 quidem
2907 4753 3150 4800 extrema
3179 4747 3537 4822 misceantur,

306 4838 474 4894 ταῦτα
507 4841 696 4912 συνδέῃ
718 4855 732 4870 °
767 4841 816 4892 εί
841 4839 896 4892 δέ
931 4857 980 4894 τι
1018 4839 1201 4908 ἓτερον
1233 4841 1486 4912 ὑπάρχει,
1520 4844 1732 4913 ἀνάγκη
1765 4843 1869 4895 πά-

1964 4852 2190 4891 necesse
2220 4843 2304 4890 est
2335 4849 2458 4890 esse
2487 4833 2692 4904 aliquid
2728 4835 2780 4888 in
2809 4836 3008 4902 medio,
3033 4839 3176 4906 quod
3211 4841 3301 4894 illa
3333 4856 3536 4898 conne-

307 4932 388 4987 λιν
426 4929 561 4986 εἷναι
599 4933 634 5004 ἢ
679 4931 964 5004 ἀσώματον
1007 4931 1041 5002 ἢ
1083 4931 1273 5003 σῶμα⁸
1306 4931 1444 4986 ὥστε
1487 4935 1677 5006 τριττὴ
1727 4935 1866 5006 ἀρχὴ

1978 4936 2093 4984 :tat.
2132 4926 2229 4982 Sin
2286 4933 2464 4980 autem
2495 4925 2641 4980 aliud
2675 4925 2804 4996 quid
2859 4929 3094 4994 exsistit,
3140 4947 3364 4990 necesse
3417 4951 3536 4989 rur-

308 5024 600 5088 ὲπεισόδιος
633 5024 872 5094 γέγονεν.

375 5207 642 5280 Πρότερον
678 5206 734 5259 δὲ
775 5208 824 5260 εί
868 5207 1005 5271 ὅλως
1035 5210 1062 5260 ὁ
1091 5207 1221 5272 Θεὸς
1261 5208 1355 5261 καὶ
1395 5209 1429 5280 ἡ
1471 5206 1569 5279 ὕλη
1598 5205 1860 5277 ἀσώματα

308 5299 556 5374 ἑκάτερα,
607 5299 884 5370 οὐδέτερον
933 5301 992 5352 ὲν
1036 5299 1318 5370 οὐδετέρῳ,
1371 5299 1510 5370 πλὴν
1562 5301 1610 5352 εί
1665 5300 1739 5370 μὴ
1786 5298 1861 5363 ὼς

309 5391 658 5464 γραμματικὴ
689 5392 746 5445 ἐν
771 5390 914 5461 ψυχῇ
938 5406 949 5419 ν
979 5390 1134 5444 τοῦτο
1169 5391 1226 5443 δὲ
1253 5393 1450 5446 ἄτοπον
1487 5391 1578 5444 ἐπὶ
1602 5390 1734 5443 Θεοῦ
1768 5391 1861 5444 καὶ

310 5482 478 5554 ’Υλης
499 5484 750 5536 ἐπινοεῖν.
780 5481 843 5534 Ei
874 5480 932 5534 δὲ
955 5479 1030 5544 ὼς
1062 5481 1118 5533 ὲν
1150 5479 1310 5550 κενῷ,
1353 5479 1428 5544 ὥς
1451 5498 1593 5544 τινες
1620 5481 1858 5550 λέγουσι,

305 5575 364 5627 τὸ
410 5575 563 5628 κενὸν
588 5573 666 5644 τῷ
699 5573 864 5625 παντὶ
903 5571 1334 5642 περικεχῶσθαν
1369 5573 1430 5626 τὸ
1472 5572 1655 5644 ἕτερον
1699 5571 1860 5625 πάλιν

306 5665 688 5717 ἀνυπόστατον.
725 5661 894 5716 Οὐσία
922 5661 1030 5732 γὰρ
1073 5660 1166 5714 τοῦ
1211 5661 1367 5716 κενοῦ
1399 5664 1459 5716 τὸ
1491 5663 1672 5736 μηδέν.
1710 5665 1772 5718 Ei
1801 5663 1859 5718 δὲ

234 5805 238 5812 ,
306 5755 378 5818 ὡς
416 5753 819 5826 συμϐεϐηκότα,
852 5751 1066 5826 πρῶτον
1117 5751 1216 5824 μὲν
1255 5754 1512 5809 ἀδύνατον
1548 5755 1733 5810 τοῦτο’
1770 5754 1860 5809 οὐ·

312 5846 428 5911 σίας
489 5845 598 5913 γὰρ
655 5846 854 5913 ἄμοιρα
916 5843 1062 5911 ὅντα,
1124 5844 1358 5913 οὐδαμοῦ
1423 5839 1558 5904 εἶναι
1615 5848 1856 5903 δύναται.

1962 5037 2057 5076 sus
2091 5026 2180 5072 aut
2215 5019 2596 5086 incorporeum
2632 5025 2725 5070 aut
2754 5032 2954 5088 corpus
2981 5036 3143 5088 esse;
3200 5032 3364 5095 atque
3393 5025 3531 5082 adeo

1960 5112 2184 5166 tertium
2205 5109 2557 5164 adventitium
2583 5109 2909 5181 principium
2933 5114 3172 5168 emersit.

2037 5201 2280 5257 Primum
2323 5203 2507 5272 itaque
2538 5203 2583 5257 si
2638 5201 2777 5257 Deus
2805 5212 2858 5257 et
2882 5205 3108 5259 materia
3129 5207 3286 5262 ambo
3303 5221 3529 5278 prorsus

1968 5295 2328 5366 incorporea;
2377 5301 2635 5350 neutrum
2665 5294 2721 5348 in
2760 5294 2952 5356 altero,
3001 5309 3357 5367 praeterquam
3381 5297 3527 5366 quod

1966 5388 2110 5444 sicut
2141 5386 2492 5456 grammatica
2518 5391 2602 5440 est
2636 5385 2690 5440 in
2720 5385 2922 5440 anima.
2947 5384 3060 5441 Hoc
3093 5396 3272 5442 autem
3316 5387 3370 5440 in
3414 5387 3525 5442 Deo

1966 5485 2022 5533 et
2047 5477 2274 5532 materia
2309 5475 2630 5546 intelligere,
2689 5477 2986 5532 absurdum
3019 5486 3121 5533 est.
3172 5477 3228 5531 Si
3257 5486 3434 5531 autem
3465 5485 3525 5533 ut

1968 5571 2024 5625 in
2043 5584 2237 5634 vacuo,
2270 5576 2328 5624 ut
2373 5569 2596 5639 quidam
2641 5568 2960 5639 loquuntur,
3005 5584 3234 5624 vacuum
3267 5569 3525 5628 universo

1963 5661 2094 5716 huic
2124 5658 2514 5716 circumfusum
2547 5675 2698 5727 esse;
2731 5660 2961 5715 alterum
2993 5675 3187 5716 rursus
3215 5661 3523 5719 substantia

1965 5759 2137 5809 caret.
2174 5751 2342 5807 Vacui
2373 5755 2514 5829 epim
2550 5751 2859 5807 substantia
2905 5750 3042 5805 nihil
3077 5759 3180 5806 est.
3210 5750 3306 5806 Sin
3340 5759 3523 5808 autem

1968 5853 2026 5900 ut
2059 5843 2385 5912 accidentia,
2430 5844 2666 5915 primum
2709 5840 2928 5912 quidem
2962 5855 3025 5899 ea
3053 5857 3142 5900 res
3170 5843 3524 5918 impossibilil
