4088 6284
485 341 593 408 823
1461 348 1861 407 ALEXAND”
1900 348 2032 408 ΕΡΙΕ

2133 351 2211 408 lPl
2245 342 2730 411 ιγοοΡοιιτΑΝ
2733 354 2753 410 ι

486 476 595 524 est.
627 456 758 536 Quae
785 467 927 523 enim
950 465 1258 523 substantia
1270 475 1479 530 carent.
1511 467 1661 522 nullo
1681 480 1914 537 usquam
1932 467 2032 522 loci

2160 469 2295 541 Ὀχη
2305 487 2379 541 μα
2406 470 2515 543 γὰρ
2535 456 2722 547 ὥσπερ
2748 470 2897 526 ἐστὶν
2921 466 3193 543 ὕποὸεὸλη
3203 468 3362 541 μλνον
3384 470 3498 534 τοῖς
3520 472 3726 543 συμσεα

481 568 713 631 possunt
736 575 876 615 esse.
911 558 1007 613 Est
1036 558 1181 614 enim
1209 559 1514 615 substantia
1545 558 1704 630 quasi
1731 557 2032 613 vehiculum

2155 559 2379 633 quéow
2409 564 2441 633 ἡ
2475 562 2650 648 οὐσία.
2689 561 2839 647 Eius
2881 558 3110 632 σώματα
3154 549 3410 645 ἑκάτερα,
3445 562 3660 648 ἀνάγκη

3618 356 3729 416 δεδι

480 650 857 706 accidentibus
883 649 1151 720 subjecta.
1182 649 1339 717 Quod
1381 650 1429 706 si
1464 652 1624 706 ambo
1668 664 1919 720 corpora,
1953 666 2053 705 nee

479 759 639 801 cesse
662 751 748 798 est
768 751 1003 813 utraque
1033 752 1128 799 aut
1151 745 1333 816 gravia
1353 760 1493 808 esse,
1518 752 1612 799 aut
1635 753 1867 814 utraque
1885 744 2055 810 levia,—

477 846 573 890 aut
596 835 772 890 media
796 853 812 904 ;
845 844 941 890 aut
965 837 1195 892 alterum
1209 836 1426 908 quidem
1439 852 1625 908 grave,
1649 836 1879 893 alterum
1911 837 2048 903 lete,

476 926 625 981 aliud
649 927 907 983 medium.
947 927 1073 984 Sive
1098 928 1267 999 igitur
1289 936 1521 1000 utraque
1543 930 1752 1001 gravia,
1778 932 1860 987 sic
1891 931 2051 1002 plane

474 1025 700 1075 necesse
729 1026 814 1075 est
848 1021 964 1074 haec
986 1021 1174 1077 eadem
1208 1029 1262 1076 et
1286 1022 1342 1075 in
1365 1022 1579 1077 levibus
1605 1038 1749 1090 esse,
1778 1032 1833 1079 et
1882 1024 1942 1080 in
1979 1026 2050 1084 iis

471 1122 595 1178 qum
628 1119 758 1165 sunt
789 1113 967 1168 media
1004 1132 1016 1167 :
1061 1114 1175 1169 sive
1206 1113 1558 1170 dissentanea
1592 1116 1724 1179 sint,
1751 1116 1898 1171 aliud
1929 1133 2049 1173 om-

472 1204 604 1265 nino
655 1212 928 1260 secretum
960 1204 1065 1260 erit
1093 1206 1162 1260 ab
1185 1207 1313 1260 alio.
1354 1206 1534 1261 Alium
1575 1208 1719 1263 enim
1752 1210 1854 1264 sibi
1883 1224 2049 1281 grave

471 1294 651 1349 locum
679 1296 942 1363 vindicat,
982 1305 1146 1368 atque
1175 1298 1322 1353 aliud
1351 1298 1496 1369 quod
1518 1299 1755 1355 medium
1779 1309 1882 1365 est,
1897 1301 2046 1356 aliud

470 1386 605 1444 leve.
651 1387 759 1442 Alii
800 1389 1062 1443 nimirum
1108 1390 1265 1444 locus
1325 1405 1544 1445 sursum
1595 1393 1891 1461 competit;
1927 1393 2040 1458 alii,

468 1477 760 1547 deorsum;
796 1481 913 1545 alii,
968 1481 1115 1552 quod
1146 1481 1255 1537 situ
1301 1484 1541 1538 medium
1583 1493 1688 1539 est.
1735 1482 1868 1555 Ejus
1917 1500 2045 1541 vero

470 1573 615 1642 quod
646 1573 924 1643 sphatricze
967 1568 1153 1646 ﬁgura:
1180 1586 1282 1640 est,
1317 1576 1473 1632 lacus
1524 1576 1767 1641 iniimus,
1802 1578 2043 1633 medium

469 1674 572 1723 est.
602 1667 684 1722 Al)
710 1668 805 1723 illo
835 1669 977 1724 enim
1003 1669 1070 1725 ad
1095 1670 1280 1724 omnia
1309 1670 1610 1725 excelsiora
1639 1671 1706 1725 ad
1726 1686 2038 1742 supremam

468 1771 643 1826 usque
673 1756 1018 1828 superﬁciem
1053 1758 1416 1830 undequaque
1444 1764 1531 1816 est
1561 1758 1847 1815 distantia.
1886 1760 2040 1817 Cuno

469 1857 666 1921 ctaque
690 1861 885 1905 rursus
922 1851 1128 1921 gravia,
1167 1851 1528 1922 undequaque
1564 1851 1619 1906 in
1650 1852 1828 1923 ipsum
1863 1851 2045 1908 larun-

468 1948 579 1997 tur.
613 1936 885 2009 Quocirca
917 1943 1084 1997 etiam
1108 1943 1291 1998 ridere
1321 1943 1517 2008 subiit,
1552 1944 1792 1998 audienti
1819 1951 1834 1999 ':
1867 1936 2041 2000 Mate-

2153 649 2320 719 ἀμφω
2353 648 2523 723 βαρέα
2551 646 2710 715 εἶναι,
2802 651 2969 721 ἄμφω
2998 650 3192 720 κοῦφα,
3226 651 3259 722 ἦ
3290 642 3452 724 μέσαδ
3540 651 3602 705 τὸ
3628 652 3727 723 μὲν

2155 741 2313 815 βαρὺ,
2345 743 2377 814 ἢ
2412 744 2472 797 τὸ
2498 744 2557 797 δὲ
2602 742 2824 813 κοῦφον,
2859 742 2892 816 ἢ
2925 731 2986 797 τὸ
3013 731 3070 797 δὲ
3107 742 3289 814 μέσον.
3323 741 3448 796 Εἴτε
3481 738 3573 797 οὖν
3598 743 3728 798 ἐκά-

2150 851 2283 908 τερα
2314 835 2501 907 βαρέα,
2533 838 2794 909 σύμπασα
2821 822 2993 900 οὕτως
3020 835 3234 907 ἀνάγκη
3262 834 3400 889 εἶναι
3432 836 3560 890 τάδε
3586 836 3728 892 αὐτᾶ

2150 929 2245 981 καὶ
2271 930 2365 981 erit
2386 929 2492 981 τῶν
2517 929 2733 999 κούφων
2760 918 2854 982 καὶ
2880 930 2971 982 ἐπὶ
2994 927 3103 981 τῶν
3134 928 3333 999 μέσωνδ
3363 929 3473 982 εἴτε
3509 929 3720 1001 παραλ-

2149 1010 2412 1084 λάττοιτο,
2448 1020 2509 1074 τὸ
2545 1020 2731 1093 ἕτερον
2762 1020 2978 1084 πάντως
3016 1019 3111 1073 τοῦ
3143 1020 3330 1093 ἑτέρου
3367 1020 3516 1073 ἔσται
3549 1032 3723 1094 κεχω-

2151 1111 2426 1183 ρισμένον.
2461 1110 2651 1173 Ἀλλος
2678 1111 2788 1183 γὰρ
2815 1110 2893 1181 τῷ
2934 1110 3113 1183 βάρει,
3144 1112 3238 1165 καὶ
3268 1111 3427 1178 ἄλλος
3463 1112 3542 1184 τῷ
3572 1114 3727 1185 μέσῳ

2148 1191 2242 1257 καὶ
2267 1201 2345 1274 τῷ
2368 1201 2554 1272 κούφῳ
2582 1203 2743 1267 τόπος
2767 1220 2779 1233 ·
2810 1202 2888 1273 τῷ
2923 1202 3021 1274 μὲν
3053 1202 3162 1275 γὰρ
3198 1202 3259 1256 τὸ
3290 1204 3423 1269 ἄνω,
3464 1203 3542 1277 τῷ
3576 1204 3631 1259 δὲ
3660 1205 3722 1261 τὸ

2146 1296 2316 1363 κάτω,
2338 1295 2414 1366 τῷ
2436 1296 2492 1349 δὲ
2512 1295 2573 1349 τὸ
2598 1296 2777 1367 μέσον.
2797 1283 3005 1360 Παντὸς
3021 1295 3079 1350 δὲ
3098 1296 3465 1367 σφαιροειδοῦς
3491 1299 3552 1352 τὸ
3572 1298 3727 1354 κάτων

2148 1390 2312 1461 μέσον
2346 1380 2520 1445 ἐστίν·
2555 1390 2662 1445 ἀπὸ
2698 1390 2807 1462 γὰρ
2832 1389 2997 1445 αὑτοῦ
3024 1378 3162 1462 πρδς
3204 1392 3313 1445 πᾶν
3340 1382 3400 1445 τδ
3444 1378 3725 1464 μετέωρον

2145 1489 2273 1563 ἄχρι
2304 1490 2404 1560 τῆς
2440 1489 2552 1545 ἂνω
2585 1490 2904 1560 ἐπιφανείας
2942 1489 3203 1544 πάντοθιξν
3238 1493 3385 1544 ἐστιν
3413 1492 3445 1562 ἡ
3480 1491 3719 1545 ἀπόστα-

2147 1598 2250 1645 σις.
2284 1569 2394 1634 Καὶ
2424 1583 2601 1636 πάντα
2630 1581 2792 1636 πάλιν
2825 1580 2894 1635 τὰ
2928 1581 3096 1654 βαρέα
3125 1571 3460 1653 πανταχόθεν
3489 1581 3721 1653 φέρεται

2144 1672 2230 1724 ἐπ’
2268 1662 2419 1727 αὑτό.
2465 1661 2555 1727 Διὸ
2593 1673 2687 1728 καὶ
2717 1672 2951 1744 γέλωτός
2990 1689 3080 1743 μοι
3126 1673 3358 1744 ἐπῆλθεν
3400 1672 3713 1738 ἀκούσαντι,

2146 1764 2226 1818 ὅτι
2254 1752 2576 1836 κινουμένη
2620 1769 2659 1837 ἡ
2707 1768 2825 1835 ὕλη
2871 1765 3150 1833 ἀτάκτως
3203 1765 3393 1836 (τοῦτο
3437 1766 3546 1838 γὰρ
3573 1754 3721 1836 αύτῇ

2145 1856 2288 1911 κατὰ
2319 1857 2501 1927 φύσιν)
2558 1859 2646 1925 είς
2677 1858 2791 1927 τὴν
2817 1859 2922 1913 τοῦ
2953 1859 3101 1913 Θεοῦ
3138 1846 3382 1928 ἀφίκετο
3410 1856 3641 1928 χώραν-ί
3674 1855 3715 1925 ἣ

2145 1947 2211 2013 ἐς
2232 1946 2358 2017 φῶς
2388 1947 2489 2002 καί
2518 1940 2819 2017 λαμπρὸν,
2859 1949 2953 2003 καὶ
2988 1949 3164 2004 πάντα
3191 1947 3260 2001 τὰ
3297 1947 3542 2002 τοιαῦτα.

466 2037 770 2102 Ηαηι,άαπι
793 2039 1131 2109 incomposite
1148 2049 1380 2094 movetur
1397 2057 1459 2094 ac
1475 2040 1773 2096 inordinate
1790 2040 1869 2113 (id
1886 2041 2032 2098 enim
2076 2043 2157 2099 illi
2187 2060 2253 2100 ex
2279 2054 2476 2100 natura
2508 2046 2613 2117 est)
2655 2047 2725 2100 ad
2748 2045 2848 2100 Dei
2887 2048 3113 2102 evasisse
3154 2046 3434 2117 regionem,
3491 2045 3599 2101 sive
3645 2044 3715 2109 ad

466 2134 630 2187 lucem
656 2143 703 2188 et
726 2136 1046 2201 claritatem,
1074 2137 1304 2208 ejusque
1337 2139 1555 2209 generis
1581 2140 1789 2196 omnia.

537 2225 597 2281 Si
644 2235 825 2283 autem
868 2228 1016 2284 aliud
1065 2245 1287 2301 corpus,
1325 2229 1472 2285 aliud
1493 2231 1874 2302 incorporeum
1902 2238 2034 2289 est:

463 2319 697 2387 primum
728 2320 946 2391 quidem
975 2323 1120 2394 quod
1152 2337 1354 2394 corpus
1382 2331 1487 2387 est,
1526 2324 1581 2378 in
1605 2325 1783 2380 solum
1834 2326 2037 2383 mobile

460 2418 567 2471 est.
585 2410 874 2476 Praeterea,
891 2414 1159 2485 siquidem
1180 2414 1521 2470 incommista
1539 2423 1668 2471 sunt
1689 2417 2036 2488 unumquod-

461 2516 569 2573 que
596 2518 845 2560 seorsum
868 2505 934 2560 ab
957 2506 1129 2562 altero
1161 2506 1461 2563 secundum
1480 2507 1755 2577 propriam
1778 2517 2033 2564 naturam

462 2607 569 2652 est.
596 2596 701 2655 Sin
743 2612 872 2653 vero
924 2598 1155 2653 alterum
1196 2599 1352 2654 alteri
1410 2600 1760 2655 commistum
1792 2609 1896 2667 est,
1921 2608 2036 2668 .aut

462 2689 663 2754 anima,
719 2698 816 2744 aut
865 2706 1020 2746 mens
1056 2691 1281 2758 fuerint,
1317 2699 1411 2746 aut
1445 2690 1723 2748 accidens.
1757 2690 1850 2748 Sic
1883 2694 2033 2749 enim

461 2781 807 2838 solummodo
820 2782 1145 2855 incorporea
1175 2785 1500 2856 corporibus
1528 2784 1878 2841 commisceri
1901 2799 2034 2840 cono

463 2874 642 2947 tingit.

2215 2232 2279 2287 El
2308 2233 2365 2287 δὲ
2396 2234 2455 2288 τὸ
2486 2224 2586 2304 μὲν
2626 2233 2805 2305 σῶμα,
2837 2233 2898 2286 τὺ
2930 2233 2987 2287 δὲ
3019 2232 3328 2305 ἀσώματον,
3365 2233 3581 2306 πρῶτον
3615 2237 3720 2307 μὲν

2142 2325 2171 2379 ὃ
2204 2328 2319 2381 ἐστι
2355 2325 2534 2396 σῶμα,
2593 2315 2752 2397 μόνον
2779 2327 2993 2398 κινητόν
3020 2329 3189 2380 ἐστιν’
3215 2325 3404 2380 ἔπειτα
3433 2326 3509 2392 δὲ,
3531 2329 3579 2380 εί
3612 2327 3718 2399 μὲν

2141 2419 2376 2491 ἄμικτα,
2424 2406 2572 2473 ἐστὶν
2612 2409 2871 2491 ἑκάτερον
2914 2420 3082 2492 χωρὶς
3120 2407 3381 2493 ἑκατέρου
3427 2420 3565 2475 κατὰ
3611 2420 3720 2492 τῆν’

2140 2511 2344 2565 οἰκείαν
2376 2512 2536 2583 φύσιν
2555 2528 2569 2542 ⁸
2618 2513 2665 2565 εἰ
2696 2500 2752 2565 δὲ
2789 2512 3051 2584 μέμικται
3080 2512 3140 2566 τὸ
3170 2512 3357 2585 ἕτερον
3395 2512 3475 2585 τῷ
3515 2500 3706 2585 ἑτέρῳ,

2141 2602 2174 2675 ἦ
2200 2604 2345 2678 ψυχὴ
2367 2605 2400 2675 ἦ
2423 2604 2550 2670 νοῦς
2575 2596 2608 2677 ἢ
2632 2602 2976 2678 συμϐεϐηκὸς
3007 2605 3074 2660 ἂν
3096 2605 3202 2677 εἴη.
3230 2594 3393 2661 Οὕτω
3412 2606 3522 2679 γὰρ
3551 2605 3712 2679 μᾶνον

2139 2694 2208 2748 τὰ
2241 2694 2508 2769 ἀσώματα
2533 2699 2646 2761 τοῖς
2677 2683 2891 2769 σώμασι
2923 2696 3153 2769 πάρεστι
3185 2696 3494 2769 μίγνυσθαι.

456 3009 591 3069 CAP.
618 3012 710 3069 1X.
752 3004 994 3069 Ridicule
1022 3012 1441 3068 Manichatorum
1468 3014 1710 3068 materia:
1734 3013 1793 3067 in
1821 3011 1987 3068 Deam
2020 3022 2195 3069 motus
2234 3014 2448 3071 delirio.
2491 3010 2657 3080 Deus,
2684 3015 2925 3070 ntater'ice
2968 3025 3155 3071 auctor
3195 3015 3519 3082 rebellionis,
3551 3024 3710 3078 sensu

637 3084 994 3140 Manichaico.
1025 3085 1270 3139 Materia:
1297 3084 1547 3155 appetitio
1577 3085 1710 3139 lucis
1731 3092 1780 3139 et
1796 3083 2110 3153 splendoris,
2130 3084 2286 3140 bona.
2312 3085 2465 3139 Bona
2495 3086 2675 3141 divina
2702 3086 2834 3140 nihil
2859 3089 2924 3141 ea:
2954 3089 3266 3143 commercio
3297 3089 3530 3144 minora.

529 3222 639 3279 Sed
681 3237 918 3293 quonam
949 3222 1112 3276 modo
1141 3220 1196 3276 in
1228 3218 1326 3275 Dei
1373 3219 1652 3291 regionem
1698 3234 1764 3275 ac
1821 3218 2028 3284 sedem,
2057 3229 2102 3285 (ι

459 3330 638 3386 quave
675 3330 743 3369 ex
799 3328 967 3369 causa
1002 3314 1216 3368 invecta
1242 3310 1370 3368 est?
1398 3310 1475 3366 illi
1511 3310 1731 3382 quidem
1753 3325 1821 3366 ex
1841 3318 2040 3365 natura

456 3420 543 3465 est
564 3409 717 3463 locus
745 3405 1002 3463 deorsum
1028 3416 1081 3461 et
1103 3405 1358 3470 tenebrae,
1386 3410 1445 3459 ut
1473 3397 1805 3475 loquuntur;
1840 3411 2040 3475 praeter

465 3510 718 3559 naturam
750 3514 880 3555 vero
926 3499 1081 3554 locus
1111 3512 1332 3553 sursum
1374 3504 1428 3552 et
1477 3497 1594 3551 lux.
1642 3494 2031 3563 Quamobrem,

460 3604 643 3650 motus
673 3595 723 3649 ei
754 3602 887 3648 tunc
923 3591 1387 3663 praeternaturalis
1411 3589 1533 3645 fuit.
1564 3589 1735 3661 Eique
1763 3588 2036 3661 ejusmodi

458 3683 663 3755 aliquid
690 3682 908 3746 accidit,
944 3696 1009 3736 ac
1043 3682 1089 3736 si
1123 3685 1247 3751 quis
1275 3679 1504 3750 lapidem
1533 3687 1628 3734 aut
1651 3679 1862 3750 glebam
1876 3688 2035 3734 terra;

459 3791 675 3832 sursum
712 3773 1006 3845 proiecerit
1032 3790 1047 3840 ;
1085 3787 1195 3842 qua
1225 3771 1413 3842 utique
1444 3770 1656 3826 ratione
1676 3786 1740 3824 ea
1766 3785 1855 3825 res
1900 3785 2032 3840 pro-

456 3868 697 3939 jicientis
719 3868 920 3937 impetu
951 3865 1231 3936 paululum
1269 3864 1466 3929 levata,
1490 3879 1614 3918 cum
1649 3868 1873 3917 sursum
1903 3878 2032 3918 eva-

460 3963 613 4025 serit,
649 3960 706 4014 in
747 3958 996 4014 eumdem
1049 3958 1229 4012 locum
1274 3957 1477 4012 decidit
1502 3971 1567 4010 ac
1594 3954 1724 4009 ruit.
1764 3952 2026 4022 Quisnam

460 4057 628 4127 igitur
661 4054 938 4109 materiam
960 4053 1026 4106 ad
1059 4067 1354 4121 supernum
1386 4052 1565 4106 locum
1598 4050 1793 4107 levavit
1823 4050 1846 4104 2
1885 4048 2027 4106 Sane

458 4145 679 4218 quidem
730 4146 847 4202 suis
879 4145 1111 4207 meritis,
1146 4160 1212 4199 ac
1238 4159 1306 4198 ex
1333 4159 1393 4199 se
1428 4144 1568 4214 ipsa,
1601 4158 1667 4198 eo
1694 4154 1846 4198 motu
1879 4141 2022 4197 haud

457 4246 741 4295 moveatur
772 4237 867 4308 qui
896 4237 1018 4309 ejus
1070 4237 1187 4306 ipse
1211 4236 1461 4291 exsistat.
1502 4235 1736 4292 Necesse
1766 4250 1896 4291 vero
1939 4244 2024 4290 est

455 4334 569 4387 vim
596 4335 647 4388 ei
686 4332 891 4386 illatam
929 4346 1053 4386 esse
1078 4337 1138 4385 ut
1162 4343 1379 4384 sursum
1413 4328 1669 4391 ferretur,
1699 4328 1843 4383 haud
1861 4344 2021 4384 secus

456 4441 522 4481 ac
560 4423 725 4496 lapidi
751 4431 806 4479 et
833 4423 1024 4494 glebae.
1057 4419 1260 4477 Verum
1312 4420 1450 4475 nihil
1479 4419 1557 4473 illi
1599 4434 1723 4473 cum
1764 4435 1827 4475 ea
1855 4420 2021 4475 relin-

454 4526 650 4589 quunt,
682 4523 876 4587 praeter
904 4514 1094 4570 Deum.
1133 4511 1478 4567 Manifestum
1511 4509 1677 4581 igitur
1728 4510 1859 4580 quid
1890 4509 2018 4566 inde

2217 3210 2355 3276 'm‘
2393 3223 2542 3287 ὅπως
2569 3210 2773 3295 ἠνέχθη
2799 3225 2878 3287 εἰς
2916 3224 3014 3296 τὴν
3053 3223 3145 3278 τοῦ
3169 3224 3302 3279 Θεοῦ
3331 3214 3532 3298 χώραν,
3640 3228 3705 3282 ἐκ

2139 3314 2297 3378 ποίας
2344 3315 2556 3381 αἰτίαςς
2599 3316 2739 3369 κατὰ
2785 3300 2945 3385 φύσιν
2986 3316 3084 3387 μὲν
3124 3315 3232 3389 γὰρ
3270 3318 3406 3390 αὐτῇ
3451 3319 3508 3372 τὸ
3551 3320 3706 3373 κάτω

2136 3407 2230 3460 καὶ
2253 3396 2313 3461 τδ
2342 3406 2549 3473 σκότος,
2579 3406 2656 3471 ὣς
2681 3424 2832 3477 φασι,
2865 3407 3018 3482 σεαρά
3043 3407 3202 3478 φύσιν
3223 3407 3277 3463 δὲ
3299 3409 3362 3462 ab
3390 3408 3500 3464 ἄνω
3528 3411 3623 3464 καὶ
3642 3411 3705 3465 τὸ

2136 3498 2286 3571 φῶςυ
2326 3498 2401 3564 ὥς
2426 3515 2489 3568 γε
2535 3500 2685 3572 παρὰ
2726 3499 2887 3569 φύσιν
2917 3499 3038 3552 τότε
3069 3500 3290 3568 γέγονεν
3324 3502 3461 3574 αὐτῇ
3487 3503 3520 3575 ἡ
3546 3502 3704 3575 κίνηο

2137 3611 2240 3657 σις.
2287 3594 2397 3646 Καὶ
2422 3591 2661 3646 τοιοῦτόν
2698 3611 2750 3646 τι
2792 3592 3078 3657 πέπονθεν,
3115 3587 3225 3647 οἷον
3266 3596 3315 3647 εἰ
3357 3579 3505 3648 λίθον
3534 3611 3618 3659 τις

2135 3683 2303 3754 βῶλον
2345 3682 2448 3753 γῆς
2488 3684 2567 3746 εἰς
2600 3668 2660 3735 τὸ
2701 3681 2813 3736 ἄνω
2852 3683 3091 3753 ῥίψειεν·
3133 3682 3198 3737 δι’
3224 3684 3254 3737 ὃ
3295 3683 3380 3757 δὴ,
3414 3684 3591 3754 ὀλίγον
3632 3686 3701 3740 τὰ

2130 3770 2355 3826 τοιαῦτα
2376 3770 2735 3841 κουφισθέντα
2760 3762 2864 3825 ent
2883 3768 2984 3842 τῆς
3003 3771 3096 3826 τοῦ
3125 3773 3378 3845 ῥίψαντος
3401 3772 3541 3844 βίας,
3571 3788 3699 3846 μετ-

2130 3863 2276 3938 έωρα
2315 3864 2604 3934 γεγονότα,
2651 3866 2731 3926 είς
2770 3864 2861 3917 τὸν
2917 3851 3076 3917 αὐτον
3109 3864 3477 3938 καταφέρεται
3508 3865 3693 3920 adit-ev;

2127 3956 2237 4027 Τὴν
2278 3953 2371 4011 οὗν
2415 3955 2546 4027 ὓλην
2575 3948 2661 4020 τίς
2698 3942 2983 4025 ἐκούφισεν
3011 3957 3091 4019 είς
3116 3956 3207 4009 τὸν
3253 3956 3363 4010 ἄνω
3392 3943 3586 4023 τόπονς
3614 3958 3695 4011 Δι’

2125 4048 2296 4120 αὐτὴν
2331 4048 2426 4120 μὲν
2457 4046 2565 4118 γὰρ
2601 4046 2695 4101 καὶ
2720 4046 2778 4113 ἐξ
2812 4046 2982 4116 αὐτῆς
3011 4045 3111 4100 οὐκ
3151 4046 3218 4100 ἂν
3261 4049 3462 4101 κινοῖτο
3489 4033 3694 4120 ταύτην

2121 4137 2219 4209 τήν
2244 4137 2477 4207 κίνησιν,
2506 4136 2673 4207 αὐτῆς
2704 4135 3073 4207 ὑπάρχουσαν.
3112 4137 3204 4188 Δεῖ
3234 4135 3289 4190 δὲ
3333 4136 3504 4208 αὐτὴν
3554 4137 3690 4191 ὑπσ-

2124 4230 2303 4299 μεῖναι
2322 4227 2461 4298 βίαν,
2490 4228 2579 4282 ἵνα
2604 4231 2684 4292 εἰς
2705 4228 2794 4280 τὸν
2820 4226 2930 4281 ἄνω
2954 4214 3116 4281 τόπον
3136 4227 3495 4301 μετεωρισθῇ,
3518 4224 3692 4285 καθά-

2121 4336 2226 4391 περ
2251 4322 2279 4371 ό
2306 4318 2451 4383 λίθος
2477 4320 2571 4373 καὶ
2599 4321 2632 4390 ἡ
2661 4319 2845 4390 βῶλος.
2895 4318 3034 4372 Ἀλλ’
3058 4319 3243 4391 ἓτερον
3282 4320 3379 4393 μὲν
3406 4320 3559 4375 ὁΰδὲν
3590 4321 3689 4374 σὺν

2120 4412 2257 4483 αὐτῇ
2287 4411 2659 4480 ἀπολείπουσι,
2693 4413 2783 4467 τὸν
2823 4398 2956 4466 Θεδν
2996 4398 3071 4464 δέ.
3118 4412 3356 4485 Φανερὸν
3395 4408 3490 4466 οὗν
3519 4401 3582 4465 τὸ
3622 4414 3688 4465 ὲκ

2118 4503 2213 4558 τοῦ
2254 4504 2410 4572 λόγου
2452 4504 2779 4574 συμβαῖνον·
2820 4505 2924 4568 ὅτι,
2956 4505 3078 4557 κατ’
3117 4505 3331 4568 αὐτοὺς,
3367 4507 3396 4557 ὁ
3426 4493 3560 4568 Θεὸς
3593 4492 3687 4576 βίᾳ

455 4586 821 4667 conﬁciatur:
876 4607 1044 4663 Deum
1091 4606 1322 4670 scilicet,
1357 4612 1418 4660 ut
1447 4603 1550 4674 ipsi
1600 4602 1934 4667 existimant,
1963 4602 2018 4656 vi

2133 4599 2214 4653 καὶ
2245 4598 2457 4670 ἀνάγκῃ
2481 4597 2683 4670 ταύτην
2713 4596 2982 4669 μετέωρον
3013 4598 3265 4668 ἐποίησεν
3293 4598 3370 4662 ὡς
3395 4586 3574 4652 αὑτόν.

454 4718 519 4758 ac
548 4703 894 4766 necessitate,
923 4700 1101 4771 ipsum
1118 4698 1186 4754 ad
1211 4713 1272 4755 se
1302 4697 1585 4754 materiam
1616 4695 1903 4752 sublimem
1935 4695 2017 4749 le-

452 4812 631 4853 τοῦδε.

521 4888 706 4958 Atqui,
737 4889 785 4943 si
812 4887 1013 4942 malum
1047 4884 1271 4940 materia
1294 4890 1399 4946 est,
1453 4880 1675 4937 omnino
1703 4879 1867 4934 etiam
1898 4889 2016 4934 ma-

451 4981 519 5037 ιω
546 4988 674 5035 sunt
703 4981 824 5050 ejus
875 4977 1252 5050 appetitiones.
1291 4974 1387 5029 Est
1414 4987 1544 5028 vero
1591 4971 1721 5026 mali
1755 4971 2014 5042 appetitio

451 5072 596 5127 mala
627 5089 642 5139 ;
680 5071 806 5126 boni
833 5084 964 5146 vero
990 5078 1153 5139 atque
1172 5067 1408 5133 honesti,
1432 5066 1551 5135 ipsa
1584 5063 1738 5119 valde
1758 5062 2010 5117 honesta.

454 5163 735 5236 Siquidem
768 5163 933 5234 igitur
977 5162 1205 5216 materia
1236 5159 1377 5231 quod
1433 5155 1777 5227 splendidum
1805 5161 1893 5209 est
1926 5153 2013 5209 lu-

450 5266 678 5323 cemque
714 5250 1047 5321 concupivit,
1081 5248 1226 5303 haud
1255 5249 1395 5302 mala
1422 5248 1542 5317 ejus
1579 5245 1854 5317 cupiditas
1895 5251 2008 5312 est;

452 5354 512 5400 ut
536 5360 714 5415 neque
743 5343 788 5398 si
817 5343 940 5413 quis
971 5342 1162 5396 vitiose
1206 5341 1371 5394 vitam
1429 5339 1721 5393 traducens
1751 5376 1767 5403 ,
1820 5345 2011 5408 postea

453 5437 669 5491 tandem
700 5435 918 5489 virtutis
971 5432 1243 5488 desiderio
1294 5430 1576 5486 exarserit.
1635 5428 1807 5485 Secus
1856 5443 2008 5495 vero,

452 5528 595 5584 haud
617 5536 772 5583 vacat
798 5525 1050 5589 crimine,
1083 5525 1129 5580 si
1158 5524 1283 5595 quis
1312 5523 1594 5579 studiosus
1622 5521 1679 5575 in
1705 5521 1834 5576 mali
1864 5519 2013 5577 desi-

451 5620 658 5675 derium
680 5619 906 5674 venerit.
942 5615 1100 5673 Velut
1128 5617 1174 5672 si
1202 5616 1327 5687 quis
1351 5616 1518 5679 dicat,
1553 5614 1718 5672 Deum
1748 5628 1869 5686 quae
1898 5627 2014 5667 ma-

452 5711 602 5767 teriae
621 5720 953 5781 competunt,
976 5712 1120 5765 mala
1133 5719 1408 5780 appetere.
1438 5706 1551 5763 Nec
1589 5708 1733 5763 enim
1751 5706 1846 5762 Dei
1866 5707 2008 5762 bona

452 5802 584 5858 talia
607 5800 924 5857 aestimanda
945 5809 1100 5870 sunt,
1122 5801 1305 5872 qualia
1333 5806 1465 5858 sunt
1483 5800 1665 5856 multa:
1692 5812 1825 5869 opes
1848 5803 1903 5853 et
1923 5796 2007 5852 la-

2190 4866 2301 4929 Ka‘t
2332 4891 2457 4947 μην,
2488 4876 2537 4928 εί
2559 4877 2725 4928 κακδν
2752 4887 2785 4945 η
2818 4858 2938 4943 illi],
2969 4872 3184 4936 πάντως
3214 4887 3316 4924 που
3349 4864 3488 4924 εἰσὶν
3512 4867 3683 4939 αὐτῆς

2120 4967 2215 5022 καὶ
2239 4966 2443 5039 ὀρέξεις
2472 4965 2737 5019 τοιαῦταιι
2771 4965 2927 5018 Ἔστι
2962 4964 3019 5018 δὲ
3049 4965 3082 5035 ἡ
3113 4963 3210 5034 μὲν
3235 4960 3330 5015 τοῦ
3358 4958 3530 5015 κακοῦ
3555 4958 3682 5032 δρε-

2122 5054 2203 5128 ξις
2225 5058 2400 5130 φαύλη
2421 5074 2435 5089 ·
2467 5060 2500 5130 ἡ
2528 5058 2586 5112 δὲ
2611 5056 2705 5110 τοῦ
2741 5055 2907 5109 πεαλοῦ
2939 5055 3079 5108 πάνυ
3113 5051 3402 5107 σπουδαίαε
3415 5051 3481 5137 El
3501 5048 3562 5103 δὲ
3582 5046 3681 5102 τοῦ

2119 5149 2373 5222 λαμπροῦ
2430 5151 2524 5204 καὶ
2575 5148 2671 5203 τοῦ
2715 5147 2891 5217 φωτὸς
2939 5146 3287 5217 ἐπεθύμησεν
3352 5146 3386 5216 ἡ
3433 5143 3567 5216 ὕλη,
3615 5140 3678 5195 οὐ

2119 5241 2295 5313 φαύλη
2340 5243 2374 5313 ἡ
2417 5230 2714 5312 ἐπιθυμίαο
2768 5238 3017 5310 καθάπερ
3054 5237 3175 5292 οὐδὲ
3205 5240 3253 5291 εἰ
3293 5239 3356 5290 ὲν
3386 5234 3553 5306 κακίᾳ
3592 5249 3683 5296 τις

2115 5332 2246 5399 ζῶν,
2281 5333 2418 5405 μετὰ
2434 5332 2605 5386 ταῦτα
2629 5348 2755 5384 ποτε
2783 5330 3174 5402 ἐπιθυμήσειεν
3200 5327 3418 5401 ἀρετῆς.
3446 5326 3685 5380 Τούναν-

2113 5425 2228 5477 τίον
2258 5423 2387 5495 γὰρ,
2418 5423 2476 5475 ὲν
2516 5420 2815 5494 ἐγκλήματι
2846 5421 2910 5474 τὸ
2943 5419 3229 5474 σπουδαῖόν
3264 5434 3386 5472 τινα
3424 5414 3519 5470 τοῦ
3546 5414 3683 5485 (pau-

2115 5512 2206 5570 λου
2249 5519 2329 5581 εἰς
2370 5515 2661 5587 ἐπιθυμίαν
2698 5515 2903 5569 ὲλθείνδ
2936 5513 3186 5583 καθάπερ
3230 5510 3298 5565 ἂν
3337 5509 3385 5563 εἰ
3424 5508 3515 5563 τὸν
3542 5504 3684 5562 Θεδνί

2118 5614 2274 5681 φαῖεν
2301 5610 2583 5682 ὀρέγεσθαι
2620 5607 2727 5663 τῶν
2769 5610 2834 5679 τῇ
2866 5606 2967 5681 ὓλῂ
2997 5609 3307 5679 προσόντων
3352 5601 3556 5657 κακῶν.
3596 5599 3675 5653 Οὐ

2114 5700 2224 5774 γὰρ
2245 5700 2309 5774 δὴ
2340 5700 2409 5754 τὰ
2426 5699 2521 5753 τοῦ
2547 5698 2682 5752 Θεοῦ
2720 5697 2897 5768 ἀγαθὰ
2923 5697 3146 5751 τοιαῦτα
3174 5694 3538 5764 ὑποληπτέον,
3563 5684 3680 5746 οἷόν

2114 5795 2260 5849 ἐστιν
2284 5793 2313 5845 ὁ
2338 5790 2563 5854 πλοῦτος
2594 5791 2735 5863 καὶὴ
2772 5789 2940 5861 πολλὴ
2965 5788 3059 5860 γῆς
3086 5787 3179 5842 καὶ
3205 5790 3234 5843 ὁ
3262 5788 3429 5851 πολὺς
3452 5781 3676 5856 χρυσδςφ
