4088 6284
306 262 433 323 425
1201 270 1616 334 TBACTATUS
1654 275 1742 330 DE
1781 277 2092 338 PLACITIS
2132 275 2686 349 MANlCl-LEORUM.
3439 295 3542 354 426

303 379 670 479 diuturn»:
717 389 924 458 γίνεται
972 393 1050 464 τῷ
1079 396 1397 466 κεκτημένῳ
1441 398 1475 467 ή
1515 397 1622 450 ἀπὸ
1648 397 1756 450 τῶν
1789 400 1844 451 ἀι

1945 397 2211 460 ιιὶΐιιιιᾱίει
2245 400 2544 472 ingensque
2584 403 2703 457 auri
2735 403 2837 467 vis,
2875 419 3108 475 quorum
3153 410 3397 468 minores
3438 420 3542 479 do-

282 475 549 567 .Opdmmv
587 481 667 543 είς
710 479 895 554 ἕτερον
948 484 1296 554 μετάστασις.
1353 485 1488 538 Ἀλλ’
1534 486 1590 538 ετ
1613 504 1732 540 τινα
1762 489 1844 542 τοέ

1981 491 2131 546 mino
2157 493 2355 546 cedunt
2387 502 2588 563 partes,
2616 495 2664 548 si
2694 496 2816 564 quis
2843 497 2897 552 in
2920 499 3151 555 alterum
3181 502 3251 557 ab
3270 475 3538 563 eotrans-

297 583 422 621 των
443 569 580 635 ὅλως
618 573 802 626 είκόνα
826 577 1104 646 ἐπινοῆσαι
1133 577 1230 642 δεῖ,
1262 578 1359 649 τὴν
1402 577 1613 646 σοφίαν,
1642 575 1792 649 οἶμαι
1825 581 1844 634 ε

1981 581 2185 636 tulerit.
2220 581 2326 636 Sed
2348 583 2551 653 siquod
2576 587 2798 641 omnino
2827 587 3020 643 horum
3051 591 3398 648 simulacrum
3415 597 3538 649 ani-

297 660 402 752 καὶ
439 662 516 726 ὡς
545 664 608 717 ἄν
633 682 715 730 τις
747 668 1048 738 παραϐάλοι
1074 669 1166 721 καὶ
1187 668 1285 733 τὰς
1314 671 1640 741 ἐπιστήμας.
1673 671 1842 727 Ὥσπε

1981 687 2072 727 mo
2099 672 2506 729 informandum
2523 677 2964 747 sit,sapientiam,
2989 691 3121 752 puto
3135 700 3262 740 vero
3286 694 3338 741 et
3353 688 3532 742 scicno

294 746 401 805 οὖν
425 751 550 806 οῦτε
590 756 623 826 ἡ
657 757 817 826 σοφία
854 757 1165 812 ἐλαττοῦται
1192 760 1313 813 οὔτε
1341 761 1373 831 ή
1417 762 1713 832 ἐπιστήμη,
1755 761 1844 813 οὕτ

1976 767 2102 830 tias,
2136 766 2190 820 in
2223 769 2528 838 exemplum
2550 746 2853 826 adduxerit.
2878 746 3346 840 Quemadmodum
3372 777 3534 848 igitur

293 845 346 895 οί
391 845 565 909 αὑτὰς
596 847 828 918 ἔχοντες,
879 849 945 903 ἂν
989 850 1175 922 ἕτερος
1213 852 1320 906 τῶν
1350 852 1527 907 αὑτῶν
1563 852 1839 926 μεταλάϐῃ

1978 869 2152 924 neque
2178 856 2444 925 sapientia
2476 859 2740 914 minuitur
2794 877 2972 933 neque
3025 867 3276 932 scientia,
3309 845 3416 924 nec
3440 871 3533 941 qui

292 934 485 1000 οὕτως
517 937 637 991 οὔτε
669 941 759 993 τὸν
797 941 930 995 Θεὸν
961 942 1180 1010 εὔλογον
1211 943 1474 1016 φθονῆσαι
1533 949 1598 1016 τῇ
1635 943 1734 1016 ὕλῃ
1777 945 1844 1015 τῆ

1984 943 2092 999 illis
2121 945 2380 1015 praditus
2408 956 2493 1002 est
2522 949 2704 1004 damni
2734 952 2935 1022 aliquid
2971 955 3132 1020 facit,
3160 960 3304 1029 quod
3336 934 3535 1031 aliquis

291 1029 397 1082 τοῦ
421 1031 590 1086 καλοῦ
617 1033 864 1105 ὀρέξεως
890 1038 936 1090 εί
958 1036 1021 1109 δὴ
1044 1037 1184 1091 κατά
1211 1038 1406 1101 αὐτοὺς
1425 1037 1638 1110 ὠρέχθη
1663 1039 1844 1091 τούτου

1980 1035 2177 1092 horum
2227 1039 2497 1109 particeps
2547 1041 2769 1099 effectus
2816 1045 3017 1102 fuerit:
3049 1050 3130 1105 sic
3180 1066 3356 1122 neque
3397 1029 3536 1110 ratio

292 1121 444 1177 satis
495 1122 658 1187 favet,
705 1134 765 1180 ut
806 1127 1178 1185 existimemus
1223 1128 1392 1184 Deum
1442 1129 1683 1184 materia:
1720 1128 1980 1184 invidisse
2013 1129 2395 1199 appetitionem
2456 1131 2585 1185 boni
2622 1133 2977 1206 honestique;
3016 1139 3143 1194 dum
3184 1121 3341 1212 juxta
3389 1143 3533 1213 illos,

288 1219 598 1289 appetiisse
627 1224 802 1293 ipsum
841 1226 1170 1284 dederimus.

285 1357 427 1416 CAP.
456 1359 524 1414 Χ.
553 1359 780 1438 Deorum
813 1365 1162 1438 mytltolog-iea
1185 1383 1202 1420 :
1227 1366 1390 1438 iisque
1423 1365 1620 1420 similia
1647 1363 1929 1438 Maniglnei
1956 1363 2175 1438 placita.
2212 1362 2512 1438 Homericae
2545 1365 2904 1438 Theomachiw
2925 1368 3200 1438 allegoria.
3235 1369 3530 1432 zEmulatio

254 1487 264 1512 '
512 1440 562 1483 et
595 1431 795 1486 invidia
823 1422 890 1488 in"
903 1422 1468 1501 Deoﬂlfanichazerum
1493 1437 1770 1491 sententia.
1808 1422 2091 1489 Vitia'ltwc
2115 1435 2168 1487 in
2187 1434 2333 1487 nullo
2361 1436 2619 1500 studiosa,
2641 1437 2933 1508 probraque
2970 1422 3316 1497 admittenda.

363 1547 512 1602 Πολὺ
536 1549 592 1601 δὲ
614 1552 740 1614 τοὺς
763 1551 1086 1622 μυθοποιοὺς
1113 1554 1568 1626 ὑπερϐεϐλήκασι,
1597 1553 1722 1617 τοὺς
1745 1553 1776 1624 ἢ
1801 1555 1844 1606 τε

2035 1549 2218 1620 Longe
2252 1566 2414 1619 porro
2450 1551 2787 1623 mythologos
2814 1552 3011 1610 fabulis
3032 1569 3360 1626 superarunt
3389 1597 3400 1622 ,
3438 1575 3529 1618 eos

282 1639 386 1692 τοῦ
419 1641 662 1712 Οὐρανοῦ
688 1644 858 1696 αίδοῖα
884 1645 1193 1715 τέμνοντας,
1229 1647 1262 1718 ἢ
1292 1647 1388 1710 τὰς
1417 1646 1704 1710 ἐπιϐουλὰς
1729 1663 1844 1699 κατι

1965 1643 2226 1697 nimirum
2262 1643 2354 1712 qui
2401 1650 2495 1696 aut
2522 1643 2657 1698 Caeli
2688 1645 2863 1698 virilia
2893 1655 3103 1715 putent,
3150 1657 3244 1703 aut
3267 1649 3530 1709 adversus

281 1731 387 1785 τοῦ
426 1736 632 1805 Κρόνου
661 1736 764 1790 ὑπὸ
797 1737 889 1790 τοῦ
915 1738 1030 1792 υἱοῦ
1068 1739 1427 1804 συντιθέντας,
1463 1742 1548 1793 ἵνα
1571 1740 1734 1803 αὐτὸς
1768 1757 1841 1793 κα

1966 1733 2260 1788 Saturnum
2291 1751 2320 1788 a
2349 1735 2458 1790 filio
2491 1743 2728 1793 structas
2781 1736 3029 1802 insidias,
3057 1747 3123 1791 .ut
3155 1740 3258 1795 sibi
3282 1741 3400 1811 ipse
3424 1743 3527 1796 im-

281 1826 472 1899 τάσχῃ
516 1829 614 1899 τὴν
661 1829 860 1902 ἀρχήν·
916 1830 948 1904 ἢ
999 1833 1280 1897 ποιοῦντας
1326 1833 1484 1887 πάλιν
1527 1833 1616 1886 τὸν
1659 1833 1844 1905 Κρόνοε

1968 1827 2177 1894 perium
2226 1827 2506 1896 arriperet,
2552 1829 2841 1882 commenti
2877 1829 2988 1883 sint
3021 1847 3034 1898 ;
3063 1839 3157 1885 aut
3189 1834 3280 1902 qui
3328 1850 3526 1892 rursus

281 1920 417 1982 τοὺς
456 1922 603 1985 υίοὺς
644 1925 990 1978 καταπίνεινο
1025 1921 1141 1978 εἶτα
1183 1925 1614 1996 διαμαρτάνοντα
1646 1925 1734 1978 διὰ
1766 1923 1844 1994 τῆ‹

1968 1917 2258 1973 Saturnum
2287 1919 2423 1974 filios
2439 1935 2631 1974 vorare
2675 1921 2897 1986 faciant,
2943 1931 3164 1994 tumque
3205 1925 3524 1984 frustratum

280 2009 386 2062 τοῦ
419 2011 567 2066 λίθου
601 2013 822 2076 εἰκόνος.
868 2015 991 2078 Πῶς
1021 2015 1127 2088 γὰρ
1171 2013 1238 2067 τὰ
1279 2015 1538 2084 λεγόμενα
1572 2015 1662 2066 ὑπ’
1687 2012 1844 2066 αὑτῶε

1965 2011 2199 2065 consilio
2243 2026 2308 2065 ex
2358 2011 2554 2080 lapidis
2601 2012 2813 2080 objecto
2866 2013 3182 2070 simulacro.
3241 2015 3526 2082 Quomodo

280 2103 348 2156 οὑ
428 2105 682 2172 τοιαῦτα;
743 2107 820 2159 ὅτ’
859 2107 922 2160 ἂν
987 2109 1218 2178 πόλεμον
1277 2109 1532 2178 ἄντικρυς
1581 2107 1682 2177 τῆς
1733 2105 1865 2176 ὕλης

280 2194 433 2267 πρὸς
456 2196 544 2249 τὸν
567 2195 698 2249 Θεὸν
727 2197 1145 2270 ὑφηγήσωνται·
1189 2199 1281 2253 καὶ
1313 2197 1445 2270 μηδὲ
1477 2198 1649 2252 ταῦτα
1683 2196 1861 2265 μέντοι

278 2285 354 2340 δι’
399 2289 650 2352 ὑπονοίας
689 2289 910 2358 λέγωσι,
942 2290 1188 2362 καθάπερ
1223 2291 1500 2361 Ὄμηρος,
1531 2289 1738 2360 χαίρειν
1770 2287 1862 2340 τὸν

277 2379 391 2432 Δία
435 2381 528 2432 ἐπὶ
576 2380 652 2451 τῷ
694 2382 802 2434 τῶν
845 2381 981 2435 θεῶν
1036 2382 1255 2453 πολέμῳ
1311 2381 1446 2452 πρὸς
1491 2379 1752 2450 ἀλλήλους
1803 2381 1860 2431 ἐν

291 2468 531 2539 Ἰλιάδι,
582 2475 946 2545 αἰνιττόμενος
988 2476 1046 2528 τὸ
1095 2476 1155 2539 ἐξ
1208 2474 1474 2545 ἀνομοίων
1517 2474 1606 2527 τὸν
1657 2473 1861 2543 κόσμον

281 2563 630 2632 συγκεῖσθαι,
662 2566 1019 2635 ἡρμοσμένων
1053 2566 1186 2634 πρὸς
1214 2564 1432 2635 ἄλληλα,
1465 2564 1558 2617 καὶ
1589 2562 1860 2617 νικώντων

274 2667 347 2706 τε
391 2653 484 2706 καὶ
529 2653 860 2724 νικωμένων.
901 2654 1008 2705 Καὶ
1051 2650 1223 2705 ταῦτά
1266 2668 1354 2722 μοι
1402 2650 1634 2721 εἴρηται,
1676 2647 1858 2720 ἐπειδὴ

275 2745 580 2813 γιγνώσκω
614 2745 740 2807 τοὺς
779 2742 1073 2807 τοιούτους,
1111 2743 1327 2794 ἐπειδὰν
1369 2739 1694 2804 ἀποδείξεων
1735 2741 1860 2792 ἀπο-

279 2835 480 2906 ρῶσιν,
525 2836 640 2888 ἔνια
674 2834 1006 2905 πανταχόθεν
1035 2835 1143 2888 ἀπὸ
1181 2835 1289 2889 τῶν
1331 2837 1600 2906 ποιήσεων
1648 2832 1856 2904 συμφέ-

280 2944 505 2999 ροντας,
540 2929 632 2982 καὶ
662 2928 953 2996 ἀπολογίαν
988 2927 1161 2982 ταῦτα
1201 2929 1337 2998 ὑπὲρ
1373 2928 1481 2981 τῶν
1515 2928 1657 2981 ἰδίων
1691 2927 1858 2991 δοξῶν

276 3019 657 3089 ποιουμένους.
691 3020 803 3072 Οὐκ
831 3018 896 3073 ἂν
927 3019 983 3073 δὲ
1005 3019 1177 3074 ταῦτα
1202 3020 1617 3083 ἐπεπόνθεισαν,
1645 3019 1693 3071 εί
1719 3019 1856 3089 μετά

273 3125 430 3174 τινος
463 3111 741 3182 φροντίδος
780 3105 932 3167 ὧτινι
961 3113 1157 3182 δήποτε
1198 3111 1571 3182 ἐνετύγχανον.

351 3389 460 3442 Καὶ
498 3388 602 3461 μὴν
630 3389 807 3443 πάντα
841 3389 938 3460 μὲν
966 3389 1034 3443 τὰ
1070 3388 1216 3443 κακὰ
1246 3387 1352 3442 ἀπὸ
1379 3387 1472 3442 τοῦ
1511 3385 1653 3441 θείου
1687 3387 1848 3460 χοροῦ

274 3479 633 3551 ἀπελήλαται,
664 3482 692 3533 6
719 3478 876 3550 ζῆλος
900 3480 958 3533 δὲ
989 3479 1218 3550 μάλιστα
1247 3480 1340 3531 καὶ
1375 3479 1403 3531 6
1437 3478 1646 3546 φθόνος.
1673 3479 1852 3532 Κατα-

274 3569 604 3625 λείπουσιδέ
633 3563 778 3624 οῦτοι
817 3571 956 3625 αὑτὰ
999 3570 1148 3642 παρὰ
1174 3570 1252 3640 τῷ
1293 3569 1430 3640 Θεῷ,
1476 3571 1551 3622 ὅτ’
1582 3570 1646 3622 ἂν
1679 3568 1848 3639 φῶσιν

273 3665 440 3718 αὑτὸν
467 3663 566 3735 τὴν
599 3663 886 3734 ἐπιϐουλὴν
937 3662 1076 3716 κατὰ
1105 3663 1204 3731 τῆς
1250 3660 1379 3732 ὕλης
1414 3662 1686 3726 συντάξαι,
1715 3662 1849 3714 διότι

272 3755 342 3827 δὴ
374 3755 466 3808 τοῦ
501 3754 667 3809 καλοῦ
707 3751 1040 3826 ἐπεθύμησε.
1071 3755 1187 3806 Τίνι
1216 3753 1271 3806 δὲ
1314 3753 1460 3806 καὶὸ
1489 3753 1619 3817 Θεὸς
1655 3747 1729 3806 ὧν
1775 3750 1850 3806 εί-

275 3860 372 3918 χεν
409 3845 672 3918 ἐϐουλήθη
715 3846 811 3917 τὴν
867 3844 998 3915 ὓλην
1029 3845 1468 3916 τιμωρήσασθαι;
1507 3845 1568 3898 τὸ
1611 3846 1706 3915 μὲν
1739 3846 1846 3919 γὰρ

270 3939 480 3995 ἁπλοῦν
520 3939 684 4010 φάναι
721 3939 812 3991 τὸν
853 3938 986 3992 Θεὸν
1017 3937 1400 4010 ἀκριϐέστερον
1444 3933 1595 4008 οἶμαι
1641 3937 1672 4009 ἢ
1706 3938 1846 3991 κατὰ

269 4033 518 4097 τούτους.
557 4033 712 4086 Ἔστι
754 4030 849 4085 καὶ
891 4033 924 4102 ἡ
955 4031 1052 4100 τῆς
1086 4029 1292 4092 ἐννοίας
1322 4028 1510 4084 τούτου
1550 4030 1842 4102 ἀφήγησις,

269 4125 371 4195 οὑχ
414 4125 490 4188 ὡς
518 4123 646 4195 περὶ
689 4123 796 4176 τῶν
839 4121 1032 4186 ἄλλων,
1075 4119 1312 4185 εὔκολος.
1350 4121 1482 4174 Οὐδὲ
1519 4119 1624 4192 γὰρ
1661 4120 1845 4184 ἁπλῶς

271 4215 606 4280 ἐνδείξασθαι
632 4217 801 4288 αὐτὴν
830 4214 1071 4277 δυνατὸν,
1097 4213 1183 4266 διὰ
1209 4213 1264 4266 δὲ
1290 4212 1488 4282 πολλῆς
1516 4211 1844 4276 παιδεύσεως

269 4309 366 4364 καὶ
399 4309 582 4363 πόνου.
631 4307 792 4361 Ἀλλὰ
829 4306 989 4361 τοῦτό
1013 4324 1075 4376 γε
1104 4307 1304 4370 πάντες
1337 4304 1512 4376 ἴσμεν,
1540 4306 1619 4357 ὃτι
1649 4307 1680 4377 ἡ
1705 4305 1841 4376 ὀργὴ

268 4402 366 4455 καὶ
412 4403 446 4474 ἡ
503 4402 602 4473 τῆς
642 4399 909 4472 τιμωρίας
955 4398 1095 4453 κατὰ
1145 4399 1244 4470 τῆς
1291 4396 1422 4468 ὕλης
1477 4395 1654 4468 ὄρεξις
1694 4397 1838 4470 πάθη

267 4492 406 4556 ἐστὶ,
439 4491 568 4564 περὶ⁵
597 4491 686 4545 τὸν
716 4490 856 4544 οὕτω
887 4490 1208 4561 διωκόμενον
1239 4489 1624 4558 συνιστάμενα·
1666 4487 1836 4542 ταῦτα

266 4581 325 4640 δέ
348 4586 471 4640 οὐδὲ
492 4585 616 4657 περί
640 4602 759 4638 τινα
784 4584 1067 4637 σπουδαῖον
1102 4582 1310 4650 γένοιτο
1335 4580 1399 4634 ἂν
1419 4582 1488 4635 τὰ
1516 4581 1829 4653 παθήματα·

269 4677 404 4748 μήτι
441 4693 506 4745 γε
541 4675 667 4748 περὶ
700 4675 760 4728 τὸ
793 4673 996 4742 ἀγαθὸν
1037 4671 1186 4727 αὑτό.

1963 2101 2131 2180 enim,
2162 2117 2282 2172 qua:
2305 2103 2372 2156 ab
2405 2103 2484 2158 eis
2513 2103 2789 2167 dicuntur,
2829 2120 2938 2158 non
2987 2105 3074 2160 his
3117 2107 3318 2163 similia
3339 2111 3364 2163 ?
3398 2126 3525 2166 cum

1962 2192 2142 2261 palam
2170 2193 2410 2248 materia:
2426 2208 2550 2248 cum
2587 2193 2699 2248 Deo
2724 2195 2920 2248 bellum
2950 2195 3191 2252 referant
3217 2218 3232 2266 ;
3263 2215 3327 2254 ac
3351 2217 3528 2273 neque

1963 2284 2078 2338 haec
2131 2285 2360 2354 spiritali
2393 2302 2558 2341 sensu
2610 2301 2674 2340 ac
2719 2287 3083 2359 mythologico
3133 2290 3336 2355 dicant,
3381 2295 3528 2349 velut

1962 2369 2232 2433 Homerus
2260 2377 2316 2431 in
2339 2375 2523 2440 Iliade,
2545 2379 2784 2449 gaudere
2806 2378 2991 2435 Jovem
3027 2381 3255 2436 deorum
3298 2383 3442 2439 inter
3465 2401 3528 2444 se

1960 2485 2140 2541 pugna
2171 2485 2233 2522 ac
2267 2470 2427 2531 bello,
2483 2470 2716 2525 obscure
2772 2473 3105 2542 signiﬁcans,
3159 2475 3526 2534 mundum-ex

1961 2561 2318 2629 inmqualihus
2355 2561 2648 2616 conﬂatum
2679 2578 2819 2628 esse,
2845 2579 2964 2633 quae
2991 2565 3094 2619 alia
3118 2565 3240 2621 aliis
3268 2577 3526 2624 conserta

1960 2660 2072 2706 tum
2107 2653 2349 2715 vincant,
2384 2660 2500 2706 tum
2528 2656 2753 2709 victoria
2789 2657 3004 2712 cadant.
3065 2658 3241 2728 Atque
3277 2660 3393 2716 haec
3438 2663 3524 2717 id-

1958 2744 2108 2813 circo
2137 2760 2168 2797 ιι
2197 2760 2283 2800 me
2313 2745 2456 2800 dicta
2479 2757 2626 2810 sunt,
2651 2746 2791 2818 quod
2816 2748 2987 2804 sciam
3018 2749 3328 2807 istiusmodi
3347 2768 3522 2824 genus

1958 2837 2260 2903 hominum,
2287 2839 2376 2894 ubi
2406 2855 2500 2896 eos
2521 2841 2870 2912 probationes
2893 2858 2955 2898 ac
2981 2844 3249 2900 rationum
3277 2861 3522 2904 momen-

1956 2935 2010 2981 ta
2044 2928 2364 2994 defecerint,
2398 2933 2646 3001 quaadam
2695 2932 2935 3003 undique
2957 2951 3022 2989 ex
3056 2944 3339 3004 poetarum
3371 2953 3522 2994 com-
3571 2999 3588 3007 κ

1956 3023 2155 3078 mentis
2178 3038 2492 3092 congerere,
2531 3033 2691 3095 atque
2714 3025 2840 3082 hinc
2862 3027 2979 3083 suis
3001 3029 3354 3097 opinionibus
3381 3046 3525 3102 prae-

1956 3112 2178 3175 sidium,
2221 3130 2286 3169 ac
2339 3131 2449 3186 quo
2478 3132 2536 3171 se
2571 3117 2678 3173 illis
2706 3125 2962 3174 tueantur
2991 3159 3006 3184 ,
3047 3135 3308 3191 quaerere.
3362 3121 3520 3188 Quod

1877 3193 1919 3249 (ἶ
1953 3205 2084 3274 ipsis
2113 3205 2531 3280 haudquaquam
2561 3211 2852 3275 evenisset,
2877 3211 2922 3267 si
2952 3212 3148 3281 majori
3177 3213 3408 3283 quadam
3421 3231 3519 3271 cu-

1950 3311 2010 3349 ra
2031 3310 2096 3350 ac
2126 3297 2405 3369 diligentia
2435 3315 2548 3354 rem
2579 3301 2853 3370 quidpiam
2891 3300 3169 3370 legissent.

2019 3386 2204 3457 Atqui,
2236 3404 2361 3442 cum
2393 3391 2534 3443 mala
2567 3391 2787 3462 quidem
2839 3391 3024 3444 omnia
3059 3406 3089 3444 a
3122 3391 3307 3446 divino
3345 3391 3518 3449 choro

1949 3481 2234 3543 exsulant,
2289 3488 2405 3535 tum
2464 3483 2547 3536 vel
2599 3481 2834 3537 maxime
2871 3481 3145 3535 aemulatio
3190 3487 3244 3536 et
3287 3480 3514 3541 invidia.

1951 3570 2147 3625 Sinunt
2178 3580 2360 3628 tamen
2381 3574 2436 3628 hi
2466 3573 2607 3644 apud
2633 3574 2796 3628 Deum
2827 3574 2949 3635 ista,
2977 3573 3104 3626 dum
3135 3574 3322 3628 dicunt
3343 3573 3516 3630 Deum

1947 3663 2177 3719 insidias
2225 3668 2494 3722 struxisse
2548 3667 2810 3722 adversus
2869 3667 3174 3731 materiam,
3203 3683 3268 3721 ea
3301 3669 3514 3723 ratione

1947 3758 2091 3827 quod
2121 3758 2321 3813 bonum
2357 3760 2672 3828 cupivisset.
2707 3757 2952 3824 Quonam
2985 3772 3112 3812 vero
3153 3759 3314 3813 etiam
3369 3757 3512 3814 Deus

1946 3866 2133 3904 eorum
2159 3851 2547 3922 quaehabebat.
2574 3851 2768 3921 puni-re
2798 3849 3079 3903 materiam
3111 3850 3312 3905 voluit?
3344 3850 3513 3921 Equi-

1951 3943 2070 3998 dem
2103 3943 2458 3999 accuratioris
2478 3943 2735 3998 doctrinae
2759 3942 3010 3997 existimo
3037 3949 3095 3995 ut
3113 3941 3254 3998 Deus
3281 3943 3512 4012 simplex

1945 4033 2187 4098 dicatur,
2225 4049 2387 4103 quam
2419 4049 2517 4104 pro
2542 4033 2757 4088 illorum
2790 4031 3017 4085 ratione.
3050 4029 3159 4086 Nec
3193 4047 3343 4096 vero,
3371 4041 3426 4085 ut
3450 4033 3510 4089 in

1947 4125 2090 4191 aliis,
2129 4125 2291 4194 hujus
2328 4125 2491 4179 etiam
2520 4125 2718 4180 mentis
2748 4123 2925 4178 facilis
2957 4121 3231 4176 enarratio
3267 4122 3505 4180 exsistit.

1943 4215 2098 4271 Haud
2136 4217 2334 4287 quippe
2365 4216 2682 4286 simpliciter
2710 4215 2965 4285 nudoque
2983 4227 3234 4270 sermone
3261 4227 3378 4268 eam
3410 4214 3506 4268 de-

1943 4317 2249 4364 monstrare
2278 4309 2422 4370 licet,
2459 4307 2553 4363 sed
2585 4308 2756 4362 multa
2795 4305 3079 4375 disciplina
3127 4312 3290 4373 atque
3317 4319 3500 4374 opera.

1943 4397 2206 4453 Caeterum
2243 4413 2432 4453 omnes
2455 4399 2506 4453 id
2541 4399 2764 4466 scimus,
2819 4397 2953 4452 iram
3000 4413 3064 4452 ac
3096 4397 3354 4462 furorem,
3402 4399 3502 4453 ad-

1941 4503 2240 4557 versusque
2273 4490 2552 4541 materiam
2607 4487 2862 4541 vindicta:
2917 4486 3243 4556 appetitum,
3277 4485 3505 4544 affectus

1942 4595 2063 4636 esse
2088 4589 2141 4635 et
2174 4581 2608 4650 perturbationes
2633 4578 2829 4650 (πάθη)
2865 4578 3010 4632 circa
3044 4594 3166 4632 eum
3213 4594 3373 4648 quem
3421 4579 3504 4635 sic

1941 4673 2028 4726 illa
2065 4681 2444 4743 persequatur,
2492 4677 2773 4725 versantes
2815 4686 2828 4722 :
2869 4667 3136 4738 ejusmodi
3163 4683 3293 4724 sane
3318 4678 3378 4723 ut
3399 4683 3502 4724 nec

267 4771 414 4824 circa
448 4770 618 4824 ullum
642 4756 962 4840 quivirtute
993 4766 1163 4820 fultus
1191 4764 1297 4831 sit,
1329 4779 1536 4820 versari
1570 4779 1809 4836 unquam
1849 4766 2128 4836 contingat
2157 4783 2172 4833 ;
2221 4772 2431 4820 tantum
2466 4763 2620 4819 abest
2662 4769 2721 4817 ut
2751 4761 2860 4816 illis
2889 4761 3067 4832 ipsum
3115 4761 3317 4817 bonum
3371 4762 3501 4819 sub-

270 4863 467 4934 iaceat.

725 4981 852 5037 CAP.
882 4978 975 5036 ΧΙ.
1005 4979 1174 5035 Missa
1197 4981 1359 5034 virtus
1386 4978 1740 5035 Manio/mica.
1765 4977 2008 5034 Materia:
2029 4989 2263 5045 virtutes,
2288 4981 2407 5051 pari
2436 4980 2685 5033 minorive
2715 4980 2944 5034 malitia.

347 5106 463 5174 Ἐφ’
489 5105 653 5174 ἕτερα
683 5101 857 5155 τοίνυν
889 5101 1018 5170 ἥκει
1042 5101 1201 5153 πάλιν
1228 5102 1255 5152 ὁ
1287 5100 1441 5168 λόγος
1470 5103 1830 5173 περιφερόμε-

267 5213 372 5260 νος.
410 5195 625 5265 Ἐπειδὴ
651 5193 760 5264 γὰρ
787 5191 1012 5263 δύναμιν
1037 5189 1126 5246 τὸν
1156 5191 1284 5246 Θεὸν
1312 5196 1391 5256 είς
1439 5192 1535 5264 τὴν
1580 5191 1708 5266 ὓλην
1731 5213 1827 5248 κα-

269 5287 548 5358 ταπέμψαι
595 5285 747 5355 φασὶ,
799 5287 1016 5338 σκοπεῖν
1050 5284 1218 5352 ἄξιον,
1255 5283 1480 5357 πότερον
1515 5286 1546 5357 ἡ
1601 5286 1825 5360 δύναμις

217 5431 222 5436 ,
267 5379 404 5450 αῦτη
436 5377 578 5432 κατὰ
624 5377 686 5432 τὸ
724 5375 924 5447 ἀγαθὸν
956 5376 1260 5446 ἠλάττωται
1293 5378 1445 5450 παρὰ
1483 5378 1576 5433 τὸν
1608 5379 1758 5442 Θεὸν,
1789 5379 1820 5450 ἢ

266 5470 462 5540 ὁμοίως
491 5467 651 5541 εἶχεν.
692 5470 756 5524 El
791 5471 887 5541 μὲν
928 5467 1035 5540 γὰρ
1081 5469 1412 5538 ἠλάττωται,
1444 5471 1495 5524 τί
1529 5469 1588 5523 τὸ
1621 5471 1821 5536 ait-iw;

269 5560 398 5633 ὕλης
435 5564 530 5633 μὲν
588 5561 696 5632 γὰρ
721 5560 873 5614 οὐδὲν
915 5560 1127 5630 μετεῖχε
1171 5559 1276 5611 τῶν
1309 5559 1457 5631 παρὰ
1497 5559 1644 5630 Θεῷ’
1681 5560 1736 5611 ἓν
1767 5561 1823 5613 δὲ

271 5660 424 5726 μόνον
451 5658 650 5726 ἀγαθὸν
694 5656 901 5724 εἰσάγει
939 5655 1028 5707 τὸν
1077 5652 1228 5718 Θεὸν,
1279 5651 1372 5706 καὶ
1413 5653 1470 5705 ἓν
1511 5653 1676 5706 κακὸν
1722 5656 1821 5726 τὴν

267 5747 424 5821 (ιληνο
460 5753 509 5802 εί
541 5749 596 5802 δὲ
628 5747 826 5817 ὁμοίως
888 5741 1020 5814 εἶχε,
1055 5744 1198 5806 τίνος
1237 5743 1396 5798 ἕνεκα
1438 5746 1466 5797 6
1513 5745 1608 5815 μὲν
1636 5745 1820 5817 ὥσπερ

535 5848 807 5908 Pyram"
841 5844 956 5907 Gn.
984 5840 1204 5904 XVIII.

2007 5100 2088 5153 Ad
2123 5101 2226 5154 alia
2267 5099 2432 5171 igitur
2457 5115 2650 5155 rursus
2685 5099 2855 5155 tendit
2883 5099 3329 5156 circumvolitans
3369 5115 3494 5155 ora.

1932 5190 2028 5246 tio.
2064 5190 2201 5257 Quia
2227 5192 2370 5246 enim
2410 5193 2624 5248 misisse
2647 5191 2810 5247 Deum
2841 5192 3094 5248 virtutem
3127 5192 3181 5246 in
3212 5193 3495 5246 materiam

1933 5283 2140 5347 dicunt,
2169 5282 2579 5338 consideremus
2622 5297 2798 5352 operae
2836 5283 3103 5351 pretium,
3141 5288 3324 5336 utrum
3377 5281 3494 5334 haec

1929 5374 2137 5437 virtus,
2170 5374 2236 5428 ad
2280 5375 2404 5429 boni
2449 5375 2713 5430 rationem
2753 5375 2898 5445 quod
2943 5376 3172 5440 attinet,
3226 5386 3336 5442 prae
3381 5371 3493 5426 Deo

1931 5468 2110 5521 minor
2145 5475 2308 5529 esset,
2343 5476 2435 5521 aut
2471 5467 2631 5522 simili
2664 5468 2870 5520 ratione
2910 5467 3149 5521 haberet.
3211 5461 3488 5532 Siquidem

1927 5562 2074 5616 enim
2107 5560 2197 5613 illa
2232 5560 2512 5615 deficiebat
2543 5562 2823 5629 minorque
2851 5545 3279 5626 eratfquaznam
3313 5555 3490 5608 ratio?

1925 5653 2060 5706 Nam
2088 5668 2206 5722 qua:
2239 5653 2379 5722 apud
2422 5651 2585 5706 Deum
2613 5690 2628 5712 ,
2682 5652 2887 5705 nullum
2919 5648 3156 5701 materia:
3199 5645 3492 5699 admittunt

1925 5745 2333 5802 commercium.
2385 5743 2561 5800 Unum
2598 5759 2725 5799 vero
2753 5743 3011 5798 duntaxat
3066 5739 3266 5791 bonum
3320 5736 3489 5793 Deum

3119 5831 3193 5889 13t-
