4088 6284
249 321 365 378 429

1126 316 1544 384 TRACTATUS
1578 319 1668 378 DE
1704 319 2017 378 PLACITIS
2055 320 2607 400 ΜΑΝΙΕΗᾹΞΟΒῌΜ.

3357 328 3462 389 450

249 458 382 514 CAP.
414 440 550 514 X'lll.
585 450 788 514 Malum
809 461 1378 535 minimeinsideribus
1406 471 1457 517 et
1489 462 1676 517 stellis.
1709 460 1862 517 Ma'la
1893 464 2022 535 vita:
2043 463 2219 535 omnia
2248 460 2571 535 Manichoice
2593 479 2748 530 vana,
2772 479 2887 535 qua:
2920 466 3039 522 vita
3061 465 3310 529 inducant
3329 471 3466 527 inte-

781 532 940 584 ritum
965 549 984 586 :
1010 531 1193 586 delirio
1216 548 1377 602 supra
1397 536 1631 602 exposito
1654 533 2049 588 transvectionis
2073 532 2369 586 animarum
2385 549 2448 586 ea;
2468 534 2596 588 luna
2621 535 2688 587 ad
2724 531 2905 592 solem.

309 641 456 696 .Τίνα
484 642 543 697 δὲ
572 643 666 698 καὶ
687 645 754 698 τὰ
783 646 929 699 κακά
954 645 1089 699 εἶναι
1112 646 1261 715 λέγει
1279 663 1294 712 ;
1315 648 1448 718 Περὶ
1477 647 1574 719 μὲν
1593 647 1700 720 γάρ
1723 647 1812 701 τὸν

1984 645 2242 712 Quasnam
2269 662 2398 702 vero
2425 645 2588 701 etiam
2620 647 2759 701 mala
2790 663 2910 705 esse
2952 650 3122 704 dicit?
3163 652 3248 708 Ad
3296 655 3464 710 solem

244 736 400 807 ἥλιον
439 737 532 790 καὶ
556 737 653 810 τὴν
684 739 911 811 σελήνην
943 739 1094 794 οὐδὲν
1133 740 1435 794 ἀπολείπει·
1480 741 1610 812 περὶ
1635 741 1691 794 δὲ
1721 741 1809 795 τὸν

243 830 476 901 ούρανὸν
503 832 597 884 καὶ
624 832 750 897 τοὺς
790 832 1040 904 ἀστέρας,
1065 832 1118 886 εί
1137 852 1191 887 τι
1217 834 1454 888 τοιοῦτον
1481 829 1619 887 εἷναί
1659 851 1811 906 φησι,

245 923 342 976 καὶ
363 923 418 976 τί
453 923 571 976 ποτ’
603 923 719 977 ἐστὶ
746 924 920 989 τοῦτο,
954 925 1170 994 εὔλογον
1199 927 1394 998 ἐφεξῆς
1427 927 1626 998 ζητεῖν.
1674 926 1813 979 Ἀλλ’

244 1013 278 1083 ὴ
329 1013 432 1083 μὲν
489 1013 686 1080 ἀταξία
734 1015 852 1068 κατ’
903 1016 1098 1081 αὐτούς
1153 1018 1267 1070 ἐστι
1311 1018 1370 1070 τὸ
1424 1016 1594 1070 κακὸν
1637 1017 1730 1071 καὶ
1777 1019 1812 1088 ἡ

244 1105 484 1168 ἄτακτος
522 1105 762 1176 κίνησις·
804 1107 977 1162 ταῦτα
1016 1109 1072 1162 δὲ
1120 1109 1207 1162 ἀεὶ
1249 1109 1388 1164 κατά
1427 1110 1498 1164 τά
1540 1108 1678 1163 αὐτά
1724 1111 1816 1165 καὶ

243 1195 510 1260 ὡσαύτως
543 1196 686 1268 ἔχει·
727 1200 822 1252 καὶ
863 1199 983 1254 οὗτε
1023 1201 1144 1256 τινά
1181 1219 1263 1266 τις
1297 1201 1404 1256 τῶν
1450 1201 1814 1274 πλανωμένων

243 1289 574 1354 αἰτιάσεται,
597 1289 672 1353 ὡς
701 1290 848 1363 παρὰ
868 1291 956 1344 τὸν
972 1294 1299 1364 τεταγμένον
1323 1295 1510 1365 χρόνον
1538 1295 1814 1365 ἐπιμεῖναι

243 1397 379 1433 ποτε
429 1380 675 1454 ζωδιακῷ
715 1381 1036 1448 ἀξιώσαντα,
1089 1384 1210 1438 οὔτε
1262 1386 1369 1440 τῶν
1414 1387 1686 1450 ἀπλανῶν,
1741 1387 1814 1450 ὡς

242 1473 433 1526 οὐκέτι
467 1474 566 1544 τῆς
613 1474 782 1545 αὐτῆς
830 1476 1055 1546 μένοντα
1091 1476 1251 1545 ἔδρας
1293 1477 1388 1530 καὶ
1435 1477 1508 1549 μὴ
1549 1495 1814 1550 συμπερι-

218 1557 514 1622 Ϊπολοῦντα
544 1567 608 1634 τῇ
651 1565 743 1618 τοῦ
787 1566 983 1629 παντὸς
1019 1568 1308 1638 περιφορᾷ,
1344 1568 1401 1622 ὲν
1441 1567 1633 1622 ἑκατὸν
1669 1569 1812 1622 ἔτεσι

244 1656 379 1726 μίαν
408 1659 598 1730 μοῖραν
631 1660 723 1712 ἐπὶ
747 1660 814 1714 τὰ
840 1661 1078 1731 ἑπόμενα
1103 1661 1416 1733 κινούμενα.
1456 1663 1542 1715 Ἑν
1563 1664 1635 1733 γῇ
1673 1661 1729 1714 δὲ
1765 1663 1814 1714 εί

238 1745 301 1798 τὸ
334 1747 611 1818 ἀνήμερον
645 1749 800 1803 ὲνίων
835 1751 1049 1822 χωρίων
1081 1753 1340 1815 αἰτιᾶται,
1367 1753 1401 1822 ἢ
1438 1752 1737 1824 μέμψονται
1765 1753 1814 1804 oi.

240 1837 581 1910 κυϐερνῆται
630 1842 688 1894 ἐν
731 1844 796 1913 τῇ
843 1842 1084 1916 θαλάσσῃ
1127 1845 1425 1915 χειμῶναςο
1456 1844 1670 1916 πρῶτον
1718 1843 1812 1914 μὲν

239 1928 364 1981 κατ’
392 1929 587 1994 αὐτοὺς
618 1930 716 2003 τῆς
745 1930 838 1984 τοῦ
877 1915 1081 2000 ἀγαθού
1124 1935 1318 2006 μοίρας
1360 1931 1428 1986 τὰ
1457 1915 1702 1986 τοιαῦτα.
1749 1915 1814 1982 El

1915 737 2131 808 quidem
2157 752 2221 791 ac
2247 737 2427 792 lunam
2472 738 2614 808 quod
2649 739 2878 805 attinet,
2926 741 3077 798 deest
3107 744 3260 800 nihil.
3310 747 3464 813 Quod

1913 845 2044 885 vero
2072 829 2136 884 ad
2167 830 2362 884 ccelum
2387 836 2442 884 et
2472 829 2678 895 stellas,
2717 833 2763 887 si
2791 833 2920 903 quid
2959 835 3067 890 tale
3098 850 3220 891 esse
3247 836 3464 905 dixerit,

1915 935 1979 976 ac
1999 922 2252 992 quidnam
2284 921 2498 978 tandem
2527 923 2654 978 illud
2679 924 2768 988 sit,
2794 941 3006 996 equum
3035 934 3118 983 est
3147 937 3206 983 ιιι
3237 945 3468 1000 sequen-

1913 1013 2060 1068 tibus
2089 1014 2456 1085 exquiramus.
2511 1011 2835 1080 Enimvero,
2881 1018 3244 1084 inordinatio,
3293 1030 3353 1074 ut
3391 1021 3468 1075 illi

1915 1105 2246 1170 existimant,
2269 1105 2471 1160 malum
2503 1114 2607 1171 est,
2633 1114 2917 1178 motusque
2949 1110 3306 1167 inordinatus.
3341 1111 3467 1168 Haec

1915 1205 2095 1252 autem
2122 1198 2416 1254 secundum
2443 1199 2629 1254 eadem
2661 1209 2822 1271 atque
2842 1201 3028 1256 eodem
3060 1216 3272 1272 semper
3299 1203 3470 1260 modo

1913 1290 2152 1346 habent:
2185 1306 2285 1346 nec
2316 1292 2481 1345 ullam
2531 1291 2652 1362 quis
2696 1293 3050 1347 inerrantium
3081 1293 3358 1349 stellarum
3389 1296 3472 1353 vi-

1915 1382 2272 1451 tuperaverit,
2318 1397 2382 1437 eo
2424 1382 2661 1445 nomine,
2693 1382 2834 1451 quod
2864 1389 3062 1452 praeter
3110 1385 3467 1440 constitutum

1913 1481 2128 1544 tempus
2152 1474 2207 1528 in
2239 1473 2496 1545 signifero
2519 1475 2726 1528 circulo
2753 1475 3077 1545 quandoque
3125 1477 3327 1530 morari
3374 1493 3470 1531 vo-

1913 1568 2318 1637 luerit;.neque
2350 1566 2599 1630 lixarum,
2622 1566 2778 1636 quasi
2818 1583 2926 1621 non
2956 1559 3142 1621 eadem
3177 1568 3304 1624 sede
3333 1571 3472 1625 situ-

1915 1673 2019 1727 que
2050 1658 2328 1723 manserit,
2353 1672 2451 1712 nec
2471 1657 2712 1713 universi
2737 1656 3146 1712 circumlatione
3189 1660 3242 1712 in
3284 1661 3471 1716 orbem

1915 1749 2117 1820 pariter
2145 1738 2374 1813 rotetur,
2405 1763 2511 1804 uno
2556 1749 2726 1820 gradu
2751 1755 2896 1804 retro
2931 1757 3052 1803 acto
3078 1749 3146 1803 ad
3193 1752 3479 1821 sequentia

1915 1849 2068 1896 motu
2097 1882 2112 1908 ,
2163 1849 2379 1895 centum
2409 1855 2673 1895 annorum
2712 1842 2906 1910 spatio.
2937 1837 2996 1894 ln
3032 1848 3178 1896 terra
3205 1850 3384 1900 autem
3424 1843 3473 1900 si

1915 1932 2272 2002 quorumdam
2303 1930 2544 1985 locorum
2581 1947 2941 2001 agrorumque
2985 1933 3175 1987 duram
3222 1951 3285 1990 ac
3313 1936 3472 1992 indo-

239 2016 374 2085 γοῦν
421 2019 512 2072 ἐπὶ
569 2020 658 2090 γῆς
717 2021 879 2092 μηδὲν
921 2021 1126 2089 φύοιτο,
1175 2023 1404 2090 τάχιστα
1445 2017 1510 2073 ἂν
1562 2018 1812 2072 ἀπόλοιτο

1915 2026 2097 2078 mitam
2129 2023 2362 2079 indolem
2391 2025 2755 2090 accusaverit;
2781 2031 2874 2077 aut
2897 2023 3284 2092 gubernatores
3305 2028 3473 2086 maris

239 2112 424 2166 πάντα
450 2111 518 2166 τά
555 2112 686 2177 ζῶα.
733 2113 901 2166 Τοῦτο
934 2113 990 2166 δὲ
1024 2113 1158 2165 πολὺ
1200 2113 1298 2184 τῆς
1340 2110 1814 2182 ὲναπειλημμένης

239 2207 303 2275 τῇ
357 2203 459 2278 ὕλῃ
503 2205 783 2276 δυνάμεως
819 2206 953 2278 πρὸς
989 2205 1080 2258 τὸν
1109 2205 1236 2258 Θεὸν
1261 2202 1622 2274 παραπέμψαι
1653 2194 1810 2254 δύνα-

239 2312 350 2348 ταιο
373 2297 468 2349 καὶ
498 2296 696 2361 πολλὰς
727 2297 956 2370 σελήνας
975 2281 1154 2369 δεήσει
1180 2295 1454 2366 γενέσθαι,
1487 2297 1572 2350 ἵνα
1603 2293 1814 2364 ἀθρόως

241 2386 490 2457 χωρῆσαι
514 2386 779 2458 δυνηθῶσι
813 2386 1077 2451 τοσαύτας
1111 2379 1588 2458 προσπελαζούσας
1615 2385 1807 2455 ψυχάς.

240 2476 324 2529 Τὰ
361 2476 417 2531 δὲ
447 2478 585 2532 αύτά
611 2479 706 2533 καὶ
749 2481 876 2549 περὶ
904 2480 1010 2552 ,τὴν
1059 2479 1342 2534 θάλατταν.
1393 2479 1655 2550 Ἔρμαιον
1701 2476 1810 2548 γάρ

241 2567 600 2636 ἀπόλλυσθαι,
650 2571 739 2624 ἵνα
783 2572 1012 2640 τάχιστα
1060 2571 1159 2640 τῆς
1201 2570 1336 2641 πρὸς
1386 2570 1476 2622 τὸν
1523 2569 1654 2622 Θεὸν
1691 2567 1809 2620 ὁδοῦ

239 2658 476 2730 ἔχωνται
515 2663 878 2733 ἀπολλύμενα.
912 2663 974 2716 Οἱ
1010 2662 1066 2715 δὲ
1099 2663 1322 2732 πόλεμοι
1354 2661 1403 2713 οἱ
1435 2661 1526 2714 ἐπὶ
1563 2660 1686 2730 γῆς,
1717 2660 1812 2713 καὶ

238 2757 396 2825 λιμοὶ
419 2757 512 2809 καὶ
537 2758 645 2810 πᾶν
671 2757 699 2810 ὅ
725 2775 778 2809 τι
810 2756 1148 2828 φθοροποιὸν,
1192 2757 1250 2808 ὲν
1278 2754 1500 2825 πλείστῃ
1531 2756 1660 2825 τιμῇ
1692 2755 1807 2806 κατ’

237 2845 466 2911 αὐτούς.
495 2849 610 2902 Πᾶν
633 2848 742 2920 γὰρ
784 2846 842 2900 τὸ
879 2847 1098 2916 ἀγαθῶν
1129 2845 1299 2900 αἴτιον
1328 2845 1601 2918 τιμητέον.
1651 2847 1808 2914 Ἀγα-

238 2935 344 2989 θοῦ
369 2938 427 2990 δὲ
465 2941 613 2994 αἴτια
640 2940 808 2994 ταῦτα
841 2941 905 2992 ὲκ
933 2939 1032 3009 τῆς
1060 2936 1459 3008 συμϐαινούσης
1485 2935 1704 3007 φθορᾶς.
1743 2934 1810 2988 ἂν

239 3026 390 3098 πρὸς
427 3029 517 3082 τὸν
558 3030 687 3084 Θεὸν
729 3031 1085 3104 παραπέμπει
1117 3029 1216 3101 τὴν
1255 3027 1664 3100 διακρινομένην
1704 3025 1811 3080 ἀπὸ

239 3117 359 3172 τῶν
386 3121 765 3193 ἀπολλυμένων
788 3123 1029 3195 δύναμιν.

1915 2115 2325 2186 tempestatibus
2357 2129 2421 2169 ac
2448 2115 2699 2186 procellis
2731 2112 2922 2169 olfensi
2961 2115 3184 2170 iuerint.
3231 2110 3475 2174 Primum

1915 2204 2135 2276 quidem
2165 2212 2224 2259 ut
2251 2205 2324 2259 illi
2362 2206 2619 2269 sentiunt,
2649 2206 2795 2270 talia,
2828 2206 2954 2262 boni
3008 2205 3272 2278 portionis
3323 2213 3471 2264 sunt.

1914 2295 2128 2351 Etenim
2167 2297 2318 2352 nullo
2361 2304 2515 2352 terrae
2559 2296 2799 2376 germine
2855 2299 3170 2365 exsistente,
3229 2299 3474 2357 futurum

1913 2389 2006 2455 sit,
2034 2396 2092 2444 ut
2125 2389 2375 2442 animalia
2399 2389 2588 2442 omnia
2617 2389 2897 2446 celerrime
2933 2391 3222 2447 intereant.
3257 2391 3313 2446 ld
3346 2409 3475 2450 vero

1914 2479 2044 2534 dum
2080 2479 2152 2533 ita
2181 2480 2490 2550 contigerit,
2515 2479 2634 2548 ejus
2677 2477 2892 2537 virtutis
2935 2498 3055 2552 quae
3089 2481 3326 2539 materia:
3375 2486 3477 2540 im-

1918 2571 2074 2640 plexa
2106 2579 2208 2634 est,
2241 2580 2448 2642 partem
2476 2572 2761 2642 plurimam
2803 2574 2870 2629 ad
2907 2573 3075 2631 Deum
3110 2579 3476 2634 transmittere

1915 2664 2090 2734 possit
2124 2683 2137 2718 :
2175 2679 2238 2718 ac
2285 2679 2508 2721 necesse
2538 2665 2641 2721 erit
2681 2667 2864 2736 plures
2907 2669 3065 2724 lunas
3095 2672 3374 2737 exsistere,
3414 2679 3476 2726 ut

1915 2766 2122 2812 tantam
2154 2766 2374 2827 repente
2419 2758 2893 2830 propinquantium
2945 2761 3246 2817 animarum
3292 2763 3477 2818 multi-

1918 2845 2159 2900 tudinem
2187 2861 2380 2916 capere
2398 2845 2627 2916 possint.
2663 2849 2771 2902 Nec
2801 2849 2958 2905 aliter
2987 2851 3053 2906 de
3075 2852 3212 2906 mari
3253 2851 3477 2922 loquen-

1918 2937 2046 2992 dum
2074 2937 2164 2992 sit.
2201 2936 2436 2992 Lucrum
2474 2939 2621 3020 enim.
2670 2940 3002 3012 insperatum
3048 2944 3254 3014 perire,
3311 2951 3371 3004 ιιι
3409 2958 3477 3000 ea

1917 3044 2037 3098 quae
2065 3028 2355 3094 intereunt,
2387 3045 2549 3100 quam
2576 3031 2839 3088 citissime
2863 3048 2982 3103 quae
3021 3034 3088 3088 ad
3113 3031 3279 3090 Deum
3303 3035 3472 3098 ducit,

1915 3120 2059 3174 viam
2081 3127 2317 3176 teneant.
2349 3117 2479 3187 Quae
2509 3130 2689 3178 autem
2737 3123 2793 3178 in
2826 3131 2969 3179 terra
3010 3129 3271 3196 geruntur
3297 3127 3472 3192 bella,

239 3207 548 3281 famesque,
582 3231 644 3269 ac
689 3216 735 3270 si
778 3217 904 3286 quid
945 3224 1028 3272 est
1082 3215 1226 3286 quod
1265 3214 1482 3270 interitu
1536 3223 1762 3286 mergat,
1821 3212 2038 3269 illorum
2095 3212 2399 3277 sententia,
2439 3213 2677 3268 maximo
2728 3205 3036 3271 habendum
3096 3218 3302 3274 honore
3362 3227 3469 3278 est.

243 3303 522 3377 Quidquid
555 3311 696 3364 enim
735 3325 902 3365 causa
947 3310 1209 3366 bonorum
1250 3319 1360 3377 est,
1410 3309 1554 3381 quod
1600 3309 1808 3364 honore
1872 3308 2137 3364 habeatur
2198 3307 2422 3378 dignum
2465 3317 2568 3363 est.
2621 3310 2761 3364 Sunt
2800 3324 2932 3365 vero
2963 3310 3078 3366 bzec
3109 3313 3238 3368 boni
3261 3327 3464 3380 causa,

245 3413 313 3453 ex
341 3400 561 3457 interitu
597 3405 690 3474 qui
729 3413 811 3460 est
861 3405 969 3461 illis
1019 3421 1225 3473 comes,
1254 3406 1384 3461 dum
1415 3405 1706 3460 discretam
1742 3404 1811 3460 ab
1847 3403 1934 3460 bis
1958 3403 2051 3473 qui
2089 3403 2385 3468 intereunt,
2411 3403 2662 3460 virtutem
2695 3404 2762 3460 ad
2787 3403 2954 3460 Deum
2975 3406 3228 3463 traducit.

246 3539 378 3595 CAP.
399 3539 539 3597 XIV.
565 3539 830 3614 Egyptiis
850 3545 995 3598 culta
1024 3544 1280 3617 animalia
1311 3543 1488 3617 noxia.
1527 3539 1931 3617 Homourtibus
1965 3538 2257 3617 maleﬁcus.
2283 3537 2618 3617 L‘ibidines‘et
2645 3539 2946 3617 injustitiw,
2973 3541 3170 3610 legibus
3201 3545 3472 3617 castigata:

981 3626 1032 3669 et
1059 3614 1361 3684 disciplina.
1394 3612 1764 3684 Contingenlia
1795 3621 1845 3666 et
1876 3611 2193 3676 necessaria,
2223 3608 2409 3680 quibus
2429 3609 2558 3664 nihil
2583 3608 2736 3667 labis.

329 3753 704 3828 Ἠγνοήκαμέν
726 3769 806 3820 τε,
845 3753 920 3819 ὡς
945 3754 1139 3816 ἔοικεν,
1162 3754 1242 3807 ὅτι
1269 3754 1324 3805 ὲν
1350 3752 1474 3824 δίκῃ
1494 3753 1584 3806 τὸν
1613 3751 1810 3824 κροκό-

1979 3747 2176 3819 Atque,
2208 3756 2270 3803 ut
2311 3747 2544 3816 videtur,
2581 3731 2919 3803 licscivimus
2960 3745 3241 3819 Egyptios
3279 3753 3474 3808 merito

247 3846 418 3902 δειλὸν
443 3839 534 3902 καὶ
551 3842 640 3900 τὸν
651 3839 838 3900 λέοντα
862 3841 1057 3899 καὶτὸν
1075 3843 1235 3898 λύκον
1261 3844 1488 3915 τιμῶσιν
1507 3844 1810 3913 Αἰγύπτιοι·

248 3939 439 4010 ἐπειδὴ
465 3939 636 3992 ταῦτα
663 3939 894 4010 μάλιστα
921 3937 1069 4010 παρὰ
1092 3937 1161 3990 τὰ
1187 3936 1320 3993 ἄλλα
1345 3937 1458 4002 ζῶα
1479 3934 1817 4010 καρτερικώ-

247 4049 388 4086 τατα
408 4031 556 4095 ὄντα,
581 4031 962 4086 καταναλίσκει
986 4030 1130 4084 σιτού
1139 4031 1275 4102 μενά
1294 4047 1352 4083 τε
1365 4029 1503 4082 αὐτά
1525 4029 1620 4083 ml.
1639 4027 1816 4082 πάντα

247 4126 448 4198 τρόπον
474 4125 883 4197 διαφθείροντα·
916 4123 1007 4176 καὶ
1047 4123 1138 4176 τὸν
1179 4122 1334 4176 ἀετὸν
1367 4123 1461 4176 καὶ
1495 4121 1585 4174 τὸν
1625 4119 1816 4194 ἱέρακα

249 4218 331 4272 ὅτι
359 4219 452 4272 καὶ
477 4218 660 4272 ταῦτα·
681 4217 788 4270 τῶν
811 4217 867 4269 ἐν
897 4216 1017 4288 ἀέρι
1049 4217 1143 4269 καὶ
1176 4215 1267 4270 ἐπὶ
1292 4217 1393 4288 γῆς
1416 4213 1815 4284 ἀσθενεστέρων

251 4309 408 4375 ζώων
436 4309 768 4383 ἀναιρετικά.
811 4309 962 4378 Τάχα
991 4307 1045 4360 δὲ
1084 4307 1204 4361 κατ’
1234 4308 1428 4370 αὐτοὺς
1467 4306 1495 4358 ὁ
1533 4304 1815 4376 ἄνθρωπος

250 4402 337 4456 διά
359 4400 516 4455 τοῦτο
541 4403 598 4454 ἐν
626 4400 850 4472 πλείστῃ
894 4401 1048 4471 τιμῇ,
1073 4399 1154 4451 ὄτι
1191 4399 1421 4469 μάλιστα
1461 4396 1675 4450 πάντων
1696 4396 1814 4457 ταῖς

252 4491 519 4558 ἐπινοίαις
551 4494 644 4547 καὶ
670 4487 792 4556 ταῖς
824 4491 1041 4561 τέχναις
1075 4491 1300 4544 πλεῖστα
1331 4489 1438 4542 τῶν
1464 4487 1615 4554 ζώων
1643 4485 1816 4558 δαμά-

253 4580 364 4649 ζειν
409 4585 629 4640 εἴωθεν·
669 4585 755 4638 ἶνα
786 4585 881 4637 καὶ
933 4582 1095 4646 αὐτὸς
1141 4582 1214 4653 μὴ
1257 4581 1456 4652 ἁμοιρῇ
1500 4579 1686 4634 τούτου
1718 4575 1812 4629 τοῦ

253 4671 480 4748 ἀγαθοῦ,
513 4677 644 4752 βορά
677 4678 877 4749 ἑτέρων
909 4677 1134 4746 γίνεται.
1165 4673 1332 4728 Πάλιν
1363 4671 1456 4728 οὖν
1494 4675 1548 4726 αἱ
1576 4672 1814 4741 γενέσεις

256 4768 467 4834 ἄτοποι,
516 4771 635 4822 κατ’
686 4767 898 4834 αὐτοὺς,
941 4769 1004 4820 ὲκ
1055 4764 1250 4838 μικροῦ
1302 4763 1519 4817 καὶτοῦ
1565 4763 1815 4832 τυχόντος

257 4859 566 4932 σπέρματος
598 4861 706 4911 πᾶν
731 4859 871 4929 μέγα
911 4876 961 4910 τι
988 4855 1372 4911 ἀποτελοῦσαι·
1406 4855 1495 4906 καὶ
1521 4853 1652 4906 πολὺ
1688 4851 1817 4905 κάλ-

256 4949 363 5004 λιον
401 4951 522 5004 κατ’
572 4951 766 5016 αὐτοὺς
813 4949 1118 5023 ἀνῃρῆσθαι
1170 4948 1371 5008 ταύτας
1403 4945 1505 4998 ὑπὸ
1533 4944 1624 4997 τοῦ
1657 4943 1813 5009 Θεοῦ,

258 5043 340 5096 ῐνα
368 5043 432 5097 ἂν
463 5047 722 5114 σύντομος
756 5043 968 5112 ἐγένετο
1001 5041 1287 5113 ἀπαλλαγὴ
1320 5041 1418 5111 τῆς
1446 5037 1676 5091 ἐνταῦθα
1698 5037 1814 5089 δια-

259 5136 446 5206 τριϐῆς
470 5136 568 5208 τῆς
591 5136 867 5206 δυνάμεως
890 5134 988 5205 τῆς
1019 5135 1188 5199 θείας.

338 5229 498 5282 Ἀλλά
529 5229 580 5282 τί
609 5230 701 5282 καὶ
727 5229 862 5299 πρὸς
890 5229 1182 5292 ἀκολασίας
1206 5227 1298 5281 καὶ
1323 5226 1552 5289 ἀδικίας,
1579 5223 1673 5278 καὶ
1705 5225 1813 5278 πᾶν

259 5319 432 5373 ὁτιοῦν
472 5319 744 5384 τοιοῦτον,
783 5319 974 5390 φήσειέ
1006 5336 1092 5382 τις
1127 5321 1214 5382 ἂν,
1259 5319 1630 5405 ὸθΜανιχαϊος
1661 5317 1811 5388 ἐρεῖς

261 5410 463 5466 Οὐκοῦν
496 5413 630 5483 πρὸς
653 5408 821 5465 ταῦτα
849 5410 1038 5482 βοηθὸς
1063 5410 1266 5465 δέδοται
1297 5411 1330 5482 ἡ
1360 5405 1636 5472 παίδευσις
1665 5408 1760 5461 καὶ
1785 5409 1814 5460 6

259 5503 444 5574 νόμοςο
507 5507 540 5573 ἡ
599 5505 695 5574 μὲν
747 5502 1023 5566 παίδευσις
1069 5497 1488 5575 ὲκφροντίζουσα
1533 5500 1626 5554 τοῦ
1683 5499 1816 5570 μηδὲ

262 5597 492 5650 τοιοῦτόν
513 5613 566 5650 τι
596 5597 723 5665 περὶ
749 5595 874 5658 τοὺς
903 5593 1218 5666 ἀνθρώπους
1240 5591 1552 5664 συμϐαίνειν
1569 5610 1581 5622 ·
1607 5595 1634 5645 ὁ
1656 5593 1816 5663 νόμος

263 5685 312 5738 δὲ
341 5687 746 5760 τιμωρούμενος
767 5687 858 5742 τὸν
889 5687 1081 5742 ἀλόντα
1113 5686 1169 5740 ἓν
1197 5703 1302 5739 τινι
1331 5685 1436 5739 τῶν
1467 5685 1814 5763 ἀδικῃμάτων

263 5775 401 5835 δντα.

1916 3842 2245 3898 crocodilum
2281 3841 2460 3896 colere
2491 3848 2544 3896 et
2585 3837 2791 3896 leonem
2824 3846 2879 3895 et
2923 3839 3140 3910 lupum,
3189 3843 3329 3913 quod
3359 3844 3474 3903 haec

1915 3933 2150 3990 maxime
2191 3933 2450 3988 animalia
2496 3947 2609 4002 prae
2667 3931 2891 4002 reliquis
2923 3932 3251 4001 robustiora,
3297 3935 3474 4007 ipsam

1914 4025 2150 4096 praedam
2182 4034 2396 4088 vorant,
2427 4026 2682 4094 omnique
2705 4023 3474 4098 modointerimuntzaquilm

1912 4133 2131 4188 quoque
2163 4126 2216 4173 et
2235 4116 2566 4187 accipitrem,
2596 4116 2740 4187 quod
2765 4124 2818 4171 et
2847 4115 3039 4170 horum
3063 4116 3273 4175 indoles
3298 4119 3392 4184 sit,
3413 4129 3478 4176 ιιι

1914 4211 2273 4268 imbecilliora
2301 4210 2553 4264 animalia
2598 4209 2652 4264 in
2685 4223 2809 4264 aere
2840 4218 2893 4265 et
2929 4224 3092 4280 super
3118 4217 3317 4266 terram
3341 4227 3472 4268 ene-

1915 4309 2060 4358 cent.
2111 4300 2274 4356 Forte
2315 4316 2444 4356 vero
2484 4299 2644 4356 etiam
2685 4300 2837 4372 juxta
2879 4301 3002 4356 illos
3049 4301 3210 4357 homo
3249 4317 3368 4358 eam
3401 4305 3473 4359 ob

1915 4409 2028 4449 rem
2060 4392 2297 4447 maximo
2316 4392 2522 4447 honore
2539 4393 2787 4457 habetur,
2804 4392 2948 4463 quod
2970 4393 3210 4448 omnium
3237 4393 3472 4448 maxime

1915 4485 2208 4542 subtilibus
2245 4484 2480 4540 inventis
2513 4492 2674 4554 atque
2718 4484 2944 4548 artibus,
2971 4484 3227 4556 pleraque
3262 4485 3472 4540 anima-

1916 4572 2047 4628 lium
2088 4573 2310 4630 domare
2358 4573 2517 4629 solet.
2556 4572 2633 4627 Ne
2673 4587 2800 4628 vero
2827 4583 2881 4628 et
2921 4574 3036 4643 ipse
3063 4575 3227 4644 hujus
3278 4590 3472 4645 expers

1917 4666 2045 4721 boni
2073 4667 2320 4730 exsistat,
2358 4666 2585 4720 aliorum
2619 4665 2735 4734 ipse
2769 4679 2897 4720 esca
2937 4665 3099 4727 cedit.
3132 4651 3342 4721 Rursus
3371 4665 3473 4736 igi-

1917 4765 2005 4812 tur
2031 4759 2279 4814 absurdte
2316 4758 2722 4828 generationes,
2756 4756 2969 4810 illorum
3011 4756 3309 4823 sententia,
3351 4773 3474 4828 quae

1916 4865 1984 4904 ex
2012 4852 2206 4922 exiguo
2234 4850 2438 4919 vilique
2483 4855 2754 4919 spermate
2781 4847 3040 4918 quidquid
3089 4863 3343 4919 magnum
3389 4859 3475 4906 est

1917 4940 2188 5007 eﬂiciant;
2221 4947 2567 5011 praestatque,
2602 4944 2662 4992 ut
2690 4937 2746 4992 hi
2775 4937 3086 5008 Opinantur,
3117 4953 3147 4994 a
3191 4937 3300 4994 Deo
3335 4939 3474 4992 inte-

1919 5035 2067 5098 rimi,
2099 5049 2258 5105 quam
2284 5032 2468 5098 nasci,
2506 5039 2562 5085 ut
2600 5030 2782 5085 divina
2815 5031 2986 5086 virtus
3023 5031 3133 5086 cito
3157 5031 3417 5088 liberetur
3442 5046 3475 5085 a

1845 5115 1890 5172 D
1918 5127 2105 5182 mundi
2139 5127 2302 5196 hujus
2344 5127 2607 5182 incolatus
2637 5125 2918 5182 molestiis.

1988 5219 2125 5286 Quid
2159 5220 2436 5273 enimvero
2469 5219 2631 5274 etiam
2675 5218 2740 5273 ad
2780 5217 3031 5273 libidines
3080 5216 3474 5288 impudicitiae-

1919 5327 2024 5381 que
2053 5326 2115 5364 ac
2149 5309 2464 5379 injustitias,
2495 5325 2557 5363 ac
2585 5309 2845 5380 quidquid
2878 5308 3000 5379 ejus
3021 5308 3237 5378 generis
3259 5319 3361 5364 εει,
3390 5306 3476 5358 di-

1919 5410 2005 5458 cat
2031 5403 2258 5473 aliquis,
2300 5401 2542 5458 dicturus
2575 5386 2930 5456 Manich'mus?
2959 5398 3125 5470 Igitur
3155 5399 3221 5452 ad
3251 5397 3361 5452 haec
3385 5393 3475 5452 di-

1920 5495 2146 5564 sciplina
2198 5494 2391 5562 lexque
2437 5493 2712 5562 suppetias
2755 5492 2995 5547 veniunt.
3030 5486 3321 5556 Disciplina
3352 5485 3478 5553 qui-

1919 5587 2063 5649 dem,
2093 5586 2145 5639 in
2178 5586 2279 5640 hoc
2299 5585 2582 5656 diligenter
2606 5584 2944 5644 incumbens,
2966 5597 3033 5634 ne
3049 5579 3178 5648 quid
3205 5577 3473 5648 ejusmodi

1916 5679 1972 5732 in
2005 5678 2315 5734 hominibus
2354 5679 2670 5748 contingat:
2708 5676 2792 5730 lex
2821 5689 2948 5728 vero
2977 5670 3228 5740 puniens,
3262 5669 3306 5724 si
3347 5671 3472 5740 quis

1919 5772 2180 5833 iniustum
2215 5771 2413 5832 aliquid
2450 5769 2735 5826 admisisse
2766 5761 3135 5825 deprehensus
3163 5761 3344 5821 fuerit.
