  <div class='ocr_page' id='page_1' title='image "/cluster/home/n/w/nwhite01/storage/ocr_20150623/18/mdp.39015008168943/229.png"; bbox 0 0 4088 6284; ppageno 0'>
   <div class='ocr_carea' id='block_1_1' title="bbox 582 328 3790 403">
    <p class='ocr_par' dir='ltr' id='par_1_1' title="bbox 582 328 3790 403">
     <span class='ocr_line' id='line_1_1' title="bbox 582 328 3790 403; baseline 0.007 -24"><span class='ocrx_word' id='word_1_1' title='bbox 582 331 685 388; x_wconf 61' lang='grc'><strong>131</strong></span> <span class='ocrx_word' id='word_1_2' title='bbox 1555 328 1947 386; x_wconf 63' lang='lat' dir='ltr'><strong>ALEXAND!“</strong></span> <span class='ocrx_word' id='word_1_3' title='bbox 1986 328 2290 389; x_wconf 80' lang='lat' dir='ltr'><strong>EPISCOPI</strong></span> <span class='ocrx_word' id='word_1_4' title='bbox 2329 331 2829 391; x_wconf 79' lang='lat' dir='ltr'><strong>LYCOPOLITANI</strong></span> <span class='ocrx_word' id='word_1_5' title='bbox 3679 345 3790 403; x_wconf 63' lang='lat' dir='ltr'><strong>J52</strong></span> 
     </span>
    </p>
   </div>
   <div class='ocr_carea' id='block_1_2' title="bbox 576 430 2106 533">
    <p class='ocr_par' dir='ltr' id='par_1_2' title="bbox 576 441 2090 516">
     <span class='ocr_line' id='line_1_2' title="bbox 576 441 2090 516; baseline -0.003 -15"><span class='ocrx_word' id='word_1_6' title='bbox 576 476 579 479; x_wconf 96' lang='lat'><strong><em>-</em></strong></span> <span class='ocrx_word' id='word_1_7' title='bbox 606 464 607 471; x_wconf 46' lang='grc' dir='ltr'><strong>η</strong></span> <span class='ocrx_word' id='word_1_8' title='bbox 649 445 1031 508; x_wconf 68' lang='lat' dir='ltr'><strong>Deindewero,</strong></span> <span class='ocrx_word' id='word_1_9' title='bbox 1066 441 1192 513; x_wconf 90' lang='lat' dir='ltr'><strong>quid</strong></span> <span class='ocrx_word' id='word_1_10' title='bbox 1223 450 1307 497; x_wconf 89' lang='lat' dir='ltr'><strong>est</strong></span> <span class='ocrx_word' id='word_1_11' title='bbox 1336 442 1481 516; x_wconf 88' lang='lat' dir='ltr'><strong>quod</strong></span> <span class='ocrx_word' id='word_1_12' title='bbox 1507 451 1662 499; x_wconf 70' lang='lat' dir='ltr'><strong>terra:</strong></span> <span class='ocrx_word' id='word_1_13' title='bbox 1689 442 1820 498; x_wconf 85' lang='lat' dir='ltr'><strong>vitio</strong></span> <span class='ocrx_word' id='word_1_14' title='bbox 1847 450 2090 500; x_wconf 74' lang='lat' dir='ltr'><strong>vertatur</strong></span> 
     </span>
    </p>
   </div>
   <div class='ocr_carea' id='block_1_3' title="bbox 2205 430 3792 533">
    <p class='ocr_par' dir='ltr' id='par_1_3' title="bbox 2205 430 3792 533">
     <span class='ocr_line' id='line_1_3' title="bbox 2205 430 3792 533; baseline 0.02 -37"><span class='ocrx_word' id='word_1_15' title='bbox 2205 507 2206 514; x_wconf 14' lang='grc' dir='ltr'><strong>κ</strong></span> <span class='ocrx_word' id='word_1_16' title='bbox 2304 449 2533 502; x_wconf 77' lang='grc' dir='ltr'>Ἔπειτα</span> <span class='ocrx_word' id='word_1_17' title='bbox 2575 449 2631 503; x_wconf 82' lang='grc' dir='ltr'>δὲ</span> <span class='ocrx_word' id='word_1_18' title='bbox 2674 450 2728 503; x_wconf 87' lang='grc' dir='ltr'><strong>τί</strong></span> <span class='ocrx_word' id='word_1_19' title='bbox 2771 451 2833 504; x_wconf 82' lang='grc' dir='ltr'>τὸ</span> <span class='ocrx_word' id='word_1_20' title='bbox 2864 451 3113 523; x_wconf 75' lang='grc' dir='ltr'>ἔγκλημα</span> <span class='ocrx_word' id='word_1_21' title='bbox 3147 454 3244 525; x_wconf 81' lang='grc' dir='ltr'><strong>τῆς</strong></span> <span class='ocrx_word' id='word_1_22' title='bbox 3274 440 3400 526; x_wconf 60' lang='grc' dir='ltr'>γῆςζ</span> <span class='ocrx_word' id='word_1_23' title='bbox 3444 430 3498 511; x_wconf 19' lang='grc' dir='ltr'><strong>ἐί</strong></span> <span class='ocrx_word' id='word_1_24' title='bbox 3545 461 3792 533; x_wconf 78' lang='grc' dir='ltr'>γεωργὸς</span> 
     </span>
    </p>
   </div>
   <div class='ocr_carea' id='block_1_4' title="bbox 584 535 2106 623">
    <p class='ocr_par' dir='ltr' id='par_1_4' title="bbox 584 535 2097 612">
     <span class='ocr_line' id='line_1_4' title="bbox 584 535 2097 612; baseline -0.004 -16"><span class='ocrx_word' id='word_1_25' title='bbox 584 539 729 612; x_wconf 92' lang='lat' dir='ltr'><strong>quod</strong></span> <span class='ocrx_word' id='word_1_26' title='bbox 750 552 866 593; x_wconf 83' lang='lat' dir='ltr'><strong>eam</strong></span> <span class='ocrx_word' id='word_1_27' title='bbox 892 536 1142 607; x_wconf 78' lang='lat' dir='ltr'><strong>subigere</strong></span> <span class='ocrx_word' id='word_1_28' title='bbox 1172 550 1235 590; x_wconf 87' lang='lat' dir='ltr'><strong>ac</strong></span> <span class='ocrx_word' id='word_1_29' title='bbox 1262 550 1515 592; x_wconf 82' lang='lat' dir='ltr'><strong>exercere</strong></span> <span class='ocrx_word' id='word_1_30' title='bbox 1544 535 1778 606; x_wconf 77' lang='lat' dir='ltr'><strong>agricola</strong></span> <span class='ocrx_word' id='word_1_31' title='bbox 1802 536 2097 605; x_wconf 77' lang='lat' dir='ltr'><strong>neglexerit</strong></span> 
     </span>
    </p>
   </div>
   <div class='ocr_carea' id='block_1_5' title="bbox 2205 535 3786 623">
    <p class='ocr_par' dir='ltr' id='par_1_5' title="bbox 2229 539 3786 623">
     <span class='ocr_line' id='line_1_5' title="bbox 2229 539 3786 623; baseline 0.006 -30"><span class='ocrx_word' id='word_1_32' title='bbox 2229 539 2515 611; x_wconf 82' lang='grc' dir='ltr'>ἀμελήσειε</span> <span class='ocrx_word' id='word_1_33' title='bbox 2547 541 2639 595; x_wconf 80' lang='grc' dir='ltr'>τοῦ</span> <span class='ocrx_word' id='word_1_34' title='bbox 2660 540 2864 614; x_wconf 85' lang='grc' dir='ltr'>ταύτην</span> <span class='ocrx_word' id='word_1_35' title='bbox 2886 544 3156 616; x_wconf 76' lang='grc' dir='ltr'>ἡμεροῦνς</span> <span class='ocrx_word' id='word_1_36' title='bbox 3189 546 3270 599; x_wconf 85' lang='grc' dir='ltr'>ὅτι</span> <span class='ocrx_word' id='word_1_37' title='bbox 3293 547 3597 617; x_wconf 72' lang='grc' dir='ltr'><strong>ἠλάττωται</strong></span> <span class='ocrx_word' id='word_1_38' title='bbox 3620 553 3654 623; x_wconf 77' lang='grc' dir='ltr'>ἡ</span> <span class='ocrx_word' id='word_1_39' title='bbox 3692 551 3786 603; x_wconf 77' lang='grc' dir='ltr'>τοῦ</span> 
     </span>
    </p>
   </div>
   <div class='ocr_carea' id='block_1_6' title="bbox 581 627 2106 714">
    <p class='ocr_par' dir='ltr' id='par_1_6' title="bbox 581 627 2106 704">
     <span class='ocr_line' id='line_1_6' title="bbox 581 627 2106 704; baseline -0.003 -16"><span class='ocrx_word' id='word_1_40' title='bbox 581 631 725 704; x_wconf 89' lang='lat' dir='ltr'><strong>quod</strong></span> <span class='ocrx_word' id='word_1_41' title='bbox 746 629 838 685; x_wconf 87' lang='lat' dir='ltr'><strong>Dei</strong></span> <span class='ocrx_word' id='word_1_42' title='bbox 860 627 1196 699; x_wconf 75' lang='lat' dir='ltr'><strong>principatus</strong></span> <span class='ocrx_word' id='word_1_43' title='bbox 1220 627 1538 682; x_wconf 90' lang='lat' dir='ltr'><strong>imminutus</strong></span> <span class='ocrx_word' id='word_1_44' title='bbox 1562 634 1663 693; x_wconf 87' lang='lat' dir='ltr'><strong>est,</strong></span> <span class='ocrx_word' id='word_1_45' title='bbox 1692 627 1786 697; x_wconf 89' lang='lat' dir='ltr'><strong>qui</strong></span> <span class='ocrx_word' id='word_1_46' title='bbox 1812 627 1867 680; x_wconf 92' lang='lat' dir='ltr'><strong>in</strong></span> <span class='ocrx_word' id='word_1_47' title='bbox 1892 627 2024 696; x_wconf 93' lang='lat' dir='ltr'><strong>justi</strong></span> <span class='ocrx_word' id='word_1_48' title='bbox 2046 643 2106 683; x_wconf 90' lang='lat' dir='ltr'><strong>ra</strong></span> 
     </span>
    </p>
   </div>
   <div class='ocr_carea' id='block_1_7' title="bbox 2205 627 3790 714">
    <p class='ocr_par' dir='ltr' id='par_1_7' title="bbox 2229 629 3790 714">
     <span class='ocr_line' id='line_1_7' title="bbox 2229 629 3790 714; baseline 0.008 -32"><span class='ocrx_word' id='word_1_49' title='bbox 2229 629 2362 683; x_wconf 82' lang='grc' dir='ltr'>Θεοῦ</span> <span class='ocrx_word' id='word_1_50' title='bbox 2396 631 2557 702; x_wconf 85' lang='grc' dir='ltr'>ἀρχὴ,</span> <span class='ocrx_word' id='word_1_51' title='bbox 2587 632 2708 702; x_wconf 79' lang='grc' dir='ltr'>ἥτις</span> <span class='ocrx_word' id='word_1_52' title='bbox 2736 634 2852 687; x_wconf 74' lang='grc' dir='ltr'>ἐστὶ</span> <span class='ocrx_word' id='word_1_53' title='bbox 2895 633 3035 688; x_wconf 89' lang='grc' dir='ltr'><strong>κατά</strong></span> <span class='ocrx_word' id='word_1_54' title='bbox 3068 636 3130 689; x_wconf 80' lang='grc' dir='ltr'>τὸ</span> <span class='ocrx_word' id='word_1_55' title='bbox 3160 636 3385 702; x_wconf 87' lang='grc' dir='ltr'>δίκαιον,</span> <span class='ocrx_word' id='word_1_56' title='bbox 3428 639 3503 692; x_wconf 78' lang='grc' dir='ltr'><strong>ὅτ’</strong></span> <span class='ocrx_word' id='word_1_57' title='bbox 3545 639 3613 694; x_wconf 84' lang='grc' dir='ltr'>ἂν</span> <span class='ocrx_word' id='word_1_58' title='bbox 3721 641 3790 695; x_wconf 88' lang='grc' dir='ltr'><strong>τά</strong></span> 
     </span>
    </p>
   </div>
   <div class='ocr_carea' id='block_1_8' title="bbox 583 718 2106 802">
    <p class='ocr_par' dir='ltr' id='par_1_8' title="bbox 583 718 2104 790">
     <span class='ocr_line' id='line_1_8' title="bbox 583 718 2104 790; baseline -0.004 -10"><span class='ocrx_word' id='word_1_59' title='bbox 583 726 730 781; x_wconf 85' lang='lat' dir='ltr'><strong>tione</strong></span> <span class='ocrx_word' id='word_1_60' title='bbox 757 721 1036 787; x_wconf 86' lang='lat' dir='ltr'><strong>consistit,</strong></span> <span class='ocrx_word' id='word_1_61' title='bbox 1081 735 1205 776; x_wconf 89' lang='lat' dir='ltr'><strong>cum</strong></span> <span class='ocrx_word' id='word_1_62' title='bbox 1245 719 1445 776; x_wconf 83' lang='lat' dir='ltr'><strong>fuerint</strong></span> <span class='ocrx_word' id='word_1_63' title='bbox 1488 718 1609 789; x_wconf 84' lang='lat' dir='ltr'><strong>ejus</strong></span> <span class='ocrx_word' id='word_1_64' title='bbox 1636 719 1852 790; x_wconf 83' lang='lat' dir='ltr'><strong>quidem</strong></span> <span class='ocrx_word' id='word_1_65' title='bbox 1886 720 1991 773; x_wconf 90' lang='lat' dir='ltr'><strong>alia</strong></span> <span class='ocrx_word' id='word_1_66' title='bbox 2021 718 2104 774; x_wconf 80' lang='lat' dir='ltr'><strong>fru</strong></span> 
     </span>
    </p>
   </div>
   <div class='ocr_carea' id='block_1_9' title="bbox 2205 718 3790 802">
    <p class='ocr_par' dir='ltr' id='par_1_9' title="bbox 2233 722 3790 802">
     <span class='ocr_line' id='line_1_9' title="bbox 2233 722 3790 802; baseline 0.008 -28"><span class='ocrx_word' id='word_1_67' title='bbox 2233 722 2330 791; x_wconf 81' lang='grc' dir='ltr'>μὲν</span> <span class='ocrx_word' id='word_1_68' title='bbox 2355 724 2582 794; x_wconf 82' lang='grc' dir='ltr'>καρπῶν</span> <span class='ocrx_word' id='word_1_69' title='bbox 2607 723 2826 796; x_wconf 89' lang='grc' dir='ltr'>γόνιμα,</span> <span class='ocrx_word' id='word_1_70' title='bbox 2854 724 2922 778; x_wconf 87' lang='grc' dir='ltr'><strong>τά</strong></span> <span class='ocrx_word' id='word_1_71' title='bbox 2951 725 3008 778; x_wconf 85' lang='grc' dir='ltr'>δὲ</span> <span class='ocrx_word' id='word_1_72' title='bbox 3037 726 3110 797; x_wconf 87' lang='grc' dir='ltr'>μὴ</span> <span class='ocrx_word' id='word_1_73' title='bbox 3134 725 3354 782; x_wconf 83' lang='grc' dir='ltr'>τοιαῦτα</span> <span class='ocrx_word' id='word_1_74' title='bbox 3374 745 3387 759; x_wconf 81' lang='grc'><em>’</em></span> <span class='ocrx_word' id='word_1_75' title='bbox 3418 728 3451 800; x_wconf 79' lang='grc' dir='ltr'>ἢ</span> <span class='ocrx_word' id='word_1_76' title='bbox 3476 731 3790 802; x_wconf 83' lang='grc' dir='ltr'>φερομένων</span> 
     </span>
    </p>
   </div>
   <div class='ocr_carea' id='block_1_10' title="bbox 580 809 2106 895">
    <p class='ocr_par' dir='ltr' id='par_1_10' title="bbox 580 809 2106 886">
     <span class='ocr_line' id='line_1_10' title="bbox 580 809 2106 886; baseline -0.004 -14"><span class='ocrx_word' id='word_1_77' title='bbox 580 828 763 872; x_wconf 90' lang='lat' dir='ltr'><strong>ctuum</strong></span> <span class='ocrx_word' id='word_1_78' title='bbox 793 813 1114 886; x_wconf 72' lang='lat' dir='ltr'><strong>frugumque</strong></span> <span class='ocrx_word' id='word_1_79' title='bbox 1132 811 1379 878; x_wconf 81' lang='lat' dir='ltr'><strong>&#39;feracia;</strong></span> <span class='ocrx_word' id='word_1_80' title='bbox 1409 809 1623 881; x_wconf 87' lang='lat' dir='ltr'><strong>aliaque</strong></span> <span class='ocrx_word' id='word_1_81' title='bbox 1657 810 1932 865; x_wconf 89' lang='lat' dir='ltr'><strong>contraria</strong></span> <span class='ocrx_word' id='word_1_82' title='bbox 1955 811 2106 881; x_wconf 89' lang='lat' dir='ltr'><strong>quali</strong></span> 
     </span>
    </p>
   </div>
   <div class='ocr_carea' id='block_1_11' title="bbox 2205 809 3789 895">
    <p class='ocr_par' dir='ltr' id='par_1_11' title="bbox 2228 813 3789 895">
     <span class='ocr_line' id='line_1_11' title="bbox 2228 813 3789 895; baseline 0.008 -29"><span class='ocrx_word' id='word_1_83' title='bbox 2228 813 2335 867; x_wconf 85' lang='grc' dir='ltr'>τῶν</span> <span class='ocrx_word' id='word_1_84' title='bbox 2370 816 2692 885; x_wconf 82' lang='grc' dir='ltr'><strong>πνευμάτων</strong></span> <span class='ocrx_word' id='word_1_85' title='bbox 2744 816 2862 870; x_wconf 85' lang='grc' dir='ltr'>καθ’</span> <span class='ocrx_word' id='word_1_86' title='bbox 2890 817 3080 888; x_wconf 80' lang='grc' dir='ltr'><strong>ἑτέραν</strong></span> <span class='ocrx_word' id='word_1_87' title='bbox 3113 819 3312 886; x_wconf 65' lang='grc' dir='ltr'>αἰτίαν,</span> <span class='ocrx_word' id='word_1_88' title='bbox 3346 822 3469 886; x_wconf 83' lang='grc' dir='ltr'>τοὺς</span> <span class='ocrx_word' id='word_1_89' title='bbox 3505 822 3605 894; x_wconf 82' lang='grc' dir='ltr'>μὲν</span> <span class='ocrx_word' id='word_1_90' title='bbox 3641 824 3789 895; x_wconf 82' lang='grc' dir='ltr'>ὠφε-</span> 
     </span>
    </p>
   </div>
   <div class='ocr_carea' id='block_1_12' title="bbox 572 903 2106 988">
    <p class='ocr_par' dir='ltr' id='par_1_12' title="bbox 572 903 2106 977">
     <span class='ocr_line' id='line_1_12' title="bbox 572 903 2106 977; baseline -0.003 -13"><span class='ocrx_word' id='word_1_91' title='bbox 572 916 690 964; x_wconf 80' lang='lat' dir='ltr'><strong>tate</strong></span> <span class='ocrx_word' id='word_1_92' title='bbox 727 907 987 977; x_wconf 78' lang='lat' dir='ltr'><strong>praedita;</strong></span> <span class='ocrx_word' id='word_1_93' title='bbox 1037 914 1132 961; x_wconf 91' lang='lat' dir='ltr'><strong>aut</strong></span> <span class='ocrx_word' id='word_1_94' title='bbox 1182 919 1305 959; x_wconf 90' lang='lat' dir='ltr'><strong>cum</strong></span> <span class='ocrx_word' id='word_1_95' title='bbox 1351 903 1528 960; x_wconf 89' lang='lat' dir='ltr'><strong>ventis</strong></span> <span class='ocrx_word' id='word_1_96' title='bbox 1578 904 1896 970; x_wconf 87' lang='lat' dir='ltr'><strong>ruentibus,</strong></span> <span class='ocrx_word' id='word_1_97' title='bbox 1941 919 2106 959; x_wconf 89' lang='lat' dir='ltr'><strong>secun</strong></span> 
     </span>
    </p>
   </div>
   <div class='ocr_carea' id='block_1_13' title="bbox 2205 903 3788 988">
    <p class='ocr_par' dir='ltr' id='par_1_13' title="bbox 2229 904 3788 988">
     <span class='ocr_line' id='line_1_13' title="bbox 2229 904 3788 988; baseline 0.008 -31"><span class='ocrx_word' id='word_1_98' title='bbox 2229 904 2454 972; x_wconf 87' lang='grc' dir='ltr'>λεῖσθαι,</span> <span class='ocrx_word' id='word_1_99' title='bbox 2481 909 2605 972; x_wconf 84' lang='grc' dir='ltr'>τοὺς</span> <span class='ocrx_word' id='word_1_100' title='bbox 2637 908 2695 962; x_wconf 79' lang='grc' dir='ltr'>δὲ</span> <span class='ocrx_word' id='word_1_101' title='bbox 2734 910 2828 963; x_wconf 77' lang='grc' dir='ltr'>καὶ</span> <span class='ocrx_word' id='word_1_102' title='bbox 2867 909 3139 983; x_wconf 78' lang='grc' dir='ltr'>ἀϐούλητα</span> <span class='ocrx_word' id='word_1_103' title='bbox 3169 930 3289 966; x_wconf 89' lang='grc' dir='ltr'>τινα</span> <span class='ocrx_word' id='word_1_104' title='bbox 3319 914 3631 985; x_wconf 85' lang='grc' dir='ltr'>ὑπομένειν,</span> <span class='ocrx_word' id='word_1_105' title='bbox 3655 933 3788 988; x_wconf 89' lang='grc' dir='ltr'>συμ-</span> 
     </span>
    </p>
   </div>
   <div class='ocr_carea' id='block_1_14' title="bbox 574 995 2106 1079">
    <p class='ocr_par' dir='ltr' id='par_1_14' title="bbox 574 995 2102 1062">
     <span class='ocr_line' id='line_1_14' title="bbox 574 995 2102 1062; baseline -0.004 -5"><span class='ocrx_word' id='word_1_106' title='bbox 574 1001 703 1058; x_wconf 91' lang='lat' dir='ltr'><strong>dum</strong></span> <span class='ocrx_word' id='word_1_107' title='bbox 754 999 913 1055; x_wconf 87' lang='lat' dir='ltr'><strong>aliam</strong></span> <span class='ocrx_word' id='word_1_108' title='bbox 943 999 1229 1062; x_wconf 89' lang='lat' dir='ltr'><strong>rationem,</strong></span> <span class='ocrx_word' id='word_1_109' title='bbox 1263 999 1398 1053; x_wconf 91' lang='lat' dir='ltr'><strong>alios</strong></span> <span class='ocrx_word' id='word_1_110' title='bbox 1444 996 1568 1051; x_wconf 91' lang='lat' dir='ltr'><strong>inde</strong></span> <span class='ocrx_word' id='word_1_111' title='bbox 1616 995 1956 1052; x_wconf 90' lang='lat' dir='ltr'><strong>commodum</strong></span> <span class='ocrx_word' id='word_1_112' title='bbox 2003 1011 2102 1051; x_wconf 90' lang='lat' dir='ltr'><strong>sen</strong></span> 
     </span>
    </p>
   </div>
   <div class='ocr_carea' id='block_1_15' title="bbox 2205 995 3789 1079">
    <p class='ocr_par' dir='ltr' id='par_1_15' title="bbox 2234 995 3789 1079">
     <span class='ocr_line' id='line_1_15' title="bbox 2234 995 3789 1079; baseline 0.01 -31"><span class='ocrx_word' id='word_1_113' title='bbox 2234 995 2426 1071; x_wconf 83' lang='grc' dir='ltr'>6αίνῃ;</span> <span class='ocrx_word' id='word_1_114' title='bbox 2456 998 2711 1069; x_wconf 74' lang='grc' dir='ltr'><strong>ἀπείρους</strong></span> <span class='ocrx_word' id='word_1_115' title='bbox 2740 997 2960 1067; x_wconf 80' lang='grc' dir='ltr'><strong>τούτους</strong></span> <span class='ocrx_word' id='word_1_116' title='bbox 2988 999 3127 1057; x_wconf 77' lang='grc' dir='ltr'>εἶναι</span> <span class='ocrx_word' id='word_1_117' title='bbox 3164 1004 3262 1076; x_wconf 82' lang='grc' dir='ltr'><strong>τῆς</strong></span> <span class='ocrx_word' id='word_1_118' title='bbox 3292 1005 3398 1060; x_wconf 85' lang='grc' dir='ltr'><strong>τῶν</strong></span> <span class='ocrx_word' id='word_1_119' title='bbox 3426 1007 3789 1079; x_wconf 74' lang='grc' dir='ltr'><strong>ἐνδεχομένων</strong></span> 
     </span>
    </p>
   </div>
   <div class='ocr_carea' id='block_1_16' title="bbox 573 1085 2106 1170">
    <p class='ocr_par' dir='ltr' id='par_1_16' title="bbox 573 1085 2106 1157">
     <span class='ocr_line' id='line_1_16' title="bbox 573 1085 2106 1157; baseline -0.004 -12"><span class='ocrx_word' id='word_1_120' title='bbox 573 1091 701 1156; x_wconf 87' lang='lat' dir='ltr'><strong>tire,</strong></span> <span class='ocrx_word' id='word_1_121' title='bbox 734 1091 871 1149; x_wconf 88' lang='lat' dir='ltr'><strong>alios</strong></span> <span class='ocrx_word' id='word_1_122' title='bbox 906 1104 1034 1145; x_wconf 89' lang='lat' dir='ltr'><strong>vero</strong></span> <span class='ocrx_word' id='word_1_123' title='bbox 1083 1092 1247 1145; x_wconf 87' lang='lat' dir='ltr'><strong>etiam</strong></span> <span class='ocrx_word' id='word_1_124' title='bbox 1293 1088 1493 1144; x_wconf 85' lang='lat' dir='ltr'><strong>invitos</strong></span> <span class='ocrx_word' id='word_1_125' title='bbox 1522 1087 1664 1141; x_wconf 87' lang='lat' dir='ltr'><strong>mala</strong></span> <span class='ocrx_word' id='word_1_126' title='bbox 1711 1086 1956 1157; x_wconf 69' lang='lat' dir='ltr'><strong>quaedam</strong></span> <span class='ocrx_word' id='word_1_127' title='bbox 1987 1085 2106 1142; x_wconf 58' lang='lat' dir='ltr'><strong>ferri</strong></span> 
     </span>
    </p>
   </div>
   <div class='ocr_carea' id='block_1_17' title="bbox 2205 1085 3786 1170">
    <p class='ocr_par' dir='ltr' id='par_1_17' title="bbox 2233 1086 3786 1170">
     <span class='ocr_line' id='line_1_17' title="bbox 2233 1086 3786 1170; baseline 0.01 -31"><span class='ocrx_word' id='word_1_128' title='bbox 2233 1086 2445 1154; x_wconf 87' lang='grc' dir='ltr'>φύσεως</span> <span class='ocrx_word' id='word_1_129' title='bbox 2474 1090 2568 1143; x_wconf 76' lang='grc' dir='ltr'>καὶ</span> <span class='ocrx_word' id='word_1_130' title='bbox 2602 1091 2701 1163; x_wconf 85' lang='grc' dir='ltr'>τῆς</span> <span class='ocrx_word' id='word_1_131' title='bbox 2732 1093 2839 1147; x_wconf 85' lang='grc' dir='ltr'>τῶν</span> <span class='ocrx_word' id='word_1_132' title='bbox 2870 1095 3196 1163; x_wconf 80' lang='grc' dir='ltr'><strong>ἀναγκαίων.</strong></span> <span class='ocrx_word' id='word_1_133' title='bbox 3247 1096 3402 1151; x_wconf 76' lang='grc' dir='ltr'>Οὕτω</span> <span class='ocrx_word' id='word_1_134' title='bbox 3431 1098 3538 1170; x_wconf 99' lang='lat'><strong>7&amp;9</strong></span> <span class='ocrx_word' id='word_1_135' title='bbox 3576 1100 3674 1153; x_wconf 83' lang='grc' dir='ltr'>οὐκ</span> <span class='ocrx_word' id='word_1_136' title='bbox 3718 1100 3786 1155; x_wconf 88' lang='grc' dir='ltr'>ἂν</span> 
     </span>
    </p>
   </div>
   <div class='ocr_carea' id='block_1_18' title="bbox 573 1178 2106 1256">
    <p class='ocr_par' dir='ltr' id='par_1_18' title="bbox 573 1181 2106 1256">
     <span class='ocr_line' id='line_1_18' title="bbox 573 1181 2106 1256; baseline -0.003 -17"><span class='ocrx_word' id='word_1_137' title='bbox 573 1184 899 1256; x_wconf 81' lang='lat' dir='ltr'><strong>contigerit?</strong></span> <span class='ocrx_word' id='word_1_138' title='bbox 930 1182 1155 1255; x_wconf 65' lang='lat' dir='ltr'><strong>Nempe!</strong></span> <span class='ocrx_word' id='word_1_139' title='bbox 1186 1181 1430 1238; x_wconf 85' lang='lat' dir='ltr'><strong>nesciant</strong></span> <span class='ocrx_word' id='word_1_140' title='bbox 1480 1194 1703 1236; x_wconf 90' lang='lat' dir='ltr'><strong>necesse</strong></span> <span class='ocrx_word' id='word_1_141' title='bbox 1745 1186 1850 1243; x_wconf 88' lang='lat' dir='ltr'><strong>est,</strong></span> <span class='ocrx_word' id='word_1_142' title='bbox 1882 1194 2106 1250; x_wconf 85' lang='lat' dir='ltr'><strong>quaenan</strong></span> 
     </span>
    </p>
   </div>
   <div class='ocr_carea' id='block_1_19' title="bbox 2205 1178 2977 1256">
    <p class='ocr_par' dir='ltr' id='par_1_19' title="bbox 2231 1178 2977 1255">
     <span class='ocr_line' id='line_1_19' title="bbox 2231 1178 2977 1255; baseline 0.012 -24"><span class='ocrx_word' id='word_1_143' title='bbox 2231 1178 2301 1232; x_wconf 87' lang='grc' dir='ltr'>τὰ</span> <span class='ocrx_word' id='word_1_144' title='bbox 2330 1179 2551 1236; x_wconf 82' lang='grc' dir='ltr'>τοιαῦτα</span> <span class='ocrx_word' id='word_1_145' title='bbox 2583 1182 2977 1255; x_wconf 77' lang='grc' dir='ltr'>ὲτερατεύοντο.</span> 
     </span>
    </p>
   </div>
   <div class='ocr_carea' id='block_1_20' title="bbox 572 1272 3789 1351">
    <p class='ocr_par' dir='ltr' id='par_1_20' title="bbox 572 1272 3789 1351">
     <span class='ocr_line' id='line_1_20' title="bbox 572 1272 3789 1351; baseline 0.002 -18"><span class='ocrx_word' id='word_1_146' title='bbox 572 1291 760 1333; x_wconf 88' lang='lat' dir='ltr'><strong>eorum</strong></span> <span class='ocrx_word' id='word_1_147' title='bbox 798 1276 1028 1341; x_wconf 89' lang='lat' dir='ltr'><strong>indoles,</strong></span> <span class='ocrx_word' id='word_1_148' title='bbox 1055 1290 1179 1347; x_wconf 64' lang='lat' dir='ltr'><strong>qua:</strong></span> <span class='ocrx_word' id='word_1_149' title='bbox 1215 1272 1603 1344; x_wconf 85' lang='lat' dir='ltr'><strong>contingentia,</strong></span> <span class='ocrx_word' id='word_1_150' title='bbox 1635 1279 1691 1328; x_wconf 88' lang='lat' dir='ltr'><strong>et</strong></span> <span class='ocrx_word' id='word_1_151' title='bbox 1738 1287 1859 1341; x_wconf 84' lang='lat' dir='ltr'><strong>quae</strong></span> <span class='ocrx_word' id='word_1_152' title='bbox 1904 1272 2214 1328; x_wconf 90' lang='lat' dir='ltr'><strong>necessaria</strong></span> <span class='ocrx_word' id='word_1_153' title='bbox 2262 1281 2410 1329; x_wconf 88' lang='lat' dir='ltr'><strong>sunt.</strong></span> <span class='ocrx_word' id='word_1_154' title='bbox 2467 1272 2558 1328; x_wconf 88' lang='lat' dir='ltr'><strong>Sic</strong></span> <span class='ocrx_word' id='word_1_155' title='bbox 2586 1276 2729 1331; x_wconf 90' lang='lat' dir='ltr'><strong>enim</strong></span> <span class='ocrx_word' id='word_1_156' title='bbox 2777 1291 2886 1332; x_wconf 93' lang='lat' dir='ltr'><strong>non</strong></span> <span class='ocrx_word' id='word_1_157' title='bbox 2921 1278 3046 1333; x_wconf 87' lang='lat' dir='ltr'><strong>talia</strong></span> <span class='ocrx_word' id='word_1_158' title='bbox 3092 1279 3336 1351; x_wconf 90' lang='lat' dir='ltr'><strong>prodigio</strong></span> <span class='ocrx_word' id='word_1_159' title='bbox 3391 1291 3658 1337; x_wconf 83' lang='lat' dir='ltr'><strong>verterent</strong></span> <span class='ocrx_word' id='word_1_160' title='bbox 3718 1298 3789 1338; x_wconf 86' lang='lat' dir='ltr'><strong>ac</strong></span> 
     </span>
    </p>
   </div>
   <div class='ocr_carea' id='block_1_21' title="bbox 572 1373 1059 1429">
    <p class='ocr_par' dir='ltr' id='par_1_21' title="bbox 572 1373 1059 1429">
     <span class='ocr_line' id='line_1_21' title="bbox 572 1373 1059 1429; baseline -0.006 -1"><span class='ocrx_word' id='word_1_161' title='bbox 572 1373 1059 1429; x_wconf 84' lang='lat' dir='ltr'><strong>calumniarentur.</strong></span> 
     </span>
    </p>
   </div>
   <div class='ocr_carea' id='block_1_22' title="bbox 572 1486 3777 1557">
    <p class='ocr_par' dir='ltr' id='par_1_22' title="bbox 572 1486 3777 1557">
     <span class='ocr_line' id='line_1_22' title="bbox 572 1486 3777 1557; baseline 0.002 -12"><span class='ocrx_word' id='word_1_162' title='bbox 572 1490 700 1548; x_wconf 65' lang='lat' dir='ltr'><strong>Car.</strong></span> <span class='ocrx_word' id='word_1_163' title='bbox 724 1488 842 1546; x_wconf 84' lang='lat' dir='ltr'><strong>XV.</strong></span> <span class='ocrx_word' id='word_1_164' title='bbox 869 1488 1056 1544; x_wconf 81' lang='lat' dir='ltr'><strong>Libido</strong></span> <span class='ocrx_word' id='word_1_165' title='bbox 1095 1496 1147 1543; x_wconf 85' lang='lat' dir='ltr'><strong>et</strong></span> <span class='ocrx_word' id='word_1_166' title='bbox 1172 1487 1436 1557; x_wconf 79' lang='lat' dir='ltr'><strong>cupiditas</strong></span> <span class='ocrx_word' id='word_1_167' title='bbox 1466 1500 1639 1542; x_wconf 86' lang='lat' dir='ltr'><strong>rerum</strong></span> <span class='ocrx_word' id='word_1_168' title='bbox 1669 1486 2023 1544; x_wconf 79' lang='lat' dir='ltr'><strong>sentientium.</strong></span> <span class='ocrx_word' id='word_1_169' title='bbox 2064 1488 2360 1544; x_wconf 72' lang='lat' dir='ltr'><strong>Dwmones.</strong></span> <span class='ocrx_word' id='word_1_170' title='bbox 2406 1488 2667 1543; x_wconf 86' lang='lat' dir='ltr'><strong>animalia</strong></span> <span class='ocrx_word' id='word_1_171' title='bbox 2692 1489 2991 1545; x_wconf 79' lang='lat' dir='ltr'><strong>sentientia.</strong></span> <span class='ocrx_word' id='word_1_172' title='bbox 3042 1488 3141 1545; x_wconf 91' lang='lat' dir='ltr'><strong>Sol</strong></span> <span class='ocrx_word' id='word_1_173' title='bbox 3161 1491 3283 1545; x_wconf 79' lang='lat' dir='ltr'><strong>item</strong></span> <span class='ocrx_word' id='word_1_174' title='bbox 3327 1500 3378 1544; x_wconf 84' lang='lat' dir='ltr'><strong>et</strong></span> <span class='ocrx_word' id='word_1_175' title='bbox 3407 1492 3552 1556; x_wconf 85' lang='lat' dir='ltr'><strong>luna,</strong></span> <span class='ocrx_word' id='word_1_176' title='bbox 3589 1497 3777 1552; x_wconf 67' lang='lat' dir='ltr'><strong>stella.</strong></span> 
     </span>
    </p>
   </div>
   <div class='ocr_carea' id='block_1_23' title="bbox 1791 1557 2565 1626">
    <p class='ocr_par' dir='ltr' id='par_1_23' title="bbox 1791 1557 2565 1626">
     <span class='ocr_line' id='line_1_23' title="bbox 1791 1557 2565 1626; baseline 0.003 -15"><span class='ocrx_word' id='word_1_177' title='bbox 1791 1557 2080 1626; x_wconf 72' lang='lat' dir='ltr'><strong>Platonica,</strong></span> <span class='ocrx_word' id='word_1_178' title='bbox 2119 1575 2223 1613; x_wconf 83' lang='lat' dir='ltr'><strong>non</strong></span> <span class='ocrx_word' id='word_1_179' title='bbox 2251 1559 2565 1614; x_wconf 77' lang='lat' dir='ltr'><strong>Christiane.</strong></span> 
     </span>
    </p>
   </div>
   <div class='ocr_carea' id='block_1_24' title="bbox 644 1667 2106 1750">
    <p class='ocr_par' dir='ltr' id='par_1_24' title="bbox 644 1669 2106 1746">
     <span class='ocr_line' id='line_1_24' title="bbox 644 1669 2106 1746; baseline -0.005 -13"><span class='ocrx_word' id='word_1_180' title='bbox 644 1675 799 1733; x_wconf 85' lang='lat' dir='ltr'><strong>Unde</strong></span> <span class='ocrx_word' id='word_1_181' title='bbox 855 1674 1020 1746; x_wconf 90' lang='lat' dir='ltr'><strong>igitur</strong></span> <span class='ocrx_word' id='word_1_182' title='bbox 1069 1672 1320 1743; x_wconf 81' lang='lat' dir='ltr'><strong>voluptas</strong></span> <span class='ocrx_word' id='word_1_183' title='bbox 1355 1685 1450 1725; x_wconf 87' lang='lat' dir='ltr'><strong>seu</strong></span> <span class='ocrx_word' id='word_1_184' title='bbox 1506 1669 1674 1725; x_wconf 89' lang='lat' dir='ltr'><strong>libido</strong></span> <span class='ocrx_word' id='word_1_185' title='bbox 1715 1677 1769 1725; x_wconf 88' lang='lat' dir='ltr'><strong>et</strong></span> <span class='ocrx_word' id='word_1_186' title='bbox 1818 1670 2106 1741; x_wconf 86' lang='lat' dir='ltr'><strong>cupiditas‘</strong></span> 
     </span>
    </p>
   </div>
   <div class='ocr_carea' id='block_1_25' title="bbox 2205 1667 3783 1750">
    <p class='ocr_par' dir='ltr' id='par_1_25' title="bbox 2297 1667 3783 1750">
     <span class='ocr_line' id='line_1_25' title="bbox 2297 1667 3783 1750; baseline 0.006 -26"><span class='ocrx_word' id='word_1_187' title='bbox 2297 1671 2467 1726; x_wconf 84' lang='grc' dir='ltr'><strong>Πόθεν</strong></span> <span class='ocrx_word' id='word_1_188' title='bbox 2498 1667 2588 1726; x_wconf 81' lang='grc' dir='ltr'>οὖν</span> <span class='ocrx_word' id='word_1_189' title='bbox 2622 1672 2781 1744; x_wconf 76' lang='grc' dir='ltr'>ἡδονὴ</span> <span class='ocrx_word' id='word_1_190' title='bbox 2827 1673 2918 1726; x_wconf 65' lang='grc' dir='ltr'><strong>κα)⁸</strong></span> <span class='ocrx_word' id='word_1_191' title='bbox 2966 1672 3255 1744; x_wconf 82' lang='grc' dir='ltr'>ὲπιθυμία;</span> <span class='ocrx_word' id='word_1_192' title='bbox 3303 1674 3485 1729; x_wconf 78' lang='grc' dir='ltr'>Ταῦτα</span> <span class='ocrx_word' id='word_1_193' title='bbox 3521 1675 3628 1750; x_wconf 90' lang='lat'><strong>7&amp;9</strong></span> <span class='ocrx_word' id='word_1_194' title='bbox 3678 1679 3783 1750; x_wconf 80' lang='grc' dir='ltr'>μά-</span> 
     </span>
    </p>
   </div>
   <div class='ocr_carea' id='block_1_26' title="bbox 572 1760 2106 1841">
    <p class='ocr_par' dir='ltr' id='par_1_26' title="bbox 572 1760 2091 1831">
     <span class='ocr_line' id='line_1_26' title="bbox 572 1760 2091 1831; baseline -0.005 -6"><span class='ocrx_word' id='word_1_195' title='bbox 572 1768 697 1824; x_wconf 68' lang='grc' dir='ltr'>Ηεεε</span> <span class='ocrx_word' id='word_1_196' title='bbox 735 1766 877 1823; x_wconf 89' lang='lat' dir='ltr'><strong>enim</strong></span> <span class='ocrx_word' id='word_1_197' title='bbox 917 1763 1148 1818; x_wconf 81' lang='lat' dir='ltr'><strong>maxime</strong></span> <span class='ocrx_word' id='word_1_198' title='bbox 1187 1762 1328 1816; x_wconf 90' lang='lat' dir='ltr'><strong>mala</strong></span> <span class='ocrx_word' id='word_1_199' title='bbox 1355 1775 1478 1817; x_wconf 90' lang='lat' dir='ltr'><strong>esse</strong></span> <span class='ocrx_word' id='word_1_200' title='bbox 1501 1760 1722 1825; x_wconf 89' lang='lat' dir='ltr'><strong>dicunt,</strong></span> <span class='ocrx_word' id='word_1_201' title='bbox 1753 1762 2091 1831; x_wconf 85' lang='lat' dir='ltr'><strong>Oderuntque</strong></span> 
     </span>
    </p>
   </div>
   <div class='ocr_carea' id='block_1_27' title="bbox 2205 1760 3781 1841">
    <p class='ocr_par' dir='ltr' id='par_1_27' title="bbox 2227 1760 3781 1841">
     <span class='ocr_line' id='line_1_27' title="bbox 2227 1760 3781 1841; baseline 0.005 -24"><span class='ocrx_word' id='word_1_202' title='bbox 2227 1764 2379 1818; x_wconf 92' lang='grc' dir='ltr'>λιστα</span> <span class='ocrx_word' id='word_1_203' title='bbox 2433 1763 2577 1818; x_wconf 88' lang='grc' dir='ltr'><strong>κακά</strong></span> <span class='ocrx_word' id='word_1_204' title='bbox 2628 1761 2765 1819; x_wconf 80' lang='grc' dir='ltr'>εἶναι</span> <span class='ocrx_word' id='word_1_205' title='bbox 2820 1764 3031 1834; x_wconf 85' lang='grc' dir='ltr'>λέγουσι</span> <span class='ocrx_word' id='word_1_206' title='bbox 3076 1767 3167 1819; x_wconf 78' lang='grc' dir='ltr'>καὶ</span> <span class='ocrx_word' id='word_1_207' title='bbox 3215 1760 3658 1840; x_wconf 77' lang='grc' dir='ltr'>διαμεμισήκασιο</span> <span class='ocrx_word' id='word_1_208' title='bbox 3680 1772 3781 1841; x_wconf 82' lang='grc' dir='ltr'>τὴν</span> 
     </span>
    </p>
   </div>
   <div class='ocr_carea' id='block_1_28' title="bbox 571 1849 2106 1938">
    <p class='ocr_par' dir='ltr' id='par_1_28' title="bbox 571 1849 2106 1922">
     <span class='ocr_line' id='line_1_28' title="bbox 571 1849 2106 1922; baseline -0.007 -6"><span class='ocrx_word' id='word_1_209' title='bbox 571 1873 671 1915; x_wconf 89' lang='lat' dir='ltr'><strong>nec</strong></span> <span class='ocrx_word' id='word_1_210' title='bbox 713 1854 941 1913; x_wconf 88' lang='lat' dir='ltr'><strong>materia</strong></span> <span class='ocrx_word' id='word_1_211' title='bbox 980 1851 1127 1907; x_wconf 91' lang='lat' dir='ltr'><strong>aliud</strong></span> <span class='ocrx_word' id='word_1_212' title='bbox 1176 1850 1468 1922; x_wconf 90' lang='lat' dir='ltr'><strong>quidquam</strong></span> <span class='ocrx_word' id='word_1_213' title='bbox 1497 1852 1667 1922; x_wconf 86' lang='lat' dir='ltr'><strong>magis</strong></span> <span class='ocrx_word' id='word_1_214' title='bbox 1689 1850 1956 1908; x_wconf 83' lang='lat' dir='ltr'><strong>videatur.</strong></span> <span class='ocrx_word' id='word_1_215' title='bbox 1987 1849 2106 1905; x_wconf 65' lang='lat' dir='ltr'><strong>Sani</strong></span> 
     </span>
    </p>
   </div>
   <div class='ocr_carea' id='block_1_29' title="bbox 2205 1849 3777 1938">
    <p class='ocr_par' dir='ltr' id='par_1_29' title="bbox 2224 1852 3777 1938">
     <span class='ocr_line' id='line_1_29' title="bbox 2224 1852 3777 1938; baseline 0.005 -29"><span class='ocrx_word' id='word_1_216' title='bbox 2224 1852 2354 1928; x_wconf 74' lang='grc' dir='ltr'>ὓλην</span> <span class='ocrx_word' id='word_1_217' title='bbox 2379 1856 2452 1927; x_wconf 73' lang='grc' dir='ltr'>(ιι)</span> <span class='ocrx_word' id='word_1_218' title='bbox 2515 1857 2614 1929; x_wconf 76' lang='grc' dir='ltr'><strong>οὐχ</strong></span> <span class='ocrx_word' id='word_1_219' title='bbox 2642 1858 2802 1929; x_wconf 82' lang='grc' dir='ltr'>ἑτέρα</span> <span class='ocrx_word' id='word_1_220' title='bbox 2837 1856 3031 1929; x_wconf 85' lang='grc' dir='ltr'>μᾶλλόν</span> <span class='ocrx_word' id='word_1_221' title='bbox 3059 1860 3223 1913; x_wconf 74' lang='grc' dir='ltr'>ἐστιν.</span> <span class='ocrx_word' id='word_1_222' title='bbox 3252 1861 3371 1914; x_wconf 87' lang='grc' dir='ltr'>Ὅτι</span> <span class='ocrx_word' id='word_1_223' title='bbox 3402 1861 3501 1932; x_wconf 83' lang='grc' dir='ltr'>μὲν</span> <span class='ocrx_word' id='word_1_224' title='bbox 3524 1859 3617 1917; x_wconf 76' lang='grc' dir='ltr'>οὖν</span> <span class='ocrx_word' id='word_1_225' title='bbox 3649 1869 3777 1938; x_wconf 83' lang='grc' dir='ltr'>περὶ</span> 
     </span>
    </p>
   </div>
   <div class='ocr_carea' id='block_1_30' title="bbox 570 1942 2106 2023">
    <p class='ocr_par' dir='ltr' id='par_1_30' title="bbox 570 1942 2106 2023">
     <span class='ocr_line' id='line_1_30' title="bbox 570 1942 2106 2023; baseline -0.006 -17"><span class='ocrx_word' id='word_1_226' title='bbox 570 1948 715 2023; x_wconf 90' lang='lat' dir='ltr'><strong>quod</strong></span> <span class='ocrx_word' id='word_1_227' title='bbox 744 1948 859 2009; x_wconf 66' lang='lat' dir='ltr'><strong>haec</strong></span> <span class='ocrx_word' id='word_1_228' title='bbox 903 1943 1079 2002; x_wconf 91' lang='lat' dir='ltr'><strong>solum</strong></span> <span class='ocrx_word' id='word_1_229' title='bbox 1113 1942 1437 1997; x_wconf 88' lang='lat' dir='ltr'><strong>animalibus</strong></span> <span class='ocrx_word' id='word_1_230' title='bbox 1486 1944 1747 1997; x_wconf 86' lang='lat' dir='ltr'><strong>attineant</strong></span> <span class='ocrx_word' id='word_1_231' title='bbox 1799 1958 1919 2013; x_wconf 85' lang='lat' dir='ltr'><strong>quae</strong></span> <span class='ocrx_word' id='word_1_232' title='bbox 1961 1958 2106 1998; x_wconf 70' lang='lat' dir='ltr'><strong>sensu</strong></span> 
     </span>
    </p>
   </div>
   <div class='ocr_carea' id='block_1_31' title="bbox 2205 1942 3777 2023">
    <p class='ocr_par' dir='ltr' id='par_1_31' title="bbox 2221 1948 3777 2022">
     <span class='ocr_line' id='line_1_31' title="bbox 2221 1948 3777 2022; baseline 0.008 -22"><span class='ocrx_word' id='word_1_233' title='bbox 2221 1948 2288 2001; x_wconf 71' lang='grc' dir='ltr'><strong>τὰ</strong></span> <span class='ocrx_word' id='word_1_234' title='bbox 2320 1948 2607 2020; x_wconf 83' lang='grc' dir='ltr'>αἰσθητικά</span> <span class='ocrx_word' id='word_1_235' title='bbox 2646 1948 2753 2003; x_wconf 86' lang='grc' dir='ltr'><strong>τῶν</strong></span> <span class='ocrx_word' id='word_1_236' title='bbox 2786 1949 2937 2014; x_wconf 83' lang='grc' dir='ltr'>ζώων</span> <span class='ocrx_word' id='word_1_237' title='bbox 2985 1951 3158 2022; x_wconf 83' lang='grc' dir='ltr'>μόνων</span> <span class='ocrx_word' id='word_1_238' title='bbox 3201 1950 3317 2005; x_wconf 72' lang='grc' dir='ltr'>ἐστὶ</span> <span class='ocrx_word' id='word_1_239' title='bbox 3344 1955 3535 2022; x_wconf 81' lang='grc' dir='ltr'>ταῦτα,</span> <span class='ocrx_word' id='word_1_240' title='bbox 3569 1958 3665 2011; x_wconf 73' lang='grc' dir='ltr'>καὶ</span> <span class='ocrx_word' id='word_1_241' title='bbox 3686 1959 3777 2013; x_wconf 85' lang='grc' dir='ltr'>ού-</span> 
     </span>
    </p>
   </div>
   <div class='ocr_carea' id='block_1_32' title="bbox 569 2034 2106 2124">
    <p class='ocr_par' dir='ltr' id='par_1_32' title="bbox 569 2034 2106 2115">
     <span class='ocr_line' id='line_1_32' title="bbox 569 2034 2106 2115; baseline -0.006 -17"><span class='ocrx_word' id='word_1_242' title='bbox 569 2042 794 2115; x_wconf 69' lang='lat' dir='ltr'><strong>pnedita</strong></span> <span class='ocrx_word' id='word_1_243' title='bbox 844 2043 1004 2102; x_wconf 88' lang='lat' dir='ltr'><strong>sunt,</strong></span> <span class='ocrx_word' id='word_1_244' title='bbox 1050 2035 1308 2105; x_wconf 86' lang='lat' dir='ltr'><strong>nullaque</strong></span> <span class='ocrx_word' id='word_1_245' title='bbox 1342 2034 1446 2089; x_wconf 87' lang='lat' dir='ltr'><strong>alia</strong></span> <span class='ocrx_word' id='word_1_246' title='bbox 1500 2048 1587 2090; x_wconf 86' lang='lat' dir='ltr'><strong>res</strong></span> <span class='ocrx_word' id='word_1_247' title='bbox 1621 2050 1782 2104; x_wconf 89' lang='lat' dir='ltr'><strong>quam</strong></span> <span class='ocrx_word' id='word_1_248' title='bbox 1833 2050 1953 2105; x_wconf 76' lang='lat' dir='ltr'><strong>qua:</strong></span> <span class='ocrx_word' id='word_1_249' title='bbox 2002 2051 2106 2091; x_wconf 21' lang='lat' dir='ltr'><strong>sent</strong></span> 
     </span>
    </p>
   </div>
   <div class='ocr_carea' id='block_1_33' title="bbox 2205 2034 3773 2124">
    <p class='ocr_par' dir='ltr' id='par_1_33' title="bbox 2220 2040 3773 2124">
     <span class='ocr_line' id='line_1_33' title="bbox 2220 2040 3773 2124; baseline 0.008 -30"><span class='ocrx_word' id='word_1_250' title='bbox 2220 2040 2305 2096; x_wconf 81' lang='grc' dir='ltr'>δὲν</span> <span class='ocrx_word' id='word_1_251' title='bbox 2345 2041 2532 2114; x_wconf 78' lang='grc' dir='ltr'>ἓτερον</span> <span class='ocrx_word' id='word_1_252' title='bbox 2561 2042 3014 2114; x_wconf 77' lang='grc' dir='ltr'>ἀντιλαμϐάνεται</span> <span class='ocrx_word' id='word_1_253' title='bbox 3048 2044 3339 2116; x_wconf 73' lang='grc' dir='ltr'><strong>ἐπιθυμίας</strong></span> <span class='ocrx_word' id='word_1_254' title='bbox 3384 2049 3478 2102; x_wconf 73' lang='grc' dir='ltr'>καὶ</span> <span class='ocrx_word' id='word_1_255' title='bbox 3517 2048 3706 2122; x_wconf 79' lang='grc' dir='ltr'>ἡδονῆς</span> <span class='ocrx_word' id='word_1_256' title='bbox 3737 2050 3773 2124; x_wconf 77' lang='grc' dir='ltr'>ἢ</span> 
     </span>
    </p>
   </div>
   <div class='ocr_carea' id='block_1_34' title="bbox 567 2125 2106 2215">
    <p class='ocr_par' dir='ltr' id='par_1_34' title="bbox 567 2125 2106 2202">
     <span class='ocr_line' id='line_1_34' title="bbox 567 2125 2106 2202; baseline -0.007 -12"><span class='ocrx_word' id='word_1_257' title='bbox 567 2134 729 2198; x_wconf 87' lang='lat' dir='ltr'><strong>tiunt,</strong></span> <span class='ocrx_word' id='word_1_258' title='bbox 758 2128 1109 2202; x_wconf 87' lang='lat' dir='ltr'><strong>cupiditatem</strong></span> <span class='ocrx_word' id='word_1_259' title='bbox 1140 2125 1404 2198; x_wconf 86' lang='lat' dir='ltr'><strong>percipiat</strong></span> <span class='ocrx_word' id='word_1_260' title='bbox 1431 2139 1494 2179; x_wconf 89' lang='lat' dir='ltr'><strong>ac</strong></span> <span class='ocrx_word' id='word_1_261' title='bbox 1518 2125 1795 2181; x_wconf 86' lang='lat' dir='ltr'><strong>libidinem</strong></span> <span class='ocrx_word' id='word_1_262' title='bbox 1838 2141 1932 2183; x_wconf 89' lang='lat' dir='ltr'><strong>seu</strong></span> <span class='ocrx_word' id='word_1_263' title='bbox 1971 2126 2106 2180; x_wconf 80' lang='lat' dir='ltr'><strong>volu-</strong></span> 
     </span>
    </p>
   </div>
   <div class='ocr_carea' id='block_1_35' title="bbox 2205 2125 3775 2215">
    <p class='ocr_par' dir='ltr' id='par_1_35' title="bbox 2218 2130 3775 2215">
     <span class='ocr_line' id='line_1_35' title="bbox 2218 2130 3775 2215; baseline 0.009 -31"><span class='ocrx_word' id='word_1_264' title='bbox 2218 2130 2287 2183; x_wconf 85' lang='grc' dir='ltr'><strong>τά</strong></span> <span class='ocrx_word' id='word_1_265' title='bbox 2313 2133 2690 2205; x_wconf 77' lang='grc' dir='ltr'>αἰσθανόμενα,</span> <span class='ocrx_word' id='word_1_266' title='bbox 2727 2136 2974 2208; x_wconf 81' lang='grc' dir='ltr'>φανερόν.</span> <span class='ocrx_word' id='word_1_267' title='bbox 3012 2136 3143 2189; x_wconf 89' lang='grc' dir='ltr'>Ποία</span> <span class='ocrx_word' id='word_1_268' title='bbox 3166 2137 3274 2209; x_wconf 86' lang='grc' dir='ltr'>γὰρ</span> <span class='ocrx_word' id='word_1_269' title='bbox 3305 2140 3554 2211; x_wconf 75' lang='grc' dir='ltr'>αἴσθησις</span> <span class='ocrx_word' id='word_1_270' title='bbox 3585 2143 3775 2215; x_wconf 74' lang='grc' dir='ltr'>ἡδονῆς</span> 
     </span>
    </p>
   </div>
   <div class='ocr_carea' id='block_1_36' title="bbox 564 2216 2122 2302">
    <p class='ocr_par' dir='ltr' id='par_1_36' title="bbox 564 2216 2122 2302">
     <span class='ocr_line' id='line_1_36' title="bbox 564 2216 2122 2302; baseline -0.006 -19"><span class='ocrx_word' id='word_1_271' title='bbox 564 2234 787 2302; x_wconf 89' lang='lat' dir='ltr'><strong>ptatem,</strong></span> <span class='ocrx_word' id='word_1_272' title='bbox 815 2219 1163 2278; x_wconf 81' lang='lat' dir='ltr'><strong>manifestum</strong></span> <span class='ocrx_word' id='word_1_273' title='bbox 1197 2225 1300 2274; x_wconf 89' lang='lat' dir='ltr'><strong>est.</strong></span> <span class='ocrx_word' id='word_1_274' title='bbox 1326 2217 1459 2284; x_wconf 85' lang='lat' dir='ltr'><strong>Quis</strong></span> <span class='ocrx_word' id='word_1_275' title='bbox 1485 2218 1629 2274; x_wconf 90' lang='lat' dir='ltr'><strong>enim</strong></span> <span class='ocrx_word' id='word_1_276' title='bbox 1652 2216 1807 2288; x_wconf 90' lang='lat' dir='ltr'><strong>stirpi</strong></span> <span class='ocrx_word' id='word_1_277' title='bbox 1828 2218 2122 2287; x_wconf 87' lang='lat' dir='ltr'><strong>voluptatis</strong></span> 
     </span>
    </p>
   </div>
   <div class='ocr_carea' id='block_1_37' title="bbox 564 2308 2118 2382">
    <p class='ocr_par' dir='ltr' id='par_1_37' title="bbox 564 2308 2118 2382">
     <span class='ocr_line' id='line_1_37' title="bbox 564 2308 2118 2382; baseline -0.006 -6"><span class='ocrx_word' id='word_1_278' title='bbox 564 2337 628 2376; x_wconf 90' lang='lat' dir='ltr'><strong>ac</strong></span> <span class='ocrx_word' id='word_1_279' title='bbox 650 2317 882 2375; x_wconf 67' lang='lat' dir='ltr'><strong>tristitiae</strong></span> <span class='ocrx_word' id='word_1_280' title='bbox 908 2313 1220 2382; x_wconf 87' lang='lat' dir='ltr'><strong>dolorisque</strong></span> <span class='ocrx_word' id='word_1_281' title='bbox 1247 2311 1480 2366; x_wconf 82' lang='lat' dir='ltr'><strong>sensus?</strong></span> <span class='ocrx_word' id='word_1_282' title='bbox 1505 2308 1762 2377; x_wconf 87' lang='lat' dir='ltr'><strong>Quisnam</strong></span> <span class='ocrx_word' id='word_1_283' title='bbox 1786 2326 1914 2366; x_wconf 78' lang='lat' dir='ltr'><strong>vero</strong></span> <span class='ocrx_word' id='word_1_284' title='bbox 1940 2319 2118 2376; x_wconf 85' lang='lat' dir='ltr'><strong>terrae,</strong></span> 
     </span>
    </p>
   </div>
   <div class='ocr_carea' id='block_1_38' title="bbox 548 2400 2125 2477">
    <p class='ocr_par' dir='ltr' id='par_1_38' title="bbox 548 2400 2125 2477">
     <span class='ocr_line' id='line_1_38' title="bbox 548 2400 2125 2477; baseline 0.001 -16"><span class='ocrx_word' id='word_1_285' title='bbox 548 2400 718 2475; x_wconf 71' lang='lat' dir='ltr'><strong>aqua:</strong></span> <span class='ocrx_word' id='word_1_286' title='bbox 743 2413 837 2459; x_wconf 92' lang='lat' dir='ltr'><strong>aut</strong></span> <span class='ocrx_word' id='word_1_287' title='bbox 862 2404 1011 2460; x_wconf 79' lang='lat' dir='ltr'><strong>aeri?</strong></span> <span class='ocrx_word' id='word_1_288' title='bbox 1032 2405 1315 2461; x_wconf 68' lang='lat' dir='ltr'><strong>Daemones</strong></span> <span class='ocrx_word' id='word_1_289' title='bbox 1345 2420 1494 2471; x_wconf 88' lang='lat' dir='ltr'><strong>vero,</strong></span> <span class='ocrx_word' id='word_1_290' title='bbox 1537 2406 1583 2461; x_wconf 91' lang='lat' dir='ltr'><strong>si</strong></span> <span class='ocrx_word' id='word_1_291' title='bbox 1612 2407 1830 2477; x_wconf 89' lang='lat' dir='ltr'><strong>quidem</strong></span> <span class='ocrx_word' id='word_1_292' title='bbox 1854 2417 1980 2462; x_wconf 91' lang='lat' dir='ltr'><strong>sunt</strong></span> <span class='ocrx_word' id='word_1_293' title='bbox 2007 2407 2125 2463; x_wconf 85' lang='lat' dir='ltr'><strong>ani-</strong></span> 
     </span>
    </p>
   </div>
   <div class='ocr_carea' id='block_1_39' title="bbox 562 2496 2124 2567">
    <p class='ocr_par' dir='ltr' id='par_1_39' title="bbox 562 2496 2124 2567">
     <span class='ocr_line' id='line_1_39' title="bbox 562 2496 2124 2567; baseline 0.001 -14"><span class='ocrx_word' id='word_1_294' title='bbox 562 2497 726 2553; x_wconf 85' lang='lat' dir='ltr'><strong>malia</strong></span> <span class='ocrx_word' id='word_1_295' title='bbox 767 2510 931 2552; x_wconf 89' lang='lat' dir='ltr'><strong>sensu</strong></span> <span class='ocrx_word' id='word_1_296' title='bbox 972 2498 1192 2567; x_wconf 72' lang='lat' dir='ltr'><strong>praedita</strong></span> <span class='ocrx_word' id='word_1_297' title='bbox 1214 2537 1229 2561; x_wconf 92' lang='lat'><strong>,</strong></span> <span class='ocrx_word' id='word_1_298' title='bbox 1259 2512 1376 2551; x_wconf 88' lang='lat' dir='ltr'><strong>eam</strong></span> <span class='ocrx_word' id='word_1_299' title='bbox 1416 2496 1554 2552; x_wconf 84' lang='lat' dir='ltr'><strong>forte</strong></span> <span class='ocrx_word' id='word_1_300' title='bbox 1586 2498 1656 2553; x_wconf 90' lang='lat' dir='ltr'><strong>ob</strong></span> <span class='ocrx_word' id='word_1_301' title='bbox 1680 2512 1792 2553; x_wconf 91' lang='lat' dir='ltr'><strong>rem</strong></span> <span class='ocrx_word' id='word_1_302' title='bbox 1817 2497 2124 2554; x_wconf 85' lang='lat' dir='ltr'><strong>constitutis</strong></span> 
     </span>
    </p>
   </div>
   <div class='ocr_carea' id='block_1_40' title="bbox 561 2585 2125 2660">
    <p class='ocr_par' dir='ltr' id='par_1_40' title="bbox 561 2585 2125 2660">
     <span class='ocr_line' id='line_1_40' title="bbox 561 2585 2125 2660; baseline 0.001 -18"><span class='ocrx_word' id='word_1_303' title='bbox 561 2585 846 2643; x_wconf 78' lang='lat' dir='ltr'><strong>sacriﬁciis</strong></span> <span class='ocrx_word' id='word_1_304' title='bbox 890 2602 956 2642; x_wconf 90' lang='lat' dir='ltr'><strong>ac</strong></span> <span class='ocrx_word' id='word_1_305' title='bbox 1004 2587 1258 2659; x_wconf 82' lang='lat' dir='ltr'><strong>legitimis</strong></span> <span class='ocrx_word' id='word_1_306' title='bbox 1298 2587 1651 2655; x_wconf 84' lang='lat' dir='ltr'><strong>delectantur,</strong></span> <span class='ocrx_word' id='word_1_307' title='bbox 1679 2605 1924 2660; x_wconf 65' lang='lat' dir='ltr'><strong>aegreque</strong></span> <span class='ocrx_word' id='word_1_308' title='bbox 1945 2588 2125 2645; x_wconf 82' lang='lat' dir='ltr'><strong>ferunt</strong></span> 
     </span>
    </p>
   </div>
   <div class='ocr_carea' id='block_1_41' title="bbox 560 2676 2126 2748">
    <p class='ocr_par' dir='ltr' id='par_1_41' title="bbox 560 2676 2126 2748">
     <span class='ocr_line' id='line_1_41' title="bbox 560 2676 2126 2748; baseline 0.001 -18"><span class='ocrx_word' id='word_1_309' title='bbox 560 2691 685 2731; x_wconf 91' lang='lat' dir='ltr'><strong>cum</strong></span> <span class='ocrx_word' id='word_1_310' title='bbox 713 2676 803 2731; x_wconf 88' lang='lat' dir='ltr'><strong>illa</strong></span> <span class='ocrx_word' id='word_1_311' title='bbox 829 2676 1131 2732; x_wconf 77' lang='lat' dir='ltr'><strong>defuerint:</strong></span> <span class='ocrx_word' id='word_1_312' title='bbox 1159 2692 1280 2733; x_wconf 88' lang='lat' dir='ltr'><strong>cum</strong></span> <span class='ocrx_word' id='word_1_313' title='bbox 1311 2676 1446 2732; x_wconf 90' lang='lat' dir='ltr'><strong>nihil</strong></span> <span class='ocrx_word' id='word_1_314' title='bbox 1469 2677 1735 2747; x_wconf 91' lang='lat' dir='ltr'><strong>ejusmodi</strong></span> <span class='ocrx_word' id='word_1_315' title='bbox 1757 2680 1823 2734; x_wconf 90' lang='lat' dir='ltr'><strong>de</strong></span> <span class='ocrx_word' id='word_1_316' title='bbox 1846 2677 1956 2734; x_wconf 91' lang='lat' dir='ltr'><strong>Deo</strong></span> <span class='ocrx_word' id='word_1_317' title='bbox 1977 2679 2126 2748; x_wconf 83' lang='lat' dir='ltr'><strong>cogi—</strong></span> 
     </span>
    </p>
   </div>
   <div class='ocr_carea' id='block_1_42' title="bbox 561 2764 2125 2837">
    <p class='ocr_par' dir='ltr' id='par_1_42' title="bbox 561 2764 2125 2837">
     <span class='ocr_line' id='line_1_42' title="bbox 561 2764 2125 2837; baseline 0.002 -18"><span class='ocrx_word' id='word_1_318' title='bbox 561 2764 665 2819; x_wconf 87' lang='lat' dir='ltr'><strong>tari</strong></span> <span class='ocrx_word' id='word_1_319' title='bbox 692 2765 883 2836; x_wconf 87' lang='lat' dir='ltr'><strong>possit.</strong></span> <span class='ocrx_word' id='word_1_320' title='bbox 906 2764 1072 2836; x_wconf 82' lang='lat' dir='ltr'><strong>Igitur</strong></span> <span class='ocrx_word' id='word_1_321' title='bbox 1094 2767 1186 2837; x_wconf 92' lang='lat' dir='ltr'><strong>qui</strong></span> <span class='ocrx_word' id='word_1_322' title='bbox 1207 2767 1392 2822; x_wconf 89' lang='lat' dir='ltr'><strong>dicunt</strong></span> <span class='ocrx_word' id='word_1_323' title='bbox 1417 2783 1430 2819; x_wconf 90' lang='lat'>:</span> <span class='ocrx_word' id='word_1_324' title='bbox 1455 2766 1718 2833; x_wconf 82' lang='lat' dir='ltr'><strong>Quidnam</strong></span> <span class='ocrx_word' id='word_1_325' title='bbox 1744 2786 1917 2824; x_wconf 77' lang='lat' dir='ltr'><strong>causw</strong></span> <span class='ocrx_word' id='word_1_326' title='bbox 1936 2778 2010 2825; x_wconf 85' lang='lat' dir='ltr'><strong>est</strong></span> <span class='ocrx_word' id='word_1_327' title='bbox 2033 2785 2125 2822; x_wconf 85' lang='lat' dir='ltr'><strong>cur</strong></span> 
     </span>
    </p>
   </div>
   <div class='ocr_carea' id='block_1_43' title="bbox 563 2854 2120 2930">
    <p class='ocr_par' dir='ltr' id='par_1_43' title="bbox 563 2854 2120 2930">
     <span class='ocr_line' id='line_1_43' title="bbox 563 2854 2120 2930; baseline -0.006 -10"><span class='ocrx_word' id='word_1_328' title='bbox 563 2863 820 2920; x_wconf 82' lang='lat' dir='ltr'><strong>animalia</strong></span> <span class='ocrx_word' id='word_1_329' title='bbox 860 2860 1122 2930; x_wconf 81' lang='lat' dir='ltr'><strong>voluptate</strong></span> <span class='ocrx_word' id='word_1_330' title='bbox 1167 2855 1461 2926; x_wconf 71' lang='lat' dir='ltr'><strong>aﬂiciantur</strong></span> <span class='ocrx_word' id='word_1_331' title='bbox 1503 2871 1565 2909; x_wconf 86' lang='lat' dir='ltr'><strong>ac</strong></span> <span class='ocrx_word' id='word_1_332' title='bbox 1599 2854 1919 2922; x_wconf 81' lang='lat' dir='ltr'><strong>cupiditate?</strong></span> <span class='ocrx_word' id='word_1_333' title='bbox 1966 2857 2120 2926; x_wconf 85' lang='lat' dir='ltr'><strong>prius</strong></span> 
     </span>
    </p>
   </div>
   <div class='ocr_carea' id='block_1_44' title="bbox 559 2950 2120 3030">
    <p class='ocr_par' dir='ltr' id='par_1_44' title="bbox 559 2950 2120 3030">
     <span class='ocr_line' id='line_1_44' title="bbox 559 2950 2120 3030; baseline -0.009 -13"><span class='ocrx_word' id='word_1_334' title='bbox 559 2961 686 3018; x_wconf 84' lang='lat' dir='ltr'><strong>inde</strong></span> <span class='ocrx_word' id='word_1_335' title='bbox 706 2958 980 3030; x_wconf 86' lang='lat' dir='ltr'><strong>querelam</strong></span> <span class='ocrx_word' id='word_1_336' title='bbox 1014 2960 1295 3017; x_wconf 83' lang='lat' dir='ltr'><strong>moveant,</strong></span> <span class='ocrx_word' id='word_1_337' title='bbox 1326 2950 1433 3007; x_wconf 89' lang='lat' dir='ltr'><strong>Cur</strong></span> <span class='ocrx_word' id='word_1_338' title='bbox 1463 2951 1570 3005; x_wconf 72' lang='lat' dir='ltr'><strong>lucc</strong></span> <span class='ocrx_word' id='word_1_339' title='bbox 1595 2951 1699 3005; x_wconf 79' lang='lat' dir='ltr'><strong>sint</strong></span> <span class='ocrx_word' id='word_1_340' title='bbox 1730 2967 1884 3005; x_wconf 80' lang='lat' dir='ltr'><strong>sensu</strong></span> <span class='ocrx_word' id='word_1_341' title='bbox 1923 2951 2120 3019; x_wconf 65' lang='lat' dir='ltr'><strong>pracdi-</strong></span> 
     </span>
    </p>
   </div>
   <div class='ocr_carea' id='block_1_45' title="bbox 560 3040 2121 3120">
    <p class='ocr_par' dir='ltr' id='par_1_45' title="bbox 560 3040 2121 3120">
     <span class='ocr_line' id='line_1_45' title="bbox 560 3040 2121 3120; baseline -0.006 -14"><span class='ocrx_word' id='word_1_342' title='bbox 560 3061 638 3114; x_wconf 91' lang='lat' dir='ltr'><strong>ta,</strong></span> <span class='ocrx_word' id='word_1_343' title='bbox 671 3064 844 3120; x_wconf 74' lang='lat' dir='ltr'><strong>quazve</strong></span> <span class='ocrx_word' id='word_1_344' title='bbox 872 3061 1035 3100; x_wconf 80' lang='lat' dir='ltr'><strong>causa</strong></span> <span class='ocrx_word' id='word_1_345' title='bbox 1070 3046 1138 3099; x_wconf 80' lang='lat' dir='ltr'><strong>sit</strong></span> <span class='ocrx_word' id='word_1_346' title='bbox 1160 3059 1252 3097; x_wconf 85' lang='lat' dir='ltr'><strong>cur</strong></span> <span class='ocrx_word' id='word_1_347' title='bbox 1269 3041 1380 3096; x_wconf 88' lang='lat' dir='ltr'><strong>cibo</strong></span> <span class='ocrx_word' id='word_1_348' title='bbox 1396 3040 1704 3111; x_wconf 85' lang='lat' dir='ltr'><strong>indigeant?</strong></span> <span class='ocrx_word' id='word_1_349' title='bbox 1736 3040 1809 3094; x_wconf 87' lang='lat' dir='ltr'><strong>Ea</strong></span> <span class='ocrx_word' id='word_1_350' title='bbox 1840 3057 1971 3097; x_wconf 88' lang='lat' dir='ltr'><strong>sane</strong></span> <span class='ocrx_word' id='word_1_351' title='bbox 2002 3044 2121 3097; x_wconf 85' lang='lat' dir='ltr'><strong>ani-</strong></span> 
     </span>
    </p>
   </div>
   <div class='ocr_carea' id='block_1_46' title="bbox 2220 2223 3773 2301">
    <p class='ocr_par' dir='ltr' id='par_1_46' title="bbox 2220 2223 3773 2301">
     <span class='ocr_line' id='line_1_46' title="bbox 2220 2223 3773 2301; baseline 0.007 -25"><span class='ocrx_word' id='word_1_352' title='bbox 2220 2224 2311 2277; x_wconf 75' lang='grc' dir='ltr'>καὶ</span> <span class='ocrx_word' id='word_1_353' title='bbox 2342 2223 2514 2296; x_wconf 81' lang='grc' dir='ltr'>λύπης</span> <span class='ocrx_word' id='word_1_354' title='bbox 2546 2224 2697 2296; x_wconf 84' lang='grc' dir='ltr'>φυτῷ</span> <span class='ocrx_word' id='word_1_355' title='bbox 2723 2242 2737 2291; x_wconf 89' lang='lat'><strong>;</strong></span> <span class='ocrx_word' id='word_1_356' title='bbox 2771 2226 2899 2279; x_wconf 87' lang='grc' dir='ltr'>ποία</span> <span class='ocrx_word' id='word_1_357' title='bbox 2927 2227 2983 2279; x_wconf 85' lang='grc' dir='ltr'>δὲ</span> <span class='ocrx_word' id='word_1_358' title='bbox 3011 2230 3101 2299; x_wconf 79' lang='grc' dir='ltr'>γῇ,</span> <span class='ocrx_word' id='word_1_359' title='bbox 3134 2227 3284 2281; x_wconf 71' lang='grc' dir='ltr'>ὕδατι</span> <span class='ocrx_word' id='word_1_360' title='bbox 3314 2229 3346 2299; x_wconf 78' lang='grc' dir='ltr'><strong>ἢ</strong></span> <span class='ocrx_word' id='word_1_361' title='bbox 3382 2229 3534 2301; x_wconf 87' lang='grc' dir='ltr'>ἀέρι;</span> <span class='ocrx_word' id='word_1_362' title='bbox 3569 2234 3628 2286; x_wconf 82' lang='grc' dir='ltr'>Οἰ</span> <span class='ocrx_word' id='word_1_363' title='bbox 3654 2233 3773 2287; x_wconf 86' lang='grc' dir='ltr'>δαί-</span> 
     </span>
    </p>
   </div>
   <div class='ocr_carea' id='block_1_47' title="bbox 2218 2312 3771 2387">
    <p class='ocr_par' dir='ltr' id='par_1_47' title="bbox 2218 2312 3771 2387">
     <span class='ocr_line' id='line_1_47' title="bbox 2218 2312 3771 2387; baseline 0.006 -22"><span class='ocrx_word' id='word_1_364' title='bbox 2218 2312 2378 2384; x_wconf 81' lang='grc' dir='ltr'>μονές</span> <span class='ocrx_word' id='word_1_365' title='bbox 2410 2331 2490 2374; x_wconf 86' lang='grc' dir='ltr'><strong>τε,</strong></span> <span class='ocrx_word' id='word_1_366' title='bbox 2536 2313 2693 2387; x_wconf 71' lang='grc' dir='ltr'>εἰπερ</span> <span class='ocrx_word' id='word_1_367' title='bbox 2746 2316 2881 2368; x_wconf 86' lang='grc' dir='ltr'>εἰσιν</span> <span class='ocrx_word' id='word_1_368' title='bbox 2926 2315 3156 2386; x_wconf 84' lang='grc' dir='ltr'>αἰσθητά</span> <span class='ocrx_word' id='word_1_369' title='bbox 3189 2315 3263 2387; x_wconf 82' lang='grc'><strong>(5)</strong></span> <span class='ocrx_word' id='word_1_370' title='bbox 3309 2315 3443 2382; x_wconf 78' lang='grc' dir='ltr'>ζῶα,</span> <span class='ocrx_word' id='word_1_371' title='bbox 3483 2319 3567 2372; x_wconf 87' lang='grc' dir='ltr'><strong>διά</strong></span> <span class='ocrx_word' id='word_1_372' title='bbox 3613 2320 3771 2374; x_wconf 85' lang='grc' dir='ltr'>τοῦτο</span> 
     </span>
    </p>
   </div>
   <div class='ocr_carea' id='block_1_48' title="bbox 2220 2405 3769 2483">
    <p class='ocr_par' dir='ltr' id='par_1_48' title="bbox 2220 2405 3769 2483">
     <span class='ocr_line' id='line_1_48' title="bbox 2220 2405 3769 2483; baseline 0.005 -25"><span class='ocrx_word' id='word_1_373' title='bbox 2220 2405 2352 2467; x_wconf 80' lang='grc' dir='ltr'>ἴσως</span> <span class='ocrx_word' id='word_1_374' title='bbox 2400 2406 2512 2468; x_wconf 81' lang='grc' dir='ltr'>τοῖς</span> <span class='ocrx_word' id='word_1_375' title='bbox 2559 2406 2960 2476; x_wconf 79' lang='grc' dir='ltr'>νενομισμένοις</span> <span class='ocrx_word' id='word_1_376' title='bbox 3009 2408 3136 2479; x_wconf 78' lang='grc' dir='ltr'>περὶ</span> <span class='ocrx_word' id='word_1_377' title='bbox 3174 2407 3272 2472; x_wconf 84' lang='grc' dir='ltr'>τὰς</span> <span class='ocrx_word' id='word_1_378' title='bbox 3315 2409 3497 2474; x_wconf 86' lang='grc' dir='ltr'>θυσίας</span> <span class='ocrx_word' id='word_1_379' title='bbox 3533 2412 3769 2483; x_wconf 77' lang='grc' dir='ltr'>ἥδονται,</span> 
     </span>
    </p>
   </div>
   <div class='ocr_carea' id='block_1_49' title="bbox 2220 2494 3767 2569">
    <p class='ocr_par' dir='ltr' id='par_1_49' title="bbox 2220 2494 3767 2569">
     <span class='ocr_line' id='line_1_49' title="bbox 2220 2494 3767 2569; baseline 0.007 -23"><span class='ocrx_word' id='word_1_380' title='bbox 2220 2495 2313 2546; x_wconf 71' lang='grc' dir='ltr'>καὶ</span> <span class='ocrx_word' id='word_1_381' title='bbox 2357 2494 2796 2565; x_wconf 84' lang='grc' dir='ltr'>ἀπολειπομένων</span> <span class='ocrx_word' id='word_1_382' title='bbox 2840 2495 3221 2569; x_wconf 69' lang='grc' dir='ltr'>δυσφοροῦσιν·</span> <span class='ocrx_word' id='word_1_383' title='bbox 3275 2501 3485 2565; x_wconf 75' lang='grc' dir='ltr'>οὐδενὸς</span> <span class='ocrx_word' id='word_1_384' title='bbox 3529 2502 3767 2557; x_wconf 83' lang='grc' dir='ltr'>τοιούτου</span> 
     </span>
    </p>
   </div>
   <div class='ocr_carea' id='block_1_50' title="bbox 2219 2585 3765 2663">
    <p class='ocr_par' dir='ltr' id='par_1_50' title="bbox 2219 2585 3765 2663">
     <span class='ocr_line' id='line_1_50' title="bbox 2219 2585 3765 2663; baseline 0.005 -25"><span class='ocrx_word' id='word_1_385' title='bbox 2219 2586 2345 2656; x_wconf 79' lang='grc' dir='ltr'><strong>περί⁹</strong></span> <span class='ocrx_word' id='word_1_386' title='bbox 2384 2585 2516 2639; x_wconf 79' lang='grc' dir='ltr'>Θεοῦ</span> <span class='ocrx_word' id='word_1_387' title='bbox 2563 2586 2887 2640; x_wconf 75' lang='grc' dir='ltr'>ἐπινοεῖσθαι</span> <span class='ocrx_word' id='word_1_388' title='bbox 2919 2588 3236 2660; x_wconf 87' lang='grc' dir='ltr'>δυναμένου.</span> <span class='ocrx_word' id='word_1_389' title='bbox 3284 2594 3347 2644; x_wconf 74' lang='lat' dir='ltr'><strong>Oi</strong></span> <span class='ocrx_word' id='word_1_390' title='bbox 3400 2592 3463 2663; x_wconf 83' lang='grc' dir='ltr'>δὴ</span> <span class='ocrx_word' id='word_1_391' title='bbox 3502 2591 3765 2661; x_wconf 80' lang='grc' dir='ltr'>λέγοντες·</span> 
     </span>
    </p>
   </div>
   <div class='ocr_carea' id='block_1_51' title="bbox 2218 2675 3769 2749">
    <p class='ocr_par' dir='ltr' id='par_1_51' title="bbox 2218 2675 3769 2749">
     <span class='ocr_line' id='line_1_51' title="bbox 2218 2675 3769 2749; baseline 0.005 -20"><span class='ocrx_word' id='word_1_392' title='bbox 2218 2676 2320 2731; x_wconf 85' lang='grc' dir='ltr'><strong>Διὰ</strong></span> <span class='ocrx_word' id='word_1_393' title='bbox 2354 2679 2408 2730; x_wconf 89' lang='grc' dir='ltr'><strong>τί</strong></span> <span class='ocrx_word' id='word_1_394' title='bbox 2454 2675 2658 2745; x_wconf 78' lang='grc' dir='ltr'>ἣδεται</span> <span class='ocrx_word' id='word_1_395' title='bbox 2688 2678 2785 2731; x_wconf 81' lang='grc' dir='ltr'>καὶ</span> <span class='ocrx_word' id='word_1_396' title='bbox 2825 2678 3101 2749; x_wconf 80' lang='grc' dir='ltr'>ἐπιθυμεῖ</span> <span class='ocrx_word' id='word_1_397' title='bbox 3132 2680 3202 2733; x_wconf 83' lang='grc' dir='ltr'>τὰ</span> <span class='ocrx_word' id='word_1_398' title='bbox 3235 2681 3375 2744; x_wconf 64' lang='lat' dir='ltr'><strong>(Eia;</strong></span> <span class='ocrx_word' id='word_1_399' title='bbox 3406 2682 3769 2737; x_wconf 88' lang='grc' dir='ltr'>αἰτιάσθωσαν</span> 
     </span>
    </p>
   </div>
   <div class='ocr_carea' id='block_1_52' title="bbox 2218 2770 3771 2843">
    <p class='ocr_par' dir='ltr' id='par_1_52' title="bbox 2218 2770 3771 2843">
     <span class='ocr_line' id='line_1_52' title="bbox 2218 2770 3771 2843; baseline 0.004 -20"><span class='ocrx_word' id='word_1_400' title='bbox 2218 2773 2498 2843; x_wconf 83' lang='grc' dir='ltr'>πρότερον·</span> <span class='ocrx_word' id='word_1_401' title='bbox 2533 2770 2636 2825; x_wconf 79' lang='grc' dir='ltr'>Διά</span> <span class='ocrx_word' id='word_1_402' title='bbox 2661 2770 2718 2825; x_wconf 83' lang='grc' dir='ltr'>τί</span> <span class='ocrx_word' id='word_1_403' title='bbox 2742 2773 2912 2826; x_wconf 81' lang='grc' dir='ltr'>ἐστιν</span> <span class='ocrx_word' id='word_1_404' title='bbox 2937 2770 3248 2841; x_wconf 73' lang='grc' dir='ltr'>αἰσθητικά</span> <span class='ocrx_word' id='word_1_405' title='bbox 3274 2775 3459 2828; x_wconf 80' lang='grc' dir='ltr'>ταῦτα</span> <span class='ocrx_word' id='word_1_406' title='bbox 3474 2791 3493 2838; x_wconf 87' lang='grc'><em>;</em></span> <span class='ocrx_word' id='word_1_407' title='bbox 3520 2776 3559 2843; x_wconf 75' lang='grc' dir='ltr'><em>ἢ</em></span> <span class='ocrx_word' id='word_1_408' title='bbox 3589 2774 3690 2829; x_wconf 83' lang='grc' dir='ltr'>διὰ</span> <span class='ocrx_word' id='word_1_409' title='bbox 3714 2777 3771 2829; x_wconf 85' lang='grc' dir='ltr'>τι</span> 
     </span>
    </p>
   </div>
   <div class='ocr_carea' id='block_1_53' title="bbox 2218 2860 3770 2937">
    <p class='ocr_par' dir='ltr' id='par_1_53' title="bbox 2218 2860 3770 2937">
     <span class='ocr_line' id='line_1_53' title="bbox 2218 2860 3770 2937; baseline 0.003 -21"><span class='ocrx_word' id='word_1_410' title='bbox 2218 2863 2442 2934; x_wconf 72' lang='grc' dir='ltr'>τροφῆς</span> <span class='ocrx_word' id='word_1_411' title='bbox 2470 2864 2682 2929; x_wconf 82' lang='grc' dir='ltr'>δεῖται;</span> <span class='ocrx_word' id='word_1_412' title='bbox 2720 2866 2816 2918; x_wconf 84' lang='grc' dir='ltr'>Ἂν</span> <span class='ocrx_word' id='word_1_413' title='bbox 2850 2866 2945 2935; x_wconf 85' lang='grc' dir='ltr'>μὲν</span> <span class='ocrx_word' id='word_1_414' title='bbox 2983 2865 3089 2937; x_wconf 82' lang='grc' dir='ltr'><strong>γὰρ</strong></span> <span class='ocrx_word' id='word_1_415' title='bbox 3127 2860 3194 2936; x_wconf 85' lang='grc' dir='ltr'>ἦν</span> <span class='ocrx_word' id='word_1_416' title='bbox 3240 2864 3476 2919; x_wconf 88' lang='grc' dir='ltr'>ἀθάνατα</span> <span class='ocrx_word' id='word_1_417' title='bbox 3507 2864 3643 2931; x_wconf 77' lang='grc' dir='ltr'>ζῶα,</span> <span class='ocrx_word' id='word_1_418' title='bbox 3673 2865 3770 2921; x_wconf 70' lang='grc' dir='ltr'>καὶ</span> 
     </span>
    </p>
   </div>
   <div class='ocr_carea' id='block_1_54' title="bbox 2220 2950 3767 3030">
    <p class='ocr_par' dir='ltr' id='par_1_54' title="bbox 2220 2950 3767 3030">
     <span class='ocr_line' id='line_1_54' title="bbox 2220 2950 3767 3030; baseline 0.003 -23"><span class='ocrx_word' id='word_1_419' title='bbox 2220 2954 2420 3026; x_wconf 80' lang='grc' dir='ltr'>φθορᾶς</span> <span class='ocrx_word' id='word_1_420' title='bbox 2444 2957 2536 3009; x_wconf 73' lang='grc' dir='ltr'>καὶ</span> <span class='ocrx_word' id='word_1_421' title='bbox 2559 2955 2727 3027; x_wconf 73' lang='grc' dir='ltr'>αὔξης</span> <span class='ocrx_word' id='word_1_422' title='bbox 2760 2956 3119 3026; x_wconf 78' lang='grc' dir='ltr'>ἀπήλλακται,</span> <span class='ocrx_word' id='word_1_423' title='bbox 3142 2950 3250 3009; x_wconf 77' lang='grc' dir='ltr'>οἷον</span> <span class='ocrx_word' id='word_1_424' title='bbox 3278 2955 3425 3025; x_wconf 77' lang='grc' dir='ltr'>ἥλιος</span> <span class='ocrx_word' id='word_1_425' title='bbox 3448 2956 3542 3009; x_wconf 77' lang='grc' dir='ltr'>καὶ</span> <span class='ocrx_word' id='word_1_426' title='bbox 3572 2956 3767 3030; x_wconf 70' lang='grc' dir='ltr'>σελήνη</span> 
     </span>
    </p>
   </div>
   <div class='ocr_carea' id='block_1_55' title="bbox 2221 3044 3767 3118">
    <p class='ocr_par' dir='ltr' id='par_1_55' title="bbox 2221 3044 3767 3118">
     <span class='ocr_line' id='line_1_55' title="bbox 2221 3044 3767 3118; baseline 0.003 -20"><span class='ocrx_word' id='word_1_427' title='bbox 2221 3044 2311 3098; x_wconf 78' lang='grc' dir='ltr'>καὶ</span> <span class='ocrx_word' id='word_1_428' title='bbox 2336 3046 2581 3118; x_wconf 83' lang='grc' dir='ltr'>ἀστέρες,</span> <span class='ocrx_word' id='word_1_429' title='bbox 2609 3044 2783 3100; x_wconf 85' lang='grc' dir='ltr'>καίτοι</span> <span class='ocrx_word' id='word_1_430' title='bbox 2806 3045 2935 3100; x_wconf 77' lang='grc' dir='ltr'>ὅντα</span> <span class='ocrx_word' id='word_1_431' title='bbox 2966 3046 3273 3117; x_wconf 75' lang='grc' dir='ltr'>αἰσθητικά·</span> <span class='ocrx_word' id='word_1_432' title='bbox 3305 3046 3460 3111; x_wconf 81' lang='grc' dir='ltr'>ὲκτδς</span> <span class='ocrx_word' id='word_1_433' title='bbox 3487 3047 3543 3101; x_wconf 85' lang='grc' dir='ltr'>δὲ</span> <span class='ocrx_word' id='word_1_434' title='bbox 3565 3049 3767 3102; x_wconf 89' lang='grc' dir='ltr'>τούτων</span> 
     </span>
    </p>
   </div>
   <div class='ocr_carea' id='block_1_56' title="bbox 557 3129 2106 3211">
    <p class='ocr_par' dir='ltr' id='par_1_56' title="bbox 557 3133 2106 3211">
     <span class='ocr_line' id='line_1_56' title="bbox 557 3133 2106 3211; baseline -0.007 -13"><span class='ocrx_word' id='word_1_435' title='bbox 557 3142 720 3198; x_wconf 89' lang='lat' dir='ltr'><strong>malia</strong></span> <span class='ocrx_word' id='word_1_436' title='bbox 746 3153 866 3211; x_wconf 71' lang='lat' dir='ltr'><strong>quae</strong></span> <span class='ocrx_word' id='word_1_437' title='bbox 889 3137 1213 3193; x_wconf 81' lang='lat' dir='ltr'><strong>immortalia</strong></span> <span class='ocrx_word' id='word_1_438' title='bbox 1237 3141 1411 3198; x_wconf 86' lang='lat' dir='ltr'><strong>erant,</strong></span> <span class='ocrx_word' id='word_1_439' title='bbox 1437 3148 1468 3187; x_wconf 88' lang='lat' dir='ltr'><strong>a</strong></span> <span class='ocrx_word' id='word_1_440' title='bbox 1495 3133 1862 3203; x_wconf 87' lang='lat' dir='ltr'><strong>corruptionis</strong></span> <span class='ocrx_word' id='word_1_441' title='bbox 1890 3134 2106 3189; x_wconf 91' lang='lat' dir='ltr'><strong>interitu</strong></span> 
     </span>
    </p>
   </div>
   <div class='ocr_carea' id='block_1_57' title="bbox 2205 3129 3764 3211">
    <p class='ocr_par' dir='ltr' id='par_1_57' title="bbox 2216 3136 3764 3211">
     <span class='ocr_line' id='line_1_57' title="bbox 2216 3136 3764 3211; baseline 0.002 -20"><span class='ocrx_word' id='word_1_442' title='bbox 2216 3136 2331 3191; x_wconf 75' lang='grc' dir='ltr'>ἐστὶ</span> <span class='ocrx_word' id='word_1_443' title='bbox 2374 3138 2467 3190; x_wconf 79' lang='grc' dir='ltr'>καὶ</span> <span class='ocrx_word' id='word_1_444' title='bbox 2513 3137 2611 3207; x_wconf 82' lang='grc' dir='ltr'>τῆς</span> <span class='ocrx_word' id='word_1_445' title='bbox 2639 3137 2893 3209; x_wconf 84' lang='grc' dir='ltr'>τοιαύτης</span> <span class='ocrx_word' id='word_1_446' title='bbox 2923 3139 3226 3201; x_wconf 84' lang='grc' dir='ltr'>αἰτιάσεως.</span> <span class='ocrx_word' id='word_1_447' title='bbox 3277 3138 3333 3191; x_wconf 92' lang='lat'><strong>&#39;0</strong></span> <span class='ocrx_word' id='word_1_448' title='bbox 3366 3139 3422 3192; x_wconf 80' lang='grc' dir='ltr'>δὲ</span> <span class='ocrx_word' id='word_1_449' title='bbox 3463 3139 3764 3211; x_wconf 84' lang='grc' dir='ltr'>ἄνθρωπος,</span> 
     </span>
    </p>
   </div>
   <div class='ocr_carea' id='block_1_58' title="bbox 555 3224 2106 3305">
    <p class='ocr_par' dir='ltr' id='par_1_58' title="bbox 555 3224 2106 3305">
     <span class='ocr_line' id='line_1_58' title="bbox 555 3224 2106 3305; baseline -0.006 -15"><span class='ocrx_word' id='word_1_450' title='bbox 555 3240 952 3305; x_wconf 85' lang='lat' dir='ltr'><strong>augmentoqne</strong></span> <span class='ocrx_word' id='word_1_451' title='bbox 991 3228 1142 3285; x_wconf 84' lang='lat' dir='ltr'><strong>fuere</strong></span> <span class='ocrx_word' id='word_1_452' title='bbox 1184 3228 1428 3293; x_wconf 87' lang='lat' dir='ltr'><strong>liberata,</strong></span> <span class='ocrx_word' id='word_1_453' title='bbox 1454 3224 1758 3298; x_wconf 87' lang='lat' dir='ltr'><strong>cujusmodi</strong></span> <span class='ocrx_word' id='word_1_454' title='bbox 1787 3232 1914 3281; x_wconf 88' lang='lat' dir='ltr'><strong>sunt</strong></span> <span class='ocrx_word' id='word_1_455' title='bbox 1942 3226 2026 3282; x_wconf 92' lang='lat' dir='ltr'><strong>sol</strong></span> <span class='ocrx_word' id='word_1_456' title='bbox 2057 3233 2106 3282; x_wconf 89' lang='lat' dir='ltr'><strong>et</strong></span> 
     </span>
    </p>
   </div>
   <div class='ocr_carea' id='block_1_59' title="bbox 2205 3224 3764 3305">
    <p class='ocr_par' dir='ltr' id='par_1_59' title="bbox 2215 3228 3764 3301">
     <span class='ocr_line' id='line_1_59' title="bbox 2215 3228 3764 3301; baseline 0.001 -18"><span class='ocrx_word' id='word_1_457' title='bbox 2215 3230 2308 3283; x_wconf 78' lang='grc' dir='ltr'><strong>καὶ</strong></span> <span class='ocrx_word' id='word_1_458' title='bbox 2348 3228 2624 3283; x_wconf 87' lang='grc' dir='ltr'>αἰσθέσθαι</span> <span class='ocrx_word' id='word_1_459' title='bbox 2669 3230 2764 3283; x_wconf 78' lang='grc' dir='ltr'>καὶ</span> <span class='ocrx_word' id='word_1_460' title='bbox 2808 3229 3011 3299; x_wconf 81' lang='grc' dir='ltr'>κρίνειν</span> <span class='ocrx_word' id='word_1_461' title='bbox 3039 3229 3351 3301; x_wconf 88' lang='grc' dir='ltr'>δυνάμενος,</span> <span class='ocrx_word' id='word_1_462' title='bbox 3402 3231 3496 3287; x_wconf 83' lang='grc' dir='ltr'>καὶ</span> <span class='ocrx_word' id='word_1_463' title='bbox 3541 3231 3764 3299; x_wconf 82' lang='grc' dir='ltr'>δυνάμει</span> 
     </span>
    </p>
   </div>
   <div class='ocr_carea' id='block_1_60' title="bbox 552 3318 2106 3396">
    <p class='ocr_par' dir='ltr' id='par_1_60' title="bbox 552 3320 2106 3393">
     <span class='ocr_line' id='line_1_60' title="bbox 552 3320 2106 3393; baseline -0.006 -10"><span class='ocrx_word' id='word_1_464' title='bbox 552 3328 679 3384; x_wconf 87' lang='lat' dir='ltr'><strong>luna</strong></span> <span class='ocrx_word' id='word_1_465' title='bbox 706 3337 760 3381; x_wconf 90' lang='lat' dir='ltr'><strong>et</strong></span> <span class='ocrx_word' id='word_1_466' title='bbox 792 3324 1000 3387; x_wconf 77' lang='lat' dir='ltr'><strong>stellae,</strong></span> <span class='ocrx_word' id='word_1_467' title='bbox 1055 3337 1363 3393; x_wconf 81' lang='lat' dir='ltr'><strong>quanquam</strong></span> <span class='ocrx_word' id='word_1_468' title='bbox 1400 3331 1527 3376; x_wconf 91' lang='lat' dir='ltr'><strong>sunt</strong></span> <span class='ocrx_word' id='word_1_469' title='bbox 1570 3320 1686 3374; x_wconf 60' lang='lat' dir='ltr'><strong>haec</strong></span> <span class='ocrx_word' id='word_1_470' title='bbox 1731 3320 1893 3375; x_wconf 90' lang='lat' dir='ltr'><strong>etiam</strong></span> <span class='ocrx_word' id='word_1_471' title='bbox 1945 3334 2106 3374; x_wconf 91' lang='lat' dir='ltr'><strong>sensu</strong></span> 
     </span>
    </p>
   </div>
   <div class='ocr_carea' id='block_1_61' title="bbox 2205 3318 3761 3396">
    <p class='ocr_par' dir='ltr' id='par_1_61' title="bbox 2216 3318 3761 3396">
     <span class='ocr_line' id='line_1_61' title="bbox 2216 3318 3761 3396; baseline 0.002 -22"><span class='ocrx_word' id='word_1_472' title='bbox 2216 3318 2374 3391; x_wconf 83' lang='grc' dir='ltr'>σοφὸς</span> <span class='ocrx_word' id='word_1_473' title='bbox 2424 3320 2565 3392; x_wconf 74' lang='grc' dir='ltr'>(ἔχει</span> <span class='ocrx_word' id='word_1_474' title='bbox 2600 3322 2707 3393; x_wconf 82' lang='grc' dir='ltr'><strong>γὰρ</strong></span> <span class='ocrx_word' id='word_1_475' title='bbox 2737 3321 2960 3392; x_wconf 86' lang='grc' dir='ltr'>δύναμιν</span> <span class='ocrx_word' id='word_1_476' title='bbox 2991 3321 3227 3386; x_wconf 82' lang='grc' dir='ltr'>τοιοῦτος</span> <span class='ocrx_word' id='word_1_477' title='bbox 3258 3323 3761 3396; x_wconf 82' lang='grc' dir='ltr'>γενέσθαι),άπολα-</span> 
     </span>
    </p>
   </div>
   <div class='ocr_carea' id='block_1_62' title="bbox 550 3404 2106 3491">
    <p class='ocr_par' dir='ltr' id='par_1_62' title="bbox 550 3404 2106 3491">
     <span class='ocr_line' id='line_1_62' title="bbox 550 3404 2106 3491; baseline -0.006 -16"><span class='ocrx_word' id='word_1_478' title='bbox 550 3418 774 3491; x_wconf 70' lang='lat' dir='ltr'><strong>praedita</strong></span> <span class='ocrx_word' id='word_1_479' title='bbox 800 3436 813 3472; x_wconf 94' lang='lat'>:</span> <span class='ocrx_word' id='word_1_480' title='bbox 845 3404 999 3472; x_wconf 81' lang='lat' dir='ltr'><strong>extra</strong></span> <span class='ocrx_word' id='word_1_481' title='bbox 1026 3421 1209 3469; x_wconf 86' lang='lat' dir='ltr'><strong>tamen</strong></span> <span class='ocrx_word' id='word_1_482' title='bbox 1233 3414 1348 3469; x_wconf 71' lang='lat' dir='ltr'><strong>haec</strong></span> <span class='ocrx_word' id='word_1_483' title='bbox 1377 3419 1526 3478; x_wconf 88' lang='lat' dir='ltr'><strong>sunt,</strong></span> <span class='ocrx_word' id='word_1_484' title='bbox 1560 3412 1801 3483; x_wconf 89' lang='lat' dir='ltr'><strong>nihilque</strong></span> <span class='ocrx_word' id='word_1_485' title='bbox 1831 3410 1959 3466; x_wconf 89' lang='lat' dir='ltr'><strong>huic</strong></span> <span class='ocrx_word' id='word_1_486' title='bbox 2000 3411 2106 3466; x_wconf 89' lang='lat' dir='ltr'><strong>cri-</strong></span> 
     </span>
    </p>
   </div>
   <div class='ocr_carea' id='block_1_63' title="bbox 2205 3404 3027 3491">
    <p class='ocr_par' dir='ltr' id='par_1_63' title="bbox 2213 3411 3027 3484">
     <span class='ocr_line' id='line_1_63' title="bbox 2213 3411 3027 3484; baseline 0.004 -20"><span class='ocrx_word' id='word_1_487' title='bbox 2213 3412 2320 3466; x_wconf 78' lang='grc' dir='ltr'>δὼν</span> <span class='ocrx_word' id='word_1_488' title='bbox 2349 3412 2408 3465; x_wconf 86' lang='grc' dir='ltr'><strong>τὸ</strong></span> <span class='ocrx_word' id='word_1_489' title='bbox 2436 3411 2564 3466; x_wconf 70' lang='grc' dir='ltr'>ἴδιον</span> <span class='ocrx_word' id='word_1_490' title='bbox 2595 3412 2679 3484; x_wconf 77' lang='grc' dir='ltr'>δὴ,</span> <span class='ocrx_word' id='word_1_491' title='bbox 2709 3415 3027 3468; x_wconf 85' lang='grc' dir='ltr'>καταπατεῖ.</span> 
     </span>
    </p>
   </div>
   <div class='ocr_carea' id='block_1_64' title="bbox 549 3507 3762 3583">
    <p class='ocr_par' dir='ltr' id='par_1_64' title="bbox 549 3507 3762 3583">
     <span class='ocr_line' id='line_1_64' title="bbox 549 3507 3762 3583; baseline -0.002 -10"><span class='ocrx_word' id='word_1_492' title='bbox 549 3515 834 3573; x_wconf 84' lang='lat' dir='ltr'><strong>minationi</strong></span> <span class='ocrx_word' id='word_1_493' title='bbox 858 3511 1115 3569; x_wconf 76' lang='lat' dir='ltr'><strong>obnoxia.</strong></span> <span class='ocrx_word' id='word_1_494' title='bbox 1145 3507 1317 3567; x_wconf 83' lang='lat' dir='ltr'><strong>Homo</strong></span> <span class='ocrx_word' id='word_1_495' title='bbox 1354 3517 1553 3575; x_wconf 87' lang='lat' dir='ltr'><strong>autem,</strong></span> <span class='ocrx_word' id='word_1_496' title='bbox 1586 3523 1710 3564; x_wconf 91' lang='lat' dir='ltr'><strong>cum</strong></span> <span class='ocrx_word' id='word_1_497' title='bbox 1731 3515 1785 3563; x_wconf 89' lang='lat' dir='ltr'><strong>et</strong></span> <span class='ocrx_word' id='word_1_498' title='bbox 1824 3523 1989 3565; x_wconf 89' lang='lat' dir='ltr'><strong>sensu</strong></span> <span class='ocrx_word' id='word_1_499' title='bbox 2021 3508 2100 3562; x_wconf 88' lang='lat' dir='ltr'><strong>uti</strong></span> <span class='ocrx_word' id='word_1_500' title='bbox 2154 3508 2328 3562; x_wconf 89' lang='lat' dir='ltr'><strong>valeat</strong></span> <span class='ocrx_word' id='word_1_501' title='bbox 2354 3517 2408 3564; x_wconf 91' lang='lat' dir='ltr'><strong>et</strong></span> <span class='ocrx_word' id='word_1_502' title='bbox 2465 3508 2729 3578; x_wconf 85' lang='lat' dir='ltr'><strong>judicare,</strong></span> <span class='ocrx_word' id='word_1_503' title='bbox 2763 3508 2940 3579; x_wconf 82' lang='lat' dir='ltr'><strong>sitque</strong></span> <span class='ocrx_word' id='word_1_504' title='bbox 2972 3512 3207 3580; x_wconf 88' lang='lat' dir='ltr'><strong>potentia</strong></span> <span class='ocrx_word' id='word_1_505' title='bbox 3239 3511 3455 3582; x_wconf 85' lang='lat' dir='ltr'><strong>sapiens</strong></span> <span class='ocrx_word' id='word_1_506' title='bbox 3513 3509 3762 3583; x_wconf 81' lang='lat' dir='ltr'><strong>(potesta.</strong></span> 
     </span>
    </p>
   </div>
   <div class='ocr_carea' id='block_1_65' title="bbox 548 3602 2998 3679">
    <p class='ocr_par' dir='ltr' id='par_1_65' title="bbox 548 3602 2998 3679">
     <span class='ocr_line' id='line_1_65' title="bbox 548 3602 2998 3679; baseline -0.002 -12"><span class='ocrx_word' id='word_1_507' title='bbox 548 3619 658 3667; x_wconf 83' lang='lat' dir='ltr'><strong>tem</strong></span> <span class='ocrx_word' id='word_1_508' title='bbox 686 3608 828 3679; x_wconf 76' lang='lat' dir='ltr'><strong>enim</strong></span> <span class='ocrx_word' id='word_1_509' title='bbox 849 3606 1010 3662; x_wconf 88' lang='lat' dir='ltr'><strong>habet</strong></span> <span class='ocrx_word' id='word_1_510' title='bbox 1034 3612 1093 3659; x_wconf 92' lang='lat' dir='ltr'><strong>ut</strong></span> <span class='ocrx_word' id='word_1_511' title='bbox 1114 3605 1238 3661; x_wconf 90' lang='lat' dir='ltr'><strong>talis</strong></span> <span class='ocrx_word' id='word_1_512' title='bbox 1265 3603 1627 3675; x_wconf 71' lang='lat' dir='ltr'><strong>liat),accepto</strong></span> <span class='ocrx_word' id='word_1_513' title='bbox 1653 3603 1795 3674; x_wconf 90' lang='lat' dir='ltr'><strong>quod</strong></span> <span class='ocrx_word' id='word_1_514' title='bbox 1818 3604 2096 3674; x_wconf 90' lang='lat' dir='ltr'><strong>proprium</strong></span> <span class='ocrx_word' id='word_1_515' title='bbox 2123 3610 2226 3668; x_wconf 90' lang='lat' dir='ltr'><strong>est,</strong></span> <span class='ocrx_word' id='word_1_516' title='bbox 2251 3602 2385 3657; x_wconf 89' lang='lat' dir='ltr'><strong>illud</strong></span> <span class='ocrx_word' id='word_1_517' title='bbox 2415 3603 2670 3658; x_wconf 90' lang='lat' dir='ltr'><strong>nimirum</strong></span> <span class='ocrx_word' id='word_1_518' title='bbox 2696 3606 2998 3661; x_wconf 77' lang='lat' dir='ltr'><strong>conculcat.</strong></span> 
     </span>
    </p>
   </div>
   <div class='ocr_carea' id='block_1_66' title="bbox 546 3719 3760 3795">
    <p class='ocr_par' dir='ltr' id='par_1_66' title="bbox 546 3719 3760 3795">
     <span class='ocr_line' id='line_1_66' title="bbox 546 3719 3760 3795; baseline -0.001 -11"><span class='ocrx_word' id='word_1_519' title='bbox 546 3728 679 3784; x_wconf 72' lang='lat' dir='ltr'><strong>CAP.</strong></span> <span class='ocrx_word' id='word_1_520' title='bbox 708 3722 1025 3795; x_wconf 14' lang='lat' dir='ltr'><strong>XVI.AQuod</strong></span> <span class='ocrx_word' id='word_1_521' title='bbox 1054 3720 1519 3795; x_wconf 61' lang='lat' dir='ltr'><strong>sapientesaliqui,</strong></span> <span class='ocrx_word' id='word_1_522' title='bbox 1552 3719 1686 3774; x_wconf 78' lang='lat' dir='ltr'><strong>nihil</strong></span> <span class='ocrx_word' id='word_1_523' title='bbox 1699 3728 1843 3795; x_wconf 70' lang='lat' dir='ltr'><strong>petat</strong></span> <span class='ocrx_word' id='word_1_524' title='bbox 1867 3721 2075 3795; x_wconf 32' lang='lat' dir='ltr'><strong>etﬁalios</strong></span> <span class='ocrx_word' id='word_1_525' title='bbox 2104 3719 2632 3795; x_wconf 28' lang='lat' dir='ltr'><strong>esseaDiligentiahet</strong></span> <span class='ocrx_word' id='word_1_526' title='bbox 2653 3721 2829 3795; x_wconf 70' lang='lat' dir='ltr'><strong>studia</strong></span> <span class='ocrx_word' id='word_1_527' title='bbox 2858 3721 3098 3795; x_wconf 78' lang='lat' dir='ltr'><strong>paranda</strong></span> <span class='ocrx_word' id='word_1_528' title='bbox 3124 3724 3307 3778; x_wconf 78' lang='lat' dir='ltr'><strong>virtus.</strong></span> <span class='ocrx_word' id='word_1_529' title='bbox 3346 3724 3569 3783; x_wconf 77' lang='lat' dir='ltr'><strong>Saniare</strong></span> <span class='ocrx_word' id='word_1_530' title='bbox 3591 3725 3760 3795; x_wconf 81' lang='lat' dir='ltr'><strong>philo-</strong></span> 
     </span>
    </p>
   </div>
   <div class='ocr_carea' id='block_1_67' title="bbox 638 3786 3514 3869">
    <p class='ocr_par' dir='ltr' id='par_1_67' title="bbox 638 3786 3514 3869">
     <span class='ocr_line' id='line_1_67' title="bbox 638 3786 3514 3869; baseline 0 -18"><span class='ocrx_word' id='word_1_531' title='bbox 638 3865 642 3869; x_wconf 25' lang='grc' dir='ltr'><strong><em>λ</em></strong></span> <span class='ocrx_word' id='word_1_532' title='bbox 753 3786 936 3865; x_wconf 67' lang='lat' dir='ltr'><strong>sophia</strong></span> <span class='ocrx_word' id='word_1_533' title='bbox 963 3786 1192 3848; x_wconf 70' lang='lat' dir='ltr'><strong>homines</strong></span> <span class='ocrx_word' id='word_1_534' title='bbox 1216 3793 1285 3846; x_wconf 88' lang='lat' dir='ltr'><strong>ad</strong></span> <span class='ocrx_word' id='word_1_535' title='bbox 1312 3786 1502 3845; x_wconf 77' lang='lat' dir='ltr'><strong>bonum</strong></span> <span class='ocrx_word' id='word_1_536' title='bbox 1533 3790 1864 3858; x_wconf 67' lang='lat' dir='ltr'><strong>proueltendi.</strong></span> <span class='ocrx_word' id='word_1_537' title='bbox 1902 3786 2186 3844; x_wconf 85' lang='lat' dir='ltr'><strong>Commune</strong></span> <span class='ocrx_word' id='word_1_538' title='bbox 2213 3786 2418 3845; x_wconf 76' lang='lat' dir='ltr'><strong>virtutis</strong></span> <span class='ocrx_word' id='word_1_539' title='bbox 2445 3792 2678 3846; x_wconf 77' lang='lat' dir='ltr'><strong>stadium</strong></span> <span class='ocrx_word' id='word_1_540' title='bbox 2704 3810 2736 3846; x_wconf 89' lang='lat' dir='ltr'><strong>a</strong></span> <span class='ocrx_word' id='word_1_541' title='bbox 2766 3786 2975 3848; x_wconf 80' lang='lat' dir='ltr'><strong>Christo</strong></span> <span class='ocrx_word' id='word_1_542' title='bbox 2998 3794 3233 3847; x_wconf 84' lang='lat' dir='ltr'><strong>omnibus</strong></span> <span class='ocrx_word' id='word_1_543' title='bbox 3259 3805 3514 3862; x_wconf 87' lang='lat' dir='ltr'><strong>apertum.</strong></span> 
     </span>
    </p>
   </div>
   <div class='ocr_carea' id='block_1_68' title="bbox 614 3910 2106 3985">
    <p class='ocr_par' dir='ltr' id='par_1_68' title="bbox 614 3910 2106 3984">
     <span class='ocr_line' id='line_1_68' title="bbox 614 3910 2106 3984; baseline -0.003 -14"><span class='ocrx_word' id='word_1_544' title='bbox 614 3915 846 3971; x_wconf 82' lang='lat' dir='ltr'><strong>Prorsus</strong></span> <span class='ocrx_word' id='word_1_545' title='bbox 874 3913 1016 3972; x_wconf 90' lang='lat' dir='ltr'><strong>enim</strong></span> <span class='ocrx_word' id='word_1_546' title='bbox 1044 3927 1220 3984; x_wconf 72' lang='lat' dir='ltr'><strong>Operae</strong></span> <span class='ocrx_word' id='word_1_547' title='bbox 1257 3911 1490 3982; x_wconf 89' lang='lat' dir='ltr'><strong>pretium</strong></span> <span class='ocrx_word' id='word_1_548' title='bbox 1515 3927 1582 3967; x_wconf 81' lang='lat' dir='ltr'><strong>ex</strong></span> <span class='ocrx_word' id='word_1_549' title='bbox 1614 3910 1699 3966; x_wconf 86' lang='lat' dir='ltr'><strong>bis</strong></span> <span class='ocrx_word' id='word_1_550' title='bbox 1732 3910 1864 3966; x_wconf 88' lang='lat' dir='ltr'><strong>viris</strong></span> <span class='ocrx_word' id='word_1_551' title='bbox 1896 3925 2106 3981; x_wconf 66' lang='lat' dir='ltr'><strong>quana-</strong></span> 
     </span>
    </p>
   </div>
   <div class='ocr_carea' id='block_1_69' title="bbox 2205 3910 3757 3985">
    <p class='ocr_par' dir='ltr' id='par_1_69' title="bbox 2270 3911 3757 3985">
     <span class='ocr_line' id='line_1_69' title="bbox 2270 3911 3757 3985; baseline 0 -18"><span class='ocrx_word' id='word_1_552' title='bbox 2270 3912 2454 3977; x_wconf 67' lang='grc' dir='ltr'>οὍλως</span> <span class='ocrx_word' id='word_1_553' title='bbox 2490 3911 2598 3984; x_wconf 79' lang='lat'><strong>7&amp;9</strong></span> <span class='ocrx_word' id='word_1_554' title='bbox 2641 3912 2788 3981; x_wconf 78' lang='grc' dir='ltr'>ἀξιον</span> <span class='ocrx_word' id='word_1_555' title='bbox 2838 3911 3097 3967; x_wconf 87' lang='grc' dir='ltr'>πυθέσθαι</span> <span class='ocrx_word' id='word_1_556' title='bbox 3136 3912 3334 3967; x_wconf 85' lang='grc' dir='ltr'>τούτων</span> <span class='ocrx_word' id='word_1_557' title='bbox 3382 3914 3488 3967; x_wconf 87' lang='grc' dir='ltr'><strong>τῶν</strong></span> <span class='ocrx_word' id='word_1_558' title='bbox 3531 3913 3757 3985; x_wconf 83' lang='grc' dir='ltr'>ἀνδρῶν,</span> 
     </span>
    </p>
   </div>
   <div class='ocr_carea' id='block_1_70' title="bbox 545 4004 2106 4077">
    <p class='ocr_par' dir='ltr' id='par_1_70' title="bbox 545 4004 2102 4074">
     <span class='ocr_line' id='line_1_70' title="bbox 545 4004 2102 4074; baseline -0.003 -11"><span class='ocrx_word' id='word_1_559' title='bbox 545 4022 670 4063; x_wconf 84' lang='lat' dir='ltr'><strong>mus</strong></span> <span class='ocrx_word' id='word_1_560' title='bbox 695 4005 992 4062; x_wconf 85' lang='lat' dir='ltr'><strong>:Nullusne</strong></span> <span class='ocrx_word' id='word_1_561' title='bbox 1024 4004 1300 4059; x_wconf 88' lang='lat' dir='ltr'><strong>hominum</strong></span> <span class='ocrx_word' id='word_1_562' title='bbox 1333 4004 1612 4060; x_wconf 88' lang='lat' dir='ltr'><strong>studiosus</strong></span> <span class='ocrx_word' id='word_1_563' title='bbox 1634 4004 1807 4074; x_wconf 86' lang='lat' dir='ltr'><strong>possit</strong></span> <span class='ocrx_word' id='word_1_564' title='bbox 1837 4004 2064 4059; x_wconf 87' lang='lat' dir='ltr'><strong>evadere</strong></span> <span class='ocrx_word' id='word_1_565' title='bbox 2086 4043 2102 4069; x_wconf 93' lang='lat'><strong>,</strong></span> 
     </span>
    </p>
   </div>
   <div class='ocr_carea' id='block_1_71' title="bbox 2205 4004 3757 4077">
    <p class='ocr_par' dir='ltr' id='par_1_71' title="bbox 2207 4004 3757 4077">
     <span class='ocr_line' id='line_1_71' title="bbox 2207 4004 3757 4077; baseline 0.002 -19"><span class='ocrx_word' id='word_1_566' title='bbox 2207 4004 2432 4075; x_wconf 87' lang='grc' dir='ltr'>πότερον</span> <span class='ocrx_word' id='word_1_567' title='bbox 2469 4004 2658 4059; x_wconf 82' lang='grc' dir='ltr'>οὐδένα</span> <span class='ocrx_word' id='word_1_568' title='bbox 2704 4004 2983 4077; x_wconf 81' lang='grc' dir='ltr'>ἄνθρωπον</span> <span class='ocrx_word' id='word_1_569' title='bbox 3023 4004 3244 4058; x_wconf 85' lang='grc' dir='ltr'>δυνατὸν</span> <span class='ocrx_word' id='word_1_570' title='bbox 3284 4006 3559 4061; x_wconf 86' lang='grc' dir='ltr'>σπουδαῖον</span> <span class='ocrx_word' id='word_1_571' title='bbox 3607 4007 3757 4075; x_wconf 86' lang='grc' dir='ltr'>γενέ-</span> 
     </span>
    </p>
   </div>
   <div class='ocr_carea' id='block_1_72' title="bbox 546 4095 2106 4169">
    <p class='ocr_par' dir='ltr' id='par_1_72' title="bbox 546 4095 2104 4169">
     <span class='ocr_line' id='line_1_72' title="bbox 546 4095 2104 4169; baseline -0.003 -16"><span class='ocrx_word' id='word_1_572' title='bbox 546 4114 616 4153; x_wconf 87' lang='lat' dir='ltr'><strong>an</strong></span> <span class='ocrx_word' id='word_1_573' title='bbox 647 4098 881 4169; x_wconf 84' lang='lat' dir='ltr'><strong>aliquem</strong></span> <span class='ocrx_word' id='word_1_574' title='bbox 937 4097 1213 4169; x_wconf 89' lang='lat' dir='ltr'><strong>contingat</strong></span> <span class='ocrx_word' id='word_1_575' title='bbox 1262 4098 1519 4152; x_wconf 89' lang='lat' dir='ltr'><strong>virtutem</strong></span> <span class='ocrx_word' id='word_1_576' title='bbox 1572 4096 1889 4166; x_wconf 84' lang='lat' dir='ltr'><strong>capessere?</strong></span> <span class='ocrx_word' id='word_1_577' title='bbox 1934 4095 2012 4150; x_wconf 80' lang='lat' dir='ltr'><strong>Ac</strong></span> <span class='ocrx_word' id='word_1_578' title='bbox 2056 4095 2104 4151; x_wconf 88' lang='lat' dir='ltr'><strong>si</strong></span> 
     </span>
    </p>
   </div>
   <div class='ocr_carea' id='block_1_73' title="bbox 2205 4095 3754 4169">
    <p class='ocr_par' dir='ltr' id='par_1_73' title="bbox 2208 4095 3754 4168">
     <span class='ocr_line' id='line_1_73' title="bbox 2208 4095 3754 4168; baseline 0.001 -19"><span class='ocrx_word' id='word_1_579' title='bbox 2208 4095 2349 4159; x_wconf 88' lang='grc' dir='ltr'>σθαι,</span> <span class='ocrx_word' id='word_1_580' title='bbox 2381 4096 2413 4167; x_wconf 83' lang='grc' dir='ltr'>ἢ</span> <span class='ocrx_word' id='word_1_581' title='bbox 2442 4098 2560 4151; x_wconf 87' lang='grc' dir='ltr'>τινά</span> <span class='ocrx_word' id='word_1_582' title='bbox 2589 4113 2651 4165; x_wconf 89' lang='grc' dir='ltr'><strong>γε</strong></span> <span class='ocrx_word' id='word_1_583' title='bbox 2679 4096 2975 4167; x_wconf 84' lang='grc' dir='ltr'>ὲνδέχεται;</span> <span class='ocrx_word' id='word_1_584' title='bbox 3006 4097 3068 4149; x_wconf 88' lang='grc' dir='ltr'><strong>Εἰ</strong></span> <span class='ocrx_word' id='word_1_585' title='bbox 3105 4096 3201 4167; x_wconf 80' lang='grc' dir='ltr'>μὲν</span> <span class='ocrx_word' id='word_1_586' title='bbox 3224 4096 3331 4168; x_wconf 91' lang='lat'><strong>7&amp;9</strong></span> <span class='ocrx_word' id='word_1_587' title='bbox 3354 4097 3527 4161; x_wconf 76' lang='grc' dir='ltr'>οὐδεὶς</span> <span class='ocrx_word' id='word_1_588' title='bbox 3574 4097 3754 4166; x_wconf 81' lang='grc' dir='ltr'>σοφὸς,</span> 
     </span>
    </p>
   </div>
   <div class='ocr_carea' id='block_1_74' title="bbox 546 4186 2106 4261">
    <p class='ocr_par' dir='ltr' id='par_1_74' title="bbox 546 4188 2105 4261">
     <span class='ocr_line' id='line_1_74' title="bbox 546 4188 2105 4261; baseline -0.002 -16"><span class='ocrx_word' id='word_1_589' title='bbox 546 4189 760 4261; x_wconf 82' lang='lat' dir='ltr'><strong>quidem</strong></span> <span class='ocrx_word' id='word_1_590' title='bbox 783 4204 942 4246; x_wconf 88' lang='lat' dir='ltr'><strong>nemo</strong></span> <span class='ocrx_word' id='word_1_591' title='bbox 969 4190 1205 4260; x_wconf 85' lang='lat' dir='ltr'><strong>sapiens,</strong></span> <span class='ocrx_word' id='word_1_592' title='bbox 1223 4188 1354 4258; x_wconf 87' lang='lat' dir='ltr'><strong>quid</strong></span> <span class='ocrx_word' id='word_1_593' title='bbox 1380 4189 1498 4259; x_wconf 89' lang='lat' dir='ltr'><strong>ipse</strong></span> <span class='ocrx_word' id='word_1_594' title='bbox 1517 4188 1733 4244; x_wconf 85' lang='lat' dir='ltr'><strong>tandem</strong></span> <span class='ocrx_word' id='word_1_595' title='bbox 1751 4188 2105 4244; x_wconf 78' lang='lat' dir='ltr'><strong>Manichacus?</strong></span> 
     </span>
    </p>
   </div>
   <div class='ocr_carea' id='block_1_75' title="bbox 2205 4186 3757 4261">
    <p class='ocr_par' dir='ltr' id='par_1_75' title="bbox 2205 4186 3757 4257">
     <span class='ocr_line' id='line_1_75' title="bbox 2205 4186 3757 4257; baseline 0 -17"><span class='ocrx_word' id='word_1_596' title='bbox 2205 4187 2255 4240; x_wconf 88' lang='grc' dir='ltr'><strong>τί</strong></span> <span class='ocrx_word' id='word_1_597' title='bbox 2298 4187 2494 4257; x_wconf 86' lang='grc' dir='ltr'>δήποτε</span> <span class='ocrx_word' id='word_1_598' title='bbox 2536 4186 2695 4250; x_wconf 75' lang='grc' dir='ltr'>αὐτὸς</span> <span class='ocrx_word' id='word_1_599' title='bbox 2731 4189 2760 4240; x_wconf 85' lang='grc' dir='ltr'>ὁ</span> <span class='ocrx_word' id='word_1_600' title='bbox 2808 4188 3130 4257; x_wconf 85' lang='grc' dir='ltr'>Μανιχαῖος;</span> <span class='ocrx_word' id='word_1_601' title='bbox 3189 4186 3291 4239; x_wconf 87' lang='grc' dir='ltr'><strong>Ἐὦ</strong></span> <span class='ocrx_word' id='word_1_602' title='bbox 3330 4186 3458 4257; x_wconf 86' lang='grc' dir='ltr'>γὰρ,</span> <span class='ocrx_word' id='word_1_603' title='bbox 3505 4187 3587 4241; x_wconf 84' lang='grc' dir='ltr'><strong>ὅτι</strong></span> <span class='ocrx_word' id='word_1_604' title='bbox 3630 4187 3757 4250; x_wconf 87' lang='grc' dir='ltr'>τοὺς</span> 
     </span>
    </p>
   </div>
   <div class='ocr_carea' id='block_1_76' title="bbox 543 4270 2106 4347">
    <p class='ocr_par' dir='ltr' id='par_1_76' title="bbox 543 4279 2101 4347">
     <span class='ocr_line' id='line_1_76' title="bbox 543 4279 2101 4347; baseline -0.002 -9"><span class='ocrx_word' id='word_1_605' title='bbox 543 4283 699 4338; x_wconf 85' lang='lat' dir='ltr'><strong>Mitto</strong></span> <span class='ocrx_word' id='word_1_606' title='bbox 724 4282 867 4338; x_wconf 89' lang='lat' dir='ltr'><strong>enim</strong></span> <span class='ocrx_word' id='word_1_607' title='bbox 900 4296 1008 4338; x_wconf 92' lang='lat' dir='ltr'><strong>non</strong></span> <span class='ocrx_word' id='word_1_608' title='bbox 1024 4281 1200 4337; x_wconf 88' lang='lat' dir='ltr'><strong>solum</strong></span> <span class='ocrx_word' id='word_1_609' title='bbox 1223 4280 1359 4335; x_wconf 89' lang='lat' dir='ltr'><strong>alios</strong></span> <span class='ocrx_word' id='word_1_610' title='bbox 1389 4280 1665 4337; x_wconf 89' lang='lat' dir='ltr'><strong>studiosos</strong></span> <span class='ocrx_word' id='word_1_611' title='bbox 1687 4281 1897 4347; x_wconf 89' lang='lat' dir='ltr'><strong>dicere;</strong></span> <span class='ocrx_word' id='word_1_612' title='bbox 1926 4279 2020 4336; x_wconf 89' lang='lat' dir='ltr'><strong>sed</strong></span> <span class='ocrx_word' id='word_1_613' title='bbox 2045 4285 2101 4335; x_wconf 80' lang='lat' dir='ltr'><strong>et</strong></span> 
     </span>
    </p>
   </div>
   <div class='ocr_carea' id='block_1_77' title="bbox 2205 4270 3755 4347">
    <p class='ocr_par' dir='ltr' id='par_1_77' title="bbox 2205 4270 3755 4346">
     <span class='ocr_line' id='line_1_77' title="bbox 2205 4270 3755 4346; baseline -0.001 -16"><span class='ocrx_word' id='word_1_614' title='bbox 2205 4274 2395 4338; x_wconf 79' lang='grc' dir='ltr'>ἄλλους</span> <span class='ocrx_word' id='word_1_615' title='bbox 2438 4278 2497 4330; x_wconf 79' lang='grc' dir='ltr'>οὐ</span> <span class='ocrx_word' id='word_1_616' title='bbox 2542 4275 2698 4346; x_wconf 86' lang='grc' dir='ltr'>μόνον</span> <span class='ocrx_word' id='word_1_617' title='bbox 2746 4275 3061 4339; x_wconf 84' lang='grc' dir='ltr'>σπουδαίους</span> <span class='ocrx_word' id='word_1_618' title='bbox 3105 4270 3241 4330; x_wconf 85' lang='grc' dir='ltr'>εἶναι</span> <span class='ocrx_word' id='word_1_619' title='bbox 3281 4275 3427 4346; x_wconf 81' lang='grc' dir='ltr'>λέγει</span> <span class='ocrx_word' id='word_1_620' title='bbox 3445 4293 3459 4307; x_wconf 87' lang='grc'><strong>·</strong></span> <span class='ocrx_word' id='word_1_621' title='bbox 3495 4274 3629 4331; x_wconf 86' lang='grc' dir='ltr'><strong>ἀλλά</strong></span> <span class='ocrx_word' id='word_1_622' title='bbox 3661 4276 3755 4330; x_wconf 78' lang='grc' dir='ltr'><strong>καὶ</strong></span> 
     </span>
    </p>
   </div>
   <div class='ocr_carea' id='block_1_78' title="bbox 542 4363 2106 4444">
    <p class='ocr_par' dir='ltr' id='par_1_78' title="bbox 542 4369 2100 4444">
     <span class='ocr_line' id='line_1_78' title="bbox 542 4369 2100 4444; baseline -0.003 -15"><span class='ocrx_word' id='word_1_623' title='bbox 542 4374 679 4431; x_wconf 88' lang='lat' dir='ltr'><strong>alios</strong></span> <span class='ocrx_word' id='word_1_624' title='bbox 712 4374 958 4441; x_wconf 89' lang='lat' dir='ltr'><strong>idoneos,</strong></span> <span class='ocrx_word' id='word_1_625' title='bbox 989 4373 1080 4444; x_wconf 90' lang='lat' dir='ltr'><strong>qui</strong></span> <span class='ocrx_word' id='word_1_626' title='bbox 1112 4371 1247 4426; x_wconf 82' lang='lat' dir='ltr'><strong>tales</strong></span> <span class='ocrx_word' id='word_1_627' title='bbox 1293 4369 1516 4436; x_wconf 83' lang='lat' dir='ltr'><strong>faciant,</strong></span> <span class='ocrx_word' id='word_1_628' title='bbox 1551 4387 1660 4426; x_wconf 90' lang='lat' dir='ltr'><strong>non</strong></span> <span class='ocrx_word' id='word_1_629' title='bbox 1691 4377 1901 4429; x_wconf 86' lang='lat' dir='ltr'><strong>adesse.</strong></span> <span class='ocrx_word' id='word_1_630' title='bbox 1945 4370 2100 4438; x_wconf 84' lang='lat' dir='ltr'><strong>Quod</strong></span> 
     </span>
    </p>
   </div>
   <div class='ocr_carea' id='block_1_79' title="bbox 2205 4363 3754 4444">
    <p class='ocr_par' dir='ltr' id='par_1_79' title="bbox 2205 4363 3754 4439">
     <span class='ocr_line' id='line_1_79' title="bbox 2205 4363 3754 4439; baseline 0.001 -20"><span class='ocrx_word' id='word_1_631' title='bbox 2205 4366 2394 4430; x_wconf 82' lang='grc' dir='ltr'>ἀλλους</span> <span class='ocrx_word' id='word_1_632' title='bbox 2434 4367 2595 4438; x_wconf 74' lang='grc' dir='ltr'>φησὶν</span> <span class='ocrx_word' id='word_1_633' title='bbox 2643 4369 2857 4430; x_wconf 80' lang='grc' dir='ltr'>ἱκανοὺς</span> <span class='ocrx_word' id='word_1_634' title='bbox 2900 4363 3035 4421; x_wconf 78' lang='grc' dir='ltr'>εἶναι</span> <span class='ocrx_word' id='word_1_635' title='bbox 3077 4366 3346 4431; x_wconf 86' lang='grc' dir='ltr'>τοιούτους</span> <span class='ocrx_word' id='word_1_636' title='bbox 3394 4368 3637 4439; x_wconf 80' lang='grc' dir='ltr'>ποιῆσαι.</span> <span class='ocrx_word' id='word_1_637' title='bbox 3689 4368 3754 4421; x_wconf 83' lang='grc' dir='ltr'>Εἰ</span> 
     </span>
    </p>
   </div>
   <div class='ocr_carea' id='block_1_80' title="bbox 540 4446 2106 4536">
    <p class='ocr_par' dir='ltr' id='par_1_80' title="bbox 540 4462 2093 4536">
     <span class='ocr_line' id='line_1_80' title="bbox 540 4462 2093 4536; baseline -0.004 -12"><span class='ocrx_word' id='word_1_638' title='bbox 540 4465 589 4524; x_wconf 87' lang='lat' dir='ltr'><strong>si</strong></span> <span class='ocrx_word' id='word_1_639' title='bbox 612 4465 836 4524; x_wconf 89' lang='lat' dir='ltr'><strong>omnino</strong></span> <span class='ocrx_word' id='word_1_640' title='bbox 870 4464 1066 4536; x_wconf 87' lang='lat' dir='ltr'><strong>aliquis</strong></span> <span class='ocrx_word' id='word_1_641' title='bbox 1090 4471 1194 4527; x_wconf 86' lang='lat' dir='ltr'><strong>est,</strong></span> <span class='ocrx_word' id='word_1_642' title='bbox 1223 4462 1355 4534; x_wconf 89' lang='lat' dir='ltr'><strong>quid</strong></span> <span class='ocrx_word' id='word_1_643' title='bbox 1377 4470 1524 4520; x_wconf 84' lang='lat' dir='ltr'><strong>vetat</strong></span> <span class='ocrx_word' id='word_1_644' title='bbox 1546 4477 1734 4520; x_wconf 87' lang='lat' dir='ltr'><strong>omnes</strong></span> <span class='ocrx_word' id='word_1_645' title='bbox 1753 4466 1955 4534; x_wconf 89' lang='lat' dir='ltr'><strong>pariter</strong></span> <span class='ocrx_word' id='word_1_646' title='bbox 1976 4473 2093 4519; x_wconf 91' lang='lat' dir='ltr'><strong>stu-</strong></span> 
     </span>
    </p>
   </div>
   <div class='ocr_carea' id='block_1_81' title="bbox 2205 4446 3753 4536">
    <p class='ocr_par' dir='ltr' id='par_1_81' title="bbox 2205 4457 3753 4528">
     <span class='ocr_line' id='line_1_81' title="bbox 2205 4457 3753 4528; baseline -0.001 -15"><span class='ocrx_word' id='word_1_647' title='bbox 2205 4458 2242 4513; x_wconf 81' lang='lat'><strong>5’</strong></span> <span class='ocrx_word' id='word_1_648' title='bbox 2289 4459 2422 4522; x_wconf 80' lang='grc' dir='ltr'>ὅλως</span> <span class='ocrx_word' id='word_1_649' title='bbox 2467 4459 2583 4512; x_wconf 83' lang='grc' dir='ltr'>ὲστί</span> <span class='ocrx_word' id='word_1_650' title='bbox 2629 4476 2729 4525; x_wconf 91' lang='grc' dir='ltr'>τις,</span> <span class='ocrx_word' id='word_1_651' title='bbox 2777 4460 2830 4511; x_wconf 87' lang='grc' dir='ltr'><strong>τί</strong></span> <span class='ocrx_word' id='word_1_652' title='bbox 2883 4457 3077 4512; x_wconf 84' lang='grc' dir='ltr'>κωλύει</span> <span class='ocrx_word' id='word_1_653' title='bbox 3116 4459 3209 4514; x_wconf 77' lang='grc' dir='ltr'>καὶ</span> <span class='ocrx_word' id='word_1_654' title='bbox 3247 4460 3456 4523; x_wconf 84' lang='grc' dir='ltr'>πάντας</span> <span class='ocrx_word' id='word_1_655' title='bbox 3501 4457 3753 4528; x_wconf 85' lang='grc' dir='ltr'>γενέσθαι</span> 
     </span>
    </p>
   </div>
   <div class='ocr_carea' id='block_1_82' title="bbox 537 4556 2097 4624">
    <p class='ocr_par' dir='ltr' id='par_1_82' title="bbox 537 4556 2097 4624">
     <span class='ocr_line' id='line_1_82' title="bbox 537 4556 2097 4624; baseline 0 -10"><span class='ocrx_word' id='word_1_656' title='bbox 537 4557 726 4617; x_wconf 82' lang='lat' dir='ltr'><strong>diosas</strong></span> <span class='ocrx_word' id='word_1_657' title='bbox 756 4557 1020 4615; x_wconf 87' lang='lat' dir='ltr'><strong>evadere?</strong></span> <span class='ocrx_word' id='word_1_658' title='bbox 1045 4556 1201 4624; x_wconf 89' lang='lat' dir='ltr'><strong>Quod</strong></span> <span class='ocrx_word' id='word_1_659' title='bbox 1235 4558 1379 4614; x_wconf 87' lang='lat' dir='ltr'><strong>enim</strong></span> <span class='ocrx_word' id='word_1_660' title='bbox 1425 4557 1495 4612; x_wconf 90' lang='lat' dir='ltr'><strong>de</strong></span> <span class='ocrx_word' id='word_1_661' title='bbox 1540 4572 1651 4611; x_wconf 91' lang='lat' dir='ltr'><strong>uno</strong></span> <span class='ocrx_word' id='word_1_662' title='bbox 1676 4596 1691 4621; x_wconf 94' lang='lat'><strong>,</strong></span> <span class='ocrx_word' id='word_1_663' title='bbox 1745 4557 1812 4613; x_wconf 87' lang='lat' dir='ltr'><strong>de</strong></span> <span class='ocrx_word' id='word_1_664' title='bbox 1846 4557 2097 4614; x_wconf 85' lang='lat' dir='ltr'><strong>omnibus</strong></span> 
     </span>
    </p>
   </div>
   <div class='ocr_carea' id='block_1_83' title="bbox 536 4649 2098 4721">
    <p class='ocr_par' dir='ltr' id='par_1_83' title="bbox 536 4649 2098 4721">
     <span class='ocr_line' id='line_1_83' title="bbox 536 4649 2098 4721; baseline -0.001 -16"><span class='ocrx_word' id='word_1_665' title='bbox 536 4665 756 4721; x_wconf 87' lang='lat' dir='ltr'><strong>quoque</strong></span> <span class='ocrx_word' id='word_1_666' title='bbox 775 4649 1098 4721; x_wconf 86' lang='lat' dir='ltr'><strong>contingens</strong></span> <span class='ocrx_word' id='word_1_667' title='bbox 1144 4657 1258 4718; x_wconf 82' lang='lat' dir='ltr'><strong>est;</strong></span> <span class='ocrx_word' id='word_1_668' title='bbox 1293 4657 1347 4705; x_wconf 93' lang='lat' dir='ltr'><strong>et</strong></span> <span class='ocrx_word' id='word_1_669' title='bbox 1372 4663 1605 4720; x_wconf 90' lang='lat' dir='ltr'><strong>quorum</strong></span> <span class='ocrx_word' id='word_1_670' title='bbox 1650 4662 1811 4716; x_wconf 87' lang='lat' dir='ltr'><strong>opera</strong></span> <span class='ocrx_word' id='word_1_671' title='bbox 1834 4649 2098 4718; x_wconf 78' lang='lat' dir='ltr'><strong>quibusve</strong></span> 
     </span>
    </p>
   </div>
   <div class='ocr_carea' id='block_1_84' title="bbox 536 4740 2093 4820">
    <p class='ocr_par' dir='ltr' id='par_1_84' title="bbox 536 4740 2093 4820">
     <span class='ocr_line' id='line_1_84' title="bbox 536 4740 2093 4820; baseline 0.002 -26"><span class='ocrx_word' id='word_1_672' title='bbox 536 4740 732 4797; x_wconf 89' lang='lat' dir='ltr'><strong>mediis</strong></span> <span class='ocrx_word' id='word_1_673' title='bbox 762 4756 905 4797; x_wconf 88' lang='lat' dir='ltr'><strong>unus</strong></span> <span class='ocrx_word' id='word_1_674' title='bbox 925 4781 941 4808; x_wconf 93' lang='lat'><strong>,</strong></span> <span class='ocrx_word' id='word_1_675' title='bbox 983 4741 1173 4799; x_wconf 90' lang='lat' dir='ltr'><strong>iisdem</strong></span> <span class='ocrx_word' id='word_1_676' title='bbox 1202 4750 1255 4797; x_wconf 89' lang='lat' dir='ltr'><strong>et</strong></span> <span class='ocrx_word' id='word_1_677' title='bbox 1283 4756 1472 4798; x_wconf 88' lang='lat' dir='ltr'><strong>omnes</strong></span> <span class='ocrx_word' id='word_1_678' title='bbox 1504 4741 1720 4795; x_wconf 82' lang='lat' dir='ltr'><strong>virtutis</strong></span> <span class='ocrx_word' id='word_1_679' title='bbox 1758 4754 1936 4820; x_wconf 81' lang='lat' dir='ltr'><strong>arcem</strong></span> <span class='ocrx_word' id='word_1_680' title='bbox 1965 4754 2093 4811; x_wconf 86' lang='lat' dir='ltr'><strong>pos-</strong></span> 
     </span>
    </p>
   </div>
   <div class='ocr_carea' id='block_1_85' title="bbox 536 4831 2095 4904">
    <p class='ocr_par' dir='ltr' id='par_1_85' title="bbox 536 4831 2095 4904">
     <span class='ocr_line' id='line_1_85' title="bbox 536 4831 2095 4904; baseline 0 -17"><span class='ocrx_word' id='word_1_681' title='bbox 536 4831 649 4891; x_wconf 84' lang='lat' dir='ltr'><strong>sint</strong></span> <span class='ocrx_word' id='word_1_682' title='bbox 673 4832 914 4904; x_wconf 84' lang='lat' dir='ltr'><strong>arripere</strong></span> <span class='ocrx_word' id='word_1_683' title='bbox 939 4851 954 4888; x_wconf 91' lang='lat'>:</span> <span class='ocrx_word' id='word_1_684' title='bbox 982 4833 1087 4891; x_wconf 86' lang='lat' dir='ltr'><strong>nisi</strong></span> <span class='ocrx_word' id='word_1_685' title='bbox 1106 4833 1234 4903; x_wconf 90' lang='lat' dir='ltr'><strong>quid</strong></span> <span class='ocrx_word' id='word_1_686' title='bbox 1259 4833 1552 4904; x_wconf 90' lang='lat' dir='ltr'><strong>plurimum</strong></span> <span class='ocrx_word' id='word_1_687' title='bbox 1575 4832 1792 4887; x_wconf 83' lang='lat' dir='ltr'><strong>virtutis</strong></span> <span class='ocrx_word' id='word_1_688' title='bbox 1812 4847 1876 4887; x_wconf 89' lang='lat' dir='ltr'><strong>ac</strong></span> <span class='ocrx_word' id='word_1_689' title='bbox 1906 4839 2095 4903; x_wconf 88' lang='lat' dir='ltr'><strong>poten-</strong></span> 
     </span>
    </p>
   </div>
   <div class='ocr_carea' id='block_1_86' title="bbox 534 4917 1400 4979">
    <p class='ocr_par' dir='ltr' id='par_1_86' title="bbox 534 4917 1400 4979">
     <span class='ocr_line' id='line_1_86' title="bbox 534 4917 1400 4979; baseline 0.003 -6"><span class='ocrx_word' id='word_1_690' title='bbox 534 4918 624 4974; x_wconf 69' lang='lat' dir='ltr'><strong>tia:</strong></span> <span class='ocrx_word' id='word_1_691' title='bbox 649 4917 839 4978; x_wconf 89' lang='lat' dir='ltr'><strong>dicunt</strong></span> <span class='ocrx_word' id='word_1_692' title='bbox 865 4921 1065 4979; x_wconf 84' lang='lat' dir='ltr'><strong>talibus</strong></span> <span class='ocrx_word' id='word_1_693' title='bbox 1090 4920 1400 4979; x_wconf 85' lang='lat' dir='ltr'><strong>intercludi.</strong></span> 
     </span>
    </p>
   </div>
   <div class='ocr_carea' id='block_1_87' title="bbox 604 5008 2093 5083">
    <p class='ocr_par' dir='ltr' id='par_1_87' title="bbox 604 5008 2093 5083">
     <span class='ocr_line' id='line_1_87' title="bbox 604 5008 2093 5083; baseline 0.002 -19"><span class='ocrx_word' id='word_1_694' title='bbox 604 5008 819 5068; x_wconf 81' lang='lat' dir='ltr'><strong>Rursus</strong></span> <span class='ocrx_word' id='word_1_695' title='bbox 851 5011 1016 5083; x_wconf 85' lang='lat' dir='ltr'><strong>igitur</strong></span> <span class='ocrx_word' id='word_1_696' title='bbox 1034 5011 1269 5082; x_wconf 91' lang='lat' dir='ltr'><strong>primum</strong></span> <span class='ocrx_word' id='word_1_697' title='bbox 1306 5031 1320 5067; x_wconf 94' lang='lat'><strong>:</strong></span> <span class='ocrx_word' id='word_1_698' title='bbox 1368 5011 1500 5077; x_wconf 72' lang='lat' dir='ltr'><strong>Quae</strong></span> <span class='ocrx_word' id='word_1_699' title='bbox 1544 5017 1843 5066; x_wconf 75' lang='lat' dir='ltr'><strong>necessntas</strong></span> <span class='ocrx_word' id='word_1_700' title='bbox 1890 5010 2093 5067; x_wconf 89' lang='lat' dir='ltr'><strong>laboris</strong></span> 
     </span>
    </p>
   </div>
   <div class='ocr_carea' id='block_1_88' title="bbox 535 5100 2094 5176">
    <p class='ocr_par' dir='ltr' id='par_1_88' title="bbox 535 5100 2094 5176">
     <span class='ocr_line' id='line_1_88' title="bbox 535 5100 2094 5176; baseline 0.001 -21"><span class='ocrx_word' id='word_1_701' title='bbox 535 5100 604 5157; x_wconf 87' lang='lat' dir='ltr'><strong>ad</strong></span> <span class='ocrx_word' id='word_1_702' title='bbox 618 5101 977 5172; x_wconf 84' lang='lat' dir='ltr'><strong>capessendas</strong></span> <span class='ocrx_word' id='word_1_703' title='bbox 1001 5102 1318 5174; x_wconf 84' lang='lat' dir='ltr'><strong>disciplinas</strong></span> <span class='ocrx_word' id='word_1_704' title='bbox 1340 5102 1522 5176; x_wconf 89' lang='lat' dir='ltr'><strong>(liceat</strong></span> <span class='ocrx_word' id='word_1_705' title='bbox 1542 5101 1686 5159; x_wconf 86' lang='lat' dir='ltr'><strong>enim</strong></span> <span class='ocrx_word' id='word_1_706' title='bbox 1702 5109 1755 5157; x_wconf 89' lang='lat' dir='ltr'><strong>et</strong></span> <span class='ocrx_word' id='word_1_707' title='bbox 1777 5100 2094 5158; x_wconf 90' lang='lat' dir='ltr'><strong>dormiendo</strong></span> 
     </span>
    </p>
   </div>
   <div class='ocr_carea' id='block_1_89' title="bbox 530 5191 2092 5267">
    <p class='ocr_par' dir='ltr' id='par_1_89' title="bbox 530 5191 2092 5267">
     <span class='ocr_line' id='line_1_89' title="bbox 530 5191 2092 5267; baseline -0.001 -20"><span class='ocrx_word' id='word_1_708' title='bbox 530 5192 787 5250; x_wconf 71' lang='lat' dir='ltr'><strong>Virtutem</strong></span> <span class='ocrx_word' id='word_1_709' title='bbox 813 5193 1123 5265; x_wconf 79' lang='lat' dir='ltr'><strong>nancisci)?</strong></span> <span class='ocrx_word' id='word_1_710' title='bbox 1159 5202 1254 5249; x_wconf 92' lang='lat' dir='ltr'><strong>aut</strong></span> <span class='ocrx_word' id='word_1_711' title='bbox 1294 5210 1417 5267; x_wconf 76' lang='lat' dir='ltr'><strong>qua:</strong></span> <span class='ocrx_word' id='word_1_712' title='bbox 1438 5211 1603 5252; x_wconf 89' lang='lat' dir='ltr'><strong>causa</strong></span> <span class='ocrx_word' id='word_1_713' title='bbox 1633 5204 1718 5252; x_wconf 87' lang='lat' dir='ltr'><strong>est</strong></span> <span class='ocrx_word' id='word_1_714' title='bbox 1740 5211 1839 5251; x_wconf 85' lang='lat' dir='ltr'><strong>cur</strong></span> <span class='ocrx_word' id='word_1_715' title='bbox 1870 5193 1970 5247; x_wconf 87' lang='lat' dir='ltr'><strong>viri</strong></span> <span class='ocrx_word' id='word_1_716' title='bbox 1999 5191 2092 5248; x_wconf 87' lang='lat' dir='ltr'><strong>isti</strong></span> 
     </span>
    </p>
   </div>
   <div class='ocr_carea' id='block_1_90' title="bbox 478 5285 2091 5360">
    <p class='ocr_par' dir='ltr' id='par_1_90' title="bbox 478 5285 2091 5360">
     <span class='ocr_line' id='line_1_90' title="bbox 478 5285 2091 5360; baseline 0.001 -21"><span class='ocrx_word' id='word_1_717' title='bbox 478 5334 502 5358; x_wconf 43' lang='grc' dir='ltr'><strong>,η</strong></span> <span class='ocrx_word' id='word_1_718' title='bbox 532 5285 807 5342; x_wconf 88' lang='lat' dir='ltr'><strong>auditores</strong></span> <span class='ocrx_word' id='word_1_719' title='bbox 827 5301 958 5344; x_wconf 88' lang='lat' dir='ltr'><strong>suos</strong></span> <span class='ocrx_word' id='word_1_720' title='bbox 983 5286 1323 5359; x_wconf 86' lang='lat' dir='ltr'><strong>potissimum</strong></span> <span class='ocrx_word' id='word_1_721' title='bbox 1344 5288 1403 5343; x_wconf 92' lang='lat' dir='ltr'><strong>in</strong></span> <span class='ocrx_word' id='word_1_722' title='bbox 1432 5304 1580 5360; x_wconf 88' lang='lat' dir='ltr'><strong>spem</strong></span> <span class='ocrx_word' id='word_1_723' title='bbox 1601 5288 1811 5357; x_wconf 86' lang='lat' dir='ltr'><strong>erigant</strong></span> <span class='ocrx_word' id='word_1_724' title='bbox 1838 5285 2091 5357; x_wconf 65' lang='lat' dir='ltr'><strong>parandae</strong></span> 
     </span>
    </p>
   </div>
   <div class='ocr_carea' id='block_1_91' title="bbox 530 5374 2083 5450">
    <p class='ocr_par' dir='ltr' id='par_1_91' title="bbox 530 5374 2083 5450">
     <span class='ocr_line' id='line_1_91' title="bbox 530 5374 2083 5450; baseline -0.001 -19"><span class='ocrx_word' id='word_1_725' title='bbox 530 5374 835 5435; x_wconf 86' lang='lat' dir='ltr'><strong>honestatis</strong></span> <span class='ocrx_word' id='word_1_726' title='bbox 858 5387 1019 5450; x_wconf 89' lang='lat' dir='ltr'><strong>atque</strong></span> <span class='ocrx_word' id='word_1_727' title='bbox 1045 5378 1298 5436; x_wconf 84' lang='lat' dir='ltr'><strong>virtutis?</strong></span> <span class='ocrx_word' id='word_1_728' title='bbox 1322 5378 1457 5434; x_wconf 87' lang='lat' dir='ltr'><strong>Nam</strong></span> <span class='ocrx_word' id='word_1_729' title='bbox 1496 5379 1600 5435; x_wconf 90' lang='lat' dir='ltr'><strong>etsi</strong></span> <span class='ocrx_word' id='word_1_730' title='bbox 1632 5379 1936 5434; x_wconf 87' lang='lat' dir='ltr'><strong>volutantes</strong></span> <span class='ocrx_word' id='word_1_731' title='bbox 1958 5391 2083 5431; x_wconf 89' lang='lat' dir='ltr'><strong>cum</strong></span> 
     </span>
    </p>
   </div>
   <div class='ocr_carea' id='block_1_92' title="bbox 528 5469 2079 5542">
    <p class='ocr_par' dir='ltr' id='par_1_92' title="bbox 528 5469 2079 5542">
     <span class='ocr_line' id='line_1_92' title="bbox 528 5469 2079 5542; baseline -0.001 -20"><span class='ocrx_word' id='word_1_732' title='bbox 528 5469 904 5528; x_wconf 88' lang='lat' dir='ltr'><strong>meretricibus</strong></span> <span class='ocrx_word' id='word_1_733' title='bbox 927 5510 942 5535; x_wconf 91' lang='lat'><strong>,</strong></span> <span class='ocrx_word' id='word_1_734' title='bbox 984 5470 1263 5542; x_wconf 88' lang='lat' dir='ltr'><strong>proprium</strong></span> <span class='ocrx_word' id='word_1_735' title='bbox 1309 5470 1512 5526; x_wconf 90' lang='lat' dir='ltr'><strong>bonum</strong></span> <span class='ocrx_word' id='word_1_736' title='bbox 1556 5470 1799 5526; x_wconf 86' lang='lat' dir='ltr'><strong>nancisci</strong></span> <span class='ocrx_word' id='word_1_737' title='bbox 1847 5469 2079 5541; x_wconf 80' lang='lat' dir='ltr'><strong>possint.</strong></span> 
     </span>
    </p>
   </div>
   <div class='ocr_carea' id='block_1_93' title="bbox 527 5556 2078 5634">
    <p class='ocr_par' dir='ltr' id='par_1_93' title="bbox 527 5556 2078 5634">
     <span class='ocr_line' id='line_1_93' title="bbox 527 5556 2078 5634; baseline 0.001 -20"><span class='ocrx_word' id='word_1_738' title='bbox 527 5556 679 5625; x_wconf 86' lang='lat' dir='ltr'><strong>Quod</strong></span> <span class='ocrx_word' id='word_1_739' title='bbox 709 5561 757 5618; x_wconf 90' lang='lat' dir='ltr'><strong>si</strong></span> <span class='ocrx_word' id='word_1_740' title='bbox 780 5562 1065 5634; x_wconf 79' lang='lat' dir='ltr'><strong>disciplina</strong></span> <span class='ocrx_word' id='word_1_741' title='bbox 1098 5561 1397 5632; x_wconf 90' lang='lat' dir='ltr'><strong>meliorque</strong></span> <span class='ocrx_word' id='word_1_742' title='bbox 1431 5561 1696 5619; x_wconf 86' lang='lat' dir='ltr'><strong>institutio</strong></span> <span class='ocrx_word' id='word_1_743' title='bbox 1718 5576 1782 5620; x_wconf 89' lang='lat' dir='ltr'><strong>ac</strong></span> <span class='ocrx_word' id='word_1_744' title='bbox 1808 5560 2078 5626; x_wconf 88' lang='lat' dir='ltr'><strong>educatio,</strong></span> 
     </span>
    </p>
   </div>
   <div class='ocr_carea' id='block_1_94' title="bbox 592 5728 1356 5801">
    <p class='ocr_par' dir='ltr' id='par_1_94' title="bbox 592 5728 1356 5801">
     <span class='ocr_line' id='line_1_94' title="bbox 592 5728 1356 5801; baseline 0.004 -9"><span class='ocrx_word' id='word_1_745' title='bbox 592 5728 672 5801; x_wconf 75' lang='grc'><strong>(4)</strong></span> <span class='ocrx_word' id='word_1_746' title='bbox 714 5737 830 5797; x_wconf 70' lang='grc' dir='ltr'><strong>Τὴν</strong></span> <span class='ocrx_word' id='word_1_747' title='bbox 850 5737 1125 5800; x_wconf 74' lang='grc' dir='ltr'><strong>ὓλην.⁶Ἦ</strong></span> <span class='ocrx_word' id='word_1_748' title='bbox 1148 5756 1208 5795; x_wconf 80' lang='grc' dir='ltr'><strong>τε</strong></span> <span class='ocrx_word' id='word_1_749' title='bbox 1236 5738 1356 5801; x_wconf 79' lang='grc' dir='ltr'>ὕλη.</span> 
     </span>
    </p>
   </div>
   <div class='ocr_carea' id='block_1_95' title="bbox 2201 4548 3751 4622">
    <p class='ocr_par' dir='ltr' id='par_1_95' title="bbox 2201 4548 3751 4622">
     <span class='ocr_line' id='line_1_95' title="bbox 2201 4548 3751 4622; baseline 0 -20"><span class='ocrx_word' id='word_1_750' title='bbox 2201 4548 2549 4613; x_wconf 88' lang='grc' dir='ltr'>σπουδαίους;</span> <span class='ocrx_word' id='word_1_751' title='bbox 2591 4551 2654 4603; x_wconf 90' lang='grc' dir='ltr'><strong>Ὃ</strong></span> <span class='ocrx_word' id='word_1_752' title='bbox 2694 4548 2803 4622; x_wconf 85' lang='grc' dir='ltr'><strong>γὰρ</strong></span> <span class='ocrx_word' id='word_1_753' title='bbox 2825 4551 2952 4622; x_wconf 75' lang='grc' dir='ltr'>περὶ</span> <span class='ocrx_word' id='word_1_754' title='bbox 2981 4550 3099 4613; x_wconf 76' lang='grc' dir='ltr'>ἕνα,</span> <span class='ocrx_word' id='word_1_755' title='bbox 3141 4552 3236 4606; x_wconf 57' lang='grc' dir='ltr'><strong>καὶ⁸</strong></span> <span class='ocrx_word' id='word_1_756' title='bbox 3269 4550 3396 4622; x_wconf 81' lang='grc' dir='ltr'>περὶ</span> <span class='ocrx_word' id='word_1_757' title='bbox 3429 4552 3633 4614; x_wconf 85' lang='grc' dir='ltr'>πάντας</span> <span class='ocrx_word' id='word_1_758' title='bbox 3661 4552 3751 4602; x_wconf 81' lang='grc' dir='ltr'><strong>ὲν-</strong></span> 
     </span>
    </p>
   </div>
   <div class='ocr_carea' id='block_1_96' title="bbox 2196 4637 3752 4713">
    <p class='ocr_par' dir='ltr' id='par_1_96' title="bbox 2196 4637 3752 4713">
     <span class='ocr_line' id='line_1_96' title="bbox 2196 4637 3752 4713; baseline 0.002 -17"><span class='ocrx_word' id='word_1_759' title='bbox 2196 4640 2437 4713; x_wconf 79' lang='grc' dir='ltr'>δέχεται’</span> <span class='ocrx_word' id='word_1_760' title='bbox 2473 4643 2566 4697; x_wconf 62' lang='grc' dir='ltr'><strong>καὶ¹</strong></span> <span class='ocrx_word' id='word_1_761' title='bbox 2597 4644 2661 4696; x_wconf 80' lang='grc' dir='ltr'><strong>δι’</strong></span> <span class='ocrx_word' id='word_1_762' title='bbox 2696 4637 2770 4697; x_wconf 84' lang='grc' dir='ltr'>ὧν</span> <span class='ocrx_word' id='word_1_763' title='bbox 2807 4645 2902 4698; x_wconf 77' lang='grc' dir='ltr'>καὶ</span> <span class='ocrx_word' id='word_1_764' title='bbox 2930 4639 3029 4709; x_wconf 76' lang='grc' dir='ltr'>εἷς,</span> <span class='ocrx_word' id='word_1_765' title='bbox 3063 4646 3151 4700; x_wconf 86' lang='grc' dir='ltr'><strong>διὰ</strong></span> <span class='ocrx_word' id='word_1_766' title='bbox 3181 4646 3384 4699; x_wconf 91' lang='grc' dir='ltr'>τούτων</span> <span class='ocrx_word' id='word_1_767' title='bbox 3426 4645 3519 4700; x_wconf 76' lang='grc' dir='ltr'>καὶ</span> <span class='ocrx_word' id='word_1_768' title='bbox 3552 4645 3752 4710; x_wconf 88' lang='grc' dir='ltr'>πάντες</span> 
     </span>
    </p>
   </div>
   <div class='ocr_carea' id='block_1_97' title="bbox 2199 4733 3751 4809">
    <p class='ocr_par' dir='ltr' id='par_1_97' title="bbox 2199 4733 3751 4809">
     <span class='ocr_line' id='line_1_97' title="bbox 2199 4733 3751 4809; baseline 0.003 -24"><span class='ocrx_word' id='word_1_769' title='bbox 2199 4733 2439 4805; x_wconf 71' lang='grc' dir='ltr'>ἐνάρετοι</span> <span class='ocrx_word' id='word_1_770' title='bbox 2474 4735 2541 4789; x_wconf 88' lang='grc' dir='ltr'>ἂν</span> <span class='ocrx_word' id='word_1_771' title='bbox 2576 4735 2845 4804; x_wconf 84' lang='grc' dir='ltr'>γένοιντο’</span> <span class='ocrx_word' id='word_1_772' title='bbox 2873 4738 2921 4789; x_wconf 86' lang='grc' dir='ltr'><strong>εἰ</strong></span> <span class='ocrx_word' id='word_1_773' title='bbox 2953 4735 3029 4808; x_wconf 84' lang='grc' dir='ltr'>μὴ</span> <span class='ocrx_word' id='word_1_774' title='bbox 3061 4737 3114 4789; x_wconf 87' lang='grc' dir='ltr'><strong>τί</strong></span> <span class='ocrx_word' id='word_1_775' title='bbox 3143 4753 3304 4807; x_wconf 79' lang='grc' dir='ltr'>φασιν</span> <span class='ocrx_word' id='word_1_776' title='bbox 3335 4737 3434 4807; x_wconf 83' lang='grc' dir='ltr'>τῆς</span> <span class='ocrx_word' id='word_1_777' title='bbox 3472 4736 3751 4809; x_wconf 87' lang='grc' dir='ltr'>δυνάμεως</span> 
     </span>
    </p>
   </div>
   <div class='ocr_carea' id='block_1_98' title="bbox 2196 4821 3444 4900">
    <p class='ocr_par' dir='ltr' id='par_1_98' title="bbox 2196 4821 3444 4900">
     <span class='ocr_line' id='line_1_98' title="bbox 2196 4821 3444 4900; baseline 0.005 -25"><span class='ocrx_word' id='word_1_778' title='bbox 2196 4821 2441 4877; x_wconf 81' lang='grc' dir='ltr'>πλεῖστον</span> <span class='ocrx_word' id='word_1_779' title='bbox 2465 4827 2574 4888; x_wconf 85' lang='grc' dir='ltr'>τοῖς</span> <span class='ocrx_word' id='word_1_780' title='bbox 2603 4826 2859 4890; x_wconf 87' lang='grc' dir='ltr'>τοιούτοις</span> <span class='ocrx_word' id='word_1_781' title='bbox 2884 4825 3444 4900; x_wconf 77' lang='grc' dir='ltr'>ὲναπολαμόάνεσθαι.</span> 
     </span>
    </p>
   </div>
   <div class='ocr_carea' id='block_1_99' title="bbox 2261 5003 3750 5082">
    <p class='ocr_par' dir='ltr' id='par_1_99' title="bbox 2261 5003 3750 5082">
     <span class='ocr_line' id='line_1_99' title="bbox 2261 5003 3750 5082; baseline 0.003 -25"><span class='ocrx_word' id='word_1_782' title='bbox 2261 5003 2428 5058; x_wconf 88' lang='grc' dir='ltr'>Πάλιν</span> <span class='ocrx_word' id='word_1_783' title='bbox 2452 5007 2627 5060; x_wconf 83' lang='grc' dir='ltr'>τοίνυν</span> <span class='ocrx_word' id='word_1_784' title='bbox 2661 5008 2875 5078; x_wconf 84' lang='grc' dir='ltr'>πρῶτον</span> <span class='ocrx_word' id='word_1_785' title='bbox 2907 5008 3024 5079; x_wconf 80' lang='grc' dir='ltr'>μέν’</span> <span class='ocrx_word' id='word_1_786' title='bbox 3059 5008 3155 5072; x_wconf 81' lang='grc' dir='ltr'><strong>Τίς</strong></span> <span class='ocrx_word' id='word_1_787' title='bbox 3185 5010 3343 5080; x_wconf 86' lang='grc' dir='ltr'>χρεία</span> <span class='ocrx_word' id='word_1_788' title='bbox 3368 5008 3461 5063; x_wconf 83' lang='grc' dir='ltr'>τοῦ</span> <span class='ocrx_word' id='word_1_789' title='bbox 3495 5009 3625 5082; x_wconf 71' lang='grc' dir='ltr'>περὶ</span> <span class='ocrx_word' id='word_1_790' title='bbox 3649 5008 3750 5081; x_wconf 84' lang='grc' dir='ltr'>τὴν</span> 
     </span>
    </p>
   </div>
   <div class='ocr_carea' id='block_1_100' title="bbox 2189 5096 3748 5171">
    <p class='ocr_par' dir='ltr' id='par_1_100' title="bbox 2189 5096 3748 5171">
     <span class='ocr_line' id='line_1_100' title="bbox 2189 5096 3748 5171; baseline 0.003 -22"><span class='ocrx_word' id='word_1_791' title='bbox 2189 5096 2466 5153; x_wconf 87' lang='grc' dir='ltr'>παίδευσιν</span> <span class='ocrx_word' id='word_1_792' title='bbox 2513 5097 2676 5151; x_wconf 86' lang='grc' dir='ltr'>πόνου</span> <span class='ocrx_word' id='word_1_793' title='bbox 2761 5099 3083 5171; x_wconf 86' lang='grc' dir='ltr'>(γενοίμεθα</span> <span class='ocrx_word' id='word_1_794' title='bbox 3132 5100 3241 5171; x_wconf 86' lang='grc' dir='ltr'><strong>γὰρ</strong></span> <span class='ocrx_word' id='word_1_795' title='bbox 3286 5101 3351 5155; x_wconf 86' lang='grc' dir='ltr'>ἂν</span> <span class='ocrx_word' id='word_1_796' title='bbox 3399 5100 3748 5166; x_wconf 83' lang='grc' dir='ltr'>καθεύδοντες</span> 
     </span>
    </p>
   </div>
   <div class='ocr_carea' id='block_1_101' title="bbox 2188 5190 3745 5266">
    <p class='ocr_par' dir='ltr' id='par_1_101' title="bbox 2188 5190 3745 5266">
     <span class='ocr_line' id='line_1_101' title="bbox 2188 5190 3745 5266; baseline 0.001 -23"><span class='ocrx_word' id='word_1_797' title='bbox 2188 5191 2461 5245; x_wconf 86' lang='grc' dir='ltr'>σπουδαῖοι</span> <span class='ocrx_word' id='word_1_798' title='bbox 2485 5193 2547 5266; x_wconf 85' lang='grc'><strong>);</strong></span> <span class='ocrx_word' id='word_1_799' title='bbox 2585 5190 2618 5262; x_wconf 78' lang='grc' dir='ltr'>ἦ</span> <span class='ocrx_word' id='word_1_800' title='bbox 2676 5191 2763 5246; x_wconf 83' lang='grc' dir='ltr'><strong>διὰ</strong></span> <span class='ocrx_word' id='word_1_801' title='bbox 2803 5191 2857 5246; x_wconf 88' lang='grc' dir='ltr'>τί</span> <span class='ocrx_word' id='word_1_802' title='bbox 2909 5193 3140 5264; x_wconf 89' lang='grc' dir='ltr'>μάλιστα</span> <span class='ocrx_word' id='word_1_803' title='bbox 3196 5193 3321 5256; x_wconf 79' lang='grc' dir='ltr'>τοὺς</span> <span class='ocrx_word' id='word_1_804' title='bbox 3367 5193 3745 5264; x_wconf 82' lang='grc' dir='ltr'>ἀκροωμένους</span> 
     </span>
    </p>
   </div>
   <div class='ocr_carea' id='block_1_102' title="bbox 2186 5282 3744 5354">
    <p class='ocr_par' dir='ltr' id='par_1_102' title="bbox 2186 5282 3744 5354">
     <span class='ocr_line' id='line_1_102' title="bbox 2186 5282 3744 5354; baseline 0.001 -19"><span class='ocrx_word' id='word_1_805' title='bbox 2186 5282 2365 5336; x_wconf 73' lang='grc' dir='ltr'>αὐτῶν</span> <span class='ocrx_word' id='word_1_806' title='bbox 2387 5284 2436 5336; x_wconf 90' lang='grc' dir='ltr'>οἱ</span> <span class='ocrx_word' id='word_1_807' title='bbox 2461 5282 2687 5336; x_wconf 84' lang='grc' dir='ltr'>τοιοῦτοι</span> <span class='ocrx_word' id='word_1_808' title='bbox 2720 5282 2909 5354; x_wconf 77' lang='grc' dir='ltr'>ἄνδρες</span> <span class='ocrx_word' id='word_1_809' title='bbox 2938 5285 3017 5347; x_wconf 86' lang='grc' dir='ltr'><strong>εἰς</strong></span> <span class='ocrx_word' id='word_1_810' title='bbox 3051 5283 3272 5347; x_wconf 77' lang='grc' dir='ltr'>ἐλπίδας</span> <span class='ocrx_word' id='word_1_811' title='bbox 3315 5283 3504 5352; x_wconf 82' lang='grc' dir='ltr'>ἄγουσι</span> <span class='ocrx_word' id='word_1_812' title='bbox 3532 5282 3624 5337; x_wconf 78' lang='grc' dir='ltr'>τοῦ</span> <span class='ocrx_word' id='word_1_813' title='bbox 3652 5300 3744 5337; x_wconf 72' lang='grc' dir='ltr'>και</span> 
     </span>
    </p>
   </div>
   <div class='ocr_carea' id='block_1_103' title="bbox 2185 5374 3743 5447">
    <p class='ocr_par' dir='ltr' id='par_1_103' title="bbox 2185 5374 3743 5447">
     <span class='ocr_line' id='line_1_103' title="bbox 2185 5374 3743 5447; baseline 0.001 -19"><span class='ocrx_word' id='word_1_814' title='bbox 2185 5375 2310 5440; x_wconf 82' lang='grc' dir='ltr'><strong>λοῦ;</strong></span> <span class='ocrx_word' id='word_1_815' title='bbox 2345 5377 2456 5430; x_wconf 68' lang='grc' dir='ltr'><strong>Καὶ</strong></span> <span class='ocrx_word' id='word_1_816' title='bbox 2487 5375 2591 5447; x_wconf 92' lang='lat'><strong>7&amp;9</strong></span> <span class='ocrx_word' id='word_1_817' title='bbox 2622 5374 3027 5446; x_wconf 86' lang='grc' dir='ltr'>καλινδούμενοι</span> <span class='ocrx_word' id='word_1_818' title='bbox 3074 5377 3170 5429; x_wconf 78' lang='grc' dir='ltr'>σὺν</span> <span class='ocrx_word' id='word_1_819' title='bbox 3215 5378 3333 5439; x_wconf 83' lang='grc' dir='ltr'>ταῖς</span> <span class='ocrx_word' id='word_1_820' title='bbox 3380 5375 3638 5447; x_wconf 78' lang='grc' dir='ltr'>ἑταίραις,</span> <span class='ocrx_word' id='word_1_821' title='bbox 3684 5374 3743 5430; x_wconf 85' lang='grc' dir='ltr'><strong>τδ</strong></span> 
     </span>
    </p>
   </div>
   <div class='ocr_carea' id='block_1_104' title="bbox 2184 5466 3742 5540">
    <p class='ocr_par' dir='ltr' id='par_1_104' title="bbox 2184 5466 3742 5540">
     <span class='ocr_line' id='line_1_104' title="bbox 2184 5466 3742 5540; baseline -0.001 -20"><span class='ocrx_word' id='word_1_822' title='bbox 2184 5468 2379 5522; x_wconf 80' lang='grc' dir='ltr'>οἰκεῖον</span> <span class='ocrx_word' id='word_1_823' title='bbox 2415 5467 2583 5538; x_wconf 79' lang='grc' dir='ltr'>ἔχειεν</span> <span class='ocrx_word' id='word_1_824' title='bbox 2625 5467 2691 5521; x_wconf 86' lang='grc' dir='ltr'><strong>ἀν</strong></span> <span class='ocrx_word' id='word_1_825' title='bbox 2736 5467 2959 5536; x_wconf 89' lang='grc' dir='ltr'>ἀγαθόν.</span> <span class='ocrx_word' id='word_1_826' title='bbox 2992 5469 3053 5522; x_wconf 90' lang='grc' dir='ltr'>Εἰ</span> <span class='ocrx_word' id='word_1_827' title='bbox 3086 5468 3142 5521; x_wconf 83' lang='grc' dir='ltr'>δὲ</span> <span class='ocrx_word' id='word_1_828' title='bbox 3181 5470 3217 5540; x_wconf 83' lang='grc' dir='ltr'>ἡ</span> <span class='ocrx_word' id='word_1_829' title='bbox 3260 5468 3538 5532; x_wconf 83' lang='grc' dir='ltr'>παίδευσις</span> <span class='ocrx_word' id='word_1_830' title='bbox 3571 5466 3663 5521; x_wconf 67' lang='grc' dir='ltr'><strong>καί⁵</strong></span> <span class='ocrx_word' id='word_1_831' title='bbox 3705 5468 3742 5537; x_wconf 76' lang='grc' dir='ltr'><strong>ἡ</strong></span> 
     </span>
    </p>
   </div>
   <div class='ocr_carea' id='block_1_105' title="bbox 2184 5557 3742 5635">
    <p class='ocr_par' dir='ltr' id='par_1_105' title="bbox 2184 5557 3742 5635">
     <span class='ocr_line' id='line_1_105' title="bbox 2184 5557 3742 5635; baseline 0.003 -24"><span class='ocrx_word' id='word_1_832' title='bbox 2184 5559 2501 5630; x_wconf 83' lang='grc' dir='ltr'>περιαγωγὴ</span> <span class='ocrx_word' id='word_1_833' title='bbox 2536 5560 2569 5629; x_wconf 84' lang='grc' dir='ltr'>ἡ</span> <span class='ocrx_word' id='word_1_834' title='bbox 2598 5557 2817 5629; x_wconf 79' lang='grc' dir='ltr'>βελτίων</span> <span class='ocrx_word' id='word_1_835' title='bbox 2848 5559 2942 5613; x_wconf 76' lang='grc' dir='ltr'>καὶ</span> <span class='ocrx_word' id='word_1_836' title='bbox 2972 5559 3035 5615; x_wconf 86' lang='grc' dir='ltr'>τὸ</span> <span class='ocrx_word' id='word_1_837' title='bbox 3058 5561 3341 5616; x_wconf 81' lang='grc' dir='ltr'>σπουδαῖον</span> <span class='ocrx_word' id='word_1_838' title='bbox 3371 5562 3500 5634; x_wconf 78' lang='grc' dir='ltr'>περὶ</span> <span class='ocrx_word' id='word_1_839' title='bbox 3520 5560 3617 5635; x_wconf 78' lang='grc' dir='ltr'><strong>τὴν</strong></span> <span class='ocrx_word' id='word_1_840' title='bbox 3640 5560 3742 5631; x_wconf 79' lang='grc' dir='ltr'>τῆς</span> 
     </span>
    </p>
   </div>
   <div class='ocr_carea' id='block_1_106' title="bbox 2252 5736 2986 5802">
    <p class='ocr_par' dir='ltr' id='par_1_106' title="bbox 2252 5736 2986 5802">
     <span class='ocr_line' id='line_1_106' title="bbox 2252 5736 2986 5802; baseline 0.001 -10"><span class='ocrx_word' id='word_1_841' title='bbox 2252 5737 2326 5801; x_wconf 80' lang='lat'><strong>(5)</strong></span> <span class='ocrx_word' id='word_1_842' title='bbox 2367 5737 2645 5802; x_wconf 79' lang='grc' dir='ltr'>Αἱσθητά.</span> <span class='ocrx_word' id='word_1_843' title='bbox 2670 5736 2986 5801; x_wconf 81' lang='grc' dir='ltr'>Αἰσθητικά.</span> 
     </span>
    </p>
   </div>
  </div>
