  <div class='ocr_page' id='page_1' title='image "/cluster/home/n/w/nwhite01/storage/ocr_20150623/18/mdp.39015008168943/230.png"; bbox 0 0 4088 6284; ppageno 0'>
   <div class='ocr_carea' id='block_1_1' title="bbox 261 465 357 519">
    <p class='ocr_par' dir='ltr' id='par_1_1' title="bbox 261 465 357 519">
     <span class='ocr_line' id='line_1_1' title="bbox 261 465 357 519; baseline 0 0"><span class='ocrx_word' id='word_1_1' title='bbox 261 465 357 519; x_wconf 64' lang='grc'><strong>853</strong></span> 
     </span>
    </p>
   </div>
   <div class='ocr_carea' id='block_1_2' title="bbox 1127 460 2600 520">
    <p class='ocr_par' dir='ltr' id='par_1_2' title="bbox 1127 460 2600 520">
     <span class='ocr_line' id='line_1_2' title="bbox 1127 460 2600 520; baseline 0.002 -3"><span class='ocrx_word' id='word_1_2' title='bbox 1127 463 1541 520; x_wconf 78' lang='lat' dir='ltr'><strong>TRACTATUS</strong></span> <span class='ocrx_word' id='word_1_3' title='bbox 1579 464 1667 518; x_wconf 89' lang='lat' dir='ltr'><strong>DE</strong></span> <span class='ocrx_word' id='word_1_4' title='bbox 1704 463 2012 520; x_wconf 76' lang='lat' dir='ltr'><strong>PLAClTlS</strong></span> <span class='ocrx_word' id='word_1_5' title='bbox 2046 460 2600 520; x_wconf 68' lang='lat' dir='ltr'><strong>MANICHADRUMt</strong></span> 
     </span>
    </p>
   </div>
   <div class='ocr_carea' id='block_1_3' title="bbox 3349 462 3451 521">
    <p class='ocr_par' dir='ltr' id='par_1_3' title="bbox 3349 462 3451 521">
     <span class='ocr_line' id='line_1_3' title="bbox 3349 462 3451 521; baseline 0.01 -1"><span class='ocrx_word' id='word_1_6' title='bbox 3349 462 3451 521; x_wconf 61' lang='lat'><strong>434</strong></span> 
     </span>
    </p>
   </div>
   <div class='ocr_carea' id='block_1_4' title="bbox 262 579 1806 658">
    <p class='ocr_par' dir='ltr' id='par_1_4' title="bbox 262 579 1800 653">
     <span class='ocr_line' id='line_1_4' title="bbox 262 579 1800 653; baseline -0.001 -17"><span class='ocrx_word' id='word_1_7' title='bbox 262 579 450 652; x_wconf 79' lang='grc' dir='ltr'>ἀρετῆς</span> <span class='ocrx_word' id='word_1_8' title='bbox 477 580 738 651; x_wconf 78' lang='grc' dir='ltr'><strong>ἀνάληψιν</strong></span> <span class='ocrx_word' id='word_1_9' title='bbox 769 581 1000 634; x_wconf 89' lang='grc' dir='ltr'>τοιοῦτον</span> <span class='ocrx_word' id='word_1_10' title='bbox 1032 582 1190 636; x_wconf 80' lang='grc' dir='ltr'>αὑτὸν</span> <span class='ocrx_word' id='word_1_11' title='bbox 1222 585 1628 653; x_wconf 79' lang='grc' dir='ltr'>ἐπειργάσαντο,</span> <span class='ocrx_word' id='word_1_12' title='bbox 1666 583 1800 636; x_wconf 79' lang='grc' dir='ltr'>πάν-</span> 
     </span>
    </p>
   </div>
   <div class='ocr_carea' id='block_1_5' title="bbox 1911 579 3453 658">
    <p class='ocr_par' dir='ltr' id='par_1_5' title="bbox 1911 583 3453 655">
     <span class='ocr_line' id='line_1_5' title="bbox 1911 583 3453 655; baseline 0.001 -17"><span class='ocrx_word' id='word_1_13' title='bbox 1911 583 2286 654; x_wconf 75' lang='lat' dir='ltr'><strong>diligentiaque</strong></span> <span class='ocrx_word' id='word_1_14' title='bbox 2311 597 2376 640; x_wconf 86' lang='lat' dir='ltr'><strong>ac</strong></span> <span class='ocrx_word' id='word_1_15' title='bbox 2406 584 2667 640; x_wconf 74' lang='lat' dir='ltr'><strong>sedulitas</strong></span> <span class='ocrx_word' id='word_1_16' title='bbox 2695 583 3036 655; x_wconf 85' lang='lat' dir='ltr'><strong>percipienda</strong></span> <span class='ocrx_word' id='word_1_17' title='bbox 3066 584 3262 641; x_wconf 87' lang='lat' dir='ltr'><strong>virtute</strong></span> <span class='ocrx_word' id='word_1_18' title='bbox 3289 583 3453 640; x_wconf 86' lang='lat' dir='ltr'><strong>talem</strong></span> 
     </span>
    </p>
   </div>
   <div class='ocr_carea' id='block_1_6' title="bbox 260 671 1801 746">
    <p class='ocr_par' dir='ltr' id='par_1_6' title="bbox 260 671 1801 746">
     <span class='ocr_line' id='line_1_6' title="bbox 260 671 1801 746; baseline 0.002 -22"><span class='ocrx_word' id='word_1_19' title='bbox 260 689 343 735; x_wconf 87' lang='grc' dir='ltr'><strong>τες</strong></span> <span class='ocrx_word' id='word_1_20' title='bbox 386 673 718 740; x_wconf 84' lang='grc' dir='ltr'>γινέσθωσαν</span> <span class='ocrx_word' id='word_1_21' title='bbox 759 675 1003 739; x_wconf 90' lang='grc' dir='ltr'>τοιοῦτοι,</span> <span class='ocrx_word' id='word_1_22' title='bbox 1049 674 1142 726; x_wconf 72' lang='grc' dir='ltr'>καὶ</span> <span class='ocrx_word' id='word_1_23' title='bbox 1175 674 1439 746; x_wconf 80' lang='grc' dir='ltr'><strong>ἀνῄρηται</strong></span> <span class='ocrx_word' id='word_1_24' title='bbox 1477 671 1509 738; x_wconf 87' lang='grc' dir='ltr'><strong>ή</strong></span> <span class='ocrx_word' id='word_1_25' title='bbox 1551 674 1801 745; x_wconf 86' lang='grc' dir='ltr'>θρυλλου-</span> 
     </span>
    </p>
   </div>
   <div class='ocr_carea' id='block_1_7' title="bbox 260 763 1515 838">
    <p class='ocr_par' dir='ltr' id='par_1_7' title="bbox 260 763 1515 838">
     <span class='ocr_line' id='line_1_7' title="bbox 260 763 1515 838; baseline 0.001 -21"><span class='ocrx_word' id='word_1_26' title='bbox 260 763 390 834; x_wconf 82' lang='grc' dir='ltr'>μένη</span> <span class='ocrx_word' id='word_1_27' title='bbox 422 763 513 818; x_wconf 78' lang='grc' dir='ltr'>ὑπ’</span> <span class='ocrx_word' id='word_1_28' title='bbox 537 764 716 818; x_wconf 85' lang='grc' dir='ltr'>αὐτῶν</span> <span class='ocrx_word' id='word_1_29' title='bbox 749 766 848 836; x_wconf 83' lang='grc' dir='ltr'>τῆς</span> <span class='ocrx_word' id='word_1_30' title='bbox 880 766 1009 837; x_wconf 76' lang='grc' dir='ltr'>ὕλης</span> <span class='ocrx_word' id='word_1_31' title='bbox 1038 767 1264 829; x_wconf 83' lang='grc' dir='ltr'>ἄτακτος</span> <span class='ocrx_word' id='word_1_32' title='bbox 1288 767 1515 838; x_wconf 87' lang='grc' dir='ltr'>κίνησις.</span> 
     </span>
    </p>
   </div>
   <div class='ocr_carea' id='block_1_8' title="bbox 323 940 1805 1016">
    <p class='ocr_par' dir='ltr' id='par_1_8' title="bbox 323 940 1805 1016">
     <span class='ocr_line' id='line_1_8' title="bbox 323 940 1805 1016; baseline 0.003 -19"><span class='ocrx_word' id='word_1_33' title='bbox 323 944 466 997; x_wconf 80' lang='grc' dir='ltr'>Πολὺ</span> <span class='ocrx_word' id='word_1_34' title='bbox 495 942 553 996; x_wconf 83' lang='grc' dir='ltr'>δὲ</span> <span class='ocrx_word' id='word_1_35' title='bbox 595 942 808 996; x_wconf 83' lang='grc' dir='ltr'>κάλλιον</span> <span class='ocrx_word' id='word_1_36' title='bbox 848 940 914 1016; x_wconf 77' lang='grc' dir='ltr'>ἦν</span> <span class='ocrx_word' id='word_1_37' title='bbox 947 947 1047 1016; x_wconf 86' lang='grc' dir='ltr'>τὴν</span> <span class='ocrx_word' id='word_1_38' title='bbox 1084 945 1270 1014; x_wconf 84' lang='grc' dir='ltr'>σοφίαν</span> <span class='ocrx_word' id='word_1_39' title='bbox 1307 946 1468 1000; x_wconf 85' lang='grc' dir='ltr'>ὅπλον</span> <span class='ocrx_word' id='word_1_40' title='bbox 1502 949 1661 1016; x_wconf 85' lang='grc' dir='ltr'>φάναι</span> <span class='ocrx_word' id='word_1_41' title='bbox 1692 953 1805 1013; x_wconf 81' lang='grc' dir='ltr'>τοῖς</span> 
     </span>
    </p>
   </div>
   <div class='ocr_carea' id='block_1_9' title="bbox 258 1035 1805 1107">
    <p class='ocr_par' dir='ltr' id='par_1_9' title="bbox 258 1035 1805 1107">
     <span class='ocr_line' id='line_1_9' title="bbox 258 1035 1805 1107; baseline 0.001 -16"><span class='ocrx_word' id='word_1_42' title='bbox 258 1035 558 1107; x_wconf 86' lang='grc' dir='ltr'>ἀνθρώποις</span> <span class='ocrx_word' id='word_1_43' title='bbox 582 1037 685 1090; x_wconf 88' lang='grc' dir='ltr'><strong>ὑπὸ</strong></span> <span class='ocrx_word' id='word_1_44' title='bbox 711 1036 802 1090; x_wconf 87' lang='grc' dir='ltr'><strong>τοῦ</strong></span> <span class='ocrx_word' id='word_1_45' title='bbox 833 1036 964 1090; x_wconf 83' lang='grc' dir='ltr'>Θεοῦ</span> <span class='ocrx_word' id='word_1_46' title='bbox 992 1037 1254 1103; x_wconf 82' lang='grc' dir='ltr'><strong>δεδόσθαι,</strong></span> <span class='ocrx_word' id='word_1_47' title='bbox 1291 1039 1358 1092; x_wconf 79' lang='grc' dir='ltr'><strong>ἵν’</strong></span> <span class='ocrx_word' id='word_1_48' title='bbox 1395 1040 1423 1093; x_wconf 83' lang='grc' dir='ltr'>ὅ</span> <span class='ocrx_word' id='word_1_49' title='bbox 1451 1042 1596 1094; x_wconf 79' lang='grc' dir='ltr'>ἐστιν</span> <span class='ocrx_word' id='word_1_50' title='bbox 1627 1041 1805 1104; x_wconf 75' lang='grc' dir='ltr'>αὐτοῖς</span> 
     </span>
    </p>
   </div>
   <div class='ocr_carea' id='block_1_10' title="bbox 255 1125 1802 1204">
    <p class='ocr_par' dir='ltr' id='par_1_10' title="bbox 255 1125 1802 1204">
     <span class='ocr_line' id='line_1_10' title="bbox 255 1125 1802 1204; baseline 0.005 -23"><span class='ocrx_word' id='word_1_51' title='bbox 255 1129 337 1183; x_wconf 80' lang='grc' dir='ltr'>διὰ</span> <span class='ocrx_word' id='word_1_52' title='bbox 377 1129 440 1182; x_wconf 87' lang='grc' dir='ltr'><strong>τὸ</strong></span> <span class='ocrx_word' id='word_1_53' title='bbox 480 1129 808 1199; x_wconf 74' lang='grc' dir='ltr'>αἰσθητικοῖς</span> <span class='ocrx_word' id='word_1_54' title='bbox 846 1125 983 1182; x_wconf 85' lang='grc' dir='ltr'>εἷναι</span> <span class='ocrx_word' id='word_1_55' title='bbox 1024 1129 1081 1196; x_wconf 78' lang='grc' dir='ltr'>ἐξ</span> <span class='ocrx_word' id='word_1_56' title='bbox 1120 1129 1414 1202; x_wconf 83' lang='grc' dir='ltr'>ἐπιθυμίας</span> <span class='ocrx_word' id='word_1_57' title='bbox 1459 1133 1551 1186; x_wconf 77' lang='grc' dir='ltr'><strong>καὶ</strong></span> <span class='ocrx_word' id='word_1_58' title='bbox 1594 1133 1802 1204; x_wconf 79' lang='grc' dir='ltr'><strong>ἡδονῆς,</strong></span> 
     </span>
    </p>
   </div>
   <div class='ocr_carea' id='block_1_11' title="bbox 256 1221 1807 1296">
    <p class='ocr_par' dir='ltr' id='par_1_11' title="bbox 256 1221 1807 1296">
     <span class='ocr_line' id='line_1_11' title="bbox 256 1221 1807 1296; baseline 0.003 -22"><span class='ocrx_word' id='word_1_59' title='bbox 256 1221 410 1274; x_wconf 84' lang='grc' dir='ltr'>τοῦτο</span> <span class='ocrx_word' id='word_1_60' title='bbox 455 1221 594 1274; x_wconf 79' lang='grc' dir='ltr'>κατὰ</span> <span class='ocrx_word' id='word_1_61' title='bbox 647 1221 839 1292; x_wconf 87' lang='grc' dir='ltr'>μικρὸν</span> <span class='ocrx_word' id='word_1_62' title='bbox 878 1223 959 1286; x_wconf 79' lang='grc' dir='ltr'><strong>είς</strong></span> <span class='ocrx_word' id='word_1_63' title='bbox 1004 1221 1064 1274; x_wconf 86' lang='grc' dir='ltr'><strong>τὸ</strong></span> <span class='ocrx_word' id='word_1_64' title='bbox 1105 1222 1301 1292; x_wconf 88' lang='grc' dir='ltr'>ἀγαθὸν</span> <span class='ocrx_word' id='word_1_65' title='bbox 1347 1225 1697 1296; x_wconf 82' lang='grc' dir='ltr'>περιάγουσα.</span> <span class='ocrx_word' id='word_1_66' title='bbox 1749 1225 1807 1278; x_wconf 88' lang='grc' dir='ltr'><strong>τὸ</strong></span> 
     </span>
    </p>
   </div>
   <div class='ocr_carea' id='block_1_12' title="bbox 256 1311 1805 1388">
    <p class='ocr_par' dir='ltr' id='par_1_12' title="bbox 256 1311 1805 1388">
     <span class='ocr_line' id='line_1_12' title="bbox 256 1311 1805 1388; baseline 0.002 -22"><span class='ocrx_word' id='word_1_67' title='bbox 256 1314 516 1384; x_wconf 79' lang='grc' dir='ltr'>ἑπόμενον</span> <span class='ocrx_word' id='word_1_68' title='bbox 545 1313 741 1366; x_wconf 82' lang='grc' dir='ltr'>ἄτοπον</span> <span class='ocrx_word' id='word_1_69' title='bbox 774 1313 830 1381; x_wconf 82' lang='grc' dir='ltr'>ἐξ</span> <span class='ocrx_word' id='word_1_70' title='bbox 861 1314 1037 1368; x_wconf 83' lang='grc' dir='ltr'>αὐτῶν</span> <span class='ocrx_word' id='word_1_71' title='bbox 1083 1314 1246 1388; x_wconf 77' lang='grc' dir='ltr'>ἀνέλῃ</span> <span class='ocrx_word' id='word_1_72' title='bbox 1267 1331 1280 1344; x_wconf 75' lang='grc'><strong><em>⁸</em></strong></span> <span class='ocrx_word' id='word_1_73' title='bbox 1315 1315 1486 1378; x_wconf 73' lang='grc' dir='ltr'>οὕτως</span> <span class='ocrx_word' id='word_1_74' title='bbox 1517 1316 1624 1387; x_wconf 87' lang='grc' dir='ltr'><strong>γὰρ</strong></span> <span class='ocrx_word' id='word_1_75' title='bbox 1665 1311 1805 1370; x_wconf 71' lang='grc' dir='ltr'>οὗτοί</span> 
     </span>
    </p>
   </div>
   <div class='ocr_carea' id='block_1_13' title="bbox 255 1404 1806 1479">
    <p class='ocr_par' dir='ltr' id='par_1_13' title="bbox 255 1404 1806 1479">
     <span class='ocr_line' id='line_1_13' title="bbox 255 1404 1806 1479; baseline 0.003 -22"><span class='ocrx_word' id='word_1_76' title='bbox 255 1422 328 1472; x_wconf 87' lang='grc' dir='ltr'><strong>τε,</strong></span> <span class='ocrx_word' id='word_1_77' title='bbox 382 1404 582 1476; x_wconf 82' lang='grc' dir='ltr'>ἀρετὴν</span> <span class='ocrx_word' id='word_1_78' title='bbox 624 1406 1074 1477; x_wconf 79' lang='grc' dir='ltr'>ἐπαγγελλόμενοι</span> <span class='ocrx_word' id='word_1_79' title='bbox 1133 1407 1418 1472; x_wconf 79' lang='grc' dir='ltr'><strong>διδάσκειν,</strong></span> <span class='ocrx_word' id='word_1_80' title='bbox 1467 1408 1693 1479; x_wconf 78' lang='grc' dir='ltr'>ζηλωτοὶ</span> <span class='ocrx_word' id='word_1_81' title='bbox 1741 1409 1806 1462; x_wconf 86' lang='grc' dir='ltr'><strong>ἂν</strong></span> 
     </span>
    </p>
   </div>
   <div class='ocr_carea' id='block_1_14' title="bbox 255 1492 1806 1570">
    <p class='ocr_par' dir='ltr' id='par_1_14' title="bbox 255 1492 1806 1570">
     <span class='ocr_line' id='line_1_14' title="bbox 255 1492 1806 1570; baseline 0.004 -22"><span class='ocrx_word' id='word_1_82' title='bbox 255 1492 394 1566; x_wconf 80' lang='grc' dir='ltr'>ἦσαν</span> <span class='ocrx_word' id='word_1_83' title='bbox 420 1496 522 1565; x_wconf 84' lang='grc' dir='ltr'><strong>τῆς</strong></span> <span class='ocrx_word' id='word_1_84' title='bbox 551 1497 856 1567; x_wconf 78' lang='grc' dir='ltr'><strong>προθέσεως</strong></span> <span class='ocrx_word' id='word_1_85' title='bbox 896 1499 992 1570; x_wconf 49' lang='grc' dir='ltr'><strong>καί</strong></span> <span class='ocrx_word' id='word_1_86' title='bbox 1025 1498 1118 1551; x_wconf 89' lang='grc' dir='ltr'><strong>τοῦ</strong></span> <span class='ocrx_word' id='word_1_87' title='bbox 1153 1498 1267 1568; x_wconf 86' lang='grc' dir='ltr'>βίου</span> <span class='ocrx_word' id='word_1_88' title='bbox 1287 1516 1299 1528; x_wconf 88' lang='grc'><strong>·</strong></span> <span class='ocrx_word' id='word_1_89' title='bbox 1335 1499 1500 1570; x_wconf 82' lang='grc' dir='ltr'>πολλή</span> <span class='ocrx_word' id='word_1_90' title='bbox 1539 1517 1596 1553; x_wconf 87' lang='grc' dir='ltr'><strong>τε</strong></span> <span class='ocrx_word' id='word_1_91' title='bbox 1645 1498 1711 1554; x_wconf 85' lang='grc' dir='ltr'><strong>ἂν</strong></span> <span class='ocrx_word' id='word_1_92' title='bbox 1739 1497 1806 1570; x_wconf 73' lang='grc' dir='ltr'>ἦν</span> 
     </span>
    </p>
   </div>
   <div class='ocr_carea' id='block_1_15' title="bbox 255 1586 1807 1660">
    <p class='ocr_par' dir='ltr' id='par_1_15' title="bbox 255 1586 1807 1660">
     <span class='ocr_line' id='line_1_15' title="bbox 255 1586 1807 1660; baseline 0.005 -22"><span class='ocrx_word' id='word_1_93' title='bbox 255 1586 408 1650; x_wconf 73' lang='grc' dir='ltr'>ἐλπὶς</span> <span class='ocrx_word' id='word_1_94' title='bbox 437 1586 552 1651; x_wconf 89' lang='grc' dir='ltr'>τοῦ,</span> <span class='ocrx_word' id='word_1_95' title='bbox 595 1589 676 1640; x_wconf 80' lang='grc' dir='ltr'><strong>ὅτι</strong></span> <span class='ocrx_word' id='word_1_96' title='bbox 710 1589 838 1643; x_wconf 85' lang='grc' dir='ltr'>ποτὲ</span> <span class='ocrx_word' id='word_1_97' title='bbox 870 1589 1132 1642; x_wconf 78' lang='grc' dir='ltr'>παύσεται</span> <span class='ocrx_word' id='word_1_98' title='bbox 1162 1589 1230 1642; x_wconf 86' lang='grc' dir='ltr'>τὰ</span> <span class='ocrx_word' id='word_1_99' title='bbox 1265 1590 1428 1654; x_wconf 83' lang='grc' dir='ltr'>κακὰ,</span> <span class='ocrx_word' id='word_1_100' title='bbox 1465 1591 1679 1645; x_wconf 80' lang='grc' dir='ltr'>πάντων</span> <span class='ocrx_word' id='word_1_101' title='bbox 1715 1609 1807 1660; x_wconf 85' lang='grc' dir='ltr'><strong>γε-</strong></span> 
     </span>
    </p>
   </div>
   <div class='ocr_carea' id='block_1_16' title="bbox 254 1679 1806 1756">
    <p class='ocr_par' dir='ltr' id='par_1_16' title="bbox 254 1679 1806 1756">
     <span class='ocr_line' id='line_1_16' title="bbox 254 1679 1806 1756; baseline 0.002 -21"><span class='ocrx_word' id='word_1_102' title='bbox 254 1680 490 1750; x_wconf 81' lang='grc' dir='ltr'><strong>νομένων</strong></span> <span class='ocrx_word' id='word_1_103' title='bbox 534 1679 730 1749; x_wconf 85' lang='grc' dir='ltr'>σοφῶν.</span> <span class='ocrx_word' id='word_1_104' title='bbox 774 1683 836 1734; x_wconf 89' lang='grc' dir='ltr'>Ο</span> <span class='ocrx_word' id='word_1_105' title='bbox 869 1681 1016 1734; x_wconf 86' lang='grc' dir='ltr'>δοκεῖ</span> <span class='ocrx_word' id='word_1_106' title='bbox 1045 1700 1132 1751; x_wconf 91' lang='grc' dir='ltr'><strong>μοι</strong></span> <span class='ocrx_word' id='word_1_107' title='bbox 1164 1686 1611 1754; x_wconf 80' lang='grc' dir='ltr'><strong>κατανενοηκέναι</strong></span> <span class='ocrx_word' id='word_1_108' title='bbox 1638 1688 1666 1738; x_wconf 98' lang='lat'><strong>6</strong></span> <span class='ocrx_word' id='word_1_109' title='bbox 1703 1686 1806 1756; x_wconf 82' lang='grc' dir='ltr'><strong>Ἰη-</strong></span> 
     </span>
    </p>
   </div>
   <div class='ocr_carea' id='block_1_17' title="bbox 255 1769 1804 1845">
    <p class='ocr_par' dir='ltr' id='par_1_17' title="bbox 255 1769 1804 1845">
     <span class='ocr_line' id='line_1_17' title="bbox 255 1769 1804 1845; baseline 0.005 -21"><span class='ocrx_word' id='word_1_110' title='bbox 255 1770 376 1835; x_wconf 90' lang='grc' dir='ltr'>σοῦς</span> <span class='ocrx_word' id='word_1_111' title='bbox 402 1787 416 1802; x_wconf 86' lang='grc'>⁶</span> <span class='ocrx_word' id='word_1_112' title='bbox 459 1772 552 1825; x_wconf 78' lang='grc' dir='ltr'>καὶ</span> <span class='ocrx_word' id='word_1_113' title='bbox 599 1772 686 1826; x_wconf 85' lang='grc' dir='ltr'><strong>ἵνα</strong></span> <span class='ocrx_word' id='word_1_114' title='bbox 736 1773 808 1844; x_wconf 85' lang='grc' dir='ltr'>μὴ</span> <span class='ocrx_word' id='word_1_115' title='bbox 850 1774 1244 1845; x_wconf 87' lang='grc' dir='ltr'>ἀπεληλαμένοι</span> <span class='ocrx_word' id='word_1_116' title='bbox 1295 1769 1393 1828; x_wconf 80' lang='grc' dir='ltr'>ὦσι</span> <span class='ocrx_word' id='word_1_117' title='bbox 1459 1777 1550 1830; x_wconf 90' lang='grc' dir='ltr'><strong>τοῦ</strong></span> <span class='ocrx_word' id='word_1_118' title='bbox 1601 1777 1804 1845; x_wconf 81' lang='grc' dir='ltr'>ἀγαθοῦ</span> 
     </span>
    </p>
   </div>
   <div class='ocr_carea' id='block_1_18' title="bbox 254 1862 1806 1936">
    <p class='ocr_par' dir='ltr' id='par_1_18' title="bbox 254 1862 1806 1936">
     <span class='ocr_line' id='line_1_18' title="bbox 254 1862 1806 1936; baseline 0.004 -23"><span class='ocrx_word' id='word_1_119' title='bbox 254 1863 486 1934; x_wconf 80' lang='grc' dir='ltr'>γεωργοί</span> <span class='ocrx_word' id='word_1_120' title='bbox 526 1880 582 1916; x_wconf 84' lang='grc' dir='ltr'><strong>τε</strong></span> <span class='ocrx_word' id='word_1_121' title='bbox 615 1862 709 1916; x_wconf 70' lang='grc' dir='ltr'>καὶ</span> <span class='ocrx_word' id='word_1_122' title='bbox 737 1865 982 1928; x_wconf 84' lang='grc' dir='ltr'>τέκτονες</span> <span class='ocrx_word' id='word_1_123' title='bbox 1015 1866 1105 1919; x_wconf 80' lang='grc' dir='ltr'><strong>καὶ</strong></span> <span class='ocrx_word' id='word_1_124' title='bbox 1148 1866 1414 1936; x_wconf 78' lang='grc' dir='ltr'><strong>οἰκοδόμοι</strong></span> <span class='ocrx_word' id='word_1_125' title='bbox 1452 1869 1544 1920; x_wconf 77' lang='grc' dir='ltr'>καὶ</span> <span class='ocrx_word' id='word_1_126' title='bbox 1581 1868 1631 1919; x_wconf 79' lang='grc' dir='ltr'><strong>οἱ</strong></span> <span class='ocrx_word' id='word_1_127' title='bbox 1660 1868 1806 1921; x_wconf 80' lang='grc' dir='ltr'>ἄλλοι</span> 
     </span>
    </p>
   </div>
   <div class='ocr_carea' id='block_1_19' title="bbox 1906 675 3453 744">
    <p class='ocr_par' dir='ltr' id='par_1_19' title="bbox 1906 675 3453 744">
     <span class='ocr_line' id='line_1_19' title="bbox 1906 675 3453 744; baseline -0.001 -15"><span class='ocrx_word' id='word_1_128' title='bbox 1906 690 2028 729; x_wconf 90' lang='lat' dir='ltr'><strong>eum</strong></span> <span class='ocrx_word' id='word_1_129' title='bbox 2058 675 2340 731; x_wconf 76' lang='lat' dir='ltr'><strong>reddidere</strong></span> <span class='ocrx_word' id='word_1_130' title='bbox 2361 715 2378 739; x_wconf 91' lang='lat'><strong>,</strong></span> <span class='ocrx_word' id='word_1_131' title='bbox 2419 691 2606 734; x_wconf 86' lang='lat' dir='ltr'><strong>omnes</strong></span> <span class='ocrx_word' id='word_1_132' title='bbox 2640 676 2772 732; x_wconf 91' lang='lat' dir='ltr'><strong>tales</strong></span> <span class='ocrx_word' id='word_1_133' title='bbox 2803 676 2930 731; x_wconf 87' lang='lat' dir='ltr'><strong>[iant</strong></span> <span class='ocrx_word' id='word_1_134' title='bbox 2953 716 2966 738; x_wconf 93' lang='lat'><strong>,</strong></span> <span class='ocrx_word' id='word_1_135' title='bbox 2998 675 3350 744; x_wconf 85' lang='lat' dir='ltr'><strong>sublatusque</strong></span> <span class='ocrx_word' id='word_1_136' title='bbox 3371 675 3453 731; x_wconf 81' lang='lat' dir='ltr'><strong>est</strong></span> 
     </span>
    </p>
   </div>
   <div class='ocr_carea' id='block_1_20' title="bbox 1907 759 3454 837">
    <p class='ocr_par' dir='ltr' id='par_1_20' title="bbox 1907 759 3454 837">
     <span class='ocr_line' id='line_1_20' title="bbox 1907 759 3454 837; baseline 0.002 -18"><span class='ocrx_word' id='word_1_137' title='bbox 1907 766 1976 819; x_wconf 91' lang='lat' dir='ltr'><strong>ab</strong></span> <span class='ocrx_word' id='word_1_138' title='bbox 2031 767 2112 819; x_wconf 91' lang='lat' dir='ltr'><strong>eis</strong></span> <span class='ocrx_word' id='word_1_139' title='bbox 2148 768 2450 821; x_wconf 89' lang='lat' dir='ltr'><strong>celebratus</strong></span> <span class='ocrx_word' id='word_1_140' title='bbox 2495 768 3072 837; x_wconf 78' lang='lat' dir='ltr'><strong>decantatissimusque</strong></span> <span class='ocrx_word' id='word_1_141' title='bbox 3119 759 3454 822; x_wconf 77' lang='lat' dir='ltr'><strong>indrdinatus</strong></span> 
     </span>
    </p>
   </div>
   <div class='ocr_carea' id='block_1_21' title="bbox 1908 857 3360 910">
    <p class='ocr_par' dir='ltr' id='par_1_21' title="bbox 1908 857 3360 910">
     <span class='ocr_line' id='line_1_21' title="bbox 1908 857 3360 910; baseline 0.002 -3"><span class='ocrx_word' id='word_1_142' title='bbox 1908 857 2144 910; x_wconf 90' lang='lat' dir='ltr'><strong>materia</strong></span> <span class='ocrx_word' id='word_1_143' title='bbox 2168 862 2366 910; x_wconf 86' lang='lat' dir='ltr'><strong>motus.</strong></span> <span class='ocrx_word' id='word_1_144' title='bbox 3355 867 3360 873; x_wconf 86' lang='lat'>‘</span> 
     </span>
    </p>
   </div>
   <div class='ocr_carea' id='block_1_22' title="bbox 1979 947 3456 1019">
    <p class='ocr_par' dir='ltr' id='par_1_22' title="bbox 1979 947 3456 1019">
     <span class='ocr_line' id='line_1_22' title="bbox 1979 947 3456 1019; baseline -0.001 -15"><span class='ocrx_word' id='word_1_145' title='bbox 1979 947 2160 1018; x_wconf 80' lang='lat' dir='ltr'><strong>Longe</strong></span> <span class='ocrx_word' id='word_1_146' title='bbox 2199 965 2326 1004; x_wconf 89' lang='lat' dir='ltr'><strong>vero</strong></span> <span class='ocrx_word' id='word_1_147' title='bbox 2366 956 2666 1019; x_wconf 79' lang='lat' dir='ltr'><strong>prastaret,</strong></span> <span class='ocrx_word' id='word_1_148' title='bbox 2701 956 2758 1003; x_wconf 90' lang='lat' dir='ltr'><strong>ut</strong></span> <span class='ocrx_word' id='word_1_149' title='bbox 2805 949 3047 1006; x_wconf 87' lang='lat' dir='ltr'><strong>dicerent</strong></span> <span class='ocrx_word' id='word_1_150' title='bbox 3074 991 3088 1013; x_wconf 91' lang='lat'><strong>,</strong></span> <span class='ocrx_word' id='word_1_151' title='bbox 3138 949 3456 1019; x_wconf 79' lang='lat' dir='ltr'><strong>sapientiam</strong></span> 
     </span>
    </p>
   </div>
   <div class='ocr_carea' id='block_1_23' title="bbox 1909 1040 3458 1112">
    <p class='ocr_par' dir='ltr' id='par_1_23' title="bbox 1909 1040 3458 1112">
     <span class='ocr_line' id='line_1_23' title="bbox 1909 1040 3458 1112; baseline -0.001 -16"><span class='ocrx_word' id='word_1_152' title='bbox 1909 1057 2170 1112; x_wconf 85' lang='lat' dir='ltr'><strong>organum</strong></span> <span class='ocrx_word' id='word_1_153' title='bbox 2200 1057 2228 1095; x_wconf 88' lang='lat' dir='ltr'><strong>a</strong></span> <span class='ocrx_word' id='word_1_154' title='bbox 2258 1040 2365 1096; x_wconf 90' lang='lat' dir='ltr'><strong>Deo</strong></span> <span class='ocrx_word' id='word_1_155' title='bbox 2391 1042 2701 1097; x_wconf 87' lang='lat' dir='ltr'><strong>hominibus</strong></span> <span class='ocrx_word' id='word_1_156' title='bbox 2721 1056 3056 1104; x_wconf 85' lang='lat' dir='ltr'><strong>concessam,</strong></span> <span class='ocrx_word' id='word_1_157' title='bbox 3088 1049 3150 1095; x_wconf 88' lang='lat' dir='ltr'><strong>ut</strong></span> <span class='ocrx_word' id='word_1_158' title='bbox 3185 1040 3326 1111; x_wconf 89' lang='lat' dir='ltr'><strong>quod</strong></span> <span class='ocrx_word' id='word_1_159' title='bbox 3351 1040 3458 1094; x_wconf 85' lang='lat' dir='ltr'><strong>illis</strong></span> 
     </span>
    </p>
   </div>
   <div class='ocr_carea' id='block_1_24' title="bbox 1909 1132 3456 1202">
    <p class='ocr_par' dir='ltr' id='par_1_24' title="bbox 1909 1132 3456 1202">
     <span class='ocr_line' id='line_1_24' title="bbox 1909 1132 3456 1202; baseline -0.002 -14"><span class='ocrx_word' id='word_1_160' title='bbox 1909 1149 1976 1188; x_wconf 79' lang='lat' dir='ltr'><strong>ex</strong></span> <span class='ocrx_word' id='word_1_161' title='bbox 2005 1133 2296 1202; x_wconf 71' lang='lat' dir='ltr'><strong>cupiditate</strong></span> <span class='ocrx_word' id='word_1_162' title='bbox 2326 1140 2379 1187; x_wconf 91' lang='lat' dir='ltr'><strong>et</strong></span> <span class='ocrx_word' id='word_1_163' title='bbox 2408 1134 2682 1202; x_wconf 76' lang='lat' dir='ltr'><strong>voluptate</strong></span> <span class='ocrx_word' id='word_1_164' title='bbox 2705 1147 2800 1188; x_wconf 88' lang='lat' dir='ltr'><strong>seu</strong></span> <span class='ocrx_word' id='word_1_165' title='bbox 2837 1133 3057 1188; x_wconf 90' lang='lat' dir='ltr'><strong>libidine</strong></span> <span class='ocrx_word' id='word_1_166' title='bbox 3085 1132 3328 1187; x_wconf 88' lang='lat' dir='ltr'><strong>molitum</strong></span> <span class='ocrx_word' id='word_1_167' title='bbox 3351 1139 3456 1198; x_wconf 87' lang='lat' dir='ltr'><strong>est,</strong></span> 
     </span>
    </p>
   </div>
   <div class='ocr_carea' id='block_1_25' title="bbox 1910 1223 3459 1293">
    <p class='ocr_par' dir='ltr' id='par_1_25' title="bbox 1910 1223 3459 1293">
     <span class='ocr_line' id='line_1_25' title="bbox 1910 1223 3459 1293; baseline 0 -15"><span class='ocrx_word' id='word_1_168' title='bbox 1910 1239 1974 1278; x_wconf 91' lang='lat' dir='ltr'><strong>ea</strong></span> <span class='ocrx_word' id='word_1_169' title='bbox 2004 1223 2213 1278; x_wconf 76' lang='lat' dir='ltr'><strong>ratione</strong></span> <span class='ocrx_word' id='word_1_170' title='bbox 2240 1238 2346 1293; x_wconf 88' lang='lat' dir='ltr'><strong>qua</strong></span> <span class='ocrx_word' id='word_1_171' title='bbox 2375 1233 2501 1281; x_wconf 85' lang='lat' dir='ltr'><strong>sunt</strong></span> <span class='ocrx_word' id='word_1_172' title='bbox 2523 1239 2686 1279; x_wconf 90' lang='lat' dir='ltr'><strong>sensu</strong></span> <span class='ocrx_word' id='word_1_173' title='bbox 2719 1225 2948 1293; x_wconf 87' lang='lat' dir='ltr'><strong>praditi,</strong></span> <span class='ocrx_word' id='word_1_174' title='bbox 2985 1225 3086 1278; x_wconf 88' lang='lat' dir='ltr'><strong>hoc</strong></span> <span class='ocrx_word' id='word_1_175' title='bbox 3114 1224 3370 1293; x_wconf 88' lang='lat' dir='ltr'><strong>paulatim</strong></span> <span class='ocrx_word' id='word_1_176' title='bbox 3403 1225 3459 1278; x_wconf 89' lang='lat' dir='ltr'><strong>in</strong></span> 
     </span>
    </p>
   </div>
   <div class='ocr_carea' id='block_1_26' title="bbox 1912 1315 3460 1387">
    <p class='ocr_par' dir='ltr' id='par_1_26' title="bbox 1912 1315 3460 1387">
     <span class='ocr_line' id='line_1_26' title="bbox 1912 1315 3460 1387; baseline 0.001 -17"><span class='ocrx_word' id='word_1_177' title='bbox 1912 1316 2112 1371; x_wconf 87' lang='lat' dir='ltr'><strong>bonum</strong></span> <span class='ocrx_word' id='word_1_178' title='bbox 2141 1315 2431 1370; x_wconf 85' lang='lat' dir='ltr'><strong>traducens</strong></span> <span class='ocrx_word' id='word_1_179' title='bbox 2453 1359 2466 1382; x_wconf 90' lang='lat'><strong>,</strong></span> <span class='ocrx_word' id='word_1_180' title='bbox 2498 1319 2641 1386; x_wconf 90' lang='lat' dir='ltr'><strong>quod</strong></span> <span class='ocrx_word' id='word_1_181' title='bbox 2686 1318 2931 1387; x_wconf 72' lang='lat' dir='ltr'><strong>sequitur</strong></span> <span class='ocrx_word' id='word_1_182' title='bbox 2957 1319 3249 1373; x_wconf 88' lang='lat' dir='ltr'><strong>absurdum</strong></span> <span class='ocrx_word' id='word_1_183' title='bbox 3284 1318 3352 1372; x_wconf 91' lang='lat' dir='ltr'><strong>ab</strong></span> <span class='ocrx_word' id='word_1_184' title='bbox 3380 1318 3460 1372; x_wconf 89' lang='lat' dir='ltr'><strong>eis</strong></span> 
     </span>
    </p>
   </div>
   <div class='ocr_carea' id='block_1_27' title="bbox 1910 1405 3461 1479">
    <p class='ocr_par' dir='ltr' id='par_1_27' title="bbox 1910 1405 3461 1479">
     <span class='ocr_line' id='line_1_27' title="bbox 1910 1405 3461 1479; baseline 0 -19"><span class='ocrx_word' id='word_1_185' title='bbox 1910 1407 2166 1462; x_wconf 78' lang='lat' dir='ltr'><strong>auferret.</strong></span> <span class='ocrx_word' id='word_1_186' title='bbox 2201 1405 2290 1462; x_wconf 89' lang='lat' dir='ltr'><strong>Sic</strong></span> <span class='ocrx_word' id='word_1_187' title='bbox 2315 1409 2456 1464; x_wconf 89' lang='lat' dir='ltr'><strong>enim</strong></span> <span class='ocrx_word' id='word_1_188' title='bbox 2485 1409 2604 1477; x_wconf 86' lang='lat' dir='ltr'><strong>ipsi,</strong></span> <span class='ocrx_word' id='word_1_189' title='bbox 2622 1409 2714 1479; x_wconf 90' lang='lat' dir='ltr'><strong>qui</strong></span> <span class='ocrx_word' id='word_1_190' title='bbox 2740 1423 2799 1463; x_wconf 88' lang='lat' dir='ltr'><strong>se</strong></span> <span class='ocrx_word' id='word_1_191' title='bbox 2822 1408 3036 1463; x_wconf 89' lang='lat' dir='ltr'><strong>virtutis</strong></span> <span class='ocrx_word' id='word_1_192' title='bbox 3067 1409 3314 1464; x_wconf 90' lang='lat' dir='ltr'><strong>doctores</strong></span> <span class='ocrx_word' id='word_1_193' title='bbox 3341 1424 3461 1478; x_wconf 93' lang='lat' dir='ltr'><strong>pro-</strong></span> 
     </span>
    </p>
   </div>
   <div class='ocr_carea' id='block_1_28' title="bbox 1911 1496 3457 1567">
    <p class='ocr_par' dir='ltr' id='par_1_28' title="bbox 1911 1496 3457 1567">
     <span class='ocr_line' id='line_1_28' title="bbox 1911 1496 3457 1567; baseline -0.003 -13"><span class='ocrx_word' id='word_1_194' title='bbox 1911 1496 2184 1557; x_wconf 81' lang='lat' dir='ltr'><strong>ﬁteantur.</strong></span> <span class='ocrx_word' id='word_1_195' title='bbox 2234 1512 2301 1551; x_wconf 79' lang='lat' dir='ltr'><strong>ex</strong></span> <span class='ocrx_word' id='word_1_196' title='bbox 2345 1499 2622 1567; x_wconf 90' lang='lat' dir='ltr'><strong>proposito</strong></span> <span class='ocrx_word' id='word_1_197' title='bbox 2654 1499 2870 1567; x_wconf 90' lang='lat' dir='ltr'><strong>vitaque</strong></span> <span class='ocrx_word' id='word_1_198' title='bbox 2915 1498 3200 1551; x_wconf 83' lang='lat' dir='ltr'><strong>aemulandi</strong></span> <span class='ocrx_word' id='word_1_199' title='bbox 3249 1506 3457 1563; x_wconf 82' lang='lat' dir='ltr'><strong>essent;</strong></span> 
     </span>
    </p>
   </div>
   <div class='ocr_carea' id='block_1_29' title="bbox 1910 1590 3527 1662">
    <p class='ocr_par' dir='ltr' id='par_1_29' title="bbox 1910 1590 3527 1662">
     <span class='ocr_line' id='line_1_29' title="bbox 1910 1590 3527 1662; baseline -0.001 -17"><span class='ocrx_word' id='word_1_200' title='bbox 1910 1605 2210 1662; x_wconf 79' lang='lat' dir='ltr'><strong>magnaque</strong></span> <span class='ocrx_word' id='word_1_201' title='bbox 2235 1606 2360 1661; x_wconf 89' lang='lat' dir='ltr'><strong>spes</strong></span> <span class='ocrx_word' id='word_1_202' title='bbox 2390 1591 2667 1661; x_wconf 80' lang='lat' dir='ltr'><strong>all‘ulgeret</strong></span> <span class='ocrx_word' id='word_1_203' title='bbox 2686 1633 2700 1656; x_wconf 94' lang='lat'><strong>,</strong></span> <span class='ocrx_word' id='word_1_204' title='bbox 2739 1591 2852 1646; x_wconf 80' lang='lat' dir='ltr'><strong>fore</strong></span> <span class='ocrx_word' id='word_1_205' title='bbox 2881 1599 2940 1644; x_wconf 88' lang='grc' dir='ltr'><strong>ιιι</strong></span> <span class='ocrx_word' id='word_1_206' title='bbox 2973 1590 3296 1661; x_wconf 83' lang='lat' dir='ltr'><strong>quandoque</strong></span> <span class='ocrx_word' id='word_1_207' title='bbox 3321 1591 3462 1644; x_wconf 87' lang='lat' dir='ltr'><strong>mala</strong></span> <span class='ocrx_word' id='word_1_208' title='bbox 3525 1649 3527 1651; x_wconf 50' lang='grc'><strong>,</strong></span> 
     </span>
    </p>
   </div>
   <div class='ocr_carea' id='block_1_30' title="bbox 1910 1662 3536 1751">
    <p class='ocr_par' dir='ltr' id='par_1_30' title="bbox 1910 1662 3536 1751">
     <span class='ocr_line' id='line_1_30' title="bbox 1910 1662 3536 1751; baseline -0.002 -14"><span class='ocrx_word' id='word_1_209' title='bbox 1910 1691 2205 1745; x_wconf 87' lang='lat' dir='ltr'><strong>cessarent,</strong></span> <span class='ocrx_word' id='word_1_210' title='bbox 2231 1695 2354 1736; x_wconf 91' lang='lat' dir='ltr'><strong>cum</strong></span> <span class='ocrx_word' id='word_1_211' title='bbox 2406 1697 2593 1736; x_wconf 86' lang='lat' dir='ltr'><strong>omnes</strong></span> <span class='ocrx_word' id='word_1_212' title='bbox 2646 1682 2916 1751; x_wconf 78' lang='lat' dir='ltr'><strong>sapientes</strong></span> <span class='ocrx_word' id='word_1_213' title='bbox 2943 1680 3264 1736; x_wconf 83' lang='lat' dir='ltr'><strong>evasissent.</strong></span> <span class='ocrx_word' id='word_1_214' title='bbox 3299 1680 3463 1749; x_wconf 88' lang='lat' dir='ltr'><strong>quue</strong></span> <span class='ocrx_word' id='word_1_215' title='bbox 3525 1662 3536 1689; x_wconf 52' lang='grc'>⁵</span> 
     </span>
    </p>
   </div>
   <div class='ocr_carea' id='block_1_31' title="bbox 1911 1773 3461 1843">
    <p class='ocr_par' dir='ltr' id='par_1_31' title="bbox 1911 1773 3461 1843">
     <span class='ocr_line' id='line_1_31' title="bbox 1911 1773 3461 1843; baseline 0 -15"><span class='ocrx_word' id='word_1_216' title='bbox 1911 1773 2266 1843; x_wconf 67' lang='grc' dir='ltr'>ιιὰεο,1εειιε</span> <span class='ocrx_word' id='word_1_217' title='bbox 2331 1773 2464 1828; x_wconf 84' lang='lat' dir='ltr'><strong>mihi</strong></span> <span class='ocrx_word' id='word_1_218' title='bbox 2523 1773 2900 1829; x_wconf 89' lang='lat' dir='ltr'><strong>considerasse</strong></span> <span class='ocrx_word' id='word_1_219' title='bbox 2957 1773 3206 1839; x_wconf 88' lang='lat' dir='ltr'><strong>videtur;</strong></span> <span class='ocrx_word' id='word_1_220' title='bbox 3263 1788 3327 1826; x_wconf 90' lang='lat' dir='ltr'><strong>ac</strong></span> <span class='ocrx_word' id='word_1_221' title='bbox 3392 1788 3461 1828; x_wconf 91' lang='lat' dir='ltr'><strong>ne</strong></span> 
     </span>
    </p>
   </div>
   <div class='ocr_carea' id='block_1_32' title="bbox 1909 1865 3512 1937">
    <p class='ocr_par' dir='ltr' id='par_1_32' title="bbox 1909 1865 3512 1937">
     <span class='ocr_line' id='line_1_32' title="bbox 1909 1865 3512 1937; baseline -0.002 -16"><span class='ocrx_word' id='word_1_222' title='bbox 1909 1867 2061 1937; x_wconf 87' lang='lat' dir='ltr'><strong>plebs</strong></span> <span class='ocrx_word' id='word_1_223' title='bbox 2101 1867 2400 1930; x_wconf 85' lang='lat' dir='ltr'><strong>rusticana,</strong></span> <span class='ocrx_word' id='word_1_224' title='bbox 2432 1867 2712 1936; x_wconf 81' lang='lat' dir='ltr'><strong>agricola,</strong></span> <span class='ocrx_word' id='word_1_225' title='bbox 2757 1865 2919 1928; x_wconf 83' lang='lat' dir='ltr'><strong>fabri,</strong></span> <span class='ocrx_word' id='word_1_226' title='bbox 2947 1866 3294 1930; x_wconf 87' lang='lat' dir='ltr'><strong>camentarii,</strong></span> <span class='ocrx_word' id='word_1_227' title='bbox 3328 1867 3512 1937; x_wconf 87' lang='lat' dir='ltr'><strong>reli-</strong></span> 
     </span>
    </p>
   </div>
   <div class='ocr_carea' id='block_1_33' title="bbox 255 1954 1806 2030">
    <p class='ocr_par' dir='ltr' id='par_1_33' title="bbox 255 1954 1806 2028">
     <span class='ocr_line' id='line_1_33' title="bbox 255 1954 1806 2028; baseline 0.004 -23"><span class='ocrx_word' id='word_1_228' title='bbox 255 1954 360 2006; x_wconf 88' lang='grc' dir='ltr'><strong>ἀπὸ</strong></span> <span class='ocrx_word' id='word_1_229' title='bbox 405 1954 511 2006; x_wconf 82' lang='grc' dir='ltr'><strong>τῶν</strong></span> <span class='ocrx_word' id='word_1_230' title='bbox 563 1955 779 2025; x_wconf 82' lang='grc' dir='ltr'>τεχνῶν,</span> <span class='ocrx_word' id='word_1_231' title='bbox 823 1957 995 2010; x_wconf 89' lang='grc' dir='ltr'>κοινὸν</span> <span class='ocrx_word' id='word_1_232' title='bbox 1035 1957 1301 2028; x_wconf 90' lang='grc' dir='ltr'>συνέδριον</span> <span class='ocrx_word' id='word_1_233' title='bbox 1334 1959 1549 2012; x_wconf 80' lang='grc' dir='ltr'>καθίσαι</span> <span class='ocrx_word' id='word_1_234' title='bbox 1591 1959 1806 2012; x_wconf 82' lang='grc' dir='ltr'>πάντων</span> 
     </span>
    </p>
   </div>
   <div class='ocr_carea' id='block_1_34' title="bbox 1911 1954 3461 2030">
    <p class='ocr_par' dir='ltr' id='par_1_34' title="bbox 1911 1958 3461 2030">
     <span class='ocr_line' id='line_1_34' title="bbox 1911 1958 3461 2030; baseline 0.001 -17"><span class='ocrx_word' id='word_1_235' title='bbox 1911 1961 2109 2030; x_wconf 86' lang='lat' dir='ltr'><strong>quique</strong></span> <span class='ocrx_word' id='word_1_236' title='bbox 2129 1958 2365 2014; x_wconf 80' lang='lat' dir='ltr'><strong>artifices</strong></span> <span class='ocrx_word' id='word_1_237' title='bbox 2381 1959 2744 2015; x_wconf 89' lang='lat' dir='ltr'><strong>etmecbanici</strong></span> <span class='ocrx_word' id='word_1_238' title='bbox 2767 1963 2797 2012; x_wconf 89' lang='lat' dir='ltr'><strong>a</strong></span> <span class='ocrx_word' id='word_1_239' title='bbox 2820 1958 2964 2013; x_wconf 87' lang='lat' dir='ltr'><strong>bono</strong></span> <span class='ocrx_word' id='word_1_240' title='bbox 2987 1965 3236 2013; x_wconf 82' lang='lat' dir='ltr'><strong>extorres</strong></span> <span class='ocrx_word' id='word_1_241' title='bbox 3261 1968 3461 2027; x_wconf 87' lang='lat' dir='ltr'><strong>essent,</strong></span> 
     </span>
    </p>
   </div>
   <div class='ocr_carea' id='block_1_35' title="bbox 253 2047 1806 2118">
    <p class='ocr_par' dir='ltr' id='par_1_35' title="bbox 253 2047 1806 2118">
     <span class='ocr_line' id='line_1_35' title="bbox 253 2047 1806 2118; baseline 0.003 -18"><span class='ocrx_word' id='word_1_242' title='bbox 253 2047 420 2117; x_wconf 75' lang='grc' dir='ltr'>ὁμοῦο</span> <span class='ocrx_word' id='word_1_243' title='bbox 473 2051 564 2102; x_wconf 77' lang='grc' dir='ltr'><strong>καὶ</strong></span> <span class='ocrx_word' id='word_1_244' title='bbox 604 2049 691 2102; x_wconf 85' lang='grc' dir='ltr'>διὰ</span> <span class='ocrx_word' id='word_1_245' title='bbox 732 2049 918 2106; x_wconf 82' lang='grc' dir='ltr'>ἁπλῶν</span> <span class='ocrx_word' id='word_1_246' title='bbox 965 2051 1057 2104; x_wconf 73' lang='grc' dir='ltr'><strong>καὶ</strong></span> <span class='ocrx_word' id='word_1_247' title='bbox 1105 2051 1339 2105; x_wconf 82' lang='grc' dir='ltr'>εὐκόλων</span> <span class='ocrx_word' id='word_1_248' title='bbox 1376 2051 1679 2118; x_wconf 81' lang='grc' dir='ltr'>διαλέξεων,</span> <span class='ocrx_word' id='word_1_249' title='bbox 1714 2053 1806 2104; x_wconf 75' lang='grc' dir='ltr'>καὶ</span> 
     </span>
    </p>
   </div>
   <div class='ocr_carea' id='block_1_36' title="bbox 254 2137 1805 2212">
    <p class='ocr_par' dir='ltr' id='par_1_36' title="bbox 254 2137 1805 2212">
     <span class='ocr_line' id='line_1_36' title="bbox 254 2137 1805 2212; baseline 0.004 -23"><span class='ocrx_word' id='word_1_250' title='bbox 254 2139 331 2200; x_wconf 81' lang='grc' dir='ltr'>εἰς</span> <span class='ocrx_word' id='word_1_251' title='bbox 371 2137 504 2191; x_wconf 82' lang='grc' dir='ltr'><strong>Θεοῦ</strong></span> <span class='ocrx_word' id='word_1_252' title='bbox 547 2138 749 2192; x_wconf 76' lang='grc' dir='ltr'>ἔννοιαν</span> <span class='ocrx_word' id='word_1_253' title='bbox 792 2141 985 2203; x_wconf 77' lang='grc' dir='ltr'>αὐτοὺς</span> <span class='ocrx_word' id='word_1_254' title='bbox 1016 2142 1421 2212; x_wconf 86' lang='grc' dir='ltr'>ἀπενηνοχέναι,</span> <span class='ocrx_word' id='word_1_255' title='bbox 1467 2141 1679 2195; x_wconf 74' lang='grc' dir='ltr'>καὶτοῦ</span> <span class='ocrx_word' id='word_1_256' title='bbox 1709 2160 1805 2195; x_wconf 88' lang='grc' dir='ltr'>κα-</span> 
     </span>
    </p>
   </div>
   <div class='ocr_carea' id='block_1_37' title="bbox 255 2229 1247 2301">
    <p class='ocr_par' dir='ltr' id='par_1_37' title="bbox 255 2229 1247 2301">
     <span class='ocr_line' id='line_1_37' title="bbox 255 2229 1247 2301; baseline 0.004 -20"><span class='ocrx_word' id='word_1_257' title='bbox 255 2229 344 2282; x_wconf 80' lang='grc' dir='ltr'><strong>λοῦ</strong></span> <span class='ocrx_word' id='word_1_258' title='bbox 371 2231 452 2294; x_wconf 77' lang='grc' dir='ltr'><strong>εἰς</strong></span> <span class='ocrx_word' id='word_1_259' title='bbox 485 2231 774 2301; x_wconf 78' lang='grc' dir='ltr'>ἐπιθυμίαν</span> <span class='ocrx_word' id='word_1_260' title='bbox 803 2231 977 2285; x_wconf 81' lang='grc' dir='ltr'>ἐλθεῖν</span> <span class='ocrx_word' id='word_1_261' title='bbox 1010 2233 1247 2286; x_wconf 69' lang='grc' dir='ltr'>ποιῖπσαι.</span> 
     </span>
    </p>
   </div>
   <div class='ocr_carea' id='block_1_38' title="bbox 1911 2050 3464 2116">
    <p class='ocr_par' dir='ltr' id='par_1_38' title="bbox 1911 2050 3464 2116">
     <span class='ocr_line' id='line_1_38' title="bbox 1911 2050 3464 2116; baseline -0.002 -8"><span class='ocrx_word' id='word_1_262' title='bbox 1911 2067 2198 2108; x_wconf 90' lang='lat' dir='ltr'><strong>commune</strong></span> <span class='ocrx_word' id='word_1_263' title='bbox 2229 2052 2470 2106; x_wconf 91' lang='lat' dir='ltr'><strong>omnium</strong></span> <span class='ocrx_word' id='word_1_264' title='bbox 2522 2052 2684 2106; x_wconf 86' lang='lat' dir='ltr'><strong>simul</strong></span> <span class='ocrx_word' id='word_1_265' title='bbox 2725 2050 2989 2106; x_wconf 85' lang='lat' dir='ltr'><strong>conﬂasse</strong></span> <span class='ocrx_word' id='word_1_266' title='bbox 3018 2051 3338 2116; x_wconf 88' lang='lat' dir='ltr'><strong>concilium;</strong></span> <span class='ocrx_word' id='word_1_267' title='bbox 3399 2066 3464 2106; x_wconf 92' lang='lat' dir='ltr'><strong>ac</strong></span> 
     </span>
    </p>
   </div>
   <div class='ocr_carea' id='block_1_39' title="bbox 1911 2144 3462 2216">
    <p class='ocr_par' dir='ltr' id='par_1_39' title="bbox 1911 2144 3462 2216">
     <span class='ocr_line' id='line_1_39' title="bbox 1911 2144 3462 2216; baseline -0.003 -15"><span class='ocrx_word' id='word_1_268' title='bbox 1911 2145 2173 2216; x_wconf 84' lang='lat' dir='ltr'><strong>simplicis</strong></span> <span class='ocrx_word' id='word_1_269' title='bbox 2231 2145 2512 2215; x_wconf 83' lang='lat' dir='ltr'><strong>facilisque</strong></span> <span class='ocrx_word' id='word_1_270' title='bbox 2551 2144 2769 2214; x_wconf 88' lang='lat' dir='ltr'><strong>alloquii</strong></span> <span class='ocrx_word' id='word_1_271' title='bbox 2816 2145 3316 2207; x_wconf 87' lang='lat' dir='ltr'><strong>dissertationibus,</strong></span> <span class='ocrx_word' id='word_1_272' title='bbox 3346 2151 3462 2197; x_wconf 88' lang='lat' dir='ltr'><strong>tum</strong></span> 
     </span>
    </p>
   </div>
   <div class='ocr_carea' id='block_1_40' title="bbox 1911 2235 3464 2306">
    <p class='ocr_par' dir='ltr' id='par_1_40' title="bbox 1911 2235 3464 2306">
     <span class='ocr_line' id='line_1_40' title="bbox 1911 2235 3464 2306; baseline 0.001 -17"><span class='ocrx_word' id='word_1_273' title='bbox 1911 2237 1966 2290; x_wconf 90' lang='lat' dir='ltr'><strong>in</strong></span> <span class='ocrx_word' id='word_1_274' title='bbox 1987 2235 2082 2292; x_wconf 88' lang='lat' dir='ltr'><strong>Dei</strong></span> <span class='ocrx_word' id='word_1_275' title='bbox 2108 2251 2202 2292; x_wconf 91' lang='lat' dir='ltr'><strong>eos</strong></span> <span class='ocrx_word' id='word_1_276' title='bbox 2228 2251 2446 2292; x_wconf 86' lang='lat' dir='ltr'><strong>sensum</strong></span> <span class='ocrx_word' id='word_1_277' title='bbox 2469 2237 2747 2300; x_wconf 75' lang='lat' dir='ltr'><strong>extulisse,</strong></span> <span class='ocrx_word' id='word_1_278' title='bbox 2775 2244 2887 2295; x_wconf 86' lang='lat' dir='ltr'><strong>tum</strong></span> <span class='ocrx_word' id='word_1_279' title='bbox 2913 2236 2967 2290; x_wconf 94' lang='lat' dir='ltr'><strong>in</strong></span> <span class='ocrx_word' id='word_1_280' title='bbox 2990 2235 3118 2292; x_wconf 89' lang='lat' dir='ltr'><strong>boni</strong></span> <span class='ocrx_word' id='word_1_281' title='bbox 3144 2235 3464 2306; x_wconf 87' lang='lat' dir='ltr'><strong>honestique</strong></span> 
     </span>
    </p>
   </div>
   <div class='ocr_carea' id='block_1_41' title="bbox 1908 2327 2565 2383">
    <p class='ocr_par' dir='ltr' id='par_1_41' title="bbox 1908 2327 2565 2383">
     <span class='ocr_line' id='line_1_41' title="bbox 1908 2327 2565 2383; baseline 0.005 -3"><span class='ocrx_word' id='word_1_282' title='bbox 1908 2327 2232 2383; x_wconf 89' lang='lat' dir='ltr'><strong>desiderium</strong></span> <span class='ocrx_word' id='word_1_283' title='bbox 2258 2328 2565 2383; x_wconf 78' lang='lat' dir='ltr'><strong>adduxisse.</strong></span> 
     </span>
    </p>
   </div>
   <div class='ocr_carea' id='block_1_42' title="bbox 254 2433 3463 2564">
    <p class='ocr_par' dir='ltr' id='par_1_42' title="bbox 254 2433 3463 2564">
     <span class='ocr_line' id='line_1_42' title="bbox 254 2433 3463 2564; baseline 0.003 -76"><span class='ocrx_word' id='word_1_284' title='bbox 254 2435 384 2489; x_wconf 71' lang='lat' dir='ltr'><strong>CAP.</strong></span> <span class='ocrx_word' id='word_1_285' title='bbox 417 2433 577 2489; x_wconf 73' lang='lat' dir='ltr'><strong>XVII.</strong></span> <span class='ocrx_word' id='word_1_286' title='bbox 612 2436 896 2508; x_wconf 73' lang='lat' dir='ltr'><strong>Exagitala</strong></span> <span class='ocrx_word' id='word_1_287' title='bbox 920 2436 1254 2492; x_wconf 78' lang='lat' dir='ltr'><strong>Manichaica</strong></span> <span class='ocrx_word' id='word_1_288' title='bbox 1289 2440 1450 2494; x_wconf 79' lang='lat' dir='ltr'><strong>virtue</strong></span> <span class='ocrx_word' id='word_1_289' title='bbox 1475 2439 1526 2491; x_wconf 87' lang='lat' dir='ltr'><strong>in</strong></span> <span class='ocrx_word' id='word_1_290' title='bbox 1559 2436 1805 2521; x_wconf 48' lang='lat' dir='ltr'><strong>Materia:</strong></span> <span class='ocrx_word' id='word_1_291' title='bbox 1828 2439 1886 2493; x_wconf 91' lang='lat' dir='ltr'><strong>Si</strong></span> <span class='ocrx_word' id='word_1_292' title='bbox 1912 2457 2019 2564; x_wconf 51' lang='lat' dir='ltr'><strong>ara</strong></span> <span class='ocrx_word' id='word_1_293' title='bbox 2039 2442 2203 2496; x_wconf 80' lang='lat' dir='ltr'><strong>virtus</strong></span> <span class='ocrx_word' id='word_1_294' title='bbox 2224 2452 2400 2496; x_wconf 84' lang='lat' dir='ltr'><strong>creata</strong></span> <span class='ocrx_word' id='word_1_295' title='bbox 2427 2442 2537 2495; x_wconf 78' lang='lat' dir='ltr'><strong>sine</strong></span> <span class='ocrx_word' id='word_1_296' title='bbox 2568 2439 2818 2507; x_wconf 83' lang='lat' dir='ltr'><strong>Materia,</strong></span> <span class='ocrx_word' id='word_1_297' title='bbox 2846 2451 2895 2496; x_wconf 90' lang='lat' dir='ltr'><strong>et</strong></span> <span class='ocrx_word' id='word_1_298' title='bbox 2924 2443 3156 2512; x_wconf 65' lang='lat' dir='ltr'><strong>reliquie.</strong></span> <span class='ocrx_word' id='word_1_299' title='bbox 3199 2441 3378 2499; x_wconf 75' lang='lat' dir='ltr'><strong>Virtus</strong></span> <span class='ocrx_word' id='word_1_300' title='bbox 3408 2443 3463 2497; x_wconf 84' lang='lat' dir='ltr'><strong>in</strong></span> 
     </span>
     <span class='ocr_line' id='line_1_43' title="bbox 1607 2519 2084 2564; baseline 0.006 -3"><span class='ocrx_word' id='word_1_301' title='bbox 1607 2519 1828 2563; x_wconf 70' lang='lat' dir='ltr'><strong>materna</strong></span> <span class='ocrx_word' id='word_1_302' title='bbox 1849 2527 1944 2564; x_wconf 75' lang='lat' dir='ltr'><strong>exn</strong></span> <span class='ocrx_word' id='word_1_303' title='bbox 1970 2529 2084 2564; x_wconf 84' lang='lat' dir='ltr'><strong>osa.</strong></span> 
     </span>
    </p>
   </div>
   <div class='ocr_carea' id='block_1_43' title="bbox 1607 2519 2084 2583">
    <p class='ocr_par' dir='ltr' id='par_1_43' title="bbox 1607 2519 2084 2583">
     <span class='ocr_line' id='line_1_44' title="bbox 1607 2519 2084 2583; baseline 0.008 -22"><span class='ocrx_word' id='word_1_304' title='bbox 1607 2519 1828 2563; x_wconf 79' lang='lat' dir='ltr'><strong>materia</strong></span> <span class='ocrx_word' id='word_1_305' title='bbox 1849 2519 2084 2583; x_wconf 76' lang='lat' dir='ltr'><strong>explosa.</strong></span> 
     </span>
    </p>
   </div>
   <div class='ocr_carea' id='block_1_44' title="bbox 337 2621 1810 2692">
    <p class='ocr_par' dir='ltr' id='par_1_44' title="bbox 337 2621 1810 2692">
     <span class='ocr_line' id='line_1_45' title="bbox 337 2621 1810 2692; baseline 0.001 -18"><span class='ocrx_word' id='word_1_306' title='bbox 337 2622 494 2675; x_wconf 84' lang='grc' dir='ltr'>Ἀλλά</span> <span class='ocrx_word' id='word_1_307' title='bbox 518 2621 624 2692; x_wconf 80' lang='grc' dir='ltr'>γὰρ</span> <span class='ocrx_word' id='word_1_308' title='bbox 649 2621 867 2672; x_wconf 85' lang='grc' dir='ltr'>πώποτε</span> <span class='ocrx_word' id='word_1_309' title='bbox 899 2621 1113 2688; x_wconf 82' lang='grc' dir='ltr'>λέγεται</span> <span class='ocrx_word' id='word_1_310' title='bbox 1133 2622 1192 2675; x_wconf 85' lang='grc' dir='ltr'><strong>τὸ</strong></span> <span class='ocrx_word' id='word_1_311' title='bbox 1218 2621 1569 2691; x_wconf 69' lang='grc' dir='ltr'>καταπέμψαι</span> <span class='ocrx_word' id='word_1_312' title='bbox 1596 2621 1694 2692; x_wconf 83' lang='grc' dir='ltr'>τὴν</span> <span class='ocrx_word' id='word_1_313' title='bbox 1722 2622 1810 2675; x_wconf 86' lang='grc' dir='ltr'>δύ-</span> 
     </span>
    </p>
   </div>
   <div class='ocr_carea' id='block_1_45' title="bbox 251 2711 1809 2785">
    <p class='ocr_par' dir='ltr' id='par_1_45' title="bbox 251 2711 1809 2785">
     <span class='ocr_line' id='line_1_46' title="bbox 251 2711 1809 2785; baseline 0 -18"><span class='ocrx_word' id='word_1_314' title='bbox 251 2731 418 2784; x_wconf 84' lang='grc' dir='ltr'>ναμιν</span> <span class='ocrx_word' id='word_1_315' title='bbox 455 2713 552 2784; x_wconf 84' lang='grc' dir='ltr'><strong>τὴν</strong></span> <span class='ocrx_word' id='word_1_316' title='bbox 588 2712 736 2766; x_wconf 83' lang='grc' dir='ltr'>θείαν</span> <span class='ocrx_word' id='word_1_317' title='bbox 767 2713 795 2764; x_wconf 95' lang='lat'><strong>6</strong></span> <span class='ocrx_word' id='word_1_318' title='bbox 844 2711 976 2775; x_wconf 82' lang='grc' dir='ltr'>Θεὸς</span> <span class='ocrx_word' id='word_1_319' title='bbox 1017 2713 1107 2766; x_wconf 77' lang='grc' dir='ltr'>ἐπὶ</span> <span class='ocrx_word' id='word_1_320' title='bbox 1133 2712 1227 2782; x_wconf 87' lang='grc' dir='ltr'><strong>τὴν</strong></span> <span class='ocrx_word' id='word_1_321' title='bbox 1272 2713 1432 2782; x_wconf 74' lang='grc' dir='ltr'>ὓληνς</span> <span class='ocrx_word' id='word_1_322' title='bbox 1477 2714 1538 2766; x_wconf 82' lang='grc' dir='ltr'><strong>Εἰ</strong></span> <span class='ocrx_word' id='word_1_323' title='bbox 1574 2713 1670 2784; x_wconf 86' lang='grc' dir='ltr'><strong>μὲν</strong></span> <span class='ocrx_word' id='word_1_324' title='bbox 1702 2713 1809 2785; x_wconf 78' lang='grc' dir='ltr'><strong>γὰρ</strong></span> 
     </span>
    </p>
   </div>
   <div class='ocr_carea' id='block_1_46' title="bbox 250 2800 1808 2876">
    <p class='ocr_par' dir='ltr' id='par_1_46' title="bbox 250 2800 1808 2876">
     <span class='ocr_line' id='line_1_47' title="bbox 250 2800 1808 2876; baseline 0 -20"><span class='ocrx_word' id='word_1_325' title='bbox 250 2800 324 2876; x_wconf 81' lang='grc' dir='ltr'>ἦν</span> <span class='ocrx_word' id='word_1_326' title='bbox 357 2805 463 2868; x_wconf 67' lang='grc' dir='ltr'>ἀεὶ,</span> <span class='ocrx_word' id='word_1_327' title='bbox 505 2803 599 2856; x_wconf 78' lang='grc' dir='ltr'><strong>καὶ</strong></span> <span class='ocrx_word' id='word_1_328' title='bbox 635 2802 755 2856; x_wconf 83' lang='grc' dir='ltr'>οῦτε</span> <span class='ocrx_word' id='word_1_329' title='bbox 786 2804 813 2855; x_wconf 89' lang='lat'><strong>6</strong></span> <span class='ocrx_word' id='word_1_330' title='bbox 839 2802 970 2867; x_wconf 89' lang='grc' dir='ltr'>Θεὸς</span> <span class='ocrx_word' id='word_1_331' title='bbox 1010 2804 1271 2874; x_wconf 86' lang='grc' dir='ltr'>πρότερος</span> <span class='ocrx_word' id='word_1_332' title='bbox 1303 2805 1468 2874; x_wconf 76' lang='grc' dir='ltr'>αὐτῆς</span> <span class='ocrx_word' id='word_1_333' title='bbox 1498 2806 1808 2870; x_wconf 79' lang='grc' dir='ltr'>ἐπινοεῖται,</span> 
     </span>
    </p>
   </div>
   <div class='ocr_carea' id='block_1_47' title="bbox 249 2895 1808 2968">
    <p class='ocr_par' dir='ltr' id='par_1_47' title="bbox 249 2895 1808 2968">
     <span class='ocr_line' id='line_1_48' title="bbox 249 2895 1808 2968; baseline -0.001 -17"><span class='ocrx_word' id='word_1_334' title='bbox 249 2895 382 2951; x_wconf 82' lang='grc' dir='ltr'>οὒτε</span> <span class='ocrx_word' id='word_1_335' title='bbox 479 2897 599 2966; x_wconf 77' lang='grc' dir='ltr'>ὕλη,</span> <span class='ocrx_word' id='word_1_336' title='bbox 636 2898 782 2967; x_wconf 89' lang='grc' dir='ltr'>τρεῖς</span> <span class='ocrx_word' id='word_1_337' title='bbox 819 2895 977 2949; x_wconf 82' lang='grc' dir='ltr'>πάλιν</span> <span class='ocrx_word' id='word_1_338' title='bbox 1006 2897 1173 2959; x_wconf 77' lang='grc' dir='ltr'>οὕτως</span> <span class='ocrx_word' id='word_1_339' title='bbox 1197 2897 1332 2949; x_wconf 76' lang='grc' dir='ltr'>εἰσὶν</span> <span class='ocrx_word' id='word_1_340' title='bbox 1365 2897 1529 2968; x_wconf 74' lang='grc' dir='ltr'>ἀρχαὶ</span> <span class='ocrx_word' id='word_1_341' title='bbox 1556 2897 1694 2949; x_wconf 77' lang='grc' dir='ltr'>κατὰ</span> <span class='ocrx_word' id='word_1_342' title='bbox 1718 2896 1808 2950; x_wconf 89' lang='grc' dir='ltr'><strong>τὸν</strong></span> 
     </span>
    </p>
   </div>
   <div class='ocr_carea' id='block_1_48' title="bbox 252 2988 1806 3059">
    <p class='ocr_par' dir='ltr' id='par_1_48' title="bbox 252 2988 1806 3059">
     <span class='ocr_line' id='line_1_49' title="bbox 252 2988 1806 3059; baseline 0 -19"><span class='ocrx_word' id='word_1_343' title='bbox 252 2989 571 3059; x_wconf 87' lang='grc' dir='ltr'>Μανιχαῖον·</span> <span class='ocrx_word' id='word_1_344' title='bbox 599 2989 734 3058; x_wconf 83' lang='grc' dir='ltr'>τάχα</span> <span class='ocrx_word' id='word_1_345' title='bbox 766 2988 820 3041; x_wconf 83' lang='grc' dir='ltr'>δὲ</span> <span class='ocrx_word' id='word_1_346' title='bbox 848 2989 939 3041; x_wconf 78' lang='grc' dir='ltr'><strong>καὶ</strong></span> <span class='ocrx_word' id='word_1_347' title='bbox 963 2988 1268 3058; x_wconf 81' lang='grc' dir='ltr'>πάμπολλαι</span> <span class='ocrx_word' id='word_1_348' title='bbox 1298 2990 1620 3058; x_wconf 85' lang='grc' dir='ltr'>φανήσονται</span> <span class='ocrx_word' id='word_1_349' title='bbox 1643 2988 1806 3056; x_wconf 84' lang='grc' dir='ltr'>ὀλίγω</span> 
     </span>
    </p>
   </div>
   <div class='ocr_carea' id='block_1_49' title="bbox 253 3077 1806 3152">
    <p class='ocr_par' dir='ltr' id='par_1_49' title="bbox 253 3077 1806 3152">
     <span class='ocr_line' id='line_1_50' title="bbox 253 3077 1806 3152; baseline 0.001 -21"><span class='ocrx_word' id='word_1_350' title='bbox 253 3077 500 3151; x_wconf 80' lang='grc' dir='ltr'>ὕστερον.</span> <span class='ocrx_word' id='word_1_351' title='bbox 536 3082 592 3133; x_wconf 82' lang='lat' dir='ltr'><strong>El</strong></span> <span class='ocrx_word' id='word_1_352' title='bbox 614 3081 657 3132; x_wconf 84' lang='grc' dir='ltr'>δ’</span> <span class='ocrx_word' id='word_1_353' title='bbox 675 3083 963 3152; x_wconf 78' lang='grc' dir='ltr'>ἐπιγενητή</span> <span class='ocrx_word' id='word_1_354' title='bbox 999 3098 1112 3143; x_wconf 85' lang='grc' dir='ltr'>πως</span> <span class='ocrx_word' id='word_1_355' title='bbox 1137 3080 1272 3144; x_wconf 78' lang='grc' dir='ltr'>ἐστὶ,</span> <span class='ocrx_word' id='word_1_356' title='bbox 1297 3079 1410 3143; x_wconf 82' lang='grc' dir='ltr'>πῶς</span> <span class='ocrx_word' id='word_1_357' title='bbox 1432 3079 1562 3150; x_wconf 75' lang='grc' dir='ltr'>ὕλης</span> <span class='ocrx_word' id='word_1_358' title='bbox 1583 3081 1806 3152; x_wconf 82' lang='grc' dir='ltr'>ἄμοιρος</span> 
     </span>
    </p>
   </div>
   <div class='ocr_carea' id='block_1_50' title="bbox 251 3170 1806 3243">
    <p class='ocr_par' dir='ltr' id='par_1_50' title="bbox 251 3170 1806 3243">
     <span class='ocr_line' id='line_1_51' title="bbox 251 3170 1806 3243; baseline 0.001 -19"><span class='ocrx_word' id='word_1_359' title='bbox 251 3171 424 3241; x_wconf 83' lang='grc' dir='ltr'>αὐτή;</span> <span class='ocrx_word' id='word_1_360' title='bbox 450 3173 512 3224; x_wconf 78' lang='lat' dir='ltr'><strong>Et</strong></span> <span class='ocrx_word' id='word_1_361' title='bbox 554 3172 609 3226; x_wconf 83' lang='grc' dir='ltr'>δὲ</span> <span class='ocrx_word' id='word_1_362' title='bbox 643 3172 804 3242; x_wconf 85' lang='grc' dir='ltr'>μέρος</span> <span class='ocrx_word' id='word_1_363' title='bbox 839 3173 952 3225; x_wconf 79' lang='grc' dir='ltr'>ἐστὶ</span> <span class='ocrx_word' id='word_1_364' title='bbox 987 3171 1078 3224; x_wconf 88' lang='grc' dir='ltr'><strong>τοῦ</strong></span> <span class='ocrx_word' id='word_1_365' title='bbox 1109 3171 1262 3237; x_wconf 83' lang='grc' dir='ltr'>Θεοῦ,</span> <span class='ocrx_word' id='word_1_366' title='bbox 1296 3172 1507 3243; x_wconf 79' lang='grc' dir='ltr'>πρῶτον</span> <span class='ocrx_word' id='word_1_367' title='bbox 1543 3171 1641 3243; x_wconf 81' lang='grc' dir='ltr'>μὲν</span> <span class='ocrx_word' id='word_1_368' title='bbox 1683 3170 1806 3225; x_wconf 82' lang='grc' dir='ltr'>σύν-</span> 
     </span>
    </p>
   </div>
   <div class='ocr_carea' id='block_1_51' title="bbox 253 3245 1804 3335">
    <p class='ocr_par' dir='ltr' id='par_1_51' title="bbox 253 3245 1804 3335">
     <span class='ocr_line' id='line_1_52' title="bbox 253 3245 1804 3335; baseline 0.001 -20"><span class='ocrx_word' id='word_1_369' title='bbox 253 3263 407 3316; x_wconf 86' lang='grc' dir='ltr'>θετον</span> <span class='ocrx_word' id='word_1_370' title='bbox 438 3264 532 3316; x_wconf 75' lang='grc' dir='ltr'><strong>καὶ</strong></span> <span class='ocrx_word' id='word_1_371' title='bbox 565 3264 868 3335; x_wconf 78' lang='grc' dir='ltr'>σωματικὸν</span> <span class='ocrx_word' id='word_1_372' title='bbox 905 3245 1288 3333; x_wconf 71' lang='grc' dir='ltr'>ἀποφαίνουσιν</span> <span class='ocrx_word' id='word_1_373' title='bbox 1318 3265 1488 3330; x_wconf 78' lang='grc' dir='ltr'>οὕτως</span> <span class='ocrx_word' id='word_1_374' title='bbox 1516 3265 1606 3320; x_wconf 91' lang='grc' dir='ltr'><strong>τὸν</strong></span> <span class='ocrx_word' id='word_1_375' title='bbox 1637 3265 1766 3318; x_wconf 84' lang='grc' dir='ltr'>Θεὸν</span> <span class='ocrx_word' id='word_1_376' title='bbox 1791 3281 1804 3294; x_wconf 85' lang='grc'><strong>·</strong></span> 
     </span>
    </p>
   </div>
   <div class='ocr_carea' id='block_1_52' title="bbox 254 3353 1804 3428">
    <p class='ocr_par' dir='ltr' id='par_1_52' title="bbox 254 3353 1804 3428">
     <span class='ocr_line' id='line_1_53' title="bbox 254 3353 1804 3428; baseline 0.002 -22"><span class='ocrx_word' id='word_1_377' title='bbox 254 3353 410 3407; x_wconf 82' lang='grc' dir='ltr'>τοῦτο</span> <span class='ocrx_word' id='word_1_378' title='bbox 439 3354 494 3408; x_wconf 83' lang='grc' dir='ltr'>δὲ</span> <span class='ocrx_word' id='word_1_379' title='bbox 526 3356 722 3410; x_wconf 78' lang='grc' dir='ltr'>ἄτοπον</span> <span class='ocrx_word' id='word_1_380' title='bbox 746 3357 840 3410; x_wconf 75' lang='grc' dir='ltr'>καὶ</span> <span class='ocrx_word' id='word_1_381' title='bbox 860 3356 1135 3413; x_wconf 77' lang='grc' dir='ltr'>ἀδύνατον.</span> <span class='ocrx_word' id='word_1_382' title='bbox 1167 3359 1228 3410; x_wconf 83' lang='lat' dir='ltr'><strong>Ei</strong></span> <span class='ocrx_word' id='word_1_383' title='bbox 1253 3359 1309 3410; x_wconf 80' lang='grc' dir='ltr'>δὲ</span> <span class='ocrx_word' id='word_1_384' title='bbox 1338 3359 1587 3428; x_wconf 76' lang='grc' dir='ltr'>ἐποίησεν</span> <span class='ocrx_word' id='word_1_385' title='bbox 1616 3355 1804 3428; x_wconf 82' lang='grc' dir='ltr'>αὐτὴν,</span> 
     </span>
    </p>
   </div>
   <div class='ocr_carea' id='block_1_53' title="bbox 257 3446 1810 3520">
    <p class='ocr_par' dir='ltr' id='par_1_53' title="bbox 257 3446 1810 3520">
     <span class='ocr_line' id='line_1_54' title="bbox 257 3446 1810 3520; baseline 0.001 -20"><span class='ocrx_word' id='word_1_386' title='bbox 257 3448 352 3500; x_wconf 76' lang='grc' dir='ltr'>καὶ</span> <span class='ocrx_word' id='word_1_387' title='bbox 389 3446 519 3519; x_wconf 79' lang='grc' dir='ltr'>ὕλης</span> <span class='ocrx_word' id='word_1_388' title='bbox 557 3448 778 3520; x_wconf 81' lang='grc' dir='ltr'>ἄμοιρός</span> <span class='ocrx_word' id='word_1_389' title='bbox 807 3450 941 3512; x_wconf 77' lang='grc' dir='ltr'>ἐστι,</span> <span class='ocrx_word' id='word_1_390' title='bbox 970 3447 1232 3519; x_wconf 81' lang='grc' dir='ltr'>θαυμάζω</span> <span class='ocrx_word' id='word_1_391' title='bbox 1301 3449 1410 3513; x_wconf 82' lang='grc' dir='ltr'><strong>πῶς</strong></span> <span class='ocrx_word' id='word_1_392' title='bbox 1440 3451 1538 3503; x_wconf 81' lang='grc' dir='ltr'>οὐκ</span> <span class='ocrx_word' id='word_1_393' title='bbox 1575 3449 1810 3519; x_wconf 80' lang='grc' dir='ltr'>ὲσκόπη-</span> 
     </span>
    </p>
   </div>
   <div class='ocr_carea' id='block_1_54' title="bbox 257 3532 1810 3612">
    <p class='ocr_par' dir='ltr' id='par_1_54' title="bbox 257 3532 1810 3612">
     <span class='ocr_line' id='line_1_55' title="bbox 257 3532 1810 3612; baseline 0.002 -20"><span class='ocrx_word' id='word_1_394' title='bbox 257 3555 380 3604; x_wconf 76' lang='grc' dir='ltr'>σαν,</span> <span class='ocrx_word' id='word_1_395' title='bbox 410 3537 532 3592; x_wconf 76' lang='grc' dir='ltr'>οὕτε</span> <span class='ocrx_word' id='word_1_396' title='bbox 561 3532 732 3606; x_wconf 75' lang='grc' dir='ltr'>οὗτος,</span> <span class='ocrx_word' id='word_1_397' title='bbox 759 3539 879 3593; x_wconf 74' lang='grc' dir='ltr'>οὔτε</span> <span class='ocrx_word' id='word_1_398' title='bbox 911 3542 960 3594; x_wconf 82' lang='grc' dir='ltr'><strong>οῑ</strong></span> <span class='ocrx_word' id='word_1_399' title='bbox 983 3541 1078 3594; x_wconf 86' lang='grc' dir='ltr'>ἀπ’</span> <span class='ocrx_word' id='word_1_400' title='bbox 1103 3542 1328 3607; x_wconf 81' lang='grc' dir='ltr'>ἐκείνου,</span> <span class='ocrx_word' id='word_1_401' title='bbox 1357 3544 1460 3606; x_wconf 83' lang='grc' dir='ltr'>ὅτι,</span> <span class='ocrx_word' id='word_1_402' title='bbox 1485 3544 1532 3595; x_wconf 85' lang='grc' dir='ltr'><strong>εί</strong></span> <span class='ocrx_word' id='word_1_403' title='bbox 1563 3543 1628 3612; x_wconf 84' lang='grc' dir='ltr'><strong>(ὃ</strong></span> <span class='ocrx_word' id='word_1_404' title='bbox 1658 3542 1810 3611; x_wconf 82' lang='grc' dir='ltr'>λέγε-</span> 
     </span>
    </p>
   </div>
   <div class='ocr_carea' id='block_1_55' title="bbox 255 3633 1809 3706">
    <p class='ocr_par' dir='ltr' id='par_1_55' title="bbox 255 3633 1809 3706">
     <span class='ocr_line' id='line_1_56' title="bbox 255 3633 1809 3706; baseline 0.001 -20"><span class='ocrx_word' id='word_1_405' title='bbox 255 3651 347 3687; x_wconf 84' lang='grc' dir='ltr'><strong>ται</strong></span> <span class='ocrx_word' id='word_1_406' title='bbox 377 3635 515 3688; x_wconf 85' lang='grc' dir='ltr'><strong>κατά</strong></span> <span class='ocrx_word' id='word_1_407' title='bbox 558 3633 653 3705; x_wconf 83' lang='grc' dir='ltr'>τὴν</span> <span class='ocrx_word' id='word_1_408' title='bbox 693 3634 862 3706; x_wconf 85' lang='grc' dir='ltr'>ἀληθῆ</span> <span class='ocrx_word' id='word_1_409' title='bbox 894 3635 1067 3701; x_wconf 83' lang='grc' dir='ltr'>δόξαν,</span> <span class='ocrx_word' id='word_1_410' title='bbox 1095 3636 1175 3689; x_wconf 84' lang='grc' dir='ltr'>ὅτι</span> <span class='ocrx_word' id='word_1_411' title='bbox 1207 3636 1274 3691; x_wconf 74' lang='grc' dir='ltr'><strong>τὰ</strong></span> <span class='ocrx_word' id='word_1_412' title='bbox 1304 3635 1518 3706; x_wconf 82' lang='grc' dir='ltr'>ἐφεξῆς,</span> <span class='ocrx_word' id='word_1_413' title='bbox 1557 3636 1809 3706; x_wconf 81' lang='grc' dir='ltr'>μένοντος</span> 
     </span>
    </p>
   </div>
   <div class='ocr_carea' id='block_1_56' title="bbox 257 3724 1808 3798">
    <p class='ocr_par' dir='ltr' id='par_1_56' title="bbox 257 3724 1808 3798">
     <span class='ocr_line' id='line_1_57' title="bbox 257 3724 1808 3798; baseline 0.001 -20"><span class='ocrx_word' id='word_1_414' title='bbox 257 3725 353 3779; x_wconf 82' lang='grc' dir='ltr'><strong>τοῦ</strong></span> <span class='ocrx_word' id='word_1_415' title='bbox 398 3724 552 3791; x_wconf 84' lang='grc' dir='ltr'>Θεοῦ,</span> <span class='ocrx_word' id='word_1_416' title='bbox 603 3727 950 3788; x_wconf 78' lang='grc' dir='ltr'>ὑποστάσεως</span> <span class='ocrx_word' id='word_1_417' title='bbox 987 3725 1151 3796; x_wconf 77' lang='grc' dir='ltr'>εἰσὶ,&gt;</span> <span class='ocrx_word' id='word_1_418' title='bbox 1201 3729 1300 3798; x_wconf 83' lang='grc' dir='ltr'><strong>τὴν</strong></span> <span class='ocrx_word' id='word_1_419' title='bbox 1339 3728 1562 3797; x_wconf 87' lang='grc' dir='ltr'>δυνάμιν</span> <span class='ocrx_word' id='word_1_420' title='bbox 1608 3728 1808 3796; x_wconf 82' lang='grc' dir='ltr'>ταύτην</span> 
     </span>
    </p>
   </div>
   <div class='ocr_carea' id='block_1_57' title="bbox 259 3816 1804 3889">
    <p class='ocr_par' dir='ltr' id='par_1_57' title="bbox 259 3816 1804 3889">
     <span class='ocr_line' id='line_1_58' title="bbox 259 3816 1804 3889; baseline -0.001 -20"><span class='ocrx_word' id='word_1_421' title='bbox 259 3816 479 3888; x_wconf 77' lang='grc' dir='ltr'>ἐποίησε</span> <span class='ocrx_word' id='word_1_422' title='bbox 515 3817 836 3889; x_wconf 75' lang='grc' dir='ltr'>βουληθεὶςὸ</span> <span class='ocrx_word' id='word_1_423' title='bbox 872 3817 1022 3881; x_wconf 87' lang='grc' dir='ltr'>Θεὸς,</span> <span class='ocrx_word' id='word_1_424' title='bbox 1057 3816 1172 3881; x_wconf 87' lang='grc' dir='ltr'>πῶς</span> <span class='ocrx_word' id='word_1_425' title='bbox 1210 3819 1328 3889; x_wconf 75' lang='grc' dir='ltr'>οὐχὶ</span> <span class='ocrx_word' id='word_1_426' title='bbox 1368 3821 1460 3872; x_wconf 79' lang='grc' dir='ltr'><strong>καὶ</strong></span> <span class='ocrx_word' id='word_1_427' title='bbox 1498 3817 1604 3870; x_wconf 82' lang='grc' dir='ltr'><strong>τῶν</strong></span> <span class='ocrx_word' id='word_1_428' title='bbox 1632 3817 1804 3870; x_wconf 82' lang='grc' dir='ltr'>ἄλλων</span> 
     </span>
    </p>
   </div>
   <div class='ocr_carea' id='block_1_58' title="bbox 258 3907 1812 3979">
    <p class='ocr_par' dir='ltr' id='par_1_58' title="bbox 258 3907 1812 3979">
     <span class='ocr_line' id='line_1_59' title="bbox 258 3907 1812 3979; baseline -0.003 -17"><span class='ocrx_word' id='word_1_429' title='bbox 258 3907 512 3962; x_wconf 80' lang='grc' dir='ltr'>ἁπάντων</span> <span class='ocrx_word' id='word_1_430' title='bbox 537 3907 644 3960; x_wconf 85' lang='grc' dir='ltr'><strong>τῶν</strong></span> <span class='ocrx_word' id='word_1_431' title='bbox 686 3908 982 3979; x_wconf 80' lang='grc' dir='ltr'>γενομένων</span> <span class='ocrx_word' id='word_1_432' title='bbox 1026 3907 1194 3972; x_wconf 81' lang='grc' dir='ltr'>αἴτιος</span> <span class='ocrx_word' id='word_1_433' title='bbox 1229 3910 1461 3978; x_wconf 73' lang='grc' dir='ltr'>ἐγένετο,</span> <span class='ocrx_word' id='word_1_434' title='bbox 1491 3908 1640 3962; x_wconf 79' lang='grc' dir='ltr'>οὐδὲν</span> <span class='ocrx_word' id='word_1_435' title='bbox 1680 3908 1812 3978; x_wconf 77' lang='grc' dir='ltr'>ὕλης</span> 
     </span>
    </p>
   </div>
   <div class='ocr_carea' id='block_1_59' title="bbox 259 3999 1811 4074">
    <p class='ocr_par' dir='ltr' id='par_1_59' title="bbox 259 3999 1811 4074">
     <span class='ocr_line' id='line_1_60' title="bbox 259 3999 1811 4074; baseline 0 -21"><span class='ocrx_word' id='word_1_436' title='bbox 259 3999 714 4072; x_wconf 84' lang='grc' dir='ltr'>προῦπαρχούσης</span> <span class='ocrx_word' id='word_1_437' title='bbox 756 3999 1135 4071; x_wconf 87' lang='grc' dir='ltr'>προσδεηθείς;</span> <span class='ocrx_word' id='word_1_438' title='bbox 1175 4002 1256 4054; x_wconf 86' lang='grc' dir='ltr'><strong>Τὰ</strong></span> <span class='ocrx_word' id='word_1_439' title='bbox 1296 4003 1393 4072; x_wconf 88' lang='grc' dir='ltr'><strong>μὲν</strong></span> <span class='ocrx_word' id='word_1_440' title='bbox 1424 4003 1486 4073; x_wconf 85' lang='grc' dir='ltr'>δὴ</span> <span class='ocrx_word' id='word_1_441' title='bbox 1516 4003 1811 4074; x_wconf 83' lang='grc' dir='ltr'>φαινόμενα</span> 
     </span>
    </p>
   </div>
   <div class='ocr_carea' id='block_1_60' title="bbox 258 4093 1715 4166">
    <p class='ocr_par' dir='ltr' id='par_1_60' title="bbox 258 4093 1715 4166">
     <span class='ocr_line' id='line_1_61' title="bbox 258 4093 1715 4166; baseline 0.002 -18"><span class='ocrx_word' id='word_1_442' title='bbox 258 4093 435 4148; x_wconf 78' lang='grc' dir='ltr'>ἄτοπα</span> <span class='ocrx_word' id='word_1_443' title='bbox 464 4096 526 4147; x_wconf 81' lang='grc' dir='ltr'><strong>ἐκ</strong></span> <span class='ocrx_word' id='word_1_444' title='bbox 553 4094 740 4148; x_wconf 80' lang='grc' dir='ltr'>τούτου</span> <span class='ocrx_word' id='word_1_445' title='bbox 769 4093 1009 4157; x_wconf 87' lang='grc' dir='ltr'>τοιαῦτα,</span> <span class='ocrx_word' id='word_1_446' title='bbox 1041 4095 1277 4165; x_wconf 79' lang='grc' dir='ltr'>ἑπόμενα</span> <span class='ocrx_word' id='word_1_447' title='bbox 1309 4095 1365 4148; x_wconf 82' lang='grc' dir='ltr'><strong>δὲ</strong></span> <span class='ocrx_word' id='word_1_448' title='bbox 1395 4095 1461 4149; x_wconf 85' lang='grc' dir='ltr'>τὰ</span> <span class='ocrx_word' id='word_1_449' title='bbox 1493 4095 1635 4166; x_wconf 75' lang='grc' dir='ltr'>ἑξῆς.</span> <span class='ocrx_word' id='word_1_450' title='bbox 1706 4143 1715 4152; x_wconf 89' lang='grc'><strong><em>.</em></strong></span> 
     </span>
    </p>
   </div>
   <div class='ocr_carea' id='block_1_61' title="bbox 1980 2609 3462 2696">
    <p class='ocr_par' dir='ltr' id='par_1_61' title="bbox 1980 2609 3462 2696">
     <span class='ocr_line' id='line_1_62' title="bbox 1980 2609 3462 2696; baseline 0.001 -16"><span class='ocrx_word' id='word_1_451' title='bbox 1980 2625 2284 2693; x_wconf 87' lang='lat' dir='ltr'><strong>Enimvero,</strong></span> <span class='ocrx_word' id='word_1_452' title='bbox 2305 2627 2645 2696; x_wconf 88' lang='lat' dir='ltr'><strong>quandonam</strong></span> <span class='ocrx_word' id='word_1_453' title='bbox 2696 2627 2847 2680; x_wconf 87' lang='lat' dir='ltr'><strong>aiunt</strong></span> <span class='ocrx_word' id='word_1_454' title='bbox 2878 2625 3047 2681; x_wconf 90' lang='lat' dir='ltr'><strong>Deum</strong></span> <span class='ocrx_word' id='word_1_455' title='bbox 3066 2609 3324 2681; x_wconf 88' lang='lat' dir='ltr'><strong>divinam</strong></span> <span class='ocrx_word' id='word_1_456' title='bbox 3347 2627 3462 2681; x_wconf 87' lang='lat' dir='ltr'><strong>vir-</strong></span> 
     </span>
    </p>
   </div>
   <div class='ocr_carea' id='block_1_62' title="bbox 1909 2717 3461 2788">
    <p class='ocr_par' dir='ltr' id='par_1_62' title="bbox 1909 2717 3461 2788">
     <span class='ocr_line' id='line_1_63' title="bbox 1909 2717 3461 2788; baseline 0.001 -16"><span class='ocrx_word' id='word_1_457' title='bbox 1909 2726 2076 2773; x_wconf 88' lang='lat' dir='ltr'><strong>tutem</strong></span> <span class='ocrx_word' id='word_1_458' title='bbox 2110 2720 2323 2775; x_wconf 88' lang='lat' dir='ltr'><strong>misisse</strong></span> <span class='ocrx_word' id='word_1_459' title='bbox 2354 2719 2407 2773; x_wconf 92' lang='lat' dir='ltr'><strong>in</strong></span> <span class='ocrx_word' id='word_1_460' title='bbox 2437 2717 2906 2774; x_wconf 85' lang='lat' dir='ltr'><strong>materiam?Nam</strong></span> <span class='ocrx_word' id='word_1_461' title='bbox 2934 2718 2978 2774; x_wconf 93' lang='lat' dir='ltr'><strong>si</strong></span> <span class='ocrx_word' id='word_1_462' title='bbox 3001 2733 3214 2788; x_wconf 88' lang='lat' dir='ltr'><strong>semper</strong></span> <span class='ocrx_word' id='word_1_463' title='bbox 3243 2725 3379 2782; x_wconf 88' lang='lat' dir='ltr'><strong>erat,</strong></span> <span class='ocrx_word' id='word_1_464' title='bbox 3397 2733 3461 2774; x_wconf 91' lang='lat' dir='ltr'><strong>ac</strong></span> 
     </span>
    </p>
   </div>
   <div class='ocr_carea' id='block_1_63' title="bbox 1907 2810 3459 2882">
    <p class='ocr_par' dir='ltr' id='par_1_63' title="bbox 1907 2810 3459 2882">
     <span class='ocr_line' id='line_1_64' title="bbox 1907 2810 3459 2882; baseline 0 -17"><span class='ocrx_word' id='word_1_465' title='bbox 1907 2826 2082 2882; x_wconf 91' lang='lat' dir='ltr'><strong>neque</strong></span> <span class='ocrx_word' id='word_1_466' title='bbox 2113 2811 2252 2866; x_wconf 88' lang='lat' dir='ltr'><strong>Deus</strong></span> <span class='ocrx_word' id='word_1_467' title='bbox 2281 2812 2428 2882; x_wconf 89' lang='lat' dir='ltr'><strong>prior</strong></span> <span class='ocrx_word' id='word_1_468' title='bbox 2459 2811 2551 2865; x_wconf 85' lang='lat' dir='ltr'><strong>illa</strong></span> <span class='ocrx_word' id='word_1_469' title='bbox 2594 2810 2909 2881; x_wconf 83' lang='lat' dir='ltr'><strong>intelligitur</strong></span> <span class='ocrx_word' id='word_1_470' title='bbox 2931 2854 2946 2878; x_wconf 91' lang='lat'><strong>,</strong></span> <span class='ocrx_word' id='word_1_471' title='bbox 2981 2827 3157 2882; x_wconf 90' lang='lat' dir='ltr'><strong>neque</strong></span> <span class='ocrx_word' id='word_1_472' title='bbox 3194 2812 3459 2879; x_wconf 88' lang='lat' dir='ltr'><strong>materia;</strong></span> 
     </span>
    </p>
   </div>
   <div class='ocr_carea' id='block_1_64' title="bbox 1910 2904 3465 2974">
    <p class='ocr_par' dir='ltr' id='par_1_64' title="bbox 1910 2904 3465 2974">
     <span class='ocr_line' id='line_1_65' title="bbox 1910 2904 3465 2974; baseline -0.001 -15"><span class='ocrx_word' id='word_1_473' title='bbox 1910 2905 1988 2959; x_wconf 86' lang='lat' dir='ltr'><strong>sic</strong></span> <span class='ocrx_word' id='word_1_474' title='bbox 2019 2921 2209 2960; x_wconf 88' lang='lat' dir='ltr'><strong>rursus</strong></span> <span class='ocrx_word' id='word_1_475' title='bbox 2246 2921 2311 2960; x_wconf 83' lang='lat' dir='ltr'><strong>ex</strong></span> <span class='ocrx_word' id='word_1_476' title='bbox 2341 2904 2618 2959; x_wconf 74' lang='grc' dir='ltr'><strong>Μῇηίοὴωί</strong></span> <span class='ocrx_word' id='word_1_477' title='bbox 2651 2904 2897 2959; x_wconf 90' lang='lat' dir='ltr'><strong>doctrina</strong></span> <span class='ocrx_word' id='word_1_478' title='bbox 2939 2904 3042 2958; x_wconf 87' lang='lat' dir='ltr'><strong>tria</strong></span> <span class='ocrx_word' id='word_1_479' title='bbox 3071 2912 3231 2960; x_wconf 90' lang='lat' dir='ltr'><strong>erunt</strong></span> <span class='ocrx_word' id='word_1_480' title='bbox 3260 2904 3465 2974; x_wconf 85' lang='lat' dir='ltr'><strong>princi-</strong></span> 
     </span>
    </p>
   </div>
   <div class='ocr_carea' id='block_1_65' title="bbox 1911 2993 3487 3071">
    <p class='ocr_par' dir='ltr' id='par_1_65' title="bbox 1911 2993 3487 3071">
     <span class='ocr_line' id='line_1_66' title="bbox 1911 2993 3487 3071; baseline -0.001 -22"><span class='ocrx_word' id='word_1_481' title='bbox 1911 2996 2020 3065; x_wconf 88' lang='lat' dir='ltr'><strong>pia.</strong></span> <span class='ocrx_word' id='word_1_482' title='bbox 2059 2993 2220 3051; x_wconf 88' lang='lat' dir='ltr'><strong>Forte</strong></span> <span class='ocrx_word' id='word_1_483' title='bbox 2245 3011 2371 3050; x_wconf 89' lang='lat' dir='ltr'><strong>vero</strong></span> <span class='ocrx_word' id='word_1_484' title='bbox 2392 2997 2552 3050; x_wconf 84' lang='lat' dir='ltr'><strong>etiam</strong></span> <span class='ocrx_word' id='word_1_485' title='bbox 2583 2996 2740 3066; x_wconf 83' lang='lat' dir='ltr'><strong>longe</strong></span> <span class='ocrx_word' id='word_1_486' title='bbox 2788 2995 3017 3064; x_wconf 90' lang='lat' dir='ltr'><strong>plurima</strong></span> <span class='ocrx_word' id='word_1_487' title='bbox 3043 2995 3204 3066; x_wconf 92' lang='lat' dir='ltr'><strong>paulo</strong></span> <span class='ocrx_word' id='word_1_488' title='bbox 3230 3003 3352 3065; x_wconf 87' lang='lat' dir='ltr'><strong>post</strong></span> <span class='ocrx_word' id='word_1_489' title='bbox 3379 2993 3487 3071; x_wconf 20' lang='lat' dir='ltr'><strong>vi-l</strong></span> 
     </span>
    </p>
   </div>
   <div class='ocr_carea' id='block_1_66' title="bbox 1911 3086 3463 3159">
    <p class='ocr_par' dir='ltr' id='par_1_66' title="bbox 1911 3086 3463 3159">
     <span class='ocr_line' id='line_1_67' title="bbox 1911 3086 3463 3159; baseline -0.001 -17"><span class='ocrx_word' id='word_1_490' title='bbox 1911 3087 2198 3142; x_wconf 88' lang='lat' dir='ltr'><strong>debuntur.</strong></span> <span class='ocrx_word' id='word_1_491' title='bbox 2245 3086 2338 3142; x_wconf 89' lang='lat' dir='ltr'><strong>Sin</strong></span> <span class='ocrx_word' id='word_1_492' title='bbox 2370 3096 2547 3144; x_wconf 89' lang='lat' dir='ltr'><strong>autem</strong></span> <span class='ocrx_word' id='word_1_493' title='bbox 2595 3089 2886 3144; x_wconf 82' lang='lat' dir='ltr'><strong>adventitia</strong></span> <span class='ocrx_word' id='word_1_494' title='bbox 2923 3095 3006 3144; x_wconf 86' lang='lat' dir='ltr'><strong>est</strong></span> <span class='ocrx_word' id='word_1_495' title='bbox 3037 3094 3092 3142; x_wconf 82' lang='lat' dir='ltr'><strong>el;</strong></span> <span class='ocrx_word' id='word_1_496' title='bbox 3131 3101 3250 3159; x_wconf 89' lang='lat' dir='ltr'><strong>qua</strong></span> <span class='ocrx_word' id='word_1_497' title='bbox 3277 3096 3463 3158; x_wconf 86' lang='lat' dir='ltr'><strong>postea</strong></span> 
     </span>
    </p>
   </div>
   <div class='ocr_carea' id='block_1_67' title="bbox 1908 3174 3494 3251">
    <p class='ocr_par' dir='ltr' id='par_1_67' title="bbox 1908 3174 3494 3251">
     <span class='ocr_line' id='line_1_68' title="bbox 1908 3174 3494 3251; baseline -0.003 -14"><span class='ocrx_word' id='word_1_498' title='bbox 1908 3181 2191 3244; x_wconf 79' lang='lat' dir='ltr'><strong>exstiterit,</strong></span> <span class='ocrx_word' id='word_1_499' title='bbox 2221 3197 2452 3250; x_wconf 91' lang='lat' dir='ltr'><strong>quonam</strong></span> <span class='ocrx_word' id='word_1_500' title='bbox 2488 3181 2646 3236; x_wconf 91' lang='lat' dir='ltr'><strong>modo</strong></span> <span class='ocrx_word' id='word_1_501' title='bbox 2685 3182 2924 3237; x_wconf 89' lang='lat' dir='ltr'><strong>materia</strong></span> <span class='ocrx_word' id='word_1_502' title='bbox 2979 3195 3170 3251; x_wconf 80' lang='lat' dir='ltr'><strong>expers</strong></span> <span class='ocrx_word' id='word_1_503' title='bbox 3215 3174 3494 3236; x_wconf 57' lang='lat' dir='ltr'><strong>exsistit?</strong></span> 
     </span>
    </p>
   </div>
   <div class='ocr_carea' id='block_1_68' title="bbox 1912 3269 3463 3343">
    <p class='ocr_par' dir='ltr' id='par_1_68' title="bbox 1912 3269 3463 3343">
     <span class='ocr_line' id='line_1_69' title="bbox 1912 3269 3463 3343; baseline -0.004 -15"><span class='ocrx_word' id='word_1_504' title='bbox 1912 3271 2067 3338; x_wconf 84' lang='lat' dir='ltr'><strong>Quod</strong></span> <span class='ocrx_word' id='word_1_505' title='bbox 2104 3273 2150 3328; x_wconf 90' lang='lat' dir='ltr'><strong>si</strong></span> <span class='ocrx_word' id='word_1_506' title='bbox 2209 3271 2302 3327; x_wconf 92' lang='lat' dir='ltr'><strong>Dei</strong></span> <span class='ocrx_word' id='word_1_507' title='bbox 2360 3283 2565 3343; x_wconf 86' lang='lat' dir='ltr'><strong>partem</strong></span> <span class='ocrx_word' id='word_1_508' title='bbox 2623 3279 2903 3335; x_wconf 90' lang='lat' dir='ltr'><strong>statuunt,</strong></span> <span class='ocrx_word' id='word_1_509' title='bbox 2957 3271 3192 3340; x_wconf 90' lang='lat' dir='ltr'><strong>primum</strong></span> <span class='ocrx_word' id='word_1_510' title='bbox 3245 3269 3463 3340; x_wconf 86' lang='lat' dir='ltr'><strong>quidem</strong></span> 
     </span>
    </p>
   </div>
   <div class='ocr_carea' id='block_1_69' title="bbox 1913 3362 3462 3432">
    <p class='ocr_par' dir='ltr' id='par_1_69' title="bbox 1913 3362 3462 3432">
     <span class='ocr_line' id='line_1_70' title="bbox 1913 3362 3462 3432; baseline -0.005 -13"><span class='ocrx_word' id='word_1_511' title='bbox 1913 3365 1994 3420; x_wconf 88' lang='lat' dir='ltr'><strong>sic</strong></span> <span class='ocrx_word' id='word_1_512' title='bbox 2021 3364 2300 3419; x_wconf 88' lang='lat' dir='ltr'><strong>sentiendo</strong></span> <span class='ocrx_word' id='word_1_513' title='bbox 2332 3362 2500 3417; x_wconf 92' lang='lat' dir='ltr'><strong>Deum</strong></span> <span class='ocrx_word' id='word_1_514' title='bbox 2527 3364 2883 3432; x_wconf 88' lang='lat' dir='ltr'><strong>compositum</strong></span> <span class='ocrx_word' id='word_1_515' title='bbox 2904 3376 3330 3432; x_wconf 71' lang='lat' dir='ltr'><strong>corporeamque</strong></span> <span class='ocrx_word' id='word_1_516' title='bbox 3348 3368 3462 3413; x_wconf 90' lang='lat' dir='ltr'><strong>tra-</strong></span> 
     </span>
    </p>
   </div>
   <div class='ocr_carea' id='block_1_70' title="bbox 1913 3453 3464 3524">
    <p class='ocr_par' dir='ltr' id='par_1_70' title="bbox 1913 3453 3464 3524">
     <span class='ocr_line' id='line_1_71' title="bbox 1913 3453 3464 3524; baseline -0.001 -14"><span class='ocrx_word' id='word_1_517' title='bbox 1913 3456 2068 3510; x_wconf 91' lang='lat' dir='ltr'><strong>dunt.</strong></span> <span class='ocrx_word' id='word_1_518' title='bbox 2097 3453 2258 3524; x_wconf 80' lang='lat' dir='ltr'><strong>Atqui</strong></span> <span class='ocrx_word' id='word_1_519' title='bbox 2308 3453 2410 3506; x_wconf 86' lang='lat' dir='ltr'><strong>hoc</strong></span> <span class='ocrx_word' id='word_1_520' title='bbox 2454 3453 2745 3508; x_wconf 88' lang='lat' dir='ltr'><strong>absurdum</strong></span> <span class='ocrx_word' id='word_1_521' title='bbox 2800 3461 2881 3508; x_wconf 86' lang='lat' dir='ltr'><strong>cst</strong></span> <span class='ocrx_word' id='word_1_522' title='bbox 2927 3468 3026 3508; x_wconf 89' lang='lat' dir='ltr'><strong>nec</strong></span> <span class='ocrx_word' id='word_1_523' title='bbox 3059 3467 3289 3524; x_wconf 88' lang='lat' dir='ltr'><strong>usquam</strong></span> <span class='ocrx_word' id='word_1_524' title='bbox 3342 3467 3464 3508; x_wconf 81' lang='lat' dir='ltr'><strong>esse</strong></span> 
     </span>
    </p>
   </div>
   <div class='ocr_carea' id='block_1_71' title="bbox 1914 3544 3465 3617">
    <p class='ocr_par' dir='ltr' id='par_1_71' title="bbox 1914 3544 3465 3617">
     <span class='ocr_line' id='line_1_72' title="bbox 1914 3544 3465 3617; baseline -0.002 -16"><span class='ocrx_word' id='word_1_525' title='bbox 1914 3547 2104 3617; x_wconf 89' lang='lat' dir='ltr'><strong>possit.</strong></span> <span class='ocrx_word' id='word_1_526' title='bbox 2138 3544 2234 3600; x_wconf 87' lang='lat' dir='ltr'><strong>Sin</strong></span> <span class='ocrx_word' id='word_1_527' title='bbox 2287 3553 2464 3600; x_wconf 90' lang='lat' dir='ltr'><strong>autem</strong></span> <span class='ocrx_word' id='word_1_528' title='bbox 2501 3561 2621 3600; x_wconf 90' lang='lat' dir='ltr'><strong>eam</strong></span> <span class='ocrx_word' id='word_1_529' title='bbox 2654 3545 2928 3610; x_wconf 91' lang='lat' dir='ltr'><strong>condidit,</strong></span> <span class='ocrx_word' id='word_1_530' title='bbox 2981 3560 3047 3601; x_wconf 88' lang='lat' dir='ltr'><strong>ac</strong></span> <span class='ocrx_word' id='word_1_531' title='bbox 3100 3545 3337 3600; x_wconf 83' lang='lat' dir='ltr'><strong>materia</strong></span> <span class='ocrx_word' id='word_1_532' title='bbox 3368 3559 3465 3599; x_wconf 78' lang='lat' dir='ltr'><strong>ex-</strong></span> 
     </span>
    </p>
   </div>
   <div class='ocr_carea' id='block_1_72' title="bbox 1913 3636 3462 3710">
    <p class='ocr_par' dir='ltr' id='par_1_72' title="bbox 1913 3636 3462 3710">
     <span class='ocr_line' id='line_1_73' title="bbox 1913 3636 3462 3710; baseline -0.002 -15"><span class='ocrx_word' id='word_1_533' title='bbox 1913 3656 2038 3710; x_wconf 88' lang='lat' dir='ltr'><strong>pers</strong></span> <span class='ocrx_word' id='word_1_534' title='bbox 2071 3638 2302 3702; x_wconf 81' lang='lat' dir='ltr'><strong>exsistit,</strong></span> <span class='ocrx_word' id='word_1_535' title='bbox 2332 3638 2501 3692; x_wconf 87' lang='lat' dir='ltr'><strong>miror</strong></span> <span class='ocrx_word' id='word_1_536' title='bbox 2531 3638 2802 3708; x_wconf 89' lang='lat' dir='ltr'><strong>quomodo</strong></span> <span class='ocrx_word' id='word_1_537' title='bbox 2844 3652 2952 3692; x_wconf 91' lang='lat' dir='ltr'><strong>non</strong></span> <span class='ocrx_word' id='word_1_538' title='bbox 2982 3636 3328 3699; x_wconf 88' lang='lat' dir='ltr'><strong>attenderint,</strong></span> <span class='ocrx_word' id='word_1_539' title='bbox 3360 3651 3462 3692; x_wconf 88' lang='lat' dir='ltr'><strong>nec</strong></span> 
     </span>
    </p>
   </div>
   <div class='ocr_carea' id='block_1_73' title="bbox 1913 3727 3463 3801">
    <p class='ocr_par' dir='ltr' id='par_1_73' title="bbox 1913 3727 3463 3801">
     <span class='ocr_line' id='line_1_74' title="bbox 1913 3727 3463 3801; baseline -0.002 -17"><span class='ocrx_word' id='word_1_540' title='bbox 1913 3732 2030 3801; x_wconf 90' lang='lat' dir='ltr'><strong>ipse</strong></span> <span class='ocrx_word' id='word_1_541' title='bbox 2052 3744 2153 3786; x_wconf 91' lang='lat' dir='ltr'><strong>nec</strong></span> <span class='ocrx_word' id='word_1_542' title='bbox 2191 3729 2312 3801; x_wconf 86' lang='lat' dir='ltr'><strong>ejus</strong></span> <span class='ocrx_word' id='word_1_543' title='bbox 2337 3728 2610 3799; x_wconf 91' lang='lat' dir='ltr'><strong>discipuli,</strong></span> <span class='ocrx_word' id='word_1_544' title='bbox 2642 3729 2785 3798; x_wconf 91' lang='lat' dir='ltr'><strong>quod</strong></span> <span class='ocrx_word' id='word_1_545' title='bbox 2815 3730 2861 3784; x_wconf 91' lang='lat' dir='ltr'><strong>si</strong></span> <span class='ocrx_word' id='word_1_546' title='bbox 2897 3727 2977 3800; x_wconf 91' lang='lat' dir='ltr'><strong>(ut</strong></span> <span class='ocrx_word' id='word_1_547' title='bbox 3006 3729 3062 3782; x_wconf 92' lang='lat' dir='ltr'><strong>in</strong></span> <span class='ocrx_word' id='word_1_548' title='bbox 3092 3743 3217 3783; x_wconf 90' lang='lat' dir='ltr'><strong>vera</strong></span> <span class='ocrx_word' id='word_1_549' title='bbox 3245 3735 3463 3785; x_wconf 90' lang='lat' dir='ltr'><strong>senten-</strong></span> 
     </span>
    </p>
   </div>
   <div class='ocr_carea' id='block_1_74' title="bbox 1915 3815 3462 3890">
    <p class='ocr_par' dir='ltr' id='par_1_74' title="bbox 1915 3815 3462 3890">
     <span class='ocr_line' id='line_1_75' title="bbox 1915 3815 3462 3890; baseline -0.004 -15"><span class='ocrx_word' id='word_1_550' title='bbox 1915 3822 1985 3875; x_wconf 90' lang='lat' dir='ltr'><strong>tia</strong></span> <span class='ocrx_word' id='word_1_551' title='bbox 2015 3821 2234 3883; x_wconf 90' lang='lat' dir='ltr'><strong>dicitur,</strong></span> <span class='ocrx_word' id='word_1_552' title='bbox 2267 3835 2386 3890; x_wconf 87' lang='lat' dir='ltr'><strong>qua</strong></span> <span class='ocrx_word' id='word_1_553' title='bbox 2417 3818 2668 3888; x_wconf 88' lang='lat' dir='ltr'><strong>deinceps</strong></span> <span class='ocrx_word' id='word_1_554' title='bbox 2697 3825 3110 3882; x_wconf 89' lang='lat' dir='ltr'><strong>sunt,manente</strong></span> <span class='ocrx_word' id='word_1_555' title='bbox 3131 3815 3261 3884; x_wconf 91' lang='lat' dir='ltr'><strong>Deo,</strong></span> <span class='ocrx_word' id='word_1_556' title='bbox 3294 3816 3462 3886; x_wconf 87' lang='lat' dir='ltr'><strong>hypo-</strong></span> 
     </span>
    </p>
   </div>
   <div class='ocr_carea' id='block_1_75' title="bbox 1913 3909 3467 3984">
    <p class='ocr_par' dir='ltr' id='par_1_75' title="bbox 1913 3909 3467 3984">
     <span class='ocr_line' id='line_1_76' title="bbox 1913 3909 3467 3984; baseline -0.003 -16"><span class='ocrx_word' id='word_1_557' title='bbox 1913 3919 2086 3968; x_wconf 87' lang='lat' dir='ltr'><strong>stases</strong></span> <span class='ocrx_word' id='word_1_558' title='bbox 2112 3911 2258 3984; x_wconf 91' lang='lat' dir='ltr'><strong>sunt)</strong></span> <span class='ocrx_word' id='word_1_559' title='bbox 2286 3912 2426 3966; x_wconf 89' lang='lat' dir='ltr'><strong>hanc</strong></span> <span class='ocrx_word' id='word_1_560' title='bbox 2453 3910 2596 3966; x_wconf 88' lang='lat' dir='ltr'><strong>Deus</strong></span> <span class='ocrx_word' id='word_1_561' title='bbox 2619 3909 2868 3965; x_wconf 87' lang='lat' dir='ltr'><strong>virtutem</strong></span> <span class='ocrx_word' id='word_1_562' title='bbox 2900 3909 3174 3964; x_wconf 87' lang='lat' dir='ltr'><strong>voluntate</strong></span> <span class='ocrx_word' id='word_1_563' title='bbox 3199 3909 3467 3972; x_wconf 83' lang='lat' dir='ltr'><strong>condidit,</strong></span> 
     </span>
    </p>
   </div>
   <div class='ocr_carea' id='block_1_76' title="bbox 1915 3997 3460 4074">
    <p class='ocr_par' dir='ltr' id='par_1_76' title="bbox 1915 3997 3460 4074">
     <span class='ocr_line' id='line_1_77' title="bbox 1915 3997 3460 4074; baseline -0.003 -17"><span class='ocrx_word' id='word_1_564' title='bbox 1915 4003 2185 4074; x_wconf 89' lang='lat' dir='ltr'><strong>quomodo</strong></span> <span class='ocrx_word' id='word_1_565' title='bbox 2209 4017 2317 4057; x_wconf 89' lang='lat' dir='ltr'><strong>non</strong></span> <span class='ocrx_word' id='word_1_566' title='bbox 2341 4001 2502 4057; x_wconf 90' lang='lat' dir='ltr'><strong>etiam</strong></span> <span class='ocrx_word' id='word_1_567' title='bbox 2537 4000 2865 4071; x_wconf 90' lang='lat' dir='ltr'><strong>reliquorum</strong></span> <span class='ocrx_word' id='word_1_568' title='bbox 2899 3998 3139 4054; x_wconf 90' lang='lat' dir='ltr'><strong>omnium</strong></span> <span class='ocrx_word' id='word_1_569' title='bbox 3165 4014 3285 4069; x_wconf 89' lang='lat' dir='ltr'><strong>qua</strong></span> <span class='ocrx_word' id='word_1_570' title='bbox 3317 3997 3460 4053; x_wconf 79' lang='lat' dir='ltr'><strong>facta</strong></span> 
     </span>
    </p>
   </div>
   <div class='ocr_carea' id='block_1_77' title="bbox 1917 4091 3462 4161">
    <p class='ocr_par' dir='ltr' id='par_1_77' title="bbox 1917 4091 3462 4161">
     <span class='ocr_line' id='line_1_78' title="bbox 1917 4091 3462 4161; baseline -0.003 -13"><span class='ocrx_word' id='word_1_571' title='bbox 1917 4100 2063 4158; x_wconf 89' lang='lat' dir='ltr'><strong>sunt,</strong></span> <span class='ocrx_word' id='word_1_572' title='bbox 2087 4099 2276 4147; x_wconf 88' lang='lat' dir='ltr'><strong>auctor</strong></span> <span class='ocrx_word' id='word_1_573' title='bbox 2303 4092 2421 4158; x_wconf 77' lang='lat' dir='ltr'><strong>fuit,</strong></span> <span class='ocrx_word' id='word_1_574' title='bbox 2449 4093 2598 4147; x_wconf 89' lang='lat' dir='ltr'><strong>nulla</strong></span> <span class='ocrx_word' id='word_1_575' title='bbox 2626 4093 2676 4147; x_wconf 91' lang='lat' dir='ltr'><strong>ei</strong></span> <span class='ocrx_word' id='word_1_576' title='bbox 2697 4091 3004 4147; x_wconf 88' lang='lat' dir='ltr'><strong>necessaria</strong></span> <span class='ocrx_word' id='word_1_577' title='bbox 3042 4092 3267 4147; x_wconf 88' lang='lat' dir='ltr'><strong>materia</strong></span> <span class='ocrx_word' id='word_1_578' title='bbox 3291 4131 3306 4157; x_wconf 93' lang='lat'><strong>,</strong></span> <span class='ocrx_word' id='word_1_579' title='bbox 3342 4106 3462 4161; x_wconf 81' lang='lat' dir='ltr'><strong>qua</strong></span> 
     </span>
    </p>
   </div>
   <div class='ocr_carea' id='block_1_78' title="bbox 261 4183 3480 4258">
    <p class='ocr_par' dir='ltr' id='par_1_78' title="bbox 261 4183 3480 4258">
     <span class='ocr_line' id='line_1_79' title="bbox 261 4183 3480 4258; baseline -0 -18"><span class='ocrx_word' id='word_1_580' title='bbox 261 4194 388 4242; x_wconf 85' lang='lat' dir='ltr'><strong>ante</strong></span> <span class='ocrx_word' id='word_1_581' title='bbox 414 4187 712 4242; x_wconf 82' lang='lat' dir='ltr'><strong>exstiterit?</strong></span> <span class='ocrx_word' id='word_1_582' title='bbox 745 4185 870 4242; x_wconf 82' lang='lat' dir='ltr'><strong>Hac</strong></span> <span class='ocrx_word' id='word_1_583' title='bbox 901 4187 1175 4243; x_wconf 83' lang='lat' dir='ltr'><strong>enimvero</strong></span> <span class='ocrx_word' id='word_1_584' title='bbox 1215 4204 1334 4257; x_wconf 83' lang='lat' dir='ltr'><strong>qua</strong></span> <span class='ocrx_word' id='word_1_585' title='bbox 1365 4205 1430 4243; x_wconf 79' lang='lat' dir='ltr'><strong>ex</strong></span> <span class='ocrx_word' id='word_1_586' title='bbox 1479 4204 1540 4242; x_wconf 90' lang='lat' dir='ltr'><strong>ea</strong></span> <span class='ocrx_word' id='word_1_587' title='bbox 1580 4188 1850 4257; x_wconf 86' lang='lat' dir='ltr'><strong>opinione,</strong></span> <span class='ocrx_word' id='word_1_588' title='bbox 1900 4193 2158 4258; x_wconf 87' lang='lat' dir='ltr'><strong>apparent</strong></span> <span class='ocrx_word' id='word_1_589' title='bbox 2193 4185 2464 4252; x_wconf 88' lang='lat' dir='ltr'><strong>absurda;</strong></span> <span class='ocrx_word' id='word_1_590' title='bbox 2513 4200 2632 4256; x_wconf 89' lang='lat' dir='ltr'><strong>qua</strong></span> <span class='ocrx_word' id='word_1_591' title='bbox 2657 4199 2784 4241; x_wconf 89' lang='lat' dir='ltr'><strong>vero</strong></span> <span class='ocrx_word' id='word_1_592' title='bbox 2817 4193 3136 4255; x_wconf 87' lang='lat' dir='ltr'><strong>sequuntur,</strong></span> <span class='ocrx_word' id='word_1_593' title='bbox 3166 4184 3255 4241; x_wconf 89' lang='lat' dir='ltr'><strong>hic</strong></span> <span class='ocrx_word' id='word_1_594' title='bbox 3309 4183 3480 4241; x_wconf 56' lang='lat' dir='ltr'><strong>dein-</strong></span> 
     </span>
    </p>
   </div>
   <div class='ocr_carea' id='block_1_79' title="bbox 260 4261 608 4352">
    <p class='ocr_par' dir='ltr' id='par_1_79' title="bbox 260 4261 608 4352">
     <span class='ocr_line' id='line_1_80' title="bbox 260 4261 608 4352; baseline 0.003 -15"><span class='ocrx_word' id='word_1_595' title='bbox 260 4261 391 4352; x_wconf 48' lang='lat' dir='ltr'><strong>cep‘s</strong></span> <span class='ocrx_word' id='word_1_596' title='bbox 415 4281 608 4352; x_wconf 86' lang='lat' dir='ltr'><strong>posita.</strong></span> 
     </span>
    </p>
   </div>
   <div class='ocr_carea' id='block_1_80' title="bbox 328 4370 1810 4450">
    <p class='ocr_par' dir='ltr' id='par_1_80' title="bbox 328 4370 1810 4450">
     <span class='ocr_line' id='line_1_81' title="bbox 328 4370 1810 4450; baseline 0.001 -22"><span class='ocrx_word' id='word_1_597' title='bbox 328 4370 477 4446; x_wconf 72' lang='grc' dir='ltr'><strong>Ἀρά</strong></span> <span class='ocrx_word' id='word_1_598' title='bbox 498 4394 561 4446; x_wconf 81' lang='grc' dir='ltr'>γε</span> <span class='ocrx_word' id='word_1_599' title='bbox 595 4376 702 4447; x_wconf 83' lang='grc' dir='ltr'><strong>γάρ</strong></span> <span class='ocrx_word' id='word_1_600' title='bbox 745 4377 902 4446; x_wconf 87' lang='grc' dir='ltr'>φύσιν</span> <span class='ocrx_word' id='word_1_601' title='bbox 944 4374 1086 4448; x_wconf 76' lang='grc' dir='ltr'>εἶχεν</span> <span class='ocrx_word' id='word_1_602' title='bbox 1122 4379 1155 4449; x_wconf 80' lang='grc' dir='ltr'>ἡ</span> <span class='ocrx_word' id='word_1_603' title='bbox 1186 4378 1410 4449; x_wconf 79' lang='grc' dir='ltr'>δύναμις</span> <span class='ocrx_word' id='word_1_604' title='bbox 1451 4381 1560 4450; x_wconf 73' lang='grc' dir='ltr'>ῥεῖν</span> <span class='ocrx_word' id='word_1_605' title='bbox 1591 4379 1682 4432; x_wconf 75' lang='grc' dir='ltr'><strong>ἐπὶ</strong></span> <span class='ocrx_word' id='word_1_606' title='bbox 1715 4379 1810 4450; x_wconf 78' lang='grc' dir='ltr'><strong>τὴν</strong></span> 
     </span>
    </p>
   </div>
   <div class='ocr_carea' id='block_1_81' title="bbox 264 4465 1807 4542">
    <p class='ocr_par' dir='ltr' id='par_1_81' title="bbox 264 4465 1807 4542">
     <span class='ocr_line' id='line_1_82' title="bbox 264 4465 1807 4542; baseline 0.002 -24"><span class='ocrx_word' id='word_1_607' title='bbox 264 4466 424 4538; x_wconf 84' lang='grc' dir='ltr'>ῦλην;</span> <span class='ocrx_word' id='word_1_608' title='bbox 446 4469 508 4521; x_wconf 82' lang='lat' dir='ltr'><strong>El</strong></span> <span class='ocrx_word' id='word_1_609' title='bbox 537 4468 684 4539; x_wconf 84' lang='grc' dir='ltr'>παρὰ</span> <span class='ocrx_word' id='word_1_610' title='bbox 705 4469 861 4537; x_wconf 88' lang='grc' dir='ltr'>φύσιν</span> <span class='ocrx_word' id='word_1_611' title='bbox 884 4465 950 4540; x_wconf 85' lang='grc' dir='ltr'>ἦν</span> <span class='ocrx_word' id='word_1_612' title='bbox 975 4471 1106 4540; x_wconf 80' lang='grc' dir='ltr'>αὐτῇ</span> <span class='ocrx_word' id='word_1_613' title='bbox 1128 4469 1305 4537; x_wconf 87' lang='grc' dir='ltr'>τοῦτο,</span> <span class='ocrx_word' id='word_1_614' title='bbox 1326 4473 1442 4534; x_wconf 85' lang='grc' dir='ltr'>πῶς</span> <span class='ocrx_word' id='word_1_615' title='bbox 1463 4466 1554 4523; x_wconf 82' lang='grc' dir='ltr'><strong>οῦν</strong></span> <span class='ocrx_word' id='word_1_616' title='bbox 1579 4470 1772 4542; x_wconf 77' lang='grc' dir='ltr'>ἐμίχθη</span> <span class='ocrx_word' id='word_1_617' title='bbox 1794 4487 1807 4535; x_wconf 91' lang='lat'><strong>;</strong></span> 
     </span>
    </p>
   </div>
   <div class='ocr_carea' id='block_1_82' title="bbox 1986 4371 3464 4446">
    <p class='ocr_par' dir='ltr' id='par_1_82' title="bbox 1986 4371 3464 4446">
     <span class='ocr_line' id='line_1_83' title="bbox 1986 4371 3464 4446; baseline -0.002 -17"><span class='ocrx_word' id='word_1_618' title='bbox 1986 4375 2124 4446; x_wconf 82' lang='lat' dir='ltr'><strong>Ergo</strong></span> <span class='ocrx_word' id='word_1_619' title='bbox 2156 4376 2267 4429; x_wconf 87' lang='lat' dir='ltr'><strong>hac</strong></span> <span class='ocrx_word' id='word_1_620' title='bbox 2291 4374 2505 4432; x_wconf 90' lang='lat' dir='ltr'><strong>virtutis</strong></span> <span class='ocrx_word' id='word_1_621' title='bbox 2522 4380 2716 4429; x_wconf 88' lang='lat' dir='ltr'><strong>natura</strong></span> <span class='ocrx_word' id='word_1_622' title='bbox 2745 4373 2842 4428; x_wconf 77' lang='lat' dir='ltr'><strong>fuit</strong></span> <span class='ocrx_word' id='word_1_623' title='bbox 2862 4380 3024 4443; x_wconf 88' lang='lat' dir='ltr'><strong>atque</strong></span> <span class='ocrx_word' id='word_1_624' title='bbox 3043 4371 3252 4429; x_wconf 89' lang='lat' dir='ltr'><strong>indoles</strong></span> <span class='ocrx_word' id='word_1_625' title='bbox 3281 4379 3341 4428; x_wconf 86' lang='lat' dir='ltr'><strong>ut</strong></span> <span class='ocrx_word' id='word_1_626' title='bbox 3358 4372 3464 4428; x_wconf 80' lang='lat' dir='ltr'><strong>dif-</strong></span> 
     </span>
    </p>
   </div>
   <div class='ocr_carea' id='block_1_83' title="bbox 1917 4464 3462 4535">
    <p class='ocr_par' dir='ltr' id='par_1_83' title="bbox 1917 4464 3462 4535">
     <span class='ocr_line' id='line_1_84' title="bbox 1917 4464 3462 4535; baseline -0.005 -13"><span class='ocrx_word' id='word_1_627' title='bbox 1917 4468 2105 4523; x_wconf 86' lang='lat' dir='ltr'><strong>ﬂueret</strong></span> <span class='ocrx_word' id='word_1_628' title='bbox 2133 4467 2188 4520; x_wconf 92' lang='lat' dir='ltr'><strong>in</strong></span> <span class='ocrx_word' id='word_1_629' title='bbox 2216 4466 2536 4521; x_wconf 84' lang='lat' dir='ltr'><strong>materiam?</strong></span> <span class='ocrx_word' id='word_1_630' title='bbox 2567 4464 2625 4519; x_wconf 94' lang='lat' dir='ltr'><strong>Si</strong></span> <span class='ocrx_word' id='word_1_631' title='bbox 2655 4472 2849 4535; x_wconf 81' lang='lat' dir='ltr'><strong>prater</strong></span> <span class='ocrx_word' id='word_1_632' title='bbox 2886 4471 3135 4518; x_wconf 89' lang='lat' dir='ltr'><strong>naturam</strong></span> <span class='ocrx_word' id='word_1_633' title='bbox 3165 4470 3300 4528; x_wconf 87' lang='lat' dir='ltr'><strong>erat,</strong></span> <span class='ocrx_word' id='word_1_634' title='bbox 3323 4476 3462 4531; x_wconf 84' lang='lat' dir='ltr'><strong>quo-</strong></span> 
     </span>
    </p>
   </div>
   <div class='ocr_carea' id='block_1_84' title="bbox 262 4542 1806 4633">
    <p class='ocr_par' dir='ltr' id='par_1_84' title="bbox 262 4557 1806 4633">
     <span class='ocr_line' id='line_1_85' title="bbox 262 4557 1806 4633; baseline 0.003 -23"><span class='ocrx_word' id='word_1_635' title='bbox 262 4560 324 4611; x_wconf 82' lang='grc' dir='ltr'>Εί</span> <span class='ocrx_word' id='word_1_636' title='bbox 371 4559 427 4612; x_wconf 84' lang='grc' dir='ltr'>δὲ</span> <span class='ocrx_word' id='word_1_637' title='bbox 461 4561 598 4614; x_wconf 84' lang='grc' dir='ltr'><strong>κατά</strong></span> <span class='ocrx_word' id='word_1_638' title='bbox 637 4561 793 4630; x_wconf 82' lang='grc' dir='ltr'>φύσιν</span> <span class='ocrx_word' id='word_1_639' title='bbox 827 4557 894 4632; x_wconf 82' lang='grc' dir='ltr'>ἦν</span> <span class='ocrx_word' id='word_1_640' title='bbox 931 4563 1063 4633; x_wconf 80' lang='grc' dir='ltr'><strong>αὐτῇ</strong></span> <span class='ocrx_word' id='word_1_641' title='bbox 1104 4562 1278 4623; x_wconf 87' lang='grc' dir='ltr'>τοῦτο,</span> <span class='ocrx_word' id='word_1_642' title='bbox 1322 4565 1535 4626; x_wconf 84' lang='grc' dir='ltr'>πάντως</span> <span class='ocrx_word' id='word_1_643' title='bbox 1566 4577 1680 4615; x_wconf 84' lang='grc' dir='ltr'>’που</span> <span class='ocrx_word' id='word_1_644' title='bbox 1721 4563 1806 4615; x_wconf 67' lang='grc' dir='ltr'>καὶ</span> 
     </span>
    </p>
   </div>
   <div class='ocr_carea' id='block_1_85' title="bbox 1911 4542 3463 4633">
    <p class='ocr_par' dir='ltr' id='par_1_85' title="bbox 1915 4552 3463 4628">
     <span class='ocr_line' id='line_1_86' title="bbox 1915 4552 3463 4628; baseline -0.005 -16"><span class='ocrx_word' id='word_1_645' title='bbox 1915 4574 2038 4612; x_wconf 90' lang='lat' dir='ltr'><strong>nam</strong></span> <span class='ocrx_word' id='word_1_646' title='bbox 2071 4557 2236 4628; x_wconf 79' lang='lat' dir='ltr'><strong>igitur</strong></span> <span class='ocrx_word' id='word_1_647' title='bbox 2262 4556 2420 4611; x_wconf 92' lang='lat' dir='ltr'><strong>modo</strong></span> <span class='ocrx_word' id='word_1_648' title='bbox 2441 4555 2520 4610; x_wconf 92' lang='lat' dir='ltr'><strong>illi</strong></span> <span class='ocrx_word' id='word_1_649' title='bbox 2547 4557 2833 4610; x_wconf 90' lang='lat' dir='ltr'><strong>commista</strong></span> <span class='ocrx_word' id='word_1_650' title='bbox 2880 4554 3007 4610; x_wconf 83' lang='lat' dir='ltr'><strong>est?</strong></span> <span class='ocrx_word' id='word_1_651' title='bbox 3039 4552 3135 4606; x_wconf 90' lang='lat' dir='ltr'><strong>Sin</strong></span> <span class='ocrx_word' id='word_1_652' title='bbox 3182 4559 3362 4606; x_wconf 88' lang='lat' dir='ltr'><strong>autem</strong></span> <span class='ocrx_word' id='word_1_653' title='bbox 3393 4566 3463 4605; x_wconf 78' lang='lat' dir='ltr'><strong>ex</strong></span> 
     </span>
    </p>
   </div>
   <div class='ocr_carea' id='block_1_86' title="bbox 262 4643 1806 4725">
    <p class='ocr_par' dir='ltr' id='par_1_86' title="bbox 262 4649 1806 4725">
     <span class='ocr_line' id='line_1_87' title="bbox 262 4649 1806 4725; baseline 0.001 -21"><span class='ocrx_word' id='word_1_654' title='bbox 262 4651 347 4704; x_wconf 81' lang='grc' dir='ltr'><strong>ἀεὶ</strong></span> <span class='ocrx_word' id='word_1_655' title='bbox 377 4652 472 4705; x_wconf 85' lang='grc' dir='ltr'><strong>σὺν</strong></span> <span class='ocrx_word' id='word_1_656' title='bbox 497 4655 561 4723; x_wconf 80' lang='grc' dir='ltr'>τῇ</span> <span class='ocrx_word' id='word_1_657' title='bbox 591 4651 690 4724; x_wconf 76' lang='grc' dir='ltr'>ὕλῃ</span> <span class='ocrx_word' id='word_1_658' title='bbox 717 4649 803 4723; x_wconf 77' lang='grc' dir='ltr'><strong>ἦν.</strong></span> <span class='ocrx_word' id='word_1_659' title='bbox 839 4654 900 4705; x_wconf 79' lang='lat' dir='ltr'><strong>EE</strong></span> <span class='ocrx_word' id='word_1_660' title='bbox 930 4653 984 4706; x_wconf 83' lang='grc' dir='ltr'>δὲ</span> <span class='ocrx_word' id='word_1_661' title='bbox 1011 4653 1185 4719; x_wconf 87' lang='grc' dir='ltr'>τοῦτο,</span> <span class='ocrx_word' id='word_1_662' title='bbox 1217 4653 1334 4716; x_wconf 86' lang='grc' dir='ltr'><strong>πῶς</strong></span> <span class='ocrx_word' id='word_1_663' title='bbox 1360 4657 1522 4706; x_wconf 82' lang='grc' dir='ltr'>κακὸν</span> <span class='ocrx_word' id='word_1_664' title='bbox 1559 4655 1655 4725; x_wconf 84' lang='grc' dir='ltr'>τὴν</span> <span class='ocrx_word' id='word_1_665' title='bbox 1681 4654 1806 4724; x_wconf 80' lang='grc' dir='ltr'>ὓλην</span> 
     </span>
    </p>
   </div>
   <div class='ocr_carea' id='block_1_87' title="bbox 1911 4643 3462 4725">
    <p class='ocr_par' dir='ltr' id='par_1_87' title="bbox 1911 4643 3462 4718">
     <span class='ocr_line' id='line_1_88' title="bbox 1911 4643 3462 4718; baseline -0.006 -13"><span class='ocrx_word' id='word_1_666' title='bbox 1911 4658 2122 4713; x_wconf 90' lang='lat' dir='ltr'><strong>natura,</strong></span> <span class='ocrx_word' id='word_1_667' title='bbox 2155 4649 2374 4703; x_wconf 90' lang='lat' dir='ltr'><strong>omnino</strong></span> <span class='ocrx_word' id='word_1_668' title='bbox 2400 4649 2558 4718; x_wconf 88' lang='lat' dir='ltr'><strong>plane</strong></span> <span class='ocrx_word' id='word_1_669' title='bbox 2582 4654 2635 4702; x_wconf 89' lang='lat' dir='ltr'><strong>et</strong></span> <span class='ocrx_word' id='word_1_670' title='bbox 2664 4660 2878 4716; x_wconf 87' lang='lat' dir='ltr'><strong>semper</strong></span> <span class='ocrx_word' id='word_1_671' title='bbox 2913 4661 3002 4700; x_wconf 91' lang='lat' dir='ltr'><strong>res</strong></span> <span class='ocrx_word' id='word_1_672' title='bbox 3033 4643 3110 4698; x_wconf 93' lang='lat' dir='ltr'><strong>illi</strong></span> <span class='ocrx_word' id='word_1_673' title='bbox 3144 4657 3264 4698; x_wconf 93' lang='lat' dir='ltr'><strong>cum</strong></span> <span class='ocrx_word' id='word_1_674' title='bbox 3292 4649 3462 4696; x_wconf 84' lang='lat' dir='ltr'><strong>mate-</strong></span> 
     </span>
    </p>
   </div>
   <div class='ocr_carea' id='block_1_88' title="bbox 266 4733 1806 4815">
    <p class='ocr_par' dir='ltr' id='par_1_88' title="bbox 266 4740 1806 4815">
     <span class='ocr_line' id='line_1_89' title="bbox 266 4740 1806 4815; baseline 0.001 -20"><span class='ocrx_word' id='word_1_675' title='bbox 266 4744 774 4815; x_wconf 75' lang='grc' dir='ltr'>προσαγορεύουσιν,</span> <span class='ocrx_word' id='word_1_676' title='bbox 822 4745 999 4814; x_wconf 86' lang='grc' dir='ltr'>μίγμα</span> <span class='ocrx_word' id='word_1_677' title='bbox 1043 4740 1204 4798; x_wconf 80' lang='grc' dir='ltr'>οὖσαν</span> <span class='ocrx_word' id='word_1_678' title='bbox 1240 4742 1299 4808; x_wconf 82' lang='grc' dir='ltr'>ἐξ</span> <span class='ocrx_word' id='word_1_679' title='bbox 1333 4745 1504 4815; x_wconf 82' lang='grc' dir='ltr'>ἀρχῆς</span> <span class='ocrx_word' id='word_1_680' title='bbox 1538 4745 1671 4815; x_wconf 84' lang='grc' dir='ltr'>πρὸς</span> <span class='ocrx_word' id='word_1_681' title='bbox 1714 4744 1806 4815; x_wconf 80' lang='grc' dir='ltr'>τὴν</span> 
     </span>
    </p>
   </div>
   <div class='ocr_carea' id='block_1_89' title="bbox 1911 4733 3458 4815">
    <p class='ocr_par' dir='ltr' id='par_1_89' title="bbox 1911 4733 3458 4809">
     <span class='ocr_line' id='line_1_90' title="bbox 1911 4733 3458 4809; baseline -0.007 -13"><span class='ocrx_word' id='word_1_682' title='bbox 1911 4742 1992 4796; x_wconf 88' lang='lat' dir='ltr'><strong>ria</strong></span> <span class='ocrx_word' id='word_1_683' title='bbox 2022 4749 2166 4804; x_wconf 77' lang='lat' dir='ltr'><strong>erat,</strong></span> <span class='ocrx_word' id='word_1_684' title='bbox 2185 4755 2248 4795; x_wconf 90' lang='lat' dir='ltr'><strong>ac</strong></span> <span class='ocrx_word' id='word_1_685' title='bbox 2292 4739 2395 4809; x_wconf 88' lang='lat' dir='ltr'><strong>ipsi</strong></span> <span class='ocrx_word' id='word_1_686' title='bbox 2430 4753 2611 4794; x_wconf 87' lang='lat' dir='ltr'><strong>comes</strong></span> <span class='ocrx_word' id='word_1_687' title='bbox 2640 4745 2778 4793; x_wconf 90' lang='lat' dir='ltr'><strong>erat.</strong></span> <span class='ocrx_word' id='word_1_688' title='bbox 2826 4735 2882 4791; x_wconf 89' lang='lat' dir='ltr'><strong>Id</strong></span> <span class='ocrx_word' id='word_1_689' title='bbox 2931 4743 3110 4790; x_wconf 91' lang='lat' dir='ltr'><strong>autem</strong></span> <span class='ocrx_word' id='word_1_690' title='bbox 3147 4733 3197 4788; x_wconf 91' lang='lat' dir='ltr'><strong>si</strong></span> <span class='ocrx_word' id='word_1_691' title='bbox 3229 4733 3304 4787; x_wconf 83' lang='lat' dir='ltr'><strong>ita</strong></span> <span class='ocrx_word' id='word_1_692' title='bbox 3336 4739 3458 4796; x_wconf 89' lang='lat' dir='ltr'><strong>est,</strong></span> 
     </span>
    </p>
   </div>
   <div class='ocr_carea' id='block_1_90' title="bbox 265 4823 1806 4907">
    <p class='ocr_par' dir='ltr' id='par_1_90' title="bbox 265 4833 1806 4907">
     <span class='ocr_line' id='line_1_91' title="bbox 265 4833 1806 4907; baseline 0.004 -22"><span class='ocrx_word' id='word_1_693' title='bbox 265 4833 409 4888; x_wconf 87' lang='grc' dir='ltr'>θείαν</span> <span class='ocrx_word' id='word_1_694' title='bbox 431 4834 655 4906; x_wconf 83' lang='grc' dir='ltr'>δύναμιν</span> <span class='ocrx_word' id='word_1_695' title='bbox 675 4853 688 4900; x_wconf 91' lang='grc'>;</span> <span class='ocrx_word' id='word_1_696' title='bbox 708 4835 832 4899; x_wconf 85' lang='grc' dir='ltr'><strong>Πῶς</strong></span> <span class='ocrx_word' id='word_1_697' title='bbox 851 4836 1201 4907; x_wconf 84' lang='grc' dir='ltr'>φθαρήσεται,</span> <span class='ocrx_word' id='word_1_698' title='bbox 1228 4834 1510 4906; x_wconf 85' lang='grc' dir='ltr'>μιχθείσης</span> <span class='ocrx_word' id='word_1_699' title='bbox 1531 4837 1631 4904; x_wconf 77' lang='grc' dir='ltr'>τῆς</span> <span class='ocrx_word' id='word_1_700' title='bbox 1665 4836 1806 4900; x_wconf 83' lang='grc' dir='ltr'>θείας</span> 
     </span>
    </p>
   </div>
   <div class='ocr_carea' id='block_1_91' title="bbox 1911 4823 3460 4907">
    <p class='ocr_par' dir='ltr' id='par_1_91' title="bbox 1912 4823 3460 4902">
     <span class='ocr_line' id='line_1_92' title="bbox 1912 4823 3460 4902; baseline -0.005 -18"><span class='ocrx_word' id='word_1_701' title='bbox 1912 4832 2041 4902; x_wconf 90' lang='lat' dir='ltr'><strong>quid</strong></span> <span class='ocrx_word' id='word_1_702' title='bbox 2078 4846 2255 4886; x_wconf 89' lang='lat' dir='ltr'><strong>causa</strong></span> <span class='ocrx_word' id='word_1_703' title='bbox 2275 4837 2358 4885; x_wconf 89' lang='lat' dir='ltr'><strong>est</strong></span> <span class='ocrx_word' id='word_1_704' title='bbox 2385 4843 2485 4883; x_wconf 89' lang='lat' dir='ltr'><strong>cur</strong></span> <span class='ocrx_word' id='word_1_705' title='bbox 2519 4827 2798 4882; x_wconf 88' lang='lat' dir='ltr'><strong>materiam</strong></span> <span class='ocrx_word' id='word_1_706' title='bbox 2824 4826 3022 4880; x_wconf 90' lang='lat' dir='ltr'><strong>malum</strong></span> <span class='ocrx_word' id='word_1_707' title='bbox 3054 4823 3310 4891; x_wconf 89' lang='lat' dir='ltr'><strong>vocitent,</strong></span> <span class='ocrx_word' id='word_1_708' title='bbox 3338 4836 3460 4893; x_wconf 89' lang='lat' dir='ltr'><strong>qua</strong></span> 
     </span>
    </p>
   </div>
   <div class='ocr_carea' id='block_1_92' title="bbox 264 4915 1806 5000">
    <p class='ocr_par' dir='ltr' id='par_1_92' title="bbox 264 4915 1806 5000">
     <span class='ocr_line' id='line_1_93' title="bbox 264 4915 1806 5000; baseline 0.004 -24"><span class='ocrx_word' id='word_1_709' title='bbox 264 4915 561 4996; x_wconf 76' lang='grc' dir='ltr'>δυνάμεως,</span> <span class='ocrx_word' id='word_1_710' title='bbox 596 4929 729 4997; x_wconf 89' lang='grc' dir='ltr'>πρὸς</span> <span class='ocrx_word' id='word_1_711' title='bbox 769 4929 936 5000; x_wconf 86' lang='grc' dir='ltr'>αὐτὴν</span> <span class='ocrx_word' id='word_1_712' title='bbox 979 4929 1408 5000; x_wconf 85' lang='grc' dir='ltr'>ἀποχωρησάσης</span> <span class='ocrx_word' id='word_1_713' title='bbox 1442 4930 1601 4994; x_wconf 86' lang='grc' dir='ltr'>ποτέ;</span> <span class='ocrx_word' id='word_1_714' title='bbox 1640 4931 1806 4982; x_wconf 85' lang='grc' dir='ltr'><strong>Ἔσω-</strong></span> 
     </span>
    </p>
   </div>
   <div class='ocr_carea' id='block_1_93' title="bbox 1911 4915 3470 5000">
    <p class='ocr_par' dir='ltr' id='par_1_93' title="bbox 1913 4915 3470 4993">
     <span class='ocr_line' id='line_1_94' title="bbox 1913 4915 3470 4993; baseline -0.008 -13"><span class='ocrx_word' id='word_1_715' title='bbox 1913 4940 1944 4980; x_wconf 88' lang='lat' dir='ltr'><strong>a</strong></span> <span class='ocrx_word' id='word_1_716' title='bbox 1978 4922 2239 4993; x_wconf 88' lang='lat' dir='ltr'><strong>principio</strong></span> <span class='ocrx_word' id='word_1_717' title='bbox 2257 4936 2380 4976; x_wconf 90' lang='lat' dir='ltr'><strong>cum</strong></span> <span class='ocrx_word' id='word_1_718' title='bbox 2406 4919 2585 4974; x_wconf 88' lang='lat' dir='ltr'><strong>divina</strong></span> <span class='ocrx_word' id='word_1_719' title='bbox 2610 4919 2808 4973; x_wconf 88' lang='lat' dir='ltr'><strong>virtute</strong></span> <span class='ocrx_word' id='word_1_720' title='bbox 2826 4916 3131 4981; x_wconf 89' lang='lat' dir='ltr'><strong>commista,</strong></span> <span class='ocrx_word' id='word_1_721' title='bbox 3154 4915 3273 4986; x_wconf 87' lang='lat' dir='ltr'><strong>ejus</strong></span> <span class='ocrx_word' id='word_1_722' title='bbox 3300 4920 3470 4968; x_wconf 90' lang='lat' dir='ltr'><strong>nacta.</strong></span> 
     </span>
    </p>
   </div>
   <div class='ocr_carea' id='block_1_94' title="bbox 266 5009 1806 5092">
    <p class='ocr_par' dir='ltr' id='par_1_94' title="bbox 266 5015 1806 5092">
     <span class='ocr_line' id='line_1_95' title="bbox 266 5015 1806 5092; baseline 0.002 -22"><span class='ocrx_word' id='word_1_723' title='bbox 266 5015 323 5080; x_wconf 78' lang='grc' dir='ltr'>ξε</span> <span class='ocrx_word' id='word_1_724' title='bbox 354 5017 416 5090; x_wconf 83' lang='grc' dir='ltr'>δὴ</span> <span class='ocrx_word' id='word_1_725' title='bbox 454 5019 563 5092; x_wconf 71' lang='grc' dir='ltr'><strong>γὰρ</strong></span> <span class='ocrx_word' id='word_1_726' title='bbox 604 5019 674 5072; x_wconf 80' lang='grc' dir='ltr'>τὰ</span> <span class='ocrx_word' id='word_1_727' title='bbox 712 5019 868 5082; x_wconf 85' lang='grc' dir='ltr'>καλὰ,</span> <span class='ocrx_word' id='word_1_728' title='bbox 901 5021 994 5074; x_wconf 73' lang='grc' dir='ltr'><strong>καὶ</strong></span> <span class='ocrx_word' id='word_1_729' title='bbox 1023 5019 1209 5091; x_wconf 81' lang='grc' dir='ltr'>ἑτέρου</span> <span class='ocrx_word' id='word_1_730' title='bbox 1242 5019 1384 5084; x_wconf 83' lang='grc' dir='ltr'>τινὸς</span> <span class='ocrx_word' id='word_1_731' title='bbox 1427 5020 1628 5089; x_wconf 84' lang='grc' dir='ltr'>ἀγαθοῦ</span> <span class='ocrx_word' id='word_1_732' title='bbox 1663 5021 1806 5074; x_wconf 73' lang='grc' dir='ltr'>αἰτία</span> 
     </span>
    </p>
   </div>
   <div class='ocr_carea' id='block_1_95' title="bbox 1911 5009 3461 5092">
    <p class='ocr_par' dir='ltr' id='par_1_95' title="bbox 1911 5009 3461 5078">
     <span class='ocr_line' id='line_1_96' title="bbox 1911 5009 3461 5078; baseline -0.007 -7"><span class='ocrx_word' id='word_1_733' title='bbox 1911 5016 2288 5071; x_wconf 89' lang='lat' dir='ltr'><strong>commercium</strong></span> <span class='ocrx_word' id='word_1_734' title='bbox 2338 5014 2463 5068; x_wconf 80' lang='lat' dir='ltr'><strong>est?</strong></span> <span class='ocrx_word' id='word_1_735' title='bbox 2514 5013 2758 5078; x_wconf 86' lang='lat' dir='ltr'><strong>Quonam</strong></span> <span class='ocrx_word' id='word_1_736' title='bbox 2802 5025 2932 5065; x_wconf 85' lang='lat' dir='ltr'><strong>vero</strong></span> <span class='ocrx_word' id='word_1_737' title='bbox 2960 5009 3120 5066; x_wconf 91' lang='lat' dir='ltr'><strong>modo</strong></span> <span class='ocrx_word' id='word_1_738' title='bbox 3146 5009 3308 5065; x_wconf 91' lang='lat' dir='ltr'><strong>etiam</strong></span> <span class='ocrx_word' id='word_1_739' title='bbox 3337 5021 3461 5062; x_wconf 79' lang='lat' dir='ltr'><strong>cor~</strong></span> 
     </span>
    </p>
   </div>
   <div class='ocr_carea' id='block_1_96' title="bbox 265 5095 1806 5182">
    <p class='ocr_par' dir='ltr' id='par_1_96' title="bbox 265 5104 1806 5182">
     <span class='ocr_line' id='line_1_97' title="bbox 265 5104 1806 5182; baseline 0 -20"><span class='ocrx_word' id='word_1_740' title='bbox 265 5108 541 5180; x_wconf 80' lang='grc' dir='ltr'>γίγνεσθαι</span> <span class='ocrx_word' id='word_1_741' title='bbox 568 5104 648 5173; x_wconf 81' lang='grc' dir='ltr'>οἷς</span> <span class='ocrx_word' id='word_1_742' title='bbox 679 5109 744 5167; x_wconf 82' lang='grc' dir='ltr'><strong>ἂν</strong></span> <span class='ocrx_word' id='word_1_743' title='bbox 768 5113 934 5182; x_wconf 84' lang='grc' dir='ltr'>παρῇ,</span> <span class='ocrx_word' id='word_1_744' title='bbox 964 5110 1199 5179; x_wconf 70' lang='grc' dir='ltr'>εὔλογον,</span> <span class='ocrx_word' id='word_1_745' title='bbox 1235 5109 1268 5181; x_wconf 82' lang='grc' dir='ltr'>ἢ</span> <span class='ocrx_word' id='word_1_746' title='bbox 1308 5109 1655 5182; x_wconf 84' lang='grc' dir='ltr'>διαφθοράνῆ</span> <span class='ocrx_word' id='word_1_747' title='bbox 1687 5109 1806 5164; x_wconf 81' lang='grc' dir='ltr'>ἄλλο</span> 
     </span>
    </p>
   </div>
   <div class='ocr_carea' id='block_1_97' title="bbox 1911 5095 3461 5182">
    <p class='ocr_par' dir='ltr' id='par_1_97' title="bbox 1911 5095 3461 5175">
     <span class='ocr_line' id='line_1_98' title="bbox 1911 5095 3461 5175; baseline -0.008 -13"><span class='ocrx_word' id='word_1_748' title='bbox 1911 5113 2210 5175; x_wconf 88' lang='lat' dir='ltr'><strong>rumpetur,</strong></span> <span class='ocrx_word' id='word_1_749' title='bbox 2235 5104 2417 5158; x_wconf 91' lang='lat' dir='ltr'><strong>divina</strong></span> <span class='ocrx_word' id='word_1_750' title='bbox 2445 5104 2662 5166; x_wconf 88' lang='lat' dir='ltr'><strong>virtute,</strong></span> <span class='ocrx_word' id='word_1_751' title='bbox 2695 5116 2814 5170; x_wconf 82' lang='lat' dir='ltr'><strong>qua</strong></span> <span class='ocrx_word' id='word_1_752' title='bbox 2843 5101 3073 5156; x_wconf 82' lang='lat' dir='ltr'><strong>admista</strong></span> <span class='ocrx_word' id='word_1_753' title='bbox 3100 5108 3218 5156; x_wconf 88' lang='lat' dir='ltr'><strong>erat</strong></span> <span class='ocrx_word' id='word_1_754' title='bbox 3239 5138 3255 5164; x_wconf 93' lang='lat'><strong>,</strong></span> <span class='ocrx_word' id='word_1_755' title='bbox 3300 5095 3368 5152; x_wconf 86' lang='lat' dir='ltr'><strong>ad</strong></span> <span class='ocrx_word' id='word_1_756' title='bbox 3401 5111 3461 5152; x_wconf 86' lang='lat' dir='ltr'><strong>se</strong></span> 
     </span>
    </p>
   </div>
   <div class='ocr_carea' id='block_1_98' title="bbox 264 5191 1806 5275">
    <p class='ocr_par' dir='ltr' id='par_1_98' title="bbox 264 5203 1190 5275">
     <span class='ocr_line' id='line_1_99' title="bbox 264 5203 1190 5275; baseline 0.003 -21"><span class='ocrx_word' id='word_1_757' title='bbox 264 5219 314 5256; x_wconf 82' lang='grc' dir='ltr'><strong>τι</strong></span> <span class='ocrx_word' id='word_1_758' title='bbox 343 5203 507 5258; x_wconf 83' lang='grc' dir='ltr'>κακὸν</span> <span class='ocrx_word' id='word_1_759' title='bbox 535 5203 718 5275; x_wconf 74' lang='grc' dir='ltr'>ἕτερον</span> <span class='ocrx_word' id='word_1_760' title='bbox 748 5204 968 5272; x_wconf 78' lang='grc' dir='ltr'>ἐπάγειν</span> <span class='ocrx_word' id='word_1_761' title='bbox 993 5204 1190 5266; x_wconf 86' lang='grc' dir='ltr'>αὐτοῖς.</span> 
     </span>
    </p>
   </div>
   <div class='ocr_carea' id='block_1_99' title="bbox 1911 5191 3461 5275">
    <p class='ocr_par' dir='ltr' id='par_1_99' title="bbox 1911 5191 3461 5270">
     <span class='ocr_line' id='line_1_100' title="bbox 1911 5191 3461 5270; baseline -0.007 -17"><span class='ocrx_word' id='word_1_762' title='bbox 1911 5200 2082 5270; x_wconf 90' lang='lat' dir='ltr'><strong>ipsam</strong></span> <span class='ocrx_word' id='word_1_763' title='bbox 2134 5196 2455 5267; x_wconf 89' lang='lat' dir='ltr'><strong>quandoque</strong></span> <span class='ocrx_word' id='word_1_764' title='bbox 2506 5193 2820 5250; x_wconf 80' lang='lat' dir='ltr'><strong>secedente?</strong></span> <span class='ocrx_word' id='word_1_765' title='bbox 2866 5193 2996 5260; x_wconf 86' lang='lat' dir='ltr'><strong>Qua</strong></span> <span class='ocrx_word' id='word_1_766' title='bbox 3030 5194 3173 5249; x_wconf 92' lang='lat' dir='ltr'><strong>enim</strong></span> <span class='ocrx_word' id='word_1_767' title='bbox 3203 5191 3345 5247; x_wconf 85' lang='lat' dir='ltr'><strong>bona</strong></span> <span class='ocrx_word' id='word_1_768' title='bbox 3372 5204 3461 5243; x_wconf 87' lang='lat' dir='ltr'><strong>es-</strong></span> 
     </span>
    </p>
   </div>
   <div class='ocr_carea' id='block_1_100' title="bbox 269 5281 3453 5364">
    <p class='ocr_par' dir='ltr' id='par_1_100' title="bbox 269 5281 3453 5364">
     <span class='ocr_line' id='line_1_101' title="bbox 269 5281 3453 5364; baseline -0.005 -10"><span class='ocrx_word' id='word_1_769' title='bbox 269 5308 384 5355; x_wconf 89' lang='lat' dir='ltr'><strong>sent</strong></span> <span class='ocrx_word' id='word_1_770' title='bbox 428 5281 720 5356; x_wconf 72' lang='lat' dir='ltr'><strong>incolumia</strong></span> <span class='ocrx_word' id='word_1_771' title='bbox 767 5298 1035 5361; x_wconf 89' lang='lat' dir='ltr'><strong>servabat,</strong></span> <span class='ocrx_word' id='word_1_772' title='bbox 1087 5299 1412 5355; x_wconf 86' lang='lat' dir='ltr'><strong>conveniens</strong></span> <span class='ocrx_word' id='word_1_773' title='bbox 1445 5305 1588 5353; x_wconf 90' lang='lat' dir='ltr'><strong>utet</strong></span> <span class='ocrx_word' id='word_1_774' title='bbox 1641 5297 1862 5354; x_wconf 88' lang='lat' dir='ltr'><strong>alterius</strong></span> <span class='ocrx_word' id='word_1_775' title='bbox 1911 5296 2191 5364; x_wconf 86' lang='lat' dir='ltr'><strong>cujusdam</strong></span> <span class='ocrx_word' id='word_1_776' title='bbox 2247 5293 2416 5359; x_wconf 91' lang='lat' dir='ltr'><strong>boni,</strong></span> <span class='ocrx_word' id='word_1_777' title='bbox 2467 5291 2663 5362; x_wconf 89' lang='lat' dir='ltr'><strong>quibus</strong></span> <span class='ocrx_word' id='word_1_778' title='bbox 2714 5289 2903 5356; x_wconf 88' lang='lat' dir='ltr'><strong>adest,</strong></span> <span class='ocrx_word' id='word_1_779' title='bbox 2967 5297 3156 5345; x_wconf 90' lang='lat' dir='ltr'><strong>auctor</strong></span> <span class='ocrx_word' id='word_1_780' title='bbox 3203 5289 3453 5349; x_wconf 80' lang='lat' dir='ltr'><strong>exsistat,</strong></span> 
     </span>
    </p>
   </div>
   <div class='ocr_carea' id='block_1_101' title="bbox 268 5393 2212 5464">
    <p class='ocr_par' dir='ltr' id='par_1_101' title="bbox 268 5393 2212 5464">
     <span class='ocr_line' id='line_1_102' title="bbox 268 5393 2212 5464; baseline -0.002 -18"><span class='ocrx_word' id='word_1_781' title='bbox 268 5409 422 5464; x_wconf 83' lang='lat' dir='ltr'><strong>quam</strong></span> <span class='ocrx_word' id='word_1_782' title='bbox 461 5407 519 5450; x_wconf 93' lang='lat' dir='ltr'><strong>ut</strong></span> <span class='ocrx_word' id='word_1_783' title='bbox 547 5395 944 5464; x_wconf 84' lang='lat' dir='ltr'><strong>corruptionem</strong></span> <span class='ocrx_word' id='word_1_784' title='bbox 979 5395 1062 5447; x_wconf 87' lang='lat' dir='ltr'><strong>vel</strong></span> <span class='ocrx_word' id='word_1_785' title='bbox 1103 5395 1244 5447; x_wconf 89' lang='lat' dir='ltr'><strong>aliud</strong></span> <span class='ocrx_word' id='word_1_786' title='bbox 1275 5396 1557 5464; x_wconf 89' lang='lat' dir='ltr'><strong>quodpiam</strong></span> <span class='ocrx_word' id='word_1_787' title='bbox 1607 5395 1805 5448; x_wconf 91' lang='lat' dir='ltr'><strong>malum</strong></span> <span class='ocrx_word' id='word_1_788' title='bbox 1845 5396 1952 5447; x_wconf 91' lang='lat' dir='ltr'><strong>illis</strong></span> <span class='ocrx_word' id='word_1_789' title='bbox 1975 5393 2212 5445; x_wconf 85' lang='lat' dir='ltr'><strong>inducat.</strong></span> 
     </span>
    </p>
   </div>
   <div class='ocr_carea' id='block_1_102' title="bbox 402 5500 3312 5573">
    <p class='ocr_par' dir='ltr' id='par_1_102' title="bbox 402 5500 3312 5573">
     <span class='ocr_line' id='line_1_103' title="bbox 402 5500 3312 5573; baseline -0.004 -10"><span class='ocrx_word' id='word_1_790' title='bbox 402 5509 532 5564; x_wconf 77' lang='lat' dir='ltr'><strong>CAP.</strong></span> <span class='ocrx_word' id='word_1_791' title='bbox 559 5507 744 5563; x_wconf 76' lang='lat' dir='ltr'><strong>XVIII.</strong></span> <span class='ocrx_word' id='word_1_792' title='bbox 780 5506 1192 5562; x_wconf 77' lang='lat' dir='ltr'><strong>Manichworum</strong></span> <span class='ocrx_word' id='word_1_793' title='bbox 1219 5508 1408 5562; x_wconf 82' lang='lat' dir='ltr'><strong>solutio</strong></span> <span class='ocrx_word' id='word_1_794' title='bbox 1440 5517 1493 5561; x_wconf 83' lang='lat' dir='ltr'><strong>et</strong></span> <span class='ocrx_word' id='word_1_795' title='bbox 1519 5507 1792 5562; x_wconf 77' lang='lat' dir='ltr'><strong>instantia.</strong></span> <span class='ocrx_word' id='word_1_796' title='bbox 1822 5505 1962 5561; x_wconf 83' lang='lat' dir='ltr'><strong>Scite</strong></span> <span class='ocrx_word' id='word_1_797' title='bbox 1998 5504 2066 5558; x_wconf 86' lang='lat' dir='ltr'><strong>ad</strong></span> <span class='ocrx_word' id='word_1_798' title='bbox 2092 5504 2348 5556; x_wconf 82' lang='lat' dir='ltr'><strong>hominem</strong></span> <span class='ocrx_word' id='word_1_799' title='bbox 2383 5501 2446 5555; x_wconf 85' lang='lat' dir='ltr'><strong>de</strong></span> <span class='ocrx_word' id='word_1_800' title='bbox 2477 5501 2706 5568; x_wconf 80' lang='lat' dir='ltr'><strong>Manete,</strong></span> <span class='ocrx_word' id='word_1_801' title='bbox 2732 5503 2821 5573; x_wconf 80' lang='lat' dir='ltr'><strong>qui</strong></span> <span class='ocrx_word' id='word_1_802' title='bbox 2851 5503 2959 5572; x_wconf 82' lang='lat' dir='ltr'><strong>ipse</strong></span> <span class='ocrx_word' id='word_1_803' title='bbox 2986 5503 3039 5555; x_wconf 82' lang='lat' dir='ltr'><strong>in</strong></span> <span class='ocrx_word' id='word_1_804' title='bbox 3073 5500 3312 5553; x_wconf 86' lang='lat' dir='ltr'><strong>materia.</strong></span> 
     </span>
    </p>
   </div>
   <div class='ocr_carea' id='block_1_103' title="bbox 1980 5611 3458 5690">
    <p class='ocr_par' dir='ltr' id='par_1_103' title="bbox 1980 5611 3458 5690">
     <span class='ocr_line' id='line_1_104' title="bbox 1980 5611 3458 5690; baseline -0.011 -14"><span class='ocrx_word' id='word_1_805' title='bbox 1980 5619 2181 5676; x_wconf 86' lang='lat' dir='ltr'><strong>Eorum</strong></span> <span class='ocrx_word' id='word_1_806' title='bbox 2213 5619 2302 5674; x_wconf 86' lang='lat' dir='ltr'><strong>hic</strong></span> <span class='ocrx_word' id='word_1_807' title='bbox 2343 5625 2591 5690; x_wconf 76' lang='lat' dir='ltr'><strong>argutum</strong></span> <span class='ocrx_word' id='word_1_808' title='bbox 2622 5618 2942 5690; x_wconf 82' lang='lat' dir='ltr'><strong>responsum</strong></span> <span class='ocrx_word' id='word_1_809' title='bbox 2972 5629 3035 5669; x_wconf 92' lang='lat' dir='ltr'><strong>ac</strong></span> <span class='ocrx_word' id='word_1_810' title='bbox 3061 5611 3275 5676; x_wconf 89' lang='lat' dir='ltr'><strong>evasio;</strong></span> <span class='ocrx_word' id='word_1_811' title='bbox 3308 5623 3458 5663; x_wconf 84' lang='lat' dir='ltr'><strong>nem-</strong></span> 
     </span>
    </p>
   </div>
   <div class='ocr_carea' id='block_1_104' title="bbox 1913 5709 3473 5784">
    <p class='ocr_par' dir='ltr' id='par_1_104' title="bbox 1913 5709 3473 5784">
     <span class='ocr_line' id='line_1_105' title="bbox 1913 5709 3473 5784; baseline -0.008 -15"><span class='ocrx_word' id='word_1_812' title='bbox 1913 5729 1999 5784; x_wconf 89' lang='lat' dir='ltr'><strong>pe,</strong></span> <span class='ocrx_word' id='word_1_813' title='bbox 2023 5712 2164 5768; x_wconf 89' lang='lat' dir='ltr'><strong>sicut</strong></span> <span class='ocrx_word' id='word_1_814' title='bbox 2195 5709 2436 5767; x_wconf 90' lang='lat' dir='ltr'><strong>videmus</strong></span> <span class='ocrx_word' id='word_1_815' title='bbox 2470 5710 2650 5764; x_wconf 88' lang='lat' dir='ltr'><strong>anima</strong></span> <span class='ocrx_word' id='word_1_816' title='bbox 2685 5710 2927 5778; x_wconf 88' lang='lat' dir='ltr'><strong>sejuncta</strong></span> <span class='ocrx_word' id='word_1_817' title='bbox 2953 5721 2983 5760; x_wconf 92' lang='lat' dir='ltr'><strong>a</strong></span> <span class='ocrx_word' id='word_1_818' title='bbox 3008 5717 3233 5772; x_wconf 88' lang='lat' dir='ltr'><strong>corpore</strong></span> <span class='ocrx_word' id='word_1_819' title='bbox 3258 5717 3473 5770; x_wconf 82' lang='lat' dir='ltr'><strong>corpus.</strong></span> 
     </span>
    </p>
   </div>
   <div class='ocr_carea' id='block_1_105' title="bbox 1916 5795 3468 5874">
    <p class='ocr_par' dir='ltr' id='par_1_105' title="bbox 1916 5795 3468 5874">
     <span class='ocr_line' id='line_1_106' title="bbox 1916 5795 3468 5874; baseline -0.005 -17"><span class='ocrx_word' id='word_1_820' title='bbox 1916 5805 2090 5874; x_wconf 91' lang='lat' dir='ltr'><strong>ipsum</strong></span> <span class='ocrx_word' id='word_1_821' title='bbox 2121 5802 2328 5873; x_wconf 85' lang='lat' dir='ltr'><strong>perire;</strong></span> <span class='ocrx_word' id='word_1_822' title='bbox 2362 5801 2441 5858; x_wconf 92' lang='lat' dir='ltr'><strong>sic</strong></span> <span class='ocrx_word' id='word_1_823' title='bbox 2465 5803 2626 5858; x_wconf 90' lang='lat' dir='ltr'><strong>etiam</strong></span> <span class='ocrx_word' id='word_1_824' title='bbox 2656 5801 2747 5855; x_wconf 92' lang='lat' dir='ltr'><strong>ubi</strong></span> <span class='ocrx_word' id='word_1_825' title='bbox 2777 5801 2946 5854; x_wconf 88' lang='lat' dir='ltr'><strong>virtus</strong></span> <span class='ocrx_word' id='word_1_826' title='bbox 2978 5796 3279 5860; x_wconf 90' lang='lat' dir='ltr'><strong>materiam,</strong></span> <span class='ocrx_word' id='word_1_827' title='bbox 3313 5795 3468 5866; x_wconf 28' lang='lat' dir='ltr'><strong>quod!</strong></span> 
     </span>
    </p>
   </div>
   <div class='ocr_carea' id='block_1_106' title="bbox 1917 5889 3457 5968">
    <p class='ocr_par' dir='ltr' id='par_1_106' title="bbox 1917 5889 3457 5968">
     <span class='ocr_line' id='line_1_107' title="bbox 1917 5889 3457 5968; baseline -0.005 -19"><span class='ocrx_word' id='word_1_828' title='bbox 1917 5897 2180 5967; x_wconf 86' lang='lat' dir='ltr'><strong>reliquum</strong></span> <span class='ocrx_word' id='word_1_829' title='bbox 2210 5897 2329 5959; x_wconf 77' lang='lat' dir='ltr'><strong>erit,</strong></span> <span class='ocrx_word' id='word_1_830' title='bbox 2359 5895 2527 5963; x_wconf 88' lang='lat' dir='ltr'><strong>ipsam</strong></span> <span class='ocrx_word' id='word_1_831' title='bbox 2553 5893 2798 5949; x_wconf 86' lang='lat' dir='ltr'><strong>videlicet</strong></span> <span class='ocrx_word' id='word_1_832' title='bbox 2827 5890 3101 5968; x_wconf 82' lang='lat' dir='ltr'><strong>materiam</strong></span> <span class='ocrx_word' id='word_1_833' title='bbox 3135 5889 3457 5948; x_wconf 80' lang='lat' dir='ltr'><strong>dissolutum</strong></span> 
     </span>
    </p>
   </div>
   <div class='ocr_carea' id='block_1_107' title="bbox 335 5623 1806 5698">
    <p class='ocr_par' dir='ltr' id='par_1_107' title="bbox 335 5623 1806 5698">
     <span class='ocr_line' id='line_1_108' title="bbox 335 5623 1806 5698; baseline -0.001 -20"><span class='ocrx_word' id='word_1_834' title='bbox 335 5626 406 5680; x_wconf 89' lang='grc' dir='ltr'>Τὸ</span> <span class='ocrx_word' id='word_1_835' title='bbox 448 5627 546 5697; x_wconf 83' lang='grc' dir='ltr'><strong>μὲν</strong></span> <span class='ocrx_word' id='word_1_836' title='bbox 589 5627 694 5698; x_wconf 83' lang='grc' dir='ltr'><strong>γὰρ</strong></span> <span class='ocrx_word' id='word_1_837' title='bbox 726 5626 788 5696; x_wconf 80' lang='grc' dir='ltr'>δὴ</span> <span class='ocrx_word' id='word_1_838' title='bbox 844 5625 1002 5694; x_wconf 86' lang='grc' dir='ltr'>σοφὸν</span> <span class='ocrx_word' id='word_1_839' title='bbox 1047 5624 1109 5677; x_wconf 86' lang='grc' dir='ltr'><strong>τὸ</strong></span> <span class='ocrx_word' id='word_1_840' title='bbox 1155 5623 1439 5694; x_wconf 79' lang='grc' dir='ltr'>λεγόμενον</span> <span class='ocrx_word' id='word_1_841' title='bbox 1489 5625 1578 5676; x_wconf 82' lang='grc' dir='ltr'><strong>ὑπ’</strong></span> <span class='ocrx_word' id='word_1_842' title='bbox 1629 5623 1806 5677; x_wconf 85' lang='grc' dir='ltr'>αὐτῶν</span> 
     </span>
    </p>
   </div>
   <div class='ocr_carea' id='block_1_108' title="bbox 269 5713 1807 5786">
    <p class='ocr_par' dir='ltr' id='par_1_108' title="bbox 269 5713 1807 5786">
     <span class='ocr_line' id='line_1_109' title="bbox 269 5713 1807 5786; baseline 0.001 -20"><span class='ocrx_word' id='word_1_843' title='bbox 269 5716 435 5768; x_wconf 74' lang='grc' dir='ltr'>ἐκεῖνό</span> <span class='ocrx_word' id='word_1_844' title='bbox 480 5719 644 5769; x_wconf 69' lang='grc' dir='ltr'><strong>ἐστιν⁹</strong></span> <span class='ocrx_word' id='word_1_845' title='bbox 693 5717 832 5778; x_wconf 81' lang='grc' dir='ltr'>Ὅτι,</span> <span class='ocrx_word' id='word_1_846' title='bbox 870 5715 1055 5785; x_wconf 87' lang='grc' dir='ltr'>ὥσπερ</span> <span class='ocrx_word' id='word_1_847' title='bbox 1099 5713 1329 5786; x_wconf 79' lang='grc' dir='ltr'>ὁρῶμεν,</span> <span class='ocrx_word' id='word_1_848' title='bbox 1371 5714 1470 5784; x_wconf 80' lang='grc' dir='ltr'>τῆς</span> <span class='ocrx_word' id='word_1_849' title='bbox 1503 5713 1680 5785; x_wconf 78' lang='grc' dir='ltr'>ψυχῆς</span> <span class='ocrx_word' id='word_1_850' title='bbox 1714 5713 1807 5767; x_wconf 89' lang='grc' dir='ltr'><strong>τοῦ</strong></span> 
     </span>
    </p>
   </div>
   <div class='ocr_carea' id='block_1_109' title="bbox 273 5804 1807 5879">
    <p class='ocr_par' dir='ltr' id='par_1_109' title="bbox 273 5804 1807 5879">
     <span class='ocr_line' id='line_1_110' title="bbox 273 5804 1807 5879; baseline 0.001 -22"><span class='ocrx_word' id='word_1_851' title='bbox 273 5804 513 5878; x_wconf 84' lang='grc' dir='ltr'>σώματος</span> <span class='ocrx_word' id='word_1_852' title='bbox 541 5805 978 5879; x_wconf 78' lang='grc' dir='ltr'>ἀποζευχθείσης,</span> <span class='ocrx_word' id='word_1_853' title='bbox 1005 5806 1062 5859; x_wconf 86' lang='grc' dir='ltr'><strong>τὸ</strong></span> <span class='ocrx_word' id='word_1_854' title='bbox 1093 5805 1246 5875; x_wconf 85' lang='grc' dir='ltr'>σῶμα</span> <span class='ocrx_word' id='word_1_855' title='bbox 1268 5806 1394 5858; x_wconf 79' lang='grc' dir='ltr'>αὐτὸ</span> <span class='ocrx_word' id='word_1_856' title='bbox 1425 5806 1807 5876; x_wconf 85' lang='grc' dir='ltr'>ἀπολλύμενον,</span> 
     </span>
    </p>
   </div>
   <div class='ocr_carea' id='block_1_110' title="bbox 275 5897 1810 5969">
    <p class='ocr_par' dir='ltr' id='par_1_110' title="bbox 275 5897 1810 5969">
     <span class='ocr_line' id='line_1_111' title="bbox 275 5897 1810 5969; baseline 0 -19"><span class='ocrx_word' id='word_1_857' title='bbox 275 5897 410 5951; x_wconf 76' lang='grc' dir='ltr'>οὕτω</span> <span class='ocrx_word' id='word_1_858' title='bbox 449 5900 540 5953; x_wconf 74' lang='grc' dir='ltr'><strong>καὶ</strong></span> <span class='ocrx_word' id='word_1_859' title='bbox 583 5899 680 5969; x_wconf 84' lang='grc' dir='ltr'>τῆς</span> <span class='ocrx_word' id='word_1_860' title='bbox 723 5899 994 5968; x_wconf 84' lang='grc' dir='ltr'>δυνάμεως</span> <span class='ocrx_word' id='word_1_861' title='bbox 1025 5899 1251 5967; x_wconf 77' lang='grc' dir='ltr'>ἀφείσης</span> <span class='ocrx_word' id='word_1_862' title='bbox 1283 5899 1392 5969; x_wconf 32' lang='grc' dir='ltr'>,τὴν</span> <span class='ocrx_word' id='word_1_863' title='bbox 1425 5897 1576 5966; x_wconf 75' lang='grc' dir='ltr'>ὓλην,</span> <span class='ocrx_word' id='word_1_864' title='bbox 1615 5900 1671 5952; x_wconf 81' lang='grc' dir='ltr'><strong>τὸ</strong></span> <span class='ocrx_word' id='word_1_865' title='bbox 1703 5899 1810 5950; x_wconf 78' lang='grc' dir='ltr'>λει-</span> 
     </span>
    </p>
   </div>
  </div>
