4088 6284
567 457 673 526 ‘55

1570 463 1969 521 ALEXAND!“
2004 466 2308 526 EPISCOPI
2345 470 2844 529 LYCOPOLITANI

3673 480 3778 531 456

567 570 636 628 iri
674 582 740 624 ac
766 569 1081 640 perituram.
1114 571 1354 629 Primum
1397 574 1612 646 quidem
1646 592 1754 631 non
1787 578 2112 636 animadverv

2224 581 2474 654 πόμενον,
2499 585 2633 656 ὅπερ
2659 585 2804 651 ἐστὶν
2830 585 2862 655 ἡ
2893 583 3011 656 ὑλη,
3040 584 3281 638 διαλυθὲν
3308 584 3598 658 οίχήσεται.
3622 587 3782 660 Πρῶ-

569 669 689 717 tunt
712 699 728 726 ,
777 661 895 717 ﬁeri
923 671 1031 718 non
1071 679 1232 736 posse
1280 676 1340 726 ut
1374 669 1484 723 ulla
1527 684 1613 723 res
1645 668 1702 726 in
1732 672 1839 724 non
1872 686 1970 727 ens
2001 687 2122 728 cor-

565 762 866 826 rumpatur.
892 754 1010 812 Non
1038 773 1138 816 ens
1166 761 1308 819 enim
1339 777 1449 817 non
1482 772 1586 818 est.
1625 761 1914 836 Dissipatis
1943 775 2121 822 autem

565 846 908 917 corporibus,
938 865 1003 906 ac
1029 865 1153 906 cum
1183 853 1263 908 eis
1292 853 1520 909 mutatio
1552 856 1795 926 quaedam
1843 857 2119 923 acciderit,

564 938 972 1009 dissolvuntur;
1007 944 1143 1000 adeo
1174 952 1234 1000 ut
1279 948 1474 1018 partim
1523 947 1582 1002 in
1638 956 1838 1004 terram
1886 951 2119 1018 cedant,

561 1028 762 1098 partim
794 1029 850 1082 in
880 1044 1080 1098 aerem,
1109 1035 1414 1107 partimque
1441 1036 1497 1090 in
1521 1036 1668 1092 aliud
1692 1038 1988 1110 quidpiam.

629 1117 897 1176 Praeterea
923 1137 1032 1177 non
1059 1125 1440 1194 meminerunt,
1472 1129 1667 1185 docere
1697 1128 1818 1188 illos
1842 1134 2119 1200 materiam

558 1219 766 1269 motum
791 1212 1158 1274 inordinatum
1197 1233 1336 1275 esse.
1367 1219 1522 1286 Quod
1575 1230 1754 1280 autem
1804 1224 1890 1279 sui
1940 1225 2121 1297 ipsum

557 1303 770 1360 ratione
802 1317 1068 1374 movetur,
1093 1315 1146 1363 et
1167 1310 1323 1378 cujus
1361 1313 1598 1368 essentia
1641 1324 1820 1370 motus
1852 1324 1936 1371 est
1957 1357 1972 1381 ,
2020 1332 2122 1372 nec

556 1409 656 1466 per
681 1396 934 1452 accidens
954 1397 1032 1452 illi
1055 1401 1331 1470 competit,
1375 1419 1611 1474 quanam
1647 1407 1739 1462 ﬁat
1783 1409 2027 1475 ratione,
2060 1417 2122 1464 ut

557 1486 884 1554 abscedente
907 1487 1122 1554 virtute,
1153 1491 1208 1546 id
1237 1493 1382 1562 quod
1419 1503 1569 1560 erat,
1617 1505 1743 1554 ante
1769 1501 1929 1554 etiam
1957 1515 2121 1571 quam

557 1577 811 1634 virtus-in
839 1578 1017 1646 ipsum
1047 1579 1418 1650 descenderet,
1450 1601 1572 1654 esse
1599 1587 1856 1645 desinat?
1894 1589 2006 1647 Nec
2040 1592 2122 1646 vi-

557 1669 688 1753 d_ent
717 1669 1093 1742 differentiam,
1111 1675 1428 1748 quodomue
1454 1694 1654 1750 corpus
1676 1696 1870 1751 expers
1901 1685 2116 1753 animae,

557 1737 831 1822 immobile
863 1765 954 1820 sit.
1005 1737 1147 1821 Nam
1191 1773 1246 1824 et
1290 1768 1488 1839 stirpes
1525 1737 1762 1826 animam
1791 1737 1992 1832 habent

553 1850 862 1919 getabilem.
904 1852 1085 1925 ipsum
1116 1871 1245 1912 vero
1273 1867 1502 1925 motum,
1534 1865 1883 1931 quantumvis
1905 1867 2115 1923 inordi-

2221 691 2312 726 τον
2358 675 2454 746 μὲν
2486 675 2592 748 γὰρ
2625 677 2722 748 οὑχ
2757 677 2972 749 ὁρῶσιν,
3012 677 3091 730 ὅτι
3123 676 3230 732 τῶν
3276 677 3441 732 ὄντων
3479 679 3630 733 οὐδὲν
3668 676 3780 736 οἷόν

2222 765 2368 818 ἔστιν
2413 763 2723 836 φθείρεσθαι
2765 770 2845 830 εἰς
2880 767 2941 820 τὸ
2989 766 3062 838 μὴ
3098 766 3176 820 όν·
3214 767 3275 820 τὸ
3317 767 3424 839 γὰρ
3466 769 3539 839 μὴ
3589 769 3648 825 ὃν
3679 771 3780 828 οὐκ

2222 859 2357 927 ἐστι.
2398 861 2896 915 Διασκεδασθέντων
2929 861 2986 915 δὲ
3038 860 3146 914 τῶν
3177 863 3458 932 σωμάτων,
3495 864 3587 916 καὶ
3613 881 3778 934 μετα-

2222 953 2382 1024 ϐολήν
2416 969 2538 1006 τινα
2583 953 2837 1024 σχόντων,
2879 952 3117 1014 διάλυσις
3146 953 3371 1020 γίνεται·
3407 951 3546 1005 ὥστε
3581 954 3640 1006 τὸ
3675 954 3778 1023 μὲν

2220 1045 2302 1108 είς
2325 1043 2429 1114 γῆν
2469 1043 2742 1108 ἀπελθεῖν,
2777 1045 2838 1096 τὸ
2865 1044 2922 1096 δὲ
2954 1046 3033 1106 εἰς
3061 1043 3220 1112 ἀέρα,
3257 1042 3318 1095 τὸ
3345 1043 3402 1096 δὲ
3436 1045 3514 1106 είς
3544 1043 3672 1097 ἄλλο
3697 1061 3773 1096 τι.

2292 1137 2522 1190 Ἔπειτα
2568 1136 2624 1190 δὲ
2674 1138 2734 1191 οὐ
2786 1137 3104 1207 μέμνηνται,
3152 1134 3233 1187 ὅτι
3278 1135 3489 1206 κίνησιν
3544 1135 3777 1189 ἄτακτον

2219 1227 2555 1282 ὑποτίθενται
2577 1224 2712 1282 εῖναι
2735 1229 2830 1300 τὴν
2853 1228 3000 1298 ὑλην.
3031 1227 3102 1281 Τὸ
3123 1227 3179 1280 δὲ
3194 1227 3260 1279 δι’
3281 1225 3410 1279 αὑτὸ
3437 1226 3774 1297 κινούμενον,

2219 1319 2313 1372 καὶ
2343 1312 2403 1372 οὗ
2431 1321 2576 1372 ἐστιν
2603 1319 2757 1372 οὐσία
2790 1321 2822 1389 ἡ
2853 1319 3084 1390 κίνησις,
3111 1317 3247 1371 ἀλλά
3283 1315 3358 1388 μῖὴ
3398 1317 3537 1382 κατὰ
3568 1317 3775 1388 συμϐε-

2219 1408 2385 1480 ϐηχὸς
2431 1409 2662 1480 ὑπάρχει
2714 1409 2880 1479 αὐτῷ,
2926 1409 3043 1472 πῶς
3083 1407 3320 1476 εὔλογον,
3357 1407 3455 1477 τῆς
3497 1406 3775 1477 δυνάμεως

2217 1498 2569 1571 ἀπελθούσης,
2612 1498 2920 1552 παύσασθαι
2948 1497 3040 1551 τοῦ
3081 1497 3216 1568 ὅπερ
3260 1491 3350 1567 ἦν,
3378 1496 3508 1566 πρὶν
3550 1495 3642 1548 καὶ
3673 1494 3777 1566 τὴν

2217 1589 2441 1660 δύναμιν
2462 1591 2542 1652 είς
2563 1587 2693 1643 αὑτὸ
2719 1587 3029 1652 κατελθεῖν;
3060 1587 3170 1656 Οὐχ
3198 1584 3363 1657 ὁρῶσι
3389 1584 3445 1637 δὲ
3473 1584 3533 1637 τὸ
3565 1583 3777 1654 παραλ-

2217 1680 2426 1746 λάττον,
2457 1681 2539 1734 ὅτι
2565 1682 2671 1734 πᾶν
2705 1679 2801 1752 μὲν
2833 1679 3009 1750 σῶμα,
3030 1677 3209 1748 ψυχῆς.
3227 1677 3470 1747 ἄμοιρον,
3497 1675 3772 1744 ἀκίνητον.

2221 1774 2370 1844 Ἔχει
2397 1772 2505 1844 γὰρ
2532 1773 2625 1827 καὶ
2651 1771 2719 1826 τά
2758 1771 2899 1842 φυτὰ
2925 1770 3023 1842 τὴν
3060 1768 3286 1841 φυτικὴν
3315 1767 3511 1838 ψυχήν.
3560 1766 3674 1836 Τῆς
3714 1765 3776 1819 δὲ
3843 1773 3858 1848 ⁸·

2219 1863 2348 1937 ὕλης
2374 1865 2542 1937 αὑτὴν
2567 1865 2665 1936 τὴν
2696 1863 2878 1917 οὑσίαν
2911 1861 3122 1934 κίνησιν
3151 1857 3286 1914 εἶναι
3319 1859 3500 1929 φασὶν,
3535 1857 3776 1919 ἄτακτον
3842 1853 3858 1900 ι’

554 1948 764 2012 natum,
791 1945 1031 2002 materiae
1073 1945 1262 2002 dicunt
1293 1963 1417 2010 esse
1466 1951 1846 2012 substantiam.
1878 1955 1958 2011 Ac
1986 1971 2112 2012 vero

2219 1957 2418 2029 μέντοι.
2467 1956 2698 2010 Κάλλιον
2738 1955 2794 2008 δὲ
2837 1949 2926 2025 ἦν,
2973 1953 3220 2024 καθάπερ
3252 1951 3344 2003 ἐπὶ
3381 1949 3572 2021 λύρας,
3606 1948 3777 2022 ἀνάρ-

553 2039 669 2089 erat
720 2035 936 2102 melius,
982 2037 1130 2095 velut
1175 2039 1229 2093 in
1260 2039 1576 2101 dissonante
1621 2043 1772 2114 lyra,
1825 2047 2116 2104 accedente

551 2123 834 2195 harmonia
858 2126 1104 2198 initoque
1133 2137 1421 2198 concentu,
1449 2133 1710 2204 quidquid
1738 2145 1874 2202 erat,
1907 2141 2114 2197 musice

550 2222 865 2285 consertum
916 2219 1363 2293 modulatumque
1411 2223 1681 2281 edicitur:
1721 2229 1802 2284 sic
1857 2230 2113 2287 nimirum

547 2305 791 2364 divinam
843 2309 1100 2368 virtutem
1160 2312 1469 2370 inordinato
1538 2317 1826 2378 admistam
1903 2324 2109 2388 motui,

548 2411 709 2481 quem
743 2399 848 2480 ipsi
877 2403 1160 2480 materiam
1210 2406 1474 2477 sentiunt,
1506 2423 1606 2478 pro
1626 2424 1692 2470 eo
1726 2411 1871 2481 quod
1916 2426 2112 2472 ornatu

516 2513 520 2516 ·
548 2489 790 2555 carebat,
825 2493 1113 2561 quemdam
1144 2493 1222 2549 illi
1256 2504 1508 2551 ornatum
1539 2499 1800 2569 adjecisse
1821 2541 1837 2566 ,
1879 2517 1942 2558 ac
1969 2519 2112 2560 sem-

549 2595 644 2655 per
673 2582 930 2656 adjicere,
961 2584 1230 2656 ejusmodi
1259 2587 1468 2660 scilicet
1505 2591 1600 2663 qui
1628 2591 1813 2656 divino
1839 2593 1940 2657 rite
1979 2610 2111 2651 con-

546 2683 705 2743 gruat
746 2677 999 2749 tempori.
1043 2676 1182 2733 Nam
1227 2695 1449 2759 quaeso,
1501 2684 1845 2753 quandonam
1893 2689 2108 2744 tandem

546 2764 664 2840 ipse
693 2763 1047 2840 Manichteus,
1081 2774 1141 2820 ut
1162 2767 1229 2823 de
1259 2768 1345 2837 his
1369 2777 1626 2840 tractaret
1646 2771 1872 2828 idoneus
1900 2770 2022 2838 fuit,
2046 2789 2110 2828 ac

546 2855 764 2928 quando
807 2857 1024 2913 demum
1066 2859 1253 2918 istbaac
1303 2862 1619 2920 enarravit?
1663 2862 1796 2933 Nam
1836 2870 1890 2935 et
1931 2864 2106 2934 ipsum

546 2947 787 3002 materia:
816 2954 949 3002 tunc
979 2947 1176 3019 migma
1193 2956 1246 3008 et
1277 2951 1494 3024 virtutis
1522 2953 1577 3023 in
1602 2967 1664 3008 ea
1690 2962 1919 3025 receptae
1942 2954 2110 3025 fuisse

547 3039 874 3095 concedunt.
910 3039 1034 3096 Sive
1065 3041 1230 3112 igitur
1253 3080 1268 3107 ,
1301 3041 1376 3096 ita
1399 3053 1458 3098 ut
1481 3051 1619 3111 erat,
1649 3043 1763 3099 hazc
1801 3045 2109 3104 inordinato

545 3143 694 3198 motu
721 3134 939 3191 locutus
968 3141 1072 3199 est,
1105 3135 1378 3206 quomodo
1416 3151 1526 3191 non
1574 3137 1715 3190 mala
1741 3137 1964 3208 opinio?
1996 3140 2110 3195 sive

545 3222 727 3279 divina
785 3224 988 3281 virtute
1044 3239 1245 3298 anceps
1307 3226 1639 3302 dubiumque
1700 3227 1894 3300 dogma
1954 3238 2039 3286 est
2089 3248 2104 3288 :

543 3329 606 3369 ea
639 3315 868 3384 ratione,
892 3332 996 3389 qua
1030 3324 1113 3373 est
1155 3333 1186 3372 a
1226 3318 1407 3376 divina
1449 3320 1667 3385 virtute,
1690 3321 1932 3378 veritatis
1959 3337 2108 3378 com-
2133 3291 2175 3348 δ

2217 2065 2386 2120 μοστα
2413 2046 2772 2119 μελῳδούσης,
2797 2047 2830 2117 ὴ
2863 2044 3094 2118 ἁρμονία
3123 2040 3349 2096 ἐλθοῦσα
3372 2040 3434 2093 τὸ
3464 2041 3571 2093 πᾶν
3601 2041 3777 2110 ἡρμο-

2214 2139 2408 2210 σμένον
2445 2137 2852 2209 ἀπειργάσατο·
2894 2136 3036 2190 οὑτω
3066 2134 3130 2206 δὴ
3173 2131 3454 2204 μιχθεῖσαν
3495 2129 3592 2202 τὴν
3622 2130 3776 2188 θείαν

2211 2231 2436 2302 δύναμιν
2463 2234 2528 2302 τῇ
2563 2229 2783 2300 ἀτάκτῳ
2838 2229 3066 2299 κινήσει,
3105 2228 3239 2296 ὅπερ
3267 2224 3382 2277 ἐστὶ
3410 2222 3527 2276 κατ’
3574 2222 3772 2286 αὐτοὺς

2210 2324 2242 2394 ἡ
2280 2322 2399 2394 ὕλη,
2442 2323 2561 2376 ἀντὶ
2587 2323 2684 2392 τῆς
2716 2319 2940 2390 ἐνούσης
2965 2316 3232 2388 ἀκοσμίας
3263 2315 3465 2386 κόσμον
3492 2313 3608 2368 τινὰ
3627 2313 3766 2383 αὑτῇ

2211 2414 2603 2474 ὲπιτεθεικέναι
2632 2414 2726 2467 καὶ
2740 2413 2827 2466 όιεῖ¹
2858 2410 3119 2464 ἐπιθεῖναι
3148 2407 3242 2461 τοῦ
3263 2406 3405 2461 θείου
3431 2406 3614 2484 χρόνου
3631 2404 3773 2464 ὲπάε

2212 2504 2341 2571 ξιον.
2377 2485 2528 2558 Ἐπεὶ
2553 2503 2670 2567 πῶς
2697 2520 2827 2556 ποτε
2849 2502 3008 2564 αὑτὸς
3033 2503 3061 2553 ὁ
3092 2501 3391 2568 Μανιχαῖος
3412 2495 3537 2568 περὶ
3567 2493 3770 2547 τούτων

2210 2593 2426 2662 ἐγένετο
2468 2592 2648 2656 ἱκανὸς
2677 2589 2968 2654 διαλαϐεῖν,
3014 2588 3108 2654 καὶ
3137 2589 3196 2641 τὸ
3231 2587 3360 2646 πότε
3388 2585 3527 2640 αὐτὰ
3558 2582 3771 2654 άφηγή-
3825 2616 3833 2625 -

2211 2701 2369 2750 σατο;
2397 2684 2471 2748 ὡς
2497 2683 2600 2756 γὰρ
2634 2684 2812 2754 μίγμα
2844 2682 3034 2751 γέγονε
3061 2680 3156 2734 καὶ
3182 2679 3347 2750 αὑτὸς
3374 2678 3476 2746 τῆς
3499 2676 3652 2745 ὕλης,
3677 2673 3779 2739 καὶ,

2207 2779 2304 2848 τῆς
2348 2759 2812 2848 ἐναποληφθείσης.
2848 2775 2985 2845 αὐτῇ
3033 2772 3327 2842 δυνάμεως,
3371 2765 3769 2838 συγχωροῦσιν.

2206 2866 2331 2921 Ehe
2357 2864 2468 2931 οὖν,
2503 2866 2577 2930 ὡς
2609 2861 2743 2935 εἶχε,
2791 2866 2858 2938 τῇ
2900 2863 3115 2934 ἀτάκτῳ
3150 2862 3355 2931 κινήσει
3385 2849 3557 2911 ταῦτα
3588 2856 3778 2924 ἔλεγε,

2207 2957 2324 3021 πῶς
2349 2957 2408 3010 οὐ
2443 2957 2618 3028 φαύλη
2643 2958 2675 3028 ἡ
2699 2956 2851 3022 δόξας
2877 2955 2985 3008 εἴτε
3003 2957 3067 3026 τῇ
3099 2953 3215 3024 θείᾳ
3235 2951 3456 3022 δυνάμει
3477 2947 3777 3021 ἀμφίδοξον.

2207 3051 2309 3122 ἢδη
2332 3051 2392 3103 τὸ
2422 3051 2594 3121 δόγμα
2614 3069 2626 3080 ·
2662 3049 2739 3120 τῷ
2771 3049 2868 3120 μὲν
2889 3047 3007 3116 duo,
3030 3047 3126 3118 τῆς
3154 3045 3302 3108 θείας
3332 3043 3608 3114 δυνάμεως
3627 3037 3778 3112 εἶναι,

2211 3143 2432 3214 μέτοχον
2459 3141 2738 3213 ἀληθείας·
2771 3140 2850 3213 τῷ
2890 3140 2946 3193 δὲ
3119 3138 3214 3208 τῆς
3248 3136 3478 3209 ἀτάκτου
3505 3135 3770 3204 κινήσεως

2206 3233 2299 3293 τοῦ
2348 3234 2532 3307 ἐτέρου
2585 3234 2779 3306 μέρους
2823 3231 3109 3304 μετέχειν,
3140 3227 3526 3301 μεθιστάμενον
3573 3226 3651 3286 είς
3702 3223 3777 3285 τὰ

2205 3326 2415 3398 ψεῦδος.

543 3408 749 3466 mercio
803 3409 1074 3486 gaudens;
1133 3425 1240 3481 qua
1285 3427 1414 3469 vero
1457 3412 1524 3467 ab
1552 3411 1858 3484 inordinato
1908 3424 2091 3482 motu,
2122 3419 2344 3485 alterius
2414 3420 2582 3491 partis
2628 3416 2953 3476 commercio
3005 3417 3074 3473 ad
3115 3412 3456 3486 mendacium
3501 3423 3760 3481 vergens,

541 3497 728 3584 illique
761 3499 988 3558 haerens.

539 3611 673 3675 CAP.
883 3613 1070 3678 Altera
1096 3615 1384 3673 Manichwi
1417 3617 1620 3690 Virtus,
1643 3619 1908 3688 prioribus
1939 3622 2184 3690 nouisque
2238 3615 2699 3690 absurdispetita.
2750 3613 3190 3690 lfirturefﬁciens
3221 3620 3271 3667 et
3303 3611 3559 3682 patibilis,
3590 3612 3775 3682 opifex.

737 3683 743 3690 ’
1197 3698 1247 3742 ει
1281 3689 1514 3743 materiae
1547 3683 1810 3746 concreta.
1841 3683 2078 3764 corpora
2098 3683 2403 3744 "Manichwo
2443 3683 2608 3740 tribus
2631 3685 2868 3755 partibus
2891 3684 3113 3752 digesta.

612 3799 770 3866 Quod
794 3799 842 3860 si
881 3799 1085 3864 dictum
1113 3808 1291 3868 esset,
1321 3801 1560 3857 divinam
1591 3802 1845 3858 virtutem
1877 3818 2102 3864 ornasse

541 3897 828 3947 materiam
858 3901 1019 3963 atque
1039 3901 1270 3958 ornare;
1287 3895 1444 3966 longe
1489 3897 1786 3966 sapientius
1836 3904 2017 3960 esset,
2048 3901 2103 3956 et

542 3981 612 4038 ad
642 3981 800 4051 ﬁdem
841 3981 1123 4046 Manichaai
1163 3983 1424 4041 doctrina:
1450 4001 1514 4042 ac
1545 3985 1884 4042 sermonibus
1921 3987 2104 4042 conci-

543 4073 784 4128 liandum
807 4075 1222 4132 conducibilius.
1272 4077 1752 4134 Verumenimvero
1778 4078 1938 4133 aliam
1961 4076 2104 4141 Deus

543 4179 575 4218 e
606 4164 854 4234 supernis
884 4166 1032 4221 misit
1063 4167 1341 4223 virtutem.
1373 4166 1515 4224 Sane
1543 4167 1759 4238 quidem
1798 4183 1919 4238 quae,
1961 4167 2102 4222 dicta

545 4263 674 4310 sunt
698 4255 772 4316 de
792 4255 1252 4325 priorewirtute,
1285 4257 1352 4312 de
1397 4259 1498 4314 hac
1550 4259 1754 4329 pariter
1795 4257 2103 4314 communia

2272 3803 2335 3856 Ei
2351 3801 2414 3857 ,δὲ
2436 3801 2638 3872 εἴρητο,
2660 3797 2734 3860 ὡς
2759 3798 2792 3866 ἡ
2818 3796 2938 3850 θεία
2965 3795 3188 3866 δύναμις
3213 3795 3308 3865 τὴν
3329 3792 3459 3864 ὓλην
3486 3792 3763 3864 ἐκόσμησε

2206 3895 2298 3948 καὶ
2328 3893 2538 3962 κοσμεῖ,
2574 3888 2766 3962 μακρῷ
2793 3887 2855 3940 ἂν
2885 3883 2951 3958 ἦν
2979 3885 3302 3956 σοφώτερον,
3334 3884 3432 3942 καὶ
3459 3885 3593 3956 πρὸς
3617 3884 3765 3950 ἀξιο-

2206 3983 2422 4038 πιστίαν
2443 3982 2547 4035 τῶν
2572 3979 2870 4050 Μανιχαίου
2893 3979 3064 4047 λόγων
3086 3975 3517 4048 συμϐαλλόμενον
3541 3975 3760 4046 μᾶλλον.

2220 4075 2377 4130 Ἀλλά
2408 4074 2515 4144 γὰρ
2557 4073 2748 4145 ἑτέραν
2781 4071 3004 4140 δύναμιν
3047 4067 3392 4138 κατέπεμψεν
3433 4067 3462 4119 ὁ
3504 4067 3652 4138 Θεός.
3693 4069 3772 4137 “A‘

2212 4167 2309 4238 μὲν
2339 4165 2403 4237 δὴ
2444 4163 2654 4235 εἴρηται
2683 4161 2811 4234 περὶ
2841 4160 2938 4230 τῆς
2977 4159 3242 4231 προτέρας
3278 4158 3577 4228 δυνάμεως,
3607 4158 3765 4212 κοινὰ

2209 4260 2300 4313 καὶ
2327 4259 2453 4328 περὶ
2482 4256 2682 4324 ταύτης
2707 4254 2847 4306 ἐστί·
2874 4252 2968 4304 καὶ
2992 4253 3090 4304 ὅσα
3116 4252 3286 4306 ἄτοπα
3306 4251 3492 4304 ἕπεται
3515 4249 3591 4320 τῷ
3618 4249 3763 4320 λόγῳ

544 4351 714 4400 sunt:
741 4345 1033 4417 omniaque
1079 4349 1350 4415 absurda,
1380 4350 1670 4420 conjuncta
1723 4351 1982 4407 doctrinae
2037 4351 2106 4406 de

2212 4350 2284 4422 τῷ
2326 4350 2452 4421 περὶ
2491 4349 2588 4418 τῆς
2639 4345 2860 4418 πρώτης
2903 4344 3080 4404 αὐτῶν
3123 4343 3422 4414 δυνάμεως,
3469 4342 3641 4396 ταῦτα
3668 4343 3765 4395 καὶ

544 4437 717 4506 prima
755 4437 974 4493 illorum
1003 4441 1238 4505 virtute,
1294 4442 1478 4499 eadem
1512 4451 1565 4500 et
1617 4445 2100 4515 impraesentiarum

2212 4443 2297 4498 νῦν
2330 4446 2444 4496 ἐστι
2471 4441 2667 4508 λέγειν.
2696 4438 2767 4491 Τὸ
2794 4438 2849 4491 δὲ
2870 4437 2995 4498 ἄλλο
3014 4437 3095 4500 τίς
3115 4429 3427 4506 ἀνάσχοιτο;
3458 4434 3554 4488 Διά
3583 4433 3774 4505 τίγάρ.

545 4532 671 4585 licet
712 4531 922 4590 all‘erre.
975 4535 1136 4590 Aliud
1168 4551 1296 4592 vero
1350 4537 1472 4608 quis
1520 4536 1699 4596 ferali.
1730 4536 1930 4605 Quidni
1956 4534 2100 4591 enim

2212 4535 2270 4606 δὴ
2299 4535 2359 4588 οὑ
2391 4535 2567 4588 πάντα
2599 4531 2724 4601 μίαν
2752 4530 2871 4583 τινὰ
2898 4528 3194 4599 δυναμένην
3225 4526 3449 4598 δύναμιν
3481 4527 3768 4598 κατέπεμτ,

549 4625 689 4679 Deus
714 4640 880 4680 unam
922 4627 1208 4697 quamdam
1235 4628 1491 4683 virtutem
1533 4629 1714 4692 misit,
1750 4643 1870 4699 quae.
1925 4628 2104 4682 omnia

2212 4628 2305 4698 Lj/sv
2353 4628 2382 4678 ὁ
2425 4624 2588 4689 Θεός;
2637 4624 2697 4676 Ei
2747 4620 3032 4705 ἀνθρώπου
3082 4620 3204 4683 νοῦς
3248 4618 3418 4682 οὑτως
3466 4619 3582 4671 ἐστὶ
3624 4617 3763 4690 πρὸς

547 4716 766 4784 posset?
786 4716 921 4784 Cum
949 4733 1100 4773 mens
1134 4719 1368 4773 humana
1398 4721 1478 4775 sic
1509 4720 1577 4774 ad
1604 4723 1785 4776 omnia
1816 4719 1963 4780 varia
1997 4719 2104 4782 sit,

546 4811 607 4863 ut
632 4805 820 4860 eadem
861 4807 1184 4877 geometrica
1216 4808 1442 4866 scientia
1466 4847 1480 4872 ,
1525 4808 1826 4878 eademque
1851 4817 2104 4862 astrono-

545 4896 687 4953 mica
719 4904 772 4952 et
792 4898 1059 4960 tectonica
1087 4899 1309 4970 praedita
1343 4900 1434 4965 sit,
1471 4915 1534 4954 ac
1565 4899 1610 4954 si
1640 4898 1767 4969 quid
1799 4899 1918 4968 ejus
1945 4913 2107 4973 gene-

546 4987 624 5046 ris
652 4993 767 5053 est;
802 4988 870 5042 ad
907 4988 1101 5058 incitas
1131 4988 1271 5046 Deus
1305 4989 1556 5052 redactus
1601 4999 1704 5052 est,
1733 5003 1834 5042 nec
1863 4987 2107 5055 invenire

546 5078 722 5148 potuit
751 5079 908 5136 talem
940 5081 1217 5146 virtutem,
1249 5096 1368 5153 quae
1398 5081 1477 5136 illi
1504 5079 1572 5136 ad
1595 5079 1776 5136 omnia
1804 5079 2000 5136 idonea
2023 5094 2106 5143 ese

546 5171 649 5233 set‘,
668 5177 729 5225 ut
753 5186 864 5228 non
884 5172 1060 5243 prima
1088 5181 1248 5244 atque
1273 5172 1509 5230 secunda
1531 5173 1828 5243 indigeret?

621 5261 823 5334 thuid
860 5279 988 5319 vero
1010 5266 1114 5319 alia
1141 5266 1357 5334 quidem
1385 5266 1558 5336 virtus
1591 5264 1823 5336 opiﬁcis,
1855 5266 1960 5321 alia
1991 5265 2103 5318 vim

547 5357 722 5426 magis
750 5357 1008 5429 patientis
1039 5357 1244 5414 habens
1285 5375 1350 5414 ac
1383 5341 1714 5430 recipientis,
1760 5372 1869 5428 quo
1897 5357 2106 5411 scilicet

548 5469 778 5524 pronum
808 5452 887 5523 illi
908 5452 1153 5522 beneque
1184 5452 1253 5507 sit
1276 5459 1336 5506 ut
1375 5452 1665 5510 misceatur
1689 5466 1816 5518 cum,
1844 5448 2106 5507 materia?

550 5544 666 5601 Non
698 5545 844 5600 enim
894 5543 985 5604 hic
1013 5557 1237 5599 causam
1281 5541 1488 5597 ordinis
1530 5542 1658 5597 boni
1688 5542 1870 5606 video,
1914 5539 2107 5598 adver-

551 5651 752 5705 susque
789 5634 966 5705 ipsum
1005 5648 1284 5715 excessus.
1319 5631 1376 5688 Si
1423 5632 1621 5687 malum
1663 5639 1800 5696 erat,
1841 5646 1950 5685 non
1989 5636 2108 5686 erat

551 5727 605 5780 in
636 5726 798 5783 domo
831 5725 945 5782 Dei.
980 5726 1117 5782 Cum
1148 5726 1292 5782 enim
1339 5724 1482 5782 Deus
1515 5723 1854 5780 solummodo
1880 5723 2102 5787 bonum,

619 5901 697 5973 (ﬁ)
737 5905 955 5964 Καιροῦ.

2209 4718 2382 4772 πάντα
2409 4716 2668 4779 ποικίλος,
2696 4714 2833 4769 ὥστε
2852 4716 2879 4766 ὁ
2900 4713 3060 4785 αὑτὸς
3086 4713 3182 4783 μὲν
3211 4708 3348 4765 εἶναι
3370 4709 3760 4780 γεωμετρικὸς,

2207 4811 2235 4864 ὁ
2260 4809 2421 4871 αὐτὸς
2458 4807 2516 4860 δὲ
2556 4806 2941 4878 ἀστρονομικδς
2975 4805 3067 4862 καὶ
3104 4799 3429 4868 τεκτονικὸς,
3477 4799 3572 4853 καὶ
3611 4797 3664 4849 si
3706 4815 3761 4852 τι

2205 4896 2439 4952 τοιοῦτον
2457 4915 2471 4927 ⁸
2502 4895 2617 4968 Θεῷ
2641 4896 2698 4948 δὲ
2719 4892 2826 4966 ἆρα
2855 4890 2921 4966 ἦν
2953 4895 3154 4964 ἄπορον
3184 4892 3363 4963 εὑρεῖν
3390 4889 3640 4959 τοιαύτην
3669 4888 3761 4941 δύ-
3827 4934 3836 4956 _.

2206 5003 2389 5058 ναμιν,
2421 4986 2540 5057 ἤτις
2562 4984 2711 5055 αὑτῷ
2737 4984 2871 5053 πρὸς
2904 4983 3082 5058 πάντα
3099 4979 3166 5056 ἦν
3195 4982 3370 5053 ἱκανὴ,
3406 4981 3490 5036 ἵνα
3515 4979 3590 5051 μὴ
3615 4977 3761 5052 πρώ-
3829 5044 3845 5057 ρ

2208 5094 2305 5149 της
2327 5077 2419 5130 καὶ
2441 5075 2692 5148 δευτέρας
2712 5075 2893 5146 δέηται
2913 5092 2928 5140 ;
3828 5062 3834 5067 ’

2277 5260 2374 5313 Διά
2401 5258 2454 5312 τί
2493 5258 2548 5312 δὲ
2574 5259 2608 5328 ἡ
2657 5256 2752 5329 μὲν
2793 5254 3020 5326 δύναμίς
3053 5255 3165 5327 εστι
3207 5248 3589 5323 δημιουργικὴ,
3637 5249 3669 5318 ἡ
3702 5247 3761 5301 δὲ

2207 5350 2478 5428 παθητικὴ
2521 5349 2736 5420 μᾶλλον,
2781 5346 2856 5411 ὼς
2892 5333 3071 5418 καλῶς
3107 5343 3272 5415 αὑτὴν
3308 5342 3450 5412 ἔχειν
3489 5341 3625 5415 πρὸς
3661 5339 3760 5410 τὴν

2207 5444 2337 5516 ὕλην
2381 5440 2768 5514 κεράννυσθαι;
2799 5441 2912 5510 Οὐχ
2949 5438 3060 5510 ὁρῶ
3093 5437 3202 5510 γὰρ
3234 5436 3394 5490 πάλιν
3438 5433 3670 5489 ἐνταῦθα
3699 5431 3761 5518 τὸ

2206 5534 2377 5589 αῐτιον
2407 5534 2506 5605 τῆς
2543 5532 2749 5596 τάξεως
2781 5532 2874 5585 τοῦ
2902 5530 3066 5586 καλοῦ
3091 5527 3166 5600 (6)
3205 5529 3295 5582 καὶ
3326 5527 3424 5597 τῆς
3451 5523 3572 5580 κατ’
3595 5521 3760 5578 αὑτοῦ

2207 5629 2496 5701 ὑπεροχῆς.
2528 5629 2591 5680 Ei
2620 5627 2784 5682 κακὸν
2807 5622 2894 5698 ἦν,
2921 5625 3018 5678 οὑκ
3047 5620 3114 5694 ἦν
3140 5625 3198 5675 ὲν
3222 5621 3299 5691 τῷ
3327 5620 3420 5675 τοῦ
3443 5615 3578 5673 Θεοῦ
3605 5616 3759 5688 οἴκῳ.

2209 5724 2270 5778 Ei
2308 5722 2414 5793 γὰρ
2447 5722 2604 5793 μόνον
2635 5718 2795 5774 καλὸν
2819 5719 2849 5770 ό
2872 5717 3024 5781 Θεὸς,
3061 5714 3154 5773 κα).
3180 5713 3338 5785 μόνον
3375 5710 3540 5766 κακον
3569 5710 3602 5781 ἡ
3635 5706 3762 5778 ὕλη,
