4088 6284
354 500 456 558 45⁵1

1212 494 1618 558 TRACTATUS
1655 496 1740 558 DE
1776 495 2084 559 PLACITIS
2113 495 2659 562 MANICHEORUM.

3395 496 3514 563 458.

345 615 482 687 μέσα
509 613 578 666 τὰ
606 613 736 667 ἄλλα
773 615 863 666 καὶ
897 612 1092 682 μεταξὺ
1122 611 1327 682 ἀνάγκη
1364 611 1544 682 φάναι.
1601 613 1736 676 Ἀλλ’
1787 614 1872 664 εὑ-

1986 614 2276 682 nalumque
2321 611 2656 666 solummodo
2707 612 2928 668 materia
2969 610 3231 674 exsistat,
3281 625 3526 678 necesse,

344 706 582 779 ρίσκεταί
623 723 704 768 τις
742 707 964 774 ποιητὴς
993 704 1240 774 διάφορος
1265 706 1387 774 περὶ
1414 703 1480 766 τά
1514 704 1671 774 μέσα,
1702 705 1778 756 ὅτ’
1805 705 1870 758 ἂν

341 795 478 865 φῶσι
498 795 594 865 τὴν
619 796 715 865 μὲν
737 793 1124 864 δημιουργικὴν
1143 793 1336 856 αἰτίαν,
1359 793 1454 863 τὴν
1465 793 1518 846 δὲ
1537 794 1726 864 μικτὴν
1744 795 1877 864 πρὸς

337 885 438 958 τὴν
469 885 616 955 ὓλην.
648 885 809 953 ,Τάχα
835 878 923 935 οὖν
953 885 1068 935 ἐστι
1097 882 1156 934 τὸ
1193 883 1594 953 προηγούμενον
1628 885 1720 936 καὶ
1745 885 1876 934 ἀπο-

341 973 782 1044 προηγησάμενον
811 969 982 1037 τοῦτο,
1007 970 1034 1022 ὃ
1067 971 1157 1022 καὶ
1195 971 1244 1033 οἱ
1280 970 1526 1040 νεώτεροι
1551 971 1794 1038 λέγουσιν
1821 972 1877 1024 ὲν

337 1065 417 1134 τῷ
441 1064 580 1130 Περὶ
605 1062 718 1124 τῶν
748 1059 1040 1128 διαφορῶν
1067 1060 1229 1134 λόγῳ.
1253 1061 1360 1130 Τῆς
1387 1061 1441 1113 δὲ
1467 1060 1870 1132 δημιουργικῆς,

340 1155 491 1222 φασὶ,
548 1153 822 1222 δυνάμεως
894 1149 1310 1226 ἐπιχειρησάσης
1357 1150 1452 1220 τῆς
1504 1151 1870 1221 κοσμοποιίας,

338 1241 726 1311 ἀποκεκρίσθαι
762 1240 859 1310 τῆς,
885 1239 1014 1310 ὑλης
1039 1239 1100 1290 τὸ
1137 1241 1318 1308 μεῖναν
1346 1239 1436 1290 ἐπὶ
1463 1240 1558 1309 τῆς
1592 1239 1723 1304 ἰδίας
1750 1242 1875 1311 ἀρε-

337 1333 438 1402 τῆς
471 1332 571 1384 κᾶν
607 1333 671 1401 τῇ
713 1330 981 1402 συμμίξει,
1021 1332 1111 1392 καὶ
1139 1329 1412 1396 γεγονέναι
1443 1331 1587 1400 ήλιον
1609 1332 1700 1383 καὶ
1726 1331 1877 1401 σελή-

340 1438 438 1490 νην
459 1437 471 1449 ·
509 1419 568 1472 τὸ
599 1419 653 1471 δὲ
695 1418 918 1488 μετρίας
950 1416 1264 1488 μετειληφὸς
1301 1419 1512 1480 κακίας,
1543 1419 1766 1488 οὐρανὸν
1788 1419 1881 1480 καὶ

340 1508 592 1578 ἀστέρας.
615 1507 809 1560 Λοιπὸν
832 1508 888 1560 δὲ
921 1508 988 1560 τὰ
1024 1507 1154 1559 ἄλλα
1187 1507 1333 1571 ἐντὸς
1374 1509 1576 1561 τούτων
1611 1509 1882 1578 περιειλῆ-

343 1599 472 1668 φθαι
507 1599 581 1661 ὡς
617 1598 816 1666 ἔτυχεν,
873 1599 1113 1669 μίγματα
1149 1598 1274 1651 ὄντα
1306 1599 1404 1668 τῆς
1445 1616 1502 1652 τε
1549 1599 1696 1662 θείας
1734 1599 1883 1668 δ-υνέι-

345 1679 490 1760 μεως
528 1691 617 1742 καὶ
653 1678 749 1758 τῆς
782 1689 929 1759 ὕλης.

1976 711 2059 758 est
2089 711 2148 756 ut
2187 705 2392 771 reliqua
2422 703 2594 759 media
2631 701 2875 756 dicamus
2911 708 2963 754 et
3001 701 3058 754 in
3101 699 3276 754 medio
3302 701 3505 761 consti-

1976 799 2110 846 tuta.
2143 791 2305 860 Atqui
2347 791 2616 848 invenitur
2664 789 3100 853 di‘versusrl‘actor
3148 802 3210 841 ac
3259 789 3520 854 conditor,

1975 881 2120 934 circa
2151 893 2212 932 ea
2249 893 2368 952 quae
2415 879 2588 932 media
2619 888 2762 942 sunt,
2805 891 2927 931 cum
2960 877 3142 930 dicant
3187 875 3346 931 aliam
3379 891 3506 930 cau-

1975 984 2092 1025 sam
2126 969 2392 1040 opilicem,
2425 969 2584 1033 aliam
2607 968 2842 1031 materia;
2874 967 3178 1022 admistam.
3209 964 3368 1020 Forte
3406 967 3524 1036 igis

1976 1067 2065 1114 tur
2106 1069 2190 1116 est
2221 1061 2538 1137 primarium
2577 1060 2723 1123 istud
2767 1067 2821 1115 et
2861 1059 3002 1130 quod
3030 1073 3061 1111 a
3103 1057 3358 1126 primario
3402 1068 3532 1129 est,

1979 1151 2122 1223 quod
2147 1153 2304 1203 etiam
2338 1149 2524 1214 dicunt
2551 1149 2878 1205 recentiores
2908 1149 2961 1201 in
2990 1148 3128 1201 libro
3160 1147 3237 1201 De
3263 1146 3520 1215 diﬁ'crm-.

1981 1242 2085 1294 liis.
2119 1239 2360 1309 Cumque
2393 1239 2526 1293 adeo
2554 1237 2729 1306 opifex
2764 1239 2932 1290 virtus
2966 1253 3028 1292 ac
3057 1236 3212 1304 cujus
3243 1235 3530 1302 condendi,

1979 1333 2062 1392 vis
2087 1331 2272 1383 mundi
2307 1329 2565 1392 fabricam
2595 1342 2846 1402 aggressa
2877 1336 3039 1392 esset,
3074 1336 3337 1383 secretum
3361 1328 3513 1382 aiunt

1980 1421 2047 1475 de
2091 1421 2316 1475 materia
2354 1419 2496 1489 quod
2543 1419 2597 1472 in
2636 1419 2754 1488 ipsa
2783 1432 2996 1486 quoque
3034 1418 3284 1474 mistione
3314 1420 3368 1473 in
3414 1433 3514 1473 sua

1979 1512 2197 1582 propria
2229 1517 2501 1577 manserat
2526 1508 2743 1571 virtute,
2777 1515 2938 1577 atque
2968 1507 3096 1561 hinc
3128 1509 3292 1574 solem
3331 1517 3382 1563 et
3424 1507 3512 1562 lu-

1985 1616 2116 1665 nam,
2151 1600 2444 1665 exstitisse.
2488 1595 2544 1649 Id
2585 1611 2711 1650 vero
2757 1594 2900 1665 quod
2941 1595 3150 1660 modice
3193 1595 3516 1664 parciusque

1982 1697 2168 1752 vitium
2199 1701 2541 1758 contraxerat
2581 1705 2643 1744 ac
2671 1690 2954 1755 malitiam,
2991 1687 3189 1742 ccelum
3223 1687 3509 1750 etstellas.

1978 1799 2252 1853 Postremo
2278 1801 2456 1848 autem
2489 1791 2696 1858 reliqua
2728 1789 2870 1843 intra
2915 1787 3027 1841 haec
3059 1794 3259 1840 temere
3292 1785 3514 1840 interce-

1905 1881 1948 1935 B
1977 1896 2084 1959 pta,
2118 1899 2236 1955 quae
2263 1883 2420 1936 mista
2463 1887 2590 1936 sunt
2620 1893 2682 1932 ex
2712 1876 2894 1931 divina
2929 1876 3126 1930 virtute
3163 1881 3217 1928 et
3265 1874 3510 1929 materia.

343 2006 470 2060 CAP.
496 2002 613 2057 XX.
649 2003 840 2058 Divina
869 2005 1032 2058 virtus
1055 2004 1217 2059 eidem
1256 2004 1546 2060 Manicth
1578 2022 1825 2088 corporea
1857 2001 2221 2084 etdivisibilis.
2248 1999 2438 2058 Diuina
2459 1998 2619 2051 uirtus
2646 1996 2758 2062 ipsa
2787 1993 3026 2058 materia,
3049 2008 3163 2062 qua;
3184 1991 3469 2063 ﬁqtomnie
3491 2007 3514 2048 :

1684 2091 2058 2135 inconveniens.

425 2190 561 2258 Ἐγὼ
591 2191 646 2243 δὲ
695 2191 844 2263 παρὰ
879 2192 1051 2246 πάντα
1098 2193 1262 2246 ταῦτα
1296 2193 1572 2264 θαυμάζω,
1620 2189 1735 2252 πῶς
1782 2189 1880 2241 οὑκ

345 2281 680 2335 αἰσθάνονται
699 2283 1006 2353 σωματικὴν
1038 2282 1309 2347 ποιοῦντες
1334 2285 1429 2353 τὴν
1462 2283 1608 2335 θείαν
1633 2280 1878 2348 δύναμιν,

347 2373 438 2424 καὶ
469 2371 746 2441 τέμνοντες
773 2372 1017 2444 καθάπερ
1054 2373 1121 2426 τὰ
1153 2374 1308 2444 μέρη.
1340 2374 1436 2427 Διὰ
1464 2373 1515 2424 τί
1547 2371 1651 2441 γὰρ
1683 2370 1776 2438 οὐχ
1807 2369 1882 2432 ὡς

344 2460 466 2531 ὕλη,
501 2463 593 2515 καὶ
623 2464 655 2533 ἡ
689 2463 805 2515 θεία
829 2463 1049 2533 δύναμις
1079 2465 1177 2535 ήδη
1213 2465 1355 2517 ἐστὶν
1393 2461 1604 2532 παθητὴ
1632 2462 1720 2523 καὶ
1752 2461 1885 2512 διαι-

345 2556 475 2623 ρετὴ
508 2554 595 2606 διὰ
622 2555 799 2624 πάσης
826 2557 1020 2625 αὐτῆς·
1057 2558 1149 2609 καὶ
1179 2557 1238 2609 τὸ
1271 2557 1364 2627 μέν
1392 2574 1443 2608 τι
1472 2557 1636 2624 αὐτῆς
1683 2554 1884 2622 γίνεται

340 2643 512 2712 ἥλιος,
545 2644 606 2695 τὸ
633 2644 689 2696 δὲ
718 2644 910 2714 σελήνη
931 2662 946 2709 ;
971 2644 1236 2715 Καθαρῶς
1259 2645 1366 2715 γὰρ
1396 2644 1562 2698 ταῦτα
1590 2640 1726 2699 εἶναι
1754 2644 1883 2711 φασὶ

337 2733 445 2802 τῆς
489 2733 632 2797 θείας
667 2735 964 2804 δυνάμεως
1011 2735 1164 2788 τοῦτο
1193 2735 1247 2790 δὲ
1285 2731 1351 2805 ἦν
1393 2735 1421 2788 ὃ
1460 2735 1714 2805 ἐλέγομεν
1758 2734 1884 2788 ἴδιον

333 2824 444 2894 ⁴τῆς
497 2823 627 2895 ὕλης
669 2821 824 2888 εἷναι,
854 2825 914 2877 τὸ
965 2826 1127 2895 μηδὲν
1157 2821 1316 2882 οὖσαν
1344 2825 1464 2890 καθ’
1489 2825 1703 2895 ἑαυτὴν,
1736 2825 1883 2894 δεχο-

341 2913 518 2984 μένην
547 2915 601 2966 δὲ
634 2915 700 2968 τά
730 2917 979 2986 σχήματα
1006 2917 1097 2972 καὶ
1131 2918 1228 2981 τὰς
1259 2920 1560 2989 ποιότητας,
1593 2918 1763 2973 πάντα
1800 2918 1885 2985 γίτ-

336 3002 570 3068 σίνεσθαι
596 3003 661 3056 τὰ
692 3005 1032 3077 διωρισμένα.
1076 3008 1138 3060 Εἰ
1170 3004 1259 3060 οὖν
1286 3009 1360 3071 ὡς
1395 3008 1483 3076 ἀφ’
1517 3009 1634 3070 ἑνὸς
1665 3009 1884 3064 ὑποκειξ-

333 3091 513 3160 μένου
549 3094 646 3163 τῆς
687 3094 831 3157 θείας
872 3096 1146 3168 δύναμεως
1185 3098 1340 3168 μόνον
1372 3099 1588 3166 γέγονεν
1618 3097 1765 3167 ἥλιός
1794 3098 1887 3158 καὶ

335 3181 563 3253 σελήνη,
593 3183 762 3238 ταῦτα
798 3187 855 3249 δὲ,
894 3188 1070 3258 ἕτερα,
1109 3188 1196 3242 διὰ
1235 3191 1286 3242 τί
1319 3191 1390 3260 μὴ
1429 3190 1520 3242 καὶ
1551 3188 1675 3242 ἄλλο
1704 3207 1755 3248 τι
1794 3188 1885 3257 γέεν-

336 3288 534 3341 νηται;
565 3275 626 3326 Εἰ
654 3275 709 3328 δὲ
729 3277 901 3331 πάντα
919 3283 1218 3351 γενήσεται,
1236 3282 1296 3333 τὸ
1319 3281 1609 3351 συμϐαῖνον
1634 3279 1882 3352 φανερὸν,

342 3361 426 3413 ὃτι
451 3365 483 3432 ή
529 3362 645 3416 θεία
671 3365 890 3437 δύναμις
922 3368 1041 3441 ὕλη,
1085 3373 1178 3435 καὶ
1209 3371 1342 3442 αὐτὴ
1377 3371 1514 3441 πρὸς,
1540 3371 1609 3426 τὰ
1640 3373 1888 3442 σχήματα

349 3455 655 3523 ποιουμένη.
693 3457 754 3509 Εἰ
783 3458 838 3522 δὲ
867 3459 1013 3524 οὐδὲν
1035 3461 1214 3532 ἕτερον
1235 3463 1269 3532 ἢ
1298 3462 1443 3531 ἥλιος
1468 3462 1570 3526 καὶ,
1607 3463 1795 3535 σελήνη
1821 3461 1890 3516 τὰ

347 3544 408 3595 ἐκ
431 3544 529 3613 τῆς
556 3544 701 3608 θείας
728 3547 1003 3618 δυνάμεώς
1029 3553 1142 3604 ἐστι
1167 3553 1447 3623 γενόμενα,
1472 3551 1540 3606 τὰ
1567 3553 1890 3623 ὲναπειλημ-

354 3633 486 3700 μένα
511 3633 616 3704 ἄρα
635 3637 765 3688 πᾶσι
796 3641 904 3700 τοῖς
931 3634 1078 3692 οὖσιν
1105 3640 1256 3709 ήλιρς
1280 3643 1392 3694 ἐστι
1425 3641 1516 3694 κα)⁵
1548 3641 1736 3712 σελήνη
1758 3659 1770 3671 ·
1797 3642 1889 3694 καὶ

349 3721 574 3786 ἕκαστος
606 3724 712 3778 τῶν
744 3727 982 3798 ἀστέρων
1012 3730 1158 3799 ἥλιός
1187 3731 1298 3795 ἐστι
1328 3733 1420 3785 καὶ
1454 3732 1643 3802 σελήνη
1663 3749 1677 3761 ο
1713 3732 1805 3784 καὶ
1832 3731 1888 3784 τὸ

350 3813 530 3884 ἕτερον
579 3817 672 3869 καὶ
709 3819 815 3870 τῶν
865 3821 1130 3890 χερσαίων
1170 3820 1319 3884 ζώων
1364 3822 1484 3874 καθ’
1533 3822 1756 3874 ἕκαστον
1797 3823 1890 3876 καὶ

349 3904 453 3958 τῶν
486 3908 699 3976 πτηνῶν
732 3909 823 3961 καὶ
854 3909 958 3969 τῶν
988 3911 1280 3980 ἀμφιϐίων.
1324 3913 1503 3966 Ταῦτα
1533 3913 1608 3977 δὲ,
1650 3914 1729 3966 ὄτι
1771 3914 1890 3966 οὐδὲ

349 3995 484 4058 οἱτὰ
505 3997 753 4069 θαύματα
773 4000 1070 4068 δεικνύντες
1091 4002 1432 4067 ἀποδέξαιντο
1453 4004 1536 4068 ἂν,
1558 3999 1708 4074 οἶμαι
1731 4005 1889 4057 παντί

352 4103 438 4139 πω
465 4088 617 4158 δῆλον
643 4087 799 4146 εἶναι.

2052 2185 2166 2256 Ego
2203 2200 2352 2250 sane,
2403 2193 2594 2254 praeter
2635 2185 2749 2239 haec
2793 2183 2994 2248 omnia,
3036 2181 3212 2234 miror.
3245 2176 3527 2249 quomodo.

1984 2292 2090 2330 non
2119 2276 2441 2345 intelligunt,
2464 2290 2786 2345 corpoream,
2804 2273 3063 2331 selacere
3086 2271 3321 2326 divinam
3353 2270 3521 2324 virtu-

1985 2373 2113 2428 tem,
2149 2367 2311 2434 inque
2359 2367 2589 2435 partium
2641 2380 2842 2428 morem
2881 2377 3081 2420 secare.
3130 2361 3326 2428 Quidni
3371 2360 3518 2414 enim

1987 2454 2432 2524 quemadmodum
2473 2455 2713 2518 materia,
2761 2454 2922 2508 etiam
2972 2451 3153 2506 divina
3190 2451 3363 2504 virtus
3405 2447 3519 2516 jam

1988 2545 2225 2615 patibilis
2257 2551 2358 2609 est,
2390 2560 2555 2614 seque
2583 2553 2690 2598 tota
2714 2543 3033 2607 divisihilis;
3063 2549 3224 2610 atque
3250 2539 3367 2608 ejus
3391 2554 3537 2608 pars.

1989 2634 2092 2688 alia
2120 2635 2198 2689 sol
2219 2634 2466 2698 ellicitur,
2491 2635 2594 2687 alia
2618 2635 2783 2688 luna?
2805 2631 2962 2686 Clare
2987 2631 3130 2687 enim
3151 2630 3252 2683 hoc
3277 2636 3358 2683 est
3376 2626 3522 2698 quod

1988 2726 2297 2793 dicebamus
2326 2742 2446 2780 esse
2495 2725 2768 2794 proprium
2812 2723 3065 2787 materiae,
3101 2737 3223 2775 cum
3263 2721 3379 2788 ipsa
3425 2731 3535 2794 per

1990 2833 2048 2871 se
2071 2817 2206 2870 nihil
2233 2817 2323 2880 sit,
2351 2832 2472 2870 cum
2509 2816 2706 2886 ﬁguras
2731 2823 2784 2871 et
2812 2816 3100 2886 qualitates
3125 2811 3370 2880 recipiat,
3399 2824 3535 2874 om-._

1993 2909 2080 2970 nia
2123 2909 2259 2967 lieri,
2302 2924 2419 2977 qua:
2450 2908 2618 2962 divisa
2655 2923 2718 2962 ac
2762 2907 3014 2962 distincta
3059 2913 3205 2962 sunt.
3260 2902 3318 2956 Si
3359 2900 3532 2971 igitur,

1991 2999 2135 3057 velut
2187 3013 2252 3052 ex
2281 3013 2388 3052 uno
2433 2997 2674 3066 subjecto
2707 2997 2889 3051 divina
2927 2997 3143 3060 virtute,
3185 2989 3533 3046 solummodo

1990 3089 2072 3144 sol
2099 3089 2332 3158 lunaque
2372 3088 2729 3154 exstiterunt;
2763 3087 2978 3154 haecque
3009 3086 3145 3140 adeo
3175 3085 3279 3138 alia
3317 3097 3381 3136 ac
3418 3080 3522 3134 alia

1989 3186 2137 3244 sunt,
2190 3180 2378 3250 quidni
2422 3180 2583 3234 etiam
2634 3178 2782 3233 aliud
2835 3178 3107 3247 quidpiam
3152 3174 3351 3229 factum
3401 3172 3526 3232 est?

1990 3273 2142 3340 Quod
2183 3273 2230 3328 si
2284 3272 2411 3326 ﬁent
2455 3273 2652 3334 omnia,
2702 3270 2833 3339 quid
2880 3276 3136 3338 sequatur
3177 3264 3526 3320 manifestum

1991 3373 2100 3430 est;
2146 3365 2381 3419 divinam
2429 3363 2679 3416 virtutem
2728 3359 3004 3419 materiam
3057 3371 3200 3420 esse,
3245 3341 3528 3423 ipsamque

1992 3467 2113 3508 esse
2144 3466 2262 3522 quae
2300 3450 2355 3503 in
2395 3451 2591 3519 ﬁguras
2619 3446 2898 3511 formetur.
2943 3445 3096 3516 Quod
3138 3443 3184 3497 si
3216 3442 3349 3496 nihil
3381 3438 3527 3493 aliud

1997 3553 2121 3598 sunt
2153 3543 2234 3598 sol
2257 3551 2310 3597 et
2332 3541 2480 3606 luna,
2512 3553 2672 3617 quam
2694 3553 2813 3608 quae
2835 3552 2900 3592 ex
2921 3535 3102 3590 divina
3131 3533 3326 3586 virtute
3347 3536 3529 3585 creata

1995 3644 2156 3702 sunt;
2189 3649 2318 3705 ergo
2339 3647 2454 3703 qua!
2483 3631 2645 3692 rebus
2679 3628 2928 3695 omnibus
2950 3627 3241 3693 intercepta
3275 3629 3420 3684 sunt,
3445 3620 3528 3676 sol

1993 3736 2048 3783 et
2091 3727 2219 3780 luna
2247 3731 2374 3780 sunt
2406 3741 2418 3777 :
2453 3736 2516 3776 ac
2546 3720 2768 3790 singula:
2800 3732 3023 3788 quaeque
3055 3716 3243 3780 stellae,
3293 3713 3374 3767 sol
3403 3721 3529 3766 sunt

1995 3825 2046 3872 et
2075 3818 2230 3881 luna;
2271 3812 2586 3888 singulaque
2627 3810 2731 3870 alia
2769 3822 2992 3878 quaeque
3036 3804 3286 3859 animalia
3315 3800 3528 3873 generis

1995 3907 2329 3970 terrestrium
2369 3910 2422 3958 et
2462 3902 2760 3957 volucrium
2803 3907 2857 3954 et
2886 3912 3070 3953 eorum
3101 3911 3218 3965 qua:
3257 3893 3530 3964 amphibia

1994 3999 2265 4064 dicuntur.
2297 3995 2420 4055 Haec
2449 4009 2577 4053 vero
2607 4009 2675 4047 ne
2706 3993 2851 4062 ipsos
2872 3991 3086 4061 quidem
3109 3987 3536 4058 praestigiatoru-

1997 4090 2349 4156 admissuros,
2375 4082 2642 4143 universis
2665 4081 3004 4136 manifestum
3034 4093 3152 4133 esse
3183 4077 3453 4132 existimo.

349 4201 478 4264 Car.
506 4201 646 4265 XXI.
687 4205 864 4261 Virtus
893 4207 1086 4275 partim
1134 4208 1286 4276 bona,
1315 4211 1507 4281 partim
1542 4211 1740 4265 melior.
1783 4208 1845 4273 In
1891 4203 1997 4285 sole
2032 4210 2080 4255 et
2123 4199 2247 4253 luna
2292 4197 2519 4263 illibata,
2561 4197 2614 4249 in
2647 4195 2766 4248 aliis
2808 4193 3088 4262 depravata
3113 4205 3131 4242 :
3171 4187 3536 4257 improbabilia.

1829 4289 2026 4343 opimo.

421 4389 493 4442 Τὸ
525 4389 582 4442 δὲ
608 4390 743 4460 μετὰ
766 4392 936 4446 ταῦτα
959 4395 1342 4455 ἐπισκοποῦσιν
1363 4395 1462 4451 οὐκ
1481 4394 1660 4454 εὐθεῖα
1687 4396 1719 4466 ή
1749 4393 1884 4456 ὁδὸς,

350 4475 488 4533 ἀλλὰ
529 4477 885 4551 δυσαντοτέρα
921 4482 1017 4552 τῆς
1064 4483 1453 4556 παρελθούσης.
1502 4485 1744 4553 Λέγουσι,
1779 4484 1888 4555 γὰρ

353 4565 516 4634 μηδὲν
562 4565 755 4619 ἄτοπον
796 4569 1120 4635 πεπονθέναι
1148 4573 1287 4635 κατὰ
1330 4574 1427 4644 τὴν
1468 4573 1722 4643 σύμμιξιν
1755 4574 1889 4642 πρὸς

351 4656 450 4726 τὴν
474 4655 602 4726 ὕλην
634 4658 780 4726 ἥλιον
801 4660 892 4712 καὶ
922 4661 1164 4732 σελήνην.
1193 4662 1321 4717 Εἶτα
1347 4664 1461 4727 πῶς
1484 4665 1550 4717 τὰ
1580 4665 1710 4719 ἄλλα
1731 4665 1892 4733 ἠλατ-

351 4745 495 4816 τώθη
546 4747 694 4817 παρὰ
737 4749 834 4820 τὴν
875 4751 1006 4804 ἰδίαν
1049 4753 1205 4822 φύσιν
1235 4755 1332 4817 οὑκ
1378 4755 1562 4824 ἔχουσι⁵
1602 4755 1797 4824 λέγειν.
1829 4757 1890 4809 Εἰ

356 4835 455 4906 μὲν
487 4836 595 4908 γὰρ
624 4840 716 4892 κειιῖ¹
747 4841 831 4893 ὅτε
865 4843 984 4898 καθ’
1018 4844 1210 4915 ἑαυτὴν
1236 4841 1302 4915 ἦν
1335 4847 1366 4916 ἡ
1397 4845 1512 4898 θεία
1547 4846 1769 4918 δύναμις
1799 4846 1891 4898 οὓ-

353 4942 457 4988 τως
489 4923 649 4997 εἶχεν,
683 4929 820 4982 ὥστε
851 4932 910 4983 τὸ
941 4932 1036 5003 μέν
1065 4952 1116 4986 τι
1161 4935 1329 5006 αὐτῆς
1358 4932 1494 4988 εἶναι
1535 4937 1716 4999 καλὸν,
1745 4936 1807 4988 τὸ
1836 4936 1891 4989 δὲ

356 5018 586 5084 κάλλιον,
637 5021 774 5075 κατὰ
827 5022 919 5077 τὸν
952 5024 1056 5077 τῶν
1113 5027 1548 5097 ίπποκενταύρων
1609 5027 1793 5096 μῦθον,
1844 5027 1890 5078 οἳ

353 5107 414 5160 τὸ
461 5110 558 5179 μὲν
601 5111 726 5181 ἄχρι
768 5112 980 5184 στηθῶν.
1017 5113 1284 5185 ἄνθρωποι
1331 5111 1487 5186 ἦσαν,
1531 5115 1589 5168 τὸ
1633 5116 1812 5169 λοιπὸν
1838 5117 1894 5169 δὲ

357 5199 544 5252 ἵπποι·
575 5201 713 5254 καλὰ
749 5203 847 5272 μὲν
874 5203 1113 5274 ἑκάτερα,
1137 5205 1205 5258 τὰ
1243 5204 1374 5271 ζῶα,
1410 5205 1620 5260 κάλλιον
1658 5207 1714 5260 δὲ
1745 5209 1772 5258 ὁ
1801 5207 1894 5260 ἄν·

357 5290 597 5361 θρωπος·
645 5291 784 5345 οὕτω
826 5294 916 5346 καὶ
957 5293 1048 5346 ἐπὶ
1095 5296 1194 5368 τῆς
1241 5295 1388 5358 θείας
1425 5295 1699 5367 δυνάμεώς
1750 5299 1893 5351 ἐστιν

359 5379 655 5450 ἐπινοῆσαι,
683 5383 742 5435 τὺ
776 5383 878 5453 μέν.
907 5402 956 5436 τι
985 5385 1150 5454 αὐτῆς
1189 5387 1254 5443 τὸ,
1292 5387 1504 5442 κάλλιον
1537 5388 1717 5457 φέρον,
1746 5389 1805 5441 τὸ
1839 5390 1893 5441 δὲ

358 5469 736 5542 ἐλαττούμενον
774 5473 910 5527 κατὰ
942 5473 1125 5542 τοῦτο..
1155 5477 1262 5529 Καὶ
1303 5477 1392 5528 ἐπὶ
1431 5477 1527 5546 τῆς
1571 5476 1698 5546 ὑλης
1739 5476 1795 5529 δὲ
1835 5476 1893 5528 τὸ

363 5563 456 5630 μὲν
475 5564 704 5642 ὑπάρχει
724 5565 1020 5636 ὑπερϐολήν
1035 5582 1150 5617 τινα
1169 5565 1289 5635 ἕχον
1313 5568 1524 5632 κακίας.
1553 5607 1568 5621 .
1597 5606 1611 5621 .
1641 5568 1709 5620 τὰ
1728 5566 1817 5618 ἓτε
1827 5584 1894 5638 ρα

362 5652 458 5717 μὶν
485 5653 665 5723 ἔτερα,
696 5656 788 5709 καὶ
815 5655 999 5725 ἐτέρας
1021 5654 1173 5717 ἄλλος
1202 5655 1265 5708 ἂν
1287 5651 1352 5725 ἦν
1383 5656 1552 5723 λόγος.
1599 5657 1893 5728 Ἑνεδέχετο

359 5740 464 5814 γὰρ
496 5743 797 5810 ὑπολαϐεῖν,
822 5746 899 5797 ὅτι
928 5746 1347 5816 ὲμφρονέστερον
1375 5745 1441 5798 τά
1470 5745 1527 5810 ἐξ
1549 5747 1718 5819 ἀρχῆς
1747 5748 1893 5816 ἥλιος

362 5833 450 5895 καὶ
480 5833 675 5908 σελήνη
708 5835 774 5889 τὰ
801 5832 956 5908 ἦττον
993 5837 1197 5909 πονηρὰ
1225 5837 1321 5908 τῆς
1349 5835 1476 5907 ὕλης
1510 5840 1585 5900 εἰς
1613 5838 1708 5908 τὴν
1755 5837 1888 5909 σύμ-

2065 4384 2122 4441 Si
2141 4399 2262 4455 quis
2280 4397 2404 4437 vero
2432 4380 2557 4434 huic
2579 4375 2720 4448 quod
2755 4382 2998 4447 sequitur
3019 4373 3261 4434 animum.
3287 4371 3538 4427 attende-.

1991 4478 2081 4540 rit,
2109 4476 2250 4530 haud
2275 4482 2420 4528 recta
2448 4471 2694 4526 videatur
2715 4469 2823 4532 via,
2860 4467 2954 4523 sed
2983 4480 3103 4538 quae
3135 4464 3411 4534 superiore
3439 4477 3530 4515 ar-

1992 4564 2098 4617 dua
2136 4562 2306 4631 magis
2350 4576 2412 4615 ac
2458 4557 2802 4612 anfractuosa
2833 4557 2922 4614 sit.
2969 4555 3132 4608 Aiunt
3164 4553 3306 4608 enim
3342 4571 3355 4604 :
3396 4551 3536 4611 nihil

1994 4653 2131 4708 labis
2166 4651 2422 4708 ascivisse
2451 4649 2619 4704 solem
2645 4655 2698 4701 et
2741 4646 2920 4705 lunam
2949 4659 3015 4700 ex
3045 4643 3364 4698 commercio
3404 4657 3531 4702 cum

1989 4744 2233 4800 materia.
2265 4741 2382 4796 Jam
2408 4739 2552 4796 enim
2581 4743 2856 4807 nequeunt
2880 4735 3060 4798 dicere
3099 4735 3369 4804 quomodo
3398 4734 3528 4789 reli-

1991 4852 2095 4907 qua
2146 4836 2200 4889 in
2232 4833 2470 4890 deterius
2515 4831 2730 4891 iverint,
2781 4843 2940 4898 quam
2974 4827 3134 4883 ferret
3178 4841 3367 4882 eorum
3403 4841 3532 4898 pro-

1991 4931 2107 5001 pria
2138 4936 2350 4984 natura.
2386 4925 2442 4979 Si
2471 4924 2616 4986 enim
2647 4932 2772 4975 tunc
2803 4921 2986 4984 etiam,
3017 4934 3138 4973 cum
3165 4934 3328 4988 penes
3361 4936 3420 4976 se
3451 4935 3527 4976 es-

1992 5029 2093 5087 set,
2119 5022 2172 5075 in
2189 5035 2309 5076 eum
2333 5018 2549 5073 modum
2571 5030 2629 5072 se
2649 5013 2826 5068 divina
2853 5012 3024 5072 virtus
3048 5011 3296 5073 habebat,
3321 5019 3380 5065 ut
3401 5027 3532 5080 par.-

1990 5115 2086 5167 tim
2131 5113 2291 5174 bona,
2351 5108 2544 5180 partim
2590 5106 2779 5161 melior
2828 5111 2994 5170 esset,
3042 5117 3148 5171 quo
3195 5117 3329 5172 pene
3371 5101 3530 5155 modo

1990 5204 2442 5273 hippocentauros
2478 5201 2788 5264 fabulantur
2815 5195 2974 5252 otiosi
3013 5196 3278 5257 homines,
3315 5194 3403 5262 qui
3441 5191 3530 5244 vi-

1991 5295 2184 5350 delicet
2229 5294 2296 5348 ad
2340 5307 2510 5362 usque
2552 5298 2740 5361 pectus
2780 5292 3046 5355 homines,
3094 5291 3300 5357 reliquo
3348 5295 3527 5336 autem

1992 5399 2217 5453 corpore
2253 5383 2376 5454 equi
2422 5393 2637 5447 essent;
2663 5397 2781 5451 quae
2811 5392 3036 5450 utraque
3073 5379 3213 5433 bona
3237 5371 3526 5434 animalia;

1993 5475 2087 5530 sed
2128 5475 2180 5528 in
2211 5475 2288 5529 eis
2331 5476 2491 5528 homo
2521 5476 2745 5529 melior:
2774 5475 2852 5530 sic
2885 5488 3096 5543 quoque
3127 5472 3182 5525 in
3214 5467 3392 5523 divina
3418 5467 3529 5520 vir-

1993 5574 2105 5622 tute
2127 5566 2250 5619 licet
2274 5566 2590 5636 intelligere,
2616 5565 2734 5633 ejus
2760 5565 2904 5619 aliud
2935 5563 3126 5617 melius
3151 5573 3271 5615 esse
3300 5572 3361 5611 ac
3389 5571 3527 5626 prte-

1993 5655 2246 5717 stantius,
2278 5655 2420 5708 aliud
2455 5652 2705 5709 secundis
2735 5654 2978 5723 partibus
3023 5649 3137 5702 fore
3169 5662 3232 5702 ac
3265 5643 3542 5711 deterius._

1992 5745 2284 5814 itidemque
2317 5746 2562 5808 materia,
2595 5743 2742 5798 aliud
2770 5757 3042 5798 enormem
3069 5739 3354 5809 quamdam
3375 5739 3531 5793 mali-

1993 5837 2121 5891 tiam
2145 5835 2305 5892 habet
2339 5849 2498 5905 atquc
2526 5849 2876 5890 excessum...
2912 5831 3028 5885 Alia
3050 5831 3266 5899 quidem
3290 5833 3425 5911 alia,
3447 5835 3544 5882 ιιι-ι.
