4088 6284
469 501 571 557 ιδθ

1442 491 1842 548 ALEXANDRI
1875 490 2183 547 EPISCOPI
2219 489 2719 556 LYCOPOLITANI

3577 485 3684 539 “0

468 616 572 689 q'ue
619 619 759 674 alius
796 617 900 672 alia
941 616 1105 673 fuerit
1155 617 1315 671 ratio.
1357 613 1685 668 Existimare
1711 612 1854 670 enim
1891 611 2009 670 lice-

2129 612 2274 682 μιξιν
2331 610 2628 679 ἐξελέξατο,
2677 610 2763 664 ἵνα
2818 608 2950 680 μένῃ
2997 606 3088 659 ἐπὶ
3133 606 3231 676 τῆς
3281 603 3413 668 ιδίας
3459 605 3681 677 ἀρετῆς·

428 681 578 777 \bat,
625 725 656 764 a
688 708 957 781 principio
984 709 1152 765 solem
1186 716 1240 766 et
1285 709 1490 771 lunam,
1527 703 1798 760 solertiori
1816 703 2023 774 judicio

465 815 529 857 ac
567 802 876 872 prudentia,
910 811 1093 875 partes
1124 801 1361 857 materiae
1389 803 1570 856 minus
1613 800 1785 854 malas
1826 797 2023 867 quibus

463 895 772 952 commistio
795 897 966 960 ﬁeret,
998 897 1100 952 sibi
1124 897 1373 967 elegisse,
1397 903 1458 950 ut
1484 897 1539 950 in
1563 911 1662 953 sua
1691 892 2024 966 perfectione

461 999 524 1039 ac
570 986 771 1042 virtute
821 989 1226 1054 consisterent;
1280 986 1574 1042 debilitatis
1635 996 1812 1040 autem
1857 992 2024 1037 tanta:

460 1077 636 1132 mtatis
671 1079 978 1145 maleﬁciis,
1010 1087 1214 1136 tantam
1246 1081 1300 1135 in
1341 1080 1487 1134 bono
1519 1077 1896 1133 excellentiam
1936 1089 2026 1130 re-

460 1177 743 1240 portasse;
773 1175 1012 1244 reliquas
1041 1190 1170 1230 vero
1214 1174 1335 1244 ejus
1370 1181 1554 1244 partes
1581 1171 1850 1240 collapsas
1881 1183 2022 1232 csse,

461 1260 602 1316 haud
658 1264 878 1334 quidem
927 1267 1044 1322 sine
1094 1265 1468 1337 providentia;
1522 1278 1644 1316 cum
1680 1261 1798 1331 pari
1841 1269 2022 1316 tamen

459 1353 822 1422 providentia,
855 1373 918 1412 ea
953 1373 1072 1427 qua:
1097 1357 1149 1410 in
1178 1358 1296 1428 ipsa
1331 1363 1434 1420 cst,
1473 1353 1698 1416 malitia,
1731 1367 1831 1422 pro
1854 1357 2018 1420 quota

458 1443 722 1514 cujusque
754 1447 1172 1516 rationemagis
1212 1444 1448 1499 imbutas
1481 1458 1618 1498 esse.
1656 1441 1812 1507 Quod
1842 1439 2015 1493 enim-

2123 701 2589 775 ὲξασθενησάντων
2647 699 2878 772 τηλίκων
2928 700 2984 753 δὲ
3040 699 3484 770 πονηρευμάτων,
3532 699 3682 753 ἐκσι-

2123 792 2393 848 6ἀσασθαι
2442 794 2704 865 τοσαύτην
2749 794 3019 865 ὑπεροχὴν
3067 794 3126 845 ὲν
3155 793 3232 864 τῷ
3270 793 3476 865 ἀγαθῷ,
3519 795 3586 849 τὰ
3625 795 3684 848 δὲ

2122 886 2255 941 ἄλλα
2286 887 2423 958 μέρη
2454 889 2622 959 αὐτῆς
2655 883 2723 958 ἦν
2763 886 3016 951 πεσόντα,
3047 886 3145 940 οὐκ
3178 887 3526 959 ἀπρονοήτως
3561 888 3680 957 μὲν,

2122 979 2183 1032 οὐ
2232 979 2336 1049 μὴν
2377 979 2513 1050 μετά
2547 981 2644 1052 τῆς
2688 980 2812 1052 ἴσης
2852 979 3105 1052 προνοίας
3147 978 3446 1033 ἀπολαῦσαι
3483 979 3684 1050 μᾶλλον

2123 1069 2319 1131 κακίας
2346 1070 2443 1140 τῆς
2473 1071 2529 1122 ὲν
2557 1071 2691 1142 αὐτῇ
2724 1071 2863 1128 κατά
2893 1071 2953 1124 τὸ
2985 1071 3147 1126 ποσὸν
3173 1071 3421 1124 ἕκαστον.
3465 1070 3681 1141 Ἐπειδὴ

2125 1159 2181 1211 δὲ
2221 1160 2371 1213 οὐδὲν
2404 1159 2654 1233 διάφορον
2693 1162 2818 1234 περὶ¹
2861 1163 2960 1233 τῆς
2997 1162 3277 1232 δυνάμεως
3317 1161 3518 1232 ταύτης
3549 1160 3680 1232 παρ’

2126 1251 2302 1304 αὐτῶν
2335 1250 2572 1318 λέγεται,
2600 1251 2712 1306 ἀλλ’
2745 1254 2904 1323 ὅμοια
2936 1253 3023 1307 διὰ
3055 1253 3233 1323 πάσης
3261 1253 3430 1323 αὐτῆς
3461 1252 3682 1323 θεωρεί-

2124 1360 2231 1407 ται,
2254 1342 2513 1406 ἀπίθανος
2551 1346 2578 1396 ὁ
2605 1345 2759 1414 λόγος
2778 1364 2791 1376 ·
2835 1347 2956 1398 ’Ὁτι
2990 1348 3046 1401 ἐν
3077 1345 3176 1416 μὲν
3205 1348 3272 1416 τῇ
3316 1344 3591 1416 συμμίξει,
3621 1345 3683 1398 τὸ

2127 1435 2224 1505 μὲν
2251 1435 2458 1506 ἔμεινεν
2483 1437 2753 1508 ἀκέραιον,
2781 1441 2840 1491 τὸ
2866 1438 2920 1492 δὲ
2947 1438 3201 1510 μετέσχεν
3227 1437 3422 1500 κακίας
3448 1436 3608 1498 τινός.
3697 1477 3702 1480 .

457 1549 584 1590 vero
611 1538 676 1592 de
711 1541 809 1592 hac
841 1540 1040 1595 virtute
1083 1539 1219 1593 nihil
1264 1538 1333 1592 ab
1359 1537 1439 1592 eis
1470 1537 1745 1590 diversum
1790 1533 2012 1594 dicitur,
2042 1530 2139 1587 sed
2165 1546 2224 1585 se
2251 1539 2363 1585 tota
2419 1534 2615 1588 similis
2665 1533 3018 1603 ejusdemque
3057 1531 3286 1586 rationis
3339 1529 3677 1599 intelligitur,

456 1629 837 1701 improbabilis
858 1632 1104 1687 doctrina
1133 1648 1195 1687 ac
1221 1630 1490 1688 sententia
1517 1636 1632 1683 est:
1666 1626 1811 1697 quod
1873 1639 2064 1694 nempe
2109 1622 2166 1676 in
2213 1624 2590 1682 commistione
2635 1625 2780 1681 aliud
2817 1629 3086 1682 sincerum
3123 1641 3428 1696 purumque
3475 1640 3690 1682 reman-

457 1721 611 1788 serit,
647 1722 796 1778 aliud
831 1724 1039 1778 malitia
1073 1724 1307 1794 quadam
1339 1721 1678 1792 impartitum
1711 1718 1801 1774 sit.

597 1857 728 1914 CAP.
761 1857 929 1914 XXII.
962 1859 1126 1915 Lunae
1159 1860 1332 1915 lumen
1362 1878 1395 1915 a
1423 1860 1550 1914 sole.
1582 1857 1927 1925 Receptarum
1958 1856 2009 1907 in
2055 1869 2120 1914 ea
2146 1852 2445 1906 animarum
2473 1853 2905 1933 inconvenientia.
2937 1852 3136 1907 Graecis
3166 1853 3270 1907 duo
3313 1851 3535 1907 diluvia.

527 1990 695 2074 Aiunt
721 2007 874 2058 vero,
910 1994 1077 2048 solem
1111 2001 1164 2050 et
1191 1995 1396 2060 lunam,
1423 2011 1546 2049 cum
1574 1994 1810 2049 divinam
1840 1991 2009 2045 virtu-

2186 1991 2415 2058 Λέγουσι
2447 1991 2523 2057 δὲ,
2547 1992 2629 2046 ὅτι
2659 1992 2751 2045 καὶ
2783 1991 2932 2061 ἥλιος
2957 1991 3051 2044 καὶ
3083 1989 3277 2060 σελήνη
3298 1989 3395 2060 τὴν
3423 1987 3570 2042 θείαν
3591 1988 3683 2042 δύ-

456 2090 563 2147 tem
609 2095 642 2135 a
695 2082 927 2141 materia
980 2083 1237 2152 paulatim
1295 2083 1678 2144 secrevissent,
1725 2080 1794 2133 ad
1849 2077 2016 2132 Deum

455 2170 848 2230 transmisisse.
894 2171 1064 2228 Porro
1113 2173 1158 2229 si
1205 2173 1289 2228 vel
1337 2189 1529 2245 parum
1575 2180 2016 2227 astronomorum

454 2262 602 2319 fores
633 2262 937 2332 trivissent,
962 2264 1019 2320 in
1049 2265 1162 2320 haec
1185 2263 1375 2320 deliria
1415 2262 1560 2318 haud
1609 2263 1930 2318 incidissent
1957 2266 2016 2314 ut

447 2356 533 2418 sic
576 2355 872 2423 sentirent;
923 2371 1024 2412 nec
1066 2357 1446 2420 nescivissent,
1493 2357 1676 2436 lunam
1728 2369 1850 2426 qum
1879 2368 2015 2424 quo-

451 2448 700 2503 rumdam
729 2451 1020 2516 sententia,
1067 2451 1318 2521 suo‘ipsa
1351 2450 1555 2505 lumine
1585 2457 1791 2515 careat,
1823 2465 1853 2502 a
1901 2449 2016 2504 sole

449 2539 785 2610 illuminari;
834 2541 1061 2612 ejusque
1113 2543 1238 2598 inde
1285 2558 1406 2598 esse
1455 2543 1826 2612 ﬁgurationes,
1869 2541 2013 2612 quod

451 2632 532 2687 sic
557 2633 641 2688 vel
692 2632 774 2690 sic
812 2633 977 2690 distet
1024 2651 1053 2689 a
1096 2635 1230 2692 sole.
1269 2635 1531 2705 Tuncque
1567 2636 1724 2706 plena
1761 2635 2010 2699 efﬁcitur,

447 2739 575 2779 cum
602 2739 632 2781 a
659 2726 774 2791 sole
797 2725 964 2782 distat
991 2735 1210 2782 centum
1239 2728 1516 2798 octoginta
1551 2727 1828 2799 gradibus.
1857 2725 2011 2781 Tunc

449 2833 578 2874 vero
623 2820 681 2872 in
713 2819 860 2874 coitu
902 2827 1006 2886 est,
1045 2835 1169 2874 cum
1215 2821 1271 2875 in
1305 2821 1496 2877 eodem
1527 2837 1650 2876 cum
1679 2821 1792 2876 sole
1840 2817 2010 2890 gradu

451 2908 645 2966 fertur.
682 2908 907 2979 Deinde,
949 2913 1220 2983 quomodo
1253 2927 1360 2967 non
1405 2914 1623 2980 mirum,
1657 2929 1762 2984 qua
1792 2911 2008 2966 tandem

447 3002 542 3058 ﬁat
567 3003 799 3070 ratione,
832 3013 948 3061 tum
994 3005 1176 3060 multa:
1215 3005 1324 3061 sint
1358 3006 1551 3060 anima:
1584 3013 1639 3060 et
1673 3021 1703 3059 a
1744 3001 2012 3059 diversis?

445 3092 664 3151 Etenim
708 3101 836 3150 sunt
867 3094 1054 3149 mundi
1106 3095 1279 3166 ipsius
1323 3103 1376 3150 et
1411 3094 1747 3158 animalium,
1781 3102 1836 3147 et
1882 3092 2010 3146 stir-

445 3185 593 3258 pium
626 3193 680 3239 et
708 3184 1069 3255 nympharum
1111 3192 1163 3240 et
1203 3184 1507 3239 daemonum
1537 3202 1550 3236 :
1587 3197 1651 3236 ac
1675 3181 1728 3235 in
1760 3180 1844 3235 his
1873 3179 2010 3236 facie

445 3272 878 3344 distinguuntur,
915 3273 1239 3341 volucrium,
1291 3272 1630 3328 terrestrium
1667 3270 2004 3334 animalium,

438 3373 712 3419 eteorum
735 3378 858 3435 quae
890 3363 1163 3438 amphibia
1187 3373 1314 3421 sunt
1342 3383 1355 3420 :
1391 3364 1446 3418 in
1479 3364 1607 3418 luna
1629 3369 1808 3418 autem
1840 3375 2007 3416 unum

443 3455 717 3524 quoddam
761 3455 939 3510 simile
971 3471 1168 3526 corpus
1210 3470 1425 3527 semper
1457 3455 1618 3509 nobis
1651 3453 2007 3523 conspicitur.

441 3545 586 3612 Quid
617 3561 746 3602 vero
772 3552 825 3602 et
862 3547 975 3603 haec
1005 3549 1251 3620 corporis
1281 3536 1656 3603 continuitas?
1685 3547 1761 3601 Ac
1789 3545 2005 3616 quidem

441 3651 568 3698 cum
625 3637 756 3692 luna
811 3638 1110 3709 semiplena
1154 3646 1259 3705 est,
1317 3647 1540 3714 apparet
1591 3639 2004 3704 semicirculus;

440 3743 678 3800 cumque
719 3729 1009 3801 plusquam
1055 3731 1252 3797 media,
1301 3731 1444 3786 idem
1492 3746 1707 3786 rursus.
1758 3731 2005 3796 Quonam

439 3819 608 3892 igitur
636 3821 800 3879 modo
832 3810 901 3878 in.
921 3822 1106 3880 lunam
1133 3831 1512 3889 assumuntur,
1548 3837 1610 3878 ac
1637 3839 1745 3900 quo
1768 3837 1880 3878 usae
1909 3837 2004 3875 ve-

442 3912 659 3970 hiculo?
693 3913 752 3968 Si
797 3915 943 3970 enim
992 3917 1110 3972 leve
1152 3927 1237 3973 est
1277 3918 1424 3975 velut
1455 3913 1619 3987 ignis,
1666 3904 1782 3970 non
1827 3915 2005 3971 solum

438 4019 537 4082 par
561 4006 629 4062 ad
665 4006 850 4061 lunam
890 4009 1138 4073 evadere,
1171 4010 1269 4065 sed
1314 4011 1566 4082 superius
1606 4009 1871 4080 quidquid
1920 4015 2005 4064 est

441 4097 829 4161 transcendere
861 4118 874 4153 :
907 4100 992 4154 sin
1023 4108 1202 4156 autem
1232 4117 1413 4173 grave,
1446 4118 1546 4160 nec
1576 4119 1606 4157 a
1631 4103 1899 4175 principio
1936 4103 2003 4158 ad

438 4189 624 4250 lunam
659 4189 787 4255 licet
824 4192 1109 4262 attingere.
1643 4181 1647 4187 ’

423 4272 426 4273 7
508 4280 769 4354 Quaenam
798 4299 928 4338 vero
953 4285 1092 4342 ratio
1135 4294 1238 4349 est,
1277 4294 1337 4342 ut
1374 4288 1521 4356 quod
1548 4289 1782 4360 primum
1827 4288 1895 4343 ad
1925 4290 2003 4346 lu-

2035 3329 2078 3389 α

437 4375 564 4428 nam
608 4375 846 4442 advenit,
875 4393 985 4432 non
1032 4378 1216 4434 statim
1264 4378 1331 4432 ad
1372 4379 1540 4434 solem
1570 4381 1998 4446 transmittatur,
2036 4363 2065 4396 ⁸

439 4465 533 4522 sed
562 4476 840 4538 exspectet
885 4483 1009 4524 cum
1041 4471 1199 4544 plena
1247 4476 1350 4537 est,
1383 4470 1512 4526 dum
1541 4473 1764 4542 reliquae
1806 4475 1999 4529 animae

2108 4479 2413 4550 ἐκδέχεσθαι
2458 4481 2556 4551 τὴν
2605 4480 2934 4552 πανσέληνον
2981 4480 3075 4545 τὰς
3115 4480 3223 4534 τῶν
3263 4480 3438 4536 ἄλλων
3477 4481 3662 4552 ψυχῶν

439 4557 769 4631 adveniant?
796 4559 930 4615 Cum
974 4562 1140 4632 igitur
1172 4562 1297 4623 luna
1331 4577 1452 4635 quae
1484 4562 1644 4646 plena
1689 4572 1854 4631 esset,
1904 4566 1999 4620 dc-

2119 2093 2298 2147 ναμιν,
2329 2079 2467 2133 κατά
2497 2080 2687 2152 μικρὸν
2710 2081 3080 2151 διακρίναντες
3105 2080 3209 2132 ἀπὸ
3237 2080 3337 2151 τῆς
3366 2079 3516 2152 ὕλης,
3544 2081 3680 2152 πρὸς

2115 2170 2204 2224 τὸν
2224 2171 2355 2225 Θεὸν
2383 2172 2767 2244 παρέπεμψαν.
2788 2168 2853 2225 Εἴ
2871 2172 2912 2224 δ’
2934 2168 3072 2242 ἦσαν
3099 2172 3192 2226 καὶ
3212 2170 3356 2226 κατὰ
3384 2172 3576 2243 μικρὸν
3598 2174 3679 2234 είς

2115 2263 2464 2336 ἀστρονόμων
2497 2264 2665 2335 θύρας
2714 2265 3103 2335 φοιτήσαντες,
3141 2264 3240 2317 οὐκ
3276 2263 3342 2320 ἂν
3381 2263 3548 2317 ταῦτα
3581 2281 3678 2317 πε-

2115 2355 2381 2410 πόνθεσαν
2407 2373 2420 2386 ·
2466 2355 2588 2409 οὔτε
2639 2357 2910 2428 ἠγνόησαν
2957 2357 3043 2420 ἂν,
3084 2358 3165 2410 ὃτι
3213 2359 3247 2428 ἠ
3295 2356 3488 2428 σελήνη
3535 2356 3679 2425 κατά,

2111 2464 2262 2510 τινας
2285 2447 2513 2520 ἄμοιρος
2551 2443 2686 2502 οὖσα
2720 2450 2848 2502 ἰδίου
2882 2449 3077 2519 φωτὸς,
3117 2450 3222 2502 ὑπὸ
3257 2449 3352 2503 τοῦ
3393 2450 3539 2521 ἡλίου
3579 2468 3675 2504 κα-

2110 2540 2469 2611 ταλάμπεται·
2497 2543 2590 2595 καὶ
2611 2543 2692 2595 ὃτι
2719 2543 2767 2594 οί
2797 2544 3167 2613 σχηματισμοὶ
3194 2543 3366 2613 αὐτῆς
3393 2547 3496 2596 εἰσι
3527 2541 3677 2613 παρὰ

2111 2633 2210 2697 τὰς
2245 2633 2338 2686 τοῦ
2367 2633 2516 2705 ἡλίου
2552 2635 2894 2699 διαστάσεις·
2941 2634 3274 2707 πανσέληνός
3312 2653 3371 2688 τε
3412 2636 3674 2704 γίγνεται,

2110 2725 2187 2777 ὅτ’
2215 2724 2282 2778 ἂν
2313 2725 2491 2799 ἀπέχῃ
2526 2726 2620 2780 τοῦ
2662 2726 2810 2797 ἡλίου
2850 2725 2949 2790 τὰς
2988 2728 3179 2782 ἑκατὸν
3217 2727 3312 2780 καὶ
3353 2728 3678 2799 ὀγδοήκοντα

2115 2817 2333 2888 μοίρας·
2380 2819 2595 2883 σύνοδος
2634 2819 2712 2883 δὲ,
2756 2821 2832 2873 ὅτ’
2857 2820 2923 2873 ἂν
2962 2820 3053 2873 ἐπὶ
3093 2819 3192 2890 τῆς
3232 2819 3400 2889 αὐτῆς
3438 2819 3514 2889 τῷ
3540 2818 3677 2889 ἡλίῳ

2113 2909 2344 2980 φέρηται
2370 2910 2580 2982 μοίρας.
2611 2911 2839 2965 Ἔπειτα
2865 2911 2922 2964 δὲ
2946 2911 3060 2974 πῶς
3085 2913 3145 2963 οὐ
3177 2911 3504 2982 θαυμαστὸν,
3531 2913 3676 2975 ὅπως

2112 3000 2243 3052 ποτὲ
2277 3001 2465 3055 πολλαὶ
2496 2998 2650 3058 οὖσαι
2689 3005 2742 3055 αί
2772 3003 2942 3073 ψυχαὶ
2963 3003 3057 3057 καὶ
3096 3002 3205 3056 ἀπὸ
3232 3002 3502 3074 διαφόρων
3526 3021 3539 3071 ;
3567 3005 3678 3070 Καὶ

2110 3090 2219 3164 γάρ
2251 3092 2343 3146 τοῦ
2376 3094 2578 3166 κόσμου
2608 3095 2772 3148 αὑτοῦ
2799 3098 2892 3149 καὶ
2917 3095 3067 3160 ζώων
3087 3097 3182 3151 καὶ
3206 3097 3387 3166 φυτῶν
3419 3097 3512 3150 καὶ
3544 3115 3674 3168 νυμ-

2111 3188 2226 3258 φῶν
2249 3189 2343 3242 καὶ
2367 3189 2631 3260 δαιμόνων
2672 3189 2825 3243 εἰσίν·
2858 3191 2949 3242 καὶ
2971 3192 3028 3243 ἐν
3056 3189 3264 3252 τούτοις
3292 3188 3526 3258 πτηνῶν.
3548 3206 3670 3260 χερ-

2111 3281 2298 3346 σαίων,
2344 3282 2618 3352 ἀμφιϐίων
2649 3280 3008 3352 διακρίνονται
3047 3283 3113 3351 τῇ
3161 3280 3309 3350 ὄψει·
3344 3280 3475 3333 ἀλλά
3517 3280 3592 3333 ἓν·
3617 3296 3669 3333 τι

2103 3373 2276 3446 σῶμα
2300 3375 2483 3445 ὅμοιον
2515 3376 2600 3428 ἀεὶ
2624 3374 2709 3428 διὰ
2738 3375 2937 3438 παντὸς
2963 3373 3207 3442 φαίνεται
3243 3374 3373 3444 ἡμῖν
3403 3373 3458 3424 ὲν
3486 3376 3551 3443 τῇ
3583 3389 3669 3425 σε-

2110 3467 2266 3543 λήνῃ.
2299 3467 2364 3519 Τί
2386 3465 2451 3543 ,δὲ
2481 3467 2573 3519 καὶ⁴
2599 3466 2660 3519 τὸ
2696 3466 2914 3536 συνεχὲς
2935 3463 3028 3534 τοῦ
3067 3464 3315 3535 σώματος
3347 3463 3534 3530 τοῦτο;
3559 3464 3672 3518 Kal.

2109 3559 2196 3611 ὅτε
2236 3557 2333 3629 μὲν
2367 3556 2647 3629 διχότομος
2681 3557 2829 3612 ἐστιν
2868 3558 2900 3628 ή
2937 3556 3153 3628 σεληνη,
3188 3556 3508 3627 φαινόμενον
3537 3558 3672 3627 ἡμιστ

2109 3647 2356 3701 κύκλιον·
2403 3649 2491 3702 ὅτε
2530 3650 2586 3702 δὲ
2631 3650 2996 3722 ἀμφίκυρτος,
3035 3648 3272 3701 τοιοῦτον
3311 3648 3492 3702 πάλιν.
3547 3649 3673 3713 Πῶς

2107 3739 2574 3810 ἀναλαμϐάνονται
2620 3743 2711 3794 ἐπὶ
2744 3743 2842 3814 τὴν
2873 3743 3099 3814 σελήνην
3139 3741 3171 3815 ἦ
3215 3739 3352 3815 ποίῳ
3392 3739 3676 3817 χρώμεναι,

2110 3835 2375 3906 σχήματι;
2399 3836 2461 3888 Εἰ
2484 3835 2579 3907 μὲν
2599 3835 2707 3908 γὰρ
2730 3836 2933 3907 ’κοῦφόν
2960 3838 3104 3889 ἐστιν
3130 3831 3239 3890 οἷον
3261 3835 3390 3908 πῦρ,
3421 3837 3519 3890 οὐκ
3541 3839 3668 3910 ἄχρι

2105 3926 2206 3995 τῆς
2249 3926 2474 3998 σελήνης
2522 3928 2679 3998 μόνον
2717 3927 2862 3992 εἰκὸς
2902 3929 3152 3998 γενέσθαι
3195 3928 3282 3992 ἂν,
3315 3928 3429 3982 ἀλλ’
3463 3928 3668 3983 ἀνωθεν

2103 4015 2408 4081 διαπαντός·
2437 4019 2484 4070 εί
2515 4018 2569 4072 δὲ
2599 4017 2758 4092 βαρὺ,
2787 4020 2894 4073 οὐδ’
2923 4020 3098 4092 ἀρχὴν
3129 4021 3263 4090 πρὸς
3288 4020 3512 4092 σελήνην
3544 4021 3668 4090 ἀφι-

2105 4107 2294 4162 κέσθαι
2317 4106 2426 4166 οἷόν
2450 4128 2530 4164 τε.

2172 4295 2305 4348 Τίνα
2345 4295 2402 4348 δὲ
2443 4295 2595 4364 λόγον
2641 4296 2773 4366 ἔχει,
2810 4297 2870 4349 τὸ
2912 4253 3122 4369 πρῶτον
3157 4295 3484 4368 ἀφικόμενον
3528 4298 3665 4370 πρὸς

2103 4387 2352 4460 σελήνην,
2388 4388 2461 4460 μὴ
2506 4387 2664 4449 εὐθὺς
2705 4388 2839 4459 πρὸς
2881 4389 3029 4459 ἥλιον
3069 4389 3505 4460 ἀναπέμπεσθαι,
3548 4389 3660 4444 ἀλλ’

2101 4571 2421 4642 ὲπιδημίας;
2471 4573 2599 4624 Ὅτε
2644 4573 2820 4626 τοίνυν
2853 4573 2960 4628 ἀπὸ
2986 4573 3089 4644 τῆς
3133 4573 3464 4644 πανσελήνου
3501 4575 3535 4644 ἡ
3575 4591 3663 4626 σε-

439 4654 656 4721 crescit,
703 4653 875 4718 virtus
908 4669 973 4709 eo
1002 4663 1246 4726 tempore
1279 4643 1371 4709 ubi
1402 4643 1619 4721 manet;
1670 4657 1844 4713 donec
1877 4674 1996 4728 qua:

2108 4666 2232 4736 λήνη
2278 4663 2521 4736 μειοῦται
2569 4643 3053 4738 ἀποχωριζομένη,
3079 4665 3305 4737 δύναμις
3337 4643 3427 4720 τὸν
3472 4643 3662 4738 χρόνον

436 4753 662 4803 vacuata
697 4745 873 4800 fuerat
912 4747 1185 4816 prioribus
1224 4746 1534 4808 animabus,
1565 4747 1709 4814 haud
1742 4763 1902 4804 secus
1934 4765 1998 4803 ac

2108 4756 2286 4810 τοῦτον
2325 4757 2427 4809 πού
2469 4757 2642 4828 μένει,
2680 4757 2784 4822 ἕως
2820 4760 2886 4812 ἂν
2924 4759 3218 4815 κενωθεῖσα
3263 4763 3295 4833 ἡ
3328 4761 3520 4834 σελήνη
3553 4761 3661 4815 τῶν

436 4836 568 4892 urbs
614 4837 878 4906 desolata,
921 4841 1081 4893 aliam
1127 4854 1346 4895 rursum
1389 4839 1658 4894 coloniam
1694 4841 1822 4894 luna
1860 4841 1999 4899 reci-.-

2108 4850 2381 4920 προτέρων
2421 4848 2626 4921 ψυχῶν,
2661 4849 2911 4923 καθάπερ
2949 4851 3103 4916 πόλις
3145 4852 3367 4924 ἔρημος,
3404 4853 3659 4925 δευτέραν

435 4926 592 4999 piat?
632 4927 762 4984 Erat
794 4931 938 4986 enim
971 4933 1131 4986 etiam
1182 4931 1474 4987 thesaurus
1522 4932 1742 5004 quidam
1777 4932 1831 4987 in
1863 4949 1996 5005 qua-

433 5021 561 5076 dam
588 5028 749 5078 terra:
777 5031 929 5093 parte
963 5024 1354 5095 segregandus,
1399 5027 1485 5081 vel
1527 5026 1776 5092 nubium,
1805 5029 1889 5082 vel
1923 5029 1996 5082 al-

433 5113 604 5188 terius
633 5113 916 5186 cujusdam
942 5116 1080 5185 loci;
1105 5117 1196 5173 ubi
1228 5120 1422 5174 animae
1452 5131 1809 5194 congregatae,
1838 5137 1996 5192 para-

431 5212 504 5268 ta
533 5213 720 5264 essent
742 5216 802 5268 ut
830 5207 899 5262 ad
927 5210 1113 5266 lunam
1142 5217 1585 5290 commigrarent.

505 5390 705 5452 Verum
741 5394 846 5449 alia
887 5411 1081 5455 rursus
1110 5401 1339 5470 emergit
1361 5403 1610 5470 quaestio.
1644 5400 1786 5468 Quid
1827 5400 1993 5469 igitur

431 5501 615 5553 causae
644 5494 727 5545 est
751 5502 850 5554 cur
880 5505 988 5544 non
1021 5492 1201 5546 statim
1232 5494 1539 5562 repleatur?
1560 5505 1653 5550 aut
1679 5511 1776 5550 cur
1799 5510 1991 5554 rursus

433 5577 550 5637 dies
578 5581 891 5652 quindecim
921 5585 1235 5655 exspectat?
1261 5583 1372 5647 Nec
1404 5587 1550 5642 istud
1587 5587 1854 5644 minorem
1889 5589 1991 5644 ba-

431 5671 523 5727 bct
557 5675 989 5743 admirationem,
1031 5666 1192 5746 quam
1223 5693 1286 5732 ea
1318 5694 1438 5748 quae
1478 5678 1622 5744 dicta
1655 5690 1815 5748 sunt;
1847 5682 1990 5752 quod

434 5779 712 5832 nunquam
745 5767 814 5822 ab
853 5769 1000 5822 omni
1033 5776 1177 5824 retro
1215 5768 1494 5823 hominum
1543 5773 1804 5826 memoria
1837 5782 1990 5827 extra

432 5854 956 5925 quintamdecimam
987 5859 1130 5915 diem
1179 5860 1307 5914 luna
1357 5861 1513 5930 plena
1571 5861 1691 5916 fuit.
1737 5862 1879 5929 Quin
1919 5878 1990 5918 ne

434 5944 628 6010 diluvii
669 5945 888 6020 quidem
915 5957 1153 6024 tempore
1183 5951 1284 6016 sub
1326 5949 1674 6022 Deucalione,
1709 5955 1987 6022 magisque

2097 4941 2257 4995 πάλιν
2291 4941 2506 5013 δέξηται
2534 4943 2820 5009 ἀποικίαν;
2878 4945 3074 5016 Ἐχρῆν
3101 4945 3209 5016 γὰρ
3239 4945 3542 5016 ἀφωρίσθαι
3566 4948 3660 5001 καὶ

2096 5034 2364 5106 θησαυρόν
2396 5052 2514 5088 τινα
2549 5034 2604 5088 ἐν
2625 5053 2728 5088 τινι
2755 5035 2907 5108 μέρει
2935 5037 3032 5107 τῆς
3054 5037 3175 5108 γῆς,
3210 5036 3243 5108 ἢ
3272 5037 3378 5090 τῶν
3398 5037 3657 5106 νεφελῶν,

2093 5126 2126 5198 ἦ
2157 5123 2341 5195 ἐτέρου
2372 5123 2536 5177 τόπου
2563 5122 2724 5190 τινὸς,
2764 5123 2890 5178 ἔνθα
2911 5127 2964 5178 αἱ
2989 5124 3155 5195 ψυχαὶ
3183 5125 3656 5198 συναγειρόμεναι,

2091 5219 2306 5290 ἕτοιμαι
2336 5217 2611 5288 γίγνονται
2646 5217 2782 5288 πρὸς
2807 5217 2906 5287 τὴν
2944 5216 3235 5288 ἐπιδημίαν
3260 5217 3359 5288 τὴν
3396 5217 3532 5288 πρὸς
3571 5233 3658 5268 σε·

2092 5309 2277 5382 λήνην.

2175 5403 2335 5456 Ἀλλά
2364 5404 2523 5468 πάλιν
2551 5403 2752 5476 ἀπορία
2789 5401 2966 5472 ἑτέρα.
3013 5399 3111 5455 Διά
3140 5401 3192 5454 τί
3225 5401 3400 5454 τοίνυν
3432 5399 3532 5453 οὐκ
3563 5400 3654 5452 εὑ-

2093 5495 2188 5559 θὺς
2233 5495 2566 5566 πληροῦται;
2608 5495 2641 5566 ἥ
2684 5493 2770 5547 διὰ
2809 5494 2862 5546 τί
2909 5493 3068 5546 πάλιν
3113 5493 3210 5556 τὰς
3265 5492 3651 5545 πεντεκαίδεκα

2090 5590 2304 5661 ἡμέρας
2347 5589 2655 5658 περιμένει;
2698 5589 2811 5640 Οὐκ
2845 5587 3059 5640 ἔλαττον
3105 5587 3159 5638 δὲ
3193 5585 3300 5638 τῶν
3349 5583 3652 5655 εἰρημένων

2091 5681 2396 5752 θαυμαστὸν
2418 5681 2511 5732 καὶ
2539 5678 2714 5742 τοῦτο,
2743 5679 2801 5731 τὸ
2831 5679 3114 5750 μηδέποτε,
3145 5677 3237 5746 ἀφ’
3265 5672 3323 5731 οὗ
3349 5677 3651 5747 μέμνηνται

2089 5775 2139 5826 οἱ
2171 5774 2463 5843 ἄνθρωποι,
2492 5769 2589 5842 τήν
2620 5772 2844 5842 σελήνην
2877 5771 3032 5833 ἐκτὸς
3079 5769 3470 5822 πεντεκαίδεκα
3513 5769 3650 5838 ἡμε-

2091 5864 2200 5935 ρῶν
2230 5861 2636 5934 πεπληρῶσθαι.
2680 5861 2837 5915 Ἀλλὰ
2861 5863 2936 5933 μὴ
2959 5861 3001 5914 δ’
3027 5861 3118 5913 ἐπὶ
3141 5860 3235 5913 τοῦ
3267 5857 3650 5928 κατακλυσμοῦ

2089 5954 2182 6010 τοῦ
2217 5956 2308 6009 ἐπὶ
2340 5942 2734 6017 Δευκαλίωνος·
2768 5952 2860 6007 καὶ
2885 5952 2964 6007 ἔτι
2999 5952 3196 6009 μᾶλλον
3227 5953 3317 6007 ἐπὶ
3340 5949 3650 6016 Φορωνέως·
