4088 6284
368 515 467 566 Mi

1244 503 1660 561 TRACTATUS
1698 504 1786 559 DE
1821 501 2134 559 PLACITIS
2168 500 2735 559 MANICHAEORULL

3464 489 3574 548 ΗΞ

368 631 455 685 ὅτε
485 627 681 694 πάντα,
711 629 786 693 ὡς
816 630 1004 693 εἰπεῖν,
1034 628 1100 683 τά
1119 628 1210 681 ἐπὶ
1230 628 1335 699 γῆς
1365 627 1650 701 διεφθάρη.
1681 629 1773 682 καί
1796 628 1912 682 7:01-

2028 625 2208 680 adhuc
2254 625 2359 681 sub
2397 623 2701 687 Phoroneo,
2749 617 2965 690 quando
2992 630 3055 673 ea
3087 628 3207 685 quae
3231 616 3385 667 erant
3414 625 3577 680 super

368 722 464 794 λὴν
495 714 592 793 τὴν
615 719 837 792 δύναμιν
867 718 1060 790 συνέϐη
1091 719 1461 791 διακεκρίσθαι
1490 720 1588 790 τῆς
1619 719 1767 792 ὕλης.
1801 722 1923 773 Χω-

270 878 277 883 μ
368 812 455 885 ρἰς
496 810 553 864 δὲ
591 810 794 865 τούτων
836 810 929 863 καὶ
970 808 1137 880 φορὰς
1178 808 1378 878 γενεῶν
1418 810 1512 862 καὶ
1549 808 1784 880 ’ἀφορίας
1829 810 1922 861 καὶ

369 902 577 975 φθορὰν
616 902 814 974 ὁμοίως
849 904 1067 955 σκοπεῖν
1107 901 1412 972 προσῆκεν·
1446 893 1521 954 ὧν
1551 898 1809 963 ὡσαύτως
1850 897 1924 971 μὴ

367 996 664 1069 γινομένων
689 995 829 1076 κατά
854 995 1025 1063 τάξιν,
1059 995 1163 1068 χρὴ
1195 996 1326 1067 μηδὲ
1352 994 1448 1067 τὴν
1478 993 1629 1059 τάξιν
1657 995 1764 1050 τῶν
1796 1012 1925 1050 πανε-

368 1088 622 1159 σελὴνων,
653 1087 785 1159 μηδὲ
812 1085 919 1140 τῶν
950 1085 1220 1158 μειώσεων
1246 1084 1387 1139 οὕτω
1416 1083 1713 1156 τηρεῖσθαι.

2025 724 2249 782 terram,
2278 723 2340 771 ut
2382 716 2463 772 sic
2504 716 2706 775 dicam,
2748 710 2933 767 omnia
2977 706 3320 768 interierunt,
3358 702 3576 772 vimque

2026 822 2273 879 magnam
2312 806 2533 862 virtutis
2579 803 2806 874 contigit
2833 816 2865 856 a
2910 797 3134 855 materia
3172 793 3463 865 segregari.
3491 790 3576 845 Ad

2021 898 2136 953 haec
2176 911 2306 952 vero
2331 897 2493 952 etiam
2522 895 2930 967 generationum
2956 894 3250 961 proventus
3281 897 3577 952 earumque

2023 987 2266 1042 delectus
2312 1001 2374 1040 ac
2410 985 2715 1048 frustratio,
2764 981 3121 1049 similiterque
3165 974 3574 1044 corruptionum

2021 1077 2344 1132 attendenda
2373 1086 2559 1143 erant;
2590 1090 2711 1145 quae
2736 1087 2860 1129 cum
2886 1070 3078 1128 eodem
3113 1066 3276 1126 modo
3303 1073 3357 1122 et
3385 1063 3576 1119 ordine

2019 1184 2131 1223 non
2162 1168 2432 1232 eveniant,
2472 1181 2571 1221 nec
2606 1165 3029 1237 pleniluniorum
3070 1159 3229 1222 ordo,
3264 1170 3367 1213 nec
3386 1154 3575 1210 decre-

2021 1260 2226 1316 scentis
2250 1261 2390 1315 lunae
2411 1267 2657 1330 tempora
2686 1256 2767 1311 sic
2796 1252 3139 1311 observanda
3162 1255 3338 1306 erant.

363 1391 499 1455 Cap.
535 1387 723 1446 XXIII.
759 1390 942 1465 Imago
973 1392 1215 1470 Materiae
1240 1395 1294 1447 in
1330 1395 1459 1470 so_l_e,
1489 1394 1559 1448 ad
1578 1411 1735 1470 quam
1752 1395 1903 1452 homo
1926 1414 1945 1452 :
1972 1415 2121 1470 nugae
2155 1418 2216 1455 ac
2243 1399 2521 1470 delirium,
2540 1398 2801 1452 Delirium
2829 1397 2974 1470 item,
3003 1393 3264 1448 hominem
3286 1406 3319 1443 a
3350 1388 3575 1442 materia

919 1481 1029 1519 esse
1050 1464 1336 1520 conditum.
1371 1464 1565 1531 Homo,
1589 1464 1678 1520 Vvet
1707 1464 2073 1537 compositum,
2106 1471 2184 1525 vel
2208 1472 2407 1536 anima,
2446 1469 2523 1524 vel
2549 1485 2689 1523 mens
2718 1477 2765 1521 et
2790 1468 3018 1519 animus.

435 1583 511 1637 Οὐ
545 1582 834 1655 παρέργως
859 1581 917 1636 δὲ
957 1582 1077 1637 οὑδὲ
1117 1584 1288 1656 τούτῳ
1333 1586 1681 1656 προσεκτέον.
1728 1588 1848 1641 Ὀτι
1873 1589 1922 1640 εἰ

369 1676 469 1748 μὲν
500 1675 722 1748 ἄπειρός
763 1680 908 1730 ἐστιν
941 1678 974 1754 ἡ
1018 1677 1410 1749 ὲναποκειμένη
1450 1681 1515 1751 τῇ
1559 1677 1658 1752 ὕλῃ
1695 1678 1921 1749 δύναμις

364 1767 504 1833 θεία,
536 1767 673 1839 πρὸς
697 1768 757 1821 τὸ
785 1766 1063 1839 μειοῦσθαι
1104 1769 1271 1841 αὑτὴν
1289 1770 1441 1824 οὐδὲν
1469 1769 1708 1835 δύναται,
1744 1769 1781 1824 ἃ
1803 1769 1918 1827 δια-

363 1858 834 1931 πραγματεύονται
853 1860 1001 1929 ἡλιος
1023 1860 1117 1914 κα)⁸
1137 1861 1352 1932 σελήνη,
1375 1861 1447 1913 Τὸ
1474 1861 1581 1933 γὰρ
1604 1861 1919 1931 λειπόμενον

363 1947 524 2002 πάλιν
564 1949 788 2021 ἄπειρον
833 1949 938 2003 ἀπὸ
984 1951 1396 2022 πεπερασμένου
1457 1951 1551 2004 τοῦ
1600 1950 1914 2022 ληφθέντος.

2093 1586 2171 1642 Ac
2196 1602 2298 1644 nec
2326 1585 2473 1642 istud
2505 1582 2845 1640 defunctorie
2871 1581 3082 1650 levique
3110 1589 3273 1647 opera
3299 1572 3574 1629 attenden-

2024 1677 2172 1731 dum.
2202 1675 2403 1747 Nempe
2442 1675 2489 1732 si
2520 1674 2729 1729 inﬁnita
2766 1682 2850 1729 est
2884 1670 3067 1727 divina
3100 1664 3276 1723 virtus
3307 1679 3427 1735 quae
3461 1678 3575 1718 ma-

2021 1768 2172 1823 teriae
2212 1767 2384 1829 indita
2428 1774 2532 1831 est,
2564 1766 2632 1821 ad
2661 1780 2782 1820 eam
2825 1759 3175 1818 minuendam
3211 1757 3349 1812 nihil
3376 1754 3577 1819 valent,

2020 1867 2439 1930 quantacunque
2481 1858 2563 1913 sol
2608 1864 2662 1913 et
2704 1858 2833 1910 luna
2877 1854 3193 1910 moliantur.
3238 1848 3392 1917 Quod
3429 1848 3576 1903 enim

2019 1950 2287 2020 reliquum
2315 1957 2425 2014 est,»
2461 1950 2527 2003 ab
2556 1948 2649 2004 illo
2679 1947 2831 2002 ﬁnito
2862 1944 3007 2016 quod
3046 1950 3320 2012 sumptum
3352 1946 3459 2007 est,
3493 1939 3576 1994 in-

362 2039 428 2092 Εἰ
455 2039 512 2094 δέ
543 2016 1139 2112 ἐστιν-πεπερασμένη,
1179 2016 1343 2113 ὲχνρῆν
1389 2041 1637 2114 αἴσθησιν
1654 2016 1912 2111 ’γενέσθαι

2019 2016 2232 2097 ﬁnitum
2257 2052 2360 2098 est.
2385 2041 2539 2109 Quod
2572 2040 2619 2096 si
2644 2048 2728 2096 est
2760 2039 2932 2104 ﬁnita,
2967 2050 3133 2093 sensu
3165 2032 3574 2103 percipiendum

362 2133 421 2184 ὲν
446 2130 681 2201 τοσούτῳ
709 2132 883 2204 χρόνῳ
921 2132 1085 2189 πόσον
1115 2132 1246 2184 ποτὲ
1272 2132 1372 2203 τῆς
1402 2132 1683 2203 δυνάμεως
1713 2132 1917 2203 ταύτης

360 2222 426 2277 lx
452 2222 546 2277 τοῦ
573 2224 778 2295 κόσμου
808 2223 1066 2297 ὲμειώθη.
1107 2223 1270 2278 Ἀλλά
1296 2224 1474 2278 πάντα
1500 2225 1703 2296 ὁμοίως
1743 2223 1911 2295 μένει.

361 2315 523 2379 Τίνας
558 2315 616 2373 δὲ
665 2315 868 2387 θυμοὺς
915 2317 1011 2388 οὑχ
1059 2316 1401 2388 ὑπερϐέϐηκε
1442 2315 1521 2387 τῷ
1552 2316 1798 2387 ἀπιθάνῳ
1823 2315 1916 2371 καὶ

359 2406 549 2470 ταῦτα,
579 2407 668 2460 ὅτε
712 2406 853 2460 κατά
889 2406 984 2478 τὴν
1024 2407 1280 2478 ὀφθεῖσαν
1310 2408 1369 2460 ὲν
1410 2407 1544 2478 ἡλίῳ
1589 2406 1770 2461 εἰκόνα
1817 2405 1916 2477 τῆς

359 2499 491 2572 ὕλης
518 2499 609 2553 τὸν
636 2499 915 2571 ἄνθρωπον
952 2500 1337 2571 δημιούργημα
1373 2495 1512 2554 εἶναι
1540 2499 1777 2567 mm;
1806 2500 1916 2553 Καὶ

255 2652 261 2657 ,
358 2590 467 2660 γὰρ
495 2588 700 2651 εἰκόνες
729 2588 920 2641 εἴδωλα
960 2590 1064 2642 εἰσί.
1090 2588 1199 2644 τῶν
1241 2588 1579 2661 ἀρχετύπων.
1615 2591 1678 2643 Εἰ
1704 2589 1749 2643 δ’
1780 2590 1915 2660 ἡλίῳ

357 2682 454 2754 τὴν
486 2680 668 2737 εἰκόνα
688 2679 1088 2745 καταλείπουσι,
1151 2681 1252 2735 ποῦ
1282 2682 1341 2734 τὸ
1384 2682 1747 2753 παράδειγμα,
1781 2682 1917 2753 πρὸς

357 2775 494 2847 ὅπερ
530 2774 562 2845 ἡ
595 2771 757 2828 εἰκὼν
789 2772 970 2834 αὐτοῖς
1002 2772 1444 2839 ἀναπέπλασται;
1480 2774 1553 2828 Οὑ
1584 2773 1692 2845 γὰρ
1725 2773 1789 2844 δὴ
1818 2773 1914 2827 αὑ-

361 2864 452 2918 τόν
481 2881 545 2933 γε
588 2865 680 2919 τὸν
711 2862 992 2935 ἄνθρωπον
1024 2865 1250 2933 φήσουσι
1294 2863 1384 2917 τὸν
1420 2863 1590 2926 ὅντως
1632 2863 1916 2935 ἄνθρωπον

360 2949 528 3008 εἶναι·
561 2954 682 3011 οὑδὲ
716 2955 814 3026 τὴν
847 2954 1069 3027 δύναμιν
1095 2955 1192 3026 τὴν
1223 2944 1390 3009 θείαν.
1427 2954 1639 3027 Ταύτην
1675 2957 1772 3027 μὲν
1804 2956 1913 3028 γὰρ

361 3044 499 3116 πρὸς
545 3045 643 3117 τὴν
688 3045 819 3117 ὕλην
867 3045 1211 3117 μιγνύουσιν·
1259 3048 1317 3101 ἐν
1345 3047 1479 3118 ἡλίῳ
1510 3046 1566 3100 δὲ
1604 3047 1700 3120 τὴν
1730 3048 1912 3103 εἰκόνα

357 3136 630 3209 ἑωρᾶσθαι
663 3136 927 3207 λέγουσιν,
952 3137 1010 3201 ὃς
1035 3137 1247 3206 ἐγένετο
1288 3138 1407 3191 κατ’
1438 3138 1632 3202 αὐτοὺς
1669 3139 1778 3193 ἀπὸ
1812 3139 1913 3211 τῆς

357 3227 494 3299 πρὸς
530 3228 632 3300 τὴν
671 3227 803 3299 ὕλην
851 3226 1074 3299 ὕστερον
1112 3226 1452 3299 διακρίσεως.
1502 3227 1638 3281 Ἀλλ’
1667 3228 1788 3282 οὐδὲ
1814 3228 1911 3301 τὴν

352 3318 748 3392 δημιουργικὴν
791 3319 995 3375 αἰτίαν·
1032 3318 1232 3391 ταύτην
1263 3318 1368 3391 γὰρ
1399 3319 1492 3373 ἐπὶ
1528 3320 1770 3392 σωτηρίᾳ
1813 3321 1912 3390 τῆς

356 3410 503 3474 θείας
526 3410 804 3481 δυνάμεως
828 3410 1284 3482 καταπεπέμφθαι
1308 3410 1457 3480 φασί·
1483 3411 1577 3464 καὶ
1604 3409 1739 3482 πρὸς
1759 3408 1909 3481 ἡλίου

359 3503 477 3555 κατ’
510 3501 706 3564 αὑτοὺς
735 3499 953 3565 πάντως
984 3518 1047 3571 γε
1074 3501 1279 3573 ταύτην
1307 3501 1552 3555 τακτέον·
1596 3499 1908 3570 ἐπειδήπερ,

359 3593 660 3665 ἀφιγμένης
678 3591 866 3663 αὐτῆς,
883 3592 973 3647 τὸν
995 3593 1143 3665 ἥλιον
1164 3594 1258 3647 καὶ
1279 3592 1376 3665 τὴν
1402 3592 1630 3663 σελήνην
1658 3590 1757 3663 τῆς
1780 3590 1912 3662 ὕλης

358 3681 749 3755 ἀποκεκρίσθαι
783 3682 1144 3755 συμϐέϐηκεν.

437 3950 524 4004 Ἐν
547 3950 682 4022 ἡλίῳ
712 3951 770 4004 δὲ
798 3950 893 4022 τὴν
915 3949 1094 4005 εἰκόνα
1127 3949 1401 4022 ἑωρᾶσθαι
1438 3949 1670 4020 λέγουσι·
1688 3950 1912 4023 πεποίη-

353 4061 448 4099 κεν
505 4043 561 4114 δὲ
582 4046 616 4116 ή
653 4042 959 4116 ὕλῃ-φασὶ,
980 4042 1068 4097 τὸν
1091 4041 1391 4113 ἄνθρωπον.
1424 4041 1541 4096 Τίνι
1578 4043 1706 4096 ποτὲ
1729 4043 1912 4114 τρόπῳ

352 4135 386 4207 ἢ
420 4134 535 4200 πῶς
558 4151 573 4201 ;
601 4135 737 4188 Οὐδὲ
766 4133 874 4206 γὰρ
906 4133 1209 4189 πλάσασθαι
1231 4150 1295 4203 γε
1323 4132 1479 4188 τοῦτο
1508 4133 1746 4190 δυνατόν.
1769 4135 1913 4208 Πρὸς

352 4223 462 4295 γὰρ
494 4222 570 4295 τῷ
602 4223 815 4277 εἴδωλον
840 4221 1059 4276 εἰδώλου
1091 4221 1182 4275 τὸν
1225 4220 1508 4291 ἄνθρωπον
1538 4221 1805 4293 ὑπάρχειν
1830 4220 1913 4275 οὕ-

351 4333 461 4379 τως
492 4332 557 4384 γε
583 4314 703 4369 κατ’
725 4314 944 4380 αὑτοὺς,
975 4313 1069 4368 καὶ
1103 4313 1369 4384 μηδεμίαν
1422 4313 1563 4384 ἔχειν
1593 4314 1908 4378 ὑπόστασιν,

352 4407 435 4461 ἔτι
465 4406 586 4460 οὑδὲ
614 4407 694 4471 εἰς
718 4405 920 4461 ἔννοιάν
952 4408 1095 4459 ἐστιν
1137 4405 1293 4476 ἥκειν
1319 4404 1610 4476 δυνάμενα,
1651 4404 1766 4469 πῶς
1814 4406 1912 4477 τῆς

355 4496 488 4570 ὕλης
543 4497 700 4569 ἔργον
750 4497 897 4550 ἐστὶν
928 4499 957 4551 ό
1000 4496 1297 4567 ἄνθρωπος.
1350 4497 1424 4549 Τὸ
1474 4497 1580 4566 γὰρ
1609 4495 1913 4564 λογίζεσθαι

352 4592 448 4644 καὶ
473 4589 755 4644 αἰσθέσθαι
782 4589 901 4643 οὐδὲ
924 4589 1021 4661 τῆς
1076 4590 1194 4642 κατ’
1224 4588 1418 4654 αὑτοὺς
1447 4588 1577 4659 ὕλης
1624 4588 1788 4643 ἐστίν.
1818 4588 1912 4652 Τίς

2019 2140 2188 2197 esset,
2213 2148 2309 2202 per
2347 2139 2498 2186 tanta
2548 2130 2850 2196 intervalla,
2898 2135 3160 2198 quantum
3193 2124 3408 2178 tandem
3456 2122 3576 2191 ejus

2019 2224 2257 2289 virtutis,
2285 2240 2316 2279 e
2338 2223 2540 2285 mundo
2565 2223 2834 2277 minutum
2865 2224 3031 2277 esset.
3061 2218 3130 2271 At
3162 2217 3344 2271 omnia
3378 2216 3573 2271 simili-

2019 2325 2104 2373 ter
2126 2322 2496 2387 perseverant.
2541 2313 2688 2381 Quos
2719 2328 2848 2368 vero
2877 2312 3089 2367 animos
3123 2323 3425 2378 sensusque
3458 2305 3575 2361 haec

2018 2423 2240 2486 quoque
2267 2423 2379 2464 non
2409 2421 2708 2464 excessere.
2742 2412 2804 2459 ut
2850 2404 3008 2459 ﬁdem
3057 2402 3292 2472 aliquam
3329 2413 3574 2455 merean-

2019 2510 2128 2567 tur,
2163 2515 2287 2557 cuzn
2331 2506 2576 2555 creatum
2622 2497 2807 2552 dicant
2853 2495 3130 2551 hominem
3175 2501 3337 2562 atque
3374 2488 3573 2544 formav

2018 2606 2131 2650 tum
2161 2594 2231 2649 ad
2266 2594 2505 2649 materiae
2545 2591 2836 2663 imaginem
2866 2590 2923 2645 in
2973 2589 3088 2644 sole
3114 2586 3323 2644 visam?
3360 2582 3574 2654 Quippe

2019 2687 2278 2757 imagines
2323 2685 2615 2741 simulacra
2659 2689 2788 2738 sunt
2823 2681 3090 2753 nudaeque
3136 2675 3573 2748 repraesentatioo

1985 2783 2119 2833 ’nes
2162 2776 2466 2848 principum
2512 2774 2834 2830 formarum.
2883 2772 3041 2840 Quod
3088 2771 3132 2827 si
3186 2769 3474 2841 imaginem
3514 2768 3572 2821 in

2018 2869 2132 2925 sole
2157 2868 2460 2932 includunt,
2496 2866 2719 2922 ubinam
2764 2864 3040 2935 exemplar
3069 2862 3135 2918 ad
3162 2862 3308 2933 quod
3338 2859 3419 2916 eis
3461 2859 3571 2916 eﬁi-

2016 2968 2105 3016 cta
2143 2968 2227 3016 est
2250 2960 2458 3032 imago?
2485 2958 2642 3015 Haud
2671 2973 2803 3015 sane
2853 2958 2997 3013 enim
3039 2955 3323 3011 hominem
3370 2953 3571 3025 ipsum,

2016 3067 2141 3107 vere
2166 3052 2459 3117 hominem,
2492 3049 2691 3106 dicturi
2722 3057 2880 3117 sunt;
2920 3062 3097 3117 neque
3125 3046 3366 3101 divinam
3398 3045 3564 3101 virtu-

2015 3152 2321 3198 temznam
2378 3141 2520 3196 hanc
2571 3138 2787 3210 quidem
2842 3154 2965 3193 cum
3021 3136 3253 3193 materia
3306 3135 3571 3201 miscent;

2014 3230 2302 3301 imaginem
2333 3245 2465 3285 vero
2509 3229 2564 3284 in
2600 3230 2715 3287 sole
2759 3228 2932 3283 visam
2977 3226 3208 3293 docent;
3244 3225 3359 3295 qui,
3391 3233 3454 3278 ut
3494 3223 3573 3277 illi

2014 3321 2326 3391 opinantur,
2364 3327 2553 3388 postea
2592 3317 2842 3371 conditus
2864 3322 3032 3370 estex
3069 3314 3373 3369 secretione
3405 3323 3573 3369 mate-

2011 3413 2124 3466 riai.
2153 3409 2261 3464 Sed
2288 3425 2466 3479 neque
2491 3422 2712 3464 causam
2742 3421 2925 3461 rerum
2945 3406 3193 3475 opiﬁcem
3219 3405 3395 3459 :hanc
3427 3405 3572 3460 enim

2009 3503 2236 3576 missam
2263 3500 2434 3557 fuisse
2459 3501 2611 3556 aiunt
2640 3498 2709 3556 ad
2736 3500 2964 3555 salutem
2991 3498 3187 3553 divinae
3211 3497 3399 3553 virtuti
3431 3512 3572 3567 prae-

2012 3593 2264 3650 standam
2295 3612 2310 3648 :
2342 3593 2564 3649 omnino
2608 3607 2716 3662 quo
2749 3592 2966 3646 illorum
3009 3589 3277 3646 sententia
3318 3589 3434 3645 haec
3467 3589 3570 3644 soli

2013 3684 2336 3741 ascribenda
2387 3684 2492 3751 sit;
2540 3664 2744 3739 idcirco
2785 3682 3065 3745 nimirum,
3113 3681 3257 3752 quod
3300 3680 3420 3749 ejus
3468 3679 3570 3734 ad-

2010 3784 2173 3832 ventu
2218 3790 2284 3830 ac.
2328 3776 2616 3846 praesentia
2657 3773 2904 3845 contigit,
2949 3773 3223 3844 segregari
3271 3786 3303 3825 a
3342 3772 3570 3828 materia

2010 3867 2180 3922 solem
2214 3873 2268 3921 et
2299 3866 2501 3920 lunam.

2078 3953 2249 4010 Porro
2280 3955 2336 4009 in
2364 3955 2477 4011 sole
2500 3954 2686 4010 dicunt
2717 3954 2890 4011 visam
2923 3969 3045 4011 esse
3087 3954 3413 4026 imaginem;
3448 3971 3570 4015 ma-

2009 4043 2204 4101 teriam
2246 4036 2376 4102 vero
2413 4045 2601 4101 dicunt
2633 4043 2942 4101 condidisse
2986 4045 3280 4101 hominem.
3320 4045 3567 4112 Quonam

2011 4136 2233 4192 tandem
2262 4137 2445 4203 modo,
2472 4152 2647 4209 quave
2672 4137 2920 4192 ratione?
2938 4136 3123 4208 Neque
3147 4139 3290 4193 enim
3310 4139 3414 4195 hoc
3444 4141 3567 4196 sani

2010 4229 2203 4300 capitis
2246 4244 2368 4286 esse
2394 4231 2570 4300 possit
2616 4237 3001 4285 commentum.
3031 4229 3396 4301 Praeterquam
3422 4232 3568 4302 quod

2010 4322 2174 4386 enim,
2213 4321 2358 4392 quod
2402 4324 2478 4378 ita
2507 4322 2763 4388 sentiant,
2793 4322 2954 4378 homo
2999 4322 3162 4377 inane
3211 4322 3568 4380 simulacrum

2010 4412 2187 4468 inanis
2216 4413 2495 4469 simulacri
2541 4412 2758 4469 futurus
2792 4413 2884 4480 sit,
2927 4427 2991 4467 ac
3019 4413 3114 4483 qui
3156 4413 3362 4468 nullam
3381 4428 3564 4468 veram
3599 4427 3628 4479 ,-

2011 4503 2205 4561 habeat
2246 4504 2642 4571 exsistentiam,
2669 4503 2846 4559 adhuc
2872 4519 2975 4561 nec
3008 4504 3064 4559 in
3104 4511 3340 4559 mentem
3378 4502 3566 4559 venire

2012 4603 2474 4671 potestnquonam
2508 4596 2668 4652 modo
2699 4596 2861 4652 homo
2882 4597 3120 4652 materiae
3147 4610 3287 4667 opus
3314 4594 3563 4652 exsistat.

349 4681 410 4735 δὲ
438 4683 557 4736 κατ’
582 4681 778 4744 αὐτοὺς
809 4682 839 4735 ὁ
864 4679 1146 4753 ἄνθρωπος
1167 4696 1183 4747 ;
1204 4677 1348 4752 Ἀρά
1376 4698 1440 4749 γε
1485 4681 1546 4734 τὸ
1590 4681 1653 4735 ὲκ
1687 4682 1783 4753 τῆς
1806 4680 1908 4751 ψυ-

2012 4686 2219 4743 Etenim
2250 4690 2460 4745 ratione
2492 4704 2763 4758 sensuque
2793 4688 2893 4753 uti,
2918 4703 3029 4743 non
3057 4689 3177 4757 ejus
3205 4686 3442 4743 materiae
3459 4693 3563 4753 est,

350 4772 455 4845 χῆς
479 4773 572 4827 καὶ
600 4771 849 4845 σώματος
880 4773 1092 4845 μίγμα;
1120 4773 1154 4843 ἦ
1179 4773 1241 4827 τὸ
1262 4772 1469 4844 ἕτερον,
1504 4773 1539 4843 ἢ
1579 4773 1642 4826 τὸ
1668 4773 1793 4844 ὅλης
1816 4773 1909 4844 ψυτ-

347 4861 454 4936 χῆς
473 4864 750 4937 ἀνωτέρω,
778 4864 900 4929 νοῦς
919 4882 935 4931 ;
975 4864 1111 4918 Ἀλλ’
1127 4863 1238 4918 εἴτε
1260 4863 1381 4926 νοῦς
1403 4864 1540 4926 ἐστι,
1566 4864 1681 4929 πῶς
1707 4866 1767 4918 τὸ
1786 4865 1909 4920 κάλ-

348 4952 462 5011 λιον
489 4954 684 5024 γένοιτ’
717 4953 783 5008 ἂν
811 4952 902 5008 τοῦ
935 4954 1173 5026 χείρονος
1202 4952 1359 5029 ἔργον
1379 4969 1394 5019 ;
1418 4951 1528 5006 εἴτε
1554 4953 1716 5025 ψυχὴ·
1753 4953 1905 5028 (ταύ-

349 5062 448 5115 την
474 5045 532 5098 δὲ
559 5044 657 5117 τὴν
690 5044 838 5100 θείαν
856 5045 1079 5116 δύναμιν
1109 5040 1247 5097 εἶναι
1289 5044 1505 5114 λέγουσι
1531 5044 1551 5115 )
1583 5044 1721 5109 πῶς,
1755 5045 1907 5115 ἀφαι-

352 5133 605 5207 ρούμενοι
658 5134 750 5190 τὸν
779 5134 914 5189 Θεὸν
952 5136 1048 5207 τὴν
1081 5134 1229 5189 θείαν
1260 5134 1512 5207 δύναμιν,
1556 5135 1759 5209 ταύτην
1802 5137 1909 5191 ὑπὸ

349 5214 448 5297 τὴν
490 5224 594 5297 τῆς
641 5225 773 5299 ὕλης
827 5226 1182 5298 δημιουργίαν
1227 5226 1685 5301 κατατάττουσιν;
1730 5228 1794 5282 Εἰ
1849 5227 1905 5280 δὲ

346 5316 412 5376 τὺ
452 5318 611 5391 σῶμα
664 5319 823 5392 μόνον
872 5319 1307 5390 καταλείπουσιν,
1347 5320 1907 5392 ἀναμιμνησκέτωσαν

346 5409 530 5478 πάλιν,
557 5412 639 5477 ὅτι
662 5408 817 5466 τοῦτο
843 5410 963 5466 καθ’
991 5410 1151 5465 ἑαυτὸ
1180 5409 1240 5465 δν
1270 5411 1542 5481 ἀκίνητον,
1575 5412 1673 5484 τῆς
1695 5411 1751 5466 δὲ
1777 5412 1908 5484 ὕλης

346 5503 447 5577 τὴν
485 5504 671 5577 οὐσίαν
718 5504 926 5571 κίνησιν
962 5498 1099 5558 εἶναι
1134 5503 1315 5572 φασιν.
1353 5503 1513 5557 Ἀλλά
1567 5505 1672 5577 μὴν
1697 5503 1818 5559 οὕτε
1843 5524 1907 5575 γε

346 5596 495 5651 aestv
522 5597 646 5651 καθ’
671 5596 829 5650 ἑαυτὸ
862 5596 956 5650 ἐπὶ
1002 5582 1258 5667 τὴνῦλην
1279 5595 1502 5665 ἄγεσθαι
1530 5596 1745 5651 οιονται.
1776 5598 1907 5652 Οὐδὲ

343 5686 405 5740 τὸ
424 5689 489 5742 ὲκ
507 5687 711 5743 τούτων
758 5688 1021 5753 συνεστὼς
1063 5687 1279 5757 εὔλογον
1325 5687 1526 5759 ταύτης
1565 5688 1725 5760 ἔργον
1766 5684 1906 5743 εἶναι

348 5775 768 5850 ὑπολαμϐάνειν.
822 5780 933 5834 Καὶ
962 5779 1067 5852 μὴν
1107 5780 1168 5833 τὸ
1217 5780 1502 5851 γενόμενον
1553 5782 1663 5836 ὑπό
1686 5800 1799 5848 του,
1823 5784 1905 5837 ὅτι

350 5869 562 5935 πάντως
594 5874 772 5944 χεῖρον
792 5871 1000 5925 ἐκείνου
1024 5913 1039 5934 ,
1075 5873 1547 5945 ἀναμφισϐήτητον
1574 5871 1711 5930 εἶναι
1737 5876 1902 5931 δοκεῖ.

349 5961 502 6028 Οὕτω
530 5963 640 6037 γὰρ
671 5966 700 6019 ὁ
726 5964 926 6033 κόσμος
950 5964 1044 6019 τοῦ
1067 5965 1407 6039 Δημιουργοῦ
1431 5970 1628 6041 χεῖρον·
1657 5970 1752 6023 καί
1800 5969 1904 6023 τῶν

2007 4795 2167 4851 quam
2208 4781 2312 4852 ipsi
2350 4787 2613 4837 statuunt.
2641 4778 2812 4846 Quem
2847 4793 2976 4835 vero
2999 4779 3271 4835 hominem
3298 4777 3564 4846 sentiunt,

2006 4872 2257 4942 quisnam
2285 4872 2402 4928 est?
2430 4870 2571 4926 Num
2599 4870 2745 4943 quod
2769 4887 2834 4927 ex
2871 4870 3051 4925 anima
3079 4884 3144 4925 ac
3184 4884 3413 4940 corpore
3453 4869 3560 4926 mi-

2006 4971 2150 5018 stum
2178 4963 2299 5018 est?
2318 4978 2388 5018 an
2415 4962 2664 5026 alterum,
2696 4960 2781 5035 vel
2802 4959 2949 5030 quod
2969 4967 3078 5016 tota
3106 4960 3286 5014 anima
3302 4959 3554 5032 superius

2007 5061 2111 5114 est,
2152 5067 2308 5108 mens
2345 5052 2555 5111 scilicet
2593 5058 2755 5121 atque
2797 5049 3049 5105 animus?
3092 5047 3219 5116 Sed,
3249 5049 3363 5107 sive
3406 5064 3562 5107 mens

2004 5151 2107 5210 est,
2132 5158 2365 5214 quonam
2406 5142 2566 5198 modo
2598 5141 2744 5212 quod
2793 5126 3087 5213 perfectius
3130 5149 3216 5198 est
3246 5149 3411 5213 atque
3448 5155 3559 5195 me-

2006 5232 2134 5299 lius,
2171 5233 2457 5290 deterioris
2506 5249 2644 5304 opus
2676 5232 2980 5292 exstiterit?
3016 5234 3131 5290 sive
3172 5233 3355 5289 anima
3396 5231 3557 5301 (hanc

2005 5343 2135 5384 vero
2163 5327 2402 5383 divinam
2445 5327 2700 5385 virtutem
2741 5324 2948 5396 dicunt)
3002 5326 3272 5397 quomodo
3322 5323 3555 5378 ablatam

2006 5418 2118 5492 Deo
2165 5419 2403 5474 divinam
2446 5418 2588 5473 hanc
2626 5416 2903 5485 virtutem,
2948 5417 3187 5481 materiae
3223 5413 3440 5485 opiﬁcio
3491 5425 3554 5467 ac

2005 5509 2268 5567 creationi
2314 5523 2432 5566 eam
2477 5507 2811 5577 subjiciunt?
2854 5506 3008 5574 Quod
3045 5506 3093 5562 si
3134 5506 3308 5560 solum
3353 5516 3553 5572 corpus

2004 5604 2335 5673 relinquunt;
2373 5600 2713 5658 meminerint
2737 5615 2926 5657 rursus
2953 5599 3130 5671 ipsum
3159 5611 3254 5668 per
3284 5609 3343 5650 se
3371 5593 3551 5665 ipsum

2004 5695 2276 5752 immobile
2315 5708 2457 5762 esse,
2499 5693 2845 5765 materiaeque
2890 5689 3181 5748 essentiam
3225 5694 3429 5742 motum
3466 5687 3552 5745 di-

2005 5802 2149 5842 cere.
2178 5785 2246 5839 At
2272 5799 2446 5855 neque
2474 5798 2591 5840 rem
2618 5783 2785 5845 ullam
2802 5784 2974 5852 ipsam
3000 5794 3097 5849 per
3118 5793 3176 5833 se
3195 5792 3368 5848 exque
3393 5778 3551 5850 genio

2006 5878 2073 5933 ad
2094 5877 2371 5933 materiam
2394 5876 2537 5931 trahi
2568 5875 2896 5932 existimant.
2924 5870 3033 5927 Nec
3057 5870 3201 5942 quod
3220 5886 3286 5926 ex
3314 5870 3401 5927 his
3427 5886 3551 5927 con-

2004 5968 2186 6025 ﬂatum
2240 5975 2341 6031 est.
2389 5975 2447 6023 ut
2501 5969 2618 6041 ejus
2665 5981 2799 6027 onus
2854 5963 3188 6022 existimetur
3224 5965 3550 6019 conveniens
