4088 6284
519 447 622 500 445

1497 447 1886 503 ALEXANDRI
1926 447 2231 506 EPISCOPI
2268 447 2767 504 LYCOPOLITANI

3615 448 3722 504 4M

519 565 621 611 est.
651 557 793 612 Sane
823 559 966 627 quod
995 560 1064 614 ab
1108 560 1292 631 aliqua
1324 559 1599 616 conditum
1623 568 1726 628 est,
1767 561 1819 615 id
1849 561 1940 616 illa
1975 561 2070 617 de-

2177 563 2457 633 τεχνητῶν,
2483 563 2581 615 ὅσα
2601 562 2804 615 τούτων
2837 561 2990 633 ἔργα.
3032 562 3092 614 Εἰ
3112 557 3202 615 οὖν
3231 562 3329 630 τῆς
3357 560 3483 632 ὕλης
3510 561 3666 632 ἔργον
3693 565 3723 617 6

518 649 688 703 terius
731 663 852 703 esse
902 657 960 703 ut
1014 650 1384 717 existimetur,
1438 661 1590 720 extra
1642 655 2065 710 controversiam

518 744 618 794 est.
661 735 753 791 Sic
779 738 920 793 enim
963 741 1199 796 mundus
1231 743 1488 798 Creatore
1530 745 1790 809 deterius,
1821 760 1913 799 seu
1942 742 2068 812 Opi-

517 827 642 894 tice;
677 833 732 883 et
761 829 1088 904 artiﬁcibus,
1133 849 1468 904 quaecunque
1517 837 1649 890 artis
1679 851 1844 905 opera
1893 843 2060 890 sunt:

2171 653 2468 722 ἄνθρωπος,
2493 652 2709 713 πάντως
2743 668 2843 703 που
2881 650 3082 720 ταύτης
3116 653 3309 721 χεῖρον.
3348 651 3515 721 ’Ύλης
3544 651 3598 702 δὲ
3633 652 3722 705 κά-

2171 754 2285 791 κιον
2307 739 2353 790 οἱ
2379 738 2564 807 ἄνδρες
2583 737 2730 789 οὐδὲν
2755 737 3148 789 καταλείπουσι·
3170 739 3261 790 καὶ
3287 740 3386 790 οὐκ
3404 738 3515 792 ἴσον
3541 742 3604 810 τῇ
3626 739 3722 812 ὕλῃ

2175 828 2461 900 μίγνυσθαι
2500 829 2598 899 τὴν
2627 827 2774 892 θείαν
2800 827 3024 899 δύναμιν
3049 830 3140 895 καὶ
3165 829 3242 899 τῷ
3277 830 3474 904 ταύτης
3501 831 3701 900 χείρονι

515 919 656 989 quod
695 927 873 974 autem
914 923 1137 976 materia
1175 923 1412 982 deterius
1447 927 1550 991 sit,
1588 926 1722 980 nihil
1760 926 1834 979 illi
1876 925 2065 982 volunt
2092 921 2358 992 reliquum
2403 935 2546 974 esse.
2575 917 2684 974 Nec
2737 934 2834 988 par
2878 927 2962 975 est
3022 921 3237 978 misceri
3274 922 3530 987 materiae,
3583 929 3638 976 et
3675 923 3727 977 ei

514 1012 654 1081 quod
680 1013 907 1068 materia
933 1015 1171 1074 deterius
1201 1020 1291 1072 sit.

585 1105 715 1172 Quae
737 1123 866 1169 vero
906 1112 1062 1181 quasi
1100 1112 1437 1184 indulgentia
1485 1130 1550 1170 ac
1578 1115 1949 1187 dispensanda
1987 1115 2072 1178 di-

513 1205 661 1264 cunt,
687 1199 802 1256 haec
829 1216 930 1258 nec
947 1203 1244 1274 intelligere
1267 1207 1536 1268 videntur.
1557 1209 1694 1274 Quid
1728 1209 1870 1271 enim
1895 1221 2073 1272 causae

513 1297 615 1354 est,
647 1307 747 1346 cur
783 1291 880 1348 Dei
910 1295 1200 1367 imaginem
1229 1299 1283 1353 in
1308 1301 1666 1355 substantiam
1699 1301 1936 1356 hominis
1958 1315 2074 1353 ma-

513 1381 706 1434 teriam
731 1384 982 1455 alligasse
1011 1389 1366 1446 existiment?
1392 1391 1498 1447 Aut
1538 1408 1636 1448 cur
1662 1408 1770 1447 non
1810 1394 1927 1462 ipsa
1957 1391 2072 1458 suf—

515 1471 704 1529 ﬁciens
741 1475 942 1546 imago,
973 1479 1119 1534 velut
1159 1481 1215 1535 in
1264 1485 1520 1553 speculis,
1554 1493 1613 1538 ut
1647 1484 1806 1538 homo
1847 1497 2070 1555 appare-

515 1562 636 1615 ret?
665 1561 771 1617 Aut
798 1557 940 1621 sieut
980 1567 1096 1638 ipse
1127 1573 1228 1638 sal,
1263 1573 1330 1627 ad
1367 1575 1608 1629 omnium
1631 1589 1750 1645 quae
1776 1562 2068 1650 procrean-

516 1659 626 1719 tur,
655 1665 834 1711 ortum
857 1672 919 1714 ac
937 1661 1214 1718 interitum
1245 1665 1518 1732 sumciens
1537 1674 1640 1732 est,
1665 1682 1882 1736 suaeque
1899 1666 2069 1736 ipsius

515 1746 813 1815 creationis
855 1751 1164 1828 imaginem,
1215 1772 1313 1826 pro
1358 1759 1580 1813 creandi
1616 1747 1839 1814 munere
1884 1773 1948 1813 ac
1985 1758 2068 1811 fa-

2255 1108 2324 1158 ‘A
2354 1103 2410 1157 δὲ
2441 1100 2873 1174 οἰκονομούμενοι
2908 1101 3142 1169 λέγουσι,
3179 1101 3347 1156 ταῦτα
3378 1104 3483 1156 οὐδ’
3514 1105 3727 1177 ἐπινοῆ-

2179 1214 2267 1251 σαι
2298 1195 2522 1249 οἴονται.
2549 1194 2645 1247 Διά
2693 1194 2745 1245 τί
2791 1192 2897 1264 γὰρ
2931 1194 3028 1262 τῆς
3065 1194 3366 1264 κρείττονος
3417 1197 3614 1260 εἰκόνος
3645 1200 3726 1262 εἰς

2175 1289 2273 1360 τὴν
2304 1285 2398 1340 τοῦ
2419 1283 2699 1356 ἀνθρώπου
2726 1283 3017 1335 ὑπόστασιν
3045 1283 3141 1352 τὴν
3164 1282 3292 1353 ὓλην
3315 1283 3556 1338 δεδέσθαι
3583 1289 3731 1358 νομί-

2178 1379 2358 1443 ζουσιν
2381 1393 2395 1442 ;
2423 1377 2494 1428 Ἦ
2511 1375 2598 1428 διὰ
2618 1376 2668 1427 τι
2701 1375 2799 1426 οὐκ
2828 1373 3101 1444 αὐτάρκης
3130 1375 3162 1442 ἡ
3195 1372 3375 1438 εἰκὼν,
3401 1373 3475 1438 ὡς
3500 1376 3590 1428 ἐπὶ
3618 1376 3728 1430 τῶν

2173 1469 2512 1540 κατόπτρων,
2554 1467 2688 1538 πρὸς
2743 1465 2804 1518 τὸ
2851 1465 3143 1535 πεφηνέναι
3189 1465 3277 1516 τὸν
3315 1465 3627 1536 ἄνθρωπονς
3655 1471 3729 1521 Ἦ

2169 1562 2420 1630 καθάπερ
2451 1559 2611 1621 αὐτὸς
2642 1561 2669 1611 6
2693 1557 2843 1627 ἥλιος
2881 1557 3014 1625 πρὸς
3051 1555 3260 1622 γένεσιν
3309 1555 3570 1610 ἁπάντων.
3618 1558 3730 1611 τῶν

2168 1649 2465 1720 γινομένων
2501 1648 2595 1701 καὶ
2648 1645 2849 1716 φθορὰν
2883 1644 3173 1714 αὐτάρκης·
3202 1645 3502 1714 ἐμιμήσατο
3527 1645 3584 1699 δὲ
3630 1646 3729 1716 τὴν

2169 1741 2352 1794 εἰκόνα
2408 1737 2547 1792 κατὰ
2597 1737 2694 1808 τὴν
2740 1734 2952 1806 ποίησιν
2980 1734 3074 1804 τῆς
3135 1734 3396 1804 σφετέρας
3441 1735 3607 1805 αὐτῆς
3631 1737 3729 1808 δη-

516 1833 696 1889 ciendi
727 1825 1008 1898 aemulatus
1042 1851 1146 1901 est.
1176 1817 1422 1911 Quonam
1460 1848 1673 1905 tandem
1698 1851 1911 1904 illorum
1947 1864 2068 1920 qua:

2177 1829 2476 1902 μιουργίας.
2503 1828 2620 1880 Τίνι
2649 1825 2774 1878 ποτὲ
2806 1817 2880 1879 ὧν
2907 1820 3083 1894 εἷχενς
3116 1820 3260 1896 Ἀρά
3281 1842 3342 1893 γε
3371 1828 3434 1896 τῇ
3475 1825 3730 1900 μιχθείσῃ

516 1923 720 1980 habet?
753 1927 894 1999 Ergo
927 1930 1110 1988 divina
1143 1937 1320 1993 virtus
1351 1939 1433 1994 sic
1465 1949 1724 2008 spectata,
1760 1939 1948 2009 organi
1985 1954 2076 1992 ra-

516 2015 720 2070 tionem
768 2031 1019 2090 respectu
1081 2027 1322 2081 materiae
1365 2028 1564 2083 habet?
1612 2027 1716 2083 Sed
1767 2028 2075 2083 inordinata

515 2112 688 2178 motu,
718 2123 827 2176 quo
866 2110 944 2165 sic
975 2110 1164 2166 'forma
1197 2117 1478 2170 materiam
1513 2117 1751 2172 imbuat?
1780 2118 1978 2172 Verum
2001 2119 2078 2175 si-

514 2196 666 2250 milia
695 2200 898 2265 omnia,
947 2204 1222 2274 exquisito
1264 2207 1452 2263 ordine
1500 2208 1851 2280 diligentique
1886 2226 2071 2280 opera,

514 2283 776 2344 imitando
804 2289 967 2346 ﬁnem
1014 2305 1402 2365 assequuntur.
1439 2297 1623 2368 Neque
1660 2303 1802 2354 enim
1851 2301 2071 2355 domum

518 2383 610 2429 aut
642 2381 844 2447 navim,
877 2384 1114 2455 velquid
1146 2388 1296 2443 aliud
1325 2391 1646 2446 artefactum
1669 2392 2071 2451 inordinatiane

519 2483 757 2537 unquam
818 2476 1066 2542 praestari
1113 2479 1531 2550 arbitrabimur;
1583 2501 1759 2554 neque
1808 2493 2066 2552 statuam,

519 2559 676 2628 cujus
711 2576 801 2617 ars
843 2563 1105 2622 fabricam
1152 2571 1220 2626 ad
1252 2573 1491 2630 hominis
1544 2577 1900 2633 imitationem
1946 2592 2069 2631 mo-

519 2649 613 2704 iita
637 2660 737 2708 est.

519 2741 650 2800 CAP.
680 2745 868 2806 XXIV.
895 2751 1137 2811 Christus
1161 2775 1325 2821 mens.
1360 2760 1706 2818 Manichaice.

2172 1920 2308 1992 πρὸς
2340 1919 2508 1990 αὐτὴν
2541 1917 2656 1989 θείᾳ
2688 1916 2932 1986 δυνάμει,
2967 1915 3158 1969 οὐκοῦν
3204 1917 3258 1967 ὲν
3299 1915 3527 1987 ὀργάνου
3583 1916 3732 1988 λόγῳ

2173 2009 2294 2064 θεία
2317 2008 2564 2079 δύναμις,
2597 2007 2738 2060 οὕτω
2775 2023 2838 2075 γε
2884 2006 3016 2076 πρὸς
3063 2006 3158 2076 τὴν
3215 2007 3382 2076 ὖλην;
3445 2007 3603 2060 Ἀσλλὰ
3646 2011 3716 2079 τῇ

2173 2101 2392 2171 ἀτάκτῳ
2419 2101 2650 2170 κινήσει,
2677 2098 2847 2161 οὕτως
2879 2097 3214 2168 είδοποιούσῃ
3240 2099 3337 2167 τὴν
3361 2098 3522 2169 ὕλην;
3568 2098 3736 2152 Ἀλλά

2174 2199 2354 2253 πάντα
2375 2215 2438 2267 γε
2466 2197 2535 2250 τὰ
2559 2199 2718 2266 ὅμοια
2751 2199 2808 2248 ὲν
2833 2195 3015 2260 τάξεσι
3073 2197 3167 2247 καὶ
3198 2195 3500 2263 ἀκριϐείαις
3531 2194 3616 2248 διὰ
3650 2213 3735 2266 μι-

2180 2294 2392 2362 μήσεων
2442 2291 2744 2358 ἀφικνεῖται
2796 2289 2874 2350 είς
2922 2288 3091 2352 τέλος.
3143 2289 3274 2341 Οὐδὲ
3331 2289 3437 2358 γὰρ
3479 2289 3651 2346 οίκίαν
3694 2290 3729 2360 ἦ

2175 2383 2373 2446 πλοῖον,
2393 2382 2434 2452 ἡ
2457 2399 2507 2433 τι
2539 2381 2720 2450 ἓτερον
2781 2379 2887 2431 τῶν
2919 2380 3172 2451 τεχνιτῶν
3209 2379 3272 2431 δι’
3291 2380 3515 2443 ἀταξίας
3539 2381 3732 2434 ἀποτε-

2172 2470 2375 2523 λεῖσθαι
2401 2469 2616 2523 οἴονται·
2653 2469 2771 2521 οὐδὲ
2814 2469 3121 2539 ἀνδριάντα,
3159 2471 3295 2540 ὅπερ
3345 2472 3380 2539 ἡ
3406 2470 3566 2540 τέχνη
3589 2470 3726 2542 πρὸς

2174 2560 2454 2632 ἀνθρώπου
2493 2561 2717 2631 μίμησιν
2749 2561 3144 2632 ἐμηχανήσατο.

1743 2764 1886 2830 Quid
1909 2763 2289 2834 ecclesiastica?
2322 2761 2746 2834 Inconvenientia
2776 2763 2838 2816 de
2877 2762 3107 2817 Christo.
3142 2761 3367 2816 Passum
3411 2763 3727 2834 umbratica,

1281 2829 1696 2887 Manichworum
1725 2826 1992 2889 dilirium‘.
2023 2832 2173 2886 Nihil
2215 2832 2376 2886 Verbo
2414 2847 2504 2900 per
2524 2834 2786 2901 ﬁctionem
2810 2845 3008 2901 aptum.

586 2930 864 2989 Christum
909 2953 1037 2994 vero
1075 2955 1198 2997 cum
1243 2961 1346 3001 nec
1391 2957 1742 3029 cognoscant,
1790 2949 2069 3004 Christum

519 3028 702 3079 tamen
733 3027 910 3096 ipsum
933 3033 1286 3102 appellantes,
1318 3053 1440 3092 cum
1468 3027 1638 3096 altera
1667 3041 1929 3097 sumendo
1961 3043 2070 3096 ele-

2242 2946 2344 2999 Τὸν
2375 2945 2430 2998 δὲ
2483 2947 2716 3018 Χριστὸν
2769 2946 2888 2999 οὐδὲ
2917 2947 3287 3015 γινώσκοντες,
3333 2948 3469 3003 ἀλλὰ
3493 2949 3732 3020 Χριστὸν

2175 3037 2337 3093 αὐτὸν
2367 3036 2855 3115 προσαγορεύοντες
2979 3037 3114 3108 πρὸς
3143 3037 3206 3090 τὸ
3249 3039 3311 3101 ,β’
3341 3041 3598 3109 στοιχεῖον
3633 3055 3729 3109 με-

520 3127 722 3213 mento,
760 3121 1017 3193 aliudque
1059 3126 1443 3196 signiﬁcatum,
1485 3149 1646 3213 quam
1679 3148 1786 3202 quo
1824 3134 1915 3188 ille
1949 3147 2073 3202 pro-

2177 3128 2420 3200 ταλήψει,
2451 3113 2635 3201 ἓτερον
2666 3112 3056 3209 σημαινόμενον
3088 3129 3206 3181 ἀντὶ⁸
3243 3127 3335 3180 τοῦ
3374 3128 3572 3199 κυρίως
3601 3129 3725 3200 περὶ

521 3210 640 3301 prie
667 3213 952 3282 accipitur,
981 3215 1312 3288 inducenda,
1343 3211 1520 3301 ipsum
1561 3233 1792 3280 mentem
1823 3240 1945 3281 esse
1967 3234 2078 3279 tra-

518 3299 673 3357 dunt.
706 3301 765 3357 Si
791 3306 1010 3376 quidem
1050 3319 1229 3366 autem
1269 3311 1324 3366 id
1359 3299 1504 3384 quod
1543 3316 1788 3370 noscitur
1835 3330 1898 3369 ac
1929 3315 2076 3386 quod

519 3396 822 3465 cognoscit,
851 3400 1284 3474 sapientiamque
1313 3405 1491 3476 ipsum
1521 3422 1628 3461 una
1660 3423 1790 3463 voce
1808 3407 2074 3474 dicentes,

520 3482 589 3538 iis
627 3499 748 3554 quae
793 3488 897 3542 viri
939 3493 1294 3558 ecclesiastici
1350 3495 1417 3551 de
1466 3496 1559 3552 illa
1609 3498 1925 3568 loquuntur,
1982 3513 2078 3570 per

521 3574 669 3630 hunc
717 3579 938 3636 modum
994 3587 1302 3642 consentire
1371 3588 1889 3660 deprehenduntur;
1944 3594 2077 3664 quid

520 3678 703 3722 causae
732 3677 837 3735 est,
872 3687 973 3727 cur
998 3690 1235 3743 omnem,
1281 3695 1442 3749 quam
1474 3690 1694 3747 vocant,
1726 3693 1964 3741 veterem
1989 3687 2077 3740 hi-

521 3759 748 3814 storiam
775 3769 1074 3834 respuant?
1106 3768 1163 3822 Si
1207 3787 1359 3836 vero,
1403 3779 1462 3826 ut
1490 3776 1851 3844 quorumdam
1891 3776 2076 3845 opinio

521 3855 629 3912 est,
677 3851 1034 3910 adventitium
1077 3859 1254 3928 ipsum
1297 3877 1626 3934 novumque,
1664 3873 1718 3921 et
1750 3867 1843 3936 qui
1873 3867 2079 3933 extrin-

519 3953 684 3995 secus
708 3957 946 4014 casuque
978 3948 1280 4016 intraverit,
1311 3961 1577 4021 statuunt,
1618 3957 1918 4013 videamus.
1961 3957 2077 4012 Hu-

519 4027 612 4096 jus
643 4030 788 4084 enim
817 4036 1090 4102 apinionis
1123 4040 1412 4110 antistites,
1449 4049 1593 4116 quod
1620 4049 1855 4104 maxime
1896 4051 2076 4105 suasi-

525 4118 634 4174 bile
669 4121 938 4191 videatur,
987 4129 1134 4183 circa
1182 4146 1383 4196 annum
1427 4138 1717 4206 septimum
1759 4139 1969 4204 dicunt,
2013 4155 2077 4194 ea

524 4224 648 4280 quae
691 4227 856 4270 sensu
904 4220 1129 4286 praedita
1179 4231 1290 4287 est,
1334 4226 1534 4281 virtute
1591 4230 1808 4298 organis
1845 4229 2076 4284 formata

525 4308 690 4373 atque
727 4305 1014 4375 distincta,
1050 4312 1226 4381 ipsum
1283 4314 1583 4385 ingressum
1633 4335 1774 4375 esse.
1821 4320 1976 4386 Quod
2029 4322 2076 4377 si

525 4393 776 4451 Christus
800 4413 954 4455 mens
981 4409 1081 4469 est,
1113 4412 1172 4457 ut
1200 4403 1274 4459 illi
1303 4406 1614 4475 opinantur,
1672 4410 1752 4465 sic
1783 4411 1942 4465 simul
1972 4413 2077 4470 erit

525 4483 776 4543 Christus
801 4495 855 4543 et
885 4504 994 4545 non
1024 4492 1150 4548 erit.
1181 4493 1485 4567 Antequam
1513 4498 1658 4552 enim
1685 4515 1836 4555 mens
1858 4517 2077 4567 sensus-

525 4591 631 4646 que
651 4579 1002 4650 ingrediatur,
1038 4600 1108 4640 ne
1143 4586 1359 4656 quidem
1397 4595 1499 4644 est.
1532 4588 1688 4655 Quod
1733 4590 1779 4645 si
1805 4590 2076 4661 Christus,

526 4672 586 4719 ut
607 4667 712 4737 ipsi
735 4671 941 4738 volunt,
971 4689 1123 4731 mens
1155 4683 1256 4739 est.
1281 4676 1337 4730 in
1369 4679 1542 4746 ipsum
1577 4694 1705 4733 vero
1729 4680 2079 4741 exsistentem

525 4772 680 4813 mens
703 4760 1024 4833 ingreditur,
1053 4768 1134 4822 sic
1171 4783 1365 4823 rursus
1388 4769 1600 4824 illorum
1630 4771 1897 4825 sententia
1927 4787 2079 4830 mens

524 4848 648 4903 erit.
676 4848 773 4906 Est
807 4853 973 4925 igitur
1010 4863 1196 4913 etnon
1219 4866 1302 4915 est
1325 4859 1516 4915 eodem
1546 4868 1788 4931 tempore
1806 4860 2077 4920 Christus.

526 4936 584 4994 Si
605 4950 803 5008 autem,
828 4961 948 5016 quae
971 4947 1185 5003 illorum
1205 4959 1351 5006 secta
1376 4953 1753 5022 probatissima
1773 4962 1875 5019 est,
1899 4970 2076 5022 mens,

525 5040 585 5088 ut
617 5042 671 5089 et
697 5036 803 5106 ipsi
829 5039 1160 5105 existimant.
1203 5044 1384 5097 omnia
1417 5051 1502 5099 est
1537 5060 1656 5115 quae
1704 5051 1868 5112 sunt;
1899 5060 2073 5115 quan-

524 5124 813 5195 doquidem
836 5129 1115 5184 materiam
1141 5131 1433 5202 ingenitam
1459 5133 1797 5202 proﬁtentur,
1823 5141 1876 5189 et
1895 5147 2078 5204 atqua-

526 5215 616 5281 lis,
640 5226 700 5273 ut
724 5218 804 5274 sic
833 5220 1044 5290 loquar,
1078 5239 1200 5276 cum
1239 5222 1348 5279 Deo
1381 5226 1642 5295 temporis
1682 5227 1895 5296 ipsique
1931 5239 2074 5280 eoa:-

2179 3220 2339 3274 αὐτοῦ
2375 3219 2774 3290 ὑπειλημμένου
2822 3207 3147 3288 είσάγοντες,
3197 3219 3337 3273 Νοῦν
3369 3214 3505 3273 εἶναι
3539 3221 3719 3287 φασίν.

2177 3313 2240 3364 Ei
2267 3310 2383 3386 μὲν,
2418 3310 2477 3363 τὸ
2509 3310 2743 3378 γνωστὸν
2769 3310 2939 3364 καὶτὸ
2959 3310 3260 3379 γιγνῶσκον
3297 3310 3388 3363 καὶ
3409 3309 3505 3380 τὴν
3534 3309 3724 3380 σοφίαν

2179 3401 2340 3457 αὑτοῦ
2373 3402 2617 3470 λέγοντες
2649 3402 2923 3472 ὁμόφωνα,
2967 3402 3135 3466 οὕτως
3171 3407 3283 3466 τοῖς
3336 3403 3440 3456 ἀπὸ
3486 3402 3594 3456 τῶν
3634 3405 3728 3457 ὲκ-

2179 3494 2411 3566 κλησιῶν
2435 3496 2560 3567 περὶ
2589 3493 2751 3548 αὐτοῦ
2807 3495 3021 3564 λέγουσι
3051 3495 3465 3566 διαταττόμενοι,
3505 3495 3645 3548 οὕτω
3665 3512 3732 3562 γε

2179 3586 2489 3641 ἁλώσονται·
2526 3586 2641 3649 πῶς
2660 3581 2750 3640 οὖν
2773 3587 2872 3658 τὴν
2917 3587 3209 3659 λεγομένην
3258 3587 3490 3641 παλαιὰν
3515 3586 3733 3643 ἃπασαν

2179 3677 2415 3749 ἱστορίαν
2446 3677 2827 3743 ὲκὸάλλουσιν;
2882 3678 2945 3730 Ei
2987 3679 3044 3731 δὲ
3075 3679 3389 3749 ὲπιγενητὸν
3421 3679 3560 3732 κατά
3583 3695 3732 3742 τινας

2178 3770 2389 3838 λέγουσι
2414 3769 2507 3822 καὶ
2552 3767 2658 3823 τῶν
2686 3767 2882 3833 ἔξωθεν
2915 3770 3261 3823 ἐπεισιόντων
3294 3770 3386 3822 καὶ
3415 3769 3735 3840 συμϐαινόν-

2176 3876 2304 3924 των,
2335 3858 2716 3929 σκοπήσωμεν.
2767 3857 2829 3910 Oi
2878 3856 2985 3928 γὰρ
3025 3857 3087 3927 δὴ
3115 3857 3314 3929 ταύτης
3351 3857 3733 3928 προϊστάμενοι

2177 3951 2274 4020 τῆς
2306 3947 2460 4019 δόξης
2488 3947 2708 4000 πιθανὸν
2749 3946 2981 4017 μάλιστα
3031 3947 3246 4015 λέγουσι
3306 3948 3433 4019 περὶ
3479 3947 3548 4000 τὰ
3595 3933 3734 4000 ¹ὲιττά

2177 4039 2272 4108 ἐτη
2298 4040 2395 4109 τῆς
2419 4038 2736 4108 αίσθητικῆς
2778 4037 3053 4104 δυνάμεως
3102 4035 3522 4108 διαρθρωθείσης
3576 4036 3735 4090 αὐτὸν

2178 4129 2606 4201 ἐπεισέρχεσθαι.
2648 4129 2711 4181 Εἰ
2736 4127 2798 4198 δὴ
2827 4126 2948 4189 νοῦς
2995 4129 3139 4181 ἐστιν
3169 4128 3196 4178 6
3219 4127 3449 4196 Χριστὸς
3497 4130 3617 4179 κατ’
3647 4127 3734 4180 a6-

2178 4223 2323 4286 τοὺς,
2357 4221 2494 4273 οὕτω
2522 4237 2584 4289 γε
2617 4218 2765 4272 ἔσται
2790 4235 2849 4270 τε
2875 4217 2989 4288 ἅμα
3018 4218 3112 4271 καὶ
3151 4219 3249 4270 οὐκ
3275 4217 3443 4270 ἔσται·
3476 4219 3605 4289 πρὶν
3635 4218 3744 4288 μὲν,

2178 4313 2282 4383 γὰρ
2315 4310 2640 4364 ἐπεισελθεῖν
2667 4309 2756 4362 τὸν
2777 4308 2921 4366 νοῦν.
2955 4308 3160 4361 οὐδέπω
3207 4309 3371 4362 ἐστίν.
3405 4309 3474 4361 Εἴ
3515 4326 3578 4378 γε
3611 4309 3734 4373 νοῦς

2179 4406 2292 4456 ἐστι
2314 4403 2430 4456 κατ’
2463 4403 2658 4466 αὐτοὺς
2683 4402 2711 4456 6
2737 4401 2985 4474 Χριστὸς,
3021 4399 3153 4453 ἀλλά
3202 4400 3306 4471 μὴν
3345 4400 3457 4454 ὄντι
3497 4417 3561 4469 γε
3589 4402 3738 4472 αὐτῷ

2181 4495 2554 4564 ἐπεισέρχεται
2598 4495 2625 4546 6
2668 4493 2810 4558 νοῦς,
2840 4492 3009 4555 οὕτως
3059 4487 3148 4545 οῦν
3183 4492 3348 4546 πάλιν
3394 4494 3513 4546 κατ’
3541 4493 3736 4558 αὐτοὺς

2182 4586 2333 4639 ἔσται
2362 4587 2389 4638 ὁ
2424 4585 2566 4648 νοῦς.
2623 4585 2778 4638 Ἔστι
2825 4601 2887 4653 γε
2919 4585 3012 4637 καὶ
3046 4584 3145 4636 οὐκ
3199 4583 3341 4637 ἔστιν
3371 4585 3426 4637 ἐν
3477 4583 3556 4654 τῷ
3588 4585 3735 4654 αὑτῷ

2181 4679 2355 4750 χρόνῳ
2388 4680 2416 4730 6
2452 4678 2700 4750 Χριστός.
2752 4677 2816 4729 Ei
2857 4675 2912 4728 δὲ
2940 4678 3058 4728 κατ’
3088 4674 3266 4729 αὐτῶν
3308 4675 3405 4747 τὴν
3449 4676 3735 4746 καλλίστην

2182 4770 2388 4841 αἵρεσιν
2414 4769 2442 4820 6
2474 4767 2596 4831 νοῦς
2627 4769 2748 4821 κατ’
2777 4766 2972 4830 αὐτούς
3008 4769 3121 4819 ἐστι
3145 4765 3213 4819 τὰ
3240 4767 3366 4820 ὅντα
3394 4769 3586 4822 πάντα·
3615 4770 3741 4820 ἐπεὶ

2181 4861 2278 4932 τὴν
2302 4859 2430 4930 ὓλην
2464 4859 2720 4927 ἀγένητον
2761 4857 3102 4911 ὑποτίθενται
3145 4857 3237 4910 καὶ
3264 4857 3527 4930 ίσόχρονον
3554 4857 3628 4919 ὡς
3661 4859 3746 4909 ei-

2185 4955 2306 5005 πεῖν
2332 4951 2409 5022 τῷ
2436 4950 2572 5022 Θεῷ,
2608 4950 2701 5004 καὶ
2732 4948 2855 5002 νοῦν
2893 4949 2984 5001 κού⁵
3025 4947 3154 5019 ὓλην
3183 4948 3368 5002 τοῦτον
3400 4950 3492 5002 τὸν
3524 4949 3736 5020 πρῶτον

2183 5043 2271 5098 τὸν
2305 5045 2532 5115 Χριστὸν
2560 5041 2897 5094 ὑποτίθενται
2943 5035 3100 5105 εἶναι,
3121 5037 3174 5091 εί
3209 5055 3272 5107 γε
3324 5039 3391 5092 τά
3418 5040 3594 5093 πάντα
3618 5043 3734 5092 κατ’

2183 5135 2376 5198 αὐτούς
2399 5137 2544 5188 ἐστιν
2567 5137 2594 5187 6
2628 5131 2862 5203 Χριστὸς
2885 5130 3008 5194 νοῦς
3045 5129 3140 5196 ὢν,
3173 5131 3232 5193 ὃς
3266 5132 3410 5184 ἐστιν
3439 5130 3508 5184 τά
3538 5130 3733 5184 πάντα·

2181 5227 2324 5297 καὶὴ
2351 5225 2447 5295 ὕλη
2471 5225 2527 5277 ἓν
2552 5223 2658 5276 τῶν
2683 5222 2869 5286 ὄντων,
2900 5222 2991 5274 καὶ
3013 5220 3146 5291 αὑτὴ
3172 5221 3432 5292 ἀγένητος
3461 5218 3614 5276 οὖσα.

524 5324 674 5375 vam,
729 5311 972 5382 primum:
1022 5312 1167 5367 hunc
1214 5313 1490 5371 Christum
1535 5325 1590 5371 et
1634 5327 1864 5371 mentem
1901 5325 1956 5372 et
2003 5317 2283 5371 materiam
2341 5324 2608 5379 statuunt,
2638 5314 2685 5368 si
2721 5313 2939 5384 quidem
2969 5311 3222 5369 Christus
3260 5329 3414 5370 mens
3465 5322 3570 5382 est,
3618 5330 3735 5384 qua

526 5402 706 5459 omnia
734 5409 851 5470 est;
885 5419 1161 5473 unumque
1186 5420 1371 5472 eorum
1401 5423 1521 5477 quae
1545 5417 1692 5476 sunt,
1718 5407 1942 5462 materia
1964 5414 2068 5474 est,
2098 5423 2217 5478 quae
2246 5409 2366 5478 ipsa
2407 5406 2646 5477 ingenita
2672 5412 2776 5460 est.
3660 5391 3664 5394 ”

593 5499 675 5554 Ad
721 5499 994 5569 specimen
1040 5515 1168 5554 vero
1213 5515 1277 5554 ac
1323 5503 1760 5567 ostentationem,
1800 5518 1896 5572 per
1949 5517 2071 5555 eum

526 5591 748 5644 modum
781 5589 1018 5644 divinam
1045 5605 1259 5659 quoque
1290 5592 1542 5646 virtutem
1573 5594 1628 5647 in
1669 5585 1892 5649 m'ateria
1925 5592 2075 5646 cruci

530 5676 737 5729 afﬁxam
769 5693 910 5743 esse,
947 5679 1230 5749 ipsumque
1279 5681 1600 5750 supplicium
1633 5683 1735 5737 hoc
1786 5683 1938 5736 aiunt
1969 5693 2076 5734 non

536 5765 844 5834 pertulisse,
875 5768 1030 5838 quasi
1061 5771 1267 5826 scilicet
1297 5772 1630 5842 impossibile
1655 5773 1726 5828 sit
1752 5773 1927 5844 ipsum
1975 5771 2076 5827 hac

611 5875 686 5947 (7)
714 5878 920 5934 Ποιεῐν.
951 5882 1030 5937 An
1059 5883 1262 5950 παθεῖν,
1299 5888 1444 5958 pati?

2247 5503 2339 5566 Είς
2365 5502 2653 5571 ἐπίδειγμα
2678 5499 2755 5562 δὲ,
2795 5497 2982 5552 τοῦτον
3003 5497 3093 5551 τὸν
3119 5498 3317 5570 τρόπον
3345 5502 3437 5553 καὶ
3465 5500 3562 5571 τὴν
3588 5498 3741 5552 θείαν

2178 5593 2406 5664 δύναμιν
2432 5593 2858 5664 ὲνεσταυρῶσθαι
2903 5597 2965 5666 τῇ
2998 5593 3118 5667 ὕλῃ,
3150 5593 3243 5646 καὶ¹
3269 5593 3428 5648 αὐτὸν
3455 5593 3742 5662 ὑπομεμε-

2183 5683 2403 5752 νηκέναι
2436 5683 2494 5735 τὸ
2519 5683 2746 5753 πάθημα
2773 5683 2927 5736 τοῦτο
2966 5683 3231 5752 λέγουσιν,
3263 5681 3450 5752 ὥσπερ
3479 5681 3741 5745 ἀδυνάτου

2185 5772 2332 5838 ὄντος
2360 5773 2564 5828 ἐκείνου
2597 5773 2753 5828 τοῦτο
2784 5777 2953 5836 ποιεῖν
2986 5774 3083 5846 (7)°
3118 5774 3255 5844 ὅπερ
3295 5773 3456 5836 αὐτὸς
3481 5774 3510 5826 6
3562 5773 3742 5827 Μανι-
