4088 6284
358 481 458 538 MS

1228 487 1642 549 TRACTATUS
1674 493 1762 549 DE
1799 496 2109 554 PLACITIS
2142 495 2690 555 MANICHEORUM.

3437 496 3546 553 MO

353 596 498 665 χαῖος
519 594 905 668 διαπράττεται
929 598 1071 671 λόγῳ
1099 600 1224 673 περὶ
1263 604 1449 658 τούτου
1468 605 1748 661 διδάσκων·
1782 611 1888 662 Ὅτι

2004 613 2215 669 facere:
2247 613 2393 682 quod
2421 612 2536 682 ipse
2558 612 2884 668 Manichacus
2904 611 3044 668 libro
3065 609 3132 666 de
3157 624 3222 666 ea
3249 624 3308 665 re
3339 609 3547 678 scripto

351 685 532 757 ήθεία
551 685 776 758 δύναμις
820 691 898 758 είς
937 689 1068 762 ῦλην
1115 695 1534 767 κατακέκληται,
1594 701 1688 752 καὶ
1735 699 1894 755 πάλιν

351 779 639 850 ἀποχωρεῖ.
677 780 884 863 Τρόπον
917 783 1068 836 αὐτοὶ
1089 785 1506 842 ἀναπλάττουσι.
1543 790 1615 843 Τὸ
1651 792 1748 862 μὲν
1787 792 1893 864 γὰρ

349 867 484 920 κατὰ
502 867 590 920 τὸν
609 870 1053 941 ἐκκλησιαστικὸν
1081 874 1234 943 λόγον
1260 879 1430 932 εἰπεῖν
1453 880 1530 944 εἰς
1558 879 1708 935 λύσιν
1727 883 1896 955 ἀμαρ-

349 960 470 1013 τιῶν
496 961 683 1015 ἑαυτὸν
715 963 1114 1032 ἐπιδεδωκέναι,
1143 967 1254 1038 ἔχει
1278 970 1454 1032 πίστιν
1471 971 1591 1025 τινὰ
1609 973 1740 1043 πρὸς
1763 973 1892 1027 πολ-

347 1054 469 1115 Αοὺς
495 1053 602 1105 κάκ
633 1053 740 1106 τῶν
776 1056 1019 1126 ἱστοριῶν
1071 1057 1176 1110 τῶν
1230 1060 1346 1112 καθ’
1387 1062 1667 1130 Ἕλληνας,
1719 1065 1794 1118 ὅτ’
1825 1066 1892 1120 ἄν

345 1163 496 1214 φασι,
526 1148 694 1214 mag
723 1147 868 1217 ὑπὲρ
898 1152 1188 1218 σωτηρίας
1218 1153 1447 1218 πόλεων
1485 1153 1732 1220 ἑαυτοὺς
1766 1156 1895 1208 ἐπι-

344 1237 681 1302 δεδωκέναι.
716 1240 826 1294 Καὶ
854 1241 1200 1314 παράδειγμα
1247 1243 1341 1308 τοῦ
1391 1244 1550 1314 λόγου
1599 1245 1710 1317 ἔχει
1740 1247 1890 1318 καὶὴ

354 1329 617 1396 Ἰουδαίων
643 1332 864 1403 ἱστορία,
887 1335 976 1387 τὸν
1011 1334 1104 1388 τοῦ
1130 1325 1391 1407 Ἀϐραὰμ
1417 1339 1579 1403 παῖδα
1603 1341 1681 1402 είς
1707 1338 1895 1406 θυσίαν

340 1419 418 1489 τῷ
441 1420 558 1491 Θεῷ
589 1424 1094 1494 παρασκευάζουσα.
1129 1425 1202 1479 Τὸ
1232 1427 1289 1480 δὲ
1321 1430 1400 1492 είς
1428 1429 1745 1500 πράγματος
1771 1428 1895 1480 ὲπί-

339 1511 502 1580 δειξιν
545 1514 623 1585 τῷ
677 1517 955 1589 παθήματι
1007 1519 1234 1588 ὑπάγειν
1279 1521 1368 1576 τὸν
1418 1521 1648 1594 Χριστὸν
1697 1520 1895 1594 πολλῆς

339 1603 488 1674 εστιν
519 1605 773 1676 ἀμαθίας,
818 1611 898 1673 εἰς
928 1609 1268 1667 διδασκαλίαν
1311 1614 1404 1668 καὶ
1447 1613 1644 1682 γνῶσιν
1673 1611 1782 1667 τῶν
1803 1611 1892 1679 ὅν-

339 1709 446 1751 των
473 1694 565 1748 τοῦ
593 1696 763 1772 Λόγου
795 1698 945 1764 ὄντος
981 1700 1243 1774 ὑπάρχου.

2001 700 2239 755 instituit
2280 699 2514 767 docere;
2561 700 2707 770 quod
2749 699 3004 754 nimirum
3051 699 3234 753 divina
3272 698 3444 752 virtus
3488 697 3545 752 in

2000 794 2278 848 materiam
2320 793 2540 862 delapsa
2577 793 2669 859 sit,
2710 807 2775 847 ac
2807 808 2999 848 rursus
3045 790 3281 846 recedat.
3328 788 3544 844 Modum

2000 884 2078 938 illi
2111 884 2612 940 comminiscuntur.
2637 882 2780 939 Sane
2807 884 3020 954 quidem
3062 891 3121 936 ιιι
3153 881 3364 935 dicatur
3389 880 3544 948 juxta

2001 974 2256 1031 Ecclesiae
2298 973 2597 1029 doctrinam
2635 983 2804 1031 semet
2841 975 3018 1044 ipsum
3059 971 3344 1026 tradidisse
3365 969 3428 1024 ad
3460 970 3545 1024 di-

2000 1063 2195 1117 luenda
2242 1069 2482 1131 peccata,
2517 1063 2673 1118 ﬁdem
2704 1064 2991 1133 quamdam
3026 1063 3185 1132 vulgo
3222 1060 3446 1123 obtinet,
3477 1074 3544 1113 ex

1999 1151 2134 1221 ipsis
2164 1167 2374 1222 quoque
2395 1150 2701 1206 Gramorum
2733 1152 2994 1215 historiis,
3023 1167 3144 1206 cum
3176 1151 3346 1213 aiunt,
3389 1147 3548 1202 Non-

1998 1242 2169 1296 nullos
2200 1259 2253 1296 se
2280 1244 2418 1311 ipsos
2459 1241 2717 1296 dedidisse
2750 1252 2808 1296 ut
2838 1243 3068 1296 civitates
3100 1241 3382 1295 incolumes
3407 1255 3546 1308 prae-

1996 1345 2213 1391 starent.
2253 1334 2491 1404 Ejusque
2534 1334 2795 1390 doctrina:
2833 1334 3136 1404 exemplum
3173 1333 3334 1388 habet
3372 1339 3425 1384 et
3449 1330 3547 1385 Ju-

1995 1421 2231 1477 daeorum
2255 1423 2479 1478 historia
2496 1423 2534 1488 ί,
2557 1439 2678 1494 qua:
2703 1422 2929 1477 Abrahae
2951 1421 3116 1476 ﬁlium
3139 1422 3191 1477 in
3218 1420 3544 1475 sacriﬁcium

1995 1513 2106 1569 Deo
2119 1522 2382 1599 praeparet
2405 1521 2676 1584 aptetque.
2693 1511 2792 1577 Βιεὶ
2819 1521 2996 1568 autem
3019 1510 3352 1567 ostentandae
3372 1510 3545 1581 gratia

1992 1611 2047 1670 et
2070 1604 2137 1658 ad
2167 1604 2438 1674 specimen
2469 1602 2743 1659 Christum
2767 1603 3005 1676 passioni
3029 1602 3315 1672 subjicere,
3339 1615 3546 1671 magna:

1997 1693 2228 1750 inscitiae
2256 1702 2358 1762 est,
2387 1709 2507 1749 cum
2545 1677 2783 1750 Verbum
2822 1693 2888 1748 ad
2921 1708 3100 1748 rerum
3137 1693 3437 1748 doctrinam
3480 1707 3544 1748 ac

1995 1785 2279 1841 scientiam
2311 1801 2509 1855 praeses
2539 1799 2602 1841 ac
2629 1785 2836 1856 legatus
2864 1785 2953 1841 sit.

339 1891 471 1957 CAP.
502 1892 669 1950 XXV.
708 1893 1122 1954 Manichaeorum
1153 1899 1468 1954 abstinentia
1496 1917 1529 1953 a
1555 1896 1862 1959 viventibus,
1893 1892 2141 1966 ridicula.
2170 1893 2323 1959 Quod
2351 1894 2627 1966 abhorrent
2657 1911 2689 1948 a
2717 1894 2934 1962 nuptiis,
2957 1893 3237 1958 dementia.
3262 1893 3545 1966 Gigantum

1375 1970 1712 2039 mythologia.
1742 1967 1918 2021 Nimis
1954 1963 2234 2032 allegorica
2264 1965 2539 2033 expositio.

423 2076 737 2151 Ἀπέχονται
756 2081 812 2147 δὲ
838 2080 1113 2155 ἐμψύχων.
1157 2082 1220 2136 El
1254 2083 1351 2153 μὲν
1379 2081 1487 2159 γὰρ
1535 2082 1721 2153 ἐτέρου
1751 2081 1888 2144 τινὸς

2064 2075 2353 2132 Abstinent
2399 2084 2577 2129 autem
2630 2075 2699 2130 ab
2753 2075 3026 2129 animatis.
3067 2072 3123 2128 Si
3165 2075 3380 2144 quidem
3424 2076 3544 2145 ejus

338 2171 518 2244 χάριν,
553 2173 614 2226 οὐ
660 2173 1098 2244 περιεργαστέον·
1150 2174 1198 2225 εἰ
1245 2173 1304 2236 δὲ
1348 2173 1480 2230 διότι
1525 2175 1560 2245 ἡ
1606 2173 1889 2244 δύναμιςή

339 2261 457 2322 θεία
481 2261 683 2317 τούτων
729 2262 935 2333 ἀπέστη
969 2262 1165 2334 μᾶλλον
1192 2261 1224 2331 ἦ
1252 2263 1542 2334 ἐνυπάρχει
1571 2262 1769 2330 πλεῖον,
1802 2279 1892 2330 γε-

337 2351 635 2425 λοῖοναύτὴ
659 2354 894 2425 αὑτῶνή
941 2354 1256 2426 προαίρεσις
1294 2353 1456 2424 αῦτη.
1513 2355 1638 2408 Εἴτε
1691 2355 1800 2427 γὰρ
1821 2353 1890 2408 τὰ

337 2445 478 2513 φυτὰ
506 2444 664 2498 ἔνυλα
695 2446 910 2519 μᾶλλον,
942 2448 1020 2510 εἰς
1043 2447 1246 2520 τροφὴν
1289 2449 1382 2502 καὶ
1428 2447 1632 2501 δίαιταν
1656 2448 1890 2520 χρῆσθαι

335 2535 415 2608 τῷ
443 2537 640 2607 χείρονι
664 2537 780 2600 πῶς
803 2537 1017 2608 εὔλογον
1039 2556 1054 2604 ;
1079 2539 1188 2593 εἴτε
1214 2540 1373 2594 πλέον
1417 2542 1475 2595 ὲν
1497 2541 1703 2606 τούτοις
1727 2544 1759 2613 ἡ
1801 2541 1890 2607 δύ-

335 2643 496 2698 ναμις
519 2630 550 2698 ἡ
588 2627 726 2694 θεία,
750 2630 866 2682 ἐστὶ
898 2631 1031 2700 πρὸς
1055 2632 1155 2702 τὴν
1174 2633 1376 2703 τροφὴν
1411 2633 1480 2686 τά
1513 2633 1733 2688 τοιαῦτα
1757 2635 1892 2706 χρή-

339 2734 494 2788 σιμα,
525 2717 621 2771 τοῦ
647 2717 939 2790 θρεπτικοῦ
981 2722 1074 2773 καὶ
1099 2722 1388 2796 αὐξητικοῦ
1429 2725 1624 2796 μέρους
1660 2725 1760 2796 τῆς
1785 2725 1888 2794 ψυ-

337 2808 438 2880 χῆς
463 2808 615 2873 ὄντος
639 2811 1110 2882 σωματικωτὲρου.
1724 2809 1728 2812 “

407 3078 480 3131 Τὸ
502 3078 558 3134 δὲ
585 3078 878 3148 ἀπέχεσθαι
910 3078 1085 3149 γάμου
1123 3080 1216 3143 καὶ
1261 3079 1603 3150 ἀφροδισίων,
1623 3079 1888 3145 δεδειότας

335 3165 432 3240 μὴ,
459 3168 596 3222 κατά
621 3170 718 3240 τὴν
744 3167 838 3223 τοῦ
861 3169 1046 3238 γένους
1065 3169 1329 3240 διαδοχὴν,
1348 3173 1439 3225 ὲπὶ
1459 3171 1616 3225 πλέον
1636 3172 1810 3241 ενοική
1819 3189 1884 3246 σῃ

328 3261 394 3330 τῇ
416 3258 815 3331 ὕλῃὴδύναμις
954 3260 1091 3325 θεία,
1124 3261 1384 3332 θαυμάζω
1442 3262 1558 3326 πῶς
1597 3265 1692 3317 καὶ
1734 3263 1886 3333 αὐτοὶ

330 3350 555 3414 ἑαυτοὺς
587 3351 958 3422 ἀποδέχονται.
983 3353 1047 3405 El
1081 3351 1188 3425 γὰρ
1217 3353 1293 3423 μὴ
1318 3351 1537 3424 ἐξαρκεῖ
1560 3355 1592 3424 ἡ
1621 3353 1714 3422 τοῦ
1748 3353 1881 3408 Θεοῦ

1995 2167 2338 2223 abstinentiae
2381 2167 2486 2220 alia
2524 2167 2665 2221 ratio
2703 2167 2796 2231 sit,
2829 2167 2972 2221 haud
3014 2166 3282 2220 curiosius
3322 2167 3546 2222 investi-

1994 2258 2249 2329 gandum.
2281 2256 2377 2311 Sin
2403 2264 2583 2311 autem
2613 2271 2678 2311 ea
2710 2257 2944 2322 ratione,
2976 2257 3120 2326 quod
3157 2255 3339 2310 divina
3371 2258 3545 2314 virtus

1991 2350 2101 2406 illis
2127 2349 2299 2421 magis
2337 2349 2510 2414 abest,
2553 2357 2647 2402 aut
2679 2349 2912 2418 amplius
2941 2349 3113 2413 inest;
3145 2345 3412 2402 ridiculus
3456 2347 3547 2401 hic

1992 2442 2210 2512 illorum
2238 2440 2454 2496 animus
2478 2455 2542 2494 ac
2568 2455 2764 2495 sensus
2791 2447 2893 2494 est.
2929 2438 3057 2493 Sive
3093 2438 3237 2493 enim
3269 2439 3465 2507 stirpes
3493 2448 3548 2495 et

1991 2533 2190 2608 plantae
2213 2533 2386 2602 magis
2409 2531 2718 2586 materiales
2747 2536 2894 2592 sunt,
2921 2529 3191 2598 quomodo
3217 2529 3546 2597 conveniens

1990 2638 2164 2693 exque
2187 2623 2419 2687 ratione,
2466 2628 2528 2675 ut
2562 2637 2630 2676 eo
2668 2619 2812 2691 quod
2847 2619 3086 2676 deterius
3119 2629 3221 2685 est,
3263 2619 3319 2674 in
3362 2619 3545 2674 cibum

1987 2714 2299 2785 victumque
2329 2713 2582 2769 utamur?
2602 2713 2716 2768 sive
2741 2712 2914 2782 major
2937 2712 2990 2767 in
3013 2712 3093 2768 eis
3115 2721 3202 2770 est
3231 2711 3410 2767 divina
3436 2713 3548 2765 vir-

1990 2811 2100 2867 tus,
2141 2811 2270 2859 sunt
2306 2805 2614 2871 istiusmodi
2660 2805 2716 2858 in
2754 2805 2937 2859 cibum
2981 2804 3152 2868 utilia,
3191 2818 3313 2859 cum
3355 2803 3547 2858 animae

1987 2893 2221 2962 facultas
2249 2896 2521 2962 nutriendi
2551 2904 2712 2966 atque
2736 2901 3082 2968 augmentum
3115 2892 3346 2949 faciendi
3373 2893 3545 2963 magis

1987 3002 2247 3057 corporea
2279 3001 2343 3042 ac
2387 2988 2624 3042 crassior
2655 2987 2745 3042 sit.

2058 3075 2214 3146 Quod
2254 3085 2434 3132 autem
2474 3091 2505 3130 a
2551 3077 2758 3147 nuptiis
2804 3090 2971 3148 reque
3003 3090 3232 3132 venerea
3278 3091 3337 3131 se
3377 3073 3546 3130 absti-

1986 3176 2171 3240 neant,
2201 3177 2508 3224 metuentes
2549 3185 2617 3223 ne
2640 3155 2752 3240 per
2780 3169 2995 3239 generis
3026 3169 3425 3224 successionem
3455 3169 3543 3222 di-

1985 3260 2114 3314 vina
2144 3260 2320 3316 virtus
2347 3261 2403 3315 in
2434 3246 2861 3329 materia-magis
2887 3259 3174 3330 inhabitet,
3219 3260 3389 3314 miror
3410 3274 3545 3328 quo-

1987 3351 2149 3406 modo
2186 3351 2271 3406 vel
2308 3352 2411 3421 ipsi
2444 3367 2502 3419 se
2543 3352 2716 3429 ipsos,
2763 3350 2908 3421 quod
2943 3351 3016 3404 ita
3055 3349 3546 3429 sentiuntkadmit-

329 3410 574 3512 πρόνοια,
603 3441 743 3494 ὥστε
754 3410 856 3496 ’καὶ
879 3441 964 3496 διὰ
989 3410 1398 3511 γενέσεωνίκαὶ
1420 3410 1524 3497 ,διὰ
1551 3410 1656 3496 τῶν
1684 3419 1767 3498 ἀεὶ
1792 3446 1884 3498 καὶ

1990 3450 2123 3498 tant.
2156 3442 2215 3497 Si
2253 3410 2395 3498 enim
2441 3417 2542 3498 nec
2564 3410 2683 3498 .Dei
2716 3410 3054 3516 providentia
3097 3410 3400 3506 suﬁlcitfﬁt
3429 3451 3544 3496 tum

327 3527 583 3592 ὡσαύτως
627 3529 856 3600 ἐχόντων
910 3529 1442 3602 ἀποικονομήσασθαι
1496 3532 1592 3604 τῆς
1625 3531 1755 3602 ὕλης
1789 3533 1886 3604 τὴν

329 3621 479 3675 θείαν
505 3621 748 3691 δύναμιν,
790 3621 872 3685 τίς
927 3624 960 3692 ἡ
1006 3622 1097 3675 τοῦ
1137 3623 1434 3692 Μανιχαίου
1491 3622 1699 3676 ἐπίνοια
1748 3623 1886 3694 ὑπὲρ

326 3707 520 3766 τούτου
543 3713 1044 3785 διαμηχανήσασθαι
1070 3713 1288 3768 δύναται
1310 3731 1324 3779 ;
1352 3714 1426 3768 Οὐ
1470 3715 1576 3784 γάρ
1609 3715 1779 3787 δήπου
1802 3733 1886 3784 γι·-

324 3805 564 3876 γανταίῳ
612 3805 853 3876 λήμματι
906 3806 982 3870 ὼς
1030 3806 1241 3877 ἀληθῶς
1264 3824 1394 3877 φησι
1441 3806 1518 3876 τῷ
1545 3807 1661 3878 Θεῷ
1693 3807 1884 3878 βοηθὸς

323 3895 464 3967 πρὸς
497 3895 653 3948 τοῦτο
688 3881 1002 3965 γεγονέναι,
1043 3896 1150 3959 ἵνα,
1205 3895 1304 3959 τὰς
1356 3897 1596 3964 γενέσεις
1626 3898 1880 3969 ἀναιρῶν,

326 3989 588 4060 σύντομον
620 3977 818 4060 ποιήσῃ
877 3988 973 4060 τὴν
1021 3989 1119 4060 τῆς
1150 3988 1297 4052 θείας
1325 3988 1604 4059 δυνάμεως
1654 3990 1762 4052 ἀπὸ
1783 3991 1884 4066 τῆς

322 4077 458 4150 ὖλης
481 4079 849 4156 ἀναχώρησιν;

308 4219 312 4224 .
399 4171 466 4223 Ἀ
493 4171 550 4224 δὲ
578 4171 789 4240 λέγεται
819 4169 922 4224 ὑπὸ
948 4168 1056 4224 τῶν
1108 4172 1373 4242 ποιήσεων
1413 4171 1539 4241 περὶ
1564 4171 1673 4224 τῶν
1695 4172 1884 4241 γιγάν-

320 4279 451 4326 των,
474 4262 728 4333 ἄντικρυς
755 4262 920 4333 μῦθός
946 4263 1111 4316 ἐστιν.
1158 4264 1220 4315 Οἱ
1270 4262 1368 4333 μὲν
1395 4262 1502 4334 γὰρ
1528 4264 1656 4342 περὶ
1681 4265 1882 4319 τούτων

317 4353 689 4424 διατάττοντες
715 4343 771 4421 ἐν
803 4354 1144 4426 ἀλληγορίαις
1161 4354 1229 4408 τὰ
1251 4355 1472 4408 τοιαῦτα
1496 4357 1875 4428 προφέρονται,

1985 3548 2081 3605 per
2112 3533 2508 3604 generationes,
2555 3541 2670 3588 tum
2701 3548 2798 3604 per
2828 3548 2892 3587 ea
2928 3547 3047 3602 quae
3087 3547 3296 3602 semper
3321 3531 3542 3586 eodem-

1985 3641 2092 3701 que
2120 3625 2282 3680 modo
2325 3639 2384 3680 se
2414 3624 2637 3693 habent,
2685 3625 2922 3680 divinam
2964 3624 3218 3691 virtutem
3249 3638 3280 3676 a
3317 3622 3542 3676 materia

1983 3717 2221 3781 eximat;
2247 3716 2377 3785 quid
2413 3715 2692 3770 Manichaei
2724 3716 2943 3770 solertia
2968 3722 3021 3769 et
3050 3713 3320 3769 subtilitas
3348 3728 3467 3767 eam
3486 3714 3542 3767 in

1983 3825 2097 3878 rem
2144 3809 2446 3864 machinari
2497 3808 2709 3884 potest?
2747 3807 2887 3860 Num
2941 3806 3216 3862 enimvero
3296 3803 3540 3872 giganteo

1981 3918 2206 3961 munere
2237 3919 2366 3959 vere
2402 3901 2514 3958 Deo
2552 3901 2606 3954 in
2637 3900 2740 3955 hoc
2771 3899 2902 3955 dicit
2931 3897 3146 3969 adjutor
3174 3897 3454 3964 exsistere,
3479 3905 3542 3952 ut

1980 3995 2214 4051 sublatis
2239 3991 2682 4065 generationibus
2708 3991 2948 4054 divinam
2973 3992 3230 4045 virtutem
3261 4004 3292 4042 a
3311 3989 3538 4044 materia

1978 4084 2128 4140 brevi
2153 4093 2370 4156 praestet
2402 4085 2687 4141 recedere?
2819 4147 2821 4150 η

2056 4175 2188 4241 Quae
2229 4190 2358 4231 vero
2402 4183 2576 4246 poetae
2615 4176 2682 4231 de
2724 4171 3032 4247 gigantibus
3072 4170 3315 4234 tradunt,
3358 4169 3537 4240 palam

1980 4266 2164 4321 fabula
2205 4273 2308 4320 est.
2354 4264 2456 4342 Qui
2496 4266 2640 4320 enim
2682 4265 2749 4320 de
2789 4253 2874 4320 his
2914 4268 3182 4323 statuunt,
3217 4260 3323 4312 alio
3373 4272 3537 4328 quam

1979 4358 2144 4413 verba
2173 4365 2389 4422 sonent,
2423 4373 2616 4422 sensu,
2648 4357 2778 4410 talia
2799 4355 3102 4426 proferunt,
3137 4350 3330 4410 fabula:
3360 4347 3538 4416 specie

318 4443 384 4496 τὸ
408 4445 599 4516 σεμνὸν
649 4445 742 4498 τοῦ
775 4445 930 4514 λόγου
974 4445 1411 4517 ἀποκρύπτοντες
1440 4451 1506 4518 τῇ
1554 4447 1646 4500 τοῦ
1708 4449 1876 4519 μύθου

1990 4449 2248 4506 sermonis
2297 4451 2527 4522 gratiam
2567 4457 2936 4519 contegentes,
2979 4455 3040 4502 ut
3078 4462 3200 4501 cum
3241 4445 3406 4500 refert
3439 4437 3539 4496 Juv-

321 4535 458 4606 ίδὲᾳο
487 4529 597 4589 οἷον
627 4536 754 4588 ὅταν
800 4534 971 4606 ⁴ἡτῶν
1015 4536 1280 4588 Ἰουδαίων
1331 4537 1536 4607 ἱστορία
1581 4541 1674 4609 φῇ,
1734 4541 1878 4606 Τοὺς

1990 4543 2218 4597 iaeorum
2247 4523 2473 4607 historia
2493 4544 2514 4574 ⁸
2542 4561 2553 4595 :
2593 4541 2802 4596 Venisse
2835 4540 3044 4611 angelos
3075 4548 3133 4592 ut
3167 4554 3283 4592 cum
3323 4535 3535 4605 ﬁliabus

316 4625 615 4696 ἀγγέλους
674 4625 801 4705 ταῖς
834 4619 1174 4696 ’θυγατράσι
1232 4627 1349 4681 τῶν
1419 4628 1742 4708 ἀνθρώπων
1790 4634 1878 4698 εὶς

1990 4633 2243 4696 hominum
2270 4635 2759 4696 commiscerentur;
2794 4647 2986 4702 nempe
3013 4629 3159 4701 quod
3179 4631 3252 4683 ita
3287 4628 3535 4698 loquitur

316 4717 682 4786 ἀφροδισίων
733 4718 1206 4785 συνεληλυθέναι
1255 4718 1440 4798 μίξιν·
1476 4721 1576 4785 τὰς
1619 4723 1726 4794 γὰρ
1752 4724 1877 4795 θρε-

1990 4724 2084 4780 hoc
2123 4725 2459 4795 signiﬁcans,
2495 4724 2642 4782 vires
2690 4725 2884 4778 animae
2927 4713 3047 4793 qua:
3091 4721 3394 4777 inserviunt
3432 4735 3538 4774 nu-

316 4809 519 4874 πτικὰς
540 4809 792 4881 δυνάμεις
812 4810 911 4880 τῆς
939 4809 1112 4880 ψυχῆς
1134 4810 1241 4863 ἀπὸ
1265 4810 1372 4864 τῶν
1404 4813 1514 4866 ἄνω
1544 4814 1634 4866 ἐπὶ
1660 4815 1728 4868 τὰ
1745 4815 1869 4885 τῇδε

1990 4817 2206 4882 Lritioni,
2247 4832 2278 4870 a
2323 4817 2576 4887 supernis
2617 4815 2684 4869 ad
2735 4822 2949 4870 terrena
2999 4813 3316 4870 descivisse.
3356 4811 3538 4867 Poetae

318 4901 354 4974 ἡ
381 4900 602 4972 τοιαύτη
633 4901 879 4980 προφορὰ
927 4901 1020 4954 τοῦ
1053 4901 1210 4969 λόγου
1255 4903 1526 4973 σημαίνει.
1556 4905 1617 4957 Oi
1649 4906 1871 4977 ποιηταὶ

1990 4912 2154 4962 autem
2191 4907 2285 4977 qui
2327 4907 2533 4970 dicant,
2581 4905 2710 4970 Eos,
2746 4920 2862 4957 cum
2897 4903 3090 4957 armati
3117 4919 3145 4957 e
3179 4910 3319 4956 terra
3365 4915 3533 4956 emer-

309 4993 366 5063 δὲ
385 5034 398 5057 ,
431 4994 499 5047 ἐκ
544 4992 654 5063 γῆς
682 4993 980 5057 ἐνόπλους
1011 4990 1300 5059 ἀνασχεῖν
1327 4989 1570 5059 λέγοντες
1607 4987 1872 5054 τούτους,

1990 4998 2191 5062 ιὶεεεηι,
2241 5007 2385 5051 mota
2440 4999 2623 5051 statim
2675 5000 2730 5051 in
2778 4996 2900 5050 deos
2954 4994 3228 5050 rebellione
3276 4994 3534 5062 periisse;

310 5081 412 5137 εἶτ’
445 5083 625 5149 εὐθὺς
656 5082 805 5151 πρὸς
831 5081 1003 5147 θεοὺς
1029 5080 1364 5151 ἐπάραντας
1389 5077 1782 5147 ἀπολωλέναι,
1816 5079 1878 5133 τὸ

1990 5095 2034 5142 ιι
2056 5087 2318 5142 caducam
2350 5089 2651 5159 celerisque
2681 5088 2937 5143 interitus
2971 5101 3262 5158 corporum
3294 5086 3532 5141 indolem

313 5177 444 5246 ταχὺ
474 5174 568 5227 καὶ⁴
600 5172 864 5244 ἐπίκηρον
881 5171 990 5226 τῶν
1018 5172 1282 5243 σωμάτων
1311 5169 1713 5243 ὑποδηλοῦντες,
1736 5169 1878 5224 οὕτω

1993 5178 2332 5244 nsinuarent,
2365 5179 2420 5236 in
2458 5179 2604 5234 hunc
2633 5179 2854 5235 modum
2883 5178 3302 5235 recreandorum
3341 5192 3409 5233 ex
3449 5173 3529 5228 rei

311 5267 411 5338 τὴν
453 5265 669 5337 ποίησιν
719 5267 798 5328 είς
849 5263 1205 5333 ψυχαγωγίαν
1253 5262 1331 5334 τῷ
1377 5261 1613 5335 θαύματι
1645 5279 1878 5318 κατακο-

1990 5268 2234 5323 niraculo
2281 5269 2585 5325 animorum
2633 5286 2800 5328 causa
2864 5272 3058 5342 poesin
3122 5275 3411 5326 exornant.
3459 5263 3528 5318 Hi

315 5355 560 5429 σμοῦσιν.
583 5357 645 5410 Οἱ
673 5356 751 5422 δὲ,
777 5355 927 5408 οὐδὲν
955 5355 1153 5418 εἰδότες
1184 5355 1405 5422 τούτων,
1441 5354 1567 5409 ἔνθα
1592 5355 1637 5410 δ’
1665 5355 1732 5408 ἂν
1765 5372 1874 5408 πα-

1990 5373 2118 5422 rero,
2143 5373 2266 5414 cum
2295 5360 2432 5414 nihil
2459 5361 2652 5416 borum
2684 5362 3007 5432 intelligant,
3045 5361 3140 5416 ubi
3169 5359 3334 5414 ullius
3365 5369 3525 5428 para-

318 5447 644 5520 ραλογισμοῦ
673 5463 814 5511 τινος
842 5445 1142 5516 εὐπορῆσαι
1169 5445 1448 5511 δύνωνται,
1469 5444 1660 5500 ὁπόθεν
1683 5444 1878 5515 δήποτε

1990 5450 2184 5521 ogismi
2236 5466 2424 5507 ansam
2469 5453 2713 5509 nancisci
2741 5453 2978 5516 licuerit,
3013 5450 3371 5515 undecunque
3402 5452 3525 5499 tan-

315 5544 490 5603 ἐκεῖνο
528 5542 753 5614 ἓρμαϊον
801 5536 1006 5592 ἑαυτῶν
1044 5536 1340 5601 ποιοῦνται,
1369 5537 1504 5609 ὅπερ
1533 5537 1878 5608 διαπραγμα-

1990 5541 2092 5597 lem
2143 5541 2248 5598 sibi
2295 5542 2570 5600 inventum
2620 5544 2775 5600 avide
2817 5541 3106 5613 arripiunt,
3147 5547 3202 5595 et
3252 5535 3320 5590 ad
3371 5551 3524 5590 ever-

315 5633 589 5705 τευόμενοι
615 5632 675 5686 τὸ
703 5629 902 5702 ἀληθὲς
929 5628 1080 5704 πάσῃ
1107 5628 1267 5700 τέχνῃ
1292 5627 1769 5700 καταγωνίζονται.

1992 5632 2186 5687 endam
2217 5649 2437 5706 quoquo
2470 5641 2629 5706 pacto
2655 5634 2937 5692 veritatem
2963 5628 3111 5685 omni
3156 5633 3271 5681 arte
3293 5637 3522 5679 consur-

1968 5731 2118 5794 gunL

436 5865 448 5894 ¹
484 5863 611 5925 Gen.
654 5876 790 5926 xm,
826 5860 875 5915 Ι.
985 5863 1006 5895 ²
1036 5862 1163 5918 Gen.
1194 5879 1265 5926 vr.
1295 5864 1350 5918 2.
