4088 6284
499 457 604 517 M7

1310 460 1704 524 ALEXAND!“
1741 460 2238 523 LYCOPOLITANI
2264 462 2352 516 DE
2391 462 2653 519 PLACIT.
2677 461 2957 523 MANICH.

3617 464 3721 522 “8

1141 594 1269 655 CAP.
1296 597 1485 653 XXVI.
1520 597 1664 669 Ignis
1693 596 2055 654 Manichaicus
2088 606 2325 653 vexatus.
2359 596 2507 669 Ignis
2539 598 2649 665 ille,
2677 598 2793 667 ipsa
2826 598 3069 653 materia.

566 715 713 791 Ignis
757 728 938 774 autem
989 718 1113 785 ille,
1170 718 1364 776 urendi
1411 718 1631 790 quidem
1674 718 1733 775 vi
1774 718 2055 790 praeditus,

2229 717 2302 771 Τὸ
2333 717 2390 771 δὲ
2429 718 2539 797 πῦρ
2566 716 2745 780 αὐτοῖς
2773 716 2832 769 τὸ
2875 714 3165 770 καυστικὺν
3214 716 3332 785 μὲν,
3383 715 3620 785 ἀφεγγὲς
3641 716 3715 782 δὲ,

498 810 636 867 nihil
674 814 860 865 tamen
890 811 1029 867 lucis
1071 811 1299 875 habens,
1345 811 1435 882 qui
1475 811 1546 867 sit
1581 818 1736 866 extra
1772 811 2055 878 mundum,

498 915 738 974 quonam
756 900 837 957 eis
858 901 978 957 loco
999 902 1280 958 consistit?
1305 901 1441 957 Nam
1469 903 1516 958 si
1535 903 1751 973 quidem
1772 902 1828 959 in
1857 906 2059 959 mundo

496 999 602 1059 est,
647 1007 748 1048 cur
793 994 1030 1063 mundus
1071 995 1336 1051 hactenus
1387 994 1676 1050 incolumis
1714 997 2061 1065 perseverat?

496 1082 632 1138 Nam
675 1083 721 1140 si
766 1085 1059 1155 aliquando
1110 1086 1310 1157 ipsum,
1361 1086 1413 1145 ei
1452 1087 1887 1159 propinquando,
1939 1085 2062 1143 cor-

496 1184 732 1246 rumpet,
763 1192 909 1233 nunc
935 1193 1151 1250 quoque
1200 1177 1304 1249 ipsi
1357 1178 1688 1249 conjunctus
1719 1187 1824 1235 est.
1868 1178 1926 1234 Si
1962 1195 2060 1235 au-

495 1273 605 1322 tem
631 1281 877 1325 seorsum
903 1276 1009 1336 est,
1041 1271 1196 1326 velut.
1222 1271 1278 1325 in
1307 1272 1530 1343 propria
1564 1272 1693 1328 sede
1720 1286 1785 1327 ac
1814 1272 1934 1328 loco
1970 1289 2061 1329 su-

493 1355 702 1419 blimis,
731 1357 862 1427 quid
888 1369 1078 1428 postea
1106 1368 1168 1414 ut
1195 1359 1250 1413 in
1282 1360 1544 1415 mundum
1575 1358 1857 1414 delabatur
1887 1360 1939 1417 ei
1967 1375 2059 1421 ac-

496 1444 681 1502 cidet?
733 1448 845 1503 Aut
899 1465 1008 1520 quo
1053 1451 1217 1506 modo
1260 1467 1292 1507 e
1333 1452 1455 1508 loco
1503 1465 1604 1507 suo
1646 1452 1899 1516 excedet,
1950 1469 2059 1521 qua

494 1541 844 1609 necessitate,
890 1543 1119 1613 cujusve
1162 1560 1429 1602 excussus
1476 1545 1764 1601 violentia?
1799 1546 2054 1613 Quaenam

495 1647 630 1689 vero
659 1634 821 1689 etiam
849 1634 991 1705 ignis
1022 1636 1327 1694 substantia
1360 1639 1535 1709 possit
1561 1638 1787 1709 intelligi
1812 1640 1930 1695 sine
1955 1655 2054 1711 pa-

495 1723 661 1781 bulol
710 1724 819 1781 Aut
854 1729 1127 1797 quomodo
1173 1730 1457 1785 humidum
1503 1731 1581 1785 illi
1628 1732 1885 1802 pabulum
1932 1734 2063 1788 est?

495 1815 601 1872 nisi
636 1816 782 1887 quod
818 1833 937 1887 quae
966 1818 1034 1875 de
1061 1820 1155 1875 illo
1187 1835 1255 1875 ex
1298 1830 1505 1877 natura:
1539 1822 1712 1893 magis
1750 1823 2056 1881 rationibus

492 1902 775 1971 dicuntur,
814 1921 924 1965 non
952 1917 1035 1963 est
1065 1908 1228 1978 hujus
1259 1916 1524 1968 tractatus
1563 1911 1885 1983 disquirere.
1916 1914 2056 1969 lllud

491 2002 672 2051 autem
708 2011 775 2052 ex
818 1996 903 2055 his
933 2015 1053 2069 quae
1084 2000 1229 2055 dicta
1257 2009 1405 2066 sunt,
1440 2018 1670 2072 prorsus
1703 2004 2054 2062 manifestum

2158 807 2219 860 τὸ
2244 807 2399 870 ἐκτὸς
2418 807 2510 860 τοῦ
2551 807 2774 877 κόσμου,
2821 804 2922 859 ποῦ
2977 805 3220 875 mperat;
3253 806 3317 857 El
3353 804 3449 876 μὲν
3483 804 3592 877 γὰρ
3629 805 3716 858 ἐπὶ

2159 899 2249 952 τὸν
2269 899 2492 970 κόσμον,
2518 900 2573 952 τί
2607 898 2669 951 τὸ
2706 898 2874 953 αἴτιον
2912 896 3006 951 τοῦ
3034 897 3219 969 ἀπαθῆ
3250 893 3386 951 εἶναι
3430 898 3590 970 μέχρι
3626 897 3715 953 τοῦ

2160 991 2421 1063 παρόντος
2446 989 2539 1045 τὸν
2562 990 2801 1061 κόσμον;
2844 992 2908 1044 Εἰ
2957 990 3065 1062 γὰρ
3089 990 3365 1061 διαφθερεῖ
3396 1007 3522 1044 ποτε
3558 989 3715 1044 αὐτὸν

2158 1082 2482 1153 πλησιάσαν,
2513 1083 2606 1139 καὶ
2636 1081 2730 1136 νῦν
2758 1082 2892 1153 πρὸς
2923 1081 3083 1136 αὑτὸν
3111 1080 3399 1151 συνῆπται.
3435 1081 3498 1134 Ei
3522 1080 3579 1134 δὲ
3605 1097 3716 1151 χων-

2161 1173 2246 1246 ρίς
2283 1175 2450 1240 ἐστιν,
2481 1170 2590 1226 οἷον
2606 1173 2682 1237 ὡς
2703 1175 2759 1226 ἐν
2786 1174 2901 1242 ίδίῳ
2936 1174 3084 1245 τόπῳ
3131 1173 3420 1247 μετέωρον,
3450 1160 3516 1227 τί⁴
3546 1173 3713 1228 παθὸν

2160 1267 2384 1340 ὕστερον
2415 1266 2735 1321 ἐπιπέσεται
2773 1266 2850 1338 τῷ
2891 1267 3113 1339 κόσμῳ;
3162 1269 3232 1320 Ἢ
3280 1267 3396 1334 πῶς
3437 1266 3530 1320 τοῦ
3585 1266 3712 1320 ἰδίου

2158 1360 2323 1414 τόπου
2356 1358 2675 1431 ἐκστήσεται
2704 1358 2806 1413 ὑπό
2827 1377 2970 1422 τινος
2992 1360 3231 1431 ἀνάγκης
3255 1360 3349 1413 καὶ
3381 1358 3532 1429 βίας;
3582 1359 3714 1413 Τίνα

2157 1448 2214 1502 δὲ
2239 1451 2333 1505 καὶ
2353 1449 2484 1521 ὕλης
2513 1451 2679 1522 χωρὶς
2704 1451 2902 1504 ἐννοεῖν
2930 1447 3024 1502 τοῦ
3058 1450 3231 1520 πυρὸς
3265 1448 3589 1514 ὑπόστασιν;
3639 1449 3713 1502 Ἦ

2159 1540 2276 1604 πῶς
2302 1540 2365 1594 τὸ
2402 1540 2565 1612 ὑγρὸν
2589 1539 2761 1610 τούτῳ
2787 1539 2932 1593 ἐστὶν
2961 1541 3168 1611 τροφῇ;
3194 1539 3227 1610 ἢ
3251 1539 3349 1592 ὅσα
3372 1537 3589 1607 λέγεται
3616 1553 3712 1606 φυ-

2159 1632 2473 1707 σικῴτερον,
2507 1633 2566 1689 οὐ
2589 1630 2683 1685 τοῦ
2711 1631 2971 1703 παρόντος
3007 1630 3165 1700 λόγου
3204 1630 3367 1684 ἐστίν.
3409 1630 3613 1689 Ἐκεῖνο
3656 1626 3713 1680 δὲ

2157 1725 2375 1789 πάντως
2400 1743 2501 1779 που
2555 1725 2784 1797 φανερὸν
2841 1725 2907 1777 ἐκ
2963 1723 3074 1778 τῶν
3121 1723 3439 1796 εἰρημένων.
3492 1720 3567 1774 Τὸ
3605 1718 3714 1793 γὰρ

2157 1817 2268 1888 πῦρ
2292 1818 2386 1872 τοῦ
2416 1819 2616 1890 κόσμου
2638 1818 2792 1882 ἐκτὸς
2818 1818 3057 1890 ἀκριϐῶς
3092 1820 3236 1871 ἐστιν
3264 1819 3297 1888 ἡ
3325 1815 3588 1886 λεγομένη
3618 1814 3713 1869 ὑπ’

2155 1912 2335 1967 αὐτῶν
2360 1911 2479 1985 ὕλη’
2513 1912 2806 1984 ἐπειδήπερ
2832 1913 2861 1965 ὁ
2884 1911 3031 1982 ἥλιος
3077 1911 3168 1965 καὶ
3198 1911 3231 1981 ή
3265 1908 3458 1980 σελήνη
3482 1906 3713 1977 καθαροὶ
3763 1896 3766 1900 Α

2155 2005 2408 2079 καθαρῶν
2436 2005 2587 2070 ὄντες
2615 2005 2703 2060 διὰ
2748 2005 2847 2077 τῆς
2888 2003 3037 2067 θείας
3083 2002 3358 2072 δυνάμεως
3377 1998 3713 2070 ἀπεζεύχθη-

490 2092 593 2141 est.
623 2084 768 2156 Ignis
805 2087 949 2141 enim
993 2097 1146 2143 extra
1172 2089 1437 2147 mundum
1463 2094 1794 2159 consistens,
1828 2097 2052 2156 omnino

2155 2113 2254 2151 σαν
2281 2097 2375 2150 τοῦ
2410 2098 2579 2169 πυρὸς
2610 2097 2817 2161 τούτου,
2847 2095 2995 2150 οὐδὲν
3019 2091 3223 2147 ἑαυτῶν
3248 2095 3306 2146 ἐν
3336 2091 3413 2163 τῷ
3432 2092 3562 2162 πυρὶ
3584 2089 3712 2143 τού-

488 2184 758 2248 estquam
786 2177 890 2248 ipsi
921 2188 1118 2235 vocant
1149 2183 1430 2238 materiam
1455 2204 1468 2239 :
1500 2186 1939 2257 quandoquidem
1970 2189 2055 2244 sol

486 2279 541 2327 et
573 2271 726 2341 luna,
758 2273 882 2343 puri
916 2288 1177 2345 purorum
1218 2275 1400 2331 divina
1436 2278 1639 2334 virtute
1675 2280 1744 2335 ab
1778 2281 1882 2336 hoc
1928 2281 2053 2353 igne

486 2365 720 2438 sejuncti
758 2374 907 2431 sunt,
953 2369 1103 2423 nulla
1139 2383 1362 2425 suarum
1399 2371 1636 2440 partium
1680 2372 1734 2426 in
1776 2372 1881 2428 hoc
1926 2375 2052 2446 igne

485 2457 697 2514 relicta.
729 2457 861 2514 Erat
890 2459 980 2515 hic
1000 2459 1142 2530 ignis
1176 2460 1294 2531 ipsa
1323 2475 1418 2531 per
1447 2476 1507 2517 se
1528 2463 1776 2529 materia,
1807 2463 1876 2518 ab
1900 2466 2051 2521 omni

484 2564 613 2607 cum
662 2550 848 2608 divina
890 2551 1092 2607 virtute
1137 2567 1363 2622 prorsus
1418 2562 1661 2610 semotus
1698 2555 2047 2611 commercio.

483 2641 847 2713 Quamobrem
890 2645 984 2700 ubi
1030 2644 1263 2701 mundus
1307 2646 1457 2700 omni
1502 2646 1682 2701 divina
1728 2648 1931 2704 virtute
1970 2649 2049 2706 illi

483 2733 810 2792 adversante
846 2727 1238 2802 evacuabitur,
1265 2735 1535 2806 ejusmodi
1569 2753 1763 2794 rursus
1792 2739 1933 2811 ignis
1962 2755 2050 2796 re-

485 2824 788 2897 linquetur;
820 2841 1057 2898 quonam
1100 2827 1268 2897 igitur
1312 2826 1474 2882 modo
1523 2826 1665 2899 ignis
1701 2834 1794 2883 aut
1839 2830 2043 2901 aliquid

483 2926 815 2990 corrumpet,
865 2925 958 2975 aut
996 2919 1066 2973 ab
1109 2933 1174 2974 eo
1206 2920 1632 2990 corrumpetur?
1662 2919 1746 2976 Al)
1795 2936 1860 2976 eo
1897 2920 2046 2981 enim

482 3007 629 3078 quod
657 3008 833 3065 simile
871 3015 974 3073 est,
1022 3018 1131 3064 non
1158 3008 1316 3065 video
1351 3025 1459 3081 qua
1509 3011 1719 3067 ratione
1750 3010 1821 3065 sit
1863 3011 2046 3066 futura

482 3100 782 3173 corruptio.
818 3100 972 3168 Quod
1021 3101 1166 3157 enim
1204 3101 1294 3157 ﬁet
1344 3103 1601 3171 materia,
1654 3102 1838 3156 divina
1883 3104 1951 3158 ab
1979 3119 2044 3158 ea

482 3192 684 3250 virtute
711 3192 981 3265 sejuncta,
1021 3193 1125 3250 hoc
1151 3201 1268 3250 erat
1310 3195 1630 3266 priusquam
1656 3195 1837 3251 divina
1869 3198 2043 3254 virtus

481 3299 604 3341 cum
634 3299 699 3342 ea
741 3285 1202 3342 commisceretur.
1241 3285 1299 3342 Si
1329 3287 1546 3358 quidem
1596 3287 1760 3357 igitur
1791 3287 2038 3353 materia,

478 3375 664 3431 divina
694 3376 953 3434 destituta
981 3377 1184 3434 virtute
1214 3379 1455 3449 peritura
1488 3387 1593 3446 est,
1624 3379 1814 3449 quidni
1855 3379 2037 3449 periit,
2068 3416 2110 3473 C

479 3471 771 3536 antequam
805 3467 969 3523 etiam
1004 3467 1243 3524 divinam
1282 3470 1540 3525 virtutem
1576 3470 1815 3527 ullumve
1842 3487 2042 3527 munus

477 3560 772 3616 oreationis
802 3569 1262 3633 consequeretur;
1289 3570 1350 3617 ut
1387 3564 1646 3634 deinceps
1688 3565 1919 3620 materia
1948 3581 2044 3636 pe-

476 3660 617 3718 reat,
650 3660 706 3710 et
747 3653 804 3709 in
848 3654 1120 3710 inﬁnitum
1162 3656 1216 3710 id
1260 3655 1456 3743 faciat?
1501 3656 1568 3710 Et
1610 3656 1742 3727 quid
1782 3657 2045 3727 prodest?

477 3742 635 3813 Quod
666 3745 812 3801 enim
844 3761 909 3803 ex
945 3745 1120 3817 prima
1149 3742 1427 3802 voluntate
1466 3745 1671 3802 factum
1694 3764 1806 3802 non
1838 3756 1942 3814 est,
1976 3764 2040 3804 ex

478 3838 731 3910 sequenti
759 3837 1036 3911 quomodo
1069 3839 1198 3894 ﬁet?
1230 3846 1324 3894 aut
1355 3854 1602 3911 quaenam
1631 3838 1742 3894 Deo
1784 3840 1945 3907 ratio,
1981 3848 2044 3895 ut

475 3934 695 4003 negotia
745 3931 980 3999 diﬂ‘erat,
1017 3948 1138 4002 quae
1177 3948 1247 3989 ne
1287 3933 1345 3988 in
1388 3933 1509 3989 viro
1554 3933 1774 4005 quidem
1817 3947 1876 3989 se
1908 3933 2043 3989 bene

476 4023 682 4080 habere
722 4024 893 4079 videri
922 4034 1162 4095 queant;
1197 4024 1308 4080 illis
1339 4026 1485 4081 enim
1513 4026 1671 4097 quod
1703 4025 2042 4097 impossibile

480 4118 553 4174 sit
584 4116 889 4173 deliberare
916 4119 1158 4189 proclive
1207 4117 1423 4174 dicatur
1450 4129 1779 4190 competere.
1815 4119 1909 4190 qui
1957 4118 2039 4175 fa-

477 4207 654 4275 ciunt,
685 4214 747 4263 ut
788 4223 889 4264 nec
916 4215 1049 4263 tunc
1076 4207 1244 4263 velint
1286 4222 1410 4262 cum
1440 4211 1701 4280 possibile
1728 4218 1831 4267 est.
1869 4210 2041 4266 Caete-

477 4314 622 4367 rum,
653 4299 757 4355 nisi
777 4299 905 4371 quid
923 4299 1090 4364 aliud,
1112 4299 1281 4354 Deum
1299 4313 1464 4369 supra
1485 4302 1778 4357 essentiam
1806 4308 1861 4357 et
1879 4317 2040 4373 quem

475 4391 686 4459 dicunt,
707 4392 854 4447 velut
883 4406 1079 4449 novam
1108 4391 1396 4463 quamdam
1419 4393 1699 4447 materiam
1734 4393 2035 4447 inducunt:

474 4500 578 4542 nec
605 4499 726 4541 eam
756 4482 998 4555 quidem,
1027 4498 1192 4554 quam
1212 4483 1314 4538 viri
1347 4484 1641 4556 prudentes
1673 4485 1896 4539 omnino
1915 4499 2041 4539 con-

473 4576 720 4649 iunctam
761 4576 1107 4643 existimant,
1157 4583 1252 4632 aut
1292 4593 1415 4648 quae
1453 4576 1696 4633 omnium
1737 4585 2038 4633 extremum

474 4675 581 4734 est,
611 4667 811 4739 vixque
839 4667 896 4723 in
917 4675 1151 4724 mentem
1182 4676 1242 4724 ut
1273 4685 1393 4726 eam
1423 4671 1588 4725 homo
1624 4667 1911 4740 intelligat,
1940 4667 2037 4724 ve-

2151 2207 2229 2260 τῳ
2257 2189 2639 2259 ὐπολείψαντες
2661 2189 2842 2261 μέρος.
2875 2187 3043 2241 Τοῦτο
3062 2181 3129 2258 ἦν
3152 2187 3185 2257 ἡ
3218 2183 3318 2254 ὓλη
3347 2183 3467 2236 καθ’
3492 2181 3709 2253 ἑαυτὴν,

2151 2284 2211 2336 τὸ
2235 2280 2475 2355 ἀκριϐῶς
2503 2282 2730 2353 ἄμικτον
2760 2280 2895 2352 πρὸς
2922 2279 3017 2351 τὴν
3063 2278 3210 2332 θείαν
3234 2276 3483 2346 δύναμιν.
3526 2274 3706 2337 Ὥστε,

2150 2377 2216 2435 ἂν
2234 2373 2441 2445 κενωθῇ
2471 2374 2671 2444 κόσμος
2710 2372 2810 2442 τῆς
2864 2373 2984 2425 κατ’
3011 2368 3172 2425 αὐτοῦ
3211 2368 3488 2439 δυνάμεως
3538 2365 3704 2431 θείας,

2150 2467 2313 2522 πάλιν
2382 2466 2624 2520 τοιοῦτον
2670 2462 3122 2535 ὑπολειφθήσεται
3179 2461 3313 2533 πῦρ,
3365 2460 3483 2523 πῶς
3528 2452 3706 2513 οὖντὸ

2150 2562 2260 2630 πῦρ
2289 2556 2621 2629 ἢδιαφθερεῐ
2650 2573 2723 2621 τι,
2769 2555 2803 2626 ἢ
2853 2555 2942 2607 ὑπ’
2976 2554 3133 2608 ἄλλου
3166 2552 3535 2623 φθαρήσεται;
3564 2548 3706 2622 Πρδς

2148 2648 2256 2719 γὰρ
2287 2647 2380 2701 τοῦ
2406 2648 2590 2720 όμοίου
2622 2644 2720 2717 οὐχ
2749 2646 2859 2719 ὁρῶ
2885 2646 3002 2709 πῶς
3034 2646 3314 2715 γενήσεται
3357 2645 3387 2715 ἡ
3418 2641 3613 2713 φθορά.
3640 2641 3706 2694 Ὃ

2148 2741 2255 2813 γὰρ
2276 2742 2560 2812 γενήσεται
2592 2738 2768 2810 ἡῦλη,
2822 2740 2920 2809 τῆς
2969 2737 3116 2800 θείας
3160 2735 3438 2806 δυνάμεως
3466 2732 3703 2799 ἀποζευ-

2147 2832 2356 2904 χθεῖσα,
2386 2830 2528 2885 τοῦτ’
2547 2827 2615 2903 ἧν
2640 2832 2767 2903 πρὶν
2798 2831 2892 2885 καὶ
2921 2830 3180 2901 μεμίχθαι
3221 2828 3358 2900 πρὸς
3386 2826 3553 2898 αὐτὴν
3603 2826 3705 2898 τὴν

2147 2924 2297 2978 θείαν
2324 2924 2572 2995 δύναμιν.
2603 2924 2667 2977 El
2713 2922 2890 2977 τοίνυν
2919 2921 3196 2975 ἀπολεῖται
3236 2919 3583 2991 ἐρημωθεῖσα
3602 2917 3705 2987 τῆς

2145 3015 2294 3081 θείας
2318 3017 2613 3088 δυνάμεως,
2635 3014 2722 3068 διὰ
2743 3015 2796 3068 τί
2820 3015 2891 3086 μὴ
2916 3015 3008 3068 καὶ
3028 3012 3272 3067 ἀπώλετο
3295 3011 3422 3081 πρὶν
3437 3010 3530 3063 καὶ
3555 3009 3705 3063 θείαν

2142 3108 2370 3181 δύναμιν
2397 3106 2646 3178 γενέσθαι
2668 3106 2700 3177 ἢ
2725 3106 2887 3176 ἀλλην
2917 3103 3291 3176 δημιουργίαν,
3328 3103 3413 3155 ἵνα
3433 3101 3701 3171 ἀπόληται

2143 3201 2178 3272 η
2209 3199 2330 3270 ὕλη,
2354 3199 2448 3253 καὶ
2479 3196 2633 3251 τοῦτο
2656 3197 2854 3268 ποιήσῃ
2896 3196 3085 3267 μέχρις
3114 3192 3375 3263 ἀπείρους
3405 3190 3514 3245 Καὶ
3560 3190 3613 3247 τί
3641 3190 3703 3244 τὸ

2142 3289 2358 3360 ὅφελος;
2391 3291 2456 3342 "0
2482 3287 2589 3359 γὰρ
2623 3286 2697 3359 μὴ
2719 3287 2931 3355 ἐγένετο
2961 3285 3024 3338 ἐκ
3051 3283 3143 3338 τοῦ
3187 3281 3396 3355 πρώτου
3428 3280 3700 3352 βουλήμα-

2142 3400 2252 3447 τος,
2273 3382 2389 3446 πῶς
2422 3384 2486 3435 ἐκ
2516 3380 2609 3435 τοῦ
2640 3379 2889 3451 δευτέρου
2922 3379 3238 3448 γενήσεται;
3293 3376 3326 3448 ἢ
3365 3376 3445 3439 τίς
3496 3377 3524 3428 ό
3545 3374 3702 3443 λόγος

2144 3474 2284 3546 Θεῷ,
2314 3473 2586 3528 ἀναθεῖναι
2612 3471 2930 3544 πράγματα,
2965 3469 3000 3524 ἃ
3030 3470 3137 3524 οὐδ’
3172 3472 3257 3523 ἐπ’
3295 3468 3573 3540 ἀνθρώπου
3602 3484 3703 3523 κα-

2144 3569 2248 3633 λῶς
2274 3568 2417 3639 ἔχειν
2447 3568 2727 3632 ὑπονοεῖν;
2757 3565 2830 3617 Τὸ
2876 3563 2983 3637 γὰρ
3033 3563 3287 3618 ἀδύνατον
3340 3562 3592 3634 πρόσεστι
3622 3560 3702 3632 τῷ

2145 3657 2491 3731 βουλεύεσθαι
2528 3658 2620 3710 ἐπὶ
2668 3654 2777 3710 τῶν
2838 3653 3130 3708 ποιούντων
3182 3652 3317 3725 πρὸς
3362 3651 3439 3723 τῷ
3488 3649 3702 3722 μηδὲτδ

2145 3751 2445 3822 βούλεσθαι,
2478 3750 2580 3803 κᾶν
2608 3748 2829 3802 δυνατὸν
2859 3744 2915 3822 ᾖ,
2947 3747 3248 3819 προχείρως
3273 3745 3468 3817 χρῆναι
3498 3744 3697 3812 λέγειν.

2142 3842 2290 3914 Πλὴν
2322 3843 2371 3895 εί
2407 3842 2480 3912 μή
2510 3859 2561 3895 τι
2587 3840 2791 3913 ἕτερον,
2815 3838 2947 3892 Θεὸν
2981 3838 3074 3891 καὶ
3105 3837 3194 3891 τὸν
3233 3836 3487 3890 ἐπέκεινα
3512 3834 3700 3898 οὐσίας

2142 3933 2407 4002 λέγουσιν,
2435 3932 2622 4004 ὥσπερ
2665 3931 2854 4003 καινήν
2898 3947 3021 3984 τινα
3059 3930 3365 3997 εἰσάγουσιν
3409 3926 3561 3998 ὓληνο
3605 3926 3702 3980 καὶ

2143 4029 2262 4098 οὐχὶ
2294 4027 2390 4099 τὴν
2416 4026 2808 4099 ὑπερημμένην
2837 4022 2987 4095 παρὰ
3036 4025 3145 4086 τοῖς
3170 4021 3294 4076 νοῦν
3317 4022 3547 4093 έχουσινο
3574 4019 3697 4092 ἥνῆ

2146 4119 2220 4191 μὴ
2248 4120 2589 4175 παντάπασιν
2613 4115 2776 4173 οὖσαν
2813 4119 2841 4170 ὁ
2869 4115 3023 4184 λόγος
3050 4114 3309 4187 εὑρίσκει,
3335 4114 3369 4185 ἤ
3394 4112 3455 4167 τὸ
3483 4113 3700 4167 πάντων

2140 4211 2361 4282 ἔσχατον
2379 4213 2469 4265 καὶ
2493 4212 2647 4283 μόγις
2667 4211 2746 4274 εἰς
2773 4209 2975 4263 ἔννοιαν
2996 4205 3334 4279 ἀνθρωπίνην
3361 4201 3699 4274 ἀφικνεῖσθαι

2138 4303 2451 4375 δυνάμενον.
2519 4302 2676 4357 Ἀλλά
2705 4301 2813 4374 γὰρ
2861 4300 2921 4353 τὸ
2951 4299 3060 4372 πῦρ
3107 4299 3164 4353 τὸ
3209 4296 3466 4367 ἀφεγγὲς,
3499 4291 3607 4367 ἆρά
3633 4311 3699 4363 γε

2140 4393 2301 4447 πλέον
2328 4394 2474 4448 ἐστὶν
2496 4394 2594 4465 τῆς
2630 4391 2925 4465 μελλούσης
2954 4388 3406 4463 ἐρημωθήσεσθαι
3439 4385 3569 4458 ὕλης
3592 4385 3699 4439 ἀπὸ

2140 4486 2236 4555 τῆς
2256 4484 2405 4549 θείας
2424 4485 2722 4556 δυνάμεως,
2752 4484 2786 4557 ἢ
2808 4484 3054 4548 ἔλαττον;
3091 4482 3228 4545 Ἀλλ’
3257 4483 3305 4533 εί
3340 4481 3435 4552 μὲν
3460 4479 3696 4543 ἔλαττον,

2141 4577 2258 4642 πῶς
2281 4580 2695 4647 καταγωνιεῖται
2723 4576 2783 4630 τὸ
2807 4577 2994 4640 πλέον;
3024 4577 3071 4628 εἰ
3109 4573 3165 4627 δὲ
3190 4573 3367 4637 πλέον,
3404 4571 3698 4638 ἐπανάγειν

2142 4668 2241 4741 μὲν
2268 4668 2399 4722 αὐτὸ
2420 4668 2736 4739 δυνήσεται,
2790 4666 2890 4738 τῆς
2939 4665 3105 4737 αὐτῆς
3141 4662 3201 4716 ὃν
3246 4662 3473 4733 φύσεως·
3498 4660 3557 4714 οὐ
3594 4657 3700 4729 μὴν

424 4783 438 4803 ι
473 4760 595 4815 nire
614 4759 806 4831 possit.
832 4758 1123 4816 Enimvero
1152 4760 1293 4833 ignis
1320 4761 1413 4816 ille
1456 4761 1801 4825 tenebrosus,
1836 4750 2031 4830 plusne
2062 4767 2070 4821 l

2149 4760 2431 4835 Βιαφθείρει
2455 4777 2518 4830 γε
2542 4761 2690 4814 αὐτό-
2714 4760 2901 4831 ὥσπερ
2922 4757 3040 4813 οὐδὲ
3072 4760 3100 4811 ό
3121 4755 3310 4820 Νεῖλος
3341 4754 3466 4817 τοὺς
3486 4753 3579 4806 ἀπ’
3602 4750 3699 4804 αὑ-

475 4850 616 4905 valet
650 4864 811 4920 quam
844 4851 1093 4917 materia,
1136 4867 1257 4923 qua:
1282 4852 1465 4908 divina
1505 4851 1800 4907 desolanda
1828 4851 2031 4907 virtute

2133 4853 2228 4908 τοῦ
2257 4853 2724 4926 ἀποτεμνομένους
2749 4853 2998 4914 κόλπους.

474 4947 579 5010 est,
609 4956 681 4998 an
708 4942 929 5000 minus?
958 4943 1038 4999 Ac
1059 4944 1108 5001 si
1139 4946 1358 5017 quidem
1410 4944 1615 5013 minus,
1672 4946 1945 5016 quomodo
1986 4947 2317 5017 expugnabit
2357 4946 2503 5019 quod
2541 4953 2626 5003 est
2666 4944 2879 5015 majus?
2927 4942 3024 4997 Sin
3062 4948 3241 4996 autem
3299 4945 3472 5010 plus,
3512 4933 3579 4989 ad
3637 4947 3700 4987 se

476 5035 691 5109 quildem
730 5038 992 5097 reducere
1020 5042 1235 5111 poterit,
1264 5057 1388 5098 cum
1413 5041 1485 5099 sit
1515 5040 1758 5113 ejusdem
1798 5051 2007 5097 naturae
2039 5058 2052 5093 :
2089 5042 2233 5099 haud
2280 5051 2463 5099 tamen
2492 5046 2824 5113 corrumpet,
2840 5045 2899 5097 ut
2937 5051 3110 5109 neque
3138 5033 3311 5103 Nilus,
3350 5030 3444 5105 qui
3481 5029 3550 5084 ab
3601 5027 3697 5081 illo

472 5128 867 5199 abscinduntur
891 5134 1063 5191 sinus.
