4088 6284
497 335 600 392 451

1513 315 1570 386 ‘s.
1613 307 1817 384 rem
1855 306 2318 383 ALEXANlJRlNl
2352 304 2658 381 EPISCDPI

3604 319 3712 372 452

494 455 671 519 tione;
704 451 759 509 2.
795 449 939 506 aliud
969 449 1096 504 item
1123 446 1478 518 fragmentum
1503 461 1568 502 ex
1598 445 1820 500 homilia
1847 443 1926 498 Dc
1948 443 2040 499 ad-
2073 449 2118 506 Α
2147 460 2369 507 σκοπον,
2401 440 2582 496 multis
2631 433 2938 492 criminibus
2985 433 3297 499 convictum,
3346 433 3401 486 in
3447 433 3714 486 communi

494 553 647 599 uentu
677 541 989 605 Saluatoris,
1033 539 1178 608 quod
1210 540 1401 594 recitat
1434 537 1690 592 Leontius
1725 535 2052 606 Byzantinus

495 625 588 688 lib.
621 641 848 686 tcontra
884 628 1191 684 Nestorium
1224 638 1272 683 et
1308 627 1605 698 Eutychen;
1659 627 1709 680 5.
1757 626 2055 694 adjecimus

493 724 747 792 deinceps
778 721 1020 791 ejusdem
1050 721 1350 776 beatissimi
1383 719 1642 774 antiststis
1665 718 1949 787 epistolam
1985 719 2053 772 ad

495 813 788 869 Ecclesiam
843 813 1285 877 Alexandrinam,
1334 825 1525 866 recens
1577 811 1880 880 evulgatam
1929 825 2054 864 cum

493 906 616 959 aliis
644 905 870 960 vetustis
898 901 1152 958 Ecclesia:
1174 901 1538 957 monumentis
1567 917 1597 955 a
1626 900 1689 956 ν.
1710 901 1770 956 C.
1800 901 2055 972 Scipione

495 994 702 1048 Malieio
735 994 832 1064 (i);
862 1008 1022 1063 quam
1049 1000 1268 1048 sanctus
1294 991 1490 1062 praesul
1515 993 1907 1063 conscripsisse
1933 1008 2055 1063 per-

494 1086 713 1141 hibetur
739 1091 863 1156 post
893 1086 1175 1156 epistolam
1207 1086 1273 1139 ad
1309 1084 1578 1140 Meletium
1608 1086 1919 1156 episc0pum
1953 1085 2056 1157 Ly-

493 1175 878 1244 copolitanum,
925 1191 956 1229 a
998 1176 1168 1230 beatis
1198 1175 1603 1231 conlesSoribus
1627 1174 1915 1247 Hesychio,
1952 1174 2055 1229 Pa-

491 1266 729 1330 chomio,
783 1264 1066 1321 Theodoro
1116 1275 1170 1320 et
1212 1263 1399 1320 Philea
1443 1273 1719 1320 exaratam
1753 1266 1846 1337 (λ).
1885 1265 1945 1319 In
1989 1280 2054 1322 ea

493 1370 655 1426 porro
688 1356 915 1426 epistola
945 1362 1168 1410 sanctus
1212 1354 1430 1422 Petrus,
1472 1355 1854 1410 Alexandrinis
1885 1356 2056 1411 inter-

492 1446 636 1501 dicta
663 1463 787 1502 cum
811 1447 1021 1502 Meletio
1043 1447 1442 1512 communione,
1470 1448 1659 1502 scribit
1687 1463 1744 1502 se
1771 1433 1853 1502 illi
1874 1465 2055 1503 occur-

491 1555 677 1594 surum
725 1556 842 1593 cum
885 1539 1204 1610 sapientibus
1248 1541 1394 1604 viris,
1447 1549 1494 1594 et
1530 1540 1761 1594 visurum
1791 1556 1905 1611 qua:
1934 1550 2056 1595 sunt

491 1647 608 1702 quae
636 1631 726 1686 ille
757 1633 1024 1704 cogitavit,
1054 1633 1286 1688 innuens
1326 1631 1574 1686 videlicet
1607 1630 1872 1702 synodum
1907 1630 2056 1686 illam

492 1721 936 1786 Alexandrinam,
971 1722 1023 1776 in
1057 1737 1162 1792 qua
1201 1721 1546 1792 postmodum
1576 1722 1844 1776 celebrata
1875 1735 2056 1776 sacer-

2151 536 2508 604 episcoporum
2541 531 2740 602 synodo
2772 527 3036 597 deposuit.
3077 524 3340 601 Caeterum
3371 523 3438 579 de
3469 533 3714 595 tempore

2152 640 2260 695 quo
2286 625 2449 694 cmpit
2482 623 2755 678 funestum
2799 619 3038 675 schisma
3086 617 3450 684 Meletianum,
3492 615 3713 671 Baronii

2154 717 2477 772 sententiam
2515 716 2576 786 (ι)
2625 713 2759 769 illud
2807 711 3068 783 illigantis
3110 725 3252 764 anno
3281 708 3385 763 506
3409 717 3716 781 propugnat

2154 807 2414 862 adversus
2446 807 2664 878 Pagium
2689 815 2742 860 et
2770 803 3226 877 MOntiauconium
3258 800 3508 856 laudatus
3535 800 3718 857 Malle-

2153 901 2239 954 ius
2261 901 2378 969 (m),
2408 906 2521 952 tum
2546 914 2612 952 ex
2637 899 2736 952 hac
2767 895 2913 952 Petri
2944 892 3296 949 Alexandrini
3319 892 3570 962 epistola,
3597 899 3715 946 tum

2151 1006 2280 1046 vero
2303 991 2357 1044 in
2376 991 2566 1060 primis
2595 1004 2659 1044 ex
2689 989 2855 1043 altera
2877 994 3110 1058 quatuor
3131 983 3530 1056 episcoporum,
3555 983 3715 1052 cujus

2154 1084 2209 1138 in
2238 1098 2337 1139 sua
2360 1081 2604 1137 meminit
2631 1080 2770 1134 idem
2800 1086 3021 1135 sanctus
3044 1076 3222 1144 Pater,
3249 1090 3518 1146 quamque
3538 1091 3565 1128 a
3587 1073 3719 1129 Phi-

2153 1177 2236 1230 lea
2273 1173 2543 1228 Thmueos
2564 1171 2818 1242 episcopo
2861 1169 3030 1225 fuisse
3071 1167 3430 1236 conscriptam
3464 1167 3718 1236 superius

2154 1266 2545 1324 edisseruimus
2570 1264 2682 1334 (n);
2712 1264 2764 1317 4.
2799 1263 3012 1316 demum
3047 1260 3167 1314 loco
3204 1258 3501 1329 fragmenta
3535 1257 3720 1328 profe-

2154 1362 2328 1416 rimus
2357 1374 2420 1414 ex
2449 1356 2800 1428 disputatione
2824 1353 2887 1407 de
2921 1351 3200 1413 Paschate,
3229 1365 3350 1420 quae
3378 1351 3432 1404 in
3473 1349 3720 1404 Chronici

2155 1441 2434 1507 Paschalis
2468 1449 2652 1504 limine
2685 1455 3001 1508 occurrunt,
3036 1444 3102 1498 de
3137 1458 3367 1513 quorum
3403 1442 3719 1497 sinceritate

2155 1532 2282 1599 alibi
2328 1557 2428 1598 nos
2473 1541 2782 1612 disputasse
2821 1533 3182 1597 meminimus,
3217 1533 3305 1589 ubi
3349 1533 3416 1588 de
3453 1533 3511 1587 δ.
3559 1531 3720 1587 Clan-

2155 1637 2248 1692 dio
2268 1633 2562 1705 Apollinari
2593 1631 2756 1687 verba
2788 1629 3016 1685 fecimus
3043 1628 3139 1698 (ο).
3175 1626 3291 1681 Huc
3327 1641 3455 1681 vero
3487 1633 3541 1680 et
3584 1625 3717 1680 illud

2156 1723 2366 1780 accedit
2393 1723 2461 1777 ad
2490 1721 2648 1778 ﬁdem
2677 1719 2916 1774 auctoris
2939 1712 3190 1773 Chron‘ici
3218 1716 3459 1788 ejusdem
3483 1715 3721 1771 Pascha-

494 1809 644 1866 dotio
688 1811 791 1866 fuit
839 1812 1083 1881 dejectus
1125 1811 1267 1866 idem
1307 1811 1570 1866 Meletius.
1603 1811 1678 1866 De
1706 1827 1811 1881 qua
1834 1809 2050 1881 quidem
2079 1797 2125 1858 Β
2154 1816 2221 1870 lis
2262 1813 2712 1878 conﬁrmandam,
2753 1809 2897 1881 quod
2931 1807 3285 1864 Casaubonus
3321 1823 3386 1863 ex
3416 1808 3584 1862 veteri
3625 1823 3721 1862 co-

495 1903 702 1974 synodo
728 1904 842 1958 haec
879 1903 1041 1959 habet
1087 1913 1308 1959 sanctus
1358 1903 1689 1958 Athanasius
1719 1903 1791 1975 (k)
1820 1923 1832 1957 :
1864 1903 2057 1957 Petrus

497 1993 635 2062 apud
667 2011 759 2048 nos
792 2003 912 2048 ante
935 1993 1340 2063 persecutionem
1364 1995 1652 2063 episcopus,
1696 2004 1744 2048 et
1789 1995 1842 2048 in
1887 1994 2060 2064 perse-

496 2088 699 2141 cutione
746 2096 970 2158 martyr,
1004 2087 1273 2142 Meletium
1313 2089 1402 2158 qui
1431 2089 1494 2142 ab
1523 2089 1754 2160 zEgypw
1788 2090 2057 2158 episcopus

494 2175 708 2243 dicitur,
745 2179 1004 2233 Μελέτιον
1037 2179 1144 2233 ἀπὸ
1170 2179 1269 2250 τῆς
1296 2179 1568 2249 Αἰγύπτου
1609 2181 1899 2252 λεγόμενον
1938 2180 2060 2234 ἐπί-

594 2310 632 2380 i)
671 2309 1085 2382 hlall‘eiAOsserv.
1123 2311 1316 2375 letter.,
1347 2321 1483 2382 tom.
1511 2307 1602 2375 lll,
1638 2327 1758 2382 pag.
1789 2305 1874 2368 l7.

593 2381 650 2466 ἢ
667 2379 808 2466 Χίρε
823 2380 1168 2466 “Patrologia'
1207 2393 1407 2438 nostra:
1447 2379 1859 2437 GriecolLatinae
1901 2391 1939 2438 t.
1982 2381 2052 2449 Χ,

497 2447 788 2505 001.1565.
822 2449 980 2504 Enn.
1071 2447 1091 2454 ⁷
2038 2447 2045 2449 ⁷

567 2519 872 2592 (lt)_Athan.
904 2521 1054 2590 Apol.
1079 2531 1244 2577 contr.
1265 2521 1478 2587 Arian.,
1518 2520 1545 2592 ς
1570 2521 1660 2586 '59,
1694 2519 1829 2591 Opp.
1857 2529 1988 2576 tom.
2011 2521 2052 2587 Ι,

497 2601 630 2733 ωῗὸ
897 2661 964 2733 ad
993 2675 1122 2715 ann.
1153 2661 1276 2723 506,
1307 2659 1448 2733 ἐμ.

566 2729 664 2800 (ut)
691 2730 864 2786 Μαίῐεὶ
887 2730 924 2783 ι.
949 2747 1020 2795 c.,
1052 2746 1174 2804 pag.
1197 2733 1287 2787 24.

500 2879 758 2902 ﬁ

2153 1907 2274 1962 dice
2313 1921 2416 1961 ms.
2449 1905 2558 1961 duo
2600 1906 2718 1960 loca
2748 1903 2954 1974 profert
2982 1902 3056 1973 (p)
3089 1901 3154 1956 ad
3189 1901 3434 1956 eamdem
3466 1900 3718 1970 disputa-

2152 1999 2354 2053 tionem
2389 1998 2712 2068 spectantia,
2751 2011 2870 2065 quae
2901 1994 3043 2065 apud
3081 1995 3232 2048 illum
3269 2002 3548 2049 auctorem
3587 2009 3720 2048 ano-

2155 2105 2373 2161 nymum
2404 2089 2596 2144 iisdem
2626 2089 2803 2142 verbis
2835 2086 3109 2158 descripta
3134 2086 3340 2152 videas,
3374 2097 3437 2142 ut
3476 2087 3533 2141 in
3573 2087 3719 2142 notis

2156 2177 2416 2252 subjectis
2445 2181 2740 2236 innuimus.-

2229 2315 2306 2381 (n)
2340 2307 2470 2369 Vide
2493 2324 2696 2368 tomum
2733 2314 2897 2382 s'upra
2924 2312 3168 2382 citatum,
3196 2313 3301 2367 c'ol.
3339 2307 3492 2382 1559.

2227 2374 2300 2464 (ρ)
2332 2383 2467 2464 Vide
2483 2374 2940 2464 Patrologiw'tom.
2960 2374 3022 2436 ν.
3041 2413 3112 2464 -_—_-
3131 2374 3354 2464 Accedlt
3372 2381 3426 2464 S.
3443 2381 3716 2464 Petriser-

2155 2452 2244 2526 mo
2263 2452 2486 2526 Syriace
2511 2461 2566 2510 et
2594 2452 2785 2509 Latine
2806 2455 2874 2508 ab
2895 2457 3032 2524 Ang.
3057 2453 3198 2508 Maio
3224 2455 3524 2524 evulgatus.
3556 2452 3711 2506 Enrr.

2155 2525 2562 2722 :(EJTCasaub.
2588 2593 2820 2650 Exercit.
2852 2609 2939 2648 xvr
2968 2596 3035 2648 ad
3067 2594 3261 2648 Annal.
3295 2592 3448 2659 εισι,
3481 2591 3542 2664 §§
3572 2591 3636 2645 ιε
3665 2601 3719 2646 et

1012 3039 1390 3156 ACTA
1463 3038 2075 3154 SINCERA
2164 3037 2679 3154 SANCTI
2769 3025 3194 3151 PETRI

1501 3277 1782 3323 EPISCOPI
1812 3263 2246 3322 unimanum:
2280 3277 2361 3320 ΕΤ
2390 3273 2707 3322 manners

1233 3425 1686 3490 ANASTASIO
1717 3423 2406 3489 BIBLIOTHECARIO
2441 3422 2974 3486 INTERPRETE.

1439 3590 1616 3667 (Apud
1646 3588 1866 3656 Maium,
1896 3588 2161 3659 Spicilegii
2189 3596 2335 3646 torno
2363 3589 2450 3658 lli,
2474 3603 2597 3662 pag.
2624 3588 2775 3662 671.)

1632 3891 1898 3984 MAII
1974 3892 2589 3987 MONITUM.

2094 4089 2166 4108 ἠ

568 4207 912 4282 Αηδειδίεὶιιηι
941 4205 1418 4282 Bibliothecarium
1447 4207 1793 4266 transtulisse
1821 4225 1852 4267 e
1881 4203 2067 4269 Graeco
2094 4211 2401 4282 passionem
2437 4209 2610 4267 sancti
2640 4207 2786 4266 Petri
2820 4207 3158 4266 Alexandriae
3185 4209 3456 4282 episcopi,
3485 4209 3718 4268 allii-mat

499 4282 736 4354 primum
763 4281 990 4354 ipsemet
1018 4279 1342 4354 Anastasius
1381 4280 1436 4332 in
1463 4282 1684 4354 prologo
1706 4299 1812 4354 suo
1835 4283 1902 4354 ad
1947 4279 2256 4354 passionem
2306 4291 2608 4352 martyrum
2649 4295 2960 4354 ugccchxxx
2987 4319 3002 4346 ,
3054 4279 3236 4354 quenf
3262 4279 3605 4354 Mabillonius
3657 4285 3713 4338 in

499 4346 680 4407 Musca
708 4346 899 4424 Italico
921 4356 1053 4424 toni.
1076 4346 1130 4411 1,
1161 4353 1301 4424 part.
1331 4364 1402 4424 ll,
1432 4346 1486 4417 p2
1515 4346 1871 4424 _80,'vulgavit
1896 4371 1908 4406 :
1943 4346 2056 4422 post
2085 4353 2405 4424 translatam
2442 4346 2472 4424 ᾇ
2506 4367 2585 4404 me
2619 4352 2689 4404 ad
2715 4353 3015 4424 petitionem
3045 4346 3343 4424 sanctitatis
3365 4361 3477 4424 tum
3511 4352 3714 4424 (loqui-

499 4430 588 4473 tur
615 4434 736 4491 cum
765 4417 1208 4491 lietroepiscopo
1240 4417 1572 4491 Gavinensi)
1622 4417 1916 4491 passionem
1944 4417 2206 4491 'prwcipui
2254 4422 2484 4476 doctoris
2535 4435 2585 4474 et
2631 4417 2886 4491 martyris
2915 4421 3082 4491 Petri,
3134 4417 3528 4476 Alexandriam
3563 4417 3712 4477 urbis

499 4490 747 4570 episcopi.
780 4487 1311 4558 Deinde’anonymus
1335 4489 1662 4610 biogralphus
1682 4489 1907 4548 Joannis
1940 4487 2048 4545 VIII
2079 4487 2183 4547 PP.
2219 4491 2359 4563 apud
2401 4487 2848 4572 Muratorium
2874 4490 2912 4546 I.
2940 4490 2996 4546 S.
3033 4502 3161 4546 tom.
3197 4491 3372 4614 lli,
3407 4507 3458 4557 ι,
3500 4509 3552 4562 p.
3581 4494 3710 4556 269,

499 4560 554 4612 1d
577 4573 750 4614 lusum
778 4558 1064 4611 conﬁrmat
1097 4575 1109 4611 :
1145 4560 1458 4611 Anastasius
1539 4575 1641 4614 om.
1670 4559 1916 4614 Ecclesia:
1947 4562 2370 4614 bibliotliecarius
2407 4561 2678 4614 transtulit
2711 4571 2870 4614 etiam
2908 4563 2970 4614 de
3002 4561 3181 4614 erco
3208 4564 3260 4614 in
3344 4564 3546 4614 atinum
3586 4580 3710 4614 nas-

1539 4575 1641 4614 om.
1670 4559 1916 4616 Ecclesiae
1947 4559 2370 4617 bibliotliecarius
2407 4561 2678 4614 transtulit
2711 4561 2870 4614 etiam
2908 4563 2970 4617 de
3002 4561 3181 4616 erco
3208 4564 3260 4614 in
3297 4559 3396 4615 Lat

499 4560 554 4612 id
577 4561 750 4628 ipsum
778 4558 1064 4628 conﬁrmat
1097 4559 1458 4628 :Anastasins

3403 4545 3546 4640 ilium
3585 4545 3711 4640 pas:
3737 4545 3747 4640 ξ

499 4627 699 4702 sionem
727 4628 896 4681 sancti
927 4627 1073 4681 Petri
1096 4627 1451 4702 Alexandrini
1475 4630 1864 4699 archiepiscopi.
1911 4630 2292 4687 Verumtamen
2325 4648 2390 4686 ex
2419 4632 2648 4686 diversis
2681 4646 2801 4700 quae
2822 4632 3100 4702 habentur
3119 4633 3292 4686 sancti
3324 4631 3469 4702 Petri
3501 4627 3713 4702 passio-
3739 4627 3742 4654 ‘

499 4699 1032 4772 n_ibus,gq_uamnam
1079 4698 1809 4772 Anastasiustranstulerit,
1841 4702 2155 4769 conjectura
2193 4701 2622 4772 cognoscendum
2658 4698 2761 4758 est.
2819 4701 3026 4756 Etenim
3079 4701 3272 4756 Surius
3322 4701 3390 4754 ad
3446 4698 3588 4757 diem
3641 4703 3710 4757 26

498 4767 819 4842 lfiovembris
847 4768 1091 4842 quaedam
1117 4769 1368 4842 breviora
1393 4769 1527 4822 Acta
1561 4770 1755 4824 recitat
1781 4809 1794 4831 ,
1829 4767 2002 4840 eaque
2033 4773 2100 4826 ab
2120 4767 2408 4826 Anastasio
2428 4787 2549 4826 esse
2575 4772 2871 4826 arbitratus
2905 4782 3020 4838 est,
3051 4778 3334 4842 propterea
3358 4772 3502 4842 quod
3521 4772 3591 4842 in
3615 4787 3711 4827 co-

499 4837 713 4912 dicibus
744 4837 944 4912 legerat
978 4839 1255 4912 prologum
1287 4837 1684 4912 ad_martyrum
1716 4837 2024 4896 nccccuxxx
2051 4842 2356 4912 passionem
2383 4881 2398 4906 ,
2453 4843 2609 4910 cujus
2639 4857 2802 4912 supra
2848 4837 3228 4907 meminimus;
3286 4837 3465 4912 itaque
3516 4841 3711 4897 iisdem

500 4906 888 4983 verbis_utitur_
910 4906 1102 4983 _Surins
1129 4906 1677 4983 qu_ib_us_Anastasius
1711 4913 1766 4964 in
1791 4912 1936 4983 dicto
1968 4906 2213 4983 prologo,
2245 4926 2439 4983 n_emp_e_
2462 4906 2966 4983 pr'azcipui'doctoris
3017 4922 3066 4965 et
3099 4912 3349 4983 martyris
3379 4906 3537 4983 :Petri
3566 4914 3710 4983 _Ale-

495 4977 774 5031 xandrinw
804 4977 947 5051 urbis
987 4980 1211 5048 episcopi
1247 4978 1352 5046 (vel
1380 4980 1724 5048 patriam/ue,
1770 4991 1828 5035 ut
1863 4977 2056 5037 Surius
2086 4977 2152 5037 et
2187 4977 2518 5037 codex'Vat.
2548 4977 2746 5050 reginae
2779 4981 3078 5037 Suecorum
3105 4977 3302 5047 542,1
3339 4982 3403 5034 72
3428 4983 3502 5051 b).
3560 4979 3709 5037 Surii

498 5048 1186 5121 tamensententiaelnulli
1213 5056 1361 5121 certo
1379 5061 1699 5121 argumento
1740 5052 1938 5106 innixae
1978 5068 2087 5107 non
2119 5053 2386 5121 acquievit
2409 5048 2675 5106 Baronius
2712 5053 2766 5105 in
2799 5053 3243 5106 adnotationibus
3274 5051 3342 5105 ad
3387 5048 3709 5121 Martyrolo-

497 5120 642 5187 gium
675 5119 816 5191 dicta
852 5116 956 5172 die.
993 5117 1081 5191 Sic
1108 5120 1248 5172 enim
1283 5120 1356 5171 ait
1384 5138 1397 5172 :
1433 5116 1462 5168 εί
1489 5118 1759 5176 Habemus
1792 5123 1896 5176 alia
1928 5122 2169 5191 ejusdem
2191 5116 2334 5176 Petri
2361 5121 2494 5174 Acta
2525 5122 2764 5191 pleniora
2788 5122 2844 5175 in
2874 5129 2980 5176 vet.
3003 5122 3122 5176 cod.
3149 5137 3277 5186 ms.,
3305 5138 3424 5190 quae
3450 5116 3706 5191 quoniam

498 5189 808 5261 accuratius
831 5190 1140 5261 conscripta
1165 5197 1486 5255 noscuntur,
1510 5191 1820 5256 Anastasio,
1845 5189 1971 5247 mea
2010 5194 2278 5247 sententia
2304 5231 2317 5253 ,
2347 5189 2538 5261 potius
2553 5192 2833 5245 tribuenda
2864 5193 3137 5261 videntur.
3183 5191 3278 5247 Est
3299 5189 3514 5246 illoruin
3543 5207 3704 5245 exor-

497 5257 647 5310 dium
675 5276 688 5311 :
723 5257 795 5330 Si
819 5272 992 5330 omnes
1024 5257 1122 5311 mei
1153 5275 1364 5330 sensus.
1394 5261 1466 5330 L(
1491 5261 1688 5316 labitur
1721 5265 1980 5317 memoria
2007 5262 2275 5316 Baronius
2303 5257 2396 5330 qui
2434 5263 2672 5316 scribere
2717 5262 2936 5324 debuit,
2985 5259 3044 5315 Si
3087 5277 3264 5316 omnes
3317 5264 3421 5330 mei
3471 5263 3705 5330 corporis

497 5336 646 5401 artus
671 5367 686 5389 ,
722 5329 800 5401 uti
834 5329 1031 5401 legitur
1061 5327 1201 5401 apud
1229 5326 1374 5399 nos.)
1397 5326 1661 5401 _Eam_dem
1687 5332 1754 5387 de
1776 5333 1896 5388 istis
1919 5333 2068 5387 Actis
2090 5326 2410 5386 sententiam
2441 5347 2548 5401 prae
2575 5347 2632 5385 se
2653 5331 2852 5386 tulerat
2885 5331 3151 5386 Baronius
3199 5334 3253 5386 in
3293 5327 3488 5384 Annal.
3517 5326 3584 5385 ad
3612 5347 3702 5386 an.

497 5396 622 5459 3l0,
657 5397 748 5466 qui
781 5405 834 5451 et
862 5397 1090 5471 ipsisgad
1113 5396 1501 5471 contexendam
1531 5399 1674 5455 Petri
1709 5403 1999 5456 Historiam
2029 5403 2242 5455 naviter
2273 5417 2405 5456 usus
2436 5396 2538 5456 est.
2565 5406 2682 5471 iugo
2710 5401 2874 5470 igitur
2913 5401 3237 5471 auctoritate
3266 5402 3480 5456 Baronii
3508 5401 3701 5464 fretus,

497 5474 864 5588 praetereaque
894 5467 1132 5521 bonitate
1156 5474 1345 5535 captus
1377 5470 1634 5524 Actorum
1668 5472 1883 5536 horum,
1913 5488 2034 5543 qua:
2062 5473 2117 5525 in
2143 5479 2455 5540 pervetusto
2478 5467 2666 5527 codice
2709 5467 2887 5543 raperi
2915 5470 3178 5528 Vaticano
3201 5473 3306 5528 602
3329 5512 3344 5537 ,
3391 5473 3704 5542 passionem

537 5551 640 5588 anc
677 5537 1010 5588 celeberrimi
1039 5537 1416 5588 Alexandrinae
1438 5541 1586 5588 urbis
1608 5542 1846 5588 enismni
1873 5552 1926 5588 et
1956 5543 2208 5588 martvris
2229 5543 2478 5588 exhibeo.

537 5551 640 5612 anc
677 5537 1010 5612 celeberrimi
1039 5537 1416 5612 Alexandrina:
1438 5541 1586 5612 urbis
1608 5542 1847 5611 episcopi
1873 5537 2208 5612 et'martyris
2229 5543 2478 5596 exhibeo.

569 5606 770 5682 frater
797 5607 911 5682 haec
941 5608 1153 5661 sincera
1187 5614 1241 5682 et
1270 5606 1657 5682 Anastasiana,
1683 5612 1751 5665 de
1784 5606 1984 5682 quibus
2013 5606 2281 5666 hactenus
2310 5612 2442 5682 dixi,
2472 5613 2605 5668 Acta
2626 5651 2642 5674 ,
2667 5609 2859 5668 Latina
2881 5612 2985 5668 alia
3015 5612 3255 5682 legebam
3283 5612 3336 5665 in
3365 5611 3554 5666 codice
3578 5609 3703 5665 Vat.

497 5673 838 5752 6‘22_,“aeque
888 5676 1054 5752 ferme
1101 5677 1364 5752 antiquo;
1399 5677 1516 5752 hinc
1563 5673 1742 5752 tamen
1782 5673 1872 5734 illa
1899 5683 2016 5752 ipsa
2045 5691 2174 5738 sunt
2215 5697 2334 5752 quae
2375 5673 2734 5752 CbmbellSius
2763 5683 2818 5737 in
2846 5684 3002 5752 lectis
3030 5673 3343 5750 T'riumphis
3369 5692 3706 5752 martyrum,

498 5755 553 5811 p.
591 5743 692 5800 189
714 5743 890 5815 seqq.,
916 5744 1098 5803 Graece
1128 5743 1297 5804 edidit
1321 5754 1374 5803 et
1403 5745 1695 5804 Latinitate
1726 5765 1863 5807 nova
1893 5743 2142 5814 donavit.
2174 5743 2300 5824 quia
2328 5759 2562 5810 veterem
2611 5751 2817 5808 codicis
2861 5751 3107 5807 Vaticani
3154 5743 3360 5806 textum
3399 5743 3708 5818 igndrabat;
