4088 6284
296 310 398 365 453

296 420 419 494 Tria
451 429 580 494 sunt
611 423 777 494 igitur
810 430 981 484 sancti
1007 429 1153 486 Petri
1179 433 1529 491 Alexandrini
1561 450 1700 494 mart

1615 327 1801 384 ACTA
1833 330 2150 388 SINCERA.

3400 357 3505 412 £54

298 443 419 503 .u'I'a
451 443 580 520 sum
612 443 777 508 igitur
810 443 981 510 sancti
1009 443 1153 514 Petri
1179 443 1529 518 Alexandrini
1561 443 1814 510 martyris
1852 443 2020 508 Acta;
2051 446 2104 499 l.
2139 443 2362 500 Sincera
2399 455 2586 503 nostra
2630 457 2682 506 et
2721 453 2960 509 omnium
3011 453 3210 527 Optima
3230 501 3245 525 ,
3278 463 3510 524 Baronio

290 491 1194 588 jiidice:,3.ﬁbr‘eviorani‘lla‘LatIna
1218 505 1360 586 apud
1393 504 1647 588 Surium;
1679 511 1730 564 5.
1765 511 1949 588 Graeca
1981 515 2410 588 Comhelisiana,
2453 535 2574 588 qua:
2613 529 2739 576 sunt
2767 526 2955 580 eadem
2986 525 3177 586 Latine
3203 533 3259 587 in
3288 537 3505 588 codice-

2613 529 2739 608 sunt
2767 526 2955 608 eadem
2986 525 3177 586 Latine
3203 533 3259 587 in
3288 537 3506 608 codice,

294 569 352 614 ut
379 561 636 630 diximus,
666 565 786 621 Vat.
818 569 940 625 622.
972 571 1082 626 Nos
1110 561 1442 644 vero'prima
1474 585 1528 631 et
1560 561 2812 663 praestanti;eique-inedita

1266 834 2020 958 INCIPIUNT
2092 845 2511 962 ACTA.

350 1111 410 1167 Si
438 1129 628 1172 omnes
673 1117 778 1173 mei
807 1121 1054 1191 corporis
1086 1131 1236 1179 artus
1275 1131 1618 1180 verterentur
1649 1129 1706 1182 in
1740 1129 1841 1184 lin-
1863 1141 1915 1200 Α
1942 1131 2122 1200 itaque
2147 1129 2481 1186 sanctissimi
2509 1131 2612 1187 viri
2639 1135 2946 1206 episcopale
2985 1138 3306 1199 inchoantes
3346 1160 3497 1202 exor-

277 1221 413 1277 guas
433 1246 448 1271 ,
481 1223 778 1279 omnesque
809 1213 1176 1268 membrorum
1207 1230 1496 1286 compages
1522 1221 1839 1277 articulatas

274 1297 500 1353 ederent
528 1315 711 1365 voces,
737 1302 859 1373 quis
874 1304 958 1358 vel
984 1305 1183 1374 qualis,
1203 1317 1507 1376 quantusve
1534 1310 1696 1365 fuerit
1719 1313 1839 1366 bea-

271 1389 521 1444 tissimus
570 1389 731 1446 Pater
783 1401 969 1450 noster
1008 1393 1226 1462 Petrus,
1259 1398 1634 1455 Alexandrinae
1691 1404 1836 1458 sedis

271 1481 740 1552 archiepiscopus,
794 1486 1098 1556 exprimere
1155 1490 1463 1546 nullatenus
1516 1493 1831 1551 suflicerem.

268 1567 580 1626 Praesertim
605 1583 808 1644 quanta
828 1585 1184 1648 tyrannorum
1210 1582 1470 1650 pericula,
1492 1595 1833 1657 quantosque

269 1663 558 1730 gentilium
598 1673 761 1736 atque
808 1667 1189 1726 haereticorum
1240 1674 1466 1729 subierit
1517 1678 1828 1744 conflictus,

269 1759 495 1828 papyris
525 1760 706 1814 omnia
754 1763 1000 1829 tradere,
1049 1767 1134 1820 vel
1189 1767 1424 1822 maxime
1470 1768 1828 1842 incongruum

265 1848 542 1913 ducimus,
562 1867 629 1907 ne
650 1851 848 1909 favoris
877 1854 1022 1911 illius
1045 1858 1428 1928 panegyricum
1450 1864 1830 1919 commendare

263 1941 449 2010 potius
471 1942 754 1998 videamur
777 1961 940 2015 quam
984 1948 1297 2017 passionum
1325 1989 1338 2011 ,
1385 1951 1542 2018 cujus
1571 1955 1828 2020 praeclaro

266 2034 460 2087 annisu
491 2036 752 2105 populum
795 2036 904 2092 Deo
935 2040 1262 2109 acquisitum
1299 2041 1505 2096 salvum
1539 2042 1715 2098 facere
1741 2046 1827 2100 vi-

265 2125 440 2181 riliter
473 2129 732 2183 cucurrit.
765 2127 1145 2185 Verumtamen
1187 2131 1314 2201 quia
1347 2132 1411 2186 ad
1444 2132 1648 2188 intima:
1689 2150 1825 2191 con-

264 2220 588 2274 versationis
618 2235 681 2274 ac
703 2221 946 2275 mirificaa
980 2221 1100 2289 ejus
1129 2223 1360 2276 actionis
1393 2225 1663 2278 narranda
1689 2241 1826 2294 prae-

263 2313 420 2365 conia
452 2313 590 2367 ratio
613 2313 938 2377 succumbit,
961 2324 1014 2368 et
1031 2329 1209 2369 sermo
1233 2314 1475 2370 sufﬁcere
1515 2317 1823 2374 nullatenus

260 2405 425 2467 valet,
455 2405 574 2459 ideo
607 2405 952 2460 commodum
999 2407 1335 2462 aestimamus
1383 2421 1444 2461 ea
1482 2408 1823 2464 solummodo

1945 1224 2125 1286 dium,
2183 1221 2356 1290 ipsius
2405 1221 2707 1292 ﬂagitemus
2744 1229 3083 1297 orationem,
3135 1243 3194 1287 ut
3238 1249 3339 1291 nos
3382 1253 3496 1292 eam

1943 1320 2132 1368 nostro
2163 1313 2303 1383 stylo
2329 1315 2751 1382 cooperatricem
2780 1319 2977 1374 habere
3007 1323 3360 1391 gaudeamus.

2010 1403 2336 1459 Alexandria
2365 1405 2528 1473 igitur
2552 1407 2684 1462 urbs
2709 1410 2941 1479 copiosa:
2967 1415 3360 1483 magnitudinis
3384 1427 3493 1485 est,

1940 1507 2061 1561 qua:
2086 1507 2194 1548 non
2235 1491 2616 1564 Egyptiorum
2647 1497 3011 1564 solummodo,
3036 1504 3131 1558 sed
3159 1507 3320 1560 etiam
3358 1507 3498 1564 The-

1937 1590 2178 1644 baeorum
2208 1597 2372 1660 atque
2403 1589 2726 1662 Libycorum
2758 1593 2900 1647 haud
2933 1598 3125 1664 procul
3170 1599 3237 1652 ab
3263 1600 3492 1671 Egypto

1938 1680 2305 1750 principatum
2333 1687 2500 1735 tenet.
2554 1679 2860 1738 Salutifera:
2906 1691 3087 1739 autem
3135 1685 3260 1741 Jesu
3289 1688 3492 1744 Christi

1937 1771 2148 1826 Domini
2177 1772 2349 1827 nostri
2382 1772 2776 1831 incarnationis
2817 1776 3175 1831 ducentorum
3216 1781 3490 1850 octoginta

1934 1872 1987 1916 et
2013 1863 2255 1932 quinque
2277 1877 2542 1917 annorum
2566 1863 2804 1920 circulus
2833 1867 3167 1932 volvebatur,
3189 1885 3309 1924 cum
3337 1887 3489 1927 vene~

1933 1952 2121 2008 rabilis
2176 1952 2426 2008 Theonas
2471 1955 2713 2023 ejusdem
2773 1955 3012 2013 civitatis
3064 1974 3202 2028 papa
3256 1964 3489 2019 aethereo

1931 2041 2117 2094 volatu
2151 2041 2396 2096 caelestia
2433 2057 2601 2112 regna
2630 2044 2953 2097 conscendit
2980 2045 3075 2115 (b).
3107 2047 3207 2101 Cui
3241 2049 3488 2118 profecto

1930 2140 2260 2187 memoratus
2278 2129 2472 2188 Petrus
2487 2133 2554 2189 ad
2576 2133 2928 2188 ministranda
2949 2135 3202 2191 Ecclesiae
3222 2140 3488 2208 guberna-

1929 2223 2052 2277 cula
2085 2223 2381 2278 succedens
2402 2261 2418 2286 ,
2449 2222 2518 2276 ab
2557 2223 2706 2277 omni
2728 2223 2875 2278 clero
2911 2233 2963 2279 et
2992 2225 3303 2282 Christiana
3335 2233 3487 2300 plebe

1928 2314 2212 2369 ordinatus
2239 2321 2320 2369 est
2370 2312 2634 2382 pontifex,
2679 2321 2871 2370 sextus
2915 2317 3161 2374 decimus
3213 2321 3416 2377 scilicet
3455 2337 3486 2376 a

1927 2404 2107 2458 Marco
2136 2402 2464 2472 evangelista
2493 2403 2764 2472 simulque
2794 2403 3202 2477 archiepiscopo
3240 2408 3484 2477 ejusdem

258 2493 600 2560 describere,
646 2498 846 2567 quibus
877 2497 1067 2567 utique
1094 2487 1180 2553 .ad
1219 2498 1567 2568 pontificatus
1616 2500 1825 2570 apicem
1854 2500 1898 2554 B
1926 2496 2183 2551 civitatis.
2229 2494 2329 2550 llic
2353 2495 2499 2550 enim
2526 2495 2674 2550 velut
2701 2494 2920 2552 Lucifer
2964 2499 3104 2552 inter
3150 2509 3301 2555 astra
3347 2519 3482 2558 con-

254 2589 646 2644 conscendisse
667 2588 956 2658 pandatur,
988 2597 1064 2652 et,
1088 2590 1219 2645 Ario
1248 2606 1279 2644 a
1317 2592 1580 2646 catholica
1612 2594 1822 2649 unitate

253 2680 508 2749 praeciso,
552 2680 958 2750 martyrialihus
989 2681 1188 2736 laureis
1223 2682 1293 2737 sit
1320 2690 1633 2738 coronatus.
1665 2683 1820 2739 Hunc

252 2778 439 2827 tamen
500 2772 796 2843 gloriosum
845 2773 1006 2827 finem
1063 2789 1128 2828 ac
1178 2775 1450 2844 magniﬁci
1508 2776 1818 2832 certaminis

254 2866 538 2933 speculum
563 2905 578 2930 ,
613 2881 790 2936 operae
821 2867 1052 2936 pretium
1086 2867 1165 2921 eis
1211 2866 1458 2922 sullicere
1495 2867 1657 2923 credo
1677 2907 1693 2932 ,
1724 2869 1817 2940 qui

252 2964 502 3009 nostram
540 2956 825 3014 attendunt
863 2958 1240 3022 devotionem,
1276 2974 1341 3012 ac
1383 2959 1500 3014 sine
1547 2961 1816 3015 mendacii

250 3048 384 3103 fuco
416 3049 706 3104 veridicam
733 3066 841 3106 non
888 3051 1168 3122 ambigunt
1204 3051 1592 3106 narrationem.
1639 3051 1817 3122 Hujus

321 3222 399 3295 (a)
429 3223 752 3298 Eragmenta
785 3227 1044 3298 Actorum
1083 3225 1137 3281 S.
1156 3227 1316 3298 Petri
1358 3227 1579 3298 Coptice
1615 3237 1668 3286 et
1706 3231 1820 3287 ιδ..

247 3294 368 3367 tine
405 3294 572 3367 edidit
622 3296 885 3367 Georgius
917 3297 1372 3367 Zoega,Danus,
1427 3294 1482 3353 in
1529 3301 1670 3356 libro
1719 3305 1808 3358 cui

247 3365 440 3440 t_i_tulus
477 3385 508 3440 :_
523 3365 812 3440 Catalogu}
843 3365 1078 3440 codicum
1108 3366 1441 3440 Copticorum
1475 3386 1603 3425 mss.
1636 3375 1727 3440 qui
1753 3375 1807 3426 in

247 3433 432 3509 Musca
467 3433 734 3509 Borgian_o
774 3436 986 3509 Velitris
1025 3433 1380 3509 asservantur.
1411 3437 1596 3494 Roma:
1625 3433 1762 3496 1-810
1787 3483 1802 3509 ,

246 3504 453 3576 in:fol.,
485 3523 538 3576 p.
563 3504 590 3560 ἱ
601 3508 650 3563 1.
685 3507 764 3561 En
791 3523 854 3562 ea
885 3507 1072 3562 Latine
1102 3508 1310 3564 reddita
1338 3527 1350 3562 :

309 3573 352 3650 ΙΓ
387 3573 690 3650 ςοᾱηχιν,
714 3593 788 3650 ex
811 3580 928 3650 vol.
950 3576 1130 3650 Vatic.
1159 3593 1292 3632 an.
1326 3577 1640 3634 Encomium
1665 3583 1804 3650 quod

243 3646 468 3717 scripsit
494 3647 654 3700 abbas
688 3647 986 3702 Alexander
1020 3649 1434 3717 archiepiscopus
1464 3646 1804 3708 Alexandria:

243 3663 345 3698 scr:
386 3663 455 3699 sit
494 3663 654 3700 aooas
688 3663 986 3702 Alexander
1020 3663 1434 3717 archiepiscopus
1464 3663 1802 3708 Atexanaria:

241 3663 398 3788 ing.
438 3716 652 3771 Petrum
686 3719 934 3788 virginem
982 3727 1032 3771 et
1084 3719 1526 3788 archiepiscopum
1569 3720 1802 3786 ejusdem

242 3785 390 3840 urbis
412 3827 426 3850 ,
449 3789 556 3858 _qui
594 3785 906 3858 martyrium
933 3789 1184 3842 sustinuit
1219 3785 1312 3856 pro
1349 3785 1554 3842 nomine
1582 3785 1798 3845 Domini

241 3858 410 3929 nostri
432 3856 560 3912 Jesu
585 3856 781 3914 Christi
803 3899 818 3921 ,
843 3859 978 3929 quod
999 3867 1048 3912 et
1070 3860 1304 3929 recitavit
1337 3859 1389 3929 in
1421 3861 1652 3912 oratorio
1682 3861 1794 3929 ejus

240 3926 374 3998 quod
409 3938 484 3981 est
526 3946 557 3981 a
595 3939 744 3996 parte
780 3926 1092 3984 occidentali
1131 3928 1310 3991 urbis,
1336 3927 1422 3979 ubi
1454 3929 1648 3996 festum
1680 3926 1793 3998 ejus

240 3997 504 4068 celebrant
526 3998 608 4051 die
630 3999 899 4053 honorata:
925 3999 1594 4068 commemorationisiejus,
1613 3997 1794 4068 quiest

238 4066 345 4137 dies
371 4067 444 4121 29
464 4071 655 4122 mensis
677 4071 862 4122 Athor.
895 4069 960 4123 In
983 4084 1107 4137 pace
1123 4069 1219 4122 Dei
1235 4084 1403 4120 amen.
1429 4066 1632 4121 sermo
1654 4069 1794 4125 inter

239 4136 340 4208 alia
371 4146 457 4193 est
477 4139 544 4193 de
575 4139 809 4194 Sabellio
837 4136 1119 4201 haeretico,
1163 4139 1254 4208 qui
1285 4138 1520 4208 surrexit
1552 4147 1793 4208 tempore

238 4199 472 4263 Theome
528 4209 920 4280 archiepiscopi
989 4199 1405 4276 praedeéessoris
1481 4199 1676 4280 Petri,-
1724 4209 1791 4264 de

236 4280 615 4356 persecutione
641 4277 755 4356 sub
770 4277 1123 4356 Diocletiano,
1141 4293 1257 4356 qua
1279 4281 1496 4356 vigente
1525 4277 1582 4330 in
1616 4277 1790 4356 Meso-

235 4350 528 4416 potamiam
559 4351 782 4406 secessit
802 4351 994 4406 Petrus
1016 4347 1304 4404 comitibus
1326 4347 1532 4417 Achilla
1553 4357 1604 4401 et
1626 4349 1788 4417 hujus

235 4421 466 4475 encomii
501 4429 752 4489 auctore;
777 4421 843 4476 de
867 4421 1069 4475 Melitio
1090 4420 1345 4489 episcopo
1374 4416 1782 4489 Lycopolitano,

233 4491 318 4555 qui
349 4491 577 4546 absente
614 4488 772 4545 Petro
801 4491 998 4545 invasit
1026 4488 1290 4544 thronum
1313 4488 1670 4551 Alexandriae,
1690 4490 1785 4544 sed

233 4567 420 4631 postea
452 4563 520 4615 ab
554 4578 618 4617 eo
661 4562 714 4614 in
739 4559 1030 4631 Egyptum
1060 4574 1279 4615 reverso
1329 4557 1517 4631 pulsus
1548 4559 1785 4631 e_st;__de

231 4629 354 4685 Ario
389 4633 707 4702 presbytero
747 4626 1085 4701 qui'secutus
1108 4626 1344 4684 errorem
1372 4626 1619 4697 Origenis
1641 4627 1783 4683 aﬂir-

232 4702 398 4754 mavit
426 4701 622 4756 Filium
657 4701 751 4758 Dei
776 4717 896 4757 esse
927 4709 1254 4755 creaturam.

299 4770 645 4842 Subscriptio
674 4774 728 4826 in
758 4772 862 4842 fine
895 4791 907 4826 :
944 4771 1198 4832 Domine,
1249 4768 1492 4822 miserere
1537 4771 1671 4822 servi
1708 4772 1782 4824 tui

231 4836 437 4895 diaconi
471 4836 726 4896 (Idbrielis
757 4841 978 4896 Cosmce.
1006 4842 1190 4894 Amen.

297 4911 355 4966 ll.
405 4912 539 4966 Cod.
573 4912 702 4974 XV,
738 4927 802 4966 ex
836 4913 945 4966 vol.
978 4910 1152 4964 Vatic.
1192 4925 1322 4962 an.
1362 4907 1685 4976 Martyrium
1717 4907 1775 4962 S.

233 4977 372 5034 Petri
419 4983 794 5051 archiepiscopi
833 4982 1220 5042 Alexandrini,
1267 4980 1354 5047 qui
1386 4980 1780 5051 consummavit

233 5062 484 5105 certamen
527 5047 680 5105 suum
725 5047 962 5105 sanctum
1013 5055 1096 5105 die
1127 5051 1194 5103 '29
1230 5049 1420 5102 mensis
1471 5047 1653 5100 Atltor.
1712 5047 1779 5101 In

232 5135 346 5187 pace
383 5122 496 5177 Dei.
527 5125 711 5176 Amen.

1924 2603 2187 2657 surgens,
2259 2593 2571 2642 sanctarum
2633 2587 2800 2642 radiis
2866 2587 3128 2642 virtutum
3197 2593 3478 2658 emicans,

1922 2692 2100 2731 arcem
2126 2676 2246 2731 fidei
2275 2675 2805 2745 magnificentissime
2841 2677 3195 2748 gubernabat.
3246 2680 3305 2736 in
3328 2679 3479 2738 Scri-

1919 2768 2094 2836 pturis
2142 2782 2268 2843 vero
2314 2767 2515 2822 divinis
2569 2767 2812 2836 priorum
2843 2767 3047 2822 nullius
3097 2768 3357 2836 inferior,
3409 2770 3479 2828 ad

1918 2857 2174 2914 Ecclesiae
2216 2859 2505 2914 utilitatem
2538 2866 2701 2928 atque
2747 2859 3161 2914 instructionem
3219 2862 3478 2918 nobiliter

1918 2951 2240 3017 insistebat;
2273 2951 2560 3020 prudentia
2581 2967 2799 3021 quoque
2837 2950 3152 3020 singularis,
3185 2961 3239 3008 et
3267 2954 3323 3008 in
3355 2970 3476 3010 om-

1914 3045 2077 3100 nibus
2115 3043 2389 3114 perfectus
2409 3085 2424 3110 ,
2459 3059 2585 3098 vere
2617 3043 2872 3099 sacerdos
2905 3051 2960 3098 et
2993 3042 3169 3098 hostia
3199 3043 3318 3112 Dei,
3345 3059 3472 3117 erga

1911 3217 2109 3274 throno
2126 3219 2394 3291 Achillam
2427 3228 2480 3276 et
2506 3229 2630 3291 post
2651 3221 2796 3276 hunc
2826 3222 3228 3288 Alexandrum;
3278 3222 3468 3278 Arium

1911 3297 2089 3360 autem
2122 3290 2344 3360 impium
2394 3290 2887 3360 anathematizavit.
2933 3293 3385 3347 Commemoravit
3411 3300 3468 3348 et

1910 3357 2106 3441 fratres
2132 3357 2436 3441 episcopos,
2468 3359 2654 3441 Phylel
2684 3370 2738 3441 et
2769 3360 3130 3441 Hesychium,
3143 3370 3203 3441 et
3219 3361 3467 3441 Pahhotn

1907 3438 1960 3482 et
2002 3429 2373 3500 Theodorum,
2409 3429 2502 3500 qui
2553 3429 2610 3484 in
2652 3429 2892 3484 vincula'
2924 3430 3154 3499 conjecti
3215 3431 3463 3494 fuerant,

1906 3512 2014 3567 quo
2042 3506 2285 3570 tempore
2317 3499 2441 3568 ipse
2463 3500 2660 3555 absens
2704 3509 2821 3554 erat
2863 3503 2920 3554 in
2953 3501 3372 3570 Mesopotamia,
3411 3510 3464 3556 et

1905 3569 2150 3639 martyrii
2178 3583 2436 3622 coronam
2467 3577 2790 3639 acceperant
2818 3586 2926 3624 una
2958 3586 3081 3624 cum
3103 3569 3316 3625 clericis
3339 3571 3462 3638 plus

1904 3637 2061 3708 ncu.’
2094 3637 2351 3691 Hortalus
2375 3637 2706 3708 quoque—est
2731 3655 2880 3702 suos,
2915 3647 2975 3694 ut
3004 3648 3260 3694 caverent
3286 3655 3316 3693 a
3341 3637 3460 3695 Me-

1904 3707 2020 3761 litio
2040 3707 2423 3778 Lycopolitano
2458 3707 2549 3778 qui
2583 3709 2855 3764 lacerabat
2889 3708 3191 3778 Ecclesiam
3224 3716 3279 3763 et
3322 3711 3459 3764 insi.

1903 3778 2022 3832 dias
2045 3777 2291 3832 struebat
2319 3777 2496 3833 bouis.
2528 3778 2569 3831 E
2595 3794 2815 3833 carcere
2844 3779 3042 3834 ductus
3063 3786 3145 3832 est
3175 3777 3366 3834 Petrus
3399 3781 3456 3835 in

1823 3831 1866 3892 (ἶ
1900 3831 2074 3901 locum
2116 3831 2275 3918 quem
2327 3831 2521 3902 vocant
2563 3831 3183 3916 Bucolo—rumvjuhiﬂs.
3223 3831 3456 3918 unica;

1894 3916 2223 3988 evangelista
2259 3933 2450 3986 passus
2477 3926 2616 3973 erat.
2648 3918 2704 3972 ln
2733 3920 2926 3973 itinere
2964 3918 3177 3988 obviam
3213 3916 3340 3972 facti
3370 3934 3455 3974 se-

1894 4001 1995 4058 nex
2025 3987 2077 4042 et
2099 4003 2346 4058 anus,4a
2387 3995 2570 4042 castro
2616 3990 2680 4042 ad
2724 3989 2982 4058 Oppidum
3026 3987 3454 4055 descendentes,

1892 4057 2208 4128 obtulerunt
2250 4056 2296 4110 ei
2330 4059 2518 4126 pellem
2554 4056 2985 4128 quadrangtrlam
3021 4066 3074 4111 et
3113 4058 3448 4128 sindonium.

1890 4125 2185 4196 Postquam
2217 4125 2395 4180 autem
2420 4125 2640 4182 ventum
2669 4125 3075 4196 esset'amplius
3106 4127 3172 4180 ad
3197 4135 3446 4182 austrum

1891 4196 1945 4249 in
1973 4197 2151 4251 locum
2194 4197 2438 4267 martyrii
2470 4196 2526 4252 S.
2566 4197 2768 4265 Marci,
2818 4198 2872 4252 in
2917 4196 3050 4252 valle
3099 4205 3343 4266 porrecta
3383 4198 3449 4252 ad

1889 4268 2164 4336 planitiem
2209 4271 2616 4336 sepulcrorum,
2681 4270 2887 4324 tribuni
2943 4267 3112 4322 recidi
3164 4267 3449 4335 jusserunt

1888 4345 2050 4409 caput
2079 4335 2245 4390 Petri.
2272 4335 2426 4403 Quod
2459 4338 2551 4392 ubi
2585 4339 2806 4394 rescivit
2835 4338 3066 4409 populus
3089 4377 3103 4401 ,
3127 4337 3334 4409 scilicet
3357 4353 3446 4409 ar-

1887 4407 2288 4476 chiepiscopum
2346 4415 2615 4462 nocturno
2663 4407 2902 4477 tempore
2957 4415 3010 4461 et
3048 4407 3338 4477 remotiore
3391 4408 3445 4462 in

1886 4478 2009 4531 loco
2037 4477 2400 4538 interfectum,
2435 4493 2643 4546 magna:
2668 4476 2840 4533 turba:
2867 4484 3004 4531 natae
3027 4484 3176 4546 sunt.
3201 4476 3442 4530 Conten-

1884 4548 1962 4601 tio
1986 4549 2148 4603 etiam
2189 4557 2308 4601 orta
2343 4553 2426 4603 est
2456 4549 2510 4600 in
2533 4545 2746 4617 ’pOpulo
2778 4549 2846 4617 de
2872 4562 3098 4617 corpore
3123 4545 3277 4617 ejus,
3311 4546 3444 4617 dum

1885 4619 1976 4694 alii
1998 4619 2233 4694 sepelire
2265 4619 2464 4672 vellent
2496 4619 2551 4670 in
2577 4616 2809 4694 ec_clesia
2837 4616 3092 4694 Theonm,
3125 4616 3214 4694 alii
3242 4616 3295 4694 in
3320 4616 3443 4694 loco

1886 4686 1944 4742 S.
1995 4685 2176 4742 Marco
2235 4694 2572 4743 consecrato.
2621 4689 2883 4742 Proceres
2937 4693 3114 4741 autem
3169 4685 3439 4750 civitatis,

1883 4760 2142 4813 senatorii
2177 4759 2421 4812 homines
2454 4772 2520 4810 ex
2545 4755 2742 4811 Dromo
2762 4795 2776 4819 ,
2809 4757 2966 4810 veriti
2989 4771 3057 4810 ne
3082 4753 3321 4807 oriretur
3354 4771 3439 4810 se-

1881 4829 2050 4894 ditio,
2095 4843 2293 4898 corpus
2324 4827 2460 4898 pelle
2500 4827 2588 4898 illa
2624 4827 3355 4898 involutumtranstulerupt
3383 4825 3439 4880 in

1881 4893 2470 4968 navigiumfsiquidem
2510 4897 2662 4968 locus
2689 4897 2824 4968 mari
2855 4895 3172 4968 adjacehat,
3206 4905 3260 4949 et
3292 4893 3438 4968 Pha—

1880 4963 2378 5023 rum'circumvecti
2408 4967 2727 5035 appulerunt
2757 4966 2824 5019 ad
2855 4963 3029 5018 loeum
3053 4965 3256 5018 dictum
3290 4963 3437 5019 Leu-

1879 5049 2047 5099 cates,
2083 5038 2155 5090 ibi
2178 5038 2543 5105 deposuerunt
2570 5036 2624 5087 in
2659 5035 2992 5098 ctemeterio,
3016 5035 3159 5103 quod
3188 5036 3303 5103 ipse
3333 5035 3434 5088 sibi

1882 5116 2260 5162 construxerat
2295 5108 2349 5159 in
2389 5105 2650 5160 suburbio
2681 5119 2710 5156 a
2753 5112 2904 5174 parte
2941 5105 3264 5158 occidentali
3299 5105 3434 5157 civi-

294 5166 831 5260 Xrgu'aeﬁiiiﬁ'rere
859 5191 961 5245 hoc
999 5185 1654 5260 estzAnnoDioclctiani
1679 5202 1775 5260 χιχ
1809 5166 1852 5220 Ῑ)
1883 5181 2028 5260 tatis.
2077 5175 2180 5230 Sed
2228 5176 2460 5260 populus
2512 5189 2619 5260 uti]:
2661 5166 2913 5260 permisit
2953 5181 3028 5260 ut.
3069 5177 3395 5260 sepeliretur
3414 5212 3429 5235 .

232 5258 454 5337 excitata
479 5272 564 5337 est
595 5264 802 5337 ingens
820 5261 1129 5337 persecutio
1149 5300 1162 5317 .
1185 5268 1245 5337 e_t_
1268 5258 1466 5310 tribuni
1496 5265 1549 5337 et
1583 5259 1772 5337 praesif

232 5328 318 5384 des
348 5332 412 5385 ad
445 5333 497 5386 id
525 5328 970 5387 conslituti'sunt
1005 5332 1057 5382 in
1082 5330 1333 5382 ontnibus
1368 5328 1682 5396 provinciis,
1717 5334 1772 5380 et

232 5397 280 5451 in
298 5400 528 5477 ngypto
557 5402 873 5477 a_Thebaide
903 5414 1292 5477 magna_usque
1320 5395 1384 5450 ad
1418 5395 1616 5466 Libyen
1650 5411 1770 5477 (una;

230 5468 514 5540 porrigit—ur
543 5474 606 5525 ad
652 5488 823 5540 usque
850 5468 1060 5546 Leptin.
1098 5468 1398 5546 lmniensus
1441 5468 1768 5546 autemnfuit

230 5533 519 5596 inartvrum
561 5533 820 5596 numerus
850 5543 902 5594 in
930 5533 1112 5593 Africa
1140 5547 1194 5592 et
1215 5536 1572 5596 Mauretania,
1597 5533 1764 5654 {Egy-

230 5616 330 5654 mo-
366 5601 636 5654 ’l‘hphnidp
702 5613 940 5654 Cvr-ann-
964 5609 1249 5654 Pnimslina
1286 5618 1338 5654 et
1373 5605 1669 5654 thnicm.
1731 5620 1764 5654 n

229 5616 331 5727 rte,
366 5601 666 5673 Thebaide.
702 5613 942 5684 Cyrene,
964 5609 1250 5690 Palaestina
1286 5618 1338 5662 et
1373 5601 1766 5686 thniciaz'ln

245 5679 304 5727 iis
356 5680 580 5727 Petrus-
631 5697 858 5727 magnus
903 5681 1341 5727 archiemsconus
1390 5675 1763 5727 Alexandriae.

245 5679 308 5758 iis
341 5680 581 5758 Petrus,
631 5675 1341 5758 magnusarchiepiscopus
1390 5675 1763 5758 Alexandria-3,

231 5751 311 5807 qui
341 5751 392 5805 in
419 5768 636 5809 carcere
665 5747 943 5812 praedixit,
991 5747 1374 5807 successurum
1418 5747 1520 5802 sibi
1559 5759 1680 5800 esse
1710 5747 1765 5798 in

1879 5257 2167 5316 antequam
2200 5244 2479 5321 mortuum
2512 5245 2870 5321 collocassent
2901 5244 2956 5297 in
2991 5244 3190 5321 throno
3219 5244 3430 5321 episco-

1877 5319 1982 5388 pali
2015 5312 2067 5370 in
2102 5315 2850 5388 ecclesia,_clero__comit_ante
2871 5355 2884 5378 ,
2909 5329 3018 5388 quo
3053 5314 3196 5368 facto
3234 5312 3429 5380 sepeli-

1876 5385 2071 5442 verunt
2099 5402 2223 5439 eum
2257 5387 2308 5438 in
2331 5385 2596 5440 sindoniis
2635 5395 2688 5438 et
2718 5385 3038 5439 holosericis
3064 5399 3189 5438 cum
3215 5395 3428 5434 aroma-

1876 5459 2038 5513 libus.
2074 5456 2230 5510 EDIT.
2257 5455 2427 5509 ΡΑτιι.

1945 5527 2019 5600 (b)
2071 5527 2224 5600 Apud
2268 5525 2484 5600 Eusebii
2532 5523 2887 5600 Chronicum,
2923 5524 2980 5577 in
3020 5530 3249 5600 utraque
3305 5531 3426 5600 mea

1873 5586 2135 5656 editione.
2163 5595 2546 5650 Mediolanensi
2602 5610 2665 5650 ac
2705 5586 2984 5655 Romana,
3031 5590 3095 5642 ad
3144 5586 3288 5656 hunc
3316 5586 3430 5641 fere

1874 5684 2074 5724 annum
2095 5682 2202 5723 non
2227 5668 2406 5722 obitus
2423 5706 2438 5732 ,
2467 5665 2561 5723 sed
2590 5667 2802 5721 initium
2825 5663 3170 5730 episcopatus
3191 5655 3429 5714 Theonas

1873 5739 2073 5796 refcrtu
2083 5753 2123 5792 r.
