4088 6284
559 355 665 412 ι55

1569 351 1624 406 S.
1657 347 1859 406 PETRI
1891 345 2355 405 ALEXANDRINI
2394 347 2699 405 EPISCOPI

3651 353 3762 408 458

560 480 772 534 omnem
803 465 1091 523 sacerdotii
1121 479 1308 521 curam
1340 465 1532 522 diebus
1565 480 1628 521 ac
1678 465 1931 520 noctibus
1961 465 2102 536 vigi-
2134 478 2182 526 Α
2207 465 2402 529 illuxit,
2426 470 2810 534 coeperuntque
2840 462 3021 518 fideles
3051 463 3118 516 ad
3152 471 3445 534 martyrum
3469 465 3761 522 memorias

559 556 736 612 lanter
759 557 1077 612 desudabat.

630 647 735 702 Sed
765 647 890 716 quia
918 662 1130 717 semper
1155 648 1270 702 zelo
1307 647 1608 717 percutitur
1636 646 1841 711 virtus,
1875 646 2105 700 feriunt-

554 753 660 808 que
685 752 928 793 sunnnos
951 735 1164 806 fulgura
1191 746 1432 801 montes,
1464 736 1781 790 aemulorum
1807 735 1936 790 hinc
1980 736 2105 791 inde

553 826 881 880 multifarios
918 826 1224 895 patiebatur
1254 824 1557 880 conﬂictus.
1580 823 1720 894 Quid
1739 825 1935 894 plura?
1967 839 2105 893 pene

550 915 697 969 omni
721 924 959 984 tempore
985 917 1109 971 vita:
1157 931 1267 970 suae
1297 916 1350 968 in
1381 915 1758 984 persecutione
1789 915 1951 985 degit.
2001 914 2103 972 Or-

549 1004 754 1060 dinavit
791 1007 993 1062 interea
1021 1006 1413 1076 quinquaginta
1449 1013 1501 1060 et
1530 1005 1768 1074 quinque
1793 1005 2098 1074 episcopos.

548 1095 794 1152 Meletius
819 1141 821 1143 .
845 1097 1075 1168 denique
1098 1137 1112 1163 ,
1166 1098 1384 1152 nomine
1422 1105 1475 1151 et
1509 1105 1689 1150 mente
1730 1096 2054 1166 nigerrimus
2082 1137 2098 1163 ,

546 1187 690 1258 apud
722 1188 1156 1260 Lycopolitanam
1182 1189 1368 1244 urbem
1400 1187 1782 1243 schismaticus
1814 1187 1988 1243 factus
2017 1197 2101 1244 est

544 1279 774 1347 praesul;
803 1279 970 1332 multa
1003 1279 1218 1347 quidem
1248 1285 1438 1332 contra
1462 1293 1728 1332 canonum
1756 1293 1918 1348 agens
1942 1295 2100 1348 regu-

543 1368 672 1436 lam,
711 1383 1087 1439 superansque
1116 1369 1277 1422 etiam
1315 1379 1665 1424 cruentorum
1697 1370 1927 1424 militum
1970 1371 2099 1426 feri-

541 1466 731 1524 tatem,
747 1460 840 1529 qui
864 1459 920 1514 in
939 1459 1147 1516 Domini
1175 1463 1426 1530 passione
1442 1463 1600 1517 veriti
1618 1472 1744 1518 sunt
1762 1462 2095 1517 Dominicam

540 1551 789 1608 scindere
813 1551 1084 1617 tunicam;
1133 1555 1265 1608 adeo
1311 1555 1504 1610 laxatis
1537 1555 1759 1608 insania
1782 1556 2097 1624 raptabatur

539 1640 788 1707 habenis,
806 1650 865 1695 ut
882 1644 1204 1698 catholicam
1228 1646 1484 1702 scindens
1510 1646 1809 1701 Ecclesiam
1827 1686 1841 1711 ,
1874 1664 1983 1701 non
2006 1662 2097 1701 so-

540 1732 649 1786 lum
675 1749 771 1803 per
797 1735 1042 1789 civitates
1065 1735 1303 1807 AEgypti,
1336 1738 1431 1793 sed
1459 1739 1620 1792 etiam
1650 1754 1745 1807 per
1769 1739 1929 1793 villas
1951 1738 2090 1806 ejus,

2207 557 2521 612 catervatim
2577 570 2816 619 currere,
2851 563 2903 608 et
2941 555 3008 609 ad
3064 554 3266 610 Christi
3299 555 3507 610 laudem
3553 564 3759 612 coetum

2205 663 2559 720 congregare;
2585 664 2720 717 quos
2759 646 2953 701 divinae
2982 645 3116 716 legis
3152 647 3379 702 antistes
3409 647 3593 703 divino
3632 664 3760 702 ora-

2203 738 2326 792 culo
2360 736 2684 800 vivificabat,
2716 735 2956 806 erigebat
2988 743 3148 805 atque
3177 736 3491 801 roborabat,
3549 752 3761 793 cresce-

2201 827 2399 896 batque
2445 827 2644 897 jugiter
2673 826 2728 880 in
2761 826 3003 880 Ecclesia
3060 827 3348 881 multitudo
3397 827 3754 886 credentium.

2204 916 2309 972 Sed
2339 918 2452 972 haec
2499 933 2606 970 non
2658 917 2825 987 aaquis
2854 917 3026 972 oculis
3061 917 3149 972 ille
3181 918 3434 987 antiquus
3483 919 3756 988 aspiciens

2200 1009 2448 1063 humanae
2473 1008 2663 1062 salutis
2687 1008 2860 1063 hostis
2887 1007 3027 1060 haud
3054 1009 3104 1062 in
3131 1009 3344 1079 longum
3374 1010 3596 1080 quievit.
3615 1009 3754 1065 Nam

2200 1101 2380 1158 subito
2427 1101 2750 1170 paganitatis
2802 1101 2962 1156 turbo
3005 1116 3069 1155 ex
3112 1101 3340 1158 adverso
3395 1104 3662 1170 intonuit,
3698 1112 3759 1161 et

2200 1205 2348 1245 more
2381 1189 2677 1244 hibernalis
2699 1190 2886 1246 imbris
2915 1189 3168 1246 Ecclesia:
3190 1191 3533 1248 serenitatem
3558 1209 3757 1264 percu-

2199 1282 2279 1343 lit,
2309 1298 2534 1352 eamque
2562 1283 2746 1352 procul
2777 1282 3000 1354 fugavit.
3033 1281 3136 1339 Sed
3171 1285 3274 1338 hoc
3326 1293 3384 1338 ut
3410 1285 3754 1344 manifestius
3802 1327 3808 1331 -

2199 1371 2419 1441 intelligi
2448 1373 2635 1441 possit,
2659 1376 2965 1430 necessario
2996 1376 3060 1430 ad
3084 1376 3387 1444 impiissimi
3426 1385 3479 1430 et
3523 1376 3632 1431 Deo
3660 1393 3752 1432 re-

2198 1460 2352 1515 bellis
2380 1459 2699 1514 Diocletiani
2722 1463 3079 1528 atrocitatem,
3095 1464 3406 1534 pariterque
3433 1461 3749 1520 Maximiani

2197 1550 2398 1606 Galerii
2427 1552 2753 1608 reflectimus
2782 1555 3089 1622 articulum,
3136 1555 3228 1624 qui
3258 1571 3322 1610 eo
3352 1563 3592 1626 tempore
3619 1571 3748 1612 cum

2197 1643 2306 1700 filio
2337 1660 2436 1700 suo
2465 1644 2756 1700 Maximino
2777 1705 2784 1721 Α
2804 1647 3088 1716 tyrannico
3114 1646 3395 1702 dominatu
3443 1647 3747 1704 Orientales

2197 1735 2421 1789 vexabat
2438 1736 2700 1805 regiones.

539 1841 668 1881 suos
696 1840 954 1897 sequaces
975 1829 1252 1884 ordinaret
1281 1830 1569 1901 episcOpos
1588 1869 1603 1897 ,
1629 1839 1682 1885 et
1719 1832 1849 1884 nihil
1879 1833 1926 1885 ei
1951 1847 2096 1885 curae
2127 1799 2167 1853 Β
2265 1823 2437 1894 Hujus
2466 1841 2698 1896 namque
2745 1829 3076 1898 temporibus
3105 1827 3162 1882 in
3184 1835 3394 1881 tantum
3425 1826 3744 1884 Christiana:

538 1915 607 1972 de
635 1915 797 1972 Petro
820 1925 954 1981 erat,
977 1919 1085 1972 imo
1115 1935 1214 1974 nec
1243 1922 1310 1975 de
1330 1921 1550 1977 Christo
1571 1923 1663 1993 qui
1685 1930 1803 1977 erat
1829 1923 1884 1976 in
1909 1921 2089 1978 Petro.

539 2010 676 2067 Huic
703 2013 958 2084 praefatus
985 2012 1146 2068 Arius
1180 2015 1356 2069 adhuc
1389 2014 1561 2068 laicus
1584 2013 1920 2078 adhaerebat,
1965 2029 2096 2068 nec-

537 2103 668 2158 dum
703 2105 940 2160 clericali
972 2115 1196 2160 tonsura
1225 2113 1443 2160 notatus
1463 2146 1478 2170 ,
1509 2118 1732 2174 eratque
1759 2105 1835 2160 illi
1866 2105 2094 2174 ejusque

537 2195 721 2250 domui
748 2197 1034 2252 admodum
1063 2199 1297 2264 charus;
1330 2214 1429 2254 nec
1460 2199 1728 2252 immerito
1753 2214 1765 2250 :
1793 2213 1950 2253 omne
1975 2199 2092 2252 ani-

536 2288 666 2353 mal,
703 2296 762 2342 ut
792 2290 866 2342 ait
898 2287 1200 2358 Scriptura,
1229 2290 1405 2344 simile
1437 2289 1538 2343 sibi
1562 2289 1755 2359 diligit.
1787 2289 1883 2344 llis
1910 2297 2090 2344 autem

534 2380 766 2449 cognitis
793 2419 806 2444 ,
847 2381 931 2434 vir
962 2381 1171 2434 Domini
1200 2396 1430 2435 maerore
1469 2381 1750 2436 confectus
1791 2381 1931 2434 hanc
1966 2397 2090 2452 per-

534 2471 869 2526 secutionem
920 2473 1096 2526 aiebat
1148 2473 1386 2542 pejorem
1426 2489 1547 2527 esse
1602 2473 1801 2542 priore.
1851 2472 1918 2526 Et
1966 2473 2090 2528 licet

530 2565 854 2635 quibusdam
890 2566 1112 2619 latebris
1143 2568 1476 2628 absconsus,
1512 2571 1690 2617 tamen
1740 2579 1839 2632 pro
1880 2564 2086 2620 viribus

531 2656 933 2712 exhortatorios
963 2657 1161 2726 ubique
1186 2656 1424 2724 dirigens
1453 2656 1655 2724 apices,
1681 2654 2087 2725 praedicansque

531 2746 789 2803 Ecclesia:
824 2749 1085 2802 unitatem
1109 2787 1122 2809 ,
1152 2746 1435 2816 vegetabat
1463 2761 1556 2800 eos
1582 2746 1846 2820 adversus
1865 2747 2087 2816 imperio

528 2838 664 2896 tiam
697 2846 751 2894 et
774 2838 1037 2903 nefariam
1072 2837 1269 2892 Meletii
1300 2838 1678 2892 temeritatem.
1702 2837 1855 2894 Unde
1880 2839 2084 2894 factum

530 2939 614 2987 est
647 2940 705 2985 ut
729 2947 834 2985 non
871 2931 1029 3000 pauci
1059 2930 1176 3000 ejus
1208 2930 1540 2984 salutaribus
1570 2931 1789 2986 monitis
1826 2932 2082 2997 animati,

532 3037 566 3077 a
598 3021 884 3076 Meletiana
917 3021 1256 3076 discederent
1288 3020 1580 3090 impietate.

601 3115 705 3172 Per
727 3115 864 3170 idem
891 3115 1003 3169 fere
1031 3123 1241 3183 tempus
1268 3113 1450 3177 Arius,
1469 3114 1681 3183 viperea
1705 3123 1943 3168 armatus
1969 3129 2083 3168 ver-
2108 3148 2148 3204 ο

534 3209 695 3273 sutia,
747 3206 902 3277 quasi
947 3206 1202 3262 deserens
1249 3206 1561 3261 Meletianos
1591 3203 1835 3274 confugit
1882 3205 1947 3258 ad
1983 3204 2082 3261 Pe-

528 3310 708 3365 trum,
761 3300 854 3369 qui
901 3308 1121 3370 rogatus
1170 3299 1238 3352 ab
1287 3299 1556 3368 episcopis
1609 3299 1917 3352 sublimavit
1960 3315 2082 3353 eum

527 3392 759 3446 diaconii
793 3393 1013 3457 honore,
1043 3392 1292 3446 nesciens
1319 3391 1516 3460 quippe
1545 3397 1748 3444 tantam
1772 3393 1889 3460 ejus
1913 3393 2082 3463 hypo-

523 3481 712 3534 CHSiﬂ.
747 3479 874 3532 Erat
896 3487 1076 3533 autem
1103 3488 1274 3534 tnstar
1302 3479 1509 3533 colubri
1534 3479 1790 3548 pestifero
1825 3481 2081 3538 suffectus

523 3581 752 3621 veneno.
803 3565 988 3637 Neque
1043 3568 1186 3621 enim
1222 3567 1528 3636 bujusmodi
1582 3583 1774 3624 manus
1808 3569 2080 3639 impositio

523 3658 650 3712 huic
673 3667 862 3712 sancto
889 3658 943 3712 in
980 3659 1185 3713 crimen
1207 3659 1450 3728 deputari
1471 3658 1665 3729 potuit,
1700 3659 1840 3714 sicut
1864 3676 1963 3714 nec
1995 3659 2079 3714 Si-

522 3747 699 3801 monis
750 3747 959 3818 magica
1015 3762 1105 3802 ars
1154 3749 1408 3803 simulata
1462 3749 1752 3802 ascribitur
1810 3747 2072 3820 Philippo.

523 3837 931 3893 Meletianorum
967 3839 1171 3893 interea
1215 3839 1528 3894 detestabile
1556 3839 1708 3894 nefas
1755 3856 1916 3909 supra
1963 3855 2077 3894 mo-

520 3930 651 3984 dum
680 3931 981 3993 crescebat,
1032 3945 1345 4000 pavensque
1391 3929 1739 3986 beatissimus
1786 3930 1978 3985 Petrus
2011 3949 2076 3988 ne

523 4019 772 4074 haeretica
803 4020 971 4089 pestis
1004 4028 1176 4074 totum
1229 4005 1331 4074 sibi
1363 4021 1624 4076 creditum
1656 4022 1931 4077 invaderet
1954 4038 2076 4092 gre-

521 4124 660 4179 gem,
691 4110 956 4179 simulque
988 4111 1165 4166 sciens
1193 4112 1336 4180 quod
1388 4114 1534 4166 nulla
1567 4114 1796 4169 societas
1836 4123 1919 4169 est
1967 4117 2072 4168 luci

520 4213 644 4253 cum
677 4200 932 4262 tenebris,
964 4201 1219 4270 nullaque
1245 4203 1534 4257 concordia
1561 4204 1776 4260 Christo
1804 4214 1857 4259 et
1882 4205 2069 4272 Belial,

521 4287 834 4343 Meletianos
863 4288 932 4342 ab
957 4287 1196 4344 Ecclesia
1245 4307 1340 4360 per
1389 4293 1595 4348 litteras
1634 4297 1953 4366 segregavit.
2007 4297 2070 4350 Et

517 4378 646 4449 quia
679 4379 816 4431 mala
843 4379 1092 4432 voluntas
1128 4379 1217 4433 diu
1272 4381 1532 4434 occultari
1579 4399 1686 4438 non
1735 4387 1892 4451 valet,
1924 4387 2068 4441 illico

516 4468 938 4525 nefandissimus
967 4469 1146 4536 Arius,
1178 4479 1456 4540 propterea
1485 4474 1627 4543 quod
1659 4490 1786 4530 suos
1834 4476 2068 4532 fautores
2101 4501 2144 4555 ι)

515 4557 584 4610 ab
635 4556 886 4613 Ecclesia:
935 4557 1193 4628 dignitate
1241 4569 1486 4615 cerneret
1537 4563 1774 4628 divisos,
1841 4567 2068 4622 tristitiae

516 4648 853 4717 mancipatus
914 4651 1178 4720 gemebat.
1236 4651 1391 4716 Quod
1442 4654 1845 4707 sanctissimum
1892 4657 2065 4712 virum

515 4736 736 4794 minime
772 4740 950 4794 latuit.
998 4740 1277 4795 Deuudata
1325 4758 1555 4814 namque
1599 4745 1716 4815 ejus
1769 4747 2060 4818 hypocrisi,

516 4831 762 4898 protinus
816 4834 1124 4902 evangelieo
1168 4840 1326 4887 utens
1369 4834 1546 4900 ferro,
1600 4838 1660 4890 Si
1712 4840 1892 4892 oculus
1943 4850 2062 4895 tuus

513 4915 692 4972 dexter
743 4920 1070 4973 scandalizat
1106 4931 1172 4984 te,
1218 4937 1337 4974 erue
1374 4938 1489 4975 eum
1534 4935 1580 4977 et
1617 4927 1809 4996 projice
1857 4928 1948 4984 ab:
1992 4940 2059 4997 te,

511 5009 701 5064 Arium
753 5013 820 5066 ab
882 5012 1134 5067 Ecclesize
1197 5029 1482 5085 compage,
1541 5026 1724 5086 utpote
1787 5021 2060 5089 putridum

512 5103 813 5158 membrum
850 5105 1209 5171 detruncans,
1253 5107 1398 5164 foras
1435 5111 1639 5180 expulit
1687 5118 1740 5165 et
1767 5127 1796 5165 a
1825 5112 2058 5168 ﬁdelium

510 5197 890 5249 communione
920 5205 1183 5251 extorrem
1205 5212 1327 5252 esse
1349 5198 1640 5254 mandavit.

582 5282 678 5339 [iis
705 5286 777 5338 ita
829 5289 1016 5356 gestis,
1052 5288 1229 5344 subito
1263 5290 1548 5345 admodum
1600 5293 1773 5346 ablata
1803 5310 2058 5364 persecu-

507 5375 673 5432 tionis
699 5379 953 5447 procella,
983 5395 1118 5449 pax,
1176 5381 1301 5434 licet
1347 5383 1559 5452 exigua,
1614 5383 1842 5438 refulsit.
1904 5385 2056 5439 Tunc

507 5466 941 5537 elegantissimus
964 5468 1173 5523 Domini
1218 5469 1453 5524 pontifex
1508 5473 1703 5541 populo
1736 5474 2055 5529 manifestus

579 5619 1027 5696 {aLRectissime
1093 5635 1277 5679 noster
1306 5626 1486 5696 gponit
1518 5624 1682 5696 Petri
1749 5629 2051 5696 passionem

510 5691 611 5766 sub
637 5690 968 5766 Maximino,
998 5709 1102 5747 non
1151 5697 1260 5766 sub
1303 5690 1635 5766 Diocletiano
1661 5741 1674 5757 ,
1727 5690 1870 5766 quod
1925 5699 2054 5753 facit

509 5754 726 5816 Grzccus
777 5764 865 5820 ille
921 5754 1248 5829 biogiaulius
1301 5782 1330 5820 a
1389 5754 1710 5822 Conibclisio
1747 5754 2046 5825 'vulgatus.

2195 1917 2584 1985 persecutionis
2608 1919 2868 1974 aestuabat
2899 1919 3228 1984 incendium,
3256 1925 3316 1972 ut
3345 1933 3450 1972 non
3479 1919 3652 1974 solum
3685 1919 3744 1973 in

2193 2023 2302 2062 uno
2332 2009 2514 2064 mundi
2539 2010 2772 2077 climate,
2799 2012 2891 2066 sed
2913 2013 3074 2066 etiam
3102 2025 3196 2080 per
3222 2010 3530 2064 universum
3553 2009 3744 2064 orbem

2194 2109 2338 2155 terra
2365 2102 2607 2170 marique
2637 2103 2928 2173 impietatis
2979 2103 3213 2172 procella
3262 2109 3486 2156 tonaret.
3518 2101 3744 2155 Discur-

2190 2193 2432 2248 rentibus
2481 2194 2662 2264 itaque
2723 2195 2848 2248 hinc
2903 2195 3028 2250 inde
3084 2197 3452 2264 imperialibus
3516 2193 3742 2265 syllabis

2190 2291 2351 2354 atque
2380 2286 2773 2341 crudelissimis
2822 2287 3074 2351 decretis,
3109 2287 3441 2342 Christicola:
3471 2300 3616 2340 nunc
3644 2300 3744 2354 pa-

2190 2375 2296 2428 lam
2321 2391 2464 2430 nunc
2488 2376 2837 2431 clandestinis
2861 2377 3245 2449 jugulabantur
3273 2379 3518 2445 insidiis;
3554 2378 3740 2431 nullus

2188 2467 2330 2520 enim
2386 2467 2503 2523 dies
2547 2469 2805 2538 nullaque
2850 2486 2957 2524 nox
3011 2471 3080 2526 ab
3133 2471 3391 2526 effusione
3442 2469 3740 2526 Christiani

2187 2559 2398 2614 cruoris
2427 2561 2690 2616 transibat
2721 2563 2993 2618 immunis.
3025 2563 3133 2619 Nec
3156 2575 3313 2635 typus
3343 2563 3737 2618 interl'ectionis

2187 2647 2439 2704 horrebat
2462 2650 2722 2721 simplex;
2757 2653 2845 2706 alii
2873 2655 3089 2723 quidem
3109 2655 3339 2709 diversis
3370 2663 3421 2710 et
3454 2656 3735 2711 acerrimis

2185 2741 2514 2795 necabantur
2547 2745 2856 2814 suppliciis;
2892 2745 2982 2798 alii
3007 2761 3150 2810 vero,
3175 2754 3232 2799 ut
3255 2748 3414 2801 etiam
3450 2757 3734 2816 parentum

2184 2829 2518 2888 humanitate
2566 2835 2849 2905 patriaque
2893 2844 3141 2891 carerent
3185 2838 3480 2906 sepultura,
3521 2837 3587 2890 ad
3630 2838 3735 2890 alia

2183 2921 2649 2980 transferebantur
2695 2927 2830 2993 loca,
2873 2929 3028 2983 novis
3075 2929 3396 2999 quibusdam
3446 2937 3498 2984 et
3537 2931 3733 2986 saeculo

2183 3009 2439 3067 inauditis
2490 3030 2771 3084 poenarum
2826 3020 3316 3076 machinationibus
3375 3021 3442 3076 ad
3488 3023 3732 3093 martyrii

2182 3105 2638 3174 compellebantur
2665 3115 2881 3164 metam.
2918 3109 3060 3164 Proh
3083 3111 3262 3166 nefas!
3301 3121 3448 3168 tanta
3473 3122 3586 3168 erat
3611 3114 3730 3168 illo-

2168 3209 2299 3273 rum
2331 3195 2609 3264 impietas,
2650 3206 2708 3251 ut
2738 3201 2900 3253 etiam
2935 3202 3099 3256 divini
3131 3204 3311 3258 cultus
3359 3205 3659 3259 sanctuaria
3693 3219 3726 3258 a

2179 3282 2544 3341 fundamentis
2570 3297 2892 3358 everterent,
2925 3303 3248 3363 sanctosque
3269 3295 3434 3349 libros
3461 3295 3567 3365 igni
3605 3309 3732 3352 cre-

2178 3385 2404 3431 marent.
2475 3377 2739 3434 Defuncto
2805 3383 2986 3452 itaque
3037 3386 3382 3440 exsecrabilis
3448 3386 3725 3441 memoriae

2178 3463 2527 3535 Diocletiano,
2556 3469 2943 3527 Constantinus
2979 3472 3151 3543 Major
3181 3475 3246 3529 ad
3276 3475 3422 3545 regni
3453 3475 3728 3544 guberna-

2177 3558 2529 3630 culaelectus
2558 3570 2659 3625 est,
2690 3576 2743 3617 et
2787 3563 3038 3635 Occiduis
3093 3567 3337 3635 partibus
3387 3568 3726 3637 principatus

2177 3648 2260 3702 sui
2293 3650 2454 3716 coepit
2474 3651 2741 3705 moderari
2782 3653 3039 3710 habenas.

2243 3738 2336 3793 llis
2382 3739 2622 3809 profecto
2653 3742 2844 3798 diebus
2886 3743 3174 3801 Maximino
3205 3746 3279 3817 (a)
3320 3762 3349 3799 a
3398 3747 3723 3817 quibusdam

2174 3830 2240 3885 de
2283 3831 2504 3901 praefato
2556 3835 2964 3906 archiepiscopo
3027 3839 3254 3893 relatum
3317 3847 3421 3904 est,
3474 3840 3725 3895 videlicet

2173 3925 2314 3994 quod
2358 3925 2471 3994 ipse
2501 3924 2921 3983 Christianitatis
2949 3929 3056 3983 dux
3083 3937 3242 4000 atque
3274 3930 3497 4001 signifer
3534 3938 3719 3996 esset;

2173 4015 2265 4084 qui
2305 4017 2462 4070 solita
2508 4015 2872 4072 inflammatus
2923 4019 3197 4085 nequitia,
3227 4035 3256 4074 e
3287 4020 3514 4088 vestigio
3557 4019 3722 4087 jussit

2171 4107 2550 4177 comprehendi
2582 4107 2799 4162 Petrum
2827 4117 2879 4162 et
2909 4109 2960 4162 in
2991 4125 3258 4163 carcerem
3289 4111 3516 4164 retrudi.
3549 4111 3720 4174 Quam

2169 4199 2240 4253 ob
2270 4214 2382 4254 rem
2409 4200 2647 4269 quinque
2675 4201 2920 4256 tribunos
2943 4202 3171 4271 stipatos
3205 4202 3436 4255 militum
3487 4203 3724 4256 catervis

2168 4291 2546 4346 Alexandriam
2580 4293 2903 4360 destinavit;
2957 4296 3048 4364 qui
3078 4295 3355 4350 venientes
3391 4295 3547 4363 juxta
3574 4293 3720 4365 quod

2169 4383 2272 4439 sibi
2299 4385 2471 4439 fuerat
2497 4386 2836 4454 imperatum,
2871 4388 3046 4442 subito
3074 4389 3342 4458 rapientes
3362 4387 3564 4442 Christi
3585 4403 3722 4457 pon-

2168 4475 2366 4529 tificem
2398 4477 2632 4533 carceris
2661 4479 2918 4534 custodia:
2966 4478 3360 4548 manciparunt.
3419 4479 3553 4532 Mira
3583 4479 3720 4533 fide-

2169 4567 2296 4619 lium
2328 4565 2570 4622 devotio!
2608 4568 2706 4624 Ubi
2744 4578 3077 4639 eompertutn
3118 4577 3199 4625 est
3243 4571 3386 4640 quod
3426 4579 3606 4625 tantus
3634 4571 3720 4624 vir

2167 4657 2532 4711 carceralibus
2564 4659 2904 4715 clauderetur
2933 4661 3239 4730 ergastulis,
3273 4663 3512 4716 cucurrit
3553 4678 3717 4731 supra

2167 4749 2384 4802 modum
2416 4751 2746 4805 incredibilis
2772 4753 3090 4817 multitudo,
3124 4754 3391 4822 praecipue
3419 4755 3718 4806 monacho-

2164 4856 2284 4894 rum
2322 4857 2385 4895 ac
2415 4843 2681 4912 virginum
2709 4845 2928 4909 chorus,
2979 4855 3031 4901 et
3065 4863 3174 4900 non
3228 4847 3595 4902 materialibus
3625 4862 3719 4898 ar-

2164 4935 2288 4998 mis,
2321 4935 2414 4989 sed
2464 4936 2819 5006 lacrymarum
2853 4939 3043 4993 rivulis
3075 4947 3128 4993 et
3155 4939 3254 5008 piae
3285 4941 3480 4994 mentis
3518 4937 3716 4994 affectu

2162 5025 2632 5081 circumdederunt
2693 5031 2930 5084 carceris
2989 5031 3288 5096 ambitum,
3347 5040 3399 5086 et
3455 5039 3711 5101 tanquam

2160 5116 2288 5171 boni
2313 5117 2407 5171 filii
2434 5133 2559 5189 erga
2588 5119 2785 5174 bonum
2816 5129 3044 5190 patrem,
3076 5122 3182 5176 imo
3207 5121 3511 5177 Christiana
3542 5139 3714 5176 mem-

2159 5208 2256 5262 bra
2299 5209 2764 5265 Christianissimo
2815 5213 3014 5280 capiti,
3083 5215 3208 5268 totis
3269 5214 3710 5283 compassiooum

2157 5301 2453 5354 visceribus
2485 5300 2844 5361 adhaerebant,
2879 5311 3137 5372 erantque
3169 5305 3244 5357 illi
3278 5320 3484 5367 murus,
3517 5305 3710 5359 obser-

2161 5399 2346 5446 vantes
2374 5408 2440 5446 ne
2463 5393 2584 5461 quis
2615 5407 2947 5462 paganorum
2981 5395 3046 5448 ad
3079 5410 3199 5449 eum
3241 5394 3573 5465 ingrediendi
3613 5409 3712 5448 co-

2156 5482 2299 5550 piam
2339 5484 2576 5538 haberet.
2639 5483 2758 5540 Una
2817 5487 3071 5540 nimirum
3111 5487 3350 5541 omnium
3382 5493 3525 5550 vota,
3573 5499 3706 5540 con-

2155 5655 2260 5710 quo
2315 5639 2434 5762 lott-o
2490 5640 2681 5697 doctus
2737 5643 2913 5700 editor
2975 5659 3026 5712 p.
3087 5642 3193 5695 222
3255 5658 3496 5699 errorem
3561 5643 3712 5700 hunc

2155 5725 2370 5762 coargui
2404 5751 2416 5762 .

2153 5725 2416 5779 coarguit.
