4088 6284
336 358 437 415 457
1673 359 1853 420 ACTA
1894 361 2175 422 SINCERA
2189 404 2202 423 .
3448 367 3563 426 458'

336 488 470 529 sona
499 489 626 538 vox,
657 474 953 546 eademque
992 476 1318 548 compassio,
1349 479 1486 534 mori
1513 480 1695 549 potius
1737 495 1898 550 quam
1929 487 1973 544 Α
1997 497 2092 540 eos
2124 501 2138 537 :
2172 482 2346 539 Nolite
2377 499 2484 548 me,
2532 485 2750 552 fratres,
2779 491 3035 556 tanquam
3087 479 3438 542 inhumanum
3493 505 3555 542 ac

336 572 588 621 sanctum
627 567 904 638 quidpiam
940 569 1065 622 mali
1117 571 1322 640 perpeti
1380 572 1625 628 viderent
1669 575 1767 641 (a).
1803 573 1899 628 Vir
1999 573 2232 644 rigidum
2268 575 2540 645 accipere;
2583 591 2771 630 revera
2815 577 2959 632 enim
2994 584 3048 632 et
3099 591 3198 648 ego
3241 577 3402 634 homo
3432 591 3554 633 sum

335 663 516 711 autem
541 655 755 711 Domini
793 673 914 712 cum
944 673 1146 728 paucos
1177 663 1292 718 dies
1328 663 1516 719 eodem
1549 680 1717 720 nervo
1749 672 1898 721 tene-

334 756 484 805 retur
506 757 775 818 retrusus,
811 754 1010 808 tribuni
1069 755 1312 810 fecerunt
1359 756 1425 812 de
1478 756 1596 826 ipso
1624 758 1735 829 regi
1767 773 1898 828 sug-

329 841 661 913 gestionem;
684 843 775 900 ille
818 853 996 900 autem
1024 845 1179 916 juxta
1215 863 1419 903 morem
1455 864 1566 904 sua:
1598 848 1896 907 ferocitatis

329 933 626 989 destinavit
651 936 996 1000 sententiam,
1040 945 1100 991 ut
1134 938 1508 994 beatissimum
1532 941 1894 1010 patriarcham

326 1025 550 1095 capitali
603 1027 858 1096 punirent
890 1028 1223 1084 discrimine.
1276 1027 1447 1086 Porro
1491 1032 1618 1086 dum
1655 1032 1758 1087 hoc
1799 1047 1896 1104 per

326 1130 490 1171 aures
540 1115 978 1173 Christianorum
1039 1129 1314 1191 serperet,
1374 1131 1659 1193 coeperunt
1705 1139 1893 1180 omnes

327 1207 662 1261 unanimiter
702 1210 940 1265 carceris
985 1209 1189 1265 aditum
1243 1227 1364 1266 cum
1401 1214 1543 1269 luctu
1589 1223 1644 1269 et
1691 1215 1892 1285 gemitu

325 1297 630 1362 custodire,
683 1309 734 1353 et
760 1299 1090 1357 obsistentes
1125 1305 1391 1358 neminem
1423 1306 1702 1375 gentilium
1741 1309 1892 1362 illum

323 1387 537 1458 ingredi
594 1389 997 1458 permittebant.
1035 1389 1260 1445 Tribuni
1312 1409 1442 1448 vero
1493 1411 1618 1449 cum
1667 1397 1733 1451 ad
1767 1413 1891 1451 eum

317 1479 680 1550 jugulandum
733 1482 1042 1538 nullatenus
1087 1484 1345 1540 haberent
1397 1487 1738 1558 ingressum,
1789 1488 1890 1541 ha.-

320 1570 438 1626 bito
467 1573 696 1628 consilio
741 1580 1053 1629 statuerunt
1103 1582 1161 1629 ut
1213 1579 1393 1632 cuncti
1433 1579 1630 1634 milites
1673 1578 1891 1634 nudatis

321 1663 678 1718 mucronibus
735 1665 1050 1736 popularem
1108 1668 1468 1738 irrumperent
1531 1669 1784 1733 turbam,
1836 1675 1891 1724 et

329 1754 416 1808 sic
453 1769 578 1808 eum
618 1755 880 1810 duntaxat
919 1757 985 1811 ad
1023 1757 1398 1814 decollandum
1444 1760 1589 1815 foras
1638 1761 1890 1815 extrahe-

1998 665 2101 720 sub
2124 665 2239 735 lege
2267 667 2471 735 peccati
2502 666 2728 736 degens;
2765 667 2860 721 sed
2893 666 3095 722 credite
3128 669 3263 722 meis
3295 669 3558 723 sermoni.

1996 755 2118 812 bus.
2147 754 2342 812 Latens
2373 755 2486 810 Arii
2508 757 2664 813 dolus
2695 774 2907 813 omnem
2945 766 3162 829 superat
3189 759 3550 829 iniquitatem,

1994 858 2320 913 omnemque
2350 844 2756 916 supergreditur
2787 847 3111 916 impietatem
3147 866 3160 914 ;
3223 856 3275 903 et
3308 848 3413 904 hoc
3443 865 3549 905 non

1995 947 2027 986 a
2055 933 2374 1004 memetipso
2407 949 2680 1002 asserens,
2704 936 2823 1005 ejus
2854 937 3059 992 sancivi
3103 939 3547 1008 segregationent.

1993 1025 2107 1080 Hac
2137 1027 2336 1082 etenim
2371 1035 2532 1083 nocte
2563 1027 2692 1082 dum
2731 1029 3043 1083 solemniter
3064 1043 3250 1098 preces
3285 1029 3351 1082 ad
3383 1029 3548 1084 Deum

1993 1115 2294 1181 funderern,
2321 1118 2492 1172 astitit
2512 1117 2643 1170 mihi
2677 1118 2896 1188 quidam
2921 1133 3054 1188 puer
3075 1119 3232 1187 quasi
3263 1117 3546 1172 duodecim

1992 1223 2284 1272 annorum,
2317 1209 2474 1278 cujus
2537 1208 2692 1263 faciei
2723 1210 3020 1263 claritatem
3085 1208 3228 1264 ferre
3269 1225 3376 1264 non
3406 1215 3551 1280 pole-

1992 1314 2129 1365 ram,
2163 1315 2285 1353 nam
2317 1309 2426 1354 tota
2458 1301 2572 1354 haec
2627 1300 2762 1354 cella
2795 1301 2850 1354 in
2887 1315 2992 1369 qua
3025 1308 3234 1356 stamus
3282 1301 3548 1358 immenso

1991 1390 2195 1446 lumine
2222 1392 2489 1446 radiabat.
2513 1393 2630 1462 Ipse
2665 1399 2844 1447 autem
2887 1393 3222 1448 linostimum
3253 1402 3370 1449 erat
3397 1394 3548 1450 indu-

1986 1492 2078 1538 tus
2103 1485 2397 1547 colobium,
2446 1488 2676 1540 scissum
2716 1485 2772 1540 in
2821 1494 3003 1556 partes
3040 1494 3298 1558 utrasque
3343 1503 3371 1542 a
3404 1489 3546 1544 collo

1989 1591 2162 1646 usque
2195 1577 2262 1629 ad
2303 1578 2489 1647 pedes,
2533 1588 2831 1647 teuensque
2864 1577 3077 1647 gemina
3127 1594 3290 1632 manu
3346 1579 3543 1635 colobii

1988 1666 2282 1729 scissuras,
2334 1667 2636 1736 applicabat
2695 1683 2789 1723 eas
2834 1667 3039 1736 pectori
3094 1684 3214 1732 suo,
3279 1679 3543 1740 quatenus

1990 1758 2266 1828 propriam
2298 1766 2505 1829 tegeret
2535 1761 2852 1816 nuditatem.
2885 1761 2966 1814 Ad
3001 1762 3140 1815 hanc
3161 1762 3360 1832 quippe
3382 1762 3544 1817 visio-

317 1852 486 1912 rent;
516 1859 642 1900 mox
672 1861 802 1902 vero
829 1847 875 1903 si
907 1849 1029 1918 quis
1057 1850 1322 1908 obsistere
1360 1853 1552 1920 vellet,
1587 1853 1764 1923 gladio
1802 1853 1887 1906 in-
1919 1837 1962 1891 Β
1988 1864 2110 1903 nem
2146 1864 2245 1919 ego
2276 1850 2504 1907 miratus
2541 1853 2816 1922 obstupui.
2847 1853 2968 1908 Mox
2996 1854 3086 1908 ubi
3121 1855 3244 1907 data
3280 1862 3364 1908 est
3411 1853 3542 1908 mihi

318 1937 532 1992 teriret.

395 2029 556 2086 Arius
579 2031 786 2088 interea
815 2032 990 2087 adhuc
1023 2032 1240 2089 levitico
1276 2041 1483 2087 tantum
1509 2033 1715 2088 honore
1738 2032 1887 2088 colo-

329 2130 485 2177 ratus
517 2122 617 2195 (b),
649 2132 894 2181 metuens
924 2141 992 2181 ne
1022 2133 1144 2196 post
1175 2125 1380 2180 exitum
1412 2124 1546 2179 tanti
1580 2123 1758 2179 Patris
1801 2140 1888 2180 re-

321 2215 605 2270 conciliari
652 2217 961 2272 nullatenus
989 2218 1219 2281 valeret,
1255 2218 1385 2271 adiit
1430 2231 1526 2272 eos
1571 2217 1664 2286 qui
1716 2215 1884 2270 nobi-

320 2305 488 2361 liores
535 2314 692 2361 erant
721 2307 775 2361 in
812 2308 978 2370 clero,
1008 2317 1062 2362 et
1091 2308 1339 2362 luctuoso
1372 2307 1620 2376 precario
1648 2305 1888 2361 blando-

318 2414 428 2468 que
470 2413 718 2453 sermone
772 2406 958 2468 utpote
1017 2400 1300 2454 simulator
1343 2398 1640 2453 conabatur
1695 2405 1886 2454 sancto

320 2493 551 2546 suadere
601 2490 1008 2562 archiepiscopo
1029 2532 1043 2554 ,
1102 2499 1160 2545 ut
1193 2492 1268 2545 illi
1304 2491 1676 2546 misericordia
1709 2490 1887 2544 indul—

317 2593 487 2652 geret,
519 2597 752 2652 eumque
798 2584 866 2637 ab
895 2584 1207 2653 hujusmodi
1253 2584 1486 2638 solveret
1536 2583 1880 2653 obligatione.

320 2669 522 2729 Verum
555 2674 685 2744 quid
719 2676 974 2730 simulato
1000 2675 1162 2730 corde
1204 2674 1488 2730 fallacius?
1511 2675 1651 2742 Quid
1696 2683 1884 2730 sancta

318 2766 713 2836 compositione
779 2767 1128 2838 simplicius?
1185 2767 1336 2822 Haud
1397 2782 1597 2834 mora;
1654 2767 1884 2839 ingressi

321 2867 451 2912 sunt
485 2859 580 2928 qui
616 2859 788 2930 rogati
821 2857 1038 2915 fuerant
1076 2860 1142 2914 ad
1190 2859 1392 2916 Christi
1447 2858 1783 2930 pontificem,
1828 2866 1884 2914 et

320 2956 445 3017 post
498 2959 812 3006 consuetam
864 2950 1182 3016 orationem,
1237 2951 1568 3007 consternati
1596 2950 1718 3008 solo
1755 2965 1881 3004 cum

316 3042 519 3111 gemitu
546 3051 600 3096 et
629 3043 881 3114 lacrymis
908 3027 1093 3100 sacras
1113 3045 1231 3112 ejus
1252 3043 1630 3099 deosculantes
1661 3057 1875 3108 manus,

313 3130 632 3202 flagitabant
680 3149 804 3188 eum
856 3135 1094 3190 dicentes
1125 3154 1138 3191 :
1173 3133 1249 3190 Te
1283 3135 1498 3205 quidem
1519 3175 1534 3198 .
1567 3135 1876 3190 beatissime

315 3219 502 3290 Pater,
564 3224 863 3279 secundum
922 3224 1046 3278 fidei
1105 3224 1420 3296 dignitatem
1484 3223 1742 3280 Dominus
1807 3224 1874 3280 ad

313 3316 558 3387 martyrii
589 3330 843 3372 coronam
867 3317 1102 3379 vocavit,
1117 3333 1282 3388 quam
1302 3325 1354 3373 te
1380 3317 1613 3373 celerius
1629 3317 1877 3386 accipere

313 3421 651 3478 nequaquam
681 3407 1024 3477 ambigimus.
1055 3408 1262 3465 Idcirco
1289 3409 1500 3479 justum
1529 3417 1783 3479 putamus
1817 3415 1876 3464 ut

316 3497 475 3552 solita
525 3499 724 3568 pietate
756 3498 1038 3570 indulgeas
1072 3500 1238 3567 Ario,
1272 3501 1502 3572 ejusque
1541 3499 1755 3556 fletibus
1787 3515 1877 3556 ve-

312 3588 454 3644 niam
485 3591 717 3648 tribuas.

381 3677 592 3746 Quibus
654 3681 855 3737 auditis
914 3682 998 3736 vir
1045 3681 1258 3738 Domini
1321 3697 1445 3737 cum
1499 3680 1874 3752 indignatione

311 3771 584 3826 submovit
615 3787 732 3835 eos,
765 3780 820 3827 et
871 3772 1095 3828 elevatis
1137 3788 1354 3827 sursum
1400 3773 1651 3827 manibus
1681 3772 1874 3827 excla~

309 3876 490 3925 mans.
511 3863 677 3919 dixit:
702 3861 808 3919 Pro
833 3865 962 3920 Ario
993 3881 1077 3920 me
1107 3865 1317 3920 audetis
1345 3865 1685 3934 supplicare?
1711 3864 1873 3919 Arius

311 3960 366 4006 et
396 3953 483 4008 hic
510 3964 563 4009 et
597 3955 650 4008 in
683 3955 866 4010 futuro
918 3956 1117 4011 saeculo
1165 3971 1194 4009 a
1243 3956 1413 4025 gloria
1446 3953 1569 4008 Filii
1616 3951 1711 4009 Dei
1740 3953 1871 4010 Jesu

310 4044 518 4099 Christi
555 4046 768 4100 Domini
804 4048 975 4101 nostri
1007 4062 1220 4116 semper
1245 4048 1348 4102 erit
1383 4055 1696 4116 segregatus
1735 4062 1875 4102 sem-

309 4147 514 4204 perque
541 4135 782 4190 manebit
825 4137 1056 4192 extorris
1087 4136 1178 4208 (c).
1210 4135 1334 4191 Haec
1379 4137 1470 4192 illo
1512 4143 1868 4206 protestante,

308 4241 502 4282 omnes
517 4227 621 4296 ~qui
649 4228 893 4291 aderant,
925 4228 1121 4283 timore
1150 4228 1420 4297 perculsi,
1447 4238 1704 4297 tanquam
1736 4228 1871 4282 muti

311 4319 630 4376 reticebant.
663 4318 833 4374 Porro
874 4321 1133 4391 suspicati
1174 4329 1300 4376 sunt
1343 4337 1465 4376 eum
1495 4337 1604 4376 non
1639 4321 1758 4376 sine
1793 4319 1874 4374 di~

306 4412 437 4467 vino
486 4424 621 4469 nutu
671 4415 835 4470 talem
884 4415 940 4468 in
994 4414 1182 4467 Arium
1231 4412 1476 4483 proferre
1525 4413 1867 4468 sententiam.

1987 1938 2244 2008 loquendi
2299 1940 2517 2005 fiducia,
2571 1944 2884 2000 exclamans
2926 1945 3036 1999 dixi
3071 1965 3083 2000 :
3122 1945 3377 2011 Domine,
3419 1946 3543 2017 quis

1987 2030 2086 2084 tibi
2134 2032 2237 2086 hoc
2292 2032 2452 2086 scidit
2509 2033 2919 2090 indumentum?
2965 2036 3028 2091 Et
3062 2037 3152 2091 ille
3190 2055 3204 2091 :
3252 2037 3415 2093 Arius
3455 2053 3542 2092 me

1986 2121 2169 2185 scidit,
2201 2122 2296 2176 sed
2329 2138 2571 2194 praecave
2615 2126 2836 2182 omnino
2859 2143 2928 2183 ne
2959 2145 3079 2182 eum
3113 2130 3166 2182 in
3194 2130 3542 2185 communio-

1990 2227 2115 2266 nem
2146 2213 2378 2284 recipias
2398 2213 2572 2281 ;‘ecce
2598 2219 2742 2271 enim
2771 2219 3008 2274 crastina
3039 2219 3126 2274 die
3153 2221 3368 2275 venturi
3411 2229 3543 2276 sunt

1983 2305 2077 2374 qui
2112 2313 2164 2361 te
2193 2321 2292 2375 pro
2337 2323 2402 2362 eo
2446 2309 2817 2378 postulabunt.
2849 2310 2983 2368 Vid‘e
3037 2328 3166 2384 ergo
3215 2326 3284 2368 ne
3345 2328 3541 2370 suasus

1983 2397 2304 2465 acquiescas
2349 2398 2455 2454 illis
2490 2419 2503 2454 :
2535 2401 2664 2469 quin
2695 2402 2874 2472 potius
2917 2404 3106 2472 jubeto
3135 2403 3360 2458 Achilla:
3400 2405 3540 2475 pario

1987 2492 2175 2553 terque
2191 2485 2498 2542 Alexandro
2520 2490 2871 2560 presbyteris,
2906 2491 2999 2562 qui
3038 2501 3157 2562 post
3187 2500 3338 2546 tuum
3360 2500 3539 2549 transa

1983 2573 2114 2629 itum
2153 2579 2351 2632 recturi
2396 2589 2524 2634 sunt
2554 2579 2849 2636 Ecclesiam
2877 2598 3074 2649 meam,
3102 2599 3170 2640 ne
3199 2585 3539 2655 aliquatenus

1982 2666 2134 2722 illum
2186 2669 2471 2740 recipiant.
2537 2669 2617 2725 Tu
2677 2682 2854 2728 autem
2911 2673 3126 2732 futurus
3175 2691 3236 2732 es
3295 2675 3540 2748 martyrii

1981 2764 2184 2812 sortem
2245 2761 2485 2815 velocius
2541 2761 2778 2831 explere.
2841 2761 3012 2834 Huju‘s
3077 2773 3254 2820 autem
3311 2767 3538 2824 visionis

1981 2861 2148 2904 causa
2199 2850 2274 2904 nil
2314 2851 2546 2920 amplius
2589 2851 2709 2908 fuit.
2759 2851 2898 2909 Ecce
2949 2855 3186 2912 satisfeci
3241 2857 3431 2923 vobis,
3480 2863 3539 2912 et

1979 2953 2100 3007 quae
2127 2937 2281 3009 jussa
2309 2947 2436 2996 sunt
2464 2956 2688 3011 prorsus
2719 2944 3054 2999 annuntiavi.
3103 2945 3367 3000 Craterum
3405 2944 3535 3017 quid

1978 3048 2044 3088 ex
2082 3033 2168 3088 his
2202 3033 2442 3100 facietis,
2479 3051 2578 3092 vos
2616 3035 2880 3092 videritis.
2921 3036 2986 3090 Et
3029 3036 3096 3092 de
3147 3037 3275 3092 Ario
3317 3036 3535 3109 quidem

1979 3128 2112 3183 haec.

2045 3218 2231 3276 Nostis
2251 3228 2528 3291 praeterea,
2559 3220 2889 3285 charisslmi,
2918 3233 2970 3277 et
2999 3221 3135 3278 bene
3176 3223 3370 3288 nostis,
3399 3235 3536 3294 quae

1977 3308 2104 3363 liter
2149 3310 2257 3365 huc
2285 3325 2458 3380 usque
2480 3309 2758 3364 vobiscum
2787 3315 3136 3363 conversatus
3169 3323 3309 3373 sum,
3359 3323 3534 3378 quan.

1977 3406 2168 3469 tasque
2199 3398 2628 3455 conﬂictationes
2657 3399 2725 3454 ab
2755 3399 3056 3456 idololatris
3086 3398 3322 3455 sustinui
3361 3400 3534 3471 genti.

1976 3491 2140 3554 libus,
2177 3492 2270 3561 qui
2297 3491 2580 3548 Dominum
2613 3489 2945 3546 Salvatorem
2972 3493 3303 3562 ignorantes,
3350 3490 3532 3544 multi-

1976 3580 2218 3635 tudinem
2270 3579 2493 3637 deorum
2541 3581 2634 3651 qui
2682 3596 2791 3635 non
2835 3589 2981 3648 sunt,
3017 3582 3348 3636 insanientes
3381 3579 3534 3636 diffa-

1974 3685 2127 3725 mare
2155 3686 2264 3726 non
2297 3680 2536 3727 cessant.
2578 3671 2740 3726 Scitis
2785 3672 3028 3742 profecto
3057 3674 3326 3743 quomodo
3348 3686 3531 3744 perse‘

1974 3773 2222 3819 cutorum
2251 3765 2578 3820 declinando
2607 3763 2833 3833 rabiem,
2859 3763 2926 3819 de
2961 3765 3080 3820 loco
3111 3766 3177 3820 ad
3205 3766 3379 3820 locum
3406 3782 3532 3838 ιιι-οι

1973 3862 2133 3933 fugus
2179 3863 2346 3919 ibam.
2399 3861 2696 3916 Plurimum
2755 3876 2986 3931 namque
3038 3862 3090 3915 in
3150 3860 3530 3931 Mesopotamia

1971 3955 2194 4010 latitans
2245 3953 2387 4025 degi,
2445 3969 2508 4007 ac
2537 3953 2760 4024 perinde
2791 3955 2934 4024 apud
2988 3953 3196 4025 Syriam
3257 3951 3530 4010 Phoenicis

1971 4048 2180 4113 delitui,
2215 4047 2267 4101 in
2303 4056 2534 4118 utraque
2587 4048 2749 4102 etiam
2803 4045 3092 4101 Palaestina
3135 4046 3338 4102 diutius
3375 4059 3530 4118 pere-

1969 4140 2327 4213 grinationem
2371 4139 2640 4207 sustinui;
2698 4147 2752 4195 et
2780 4139 2997 4204 exinde,
3033 4145 3091 4208 ut
3134 4144 3206 4193 ita
3242 4137 3438 4208 dicam,
3473 4141 3526 4194 in

1970 4235 2078 4288 alio
2098 4233 2387 4298 elemento,
2407 4233 2510 4287 hoc
2537 4239 2622 4288 est
2645 4231 2700 4286 in
2734 4232 2928 4287 insulis
2955 4246 3063 4286 non
3095 4246 3261 4301 parvo
3290 4237 3529 4300 tempore

1970 4333 2212 4381 moratus
2243 4339 2382 4379 sum.
2407 4323 2473 4376 Et
2520 4324 2575 4378 in
2611 4324 2694 4379 bis
2727 4323 2985 4378 omnibus
3013 4322 3213 4392 degens
3247 4323 3525 4378 calamitao

1971 4419 2117 4474 tibus
2150 4415 2430 4473 Dominico
2455 4415 2604 4487 gregi
2635 4415 2727 4486 qui
2759 4430 2890 4469 mea:
2924 4414 3173 4484 parvitati
3203 4414 3526 4470 commissus

307 4504 457 4572 QUOS
485 4507 612 4561 dum
630 4507 1087 4563 clementissimus
1112 4505 1270 4561 Pater
1286 4507 1468 4562 cordis
1497 4506 1870 4575 compunctio-
1900 4522 1944 4578 ι)
1971 4517 2075 4570 est.
2111 4508 2198 4564 die
2225 4515 2496 4575 noctuque
2523 4505 2762 4560 scribere
2809 4520 2916 4559 non
2945 4503 3254 4558 desinebam
3277 4541 3293 4566 ,
3327 4503 3527 4557 conflro

306 4612 376 4654 ne
425 4599 648 4655 silentes
688 4613 752 4654 ac
800 4607 1023 4656 mocstos
1071 4600 1357 4666 aspiceret,
1390 4598 1564 4654 noluit
1619 4607 1868 4654 austerus

307 4705 659 4761 permanere,
710 4693 797 4746 vel
844 4706 940 4747 eos
999 4692 1156 4761 quasi
1204 4699 1563 4746 contemnens
1621 4690 1740 4745 sine
1787 4705 1870 4744 sa-

309 4783 616 4840 tisfactione
659 4783 995 4852 relinquere;
1047 4782 1140 4838 sed
1181 4773 1467 4836 assumens
1500 4780 1769 4835 Achillam
1815 4787 1869 4834 et

308 4873 715 4939 Alexandrum,
783 4874 875 4944 qui
939 4874 997 4927 in
1061 4872 1438 4929 sacerdotibus
1494 4873 1738 4928 seniores
1804 4887 1869 4927 ac

309 4968 612 5023 sanctiores
632 4982 755 5022 esse
779 4965 1125 5029 videbantur.
1160 4981 1322 5020 unum
1353 4980 1416 5020 ex
1447 4965 1528 5019 eis
1561 4965 1768 5020 habens
1799 4963 1866 5018 ad

306 5062 602 5128 dexteram,
629 5060 860 5116 alterum
891 5073 1108 5128 quoque
1130 5057 1198 5112 ad
1234 5057 1442 5120 laevam,
1474 5056 1748 5125 paululum
1772 5071 1867 5111 eos

308 5153 610 5226 segregavit
663 5167 695 5208 a
740 5152 968 5218 caeteris,
999 5157 1054 5206 et
1109 5151 1296 5205 clauso
1328 5162 1578 5204 sermone
1626 5146 1765 5202 dixit
1797 5147 1864 5200 ad

372 5313 450 5382 (α)
512 5311 603 5366 Sic
657 5328 884 5382 prorsus
946 5313 1249 5368 excubabat
1304 5307 1734 5382 )lediolanensis‘
1779 5306 1862 5376 pia

343 5376 454 5464 lebs
478 5376 988 5464 circaoAntbrosium
1017 5385 1334 5464 episcopum.
1376 5378 1677 5464 suumncu‘i
1712 5376 1864 5430 furor

338 5457 527 5508 ustinae
552 5454 764 5508 Arianae
795 5449 1155 5522 imperatricis
1190 5449 1532 5522 imminebat,
1571 5455 1706 5500 teste
1734 5461 1864 5500 ocu-

304 5526 400 5578 lari
423 5525 724 5594 Augustino
762 5517 1000 5591 Confess.
1036 5523 1129 5576 lib.
1155 5537 1228 5584 Ix,
1251 5535 1372 5641 csa.
1411 5517 1460 5571 7.

371 5593 445 5641 lbl
470 5592 635 5641 Recte
665 5595 766 5641 huc
791 5594 1009 5641 dieitur.
1040 5607 1198 5641 secus
1231 5604 1293 5641 ac
1369 5602 1460 5641 ηε(

371 5593 445 5660 (b)
469 5586 635 5648 R'ecte
665 5595 766 5648 hoc
791 5586 1009 5651 dicitur.
1040 5607 1198 5647 secus
1231 5604 1293 5644 ac
1310 5586 1506 5660 Graeca
1538 5589 1689 5660 Acta
1701 5586 1863 5660 Com-

304 5656 477 5716 beliSii
523 5672 576 5718 et
623 5664 746 5718 cod.
780 5661 903 5717 Vat.
934 5661 1060 5723 622.
1115 5662 1174 5716 in
1229 5659 1427 5730 quibus
1479 5659 1616 5715 falso
1659 5656 1862 5712 dicitur

303 5734 581 5802 presbyter
602 5733 764 5787 Arius
783 5735 885 5788 sub
909 5731 1092 5802 Petro.

370 5808 437 5873 (ε)
465 5795 686 5858 Ἁάάυηι
743 5803 832 5856 hic
863 5804 997 5856 Acta
1043 5798 1439 5857 Combelisiana
1464 5837 1480 5865 ,
1521 5795 1847 5869 quemadmo-

615 5895 884 5956 Pn‘aon.
927 5894 1044 5956 Gn.
1093 5891 1319 5956 XVIII.

1971 4610 2126 4650 mans
2165 4609 2260 4650 eos
2293 4595 2348 4648 in
2393 4591 2596 4647 Christi
2646 4593 2874 4646 unitate.
2927 4591 3127 4645 Horum
3171 4591 3313 4645 enim
3365 4592 3524 4646 anxia

1968 4685 2278 4744 sollicitudo
2333 4702 2429 4742 cor
2490 4699 2666 4742 meum
2727 4683 2913 4740 sedule
2969 4683 3297 4753 instigabat,
3339 4691 3393 4740 ct
3439 4700 3526 4740 me

1969 4781 2248 4852 quiescere
2269 4794 2376 4834 non
2402 4777 2644 4842 sinebat;
2679 4775 3019 4832 solummodo
3038 4776 3210 4830 levius
3229 4791 3312 4831 me
3329 4776 3526 4833 habere

1967 4873 2226 4946 putabam
2283 4870 2500 4944 quando
2530 4885 2625 4926 eos
2674 4882 2920 4939 supernae
2965 4868 3217 4938 potestati
3261 4871 3526 4926 commit-

1965 4965 2166 5021 tebam.

2034 5052 2154 5109 Jam
2196 5066 2322 5107 vero
2362 5058 2584 5122 propter
2611 5050 2914 5105 fortunatos
2947 5049 3251 5120 pontiﬁces,
3279 5045 3520 5105 Philcum

1965 5149 2106 5211 dico,
2139 5143 2465 5215 Hesycliium
2494 5141 2571 5211 (ά)
2606 5151 2765 5212 atque
2789 5141 3156 5206 Theodorum,
3181 5141 3272 5212 qui
3301 5142 3460 5212 digne
3491 5154 3520 5191 a

1962 5302 2088 5354 dum
2117 5299 2205 5352 ille
2239 5293 2563 5366 Deiilium
2599 5310 2630 5348 a
2658 5304 2876 5363 paterna
2929 5294 3100 5366 gloria
3145 5306 3194 5348 et
3223 5293 3524 5366 substantia

1962 5369 2324 5440 sequestrqvit.
2351 5364 2507 5431 Male,
2529 5368 2654 5440 quia
2692 5363 2945 5440 nondum
2965 5366 3127 5420 Arius
3156 5377 3308 5440 suam
3338 5363 3523 5440 lugere-

1963 5430 2063 5496 sim
2084 5439 2436 5509 patefecerat,
2453 5430 2562 5490 sed
2578 5435 2649 5489 ob
2678 5436 2916 5509 schisma
2939 5431 3319 5489 tantummodo
3346 5430 3525 5509 Elele-

1961 5502 2204 5570 tianum.
2253 5516 2306 5562 et
2356 5513 2664 5577 suspectam
2717 5505 2908 5577 agendi
2945 5509 3209 5577 rationem
3265 5502 3524 5577 exclusus

1961 5582 2158 5636 fuerat.
2192 5569 2306 5634 Hoc
2339 5569 2779 5630 additamentum'
2805 5591 2872 5629 ne
2910 5575 3044 5628 alter
3085 5571 3301 5641 quidem
3351 5569 3521 5625 codex

1961 5650 2086 5706 Vat.
2124 5649 2228 5705 622
2266 5648 2530 5718 agnoscit.

2030 5721 2109 5845 (ἀλ
2138 5722 2274 5802 Acta
2300 5706 2713 5775 'Combeflsiana
2749 5722 2802 5769 et
2841 5711 2963 5768 cod.
3003 5709 3124 5763 Vat.
3173 5709 3278 5765 622
3320 5706 3536 5766 addunt.

2030 5808 2073 5845 ιο
2111 5806 2327 5845 omnim.

1962 5791 2327 5848 Ps'chomium.

3181 5875 3255 5940 15
