4088 6284
481 337 591 393 1‘39

1509 336 1566 392 S.
1609 335 1808 390 PETRI
1851 333 2311 392 ALEXANDle
2351 338 2658 396 EPISCOPI

3623 347 3728 402 4(ῖο

485 462 670 518 divina
698 462 868 533 gratia
901 466 1027 514 sunt
1071 459 1269 523 vocati,
1301 475 1462 529 quam
1513 458 1694 528 gravis
1746 474 1831 513 me
1870 458 2059 514 tribu-
2085 461 2130 519 A
2159 462 2482 518 bulationes.
2511 463 2698 534 Neque
2722 464 2864 519 enim
2907 465 3160 521 meliores
3196 479 3387 522 sumus
3439 482 3603 537 quam
3633 484 3729 538 pa-

489 557 619 612 latio
651 555 956 626 quatiebat!
992 551 1059 607 Hi
1095 555 1260 621 enim,
1289 561 1350 608 ut
1379 554 1478 624 ipsi
1512 553 1690 618 scitis,
1730 552 1803 607 ob
1847 553 2052 609 Christi

489 650 646 703 ﬁdem
670 663 791 702 cum
826 646 1052 717 reliquis
1082 644 1489 702 confessoribus
1533 643 1766 700 diversis
1795 659 2055 700 macera-

485 740 682 794 bantur
711 738 1012 809 suppliciis.
1045 737 1111 792 Et
1153 738 1280 807 quia
1307 738 1360 791 in
1403 737 1499 790 tali
1529 751 1700 807 agone
1729 752 1838 792 non
1875 738 2052 792 solum

485 828 828 891 clericorum,
862 829 958 884 sed
989 830 1148 884 etiam
1185 828 1446 883 laicorum
1472 827 1575 896 ipsi
1615 835 1770 882 erant
1806 827 2050 898 signiferi

485 931 538 977 et
576 927 954 992 praeceptores,
984 929 1271 992 propterea
1309 920 1464 976 valde
1491 920 1740 984 verebar,
1778 935 1846 976 ne
1877 920 2050 991 longis

485 1013 777 1071 deﬁcerent
831 1015 1199 1079 cruciatibus,
1251 1021 1303 1069 et
1355 1028 1542 1068 eorum
1602 1012 1855 1079 defectio,
1905 1013 2050 1082 quod

483 1107 631 1162 dictu
669 1122 830 1177 grave
862 1115 967 1171 est,
1016 1105 1267 1176 plurimis
1299 1105 1532 1176 negandi
1567 1102 1705 1161 foret
1740 1103 2052 1159 offendicu—

483 1198 631 1265 lum;
657 1205 813 1254 erant
831 1199 976 1254 enim
1007 1200 1146 1252 ultra
1174 1206 1459 1254 sexcentos
1487 1196 1789 1267 sexaginta,
1814 1197 2047 1266 quicum

483 1290 565 1344 eis
593 1289 960 1345 carceralibus
992 1289 1344 1344 arctabantur
1378 1287 1689 1357 ergastulis.
1719 1284 1872 1340 Unde
1929 1300 2049 1339 ma-

480 1396 586 1451 gno
623 1381 811 1436 labore
850 1397 1156 1452 magnoque
1182 1389 1434 1450 satagens
1463 1379 1681 1441 sudore,
1713 1393 1824 1432 non
1851 1391 2048 1432 cessa—

479 1476 603 1528 bam
665 1473 732 1528 de
789 1473 1063 1544 praedictis
1113 1473 1249 1527 locis
1305 1471 1546 1527 scribere
1599 1469 1853 1526 omnibus
1903 1470 2044 1535 illis,

479 1565 774 1620 exhortans
813 1581 906 1619 eos
957 1565 1024 1619 ad
1057 1563 1302 1635 martyrii
1337 1563 1570 1634 palmam
1619 1561 1935 1632 magisterio
1966 1559 2046 1613 di-

478 1657 591 1711 vini
619 1656 834 1712 affatus.
867 1655 1090 1722 Quando
1137 1672 1263 1710 vero
1305 1654 1549 1708 omnium
1577 1669 1764 1708 eorum
1796 1651 2044 1723 magniﬁ-

477 1765 598 1804 cam
628 1749 809 1805 audivi
859 1748 1314 1818 perseverantiam
1350 1756 1404 1802 et
1436 1746 1710 1816 passionis
1747 1745 2041 1816 gloriosum

477 1843 661 1905 ﬁnem,
696 1842 896 1898 cadens
925 1841 980 1895 in
1021 1850 1221 1895 terram
1253 1839 1472 1893 adoravi
1527 1837 1734 1893 Christi
1772 1837 2044 1905 majesta—

476 1941 607 2000 tem,
639 1935 731 2004 qui
771 1949 864 1989 eos
894 1933 1036 1988 inter
1081 1931 1325 2004 martyrii
1380 1938 1626 1986 catervas
1683 1945 2045 1986 annumerare

475 2022 728 2092 dignatus
750 2033 848 2078 est.

543 2113 684 2181 Quid
734 2115 898 2170 etiam
932 2114 1086 2170 vobis
1128 2113 1194 2169 de
1257 2112 1468 2170 Meletio
1524 2113 1913 2186 Lycopolitano
1964 2113 2040 2186 (a)

473 2207 935 2261 commemorem?
974 2205 1067 2275 qui
1120 2214 1355 2275 quantas
1391 2207 1820 2275 persecutiones,
1852 2221 2044 2276 quan—

471 2308 665 2368 tosque
685 2297 840 2353 dolos
858 2297 990 2351 mihi
1021 2297 1089 2351 sit
1110 2296 1407 2364 jaculatus,
1433 2312 1532 2353 vos
1559 2295 1872 2352 omnimodo
1899 2295 2042 2352 scire

472 2391 780 2444 nullatenus
815 2389 1050 2459 ambigo.
1102 2387 1249 2443 Proh
1304 2387 1487 2443 nefas!
1545 2389 1794 2444 scindere
1842 2405 2042 2446 sacro-

472 2488 718 2538 sanctam
765 2479 1067 2536 Ecelesiam
1112 2497 1220 2535 non
1269 2481 1482 2540 metuit.
1514 2497 1677 2551 quam
1728 2481 1822 2536 Dei
1866 2481 2038 2538 Filius

471 2575 709 2644 pretioso
750 2571 1014 2642 sanguine
1063 2572 1313 2636 redemit,
1359 2587 1586 2642 eamque
1632 2581 1690 2626 ut
1727 2573 1793 2628 de
1834 2573 2037 2628 diaboli

463 2663 757 2736 tyrannide
781 2663 1056 2729 liberaret,
1099 2661 1335 2717 animam
1387 2679 1589 2734 ponere
1616 2681 1726 2720 non
1765 2665 2035 2720 titubavit.

466 2757 642 2821 Hanc,
678 2764 736 2810 ut
764 2756 944 2810 dicere
971 2754 1135 2826 coepi,
1170 2754 1542 2825 nequissimus
1573 2754 1822 2811 Meletius
1876 2757 2038 2812 scin-

469 2851 627 2913 dens,
655 2848 819 2903 etiam
869 2854 1090 2902 sanctos
1127 2847 1434 2916 episcopos,
1469 2847 1563 2918 qui
1597 2855 1724 2902 ante
1755 2849 2035 2918 paululum

469 2957 565 3013 per
619 2941 936 3012 martyrium
994 2940 1163 2994 caelos
1219 2946 1618 3009 penetrarunt,
1681 2939 1735 2992 in
1796 2938 2035 2994 carceris

468 3035 717 3090 custodia
747 3047 1058 3103 expugnare
1085 3039 1248 3102 atque
1277 3031 1514 3102 aiﬂigere
1564 3047 1676 3086 non
1725 3032 2030 3088 desinebat.

2155 562 2267 609 tres
2299 555 2497 610 nostri.
2527 564 2608 610 An
2668 557 2928 626 ignoratis
2956 566 3160 627 quanta
3194 573 3228 610 a
3259 558 3554 628 gentilibus
3599 577 3728 631 per-

2155 659 2347 714 pessus
2387 658 2471 702 est
2505 654 2656 716 pater
2686 663 2870 710 meus,
2905 647 2995 717 qui
3030 663 3117 702 me
3165 649 3409 714 nutrivit,
3443 653 3726 706 sanctissir

2153 752 2276 792 mus
2307 736 2558 795 Theonas
2597 741 2909 810 episcopus,
2935 742 3093 810 cujus
3136 741 3501 811 pontiﬁcalem
3535 744 3725 799 cathe-

2152 829 2304 884 dram
2355 846 2543 901 regere.
2574 834 2833 902 suscepi?
2886 832 2931 888 Ο
2973 834 3177 887 utinam
3216 841 3270 889 et
3322 837 3538 890 mores!
3581 835 3723 902 Quid

2151 921 2312 976 etiam
2343 921 2409 977 de
2439 939 2634 993 magno
2668 923 2925 996 Dionysio
2969 925 3211 994 ejusdem
3262 941 3593 996 praecessore
3631 944 3714 984 re-

2151 1010 2365 1066 feram?
2396 1013 2488 1083 qui
2517 1015 2781 1086 profugus
2811 1016 2878 1071 de
2911 1016 3032 1069 loco
3082 1015 3135 1068 in
3184 1016 3359 1070 locum
3397 1018 3596 1074 multas
3627 1033 3724 1072 ca-

2150 1101 2421 1160 lamitates
2475 1107 2542 1160 ab
2589 1107 2781 1162 insano
2823 1108 3084 1163 sustinuit
3135 1106 3416 1164 Sabellio?
3463 1109 3573 1165 Nec
3620 1127 3722 1167 vos

2148 1202 2464 1265 praeteream
2506 1197 2602 1268 (ὁ),
2639 1200 2973 1256 sanctissimi
3003 1199 3192 1257 Patres
3226 1215 3290 1255 ac
3337 1201 3534 1258 divinat
3582 1204 3721 1274 legis

2148 1288 2441 1350 antistites,
2499 1286 2709 1344 Ileracli
2757 1299 2919 1360 atque
2954 1290 3212 1356 Demetri,
3240 1297 3440 1360 quibus
3481 1292 3722 1348 fabrica-

2146 1387 2233 1435 tor
2266 1382 2510 1452 perversi
2556 1383 2826 1454 dogmatis
2875 1383 3137 1453 Origenes
3184 1383 3512 1440 multifarias
3542 1393 3724 1440 tenta-

2147 1477 2323 1530 tiones
2361 1474 2622 1540 incussit;
2656 1474 2749 1543 qui
2803 1474 3039 1542 conjeeit
3072 1475 3126 1527 in
3152 1472 3452 1529 Ecclesiam
3484 1475 3721 1530 detesta-

2145 1562 2253 1617 bile
2278 1562 2538 1627 schisma,
2572 1561 2716 1632 quod
2749 1577 2920 1632 usque
2949 1563 3109 1618 hodie
3140 1562 3426 1618 confundit
3453 1563 3719 1620 eam.Sed

2146 1655 2319 1726 gratia
2352 1653 2468 1718 Dei,
2497 1669 2617 1724 qua:
2653 1654 2774 1709 illos
2829 1662 2956 1708 tunc
2987 1655 3338 1724 protegebat,
3373 1655 3537 1710 credo
3567 1657 3715 1711 enim

2146 1747 2292 1817 quod
2315 1753 2367 1800 et
2396 1761 2493 1801 vos
2528 1752 2791 1816 proteget.
2831 1743 2936 1800 Sed
2963 1746 3090 1815 quid
3124 1763 3215 1803 vos
3254 1749 3392 1802 ultra
3437 1748 3714 1813 demoror,

2145 1836 2450 1892 charissimi
2483 1835 2699 1902 fratres,
2735 1835 2930 1906 prolixi
2972 1838 3241 1893 sermonis
3285 1837 3484 1892 aﬁ‘atu?
3516 1838 3717 1910 Super-

2144 1937 2226 1985 est
2251 1936 2309 1983 ut
2340 1928 2530 1981 ultima
2572 1929 2804 1998 apostoli
2856 1928 3101 1984 oratione
3153 1945 3249 1984 vos
3290 1944 3593 2000 prosequar
3639 1931 3714 1984 ita

2143 2021 2418 2093 precantis
2452 2041 2468 2075 :
2501 2030 2554 2076 et
2606 2036 2751 2075 nunc
2802 2020 3124 2076 commendo
3180 2037 3275 2077 vos
3306 2021 3417 2078 Deo
3445 2031 3498 2078 et
3546 2024 3714 2079 verbo

2143 2115 2330 2184 gratiae
2378 2113 2518 2182 ejus,
2552 2115 2648 2182 qui
2697 2121 2889 2182 potens
2934 2120 3018 2168 est
3056 2113 3361 2183 gubernare
3405 2121 3460 2168 et
3511 2129 3607 2169 vos
3656 2124 3714 2169 et

2141 2203 2284 2260 ovile
2312 2218 2493 2258 suum.
2541 2201 2667 2257 Haec
2717 2202 2810 2256 ubi
2857 2202 3002 2257 dicta
3049 2202 3219 2265 dedit,
3257 2205 3450 2272 positis
3481 2205 3712 2275 genibus

2141 2295 2318 2351 oravit
2355 2311 2478 2350 cum
2501 2296 2600 2350 eis.
2634 2293 2853 2360 Expleta
2879 2295 3064 2364 itaque
3090 2296 3367 2362 oratione,
3398 2299 3710 2353 osculantes

2140 2404 2334 2444 manus
2391 2388 2512 2458 ejus
2559 2403 2622 2441 ac
2679 2387 2842 2456 pedes
2887 2387 3126 2443 Achillas
3178 2397 3341 2458 atque
3404 2388 3711 2446 Alexander

2140 2477 2393 2534 conversi
2443 2479 2496 2531 in
2549 2478 2817 2548 lacrymas
2851 2478 3092 2550 singultu
3129 2481 3471 2536 amarissimo
3501 2483 3711 2550 quatie-

2139 2572 2359 2634 bantur,
2386 2572 2618 2628 maxime
2649 2571 2778 2642 quia
2803 2571 3087 2627 audierant
3107 2589 3231 2627 eum
3265 2573 3445 2629 dicere
3476 2574 3619 2645 quod
3641 2591 3710 2630 ex

2138 2673 2268 2719 tunc
2313 2666 2662 2736 temporalem
2719 2665 2838 2734 ejus
2897 2665 3064 2720 vitam
3123 2667 3356 2736 amplius
3386 2669 3559 2724 visuri
3597 2684 3711 2724 non

2137 2766 2338 2812 essent.
2371 2757 2580 2812 Dehine
2623 2757 2817 2812 doctor
2846 2757 3197 2814 dulcissimus
3236 2760 3458 2815 veniens
3491 2761 3560 2815 ad
3616 2775 3709 2816 re-

2136 2849 2316 2919 liquos
2362 2850 2709 2913 clericorum,
2763 2849 2878 2920 qui,
2937 2859 2995 2904 ut
3053 2851 3392 2920 praemissum
3446 2858 3556 2914 est,
3606 2869 3709 2925 pro

2134 2939 2264 2995 Ario
2295 2940 2524 3010 ingressi
2557 2939 2790 3005 fuerant,
2827 2940 3042 2995 locutus
3088 2940 3167 2996 eis
3208 2943 3372 2996 verba
3404 2944 3708 2999 novissima

2135 3041 2298 3105 atque
2319 3032 2686 3087 consolator-ia
2709 3039 2763 3087 et
2781 3047 2903 3102 qum
2922 3033 3233 3088 necessaria
3261 3041 3456 3098 erant;
3487 3035 3704 3102 deinde,

361 3176 373 3194 ,
459 3130 665 3184 Cavete
692 3127 855 3197 igitur
889 3127 957 3180 ab
987 3126 1105 3194 ejus
1139 3124 1373 3181 insidiis.
1421 3124 1533 3196 Ego
1578 3125 1723 3180 enim
1747 3165 1763 3193 ,
1814 3133 1875 3180 ut
1928 3125 2031 3196 ipsi
2058 3166 2101 3226 ϐ
2136 3121 2274 3179 fusis
2304 3122 2370 3177 ad
2403 3121 2570 3179 Deum
2623 3125 2876 3195 precibus
2916 3125 3037 3182 vale
3064 3125 3273 3183 faciens
3329 3128 3460 3193 illis,
3495 3128 3704 3184 dimisit

463 3221 682 3284 videtis,
715 3219 968 3288 alligatus
1001 3217 1187 3272 divina
1229 3218 1496 3272 charitate
1545 3217 1882 3288 proﬁciscor,
1919 3232 2032 3271 vo-

466 3314 730 3368 luntatem
786 3309 883 3366 Dei
945 3310 1200 3366 omnibus
1255 3319 1611 3381 anteponens.
1662 3308 1789 3365 Scio
1837 3324 2031 3378 nempe

462 3405 590 3478 quia
619 3403 820 3458 tribuni
843 3402 909 3458 de
933 3418 1053 3459 mea
1081 3418 1214 3459 nece
1236 3402 1570 3472 trepidantes
1601 3401 1909 3466 mussitant,
1933 3401 2029 3456 sed

462 3500 668 3555 nullum
697 3513 764 3552 ex
803 3497 908 3552 hoc
949 3496 1028 3552 eis
1063 3511 1368 3552 sermonem
1401 3495 1651 3560 inferam,
1678 3511 1852 3565 neque
1881 3496 2027 3550 enim

460 3589 696 3644 animam
728 3603 902 3642 meam
932 3586 1306 3657 pretiosiorem
1351 3602 1437 3642 me
1483 3587 1604 3656 ipso
1628 3584 1846 3641 faciam.
1882 3585 2027 3652 Quin

459 3683 569 3737 imo
597 3689 817 3751 paratus
845 3695 963 3735 sum
1003 3678 1264 3750 perficere
1291 3694 1513 3734 cursum
1557 3694 1718 3748 quem
1764 3679 1896 3733 mihi
1924 3679 2027 3735 Do-

457 3775 638 3828 minus
667 3788 821 3828 meus
849 3769 1008 3826 Jesus
1049 3770 1302 3828 Christus
1347 3772 1591 3842 polliceri
1632 3770 1888 3842 dignatus
1919 3781 2021 3838 est,

463 3874 518 3920 et
540 3866 904 3921 ministerium
927 3864 1073 3935 quod
1107 3864 1177 3920 ab
1206 3865 1327 3936 ipso
1357 3864 1560 3934 accepi,
1592 3863 1642 3920 ei
1677 3862 1907 3918 ﬁdeliter
1932 3879 2022 3918 as-

455 3961 693 4031 signare.
723 3958 888 4014 Orate
913 3974 1012 4030 pro
1039 3972 1147 4025 me,
1185 3956 1383 4013 fratres
1408 3975 1422 4025 ;
1456 3957 1686 4012 ulterius
1715 3971 1800 4012 me
1835 3956 1892 4010 in
1921 3956 2022 4010 hac

454 4053 565 4106 vita
588 4052 872 4108 vobiscum
901 4051 1084 4106 vivere
1109 4051 1222 4120 jam
1245 4067 1357 4105 non
1386 4050 1660 4106 videbitis.
1680 4049 2022 4120 Quapropter

452 4142 719 4199 testiﬁcor
744 4158 928 4198 coram
961 4142 1074 4197 Deo
1117 4151 1172 4198 et
1210 4152 1393 4197 vestra
1452 4143 1827 4208 fraternitate,
1875 4141 2020 4212 quod

453 4237 709 4293 omnibus
741 4237 898 4292 vobis
935 4235 1195 4290 mundam
1226 4235 1435 4290 servavi
1466 4237 1875 4292 conscientiam.
1899 4233 2020 4289 Non

449 4331 596 4392 enim
623 4328 924 4400 subterfugi
943 4328 1267 4383 annuntiare
1278 4329 1433 4383 vobis
1452 4344 1572 4398 quae
1588 4330 1719 4383 mihi
1737 4345 1765 4383 a
1791 4329 2019 4386 Domino

452 4427 580 4475 sunt
626 4420 889 4490 injuncta,
923 4429 977 4475 et
1025 4434 1147 4489 quae
1185 4418 1442 4489 deinceps
1495 4420 1805 4477 necessaria
1857 4431 2017 4476 erunt

445 4512 686 4583 pandere
711 4513 934 4566 minime
957 4512 1226 4566 recusavi.

518 4605 787 4672 Quocirca
840 4605 1104 4660 attendite
1139 4603 1297 4660 vobis
1353 4613 1406 4658 et
1435 4601 1690 4657 universo
1738 4602 1909 4674 gregi,
1960 4604 2015 4659 in

446 4713 555 4767 quo
583 4713 680 4754 vos
710 4697 947 4769 Spiritus
977 4706 1200 4754 sanctus
1230 4697 1472 4752 seriatim
1501 4696 1786 4767 episcopos
1809 4697 2010 4768 posuit.

446 4785 523 4843 Te
569 4789 787 4859 quidem
833 4790 1099 4846 Achillam
1145 4790 1404 4860 primum,
1466 4787 1834 4842 Alexandrum
1883 4803 2012 4844 vero

446 4881 767 4937 secundum.
801 4881 881 4936 En
927 4882 1080 4937 vobis
1111 4882 1235 4938 viva
1267 4895 1399 4936 voce
1424 4887 1715 4951 protestor,
1751 4881 2012 4952 quoniam

442 4981 566 5044 post
604 4989 785 5029 meum
817 4975 1105 5029 transitum
1148 4974 1433 5045 insurgent
1461 4971 1681 5043 quidam
1713 4972 1780 5026 de
1818 4971 2008 5027 Eccle-

443 5066 524 5120 sia
560 5066 844 5136 loquentes
879 5082 1156 5137 perversa,
1180 5082 1481 5137 rursusque
1509 5066 1754 5122 divident
1782 5081 1924 5131 eam,
1949 5072 2012 5118 ut

443 5155 709 5227 Meletius,
742 5159 1021 5214 trahentes
1055 5159 1312 5229 populum
1369 5166 1490 5230 post
1520 5175 1676 5216 suam
1704 5159 2005 5215 vesaniam.

443 5248 578 5304 Ecce
605 5249 831 5319 praedixi
859 5248 1033 5304 vobis.
1070 5246 1196 5310 Sed,
1231 5247 1492 5318 deprecor
1521 5264 1617 5304 vos
1641 5289 1656 5313 ,
1713 5263 1746 5302 o
1793 5248 2007 5303 viscera

441 5344 582 5408 mea,
611 5340 828 5412 vigilate
860 5359 873 5395 :
901 5346 1115 5410 oportet
1139 5339 1283 5393 enim
1309 5355 1402 5394 vos
1442 5341 1640 5396 multas
1676 5340 1860 5396 subire
1891 5340 2008 5394 tri-

507 5517 585 5589 (a)
610 5516 824 5589 Optime
852 5525 1064 5585 noster;
1099 5525 1216 5573 erat
1267 5521 1413 5589 enim
1454 5517 1697 5572 Meletius
1746 5517 2005 5588 Lycopo—

438 5587 553 5643 leos
570 5587 635 5643 in
659 5587 938 5644 Thebaide
973 5591 1282 5658 episcopus.
1330 5588 1571 5643 Pessime
1600 5592 1733 5641 Acta
1759 5590 2004 5643 Combe-

436 5659 630 5712 lisiana
681 5659 736 5712 in
768 5659 1057 5729 Lycaonia.
1094 5660 1214 5714 Jam
1257 5675 1343 5715 res
1375 5658 1569 5712 Meletii
1604 5660 1709 5729 late
1747 5659 2000 5714 scribun-

432 5734 591 5852 tur‘a
616 5728 824 5797 priscis
867 5730 1143 5788 historicis
1175 5741 1228 5786 et
1276 5747 1305 5786 a
1337 5729 1569 5786 Baronio
1615 5728 1680 5783 ad
1713 5743 1840 5785 ann.
1873 5730 1997 5795 506,

433 5813 490 5851 n.
560 5813 593 5852 ε)
623 5813 773 5852 seua.

433 5813 490 5851 n.
524 5813 593 5852 σε)
623 5813 773 5870 seqq.

2133 3231 2323 3270 omnes
2360 3217 2414 3270 in
2445 3227 2596 3286 pace.

2201 3306 2298 3362 His
2340 3308 2413 3361 ita
2445 3309 2703 3379 peractis,
2739 3311 2898 3383 longe
2950 3312 3166 3382 lateque
3199 3313 3395 3382 ubique
3424 3314 3699 3385 vulgatum

2130 3408 2212 3454 est
2244 3401 2387 3470 quod
2440 3401 2605 3456 Arius
2654 3419 2684 3457 a
2732 3404 2997 3460 catholica
3035 3405 3242 3460 unitate
3275 3405 3475 3475 absque
3506 3406 3700 3461 deiﬁco

2131 3501 2262 3545 nutu
2283 3506 2393 3545 non
2417 3493 2489 3547 sit
2511 3494 2786 3549 abscisus.
2819 3493 2912 3550 llle
2956 3505 3138 3552 autem
3163 3494 3383 3552 fallendi
3417 3496 3612 3552 artifex
3644 3504 3702 3552 et

2127 3584 2297 3640 totius
2335 3585 2593 3655 nequitia:
2623 3587 2944 3652 seminator,
2987 3587 3040 3642 in
3075 3589 3159 3644 sui
3191 3589 3429 3658 pectoris
3458 3589 3704 3662 labyrin-

2127 3674 2221 3730 tho
2253 3675 2532 3744 vipereum
2560 3677 2710 3732 virus
2739 3678 3019 3733 occultare
3053 3694 3164 3733 non
3217 3678 3532 3744 desinebat,
3575 3695 3701 3749 spe-

2125 3782 2256 3822 rans
2281 3784 2339 3824 se
2365 3769 2434 3823 ab
2461 3769 2672 3824 Achilla
2702 3770 2786 3825 vel
2839 3769 3149 3827 Alexandro
3182 3773 3544 3828 reconciliari.
3599 3772 3700 3828 llic

2123 3869 2208 3917 est
2239 3861 2329 3916 ille
2360 3862 2522 3918 Arius
2547 3863 2958 3929 haeresiarches,
2984 3865 3470 3922 consubstantialis
3515 3875 3569 3922 et
3616 3868 3700 3922 in-

2123 3953 2355 4009 dividuae
2387 3953 2672 4011 Trinitatis
2706 3955 2933 4012 divisor.
2988 3955 3088 4012 Hic
3134 3964 3218 4012 est
3253 3960 3343 4028 qui
3398 3974 3492 4015 ore
3530 3967 3700 4015 teme-

2123 4047 2269 4100 rario
2294 4045 2581 4102 Dominum
2623 4046 2958 4102 Salvatorem
2993 4064 3156 4119 super
3182 4065 3374 4105 omnes
3411 4051 3699 4112 haereticos

2123 4139 2499 4210 blasphemare
2529 4155 2639 4194 non
2680 4142 2894 4206 metuit,
2927 4139 3213 4196 Dominum
3236 4182 3251 4208 ,
3297 4143 3544 4214 inquam,
3577 4146 3697 4200 Sal-

2121 4238 2382 4296 vatorem,
2431 4234 2522 4303 qui
2575 4232 2841 4288 humanos
2901 4234 3190 4290 miseratus
3237 4251 3474 4303 errores,
3506 4239 3696 4293 morti-

2121 4321 2250 4376 ἵει-ω
2299 4321 2665 4379 damnationis
2715 4324 2942 4378 interitu
2971 4326 3268 4382 condolens
3299 4327 3476 4395 perire
3526 4343 3696 4383 saecu-

2120 4415 2252 4479 lum,
2283 4431 2382 4486 pro
2430 4417 2684 4472 omnibus
2729 4416 2886 4472 nobis
2941 4432 3106 4474 carne
3155 4421 3268 4488 pati
3297 4419 3553 4489 dignatus
3579 4429 3689 4479 est.

2047 4511 2092 4566 D
2121 4506 2305 4578 Neque
2333 4509 2478 4563 enim
2504 4508 2760 4564 divinitas
2779 4549 2795 4573 ,
2831 4524 2951 4579 quae
2993 4511 3179 4580 utique
3209 4512 3560 4582 impassibilis
3583 4521 3690 4576 est,

2122 4600 2432 4670 passionem
2493 4601 2792 4657 incurrisse
2860 4601 3130 4656 credenda
3196 4612 3301 4658 est.
3378 4602 3483 4658 Sed
3562 4606 3691 4674 quia

2120 4693 2355 4763 theologi
2405 4691 2596 4748 Patres
2655 4693 2965 4761 hujusmodi
3009 4694 3374 4764 blasphemias
3421 4710 3451 4748 a
3486 4695 3689 4749 catho-

2118 4785 2239 4839 licis
2279 4784 2503 4840 auribus
2536 4786 2748 4840 meliori
2801 4788 2941 4856 stylo
2980 4789 3168 4857 procul
3206 4803 3460 4843 amovere
3512 4803 3687 4843 cura—

2119 4883 2274 4941 runt,
2315 4883 2369 4930 et
2406 4876 2564 4932 nobis
2602 4876 2748 4931 aliud
2789 4877 3064 4944 imminet,
3109 4880 3398 4936 redeamus
3437 4881 3502 4936 ad
3544 4896 3689 4952 pro—

2116 4969 2372 5038 positum.
3345 4970 3347 4973 ’

2188 5059 2586 5130 Sagacissimus
2656 5059 2819 5129 igitur
2887 5061 3172 5129 pontifex,
3245 5061 3687 5119 animadvertens

2114 5153 2550 5209 cruentissimam
2579 5152 2920 5208 tribunorum
2960 5156 3258 5226 stropham,
3297 5156 3442 5226 quod
3465 5156 3535 5210 ob
3563 5156 3685 5222 ejus

2114 5243 2531 5314 perpetrandatn
2588 5257 2775 5297 necem
2799 5281 2814 5305 ,
2855 5261 3071 5300 omnem
3107 5245 3542 5301 Christianorum
3586 5246 3682 5316 qui

2113 5345 2244 5390 tunc
2289 5337 2517 5392 aderant
2573 5336 2976 5393 multitudinem
3011 5339 3192 5409 gladio
3225 5339 3537 5395 interimere
3574 5337 3684 5395 vel-

2183 5518 2505 5589 (blRursus
2559 5527 2706 5575 recte
2749 5528 2935 5576 noster
2989 5521 3120 5576 vitat
3169 5537 3408 5575 errorem
3455 5521 3682 5589 biogra-

2110 5592 2202 5660 phi
2261 5588 2434 5644 Graeci
2486 5590 2909 5660 Gombeﬁsiani,
2951 5593 3060 5660 qui
3121 5589 3429 5645 lleraclium
3477 5588 3685 5644 acDe—

2106 5658 2362 5786 gica-ium
2384 5668 2505 5729 post
2535 5658 2827 5717 Sabellium
2853 5677 2916 5716 ac
2946 5658 3256 5732 Dionysium
3277 5661 3447 5718 fuisse
3475 5661 3683 5717 diserte

2149 5747 2214 5786 ιρι
2247 5771 2261 5786 .
