4088 6284
325 336 420 391 461

1665 329 1846 385 ACTA
1889 327 2202 384 SINCERA.

3473 334 3579 388 462

324 457 456 518 lent,
482 455 661 511 noluit
695 473 790 514 eos
819 459 1024 530 pariter
1069 473 1255 515 secum
1295 459 1480 515 subire
1517 457 1710 511 mortis
1753 470 1902 510 acer-
1927 460 1974 515 Α
2001 457 2121 525 ejus
2172 455 2433 511 liberator
2481 457 2723 511 omnium
2775 455 3028 510 Christus
3077 455 3258 526 elegit,
3316 454 3413 509 tibi
3453 455 3576 512 ﬁdei

322 547 548 602 bitatem
575 564 592 617 ;
621 549 718 604 sed
754 549 926 606 fidelis
960 567 1151 608 servus
1191 550 1414 605 imitans
1461 549 1750 605 Dominum
1787 545 1900 600 Sal-

324 648 593 705 vatorem,
620 645 711 712 qui
743 643 880 698 dixit
911 651 966 699 et
1000 644 1162 707 fecit,
1219 642 1412 697 Pastor
1457 640 1622 695 bonus
1665 640 1900 693 animam

322 748 476 786 suam
510 733 658 800 ponit
694 747 790 801 pro
819 735 998 789 ovibus
1034 734 1183 797 suis,
1227 749 1292 789 ex
1319 735 1537 804 pietatis
1576 740 1898 802 argumento

323 830 540 875 vocavit
571 839 740 878 unum
772 825 1042 879 seniorem
1074 841 1137 878 ex
1167 824 1253 878 his
1293 823 1385 894 qui
1419 823 1620 879 ibidem
1669 838 1900 892 respon-

324 914 402 967 sis
433 913 556 982 ejus
586 915 944 977 inbasrebant,
979 924 1032 970 et
1061 916 1198 970 dixit
1222 915 1274 970 ei
1309 934 1322 970 :
1357 914 1504 970 Vade
1547 915 1615 970 ad
1645 915 1897 970 tribunos

321 1004 416 1074 qui
464 1019 552 1059 me
590 1005 896 1062 interﬁcere
924 1013 1198 1076 quaerunt,
1229 1015 1284 1061 et
1338 1007 1505 1062 dicito
1551 1007 1631 1061 eis
1663 1024 1676 1059 :
1707 1005 1899 1060 Cesset

321 1097 504 1150 omnis
535 1095 805 1158 anxietas,
836 1112 962 1152 ecce
990 1103 1276 1167 promptus
1299 1113 1418 1152 sum
1452 1100 1758 1152 ultroneum
1811 1111 1899 1150 me

323 1187 428 1240 illis
461 1187 730 1256 ingerere.
782 1185 896 1240 llac
928 1187 1125 1241 etenim
1159 1197 1319 1244 nocte
1367 1187 1586 1242 veniant
1625 1196 1748 1256 post
1783 1192 1896 1240 tero

317 1293 447 1345 gum
507 1279 705 1334 domus
758 1279 997 1334 carceris
1047 1280 1233 1349 hujus,
1264 1288 1320 1336 et
1375 1281 1426 1334 in
1460 1295 1570 1350 quo
1621 1280 1745 1335 loco
1800 1293 1897 1332 au—

319 1371 524 1428 dierint
559 1371 773 1442 signum
802 1371 856 1426 in
891 1373 1092 1442 pariete
1122 1373 1192 1427 ab
1226 1373 1374 1428 intus
1396 1372 1621 1434 factum,
1658 1371 1730 1425 ibi
1769 1369 1900 1425 effo-

319 1465 536 1522 dientes
564 1466 841 1536 excipiant
877 1483 996 1531 me,
1043 1465 1434 1537 perficiantque
1480 1466 1627 1536 quod
1674 1464 1778 1521 sibi
1812 1470 1898 1519 est

318 1556 669 1626 imperatum.
704 1553 900 1610 Senior
927 1571 1080 1622 vero,
1115 1556 1502 1626 obtemperans
1549 1553 1897 1624 jussionibus

318 1648 660 1704 sanctissimi
693 1649 797 1703 viri
843 1648 1044 1720 (neque
1071 1649 1214 1704 enim
1251 1657 1402 1704 tanto
1439 1648 1586 1702 Patri
1621 1645 1898 1702 contradi-

317 1754 449 1794 cere
477 1740 734 1812 poterat),
768 1740 902 1795 abiit
961 1741 1027 1795 ad
1079 1741 1328 1798 tribunos
1385 1748 1440 1797 et
1492 1739 1768 1795 intimavit
1817 1738 1897 1793 eis

2007 547 2334 618 prseconium
2363 563 2458 618 per
2480 556 2645 603 totam
2679 547 2972 619 Egyptum
3001 556 3055 604 et
3084 549 3288 604 circum
3313 548 3578 607 terminos

2006 640 2126 710 ejus
2161 641 2418 696 insonare
2449 642 2742 697 commisit.
2781 640 2884 700 Tu,
2938 641 3183 712 inquam,
3214 643 3575 699 ministerium

2006 732 2258 788 humanae
2296 735 2512 796 salutis,-
2563 734 2708 804 quod
2761 735 2857 789 tibi
2894 735 3158 789 creditum
3209 735 3404 796 fuerat.
3443 735 3580 808 vigi-

2005 825 2182 880 lanter
2213 826 2472 896 explesti;
2533 825 2695 895 hujus
2747 827 3004 880 nimirum
3039 826 3243 881 laboris
3273 827 3576 882 mercedem

2007 917 2251 989 martyrii
2307 917 2542 986 palmam
2599 917 2877 985 percipere
2940 916 3205 970 meruisti.
3256 914 3411 971 Unde
3467 934 3578 971 non

2006 1008 2279 1062 immerito
2307 1007 2505 1077 dignus
2534 1021 2593 1060 es
2622 1007 2952 1076 evangelista
2987 1006 3150 1060 simul
3187 1013 3241 1061 et
3284 1006 3578 1076 episcopus

2004 1101 2308 1171 praedicari.
2340 1099 2442 1154 Tui
2486 1115 2680 1168 nempe
2735 1115 3023 1155 successor
3079 1099 3182 1154 fuit
3215 1100 3492 1163 Anianus,
3523 1108 3578 1155 et

2004 1191 2201 1260 reliqui
2236 1189 2310 1261 (α)
2347 1205 2444 1260 per
2481 1190 2797 1244 succiduam
2837 1191 3032 1244 seriem
3074 1205 3249 1259 usque
3277 1190 3343 1244 ad
3374 1189 3579 1246 beatis-

2005 1284 2202 1338 simum
2232 1280 2510 1336 Theonam
2545 1281 2638 1350 qui
2668 1297 2799 1337 meae
2841 1280 3082 1336 infantiae
3111 1282 3370 1352 colaphos
3423 1281 3574 1340 dare.

2003 1387 2057 1431 et
2089 1391 2262 1430 meam
2291 1376 2524 1430 indolem
2556 1377 2766 1430 nutrire
2797 1375 3052 1446 dignatus
3110 1383 3214 1432 est.
3267 1375 3366 1430 Cui
3413 1375 3588 1429 etiam

2003 1483 2104 1538 ego
2134 1477 2389 1538 peccator
2420 1475 2475 1520 et
2501 1466 2757 1536 indignus
2792 1467 2933 1520 ultra
2961 1465 3213 1521 meritum
3234 1465 3578 1521 haereditario

2003 1560 2172 1632 gradu
2207 1574 2498 1615 successor
2522 1557 2748 1614 eil‘ectus
2785 1574 2926 1612 sum.
2961 1557 3028 1612 Et
3060 1557 3206 1628 quod
3233 1558 3574 1628 potissimum

2003 1659 2107 1717 est,
2153 1666 2282 1706 ecce
2328 1651 2620 1707 Dominicae
2670 1651 2887 1720 pietatis
2929 1651 3145 1721 largitio
3192 1667 3279 1705 me
3324 1650 3578 1721 pretiosae

2003 1745 2186 1800 crucis
2216 1759 2281 1800 ac
2311 1744 2516 1800 festivae
2545 1745 2819 1799 anastasis
2869 1750 3162 1814 martyrem
3198 1743 3312 1798 fieri
3371 1744 3577 1799 condo-

315 1833 468 1904 quod
512 1833 615 1887 sibi
664 1832 839 1889 fuerat
885 1833 1213 1904 iniunctum.
1267 1833 1422 1901 Quod
1486 1832 1566 1887 illi
1616 1831 1900 1886 audientes
1933 1825 1973 1880 Β
2002 1838 2172 1901 navit,
2201 1838 2451 1892 tribuens
2483 1851 2617 1890 meae
2649 1836 2920 1890 devotioni
2948 1853 3060 1892 suae
3083 1837 3575 1906 passionisjucun-

315 1925 478 1981 valde
529 1926 699 1995 gavisi
752 1936 916 1991 sunt,
976 1936 1027 1981 et
1083 1937 1426 1983 assumentes
1467 1927 1700 1980 latomos
1749 1924 1896 1977 circa

316 2017 499 2073 noctis
547 2017 710 2085 hujus
735 2018 1061 2072 matutinum
1095 2028 1308 2088 tempus
1343 2024 1611 2071 venerunt
1639 2017 1758 2070 sine
1790 2016 1896 2068 mi-

317 2111 508 2166 litibus
547 2111 613 2165 ad
653 2111 832 2164 locum
869 2111 962 2181 qui
995 2111 1100 2165 sibi
1130 2109 1308 2165 fuerat
1349 2115 1625 2164 ostensus.
1662 2106 1761 2160 Vir
1799 2121 1897 2159 au-

319 2213 429 2256 tem
490 2201 707 2258 Domini
763 2203 891 2273 vigil
950 2203 1005 2256 in
1073 2203 1324 2256 oratione
1363 2209 1418 2254 et
1467 2201 1669 2271 vigiliis
1722 2205 1895 2254 totam

317 2301 534 2350 noetem
571 2294 876 2350 insomnem
909 2293 1164 2349 duxerat.
1195 2292 1264 2346 At
1294 2293 1386 2346 ubi
1417 2308 1605 2347 eorum
1643 2290 1897 2362 cognovit

317 2388 632 2449 adventum,
667 2387 883 2442 cunctis
913 2387 1006 2458 qui
1039 2402 1224 2441 secum
1255 2387 1481 2441 aderant
1513 2400 1709 2456 sopore
1741 2384 1897 2452 quie-

317 2480 621 2543 scentibus,
649 2481 793 2534 lento
824 2478 994 2550 gradu
1044 2479 1327 2549 ingressus
1365 2485 1450 2532 est
1497 2479 1548 2530 in
1581 2477 1894 2530 interiorem

317 2571 560 2626 carceris
609 2578 840 2640 partem.
890 2576 938 2624 et
972 2568 1130 2638 juxta
1181 2569 1488 2624 condictam
1543 2568 1892 2638 sponsionem

317 2675 516 2717 sonum
577 2660 810 2716 faciebat
858 2662 912 2714 in
968 2661 1207 2729 pariete;
1256 2677 1418 2730 quem
1464 2660 1542 2713 illi
1589 2659 1894 2714 forinsecus

318 2755 643 2818 audientes,
717 2754 862 2810 facto
927 2753 1194 2809 foramine
1261 2761 1624 2823 susceperunt
1689 2752 1891 2807 Christi

319 2847 580 2902 athletam
637 2862 749 2902 non
779 2860 917 2901 aerea
949 2845 1156 2908 lorica,
1207 2845 1300 2899 sed
1351 2846 1553 2899 virtute
1600 2843 1894 2898 Dominicae

321 2939 503 2994 crucis
531 2937 770 3009 undique
799 2941 1066 2994 munitum
1090 2983 1104 3005 ,
1141 2944 1498 3008 paratumque
1547 2935 1772 3006 implere
1805 2934 1886 2988 di-

322 3030 502 3082 vinum
536 3045 838 3086 sermonem
874 3032 965 3103 qui
1012 3031 1144 3085 dicit
1177 3048 1191 3086 :
1229 3027 1411 3082 Nolite
1455 3028 1636 3081 timere
1685 3043 1772 3081 eos
1803 3028 1894 3096 qui

316 3138 505 3192 corpus
545 3124 808 3188 occidunt,
867 3126 1100 3178 animam
1149 3131 1323 3177 autem
1364 3139 1464 3175 non
1508 3129 1726 3190 possunt
1751 3121 1890 3174 occi-

314 3217 477 3282 dere;
502 3217 591 3272 scd
616 3221 792 3288 potius
821 3235 939 3274 eum
981 3218 1158 3272 timete
1189 3217 1279 3287 qui
1304 3224 1474 3285 potest
1501 3223 1550 3268 et
1581 3215 1815 3268 animam
1839 3224 1890 3270 et

322 3325 502 3380 :orpus
533 3310 747 3380 perdere
779 3311 832 3364 in
863 3311 1172 3381 gehennam.
1201 3308 1334 3362 Mira
1370 3308 1489 3363 res!
1519 3305 1650 3360 Tam
1677 3308 1889 3363 validus

316 3401 569 3457 imbrium
603 3403 762 3460 turbo
788 3403 1210 3472 collisioncsque
1241 3410 1528 3456 ventorum
1586 3400 1638 3453 in
1694 3400 1885 3454 eadem

314 3502 595 3567 strepuere
643 3502 826 3560 nocte,
859 3505 920 3550 ut
962 3509 1122 3549 nemo
1153 3508 1342 3549 eorum
1387 3492 1481 3561 qui
1524 3492 1890 3547 observabant

313 3588 558 3642 carceris
602 3588 776 3651 fores,
833 3595 1019 3657 posset
1067 3585 1255 3640 audire
1313 3584 1602 3640 efl‘odiendi
1666 3600 1884 3639 sonum.

312 3680 800 3738 Constantissimus
842 3688 1022 3736 autem
1072 3687 1277 3751 martyr
1307 3681 1535 3751 urgebat
1586 3677 1886 3734 homicidas

311 3774 480 3829 illos:
524 3773 731 3835 Facite,
785 3773 1060 3843 inquiens,
1097 3772 1244 3842 quod
1296 3770 1496 3824 facturi
1544 3770 1699 3833 estis,
1733 3769 1885 3839 prius

308 3885 471 3939 quam
500 3869 603 3924 hoc
633 3869 872 3925 sentiant
896 3867 988 3938 qui
1013 3884 1098 3922 me
1123 3867 1529 3922 custodiebant.

377 3963 448 4016 At
481 3962 556 4015 illi
582 3963 838 4018 tollentes
868 3976 992 4016 eum
1031 3960 1306 4014 duxerunt
1340 3959 1394 4011 in
1438 3959 1617 4013 locum
1649 3958 1742 4028 qui
1796 3959 1882 4014 di-

307 4053 451 4108 citur
481 4053 737 4118 Bucolia,
773 4051 864 4105 ubi
919 4058 974 4105 et
1028 4057 1254 4104 sanctus
1307 4047 1526 4104 Marcus
1560 4051 1880 4120 martyrium

303 4160 405 4217 pro
440 4143 658 4200 Christo
691 4143 952 4214 suscepit.
979 4141 1259 4213 Stupenda
1298 4149 1615 4196 sanctorum
1665 4139 1876 4196 virtus!

301 4236 442 4294 Cum
491 4253 615 4292 eum
649 4237 932 4301 ducerent,
982 4244 1038 4291 et
1081 4242 1286 4289 tantam
1318 4234 1465 4288 illius
1517 4231 1878 4287 constantiam

301 4330 448 4386 circa
491 4331 747 4386 funereos
774 4345 936 4384 casus
959 4336 1281 4399 tantumque
1315 4325 1481 4381 animi
1504 4324 1672 4379 robur
1702 4325 1881 4394 inspi-

301 4431 492 4479 cerent
514 4464 528 4486 ,
579 4423 760 4479 subito
793 4421 1049 4478 horridus
1081 4437 1250 4492 pavor
1284 4420 1618 4489 timidusque
1674 4426 1880 4472 tremor

1998 1927 2126 1980 dum
2150 1925 2394 1987 odorem,
2435 1935 2495 1978 ut
2525 1934 2578 1980 et
2613 1941 2713 1993 ego
2749 1926 2981 1980 hostiam
3017 1927 3118 1980 mei
3152 1928 3364 1981 cruoris
3405 1929 3575 1983 libare

1999 2016 2076 2069 illi
2123 2017 2320 2088 dignus
2366 2017 2588 2072 eﬁieiar.
2639 2017 2704 2070 Et
2756 2017 2884 2086 quia
2933 2017 3242 2072 istiusmodi
3295 2020 3573 2075 libationis

1997 2117 2154 2178 urget
2184 2109 2470 2172 articulus,
2505 2124 2601 2162 ora
2655 2123 2753 2178 pro
2805 2124 2890 2163 me
2925 2116 3017 2172 ut,
3052 2109 3233 2163 divina
3274 2111 3574 2180 opitulante

1997 2199 2220 2264 virtute,
2243 2199 2476 2254 stadium
2513 2198 2674 2268 hujus
2703 2199 2894 2268 agonis
2924 2197 3088 2252 corde
3120 2198 3347 2254 robusto
3381 2215 3445 2254 ac
3471 2201 3574 2256 fide

1998 2291 2408 2362 promptissima
2443 2289 2704 2359 perﬁcere
2750 2304 2979 2343 merear.
3035 2288 3376 2344 Commendo
3407 2290 3571 2344 etiam

1999 2392 2104 2437 tum
2129 2382 2380 2453 gloriosae
2432 2381 2746 2452 paternitati
2772 2380 3159 2435 Christicolum
3195 2397 3443 2451 gregem,
3477 2383 3573 2452 qui

1998 2477 2131 2530 mihi
2181 2475 2442 2546 pastorali
2486 2474 2751 2544 regimine
2786 2473 3112 2528 commissus
3153 2481 3274 2540 est;
3311 2475 3431 2537 tibi,
3487 2477 3573 2530 in-

1997 2583 2184 2639 quam,
2223 2585 2346 2622 eum
2398 2567 2719 2637 suppliciter
2769 2566 3119 2632 commendo,
3173 2567 3267 2638 qui
3325 2567 3570 2622 omnium

1996 2661 2416 2733 praecedentium
2464 2677 2529 2715 ac
2567 2661 3016 2730 subsequentium
3049 2661 3104 2714 in
3136 2660 3240 2717 hoc
3272 2659 3570 2730 pontiﬁcali

1997 2754 2194 2810 throno
2227 2762 2423 2809 auctor
2460 2761 2623 2822 atque
2669 2759 2818 2807 tutor
2869 2767 2991 2808 esse
3043 2753 3324 2822 probaris,
3365 2753 3570 2824 quique

1996 2846 2158 2916 hujus
2202 2847 2494 2917 primatum
2528 2845 2756 2911 habens,
2810 2860 2919 2899 non
2971 2844 3230 2908 hominis,
3265 2845 3359 2900 sed
3389 2845 3483 2900 Dei
3516 2852 3573 2902 et

1994 2938 2232 2994 hominis
2254 2937 2384 2994 Jesu
2410 2938 2636 3001 Christi,
2658 2952 2948 2993 successor
2975 2937 3215 2993 exsistis.
3242 2937 3309 2991 Et
3336 2938 3450 2993 haec
3484 2937 3571 2990 di—

1994 3047 2145 3095 cens,
2185 3030 2330 3085 haud
2361 3031 2520 3101 longe
2565 3045 2596 3084 a
2644 3045 2802 3086 sacro
2837 3031 3046 3084 tumulo
3075 3031 3298 3086 remotis
3325 3032 3569 3102 vestigiis

1993 3123 2356 3193 manibusque
2389 3123 2442 3176 in
2475 3123 2672 3177 callum
2703 3123 2965 3185 extensis,
2993 3138 3124 3178 voce
3156 3138 3351 3193 magna
3383 3140 3570 3194 preca-

1990 3221 2081 3268 tus
2115 3233 2128 3269 :
2167 3214 2472 3285 Unigenite,
2502 3215 2699 3285 inquit,
2729 3213 2964 3269 Verbum
2996 3215 3183 3270 aeterni
3224 3214 3403 3271 Patris
3436 3214 3568 3272 Jesu

1991 3305 2228 3369 Christe,
2243 3307 2441 3362 exaudi
2461 3323 2546 3362 me
2563 3315 2711 3360 tuam
2732 3307 3165 3377 interpellantem
3186 3308 3563 3374 clementiam;

1990 3399 2238 3469 pacifica,
2287 3415 2493 3469 quaeso,
2548 3405 2926 3469 tempestatem
2977 3397 3236 3454 Ecclesia:
3270 3411 3394 3463 tuae,
3430 3399 3568 3454 cliu-

1990 3493 2145 3547 sione
2174 3493 2457 3562 sanguinis
2486 3491 2592 3546 mei
2623 3491 2765 3546 servi
2806 3491 2885 3545 tui
2931 3492 3200 3547 conclude
3230 3491 3566 3562 persecutio-

1987 3599 2111 3639 nem
2152 3583 2338 3654 populi
2387 3584 2489 3637 tui.
2524 3581 2679 3637 Tunc
2731 3583 2978 3654 qundam
3020 3583 3173 3653 virgo
3216 3583 3328 3638 Deo
3359 3584 3559 3648 dicata,

1986 3693 2108 3747 quae
2178 3676 2560 3733 asceteriolum
2615 3675 2780 3746 hujus
2847 3676 3193 3746 evangelista:
3249 3679 3562 3734 cmmeterio

1985 3771 2386 3825 conterminum
2423 3768 2680 3832 habebat,
2724 3775 3052 3840 pernoctans
3084 3769 3139 3822 in
3185 3771 3431 3825 oratione
3457 3786 3557 3824 au-

1985 3864 2121 3918 divit
2173 3879 2360 3918 vocem
2414 3863 2481 3918 de
2542 3863 2681 3918 ccelo
2733 3863 3001 3917 dicentem
3048 3860 3293 3916 :Petrus
3343 3862 3558 3916 initium

1984 3957 2378 4027 apostolorum,
2415 3955 2611 4012 Petrus
2644 3956 2768 4011 ﬁnis
2819 3963 3122 4026 martyrum
3175 3957 3558 4028 episcoporum

1983 4050 2344 4104 Alexandriae.

2053 4142 2331 4214 Completa
2392 4144 2640 4200 oratione
2702 4144 3029 4201 deosculans
3098 4145 3342 4201 tumbam
3409 4145 3555 4201 beati

1981 4236 2324 4304 evangelista:
2351 4243 2404 4291 ct
2437 4237 2770 4306 reliquorum
2809 4238 3126 4309 pontificum
3169 4239 3262 4308 qui
3301 4238 3436 4294 inibi
3468 4245 3556 4292 tu-

1979 4323 2168 4377 mulati
2195 4334 2371 4390 erant,
2399 4326 2566 4382 exivit
2603 4328 2670 4381 ad
2697 4328 2970 4384 tribunos.
3005 4328 3074 4382 At
3097 4329 3172 4382 illi
3202 4330 3446 4385 videntes
3472 4329 3554 4383 fa—

1981 4413 2118 4469 ciem
2143 4416 2263 4485 ejus
2289 4425 2544 4489 tanquam
2577 4418 2770 4476 faciem
2813 4421 3011 4491 angeli,
3047 4427 3255 4477 terrore
3290 4422 3549 4492 perculsi,

299 4529 396 4572 eos
429 4516 628 4570 invasit
658 4515 712 4569 in
742 4523 954 4568 tantum
1004 4523 1065 4568 ut
1108 4513 1290 4568 nullus
1343 4528 1410 4566 ex
1453 4511 1534 4566 eis
1588 4509 1642 4563 in
1679 4508 1870 4563 faciem
1907 4515 1950 4568 ι)
1978 4506 2308 4560 verebantur
2354 4510 2402 4564 ei
2434 4509 2637 4576 aliquid
2672 4511 2739 4566 de
2773 4512 2998 4567 instanti
3040 4526 3213 4583 agone
3246 4513 3415 4583 loqui.
3453 4513 3554 4568 Ve-

299 4608 420 4678 ejus
468 4606 750 4662 intendere
791 4605 1041 4660 auderet.
1081 4603 1328 4676 Rogabat
1377 4611 1636 4673 praeterea
1668 4609 1874 4670 martyr

299 4697 650 4754 beatissimus
682 4705 740 4751 ut
776 4697 1019 4753 sinerent
1050 4710 1172 4751 eum
1201 4694 1268 4748 ad
1303 4693 1478 4750 sancti
1504 4692 1668 4747 Marci
1709 4708 1874 4749 evan-

300 4792 507 4863 gelista:
536 4789 852 4846 memoriam
899 4787 1007 4850 ire:
1041 4786 1294 4857 cupiebat
1335 4784 1478 4840 enim
1513 4784 1634 4852 ejus
1665 4799 1724 4840 se
1775 4801 1874 4856 pa-

298 4884 546 4940 trociniis
589 4881 992 4939 commendare.
1045 4879 1114 4932 At
1149 4877 1227 4932 illi
1258 4893 1371 4948 prae
1411 4875 1640 4947 pudoris
1680 4875 1874 4932 confu-

299 4977 452 5032 sione
477 4983 676 5031 terram
704 4974 1109 5042 despectantes,
1135 4966 1346 5032 Facito,
1394 4968 1668 5037 inquiunt,
1723 4967 1867 5038 quod

298 5069 400 5133 vis,
432 5076 644 5124 tantum
675 5065 938 5121 velocius.
989 5063 1274 5118 Accedens
1323 5063 1507 5130 itaque
1549 5061 1869 5130 complexus

296 5170 379 5217 est
404 5159 835 5215 sacratissimum
872 5155 1219 5227 evangelista:
1244 5154 1644 5218 ccemeterium,
1677 5159 1731 5207 et
1757 5152 1871 5207 vel-

297 5257 370 5308 uti
423 5255 480 5309 in
520 5268 687 5309 carne
723 5249 924 5306 viventi
960 5257 1122 5320 atque
1176 5247 1418 5305 audienti
1465 5249 1726 5317 loquens,
1763 5244 1869 5299 hoc

295 5345 455 5400 modo
489 5343 814 5414 precabatur
847 5359 860 5394 :
899 5340 1056 5395 Pater
1089 5340 1496 5399 honestissime,
1549 5345 1602 5392 tu
1633 5352 1868 5406 evange-

295 5436 418 5490 lista
441 5435 700 5506 unigeniti
726 5432 1043 5496 Salvatoris,
1074 5440 1132 5486 tu
1158 5433 1315 5488 testis
1348 5431 1665 5502 passionum
1697 5429 1866 5493 illius,

298 5536 346 5581 te
392 5527 628 5598 primum
681 5524 992 5596 pontiﬁcem
1041 5531 1096 5580 et
1153 5523 1552 5578 ﬁrmamentum
1595 5519 1868 5575 cathedrae

1979 4607 2284 4654 rumtamen
2308 4601 2436 4670 quia
2465 4601 2606 4657 Deus
2649 4619 2756 4657 non
2809 4603 3013 4659 deserit
3063 4613 3346 4674 sperantes
3381 4606 3434 4658 in
3469 4622 3548 4668 se,

1977 4690 2153 4744 noluit
2191 4699 2484 4763 martyrem
2515 4709 2673 4749 suum
2704 4694 2758 4748 in
2789 4695 3024 4750 articulo
3053 4697 3189 4749 tanti
3213 4696 3551 4751 discriminis

1978 4782 2182 4852 absque
2217 4785 2414 4839 solatio
2460 4786 2788 4858 relinquere.
2819 4787 2960 4842 Ecce
3011 4789 3232 4858 quidam
3288 4805 3455 4845 senex
3495 4797 3552 4845 et

1977 4875 2223 4944 quaedam
2256 4877 2410 4947 virgo
2448 4880 2624 4934 vetula
2658 4880 2937 4935 venientes
2975 4897 3045 4936 ex
3095 4882 3310 4952 oppidis
3343 4898 3554 4953 prope-

1978 4969 2170 5022 rabant
2197 4968 2250 5022 in
2285 4971 2580 5034 civitatem,
2617 4987 2847 5042 quorum
2892 4989 3034 5030 unus
3063 4984 3298 5045 quatuor
3330 4978 3552 5033 venali—

1977 5058 2093 5113 cias
2124 5060 2402 5116 deferebat
2436 5064 2626 5132 pelles,
2678 5065 2844 5120 altera
2896 5079 3112 5137 quoque
3143 5071 3386 5138 geminas
3421 5070 3552 5125 sin-

1976 5152 2166 5209 dones.
2199 5153 2444 5210 Cernens
2473 5171 2568 5212 eos
2600 5157 2790 5214 beatus
2839 5161 3066 5216 antistes
3087 5203 3102 5227 ,
3136 5163 3391 5234 cognovit
3419 5177 3550 5232 erga

1977 5260 2036 5300 se
2065 5245 2305 5302 divinam
2347 5249 2828 5319 dispensationem.
2875 5252 3027 5310 Illico
3066 5263 3418 5325 percontatus
3464 5270 3549 5311 ρει

1977 5336 2166 5393 dicens
2198 5358 2211 5393 :
2242 5339 2540 5398 Christiani
2571 5343 2748 5400 estis?
2778 5346 2870 5416 qui
2912 5346 3168 5402 dixerunt
3203 5367 3216 5403 :
3250 5347 3444 5400 Etiam.
3483 5345 3547 5401 Et

1976 5429 2071 5491 ait,
2100 5447 2209 5501 quo
2238 5435 2504 5505 pergitis?
2535 5435 2600 5491 Et
2632 5437 2762 5494 illi:
2806 5437 2888 5492 Ad
2925 5440 3220 5502 nundinas,
3269 5436 3544 5506 inquiunt,

1975 5520 2129 5576 urbis
2158 5531 2218 5576 ut
2243 5527 2616 5584 venundemus
2649 5528 2766 5584 haec
2795 5543 2914 5599 quae.
2935 5529 3252 5584 deferimus.
3280 5527 3548 5583 Clemen—

364 5709 440 5780 (a)
474 5679 618 5765 Bene
671 5715 883 5780 noster__
911 5704 1180 5780 perhanc
1235 5700 1574 5759 reticentiam
1638 5701 1768 5756 vitat
1811 5701 2090 5757 nominum
2124 5700 2586 5772 perturbationem
2615 5714 2733 5770 quae
2758 5697 3001 5754 occurrit
3030 5698 3086 5749 in
3123 5695 3273 5753 Actis
3309 5692 3547 5749 Combe-

298 5774 501 5837 ﬁsi'anis
519 5789 574 5836 et
597 5781 650 5834 in
680 5779 801 5835 cod.
842 5774 961 5831 Vat.
988 5775 1111 5828 622.
