4088 6284
517 323 621 377 4(ῑὸ

1533 319 1588 372 S.
1629 316 1830 371 PETRI
1873 315 2336 371 ALEXANDRINI
2377 315 2680 372 EPISCOPI
2777 373 2792 388 ο

3633 321 3739 379 464

518 457 766 515 tissimus
794 463 970 510 autem
998 451 1160 506 Pater
1195 452 1478 522 subjunxit
1513 471 1526 506 -.
1563 449 1739 505 Filioli
1796 447 1898 505 me'i
1937 453 2080 506 tide—
2112 459 2153 514 Α
2251 454 2559 510 Convolans
2592 455 2794 510 interea
2843 469 2909 508 ex
2947 454 3213 525 populosa
3257 454 3393 510 urbe
3443 457 3740 525 promiscui

519 549 619 614 les,
657 548 796 603 Deus
836 561 930 600 vos
963 544 1289 609 destinavit,
1319 550 1658 614 perseverate
1707 557 1939 596 mecum.
1975 542 2077 609 Qui

521 642 769 713 protinus
797 653 919 694 eum
952 645 1330 707 agnoscentes,
1364 634 1620 688 dixerunt
1670 653 1683 688 :
1728 632 1796 688 Ut
1838 634 2076 704 jussisti,

518 733 753 788 domine.
809 729 874 783 Et
903 743 1201 784 conversus
1235 727 1300 782 ad
1332 726 1580 780 tribunos
1610 744 1622 778 :
1659 724 1753 778 Eia
1788 728 1948 796 agile,
1982 727 2080 780 in—

516 826 652 896 quit,
685 822 827 894 quod
861 822 1035 876 acturi
1072 820 1224 882 estis,
1261 819 1595 888 complentes
1627 819 1829 889 regiam
1860 818 2079 887 jussio—

515 933 670 978 nem,
725 914 980 984 quoniam
1021 913 1137 967 dies
1190 911 1302 980 jam
1361 911 1681 965 illucescere
1734 911 1920 980 carpit.
1972 911 2076 981 lpsi

514 1015 690 1061 autem
723 1007 794 1060 ob
818 1004 1021 1059 nefaria
1058 1003 1317 1073 principis
1349 1002 1562 1057 decreta
1619 1003 1775 1072 quasi
1807 1002 1914 1056 vim
1965 1018 2078 1072 pa-

510 1099 730 1160 tientes,
759 1097 1002 1152 tulerunt
1031 1111 1154 1150 eum
1197 1109 1227 1150 e
1256 1095 1476 1165 regione
1509 1094 1803 1150 sanctuarii
1831 1109 2079 1164 evange-

512 1191 648 1246 listte
679 1189 732 1242 in
761 1189 952 1242 vallem
977 1187 1134 1255 juxta
1164 1187 1436 1256 sepulcra.
1466 1185 1530 1239 Et
1567 1193 1819 1242 sanctus:
1846 1185 2076 1257 Expan—

511 1282 642 1343 dite,
678 1279 872 1348 inquit,
896 1293 928 1333 0
959 1294 1137 1340 senes,
1171 1277 1338 1347 pelles
1367 1291 1504 1347 quas
1536 1276 1855 1338 advectatis,
1888 1278 2077 1333 simul-

509 1387 616 1442 que
649 1380 736 1435 tu,
777 1369 987 1430 vetula,
1050 1368 1326 1423 sindones.
1371 1367 1582 1432 Quibus
1619 1369 1906 1438 expansis,
1972 1383 2076 1422 ro-

509 1463 862 1520 bustissimus
919 1469 1126 1531 martyr
1190 1459 1426 1528 desuper
1478 1459 1816 1524 ascendens,
1867 1460 2074 1530 palmas

510 1564 770 1624 utrasque
822 1568 1039 1608 sursum
1097 1551 1378 1608 extendit,
1433 1565 1495 1603 ac
1563 1550 1792 1619 proinde
1841 1551 2073 1621 poplites

510 1645 661 1698 humi
705 1642 864 1704 ﬁxus,
898 1643 1134 1695 animum
1185 1655 1400 1709 quoque
1446 1640 1586 1694 coelo
1630 1640 1891 1702 intentus,
1936 1654 2074 1710 gra-

509 1735 708 1789 tiarum
740 1734 980 1788 actiones
1010 1729 1364 1800 omnipotenti
1416 1731 1752 1798 agonothette
1787 1731 2081 1802 persolvit,-

2181 559 2345 599 sexus
2375 545 2764 599 innumerabile
2793 546 3006 615 vulgus,
3040 545 3261 614 plorans
3281 553 3335 600 et
3363 545 3576 614 ejulans
3606 549 3744 602 invi-

2179 650 2294 690 cem
2327 651 2384 690 se
2409 635 2792 690 sciscitabatur
2819 636 3078 707 ignorans
3108 637 3340 707 qualiter
3389 639 3492 693 hoc
3532 641 3746 696 evenis-

2179 731 2279 779 set.
2315 723 2520 779 Revera
2575 726 2716 779 enim
2766 741 2796 779 a
2838 727 3062 782 minimo
3109 742 3280 797 usque
3331 729 3396 782 ad
3445 732 3739 786 maximum

2180 818 2482 872 acerrimus
2527 819 2682 874 ﬂetus
2713 835 2902 875 omnes
2948 821 3177 891 rigabat.
3208 821 3462 877 Primarii
3506 839 3745 896 namque

2178 909 2414 964 civitatis
2443 925 2566 965 cum
2589 919 2874 966 cernerent
2906 913 3266 970 multitudinis
3300 915 3621 972 laudabilem
3643 919 3743 972 im-

2179 1000 2587 1069 portunitatem,
2614 1001 2706 1071 qui
2743 1017 2932 1058 sacras
2983 1003 3103 1072 ejus
3135 1005 3359 1060 exuvias
3402 1006 3740 1076 lipsanorum

2176 1091 2349 1160 gratia
2397 1091 2646 1147 scindere
2677 1094 3017 1164 satagebant,
3059 1095 3393 1151 involventes
3423 1112 3546 1152 eum
3587 1098 3742 1168 pelli-

2177 1182 2280 1238 bus
2336 1191 2499 1255 atque
2543 1186 2864 1242 sindonibus
2906 1186 3014 1244 illis
3053 1189 3226 1244 tutius
3278 1191 3733 1259 perstrinxerunt.

2178 1273 2404 1346 Semper
2436 1276 2580 1330 enim
2609 1277 2992 1334 sanctissimus
3021 1277 3114 1334 Dei
3157 1280 3405 1335 minister
3432 1289 3612 1337 vestes
3649 1298 3739 1338 sa-

2174 1367 2476 1421 cerdotales
2507 1367 2614 1420 albi
2649 1367 2848 1422 coloris
2873 1378 2990 1422 erat
3039 1369 3291 1436 amictus,
3330 1370 3435 1426 hoc
3481 1381 3563 1428 est
3593 1373 3742 1429 tuni-

2174 1473 2294 1512 cam
2317 1465 2370 1511 et
2398 1457 2669 1513 colobium
2698 1473 2909 1512 necnon
2947 1467 2999 1514 et
3033 1461 3435 1530 om0phorium.
3463 1461 3592 1518 Post
3622 1464 3736 1519 haec

2175 1549 2340 1618 igitur
2372 1557 2492 1603 orta
2521 1558 2604 1604 est
2635 1549 2777 1604 inter
2801 1564 2896 1606 eos
2931 1566 3038 1605 non
3073 1565 3238 1622 parva
3273 1555 3584 1623 contentio;
3617 1558 3738 1627 qui-

2174 1638 2297 1693 dam
2329 1639 2472 1694 enim
2523 1639 2924 1694 saeratissimos
2962 1649 3114 1696 artus
3156 1640 3213 1696 in
3255 1644 3543 1699 ecclesiam
3571 1662 3737 1716 quam

2177 1731 2293 1801 ipse
2319 1729 2697 1794 aedificaverat,
2721 1730 2810 1784 ubi
2840 1738 2894 1786 et
2927 1747 3074 1786 nunc
3101 1733 3415 1802 requiescit,
3448 1735 3738 1792 advectare

508 1827 865 1895 muniensque
899 1840 957 1879 se
998 1823 1176 1877 crucis
1211 1823 1492 1892 signaculo
1534 1823 1690 1888 dixit,
1717 1822 1908 1876 Amen.
1938 1821 2066 1876 Dein
2103 1797 2142 1858 Β
2171 1823 2516 1894 satagebant;
2548 1823 2639 1876 alii
2667 1831 2845 1877 autem
2871 1823 2937 1878 ad
2969 1827 3338 1880 sanctuarium
3361 1829 3726 1898 evangelista,

507 1917 884 1988 omophorium
916 1915 1166 1969 relaxans
1200 1929 1229 1967 a
1261 1914 1404 1967 collo
1424 1954 1438 1978 ,
1489 1914 1757 1968 cervicem
1797 1914 2024 1968 tetendit
2053 1932 2066 1970 :

505 2007 658 2074 Quod
692 2007 865 2068 vobis,
902 2006 1174 2076 inquiens,
1223 2005 1440 2075 jussum
1473 2012 1576 2070 est,
1623 2005 1888 2061 maturius
1921 2005 2072 2061 deli—

503 2099 706 2154 berate.

573 2188 941 2262 Obriguerunt
991 2189 1195 2243 interea
1245 2187 1589 2243 tribunorum
1639 2202 1869 2254 manus,
1909 2197 2071 2257 atque

503 2283 733 2337 invicem
789 2297 848 2337 se
893 2287 1237 2350 aspectantes
1278 2278 1346 2332 ad
1393 2279 1498 2332 hoc
1555 2276 1766 2334 facinus
1806 2293 2069 2347 provoca-

501 2373 662 2439 bant;
690 2371 784 2427 sed
831 2386 1023 2426 omnes
1069 2367 1359 2424 formidine
1391 2368 1535 2437 capti
1570 2367 1880 2436 stupebant.
1911 2366 2070 2420 Tan—

501 2465 622 2518 dem
653 2479 720 2517 ex
748 2478 1015 2518 consensu
1043 2460 1249 2531 placuit
1281 2465 1339 2512 ut
1361 2458 1428 2513 de
1456 2459 1730 2513 communi
1763 2473 1871 2513 aere
1903 2458 2069 2512 inter-

503 2554 754 2609 fectionis
804 2552 1084 2624 praemium
1115 2557 1497 2621 apponeretur,
1535 2557 1589 2603 et
1621 2549 1666 2602 si
1699 2548 1823 2618 quis
1875 2548 2066 2604 istius-

502 2646 648 2702 modi
683 2646 863 2701 scelus
889 2651 1198 2714 perpetrare
1228 2658 1396 2698 ausus
1425 2648 1592 2704 esset,
1640 2641 1755 2710 ipse
1786 2639 2064 2694 homicidii

502 2738 809 2791 lucraretur
871 2743 1160 2805 quaestum.
1220 2731 1373 2786 llaud
1428 2745 1623 2798 mora;
1689 2731 2065 2800 unusquisque

499 2844 686 2883 eorum
715 2827 954 2898 quinque
984 2825 1208 2897 protulit
1242 2823 1468 2879 solidos.
1497 2820 1718 2889 Verum,
1749 2831 1808 2876 ut
1847 2824 2064 2894 gentilis

499 2919 576 2972 ait
605 2926 761 2990 poeta
788 2936 801 2973 :

798 3021 937 3089 Quid
977 3036 1079 3074 non
1109 3019 1358 3074 mortalia
1381 3027 1592 3090 pectora
1618 3019 1782 3089 cogis,

674 3093 809 3148 Auri
840 3108 993 3146 sacra
1019 3091 1184 3160 {ames
1209 3090 1230 3143 .’

499 3215 643 3254 unus
676 3214 741 3254 ex
773 3199 852 3254 eis
875 3198 983 3251 ritu
1018 3194 1314 3266 proditoris
1357 3192 1530 3260 Judae,
1562 3193 1806 3264 pecuniae
1835 3193 2060 3262 cupitli-

498 3301 608 3347 tate
624 3293 799 3346 audax
815 3289 1061 3353 effectus,
1084 3297 1300 3343 exserto
1321 3287 1500 3358 gladio
1521 3287 1720 3341 Christi
1753 3285 2057 3355 pontiﬁcem

497 3383 672 3452 rapite
707 3379 1051 3437 obtruncavit
1079 3377 1184 3433 sub
1221 3376 1309 3432 die
1345 3375 1556 3431 scilicet
1584 3391 1659 3429 vn
1694 3373 2057 3428 Kalendarum

499 3473 872 3528 Decembrium
900 3469 998 3541 (a),
1030 3484 1153 3524 cum
1211 3467 1436 3522 haberet
1483 3468 1538 3520 in
1573 3464 1892 3536 pontificatu
1947 3479 2059 3517 an—

497 3578 597 3618 nos
629 3579 728 3625 xn,
762 3570 991 3632 quorum
1022 3572 1132 3614 tres
1165 3567 1289 3613 ante
1318 3557 1775 3628 persecutionem,
1816 3555 2056 3626 reliquos

495 3671 623 3710 vero
657 3669 848 3709 novem
903 3653 961 3708 in
1009 3650 1243 3707 diversis
1275 3649 1713 3720 persecutionum
1763 3648 2056 3718 generibus

493 3747 695 3816 exegit.
737 3743 946 3799 Exinde
997 3744 1214 3799 sublato
1273 3741 1340 3794 ab
1391 3740 1719 3809 spiculatore
1773 3740 2055 3810 sanguinis

493 3836 688 3906 pretio,
717 3835 844 3887 mali
888 3841 1162 3902 emptores
1190 3833 1276 3886 vel
1311 3832 1490 3901 potius
1522 3831 1732 3885 cruenti
1771 3828 2054 3884 homicidae

493 3928 604 3980 cito
649 3926 810 3982 citius
868 3931 1248 3987 recesserunt,
1304 3922 1620 3978 metuebant
1667 3921 1812 3976 enim
1869 3922 2053 3991 populi

493 4014 915 4077 multitudinem,
949 4029 1225 4082 quoniam,
1257 4013 1335 4066 uti
1379 4013 1659 4083 praelatum
1693 4018 1796 4078 est,
1848 4013 2054 4080 absque

495 4104 712 4158 militari
766 4104 1020 4174 praesidio
1057 4111 1233 4158 erant.
1265 4105 1477 4173 Corpus
1526 4113 1706 4158 autem
1749 4103 2047 4158 beatissimi

492 4193 768 4264 martyris,
823 4193 1278 4262 quemadmodum
1339 4201 1520 4262 patres
1573 4192 1910 4246 afﬁrmabant
1955 4193 2050 4263 qui

490 4284 621 4338 illuc
647 4283 806 4353 primi
836 4291 1222 4348 convenerant,
1243 4282 1542 4352 permansit
1573 4292 1762 4338 astans
1790 4290 2047 4353 tanquam

489 4375 722 4430 orationi
785 4375 1126 4436 incumbens,
1161 4373 1335 4428 donec
1391 4373 1609 4442 plurimi
1660 4382 2047 4429 concurrentes

2170 1912 2262 1968 ubi
2294 1919 2347 1967 et
2375 1913 2621 1984 martyrii
2668 1920 2863 1968 metam
2892 1915 3200 1984 complevit,
3239 1916 3448 1974 deferre
3475 1920 3732 1974 niteban-

2170 2010 2259 2056 tur
2287 2021 2301 2057 :
2329 2009 2382 2056 et
2411 2002 2540 2056 dum
2570 2011 2765 2058 neutra
2794 2019 2922 2074 pars
2951 2005 3107 2060 alteri
3152 2007 3424 2071 cederent,
3451 2009 3734 2080 religionis

2167 2094 2488 2164 obsequium
2536 2102 2748 2149 vertere
2799 2107 3082 2167 coeperunt
3129 2099 3184 2154 in
3236 2116 3427 2171 pugnae
3477 2101 3728 2173 litigium.

2167 2186 2538 2253 Quorumdam
2585 2187 2792 2242 interea
2839 2197 3152 2245 senatorum
3186 2191 3430 2248 animosa
3469 2193 3726 2264 phalanx,

2164 2296 2233 2336 ex
2268 2281 2353 2336 his
2375 2281 2466 2350 qui
2506 2295 2705 2356 cursus
2735 2279 2812 2350 (ά)
2848 2290 3129 2346 vocantur,
3161 2283 3404 2340 videntes
3437 2300 3557 2356 quae
3586 2289 3730 2342 acci-

2166 2373 2378 2437 derant,
2428 2387 2553 2427 nam
2603 2387 2761 2427 secus
2813 2389 2959 2429 mare
3009 2382 3199 2440 erant,
3234 2385 3561 2446 paraverunt
3605 2393 3727 2434 sca-

2167 2465 2350 2533 pham,
2385 2464 2676 2535 subitoque
2725 2465 3052 2535 arripientes
3082 2475 3301 2522 sanctas
3338 2469 3598 2539 reliquias
3624 2472 3728 2524 im-

2165 2566 2464 2625 posuerunt
2493 2557 2776 2623 naviculae,
2815 2564 2870 2612 et
2895 2558 3252 2614 ascendentes
3281 2569 3428 2615 retro
3467 2559 3724 2626 Pharum,

2165 2661 2260 2717 per
2290 2647 2465 2701 locum
2515 2648 2604 2703 cui
2661 2648 2914 2704 Leucade
2943 2650 3263 2704 vocabulum
3313 2659 3430 2717 est,
3462 2662 3728 2708 venerunt

2163 2736 2219 2790 in
2260 2738 2544 2793 ecclesiam
2589 2738 2916 2795 beatissima;
2956 2737 3048 2793 Dei
3079 2739 3366 2795 Genitricis
3403 2756 3729 2812 semperque

2163 2825 2390 2896 virginis
2428 2825 2631 2890 Mariae,
2660 2842 2844 2897 quam,
2881 2835 2942 2881 ut
2989 2827 3168 2882 dicere
3213 2841 3576 2897 coeperamus,
3611 2830 3729 2900 ipse

2162 2918 2234 2974 ob
2269 2926 2571 2990 martyrum
2621 2919 2932 2975 coemeteria
2973 2919 3040 2974 ad
3089 2918 3481 2974 occidentalem
3518 2931 3727 2993 partem

2161 3014 2218 3068 in
2247 3013 2480 3084 quodam
2516 3011 2756 3082 prosatio
2786 3009 2856 3082 (e)
2877 3019 3276 3067 construxerat.
3308 3012 3464 3068 Tunc
3492 3019 3727 3086 populo.

2162 3121 2281 3160 rum
2312 3105 2527 3175 agmina
2557 3118 2656 3158 ceu
2706 3112 2860 3174 rapto
2895 3103 2999 3158 sibi
3043 3103 3252 3158 cmlesti
3305 3104 3594 3173 thesauro,
3631 3108 3723 3163 alii

2163 3210 2258 3265 per
2289 3194 2506 3257 itinera,
2550 3192 2642 3247 alii
2694 3207 2791 3262 per
2822 3191 2976 3246 devia
3005 3207 3233 3262 quaeque
3263 3195 3507 3262 properis
3545 3197 3722 3251 cursi.

2159 3286 2262 3340 bus
2297 3284 2676 3354 insequuntur.
2736 3282 2837 3348 Qui
2879 3283 3095 3338 tandem
3131 3285 3408 3340 venientes
3446 3300 3555 3340 non
3603 3287 3719 3357 jam

2159 3378 2249 3432 ubi
2280 3385 2572 3447 poneretur
2619 3375 3043 3436 altercabantur,
3079 3376 3172 3430 sed
3217 3377 3489 3431 connnuni
3520 3383 3574 3432 et
3609 3393 3719 3434 non

2159 3467 2517 3538 improbando
2561 3467 2821 3530 consilio,
2894 3467 3047 3536 prius
3084 3482 3207 3520 eum
3251 3467 3611 3523 decreverunt
3665 3469 3720 3523 in

2158 3573 2257 3614 sua
2310 3557 2564 3613 cathedra
2615 3571 2846 3627 ponere,
2917 3564 2972 3612 et
3026 3557 3104 3612 sic
3158 3558 3375 3613 demum
3429 3561 3722 3629 sepultura:

2158 3651 2388 3706 tradere.

2228 3743 2292 3796 Et
2315 3745 2436 3806 hoc,
2463 3743 2884 3814 prudentissime
2911 3744 3100 3810 lector,
3137 3745 3262 3798 nolo
3291 3753 3551 3817 tanquam
3579 3750 3716 3805 otio-

2156 3830 2725 3890 sum'deliramentum
2779 3836 3060 3902 attendas;
3103 3838 3360 3906 quoniam
3411 3839 3456 3892 si
3495 3856 3716 3896 causam

2156 3925 2384 3994 hujusce
2415 3923 2673 3978 novitatis
2695 3921 2970 3986 didiceris,
3005 3923 3211 3977 mirans
3234 3924 3554 3978 laudabilem
3605 3939 3719 3995 po-

2152 4018 2264 4088 puli
2297 4017 2469 4072 zelum
2503 4015 2814 4084 factumque
2857 4013 3134 4084 probabis.
3187 4011 3285 4066 Hic
3333 4013 3477 4067 enim
3525 4014 3716 4070 beatus

2153 4107 2382 4162 antistes
2429 4108 2646 4176 quando
2678 4105 2844 4160 divini
2885 4104 3126 4175 mysterii
3166 4109 3503 4156 sacramenta
3558 4104 3715 4159 cele-

2151 4199 2366 4262 brabat,
2427 4213 2557 4262 non,
2621 4196 2764 4252 sicut
2810 4195 3215 4250 ecclesiasticus
3265 4207 3384 4248 mos
3435 4193 3616 4261 habet,
3657 4195 3710 4249 in

2152 4288 2450 4360 pontiﬁcali
2478 4288 2695 4348 throno,
2729 4286 2823 4341 sed
2851 4286 2904 4338 in
2935 4285 3054 4354 ejus
3087 4281 3431 4354 subpedaneo
3471 4285 3712 4340 scabello

2150 4381 2450 4447 residebat;
2505 4379 2648 4450 quod
2701 4377 2883 4449 populi
2930 4375 3289 4446 aspicientes,
3351 4390 3493 4445 aegre
3554 4377 3712 4430 acci-

489 4467 792 4522 iuvenireut
834 4465 967 4520 illud
1005 4464 1194 4519 eodem
1221 4463 1382 4518 modo
1415 4464 1755 4532 consistens;
1790 4464 2045 4518 nimirum
2083 4488 2125 4544 D
2152 4473 2390 4543 piebam,
2423 4482 2475 4526 ει
2508 4476 2905 4540 conquerentes
2931 4467 3298 4522 acclamabant
3333 4485 3345 4519 :
3387 4465 3632 4536 Oportet,
3677 4481 3711 4521 ο

489 4559 632 4628 quod
669 4559 858 4614 vivens
890 4559 1088 4628 s-tepius
1139 4564 1345 4626 egerat,
1413 4570 1543 4610 caro
1574 4556 1735 4610 etiam
1782 4556 2049 4611 exanimis

489 4649 809 4704 testabatur.
846 4649 1038 4703 Senem
1074 4662 1289 4718 quoque
1308 4655 1470 4717 atque
1504 4661 1666 4701 anum
1705 4646 1848 4698 illam
1884 4661 2051 4715 repe—

489 4747 678 4794 rerunt
708 4741 1066 4796 observantes
1096 4756 1219 4794 cum
1253 4741 1400 4793 luctu
1435 4745 1488 4792 et
1521 4737 1723 4808 gemitu
1755 4736 2048 4805 pretiosis-

489 4831 688 4886 simum
744 4831 1000 4886 Ecclesiae
1067 4832 1287 4886 monile.
1349 4828 1682 4884 Redinantcs
1734 4827 1806 4897 (b)
1865 4827 2047 4896 itaque

486 4920 810 4989 triumphale
852 4919 1014 4975 funus
1036 4959 1051 4982 ,
1099 4933 1426 4986 sacrumque
1459 4926 1619 4986 caput
1651 4913 1848 4968 cervici
1880 4928 2048 4982 oppo-

487 5021 714 5073 nentes,
775 5019 1171 5081 cooperuerunt
1227 5007 1586 5074 sindonibus;
1658 5020 1872 5061 sacrum
1916 5018 2044 5058 vero

485 5117 736 5159 cruorem
779 5103 872 5172 qui
903 5116 1060 5156 secus
1110 5100 1410 5163 allluxerat,
1438 5097 1689 5169 peniculo
1736 5103 2045 5151 reverenter

485 5197 822 5266 collegerunt
850 5193 921 5264 (c)

554 5423 630 5493 (α)
669 5420 803 5477 Cod.
857 5424 984 5493 vat;
1011 5415 1338 5493 δεῇ-ποκα.
1365 5425 1414 5468 et
1464 5417 1705 5493 vicesima
1742 5412 2040 5493 _di'e‘AtIiyr

483 5482 696 5546 mensis.
754 5493 888 5544 Acta
946 5485 1224 5550 Combef.,
1273 5485 1528 5556 πέμπτην
1574 5487 1666 5539 ἐπὶ
1709 5482 1898 5538 εἰκάδα
1945 5482 2036 5534 τοῦ

479 5562 782 5632 Νοεμᾷρίου
807 5559 991 5630 μηνός.

572 5625 622 5686 b'l
650 5625 905 5686 Notemus
931 5625 1270 5682 vocabulum.

572 5632 598 5680 b
650 5631 905 5686 Notemus
931 5631 1270 5682 vocabulum.

549 5631 623 5766 ω
655 5697 731 5752 Εη
757 5713 953 5752 novum
992 5695 1361 5750 testimonium
1393 5694 1460 5750 de
1485 5701 1725 5748 veterum
1771 5691 2036 5746 Christia-

483 5781 676 5822 norum
703 5783 832 5822 cura
883 5767 1073 5821 devota
1117 5768 1431 5836 sanguinem
1471 5770 1767 5830 martyrum
1815 5777 2033 5817 conser—

2151 4562 2330 4626 Pater,
2375 4563 2429 4616 in
2458 4569 2550 4615 tua
2575 4569 2629 4615 te
2653 4561 2841 4616 sedere
2877 4557 3164 4625 cathedra;
3194 4567 3246 4612 et
3281 4572 3405 4612 cum
3433 4558 3628 4613 crebro
3656 4558 3710 4614 id

2149 4656 2326 4726 ipsum
2358 4661 2696 4723 repeterent,
2738 4666 2967 4721 surgens
3015 4648 3228 4705 Domini
3268 4650 3515 4704 minister
3563 4649 3711 4719 ejus-

2149 4748 2294 4803 modi
2352 4733 2602 4816 querelas
2650 4742 2941 4813 tranquilla
2970 4755 3101 4800 voce
3131 4739 3382 4804 sedabat,
3413 4747 3466 4794 et
3512 4740 3707 4795 iterum

2147 4841 2202 4897 in
2247 4837 2435 4894 eodem
2467 4835 2702 4892 scabello
2725 4832 3020 4888 residebat.
3058 4830 3282 4887 Cunctis
3320 4839 3498 4885 autem
3534 4831 3709 4886 humi-

2147 4932 2314 4988 litatis
2359 4930 2534 5000 gratia
2590 4928 2693 4982 hoc
2742 4927 2826 4997 agi
2885 4923 3188 4978 videbatur.
3238 4922 3481 4988 Quodam
3522 4930 3706 4977 autem

2145 5036 2352 5092 magna:
2385 5019 2689 5075 festivitatis
2721 5018 2808 5072 die
2841 5031 2966 5070 cum
3005 5029 3161 5070 sacra
3187 5013 3475 5069 missarum
3510 5012 3708 5067 solem-

2143 5118 2232 5170 nia
2265 5123 2472 5186 ageret,
2517 5120 2570 5168 et
2601 5111 2705 5164 tale
2751 5108 2881 5180 quid
2942 5107 3117 5160 facere
3143 5104 3324 5168 vellet,
3385 5119 3494 5159 non
3525 5104 3703 5159 solum

2142 5209 2396 5280 populus,
2425 5205 2518 5263 sed
2545 5203 2705 5257 etiam
2737 5200 2915 5254 clerus
2947 5211 3186 5251 consona
3220 5211 3353 5251 voce
3389 5196 3706 5249 inclaman-

2139 5395 2322 5477 vandi,
2357 5411 2424 5466 de
2464 5422 2569 5477 qua
2599 5420 2657 5458 re
2680 5400 2770 5455 diu
2799 5400 3074 5455 Boldettus
3100 5397 3154 5452 in
3195 5395 3510 5451 Ccemeteriis
3559 5392 3698 5453 MM.

2137 5486 2230 5540 lib.
2268 5501 2308 5545 ι,
2339 5496 2457 5549 cap-
2495 5478 2563 5531 27
2597 5490 2746 5544 δοψι·
3186 5538 3235 5550 ..

2207 5533 2549 5624 ζάῖιιῖὶὲιιὶεθ
2579 5533 2796 5601 cursum
2826 5538 3099 5610 publicum
3124 5538 3481 5595 vehicularem
3505 5533 3588 5591 vel
3605 5546 3705 5588 na-

2135 5625 2449 5680 vicularcm.

2205 5696 2272 5766 (ε)
2303 5689 2650 5752 Graecismus,
2681 5698 2776 5754 pro
2810 5680 3076 5736 suburbio.
