4088 6284
286 349 386 404 £65

1628 350 1808 407 ACTA
1843 349 2155 406 SINCERA.

3399 346 3512 401 -ωρ

289 478 369 527 tes
395 467 653 524 dixerunt
684 488 695 523 :
749 468 886 525 Sede
929 470 984 524 in
1022 472 1150 527 sede
1204 477 1295 525 tua
1317 510 1330 532 ,
1367 484 1400 524 ο
1443 470 1718 540 episcope.
1753 470 1846 526 llle
1875 482 1919 532 Α
1949 470 2176 524 virtutes
2209 467 2318 524 fieri
2378 483 2487 522 non
2517 467 2795 525 deﬁciunt.
2822 467 2919 520 Pia
2971 466 3168 524 etenim
3216 477 3342 525 vota
3372 469 3512 524 felici

287 572 488 625 autem,
539 562 824 632 cujusdam
877 563 1118 634 mysterii
1173 563 1458 628 conscius,
1512 565 1616 619 hoc
1659 563 1849 618 audire

288 655 695 723 dissimulavit;
761 656 997 726 datoque
1052 655 1313 712 reticendi
1369 656 1614 720 indicio,
1673 671 1849 726 neque

287 751 430 805 enim
475 749 524 805 ei
557 749 847 819 quisquam
899 749 1164 805 obsistere
1205 748 1540 818 pertinacius
1595 748 1846 812 audebat,

289 843 447 898 silere
481 855 674 896 omnes
720 840 884 905 fecit,
935 848 989 896 et
1020 840 1374 898 nihilominus
1416 841 1659 912 ejusdem
1706 840 1850 896 sedis

289 931 522 988 scabello
546 930 820 997 subsedit;
843 931 1237 1001 celebratisque
1273 947 1339 988 ex
1367 947 1518 987 more
1563 931 1849 986 missarum

289 1023 606 1091 solemniis,
644 1023 1023 1094 unusquisque
1061 1023 1298 1079 ﬁdelium
1335 1024 1404 1078 ad
1439 1025 1657 1094 propria
1684 1038 1852 1092 repe-

285 1114 453 1170 (lavit.

356 1204 452 1258 Vir
506 1214 686 1260 autem
736 1203 973 1269 Domini,
1025 1205 1241 1261 clericis
1291 1205 1598 1268 accersitis,
1658 1205 1850 1258 intima

286 1297 580 1352 serenitate
601 1296 948 1366 tranquillus,
973 1311 1208 1368 arguens
1228 1311 1322 1352 eos
1349 1297 1698 1353 temeritatis:
1718 1297 1849 1360 Cur,

285 1386 485 1458 inquit,
511 1388 778 1442 laicorum
805 1387 1030 1443 vocibus
1060 1386 1279 1443 admisti
1307 1402 1391 1442 me
1418 1386 1708 1458 objurgare
1742 1401 1850 1440 non

284 1475 894 1531 erubuistis?Attamen
935 1476 1063 1547 quia
1106 1477 1228 1532 talis
1271 1477 1576 1548 objurgatio
1625 1492 1735 1530 non
1785 1477 1852 1532 de

281 1569 562 1640 jactantiae
594 1585 817 1625 ccenoso
843 1578 1106 1636 torrente,
1141 1572 1236 1628 sed
1270 1573 1336 1628 de
1363 1575 1658 1644 purissimo
1703 1573 1852 1628 fonte

285 1660 603 1715 dilectionis
632 1661 888 1726 manavit,
923 1661 1161 1732 aperiam
1193 1663 1348 1718 vobis
1393 1663 1557 1732 hujus
1607 1663 1851 1735 mysterii

287 1760 581 1808 secretum.
614 1750 941 1824 Plerumque
963 1755 1107 1809 enim
1137 1771 1260 1811 cum
1305 1756 1501 1811 throno
1529 1757 1604 1812 illi
1639 1772 1853 1829 appro—

1947 561 2290 616 exauditione
2313 560 2582 623 laetantur,
2612 558 3002 616 inllrmantium
3033 559 3291 615 sanitates
3312 568 3517 616 restau-

1948 658 2158 714 rantur,
2182 651 2529 721 expulsiones
2575 651 2976 706 immundorum
3026 651 3336 721 spirituum,
3369 668 3514 707 mar-

1949 743 2084 815 tyris
2135 743 2384 796 meritum
2443 742 2822 816 testiﬁcantur.
2859 740 2981 796 Haec
3012 757 3257 807 munera,
3291 743 3514 799 Domine

1949 833 2111 900 Jesu,
2163 845 2250 888 tua
2291 843 2454 898 sunt,
2517 835 2603 889 cui
2661 836 3068 892 consuetudinis
3113 842 3198 890 est
3251 844 3514 906 martyres

1951 937 2072 983 tuos
2122 935 2246 998 post
2299 927 2486 982 mortis
2516 927 2738 982 exitium
2771 929 2850 983 sic
2883 927 3226 999 magniﬁcare
3266 927 3508 995 felicius;

1950 1018 2041 1088 qui
2092 1033 2217 1072 cum
2259 1016 2420 1072 Patre
2462 1024 2517 1072 et
2566 1019 3012 1075 consubstantiali
3062 1026 3250 1075 sancto
3311 1018 3513 1090 Spiritu

1950 1109 2088 1165 vivis
2137 1117 2191 1164 et
2252 1124 2446 1179 regnas
2496 1124 2591 1179 per
2648 1109 2858 1165 inﬁnita
2913 1111 3109 1167 saecula
3170 1111 3512 1168 saeculorum.

1949 1202 2118 1257 Amen
2142 1199 2237 1272 (ὁ).

2024 1293 2154 1350 Post
2209 1295 2322 1349 haec
2356 1293 2588 1363 qualiter
2629 1293 2738 1348 doli
2793 1295 2982 1351 artifex
3043 1297 3235 1367 lupus,
3285 1296 3388 1351 hoc
3435 1303 3518 1351 est

1950 1386 2150 1453 Arius,
2215 1386 2376 1441 ovina
2438 1383 2574 1456 pelle
2619 1393 2924 1451 contectus,
2986 1387 3325 1442 Dominicum
3378 1389 3519 1443 ovile

1952 1477 2214 1533 dilaniare
2252 1477 2554 1540 intraverit,
2591 1477 2672 1531 vel
2701 1494 2809 1546 quo
2845 1487 3004 1548 pacto
3026 1479 3313 1535 sacerdotii
3342 1479 3519 1551 digni-

1952 1577 2115 1626 tatem
2139 1584 2402 1640 usurpare
2429 1570 2675 1634 valuerit,
2703 1570 2850 1626 brevi
2889 1571 3061 1625 relatu
3096 1571 3375 1627 insinuare
3407 1580 3520 1626 sat-

1953 1678 2194 1734 agemus.
2229 1661 2295 1714 Et
2341 1662 2442 1718 hoc
2470 1679 2578 1718 non
2611 1664 2674 1718 ad
2708 1678 2896 1718 eorum
2948 1664 3378 1733 suggillatiouem
3425 1664 3518 1733 qui

1952 1755 2138 1810 lolium
2169 1754 2481 1825 apostaticze
2505 1756 2844 1828 contagionis
2882 1757 3089 1812 caelesti
3122 1755 3420 1812 ventilabro
3453 1756 3520 1810 ab

283 1847 495 1900 limare
535 1845 677 1910 volo,
710 1845 868 1901 video
896 1848 1186 1923 quamdam
1224 1849 1288 1903 “in
1337 1866 1403 1905 eo
1437 1851 1624 1907 sedere
1667 1853 1855 1908 virtu-
1885 1849 1925 1904 Β
1956 1847 2198 1903 Ecclesia
2222 1848 2521 1918 projectum
2551 1847 2618 1902 ad
2654 1863 2836 1904 aream
2864 1849 3158 1904 Dominicaa
3195 1849 3390 1904 messis
3437 1863 3519 1903 re-

287 1945 396 1991 tem
426 1937 524 2007 (α),
555 1937 761 2008 fulgore
789 1939 1010 1995 luminis
1041 1941 1329 1997 admodum
1376 1945 1695 1999 radiantem.
1732 1945 1854 2001 Mox

285 2042 418 2096 ergo
442 2027 583 2081 inter
613 2028 870 2098 gaudium
902 2037 956 2083 et
979 2046 1230 2099 pavorem
1263 2049 1596 2102 suspensus,
1619 2050 1854 2106 agnosco

289 2133 377 2172 me
431 2127 594 2172 tanta:
652 2119 917 2175 sessionis
970 2137 1196 2191 prorsus
1264 2124 1576 2196 indignum;
1631 2135 1685 2182 et
1746 2127 1852 2182 nisi

290 2205 535 2260 scandali
590 2207 944 2263 seminarium
1009 2213 1210 2281 populo
1256 2213 1458 2270 inferre
1511 2217 1852 2281 titubassem,

288 2295 433 2352 haud
455 2297 678 2352 dubium
729 2299 858 2369 quin
887 2316 990 2356 nec
1023 2303 1124 2371 ipsi
1153 2303 1390 2361 scabello
1417 2306 1657 2362 assidere
1689 2322 1856 2363 ausus

289 2388 535 2446 fuissem.
590 2391 720 2447 lnde
748 2401 852 2456 est,
903 2379 1360 2460 charissimi'filii,
1415 2397 1559 2467 quod
1602 2399 1756 2454 vobis
1799 2398 1855 2453 in

289 2481 391 2536 hoc
415 2481 774 2550 pontiﬁcalem
805 2485 1045 2554 regulam
1079 2485 1339 2541 excedere
1368 2488 1575 2542 videor.
1615 2490 1858 2545 Verum-

292 2581 472 2629 tamen
519 2574 798 2629 multoties
843 2576 1063 2644 quando
1108 2592 1230 2631 eam
1282 2588 1562 2635 vacantem
1625 2583 1853 2652 aspicio,

291 2667 435 2722 sicut
481 2668 582 2738 ipsi
617 2675 784 2724 testes
811 2668 1047 2735 adestis,
1081 2687 1235 2727 more
1264 2674 1427 2728 solito
1455 2676 1641 2732 sedere
1673 2679 1726 2731 in
1768 2678 1857 2732 illa

292 2776 402 2816 non
430 2759 633 2815 abnuo.
667 2759 1010 2832 Quapropter
1062 2763 1375 2833 hujusmodi
1429 2768 1662 2824 scientes
1703 2784 1858 2824 arca-

294 2868 450 2914 num,
483 2860 538 2908 et
565 2869 665 2923 pro
692 2863 841 2908 certo
870 2863 1149 2924 expertum
1184 2856 1463 2920 habentes,
1494 2859 1621 2930 quia
1651 2861 1696 2916 si
1726 2862 1855 2916 mihi

298 2937 459 2993 fuerit
486 2941 775 3005 indultum,
815 2943 1012 2999 sedebo
1044 2960 1207 3014 super
1234 2961 1352 3000 eam
1374 2988 1388 3010 ,
1435 2965 1542 3004 non
1574 2950 1859 3022 parvipen-

294 3027 430 3084 dens
462 3030 668 3086 ordinis
698 3032 1034 3102 dignitateui,
1069 3035 1305 3091 omittite
1344 3037 1456 3105 jam
1509 3041 1857 3110 popularibus

294 3119 522 3176 ulterius
552 3121 732 3180 favere
751 3125 1242 3184 inclamationibus.
1274 3127 1397 3182 "me
1420 3131 1672 3187 nimirum
1695 3132 1858 3189 Pater

1955 1953 2151 1992 vocare
2194 1948 2321 1994 sunt
2350 1940 2466 1993 ausi
2494 1956 2509 2005 ;
2556 1938 2608 1992 hi
2642 1939 2784 1994 enim
2814 1942 3102 1995 sanctitate
3141 1941 3329 2010 procul
3356 1940 3521 1996 dubio

1956 2031 2198 2100 insignes
2250 2029 2535 2093 habentur,
2576 2029 2670 2084 sed
2726 2038 2904 2086 tamen
2949 2039 3102 2085 tanto
3139 2032 3256 2085 viro
3300 2033 3523 2088 credere

1957 2119 2445 2190 parvipendentes,
2481 2119 2678 2176 divina:
2719 2121 2983 2190 jussionis
3033 2122 3316 2177 interdicta
3344 2130 3517 2179 trans-

1955 2216 2126 2285 gressi
2163 2223 2310 2271 sunt.
2347 2216 2483 2283 Quid
2506 2218 2672 2288 ergo?
2724 2217 3170 2288 reprehendimus
3223 2205 3364 2274 eos?
3419 2221 3516 2273 mi-

1957 2308 2120 2364 nime.
2145 2307 2397 2374 Quandiu
2419 2309 2563 2364 enim
2594 2325 2694 2366 nos
2736 2310 2840 2364 hoc
2863 2310 3219 2380 corruptibile
3267 2319 3523 2380 aggravat

1956 2415 2156 2470 corpus
2211 2407 2264 2456 et
2324 2400 2577 2470 deprimit
2640 2410 2853 2456 terrena
2920 2403 3237 2459 iuhahitatio
3303 2419 3521 2458 sensum

1956 2500 2156 2547 nostra:
2185 2492 2552 2557 infirmitatis,
2607 2494 2763 2548 multi
2813 2495 3110 2565 cogitantes
3170 2494 3390 2550 facilius
3425 2495 3523 2550 fal-

1956 2585 2162 2650 luntur,
2204 2591 2457 2654 putantes
2514 2584 2717 2655 justum
2775 2601 2896 2641 esse
2928 2585 3072 2656 quod
3126 2593 3209 2642 est
3253 2587 3520 2658 iniquum,

1957 2682 2164 2732 castum
2194 2677 2340 2746 quod
2373 2683 2457 2731 est
2487 2677 2774 2732 incestum.
2806 2677 3117 2734 Gabaonitae
3149 2680 3355 2734 caelesti
3379 2694 3528 2733 com-

1958 2767 2250 2823 minatione
2281 2768 2495 2837 penitus
2544 2767 2780 2836 delendi,
2829 2783 2952 2822 cum
3007 2769 3153 2824 aliud
3183 2769 3440 2826 haberent
3471 2771 3528 2826 in

1959 2869 2120 2924 voto,
2183 2868 2236 2914 et
2287 2858 2438 2913 aliud
2489 2859 2545 2914 in
2592 2875 2725 2914 voce
2777 2859 3073 2930 habituque
3109 2860 3522 2930 praetenderent,

1955 2949 2137 3007 Jesum
2176 2951 2613 3022 repromissionis
2647 2961 2806 3007 terra.
2832 2949 3196 3022 justissimum
3236 2950 3526 3006 divisorem

1958 3043 2190 3100 celerius
2221 3044 2406 3100 fallere
2425 3053 2740 3116 potuerunt.
2778 3043 2945 3100 David
2979 3061 3194 3116 quoque
3226 3046 3526 3116 prOphetali

1959 3133 2176 3192 ﬂamine
2215 3137 2406 3206 plenus
2445 3153 2567 3191 cum
2602 3138 2764 3192 verba
2799 3137 3106 3193 mentientis
3139 3139 3290 3208 pueri
3325 3138 3392 3210 (c)
3427 3155 3526 3192 au-

293 3213 672 3270 sanctissimus
705 3215 832 3270 dum
863 3217 1042 3272 adhuc
1063 3219 1265 3276 viveret
1299 3222 1366 3276 ad
1406 3237 1622 3280 sacrum
1659 3228 1862 3282 clerum
1889 3206 1934 3268 ο
1965 3225 2167 3292 disset;
2199 3227 2325 3282 licet
2357 3227 2716 3297 investigabili
2759 3227 3015 3298 justeque
3057 3206 3395 3298 Dei—judicio,
3444 3237 3526 3282 ta-

291 3311 512 3359 coactus
539 3305 810 3375 exposuit.

365 3390 568 3447 Horum
601 3410 728 3465 ergo
761 3395 962 3452 Christi
999 3395 1182 3454 fideles
1226 3400 1314 3469 pia
1361 3398 1647 3460 devotione
1702 3405 1866 3460 remi-

294 3482 589 3550 niscentes,
618 3487 862 3542 tulerunt
889 3488 1007 3558 ejus
1060 3491 1492 3548 sacratissimum
1528 3510 1758 3565 corpus,
1812 3505 1866 3553 et

295 3575 583 3646 episcOpali
623 3579 760 3633 solio
798 3579 1154 3648 supersedere
1187 3580 1449 3638 fecerunt.
1493 3584 1664 3640 Tanta
1711 3588 1866 3644 deni-

296 3681 400 3734 que
430 3666 615 3722 lastitia
652 3675 910 3740 tantaque
943 3672 1235 3727 exsultatio
1269 3675 1485 3730 coalitus
1519 3678 1718 3747 populo
1753 3681 1866 3735 col-

297 3755 404 3808 lata
435 3765 540 3820 est,
571 3771 634 3811 ac
667 3758 712 3812 si
739 3774 860 3812 eum
901 3761 1196 3814 animatum
1230 3777 1293 3816 ac
1329 3763 1597 3818 viventem
1626 3768 1869 3822 attende-

298 3855 438 3901 rent.
475 3845 675 3903 Deinde
718 3849 1006 3906 odoriferis
1053 3853 1367 3910 condientes
1399 3858 1733 3913 aromatibus
1780 3860 1866 3913 in-

299 3934 534 3990 duerunt
593 3937 742 3991 illum
801 3939 996 3995 sericis
1052 3941 1429 4011 indumentis;
1498 3948 1870 4016 unusquisque

297 4026 443 4080 enim
498 4026 646 4098 quod
704 4028 1005 4098 anticipare
1059 4028 1279 4085 ferendo
1311 4040 1554 4101 poterat,
1609 4035 1713 4090 hoc
1766 4037 1869 4092 sibi

299 4118 593 4174 maximum
643 4121 852 4176 lucrum
891 4122 1200 4193 deputabat.
1231 4123 1368 4180 Tum
1419 4127 1662 4182 victricia
1718 4119 1871 4201 signa

298 4211 507 4280 palmas
538 4221 807 4282 gerentes,
859 4214 1263 4273 flammantibus
1294 4219 1503 4285 cereis,
1539 4236 1870 4292 concrepan-

303 4302 448 4359 tibus
481 4304 716 4378 hymnis,
749 4307 1208 4382 ﬁagrantibusque
1259 4311 1720 4384 thymiamatibus,
1760 4331 1872 4372 cm-

305 4395 455 4450 lestis
491 4397 728 4454 victoriae
751 4398 1084 4471 triumphum
1114 4404 1474 4472 celebrantes,
1503 4387 1881 4478 deposuerunt.

1965 3332 2087 3372 men
2132 3319 2290 3388 longe
2340 3318 2484 3372 aliud
2518 3321 2626 3388 egit
2659 3334 2818 3388 quam
2847 3335 2965 3376 esse
2997 3335 3085 3375 res
3127 3320 3332 3375 habuit.
3391 3320 3528 3386 Quid

1964 3409 2127 3463 etiam
2163 3411 2422 3480 apostolis
2473 3411 2780 3475 sublimius,
2826 3412 2914 3481 qui
2952 3427 3010 3466 se
3061 3428 3090 3465 a
3140 3421 3324 3466 nostra
3357 3412 3528 3466 imbe-

1965 3497 2187 3552 cillitate
2215 3506 2563 3568 sequestrate
2610 3501 2974 3554 mutaverunt?
3009 3497 3140 3552 Nam
3171 3515 3313 3554 unus
3341 3515 3529 3555 eorum

1965 3586 2225 3643 describit
2279 3606 2292 3643 :
2343 3587 2410 3642 In
2453 3588 2633 3642 multis
2684 3589 2994 3659 oﬂendimus
3053 3605 3225 3644 omnes
3285 3591 3324 3642 ί.
3383 3589 3530 3646 Alter

1967 3694 2217 3748 quoque:
2250 3679 2311 3736 Si
2353 3681 2664 3746 dixerimus,
2710 3681 2904 3751 inquit,
2950 3681 3076 3752 quia
3115 3691 3379 3750 peccatum
3429 3699 3531 3737 non

1967 3771 2235 3838 habemus,
2270 3774 2369 3842 ipsi
2398 3790 2491 3828 nos
2523 3772 2819 3828 seducimus
2868 3781 2918 3828 et
2950 3774 3138 3827 veritas
3165 3773 3219 3827 in
3247 3773 3394 3829 nobis
3429 3791 3532 3829 non

1967 3872 2042 3916 est
2073 3864 2115 3914 ’.
2154 3860 2259 3916 Sed
2300 3877 2422 3916 cum
2455 3862 2648 3916 horum
2681 3878 2780 3918 nos
2818 3861 3063 3932 pcenitet,
3115 3869 3267 3917 tanto
3319 3863 3531 3918 facilius

1969 3953 2179 4009 veniam
2235 3969 2627 4024 promeremur,
2679 3955 2897 4025 quando
2945 3971 3055 4011 non
3104 3956 3380 4012 voluntate
3439 3957 3531 4012 sed

1971 4046 2274 4117 ignorantia
2303 4049 2385 4102 vel
2427 4047 2718 4118 fragilitate
2755 4049 3118 4119 peccavimus.
3151 4049 3216 4103 Et
3245 4058 3392 4105 certe
3434 4051 3532 4104 hu-

1966 4139 2204 4210 jusmodi
2233 4140 2435 4196 offensa
2464 4158 2571 4197 non
2593 4141 2659 4197 de
2686 4142 3142 4212 praevaricationis
3173 4142 3363 4198 aﬁ‘ectu
3384 4184 3398 4207 ,
3440 4143 3533 4199 sed

1969 4233 2036 4288 de
2065 4234 2458 4302 compassionis
2483 4233 2811 4306 indulgentia
2835 4237 3116 4304 processit.
3149 4233 3410 4290 Caeterum
3441 4251 3534 4289 su-

1970 4338 2066 4394 per
2121 4323 2207 4379 his
2263 4326 2653 4396 apologeticum
2719 4326 3026 4382 describere
3085 4327 3208 4382 aliis
3277 4326 3537 4395 relinqui-

1970 4431 2092 4471 mus
2118 4415 2223 4488 (d);
2265 4433 2365 4473 nos
2388 4427 2565 4473 autem
2593 4419 2736 4488 quod
2772 4419 2938 4474 instat
2965 4435 3208 4490 agamus.
3240 4417 3533 4488 Postquam

304 4497 524 4598 sancjtas
562 4491 839 4562 reliquias,
870 4501 925 4549 et
950 4495 1276 4565 sepelierunt
1321 4514 1415 4555 eas
1445 4501 1498 4555 in
1535 4504 1865 4570 ccemeterio,
1898 4543 1942 4598 Β
1973 4506 2139 4576 igitur
2171 4507 2491 4578 magnificus
2543 4518 2910 4582 propugnator
2936 4507 3151 4574 Petrus,
3188 4509 3403 4564 nomine
3435 4522 3536 4563 suo

304 4579 447 4648 quod
489 4579 694 4637 dudum
744 4584 813 4639 ab
857 4601 920 4641 eo
969 4584 1142 4641 fuerat
1188 4598 1591 4657 constructum,
1651 4594 1742 4649 ubi
1797 4609 1865 4650 ex

305 4678 434 4728 tunc
481 4681 535 4729 et
569 4690 742 4746 usque
795 4677 851 4731 in
906 4677 1225 4735 hodiernum
1287 4681 1429 4737 diem
1482 4684 1867 4741 miraculorum

376 4830 455 4910 (ᾳ)
486 4829 728 4910 [ηιειιίςθ
751 4834 835 4890 vel
865 4835 1049 4910 ipsum
1071 4835 1240 4910 Deum
1271 4838 1655 4910 velangelum.

375 4900 448 4981 (β)
486 4900 616 4969 Quae
668 4900 970 4975 sequuniur
1019 4907 1086 4962 de
1122 4907 1252 4963 Ario
1297 4900 1584 4981 infeliciter
1635 4909 1872 4981 adpre-

309 4970 641 5047 sbyteratum
677 4970 961 5047 assumpto
1005 4991 1034 5029 a
1077 4991 1395 5033 successore
1447 4980 1590 5034 Petri
1641 4970 1869 5047 Achilla,

308 5041 764 5166 :‘iilgsturétggmnino
813 5041 885 5100 ab
920 5047 1072 5101 Actis
1107 5047 1516 5105 Combelisianis
1571 5059 1625 5105 et
1675 5064 1705 5104 a
1747 5041 1868 5106 cod.

356 5119 429 5167 at.
459 5112 581 5166 622.

383 5183 457 5253 (c)
485 5180 622 5238 Puto
653 5184 735 5240 vel
765 5185 1114 5242 Absalomum
1141 5187 1223 5242 vel
1258 5185 1462 5254 Sibam,
1499 5186 1542 5242 ll
1583 5186 1712 5258 Reg.
1759 5208 1873 5257 inv,

381 5337 397 5368 ¹
433 5336 554 5395 Jac.
581 5355 661 5406 111,
681 5340 736 5394 2.
811 5343 831 5373 ²
868 5340 897 5396 1
929 5339 1087 5396 Joan.
1124 5358 1161 5408 ι,
1187 5343 1237 5398 8.

1969 4595 2186 4668 dignus,
2215 4613 2306 4668 per
2327 4599 2569 4670 martyrii
2592 4599 3013 4670 triumphum...

2425 4689 2647 4762 Reliqua
2697 4689 3081 4746 desiderantur.

1971 4844 2895 4988 3§(’d))‘_vP’11i-Ohra_sanedefensio;
2923 4931 2986 4973 ex
3017 4932 3123 4988 qua
3165 4917 3328 4988 etiam
3366 4917 3538 4987 conji-

1973 4982 2080 5058 cio,
2104 4982 2352 5058 Graecum
2390 4985 2535 5058 Petri
2582 4982 2937 5057 biographu'm
2989 4982 3154 5058 prope
3183 4987 3425 5043 abfuisse
3467 4982 3538 5042 ab

1973 5053 2217 5128 ejusdem
2252 5057 2606 5128 temporibus,
2635 5053 3071 5128 quandoquidem
3089 5053 3289 5127 ’ipsius
3319 5071 3538 5128 succes-

1977 5126 2111 5206 sori,
2143 5124 2300 5206 quasi
2324 5125 2501 5180 adhuc
2544 5124 2775 5184 recentis
2813 5124 3103 5195 memoriae,
3138 5124 3260 5182 tam
3296 5127 3538 5182 studiose

1976 5201 2369 5264 patrocinatur.
