4088 6284
519 373 619 430 ιδ’]

1550 376 1607 432 s.
1643 374 1846 430 perm
1883 376 2352 434 ALEXANDRINI
2382 336 2705 438 Episcopi

3644 379 3750 436 468

529 553 3743 593 W

1368 788 2143 975 SANCTI
2230 802 2881 975 PETRI

945 1130 1490 1226 EPISCOPI
1564 1131 2403 1226 ALEXANDRINI
2479 1136 2633 1227 ET
2701 1134 3324 1227 MARTYBIS

1070 1352 1071 1355 ‘
1372 1367 2068 1484 EPISTOLA
2161 1296 2945 1519 CANONICA,

964 1612 1277 1676 Theodori
1331 1613 1729 1677 Balsamonis
1763 1623 1821 1675 et
1860 1614 2128 1676 Joannis
2159 1616 2426 1678 Zonaraz
2453 1617 2915 1725 commfntariis
2945 1617 3294 1682 illustrata.

575 1776 665 1841 (S.
689 1773 835 1826 Petri
855 1774 1178 1827 Alexandrini
1200 1775 1423 1850 Canones
1451 1776 1895 1850 post‘Galiandium
1918 1775 2076 1850 edidit
2101 1776 2578 1850 .Ang.'Mai..Spicil.
2614 1781 2749 1850 130m.
2784 1793 2868 1850 χιι,
2902 1780 3014 1850 444.
3034 1809 3097 1818 -
3116 1781 3193 1833 Ex
3216 1786 3365 1837 variis
3393 1785 3695 1840 lectionibus

1283 1839 1502 1899 potiorés
1522 1839 1829 1904 admisimus;
1857 1839 2078 1901 reliquas
2101 1839 2260 1890 textui
2284 1839 2596 1904 subjecimus.
2623 1844 2756 1894 Eutr.
2784 1841 3023 1907 Ριτλοι..)

513 2136 741 2193 ΒΕΑΤΙ
811 2135 1037 2192 PETRI
1097 2136 1689 2195 ARCHIEPISCOPI
1751 2136 2076 2193 ALEXAN-

2190 2142 2312 2196 mr
2362 2143 2735 2196 ΜΑΚΑΡΙΟΥ
2780 2145 3379 2202 ΑΡΧῙΕΠΙΣΚΟΠΟΥ
3429 2149 3757 2204 ΑΛΕΞΑΝ-

582 2206 805 2276 QRIN!
878 2207 972 2261 ET
1041 2207 1418 2264 MARTYRIS
1486 2207 1880 2265 CANONES.
1947 2209 2079 2276 QUI

587 2273 985 2332 FERUNTUR
1031 2277 1115 2332 IN
1153 2278 1522 2336 SERMONE
1570 2278 1751 2334 EJUS
1790 2279 1888 2334 DE
1924 2273 2086 2335 PIE-

583 2347 981 2405 NITENTIA.

1147 2534 1378 2592 CANON
1401 2536 1444 2591 Ι.

588 2647 607 2679 ι
652 2626 922 2694 Quoniam
953 2636 1136 2683 autem
1179 2636 1437 2699 quartum
1492 2629 1702 2687 Pascha
1746 2631 2084 2701 persecutio-

514 2736 535 2770 ι
582 2734 704 2773 nem
730 2719 842 2789 jam
872 2720 1248 2790 apprehendit.
1284 2721 1418 2776 satis
1449 2729 1533 2777 est
1584 2724 1640 2777 in
1684 2722 1752 2779 iis
1796 2723 1890 2795 qui
1917 2721 2081 2777 delati

515 2829 536 2862 ι
584 2810 802 2880 quidem
835 2811 1037 2867 suntin
1056 2812 1472 2883 custodiamque
1502 2816 1756 2885 conjecti,
1784 2823 2083 2870 tormenta-

518 2920 537 2953 ι
582 2918 689 2972 que
748 2918 858 2957 non
889 2903 1216 2970 suﬂ‘erenda,
1248 2914 1303 2961 et
1347 2905 1708 2962 intolerabilia
1767 2906 1976 2979 ﬂagella
2028 2918 2082 2963 et

516 3014 534 3042 ι
584 2993 782 3049 multas
827 2995 964 3050 alias
1017 3010 1212 3066 graves
1264 2998 1620 3055 necessitates
1676 3000 2078 3066 sustinuerunt,

516 3104 536 3135 ι
584 3096 771 3156 postea
799 3094 979 3143 autem
1012 3097 1141 3143 sunt
1171 3104 1201 3142 a
1239 3092 1424 3145 carnis
1454 3089 1826 3146 imbecillitate
1857 3091 2078 3162 proditi,

515 3198 538 3232 ι
579 3180 799 3252 etiamsi
832 3195 941 3235 non
969 3181 1038 3235 ab
1066 3181 1222 3236 initio
1251 3182 1515 3252 suscepti
1542 3191 1669 3238 sunt
1715 3193 1937 3253 propter
1958 3200 2082 3254 gra-

512 3287 537 3325 ι
579 3286 699 3327 vem
734 3270 947 3342 lapsum
1003 3282 1358 3329 consecutum
1394 3292 1406 3328 :
1436 3280 1617 3329 tamen
1665 3274 1794 3345 quia
1847 3276 2079 3331 multum

519 3382 540 3415 ι
587 3362 939 3418 decertarunt
959 3370 1013 3419 et
1046 3364 1138 3419 diu
1169 3364 1485 3420 restiterunt
1514 3384 1527 3420 :
1561 3381 1671 3420 non
1709 3366 1855 3422 enim
1888 3376 2081 3437 sponte

518 3472 537 3505 ι
585 3455 653 3509 ad
686 3469 749 3510 ea
770 3453 1128 3520 devenerunt,
1163 3455 1258 3511 sed
1286 3471 1315 3510 a
1343 3457 1525 3511 carnis
1553 3456 1928 3514 imbecillitate
1953 3475 2081 3529 pro-

515 3566 535 3597 ι
577 3547 676 3601 diti
704 3567 719 3603 :
746 3562 873 3602 nam
926 3555 981 3602 et
1022 3547 1277 3618 stigmata
1315 3545 1447 3604 Iesu
1493 3548 1548 3602 in
1599 3549 1716 3606 suis
1758 3552 2080 3620 corporibus

512 3657 533 3692 ι
578 3648 871 3702 ostentant.
903 3648 961 3695 et
1004 3641 1251 3697 nonnulli
1298 3655 1442 3696 anno
1481 3641 1596 3711 jam
1637 3641 1801 3697 tertio
1831 3642 2025 3699 deﬂent
2062 3662 2076 3699 :

512 3748 533 3781 ι
580 3733 661 3787 eis
686 3732 755 3787 ab
790 3732 1028 3788 adventu
1058 3749 1154 3804 per
1206 3734 1609 3789 revocationem
1656 3735 1711 3789 in
1759 3737 2078 3790 memoriam

513 3840 535 3874 ο
582 3824 674 3878 alii
707 3825 1071 3897 quadraginta
1099 3827 1217 3882 dies
1251 3826 1628 3898 injungantur,
1662 3843 1801 3897 quos
1828 3843 1953 3883 cum
1987 3829 2073 3898 je-

509 3934 531 3968 ι
574 3918 823 3985 junasset
847 3916 1110 3973 Dominus
1139 3924 1193 3973 et
1223 3916 1484 3974 Servator
1512 3926 1699 3975 noster
1728 3918 1889 3976 Jesus
1916 3920 2077 3975 Chri-

510 4027 533 4061 ι
578 4016 719 4072 stus,
743 4016 1030 4078 postquam
1062 4010 1372 4080 baptizatus
1411 4011 1611 4078 fuerat,
1647 4020 1889 4070 tentatus
1920 4021 2004 4069 est
2043 4029 2074 4067 a

513 4119 534 4152 ι
579 4098 816 4154 diabolo.
850 4099 907 4152 in
942 4101 1142 4170 quibus
1171 4111 1225 4158 et
1270 4103 1371 4172 ipsi
1421 4120 1548 4158 cum
1593 4104 1751 4160 valde
1790 4104 2075 4160 exercitati

512 4207 533 4239 ο
581 4186 801 4252 fuerint,
835 4198 889 4244 et
920 4193 1651 4263 constantiusjejunaverint
1679 4214 1692 4249 :
1721 4195 1979 4266 deinceps
2016 4197 2071 4250 in

511 4294 530 4327 ι
574 4278 914 4334 orationibus
949 4281 1621 4351 vigilabuntuneditantes
1671 4287 1817 4357 quod
1866 4287 2072 4341 dictum

509 4387 530 4421 ι
573 4379 656 4425 εει
682 4385 714 4424 a
739 4369 968 4428 Domino
995 4373 1062 4427 ad
1093 4388 1216 4428 eum
1258 4374 1351 4445 qui
1387 4376 1533 4429 illum
1558 4386 1744 4441 tentat,
1779 4384 1836 4432 ut
1892 4378 2073 4448 ipsum

507 4480 529 4514 ι
573 4463 763 4518 adoret
791 4482 803 4517 :
831 4462 930 4517 Abi
988 4479 1139 4533 pone,
1185 4464 1388 4520 Satana
1427 4482 1446 4522 :
1484 4468 1737 4537 scriptum
1781 4479 1858 4523 est
1906 4470 2078 4527 enim:

508 4573 527 4604 ι
576 4553 858 4610 Dominum
892 4565 1037 4610 tuum
1070 4556 1342 4626 adorabis,
1379 4569 1425 4614 et
1459 4559 1542 4614 illi
1563 4559 1667 4614 soli
1689 4562 1877 4617 servies
1913 4573 1960 4615 ει.
2011 4582 2029 4614 ι

2253 2214 2522 2266 ΔΡΕΙΑΣ
2540 2215 2829 2280 ΠΕΤΡΟΥ,
2843 2216 2978 2270 ΚΑΙ
2994 2218 3399 2279 ΜΑΡΤΥΡΟΣ,
3417 2221 3761 2274 ΚΑΝΟΝΕΣ

2244 2284 2779 2356 ΕΜΦΕΡΟΜΕΝΟΙ
2820 2287 2922 2339 ΕΝ
2969 2287 3053 2356 Τῼ
3102 2289 3283 2342 ΠΕΡΙ
3328 2286 3760 2345 ΜΕΤΑΝΟῙΑΣ

2249 2354 2502 2407 ΑΥΤΟΥ
2534 2356 2750 2425 nam.

2809 2536 3048 2589 ΚΑΝΩΝ
3076 2538 3155 2590 A'.

2256 2644 2273 2678 ι
2306 2625 2441 2679 Επεὶ
2472 2627 2651 2680 τοίνυν
2686 2626 2946 2699 τέταρτον
2987 2627 3087 2700 ἤδη
3140 2628 3329 2698 Πάσχα
3369 2629 3759 2701 ὲπικατείληφε

2186 2736 2205 2769 ι
2243 2717 2332 2771 τὸν
2351 2717 2608 2789 διωγμὸν,
2629 2719 2915 2792 αὐτάρκως
2930 2719 3042 2790 ἔχει
3059 2722 3173 2784 τοῖς
3201 2720 3298 2791 μὲν
3323 2720 3756 2793 προσενεχθεῖσι,

2185 2829 2204 2863 ι
2247 2811 2342 2866 καὶ
2375 2811 2772 2882 φυλακισθεῖσι,
2806 2813 3071 2884 βασάνους
3099 2831 3157 2867 τε
3197 2814 3551 2878 ἀνυποίστους
3575 2816 3591 2844 ί
3623 2814 3761 2867 ὑπο-

2186 2922 2204 2954 ι
2252 2903 2604 2976 μεμενηκόσι,
2641 2905 2736 2958 καὶ
2764 2906 3069 2978 ἀφορήτους
3102 2906 3391 2977 μάστιγας,
3426 2905 3522 2959 καὶ
3553 2905 3759 2970 πολλὰς

2185 3015 2204 3047 ι
2240 2996 2427 3068 ἑτέρας
2457 2998 2703 3065 ἀνάγκας
2733 2996 2931 3063 δεινὰς,
2960 2998 3184 3069 ὕστερον
3206 2998 3262 3075 δε
3288 2998 3695 3070 προδεδομένοις
3714 3000 3757 3029 ¹’

2185 3108 2204 3140 ι
2246 3087 2350 3141 ὑπὸ
2392 3088 2491 3159 τῆς
2526 3089 2809 3152 ἀσθενείας
2850 3090 2950 3160 τῆς
2981 3089 3202 3159 σαρκὸς,
3245 3090 3296 3141 εί
3337 3089 3533 3161 καὶμὴ
3565 3089 3758 3163 ἐξάρ-

2186 3199 2205 3233 ι
2243 3180 2346 3252 χῆς
2380 3180 2788 3254 παρεδέχθησαν
2818 3181 2906 3236 διὰ
2946 3164 3050 3253 ’τὴν
3071 3181 3621 3254 παρακολουθήσασαν
3652 3200 3755 3254 με-

2185 3287 2205 3320 (
2245 3269 2436 3338 γίστην
2491 3269 2715 3334 πτῶσιν,
2773 3270 2923 3342 ὅμως
2953 3270 3041 3323 διὰ
3078 3270 3140 3324 τὸ
3165 3270 3333 3325 πολλᾶ
3367 3272 3561 3335 αὐτοὺς
3587 3272 3757 3343 ἠθλη-

2186 3380 2205 3413 ι
2246 3361 2398 3415 κέναι
2427 3360 2519 3415 καὶ
2546 3363 2639 3416 ἐπὶ
2662 3362 2795 3416 πολὺ
2823 3362 3284 3434 ἀντιμαχέσασθαι
3312 3366 3332 3396 ³
3368 3364 3446 3435 (ού
3475 3363 3583 3436 γὰρ
3610 3365 3755 3418 κατὰ

2187 3474 2206 3505 ι
2248 3453 2563 3527 προαίρεσιν
2603 3455 2660 3508 ὲν
2709 3453 2881 3526 τούτῳ
2924 3454 3266 3527 ἐληλύθασιν,
3311 3454 3445 3510 ἀλλὰ
3470 3473 3753 3530 καταπρο-

2185 3564 2203 3596 ι
2240 3544 2481 3608 δοθέντες
2510 3545 2615 3599 ὑπὸ
2632 3547 2730 3618 τῆς
2757 3546 3039 3610 ἀσθενείας
3063 3547 3159 3619 τῆς
3184 3545 3426 3619 σαρκὸς),
3450 3546 3636 3618 ἐπειδὴ
3659 3549 3756 3601 καὶ

2182 3657 2201 3688 ι
2245 3636 2518 3708 στίγματα
2544 3636 2637 3692 τοῦ
2681 3637 2856 3710 Ἰησοῦ
2892 3623 3249 3694 ἐνδείκνυνται
3277 3642 3331 3695 ἐν
3374 3642 3485 3703 τοῖς
3508 3639 3756 3710 σώμασιν

2182 3750 2199 3782 ι
2239 3730 2444 3786 ἑαυτῶν
2465 3732 2530 3797 ’⁸,
2551 3730 2646 3784 καὶ
2666 3730 2767 3802 ἤδη
2782 3729 2926 3793 τινὲς
2941 3730 3119 3802 τρίτον
3139 3730 3256 3795 ἔτος
3279 3731 3461 3801 ἔχουσι
3485 3746 3758 3784 καταπενα

2182 3843 2200 3875 ι
2240 3823 2454 3887 θοῦντες
2475 3839 2489 3852 ·
2541 3822 3067 3895 προσεπιτιμηθῆναι
3096 3824 3278 3886 αὐτοῖς
3310 3822 3418 3876 ἀπὸ
3454 3822 3557 3892 τῆς
3590 3837 3758 3893 προσ-

2181 3935 2200 3967 (
2237 3913 2500 3979 ελεύσεως
2556 3914 2676 3970 καθ’
2739 3915 3045 3988 ὑπόμνησιν
3112 3914 3277 3977 ἄλλας
3346 3913 3754 3986 τεσσαράκοντα

2182 4029 2201 4062 ι
2242 4009 2471 4082 ἡμέρας,
2500 4009 2587 4073 ἃς,
2612 4009 2813 4080 καίπερ
2835 4006 3135 4079 νηστεύσας
3163 4009 3192 4061 ὁ
3219 4008 3423 4081 Κύριος
3446 4007 3538 4059 καὶ
3562 4004 3755 4077 Σωτὴρ

2181 4119 2200 4152 ι
2240 4099 2397 4171 ἡμῶν
2454 4097 2662 4171 Ἰησοῦς
2714 4097 2976 4169 Χριστὸς,
3050 4095 3189 4168 μετὰ
3235 4096 3295 4149 τὸ
3350 4093 3751 4166 βαπτισθῆναι,

2182 4212 2200 4244 ι
2238 4191 2537 4264 ὲπειράσθη
2585 4190 2690 4244 ὑπὸ
2738 4187 2831 4243 τοῦ
2877 4186 3121 4242 διαϐόλου
3147 4204 3162 4217 ο
3226 4188 3305 4250 είς
3344 4186 3410 4249 ἃς
3462 4186 3556 4239 καὶ
3595 4183 3751 4238 αὐτοὶ

2182 4306 2200 4339 ι
2238 4285 2377 4339 κατὰ
2402 4284 2462 4338 τὸ
2490 4283 2744 4355 περισσὸν
2771 4280 3275 4352 διαγυμνασθέντες,
3298 4277 3655 4349 εὐτονώτερόν
3683 4277 3750 4307 ³⁸·

2183 4398 2202 4431 ι
2240 4395 2301 4431 τε
2352 4376 2640 4448 νήψαντες,
2681 4376 3118 4447 γρηγορήσουσιν
3179 4375 3259 4437 εἰς
3309 4370 3615 4444 προσευχὰς
3654 4368 3751 4423 τοῦ

2182 4489 2202 4524 ι
2238 4469 2448 4532 λοιποῦ,
2472 4465 2946 4540 καταμελετῶντες
2974 4465 3036 4519 τὸ
3061 4464 3381 4536 λελεγμένον
3407 4466 3495 4494 ¹·“
3523 4463 3627 4516 ὑπὸ
3654 4461 3750 4515 τοῦ

2183 4579 2202 4613 ι
2240 4559 2441 4632 Κυρίου
2472 4557 2605 4628 πρὸς
2626 4557 2716 4610 τὸν
2736 4553 3062 4624 πειράζοντα
3088 4555 3267 4618 αὐτὸν,
3291 4554 3377 4608 ἵνα
3396 4556 3750 4627 προσκυνήσῃ

507 4668 529 4702 ι
561 4651 741 4722 αὐτῷ·
784 4652 1001 4723 Ὕπαγε
1043 4655 1235 4709 ὀπίσω
1280 4673 1423 4726 μου,
1452 4654 1715 4711 Σατανᾶο
1762 4654 2081 4726 γέγραπται
2136 4655 2266 4728 γὰρ,
2309 4655 2528 4722 Κύρων
2594 4651 2700 4707 τὸν
2744 4651 2892 4705 Θεόγ
2944 4667 3060 4704 σου
3117 4648 3584 4719 προσκυνήσεις,
3651 4648 3750 4703 καὶ

509 4762 529 4795 ι
568 4745 729 4811 αὐτῷ
751 4747 917 4815 μόνῳ
942 4751 1314 4818 λατρεύσεις.
1352 4770 1371 4803 ι

573 4840 735 4898 Bas.
762 4842 1066 4904 Praesentes
1095 4864 1338 4903 canones
1356 4856 1596 4904 tractant
1624 4850 1691 4906 de
1718 4850 1788 4906 iis
1821 4850 1913 4921 qui
1942 4864 2069 4919 pro-

2240 4845 2437 4899 ΒΑΛΣ.
2470 4845 2532 4899 Οἱ
2563 4845 2829 4915 παρόντες
2861 4842 3081 4906 κανόνες
3110 4841 3241 4913 περὶ
3272 4840 3380 4896 τῶν
3409 4842 3466 4894 ὲν
3490 4840 3751 4911 διωγμοῖς

501 4931 680 5002 priam
714 4932 872 4991 ﬁdem
904 4937 958 4991 in
985 4940 1459 5009 persecutionibus
1495 4952 1852 5014 negaverunt,
1874 4949 1928 4997 ct
1949 4956 2071 5011 pm-

2182 4937 2565 5012 ὲρνησαμένων
2619 4937 2722 5008 τὴν
2759 4935 2967 4990 οἰκείαν
3015 4935 3215 5000 πίστιν,
3245 4933 3340 4987 καὶ
3387 4930 3747 5005 μετανοησάν-

502 5023 788 5078 nitentiam
812 5041 1059 5097 egerunt.
1094 5031 1159 5086 Et
1187 5033 1343 5103 jubet
1379 5033 1598 5104 quidem
1631 5034 1842 5104 primus
1869 5048 2068 5099 canon,

2172 5048 2301 5096 των,
2352 5028 2794 5101 διαλαμϐάνουσι.
2847 5029 2959 5081 Καὶ
3019 5026 3218 5081 αὐτίκα
3250 5028 3278 5079 ὁ
3304 5025 3518 5097 πρῶτος
3566 5021 3747 5078 κανὼν

501 5116 584 5173 eis
628 5117 724 5187 qui
769 5127 892 5189 post
938 5123 1108 5178 multa
1141 5135 1408 5180 tormenta
1436 5126 1837 5189 sacriﬁcarunt,
1868 5133 1928 5180 ut
1976 5126 2070 5196 qui

2182 5122 2564 5187 διακελεύεται,
2594 5121 2719 5183 τοὺς
2752 5119 3019 5183 θύσαντας
3049 5118 3187 5190 μετὰ
3235 5117 3496 5193 βασάνους
3525 5115 3746 5179 πολλὰς,

503 5216 727 5279 propter
764 5211 1186 5269 imbecillitatem
1238 5233 1587 5287 perseverare
1623 5237 1732 5276 non
1773 5221 2068 5292 potuerint,

504 5307 556 5353 et
580 5301 635 5354 in
661 5301 980 5370 paenitentia
1014 5315 1124 5360 tres
1152 5322 1326 5364 annos
1356 5312 1742 5382 transegerint,
1770 5313 1907 5368 alios
1934 5329 2069 5383 quo-

2175 5215 2250 5280 ὡς
2311 5216 2386 5287 μὴ
2422 5212 2746 5285 δυνηθέντας
2770 5210 2858 5264 διὰ
2888 5209 3171 5264 ἀσθένειαν
3208 5207 3631 5281 ἐγκαρτερῆσαι,
3651 5207 3743 5260 καὶ

2173 5309 2592 5371 διαϐιϐάσαντας
2632 5307 2759 5380 τρία
2802 5306 2895 5376 ἔτη
2921 5306 2978 5358 ὲν
3007 5306 3073 5376 τῇ
3122 5303 3399 5374 μετανοίᾳ,
3431 5315 3739 5374 προσεπιτιο

506 5407 611 5462 que
636 5392 997 5464 quadraginta
1045 5397 1163 5453 dies
1206 5398 1436 5470 injungi,
1467 5408 1521 5457 et
1543 5402 1624 5457 sic
1665 5403 1897 5458 admitti.
1931 5402 2068 5458 Nota

2182 5400 2414 5473 μηθῆναι
2446 5400 2537 5453 καὶ
2562 5399 2751 5472 ἐτέρας
2791 5395 3198 5467 τεσσαράκοντα
3222 5394 3453 5466 ἡμέρας,
3485 5392 3578 5446 καὶ
3602 5389 3745 5444 οὕτω
3818 5468 3827 5475 .

506 5494 801 5556 prresentes
825 5502 1087 5554 canones,
1131 5490 1227 5561 qui
1258 5492 1408 5546 varia
1441 5494 1688 5564 quaedam
1717 5503 1771 5551 et
1798 5494 1949 5549 utilia
1976 5495 2072 5550 de-

611 5655 637 5683 ι
659 5640 855 5700 Matth.
882 5660 957 5709 Iv,
994 5642 1082 5700 10.

2177 5492 2448 5564 δεχθῆναι.
2478 5491 2788 5565 Σημείωσαι
2816 5490 2939 5554 τοὺς
2970 5487 3242 5560 παρόντας
3263 5486 3493 5549 κανόνας
3519 5479 3742 5556 διοριζο-

1785 5758 2020 5814 νΑιιιΑξ
2054 5756 2456 5817 LECTIONES.

609 5884 630 5920 ‘
662 5885 1012 5955 ἀνηκέστους.

1092 5894 1134 5926 ⁸⁸
1169 5891 1597 5963 προδιδομένοις.
1666 5896 1686 5929 ³
1710 5894 2122 5965 ἀντιμάχεσθαι,
2200 5899 2240 5929 ³·
2270 5892 2493 5948 αὐτῶν..
2543 5894 2609 5926 ²“
2643 5888 3013 5960 ἐντονώτερον.
3082 5891 3173 5925 ³⁶⁵⁶
3203 5887 3514 5960 λεγόμενον.
