4088 6284
301 339 412 395 469

1526 340 1860 398 EPISTOLA
1899 337 2266 396 CANONICA.

3437 343 3540 399 470

307 451 504 526 μένους
551 450 784 522 διάφορά
816 467 936 505 τινα
963 452 1056 505 καὶ
1077 451 1366 520 ἀναγκαῖα,
1389 451 1548 523 χάριν
1581 452 1688 505 τῶν
1714 454 1870 524 ἀρνη-

1990 451 2184 506 ﬁniunt
2209 452 2264 505 in
2293 451 2522 522 gratiam
2546 465 2735 507 eorum
2771 451 2864 523 qui
2912 449 3082 507 Deum
3112 452 3468 524 abnegarunt,
3487 464 3542 510 et

307 544 502 599 σιθέων
529 541 834 614 ζητούντων
881 543 1187 614 μετάνοιαν,
1224 544 1317 597 καὶ
1357 545 1485 614 περί
1513 543 1618 598 τῶν
1649 545 1878 616 αὐτομο-

304 634 587 706 λησάντων
633 636 715 698 είς
768 634 829 688 τὸ
863 635 1158 709 μαρτύριον
1185 636 1279 688 καὶ
1311 637 1762 700 ἐκπεπτωκότων,
1787 638 1880 691 καὶ

303 726 466 783 πάλιν
514 725 964 798 ὁμολογησάντων
1019 726 1117 797 τὴν
1166 727 1367 791 πίστιν,
1405 729 1500 781 καὶ
1537 729 1664 800 περὶ
1706 728 1880 783 ἄλλων

299 816 465 870 τινῶν
525 815 802 868 τοιούτων.
856 817 1016 884 Ζήτει
1048 815 1360 884 ἀναγκαίως
1386 817 1479 870 καὶ
1512 819 1635 880 τοὺς
1666 817 1880 881 πλείους

297 910 534 973 κανόνας
560 908 662 979 τῆς
685 911 742 962 ἐν
788 908 1031 980 Ἀγκύρᾳ
1060 908 1300 965 συνόδου.

370 1001 619 1058 ΖΩΝΔΡ.
665 1002 966 1072 Διαιρέσεις
1007 1004 1294 1055 ποιεῖταιὸ
1331 1002 1486 1072 ἆγιος
1521 997 1674 1068 οὗτος
1692 1004 1879 1075 Πατὴρ

296 1095 409 1151 τῶν
439 1098 498 1151 ἐν
555 1095 812 1166 διωγμοῖς
860 1095 1254 1166 ἀρνησαμένων
1304 1095 1404 1167 τὴν
1452 1097 1636 1151 πίστιν
1665 1100 1762 1167 τὴν
1802 1098 1879 1148 οἰ-

296 1187 478 1252 κείαν,
511 1187 604 1241 καί
650 1204 833 1257 φησιν,
862 1188 944 1241 ὃτι
986 1191 1098 1252 τοῖς
1130 1187 1340 1258 ἀχθεϊσι
1379 1188 1515 1259 πρὸς
1536 1189 1661 1252 τοὺς
1682 1190 1878 1260 τυράν-

295 1298 445 1346 νους,
475 1282 570 1334 καὶ
593 1281 671 1344 είς
696 1281 940 1352 φυλακὴν
971 1281 1307 1353 ἐμϐληθείσι,
1329 1281 1588 1352 βασάνους
1611 1300 1668 1335 τε
1689 1282 1880 1352 ἀνηκέ-

297 1388 460 1436 στους
480 1371 940 1444 ὑπομεμενηκόσι,
966 1373 1063 1426 καὶ
1093 1373 1430 1444 ἀφρονήτους
1454 1372 1517 1443 (Ῑ.
1551 1373 1877 1445 ἀφορήτους)

296 1463 594 1535 μάστιγας,
610 1463 703 1516 καὶ
727 1463 908 1533 σχεδὸν
927 1464 1176 1527 ἀνιάτους
1200 1465 1293 1516 καὶ
1308 1463 1707 1536 ἀθεραπεύτους
1729 1464 1877 1535 (ἄκος

292 1555 409 1626 γὰρ
437 1557 470 1626 ή
495 1554 755 1626 θεραπεία
781 1555 916 1616 ἐστὶ,
942 1555 1036 1608 καὶ¹
1063 1556 1356 1624 ἀνήκεστον
1374 1557 1435 1608 τὸ
1465 1555 1874 1628 ἀθεράπευτον),

291 1651 396 1704 καὶ
412 1649 574 1712 ἄλλας
595 1648 855 1716 ἀνάγκας,
874 1648 968 1701 καὶ
993 1647 1130 1718 μετὰ
1155 1648 1323 1702 ταῦτα
1351 1648 1658 1717 ὑποκύψασι
1679 1649 1772 1703 καὶ
1792 1648 1878 1702 θύ-

297 1758 480 1802 σασιν,
505 1740 579 1804 ὡς
614 1741 718 1793 ὑπὸ
749 1741 846 1811 τῆς
873 1739 1152 1803 ἀσθενείας
1176 1739 1274 1812 τῆς
1303 1741 1502 1812 σαρκὸς
1547 1741 1872 1815 προδοθείσι,

1980 544 2353 614 paenitentiam
2375 551 2586 614 petunt,
2616 553 2671 600 et
2693 546 2760 601 de
2790 547 2857 601 iis
2889 547 2981 617 qui
3011 546 3080 600 ad
3110 547 3426 618 martyrium
3463 549 3542 602 ul-

1981 647 2064 693 tro
2096 637 2444 705 advolarunt,
2478 647 2530 695 et
2560 641 2699 712 lapsi
2737 649 2887 708 sunt,
2920 649 2974 697 et
3003 657 3195 697 rursus
3224 643 3382 698 ﬁdem
3413 653 3543 698 sunt

1979 727 2316 794 confessi,et
2350 730 2418 785 de
2468 730 2591 786 aliis
2641 733 2963 802 quibusdam
3010 733 3300 802 ejusmodi.
3353 734 3544 800 Quaere

1980 823 2143 878 etiam
2174 839 2284 878 non
2324 825 2530 894 absque
2561 823 2741 880 fructu
2771 825 3036 896 plurimos
3069 840 3306 882 canones
3347 829 3544 900 synodi

1981 913 2304 987 Ancyranae.

2052 1007 2252 1063 Zoma.
2289 1007 2436 1062 Inter
2459 1024 2552 1064 eos
2571 1010 2662 1080 qui
2691 1009 3019 1065 turbulentis
3047 1009 3382 1080 temporibus
3417 1025 3545 1082 pro-

1979 1099 2153 1170 priam
2188 1098 2342 1155 ﬁdem
2374 1100 3043 1169 abnegarunt,discrimen
3068 1110 3290 1158 sanctus
3317 1103 3407 1157 hic
3440 1101 3545 1156 Pa-

1981 1203 2064 1248 ter
2103 1191 2316 1254 statuit,
2361 1185 2564 1263 aitque,
2596 1193 2688 1263 qui
2722 1193 2788 1247 ad
2819 1201 3080 1265 tyrannos
3121 1195 3201 1249 rei
3244 1195 3352 1249 acti
3392 1206 3540 1262 sunt,

1979 1299 2044 1339 ac
2067 1286 2125 1339 in
2153 1284 2372 1338 vincula
2407 1284 2662 1354 conjecti,
2699 1293 3074 1356 tormentaque
3107 1287 3428 1357 gravissima
3447 1287 3544 1343 ﬁa-

1980 1378 2227 1449 gellaque
2263 1377 2406 1432 haud
2436 1377 2764 1441 tolerabilia,
2798 1393 3025 1448 quaeque
3060 1380 3208 1434 nulla
3253 1396 3542 1453 propemo-

1979 1467 2108 1521 dum
2138 1481 2290 1531 cura,
2324 1475 2418 1520 aut
2445 1465 2714 1522 medicina
2745 1466 2926 1520 sanari
2962 1475 3184 1536 possent
3215 1467 3365 1538 (ἄκος
3389 1485 3548 1523 nam-

1977 1574 2084 1631 que
2125 1560 2450 1613 curationem
2491 1557 2796 1629 signiﬁcat,
2841 1566 3033 1629 estque
3070 1561 3366 1630 ἀνήκεστον
3401 1561 3542 1616 idem

1977 1650 2122 1721 quod
2143 1648 2571 1718 immedicabile),
2603 1649 2847 1720 aliasque
2877 1651 3235 1707 necessitates
3268 1652 3544 1708 sustinue-

1979 1750 2144 1806 runt;
2183 1755 2244 1794 ac
2273 1747 2460 1809 postea
2490 1740 2910 1796 succumbentes
2946 1740 3318 1806 immolarunt,
3353 1743 3544 1797 veluta

297 1835 379 1905 μὴ
430 1833 747 1904 δυνηθείσης
793 1833 954 1904 μέχρι
995 1831 1179 1896 τέλους
1208 1833 1609 1907 ἐγκαρτερῆσαι
1633 1839 1744 1899 τοῖς
1778 1835 1870 1888 ἀλ-

1976 1833 2158 1888 carnis
2199 1832 2570 1887 imbecillitate
2613 1831 2837 1902 proditi,
2883 1848 3002 1902 quae
3041 1833 3108 1887 ad
3162 1833 3323 1889 ﬁnem
3371 1850 3545 1905 usque

293 1929 514 1994 γεινοίς,
548 1925 752 1997 ἀρκείό
785 1924 1065 1994 παρελθὼν
1097 1925 1286 1997 χρόνος
1307 1927 1385 1989 εἰς
1412 1927 1750 1998 ἐπιτίμησιν.
1775 1927 1875 1979 Τέ-

293 2032 496 2087 ταρτον
523 2016 631 2088 γάρ
654 2032 815 2086 φησιν
845 2015 946 2085 ἤδη
994 2016 1182 2086 Πάσχα
1211 2017 1631 2087 ἐπικατείληφεν
1650 2058 1664 2081 ,
1688 2019 1868 2084 ἐξότου

297 2107 618 2162 πεπτώκασι
662 2108 758 2179 τὴν
814 2108 1071 2179 μεγίστην
1123 2106 1348 2162 πτῶσιν.
1388 2110 1494 2162 Καὶ
1522 2111 1570 2162 εἰ
1611 2111 1753 2180 τάχα
1783 2111 1876 2164 καὶ

297 2198 362 2263 ἐξ
383 2198 578 2270 ἀρχῆς,
610 2199 697 2251 ὅτε
726 2195 1026 2268 προσῆλθον
1057 2195 1504 2267 μεταμελόμενοι,
1524 2198 1624 2250 οὐκ
1650 2197 1874 2267 ἐδέχθη-

301 2308 430 2355 σαν,
461 2292 608 2363 ὄμως
644 2293 725 2346 ὅτι
753 2293 814 2345 οὑ
849 2293 989 2346 κατὰ
1047 2292 1364 2365 προαίρεσιν
1386 2285 1550 2361 ἦλθον
1584 2291 1664 2354 είς
1689 2290 1750 2342 τὸ
1783 2288 1875 2342 θῦ-

302 2394 415 2446 σαι,
450 2382 543 2436 καὶ
572 2381 904 2450 ἀντέστησαν
929 2382 1180 2445 ἐπιπολὺ,
1212 2383 1306 2435 καὶ
1341 2381 1614 2451 στίγματα
1645 2378 1738 2433 τοῦ
1775 2381 1875 2451 Ἰη-

301 2470 420 2536 σοῠ,
448 2472 611 2544 ἦγουν
650 2471 920 2543 μώλωπας
945 2473 1054 2526 τῶν
1076 2473 1428 2545 τραυμάτων,
1461 2465 1536 2525 ὧν
1565 2471 1873 2542 ὑπέστησαν

299 2567 442 2638 ὑπὲρ
469 2566 562 2620 τοῦ
589 2566 846 2638 Χριστοῦ,
879 2567 1081 2638 ἔχουσι,
1117 2568 1212 2620 καὶ
1243 2568 1342 2639 ἥδη
1371 2567 1551 2640 τρίτον
1583 2568 1700 2631 ἔτος
1729 2587 1872 2641 παρα

298 2657 466 2728 ἦλθεν
493 2656 831 2711 πενθούντων
865 2659 1040 2712 αὐτῶν
1073 2659 1159 2712 διὰ
1183 2659 1279 2730 τὴν
1310 2659 1535 2724 πτῶσιν,
1556 2677 1872 2731 προσεπιτι-

305 2749 542 2821 μηθῆναι
588 2749 804 2820 ὥρισεν,
841 2749 960 2802 ἀντὶ¹
984 2750 1100 2814 τοῦ,
1147 2753 1239 2804 ἐπὶ
1279 2751 1436 2805 πλέον
1463 2751 1868 2822 ἐπιτιμηθῆναι,

299 2841 466 2905 ἄλλας
537 2840 944 2912 τεσσαράκοντα
1013 2842 1224 2912 ἡμέρας
1313 2842 1496 2906 ὲξότου
1568 2843 1870 2913 προσῆλθον

303 2929 592 3002 ζητοῦντες
646 2932 935 3004 δεχθῆναι·
979 2935 1035 2986 ἐν
1079 2929 1168 2998 αἷς
1227 2936 1318 2988 ἐπὶ
1367 2934 1526 2989 πλέον
1567 2935 1870 3005 γυμνασίαν

301 3023 685 3091 ἐπιδείξαντες,
711 3028 801 3080 καὶ
826 3025 1181 3097 εὐτονώτερον
1203 3026 1487 3097 νήψαντες,
1510 3027 1676 3096 ἤγουν
1707 3043 1870 3080 σπου-

297 3113 574 3188 δαιότερον
628 3119 954 3190 προσχόντες
1014 3120 1245 3180 ἐαυτοῖς,
1302 3120 1739 3189 γρηγορήσουσιν
1787 3121 1866 3182 είς

297 3208 604 3278 προσευχάς
629 3250 642 3272 ,
693 3211 1200 3281 καταμελετῶντες,
1265 3212 1430 3282 ἦγουν
1513 3211 1750 3282 συνεχῶς
1807 3214 1862 3264 ὲν

297 3299 533 3369 φροντίδι
583 3300 913 3371 ποιούμενοι,
945 3302 1040 3355 καὶ
1082 3301 1345 3368 λέγοντες,
1373 3303 1408 3357 ἀ
1433 3305 1460 3356 ό
1495 3303 1696 3375 Κύριος
1729 3303 1863 3374 πρὸς

295 3388 384 3442 τὸν
408 3391 730 3465 πειράζοντα
768 3388 937 3446 εἶπεν·
972 3393 1188 3462 Ὕπαγε
1210 3395 1400 3449 ὀπίσω
1422 3412 1560 3464 μου,
1591 3394 1859 3449 Σατανᾶ·

297 3477 610 3549 Τέγραπται
636 3481 747 3551 γάρ
764 3497 780 3514 ⁶
820 3485 1036 3551 Κύριον
1063 3485 1169 3538 τὸν
1199 3487 1348 3538 Θεόν
1377 3501 1493 3539 σου
1529 3485 1866 3554 προσκυνή-

295 3587 446 3639 σεις,
477 3572 572 3626 καὶ
601 3573 760 3640 αὐτῷ
784 3575 950 3644 μόνῳ
978 3577 1344 3644 λατρεύσεις.
1740 3617 1742 3619 ›
1851 3601 1854 3604 ·

903 3762 1140 3814 ΚΑΝΩΝ
1170 3761 1243 3814 B'.

371 3867 391 3901 ι
436 3851 559 3915 Τοῖς
583 3852 640 3905 δὲ
669 3852 805 3923 μετά
835 3853 894 3905 τὸ
927 3853 1321 3923 φυλακισθῆναι
1367 3855 1524 3920 μόνον
1557 3857 1576 3887 ³
1602 3857 1694 3908 καὶ
1728 3855 1860 3908 ὐπο-

303 3957 322 3990 ι
357 3943 718 4014 μεμενηκέναι
761 3944 859 4006 τὰς
884 3946 941 3996 ἐν
972 3945 1049 4015 τῷ
1083 3945 1456 4018 δεσμωτηρίῳ,
1491 3947 1565 4010 ὡς
1589 3946 1654 3999 ἂν
1684 3950 1740 4000 ἐν
1765 3965 1862 4000 πο-

302 4047 322 4082 σ
357 4030 591 4104 λιορκίᾳ,
661 4033 868 4102 θλίψεις
923 4052 980 4087 τε
1035 4037 1128 4088 καὶ
1183 4035 1470 4100 δυσωδίας,
1530 4029 1754 4110 ὕστερον
1805 4039 1862 4094 δὲ

299 4140 320 4174 ι
359 4124 527 4196 χωρὶς
549 4125 783 4197 πολέμου
813 4126 1058 4197 βασάνων
1075 4128 1386 4200 γενομένοις
1405 4131 1448 4162 δ’
1475 4131 1859 4202 αἰχμαλώτοις,

301 4233 318 4265 ι
355 4215 496 4271 κατά
548 4219 744 4290 πολλὴν
799 4221 1066 4290 πτωχείαν
1104 4221 1402 4292 δυνάμεως,
1436 4225 1526 4277 καὶ
1563 4224 1705 4279 κατά
1747 4243 1863 4279 τινα

299 4324 318 4357 ι
357 4307 662 4379 τυφλότητα
737 4310 1190 4382 τεθραυσμένοις,
1258 4315 1550 4386 ἐπαρκέσει
1620 4317 1862 4382 ἐνιαυτὸς

297 4416 315 4449 ι
359 4399 493 4469 πρὸς
539 4399 616 4471 τῷ
659 4403 829 4473 ἑτέρῳ
860 4404 1063 4474 χρόνῳθ
1109 4404 1228 4456 ἐπεὶ
1266 4404 1400 4468 ὅλως
1438 4406 1530 4459 καὶ
1561 4407 1711 4459 αὐτοὶ
1741 4409 1860 4460 ἐπι-

297 4510 316 4543 ι
351 4491 643 4547 δεδώκασιν
699 4497 924 4560 ἑαυτοὺς
974 4498 1114 4568 ὑπὲρ
1139 4496 1231 4550 τοῦ
1291 4497 1551 4568 ὀνόματος
1589 4498 1682 4551 τοῦ
1724 4501 1860 4571 Χρι-
1895 4533 1940 4590 D

297 4603 315 4636 ι
355 4584 480 4639 στοῦ
509 4586 530 4618 ⁸
557 4585 830 4656 θλιϐἧναι’
879 4591 926 4641 εί
969 4590 1062 4643 καὶ
1101 4588 1408 4641 ἀπέλαυσαν
1459 4591 1516 4642 ἐν
1557 4591 1632 4662 τῷ
1655 4592 1863 4662 δεσμω-

297 4695 314 4727 ι
350 4679 522 4749 τηρὶῳ
559 4681 658 4748 τῆς
709 4679 858 4750 παρά
913 4681 1021 4734 τῶν
1073 4681 1314 4750 ἀδελφῶν
1369 4681 1572 4754 πολλῆς
1618 4685 1863 4738 ἀναπαύ-

296 4789 316 4822 ι
353 4787 509 4836 σεως.
538 4774 714 4845 Ἀπερ
748 4773 1183 4828 πολλαπλασίονα
1225 4774 1595 4842 ἀποδώσουσι,
1638 4777 1864 4831 ποθοῦν-

302 4880 319 4912 ι
358 4880 447 4926 τες
498 4864 835 4936 λυτρωθῆναι
885 4865 991 4918 ἀπὸ
1043 4867 1142 4936 τῆς
1195 4869 1528 4940 πικροτάτης
1583 4870 1860 4940 αἰχμαλω-

297 4973 316 5006 ι
356 4955 478 5021 σίας
500 4957 594 5010 τοῦ
621 4957 885 5021 διαϐόλου,
929 4961 1261 5031 μεμνημένοι
1299 4962 1530 5032 μάλιστα
1555 4963 1647 5016 τοῦ
1671 4964 1857 5032 λέγον-

295 5065 316 5101 (
352 5064 464 5115 τοςο
487 5052 730 5121 Πνεῦμα
761 5052 866 5105 τοῦ
889 5052 930 5084 δ·
961 5055 1180 5121 Κυρίου
1203 5055 1294 5107 ἐπ’
1320 5056 1444 5125 ἐμὲ,
1471 5051 1542 5111 οὗ
1568 5055 1773 5110 ἕνεκεν
1794 5061 1858 5086 δ”

299 5159 316 5190 ι
354 5139 384 5192 ἕ
389 5140 562 5210 χρισέ
577 5159 654 5211 με
678 5159 690 5172 ⁸
719 5145 1219 5212 εὐαγγελίσασθαι
1237 5145 1492 5215 πτωχοῖς
1518 5146 1860 5201 ἀπέσταλκέ

298 5248 316 5280 ι
349 5248 446 5298 με,
478 5231 731 5300 κηρύξαι
771 5232 1165 5302 αἰχμαλώτοις
1206 5235 1442 5305 ἄφεσιν,
1479 5237 1577 5292 καί
1609 5237 1860 5308 τυφλοῖς

295 5335 317 5372 c
355 5318 708 5390 ἀνάϐλεψιν,
735 5323 1084 5377 ἀποστεῖλαι
1115 5327 1593 5395 τεθραυσμένους
1619 5327 1690 5380 ἐν
1715 5327 1858 5396 ἀφέ-

1977 1923 2248 1978 obdurare
2291 1923 2346 1976 in
2395 1921 2678 1977 doloribus
2732 1921 2876 1975 haud
2925 1923 3184 1992 potuerit,
3219 1924 3286 1981 iis
3328 1925 3544 1980 mulcta:

1976 2014 2199 2068 nomine
2244 2013 2537 2068 decursum
2585 2014 2700 2083 jam
2732 2021 2948 2083 tempus
2985 2013 3249 2071 sullicere.
3278 2014 3542 2082 Quartum

1977 2107 2270 2177 siquidem,
2305 2106 2503 2176 inquit,
2539 2105 2748 2160 Pascha
2777 2105 2890 2174 jam
2921 2114 3172 2162 exactum
3219 2117 3321 2173 est,
3345 2123 3412 2162 ex
3435 2125 3543 2179 quo

1976 2199 2033 2254 in
2057 2199 2439 2270 gravissimum
2476 2199 2621 2252 hunc
2674 2199 2914 2253 incidere
2967 2213 3177 2254 casum.
3217 2199 3294 2254 Ac
3329 2200 3543 2254 etiamsi

1975 2289 2118 2346 forte
2148 2291 2305 2344 initio
2339 2305 2462 2344 cum
2493 2289 2818 2359 pmnitentia
2847 2288 2995 2343 ducti
3030 2297 3403 2354 accesserunt,
3433 2305 3544 2344 non

1975 2391 2104 2440 sunt
2133 2383 2396 2454 suscepti,
2432 2389 2615 2436 tamen
2649 2380 2779 2451 quia
2826 2396 2935 2435 non
2987 2387 3183 2450 sponte
3226 2395 3545 2451 processere

1974 2472 2044 2528 ad
2088 2472 2479 2527 immolandum
2510 2472 2714 2542 diuque
2758 2480 3146 2541 repugnarunt,
3191 2486 3255 2526 ac
3288 2472 3542 2543 stigmata

1972 2567 2122 2630 Jesu,
2153 2568 2438 2622 vulnerum
2463 2581 2658 2636 nempe
2695 2580 2817 2635 quae
2845 2580 2945 2636 pro
2978 2564 3196 2620 Christo
3227 2567 3541 2623 sustinuere

1973 2658 2256 2713 cicatrices
2286 2665 2480 2728 gerunt
2506 2676 2517 2710 :
2554 2657 2855 2726 tertiusque
2879 2655 2992 2726 jam
3023 2655 3227 2711 eﬂluxit
3257 2671 3432 2712 annus
3470 2674 3539 2713 ex

1970 2766 2080 2822 quo
2108 2751 2292 2820 lugent
2324 2749 2538 2819 lapsum
2567 2749 2740 2812 illum,
2762 2749 2985 2818 insuper
3007 2749 3281 2814 mulctari,
3309 2749 3411 2804 hoc
3435 2761 3537 2815 est,

1971 2841 2109 2897 alios
2126 2841 2304 2896 adhuc
2331 2837 2690 2910 quadraginta
2723 2838 2839 2895 dies
2871 2855 2938 2894 ex
2964 2853 3072 2909 quo
3101 2838 3169 2894 ad
3200 2839 3539 2893 communio-

1970 2948 2095 2988 nem
2131 2932 2342 2987 admitti
2389 2931 2732 3002 postulantes
2775 2938 3157 2996 accesserunt,
3189 2931 3406 2985 mulcta:
3433 2945 3535 2984 no-

1970 3024 2117 3079 mine
2147 3023 2514 3094 injungendos
2535 3038 2655 3080 esse
2676 3021 2941 3078 decernit.
2965 3020 3023 3077 In
3052 3022 3251 3094 quibus
3274 3023 3536 3093 majorem

1971 3115 2148 3169 adhuc
2191 3115 2544 3170 ostendentes
2591 3114 2918 3185 poenitentiae
2956 3113 3424 3182 exercitationem,
3481 3118 3536 3166 et

1969 3206 2254 3272 intentius,
2290 3206 2395 3262 hoc
2436 3214 2540 3270 est,
2579 3207 2869 3261 attentiore
2910 3219 3044 3260 cura
3089 3204 3423 3274 jejunantes,
3449 3213 3534 3258 at-

1971 3299 2254 3356 tendentes
2284 3297 2663 3368 sibimetipsis,
2683 3296 2906 3367 vigilent
2941 3295 2997 3349 in
3027 3294 3388 3360 orationibus,
3421 3309 3536 3348 mc—

1967 3394 2226 3458 ditantes,
2259 3391 2364 3446 hoc
2414 3397 2498 3445 est
2531 3389 2714 3443 animo
2749 3397 3010 3459 perpetuo
3040 3395 3342 3451 versantes,
3374 3400 3535 3443 voce-

1967 3502 2074 3557 que
2097 3492 2430 3553 usurpantes
2463 3495 2584 3552 quae
2615 3479 2881 3534 Dominus
2911 3477 2978 3532 ad
3009 3485 3330 3536 tentatorem
3357 3477 3488 3532 dixit
3515 3497 3531 3534 :

1967 3577 2068 3632 Abi
2096 3593 2227 3647 pone
2258 3593 2356 3640 me,
2400 3573 2606 3630 Salano
2629 3587 2649 3637 ;
2685 3572 2937 3640 scriptum
2959 3579 3036 3624 est
3065 3569 3533 3625 enim:Dominum

1966 3671 2136 3726 Deum
2167 3679 2313 3723 tuum
2334 3665 2607 3731 adorabis,
2635 3675 2684 3718 et
2710 3665 2792 3718 illi
2817 3664 2919 3718 soli
2948 3662 3159 3717 servies.

2577 3755 2808 3812 CANON
2847 3754 2912 3811 ll.

2042 3873 2063 3906 ι
2104 3853 2174 3910 lis
2203 3865 2381 3908 autem
2427 3850 2521 3922 qui
2566 3859 2854 3920 postquam
2902 3849 2961 3902 in
2997 3847 3300 3904 custodiam
3350 3846 3532 3901 traditi

1972 3967 1990 3999 ι
2040 3956 2189 4013 sunt,
2217 3954 2271 4002 et
2304 3946 2360 4000 in
2393 3959 2632 4008 carcere,
2684 3951 2941 4012 tanquam
2993 3943 3049 3996 in
3100 3940 3404 4005 obsidione,
3449 3941 3532 3994 af-

1974 4055 1992 4089 ι
2039 4035 2309 4091 ﬂictiones
2339 4049 2642 4105 gravesque
2684 4031 2882 4088 fetores
2931 4032 3078 4104 passi
3135 4039 3291 4099 sunt;
3343 4039 3532 4102 postea

1973 4148 1991 4180 ι
2039 4135 2222 4183 autem
2257 4126 2374 4182 sine
2407 4126 2548 4181 bello
2573 4132 2970 4180 tormentorum
3003 4123 3205 4194 captivi
3228 4123 3357 4179 facti
3379 4129 3529 4188 sunt,

1973 4241 1992 4274 ι
2036 4220 2202 4275 nimia
2226 4220 2422 4276 virium
2445 4220 2626 4290 inopia
2647 4229 2700 4273 et
2723 4217 2959 4289 quadam
2979 4219 3225 4273 caecitate
3241 4217 3528 4285 confracti,

1971 4332 1990 4365 ι
2036 4328 2214 4368 annus
2243 4311 2312 4366 ad
2354 4312 2499 4367 aliud
2542 4320 2757 4382 tempus
2788 4310 3066 4381 injunctus
3103 4309 3330 4366 sufficiet
3363 4330 3375 4365 :
3405 4327 3529 4364 nam

1973 4425 1991 4458 ι
2039 4407 2144 4476 ipsi
2167 4420 2384 4476 quoque
2413 4421 2473 4461 se
2508 4405 2732 4462 omnino
2759 4420 2858 4474 pro
2890 4403 3111 4459 nomine
3163 4401 3365 4458 Christi
3396 4402 3531 4456 alni-

1972 4513 1990 4546 ‹
2032 4495 2238 4567 gendos
2276 4493 2516 4551 dedere:
2563 4497 2609 4550 si
2641 4496 2805 4550 etiam
2836 4509 2866 4548 a
2914 4494 3173 4549 fratribus
3217 4494 3272 4548 in
3312 4509 3531 4550 carcere

1971 4607 1990 4641 ι
2038 4588 2260 4642 multam
2283 4587 2711 4643 consolationem
2756 4587 2992 4642 assecuti
3044 4593 3190 4640 sunt.
3245 4584 3376 4652 Quae
3408 4585 3532 4656 qui-

1972 4701 1990 4732 ι
2039 4681 2160 4736 dem
2193 4681 2553 4752 multiplicata
2591 4679 2852 4744 reddent,
2885 4679 3108 4735 liberari
3152 4679 3436 4750 cupientes
3461 4679 3532 4735 ab

1970 4794 1988 4826 ε
2036 4774 2392 4831 acerbissima
2414 4773 2730 4845 captivitate
2757 4772 2981 4838 diaboli,
3017 4773 3137 4843 ejus
3177 4773 3412 4828 maxime
3444 4787 3531 4828 re-

1971 4885 1991 4918 ¢
2036 4866 2328 4922 cordantes
2359 4868 2452 4935 qui
2488 4865 2620 4920 dicit
2653 4883 2666 4918 :
2705 4863 2938 4933 Spiritus
2983 4863 3198 4918 Domini
3239 4879 3394 4933 super
3424 4879 3526 4928 me,

1969 4975 1986 5008 ι
2033 4973 2193 5027 quam
2237 4956 2300 5011 ob
2332 4971 2550 5010 causam
2580 4957 2733 5010 unxit
2775 4971 2857 5008 me
2885 4970 2905 5008 :
2933 4964 2992 5008 ut
3023 4954 3339 5024 pauperibus
3367 4972 3528 5009 evan-

1969 5067 1988 5100 ι
2033 5049 2315 5118 geliznrem
2343 5048 2486 5101 misit
2521 5063 2620 5111 me,
2655 5054 2703 5099 et
2741 5046 3113 5100 aununtiarem
3148 5047 3367 5116 captivis
3401 5046 3530 5102 libe-

1967 5161 1986 5193 ι
2036 5141 2313 5206 rationem,
2348 5150 2396 5193 et
2428 5139 2578 5194 cwcis
2607 5139 2748 5194 visus
2787 5141 3250 5210 recuperationem,
3283 5149 3332 5195 et
3356 5141 3529 5192 mitte-

1971 5253 1989 5286 ι
2032 5250 2141 5287 rem
2194 5233 2392 5302 fractos
2451 5231 2506 5285 in
2558 5231 2937 5297 remissionem,
2991 5232 3280 5299 pradicare
3330 5245 3525 5284 annum

1971 5347 1988 5379 ι
2038 5325 2252 5380 Domini
2286 5323 2677 5394 acceptabilem,
2701 5333 2751 5380 et
2773 5325 2909 5381 diem
2945 5325 3304 5382 retributionis
3324 5336 3371 5380 α.
3405 5341 3425 5375 ι

296 5427 315 5461 ι
352 5427 466 5478 σει,
501 5415 754 5483 κηρύξαι
779 5417 1054 5470 ἐνιαυτὸν
1081 5421 1300 5487 Κυρίου
1330 5422 1561 5486 δεκτόν,
1595 5425 1691 5477 καὶ
1724 5422 1950 5494 ἡμέραν
1967 5423 2442 5487 ἀνταποδόσεως.
2471 5442 2490 5474 ι

361 5581 387 5608 ι
418 5568 532 5626 Isa.
567 5589 680 5638 ut,
717 5573 854 5643 1,2;
880 5573 1007 5628 Luc.
1041 5591 1114 5640 tv,
1157 5576 1243 5640 18,
1278 5579 1360 5632 19.

1533 5690 1763 5745 VARUE
1801 5687 2202 5745 LECTIONES.

393 5827 415 5858 ³
440 5830 596 5896 μόνον
619 5845 726 5884 om.
802 5831 841 5862 ³⁸
876 5831 1197 5900 γενομένων.
1279 5832 1296 5864 ⁵
1327 5831 1417 5886 τοῦ
1450 5830 1684 5902 Χριστοῦ
1713 5848 1822 5887 om.
1900 5831 1942 5866 “
1973 5831 2068 5886 τοῦ
2098 5847 2208 5887 om.

2287 5822 2351 5856 "‘
2376 5833 2600 5890 εἵνεκεν.
