4088 6284
446 318 451 321 ’
518 339 619 400 ιιι

1543 338 1599 395 S.
1632 337 1838 394 PETRI
1876 339 2345 397 ALEXANDRINI
2385 340 2692 397 EPISCOPI

3625 342 3732 397 472

589 453 751 511 Bm.
777 449 877 508 llic
900 465 1074 507 canon
1105 453 1296 506 statuit
1324 461 1384 507 ut
1411 452 1504 524 qui
1530 453 1586 507 in
1617 451 1866 508 custodia
1897 454 2052 508 solun

2246 455 2437 508 ΒΑΛΣ.
2470 447 2638 519 Οὗτος
2664 458 2693 509 ό
2712 452 2889 508 κανὼν
2912 453 3268 526 διαλαμϐάνει
3296 457 3420 523 τοὺς
3455 456 3614 527 μόνον
3632 477 3735 514 κα-

514 546 657 606 male
684 543 858 600 aﬁ'ecti
889 550 1038 611 sunt,
1071 554 1124 599 et
1145 544 1266 600 sine
1286 544 1573 600 tormentis
1598 545 1736 614 lapsi
1766 552 1913 613 sunt,
1947 556 2074 617 post

513 633 804 693 triennium
839 631 978 690 alius
1009 647 1226 704 quoque
1262 633 1390 687 anni
1443 647 1604 703 pmna
1664 633 1980 703 puniantur.
2013 632 2072 690 Si

512 723 654 782 forte
679 723 845 784 enim,
863 722 1059 792 inquit,
1086 721 1511 779 consolationem
1542 723 1781 777 assecuti
1812 731 1960 789 sunt,
1982 732 2072 779 ut~

510 818 637 885 pote
663 811 939 881 aliquibus
972 810 1217 868 ﬁdelibus
1243 812 1368 867 vitae
1390 811 1638 869 subsidia
1678 814 2073 884 suppeditanti-

508 904 631 967 bus,
659 901 696 956 ii
729 918 944 973 quoque
976 903 1175 960 debent
1205 904 1418 962 veniam
1446 903 1711 970 obtinere,
1744 906 1917 978 utqui
1945 922 2071 979 gra-

507 994 592 1052 via
615 1009 715 1069 pro
747 994 851 1051 ﬁde
877 996 1024 1065 passi
1058 1003 1204 1053 sunt.

575 1196 779 1256 Zomn.
822 1197 880 1253 In
915 1197 1158 1259 secundo
1192 1198 1385 1254 ordine
1417 1213 1511 1255 eos
1532 1200 1677 1255 locat
1700 1200 1795 1271 qui
1825 1209 2066 1257 tantum-

504 1290 666 1345 modo
697 1291 753 1345 in
784 1291 1001 1345 vincula
1034 1290 1469 1363 conjecti,atque
1498 1293 1551 1346 in
1576 1307 1797 1349 carcere
1819 1294 1960 1351 male
1992 1292 2068 1349 af.

503 1378 632 1439 fecti
668 1389 815 1446 sunt,
848 1391 963 1435 tum
997 1381 1163 1437 nullis
1189 1383 1372 1437 vexati
1412 1383 1745 1440 cruciatibus
1798 1378 2062 1454 peccave-

503 1481 666 1530 runt:
694 1473 894 1542 quibus
935 1482 1131 1546 praeter
1159 1473 1453 1530 decursum
1489 1480 1724 1544 tempus,
1768 1476 2063 1530 triennium

501 1563 756 1624 videlicet
800 1562 869 1620 de
908 1580 1016 1635 quo
1066 1581 1232 1636 supra
1280 1565 1484 1621 dictum
1534 1575 1640 1632 est,
1680 1568 1808 1622 anni
1847 1583 2064 1639 quoque

503 1662 765 1730 praeterea
792 1656 956 1711 unius
986 1657 1243 1712 mulctam
1279 1657 1507 1729 irrogari
1532 1659 1729 1729 placet.
1793 1657 2060 1725 Quoniam

501 1756 556 1805 et
585 1747 710 1819 ipsi,
743 1746 939 1818 inquit,
971 1763 1069 1818 pro
1100 1747 1302 1803 Christi
1349 1751 1569 1806 nomine
1612 1750 1848 1805 divexati
1898 1757 2059 1819 sunt;

2174 544 2586 616 κοπαθήσαντας
2616 546 2674 597 ἑν
2704 545 2770 615 τῇ
2807 542 3017 615 φυλακῇ
3045 545 3139 597 καὶ
3156 547 3323 616 χωρὶς
3349 545 3598 616 βασάνων
3627 564 3736 603 πα-

2173 633 2617 705 ραπεπτωκότας,
2664 632 3015 703 ἐπιτιμᾶσθαι
3049 633 3185 703 μετὰ
3210 632 3302 685 τὸν
3334 634 3518 705 τριετῆ
3543 634 3736 706 χρόνον

2171 725 2262 782 καὶ
2291 724 2382 777 ἐπὶ
2406 725 2589 795 ἓτερον
2609 724 2870 779 ἐνιαυτόν.
2905 725 2969 777 Ei
3002 725 3141 796 τάχα
3160 724 3448 796 γάρ.φησὶ,
3488 726 3582 781 καὶ
3629 728 3738 782 ἀπ-

2169 815 2400 875 έλαυσαν
2444 818 2838 891 παρακλήσεως
2862 857 2876 881 ,
2911 817 2985 883 ὥς
3009 835 3169 875 τινων
3204 818 3408 873 πιστῶν
3433 821 3732 893 χορηγούν-

2166 923 2274 963 των
2305 909 2487 972 αὐτοῖς
2529 911 2597 965 τὰ
2632 910 2766 985 πρὸς
2791 911 3078 984 διοίκησιν,
3123 911 3258 966 ἀλλά
3293 913 3387 967 καὶ
3413 906 3555 969 οὗτοι
3579 914 3732 984 ἀφείς

2166 999 2315 1053 λουσι
2349 1000 2674 1077 συγγνώμης
2705 1003 2983 1070 ἀξιοῦσθαι
3009 1004 3084 1068 ὡς
3105 1004 3364 1080 ὑπὲρτῆς
3378 1003 3612 1071 πίστεως
3628 1023 3732 1061 καη

2166 1089 2591 1161 κοπαθήσαντες.

2235 1183 2475 1238 ΖΩΝΑΡ.
2516 1184 2605 1237 Ἐν
2641 1183 2871 1256 δευτέρα
2914 1183 3065 1250 τάξει
3097 1183 3277 1256 τίθησι
3296 1184 3423 1247 τοὺς
3448 1183 3605 1258 μόνον
3628 1203 3731 1256 φυ-

2162 1271 2533 1338 λακισθέντας,
2562 1276 2656 1328 καὶ
2701 1275 3184 1347 κακοπαθήσαντας
3206 1277 3263 1330 ὲν
3284 1279 3350 1348 τῇ
3373 1277 3607 1349 φυλακῇ,
3633 1280 3731 1332 καὶ⁹

2162 1368 2329 1441 χωρὶς
2359 1366 2602 1436 βασάνων
2635 1367 3152 1437 παραπεπτωκόταςο
3175 1363 3255 1432 οἷς
3274 1370 3516 1423 ἐνιαυτὸν
3534 1368 3728 1435 ἔταξαν

2162 1458 2223 1527 (f.
2254 1457 2463 1529 ἔταξεν)
2480 1460 2560 1522 είς
2586 1460 2855 1531 ἐπιτίμιον
2883 1459 3021 1531 μετά
3046 1460 3135 1513 τὸν
3159 1459 3496 1530 παρελθόντα
3514 1462 3725 1535 χρόνον,

2161 1551 2325 1624 ῆγουν
2356 1550 2453 1622 τὴν
2487 1551 2727 1622 τριετίαν
2749 1552 2815 1624 ἢν
2842 1552 3062 1624 εἴρηκεν
3089 1553 3218 1608 ἀνω.
3248 1554 3391 1608 Διότι
3419 1554 3513 1608 καὶ
3547 1555 3723 1621 αὐτοὶ,

2161 1641 2342 1711 φησὶν,
2358 1642 2497 1713 ὑπὲρ
2512 1642 2603 1695 τοῦ
2619 1645 2874 1714 ὀνόματος
2887 1643 3175 1716 ὲθλίϐησαν
3191 1644 3282 1700 τοῦ
3295 1645 3550 1718 Χριστοῦ,
3564 1649 3614 1700 εί
3628 1649 3727 1706 καὶ

2159 1733 2298 1802 τάχα
2323 1733 2630 1789 ἀπέλαυσαν
2666 1734 2725 1788 ὲν
2751 1734 2828 1805 τῷ
2863 1734 3215 1807 δεσμωτηρίῳ
3242 1737 3633 1809 παρακλήσεως
3658 1740 3726 1797 ὲκ

501 1818 710 1897 etiamsi
738 1838 878 1897 forte
907 1840 1087 1893 solatii
1113 1838 1392 1911 quidpiam
1422 1841 1477 1895 in
1499 1856 1717 1898 carcere
1745 1857 1774 1896 a
1799 1840 2052 1899 fratribus

2161 1825 2267 1879 τῶν
2297 1826 2557 1895 ἀδελφῶν.
2593 1827 2680 1891 Ὠς
2701 1826 2842 1881 ἔοικε
2873 1827 3001 1899 γὰρ,
3034 1830 3084 1883 oi
3114 1831 3313 1894 πιστοὶ,
3346 1832 3458 1884 ὅσοι
3495 1832 3558 1885 οὐ
3592 1848 3723 1886 συν-

500 1940 777 1989 consecutl
807 1941 952 1990 sunt.
988 1929 1278 1988 Probabile
1314 1934 1458 1989 enim
1480 1946 1562 1989 est
1593 1935 1798 2003 ﬁdeles,
1822 1936 2057 2006 quicun-

501 2039 606 2094 que
637 2022 786 2076 nulla
807 2021 1056 2079 custodia
1091 2022 1497 2092 detinebantur,
1529 2027 1584 2080 in
1626 2027 1845 2083 vincula
1872 2028 2061 2099 conje-

498 2113 603 2169 ctis
624 2113 751 2169 vitae
782 2112 1025 2171 subsidia
1069 2114 1445 2182 ministrasse,
1483 2116 1659 2187 iisque
1706 2117 1932 2188 proinde
1982 2119 2060 2173 le-

497 2204 732 2261 vationis
756 2203 958 2274 aliquid
983 2205 1254 2261 attulisse.
1278 2205 1410 2272 Quae
1435 2206 1654 2277 quidem
1697 2207 2058 2279 multiplicata

497 2297 746 2361 reddent,
785 2310 885 2367 pro
911 2297 980 2351 iis
1014 2296 1275 2351 nimirum
1310 2298 1511 2369 quibus
1544 2299 1598 2352 in
1627 2298 1874 2355 custodia
1908 2299 2058 2355 oble-

497 2389 626 2443 ctati
651 2396 799 2450 sunt,
826 2388 1203 2459 paenitentiam
1238 2397 1460 2461 agentes
1490 2390 1767 2446 vexabunt
1794 2406 1852 2447 se
1883 2391 2054 2464 ipsos,

499 2493 564 2537 ac
614 2480 803 2534 multis
835 2479 1012 2536 modis
1038 2480 1401 2550 aﬂlictabunt;
1438 2483 1485 2537 si
1516 2498 1580 2538 ex
1611 2498 1677 2538 eo
1706 2482 1852 2553 quod
1892 2484 2055 2538 Chri-

498 2582 640 2627 stum
670 2572 1041 2642 abnegarunt,
1072 2586 1103 2625 a
1131 2571 1332 2627 diaboli
1363 2574 1675 2644 captivitate
1711 2575 1931 2631 liberari
1962 2591 2055 2631 ve-

498 2662 619 2726 lint,
651 2661 799 2718 illius
827 2661 1026 2732 captivi
1066 2669 1121 2718 et
1155 2664 1298 2719 servi
1333 2664 1485 2720 facti.
1525 2662 1758 2736 Suhjicit
1782 2680 1906 2720 mox
1928 2679 2056 2735 pro-

499 2754 671 2831 pheta
699 2753 884 2817 verba,
915 2769 1034 2824 quae
1064 2764 1267 2813 suntex
1297 2755 1437 2811 Isaia
1467 2757 1802 2833 deprompta,
1823 2771 2054 2828 quorum

497 2843 813 2902 meminisse
838 2853 1089 2917 oportere
1110 2847 1258 2917 ipsos
1292 2846 1543 2905 aﬁirmat.

1100 2936 1330 2993 CANON
1368 2939 1457 2995 Ill.

571 3045 592 3079 ι
636 3026 709 3085 lis
748 3035 927 3083 autem
969 3028 1062 3099 qui
1108 3029 1241 3084 nihil
1272 3029 1540 3099 ejusmodi
1585 3034 1734 3103 passi
1774 3043 1920 3103 sunt,
1951 3050 2054 3093 nec

502 3136 522 3172 ι
565 3117 685 3174 ﬁdei
727 3118 964 3175 fructum
1010 3122 1399 3187 ostenderunt,
1430 3125 1524 3179 sed
1555 3125 1622 3180 ad
1663 3127 1853 3182 vitium
1909 3129 2051 3185 ultro
2077 3162 2122 3224 ο

495 3225 522 3269 ο
565 3207 995 3282 transfugerunt,
1028 3225 1059 3264 a
1084 3220 1227 3271 metu
1257 3220 1311 3266 et
1332 3212 1620 3270 timiditate
1650 3217 2048 3287 proditi;nunc

499 3320 521 3354 ι
568 3308 747 3357 autem
781 3302 1005 3358 veniunt
1048 3301 1116 3356 ad
1152 3303 1551 3372 paenitentiam,
1587 3321 1812 3364 necesse
1863 3316 1949 3365 est
1994 3316 2050 3367 et

497 3412 517 3450 ι
560 3394 889 3451 conveniens
918 3393 1251 3465 infrugifera:
1300 3394 1435 3452 ﬁcus
1483 3399 1793 3466 parabolam
1843 3417 2047 3474 propo-

498 3506 517 3538 ι
562 3502 712 3551 nere,
765 3492 827 3541 ut
874 3485 1135 3540 Dominus
1185 3485 1317 3543 dicit
1369 3504 1382 3541 :
1442 3486 1680 3544 Habebat
1733 3493 1847 3562 quis
1887 3494 2048 3561 ﬁcum

495 3598 515 3631 ι
560 3578 857 3648 plantatam
883 3578 939 3632 in
967 3594 1062 3632 suo
1093 3578 1263 3633 uineta
1292 3596 1311 3634 :
1342 3589 1392 3635 et
1433 3582 1567 3636 venit
1608 3600 1845 3654 quarens
1891 3586 1947 3640 in
1985 3603 2049 3643 ea

497 3692 515 3725 ι
559 3672 811 3743 fructum,
857 3679 908 3725 et
947 3687 1052 3725 non
1101 3673 1318 3731 inuenit.
1366 3673 1514 3731 Dixit
1567 3685 1740 3730 autem
1782 3678 1996 3733 vinitori
2025 3695 2045 3734 :

498 3782 516 3817 ι
560 3762 694 3818 Ecce
717 3772 820 3818 tres
851 3779 1036 3825 annos,
1081 3779 1147 3819 ex
1183 3781 1283 3836 quo
1335 3783 1427 3837 ego
1484 3768 1631 3824 venio
1663 3785 1897 3838 querens
1927 3770 2045 3841 fru-

497 3875 514 3907 ι
564 3864 705 3915 ctum
733 3857 787 3910 in
813 3853 911 3910 hac
951 3856 1076 3925 ﬁcu,
1118 3864 1166 3910 et
1199 3874 1300 3912 non
1338 3859 1577 3924 invenio;
1607 3861 1848 3917 exscinde
1881 3879 1996 3917 eam
2026 3879 2045 3917 :

495 3965 515 3998 ε
560 3964 653 4002 cur
685 3957 878 4002 terram
900 3949 1130 4004 inaniter
1151 3954 1413 4020 occupat?
1441 3951 1545 4008 Ille
1574 3969 1690 4008 vero
1729 3955 2044 4024 respondeas

496 4061 514 4095 ι
553 4041 679 4097 dicit
703 4042 786 4097 illi
807 4058 825 4101 :
866 4042 1099 4108 Domine,
1124 4043 1329 4100 dimitte
1352 4044 1504 4100 illam
1532 4046 1627 4102 hoc
1650 4064 1851 4119 quoque
1881 4066 2039 4118 anno,

494 4151 515 4185 ι
556 4132 717 4187 donec
752 4134 894 4189 circa
939 4152 1056 4192 eam
1084 4134 1285 4206 fodero,
1329 4147 1379 4191 et
1418 4138 1660 4196 lwtamen
1702 4140 1965 4210 injecero;
1996 4146 2044 4197 si

495 4243 514 4276 ι
558 4224 765 4296 quidem
792 4225 1024 4295 fructum
1058 4227 1274 4297 fecerit;
1312 4230 1396 4284 ain
1439 4232 1633 4297 minus,
1668 4248 1784 4289 eam
1815 4235 1871 4289 in
1895 4234 2044 4304 futu-

493 4335 513 4373 ι
556 4334 675 4375 rum
701 4319 970 4375 exscindes
1001 4333 1028 4363 ι
1053 4340 1066 4376 :
1098 4336 1206 4391 qua
1237 4328 1363 4375 ante
1382 4324 1572 4377 oculos
1597 4336 1840 4397 accepta,
1866 4335 1921 4382 et
1946 4343 2038 4384 os-

492 4427 512 4462 r
557 4418 714 4467 tenso
738 4410 901 4482 digno
928 4409 1106 4467 fructu
1136 4412 1489 4483 paenitentiae,
1516 4415 1572 4469 in
1611 4423 1761 4472 tanto
1780 4421 2040 4490 temporis

491 4520 511 4559 ι
556 4502 840 4561 intervallo
867 4503 1409 4576 magisjuvabuntur.
1456 4524 1477 4559 ι

552 4754 712 4810 ΒΑιε.
756 4756 862 4813 Εοει
889 4759 980 4828 qui
1007 4766 1229 4828 propter
1256 4758 1432 4813 solum
1464 4767 1667 4814 metum
1695 4767 1751 4814 et
1778 4760 2041 4816 timidita-

484 4857 592 4907 tem
616 4848 1047 4921 transfugerunt,
1081 4850 1148 4905 ad
1176 4849 1553 4922 paenitentiam
1582 4859 1761 4908 autem
1787 4868 2037 4924 respexe-

483 4948 630 5007 runt,
654 4940 890 4995 triennio
919 4943 1073 5011 punit
1102 4956 1279 4997 canon
1303 4942 1603 4999 secundum
1632 4944 1946 5014 parabolam
1979 4946 2039 5002 ﬁ-

482 5046 582 5085 cus
605 5046 724 5101 qua:
757 5039 842 5086 est
873 5032 929 5086 in
965 5032 1294 5104 Evangeliis.
1325 5033 1587 5091 Dominus
1631 5036 1777 5091 enim
1807 5036 1984 5108 inquit
2017 5057 2030 5095 :

480 5119 604 5176 Jam
635 5122 801 5178 tribus
831 5124 984 5179 annis
1007 5123 1075 5177 ad
1106 5125 1241 5180 hanc
1272 5126 1418 5180 venio
1449 5142 1685 5200 querens
1714 5126 1964 5196 fructum,
1987 5141 2034 5185 et

482 5231 585 5269 non
612 5215 833 5270 invenio.
870 5213 1084 5271 Vinitor
1105 5224 1309 5281 autem.
1351 5217 1568 5273 Dimitte
1607 5217 1783 5284 iltam,
1833 5221 2030 5292 inquit,

476 5318 523 5367 et
552 5306 647 5361 hoc
674 5323 833 5361 anno.

550 5398 755 5456 Ζοιιιιι.
794 5397 1114 5469 Quicunque
1156 5415 1306 5465 vero,
1360 5401 1558 5472 inquit,
1608 5404 1741 5462 nihil
1790 5404 2031 5477 perpessi

478 5489 756 5555 acerbum,
784 5490 854 5544 ob
874 5497 1077 5544 metum
1116 5490 1288 5545 solum
1315 5505 1380 5545 ac
1411 5492 1753 5549 timiditatem
1788 5495 2030 5549 transfu-

478 5588 692 5647 gerunt,
718 5595 818 5650 pro
849 5594 915 5634 eo
940 5579 1085 5651 quod
1135 5580 1240 5653 ipsi
1294 5589 1490 5652 sponte
1538 5587 1855 5654 pravitatem
1902 5595 2028 5642 sunt

481 5670 810 5738 consectati;
836 5685 960 5727 mox
978 5670 1217 5729 animum
1246 5671 1313 5728 ad
1353 5675 1726 5746 pmnitentiam
1756 5675 2021 5747 adiecere,

548 5818 573 5848 ι
622 5803 752 5863 Luc.
775 5822 899 5876 xm,
931 5805 1038 5866 6-9.

2069 4528 2118 4587 D

2159 1917 2475 1990 εσχέθησαν,
2502 1920 2612 1981 τοῖς
2642 1918 3050 1990 κατειργμένοις
3080 1921 3375 1992 ἐχορήγουν
3397 1922 3466 1976 τὰ
3496 1923 3576 1987 εἰς
3593 1922 3727 1978 διοί-

2159 2024 2337 2077 κησιν,
2379 2006 2470 2060 καὶ
2506 2006 2776 2059 ἀνέπαυον
2825 2006 3039 2071 αὐτούς.
3076 2008 3252 2079 "Amp
3290 2007 3723 2065 πολλαπλασίονα

2158 2099 2542 2165 ἀποδώσουσιν,
2571 2100 2690 2153 ἀντὶ
2709 2099 2823 2164 τοῦ,
2845 2098 2958 2153 ἀνθ’
2981 2093 3055 2154 ὧν
3089 2099 3404 2170 ἀπήλαυσαν
3435 2102 3494 2155 ὲν
3520 2103 3587 2172 τῇ
3620 2118 3723 2171 φυ-

2156 2188 2293 2262 λακῇ
2348 2189 2731 2260 μετανοοῦντες
2780 2189 3051 2260 θλίψουσιν
3111 2191 3335 2254 ἑαυτοὺς
3388 2191 3482 2246 καὶ
3534 2190 3723 2246 κακῶν

2157 2296 2309 2336 σουσι
2332 2280 2760 2344 πολλαπλασίως,
2796 2282 2843 2333 εί
2883 2279 3092 2334 θέλουσι
3114 2280 3451 2354 λυτρωθῆναι
3486 2281 3595 2337 ἀπὸ
3617 2282 3719 2354 τῆς

2156 2372 2526 2444 αἰχμαλωσίας
2572 2372 2666 2429 τοῦ
2711 2373 2979 2438 διαϐόλου,
3034 2373 3367 2445 αἰχμάλωτοι
3406 2373 3500 2428 καὶ¹
3542 2372 3719 2429 δοῦλοι

2154 2465 2435 2536 γεγονότες
2468 2464 2614 2536 αὐτῷ
2663 2464 2751 2523 διά
2788 2465 2887 2537 τήν
2915 2465 3141 2542 ἄρνησιν
3168 2465 3263 2523 τοῦ
3302 2463 3554 2536 Χριστοῦ.
3585 2459 3721 2521 Εἶτα

2153 2558 2349 2627 ἐπάγει
2372 2558 2441 2614 τά
2474 2557 2782 2630 προφητικὰ
2831 2559 3071 2629 ῥήματα,
3106 2558 3249 2630 ἆπερ
3275 2558 3340 2615 ὲκ
3370 2554 3466 2611 τοῦ
3499 2552 3718 2611 Ἦσατου

2154 2649 2281 2716 εἰσὶ,
2311 2648 2482 2719 λέγων
2507 2650 2616 2704 δεῖν
2636 2649 2940 2721 μεμνῆσθαι
2973 2647 3188 2713 αὐτούς.

2757 2919 2994 2974 ΚΑΝΩΝ
3020 2918 3072 2971 Γ¹

2227 3028 2245 3062 ι
2286 3010 2410 3073 Τοῖς
2448 3009 2505 3067 δὲ
2548 3009 2668 3082 μηδ’
2700 3010 2835 3074 ὅλως
2866 3009 3030 3081 μηδέν
3052 3026 3102 3065 τι
3136 3007 3374 3065 τοιοῦτον
3402 3007 3718 3078 πεπονθόσι,

2158 3123 2178 3157 ι
2220 3103 2352 3175 μηδὲ
2390 3102 2781 3174 ὲνδειξαμένοις
2819 3101 3025 3172 καρπὸν
3056 3099 3309 3165 πίστεως,
3342 3099 3456 3154 ἀλλ’
3485 3101 3717 3172 αὐτομοο

2157 3215 2176 3249 ι
2212 3196 2409 3267 λήσασι
2452 3195 2585 3266 πρὸς
2625 3195 2723 3266 τὴν
2774 3194 2989 3259 κακίαν,
3044 3190 3446 3267 προδεδομένοις
3481 3191 3584 3245 ὑπὸ
3613 3191 3714 3246 δειη

2154 3307 2174 3342 ι
2209 3287 2328 3352 λίας
2346 3287 2439 3341 καὶ
2454 3287 2637 3357 φόϐου,
2656 3286 2749 3340 νῦν
2764 3287 2820 3339 δὲ
2836 3287 2916 3350 εἰς
2934 3285 3217 3356 μετάνοιαν
3237 3283 3562 3356 ἐρχομένοις,
3580 3284 3713 3337 ἀναο

2154 3400 2173 3434 ι
2213 3380 2401 3451 γκαίόν
2417 3382 2529 3435 ὲστι
2545 3380 2636 3433 καὶ
2649 3378 2883 3450 ἁρμόζον
2915 3378 3014 3449 τήν
3038 3377 3135 3448 τῆς
3149 3376 3390 3448 ἀκάρπου
3418 3376 3586 3447 συκῆς
3600 3391 3709 3428 πα-

2152 3493 2173 3526 (
2213 3473 2442 3546 ραϐολὴν
2483 3471 2841 3544 παραθέσθαι,
2881 3471 2956 3534 ὡς
2983 3472 3012 3523 ὀ
3040 3469 3241 3542 Κύριος
3277 3469 3446 3538 λέγει’
3501 3466 3712 3536 Συκῆν

2153 3583 2171 3616 ι
2205 3562 2332 3634 εἷχέ
2357 3582 2445 3630 τις
2486 3560 2937 3632 πεφυτευμένην
2965 3562 3036 3615 ἐν
3065 3561 3146 3626 τῷ
3177 3561 3477 3632 ἀμπελῶνι
3497 3560 3707 3616 αὐτοῦ·

2154 3674 2174 3708 ι
2215 3655 2309 3709 καί
2347 3651 2492 3725 ἦλθε
2506 3652 2691 3721 ζητῶν
2718 3651 2951 3721 καρπὸν
2976 3652 3046 3706 ἐν
3062 3651 3237 3721 αὐτῇ,
3261 3653 3358 3706 καὶ
3381 3653 3490 3721 οὐχ
3505 3647 3706 3719 εὗρεν.

2153 3763 2171 3797 ι
2207 3746 2354 3799 Eine
2363 3744 2430 3797 δὲ
2445 3744 2592 3813 πρὸς
2609 3743 2713 3798 τὸν
2726 3744 3157 3814 ἀμπελουργόν·
3184 3743 3327 3797 Ἰδοὺ
3344 3744 3473 3812 τρία
3488 3742 3591 3809 ἐτη
3606 3741 3708 3810 ἀφ’

2150 3856 2169 3889 ι
2202 3834 2273 3894 οὗ
2300 3837 2541 3906 ἔρχομαι
2561 3833 2743 3905 (nth
2761 3834 2992 3904 καρπὸν
3010 3835 3079 3889 ὲν
3106 3833 3181 3903 τῇ
3197 3834 3357 3903 συκῇ
3379 3836 3582 3903 ταύτῃ,
3603 3834 3704 3888 καὶ

2149 3950 2169 3982 ι
2209 3932 2320 4000 οὐχ
2352 3930 2641 3997 εὑρίσκω·
2696 3928 2963 3997 ἔκκοψον
2998 3926 3220 3993 αὑτήν·
3271 3928 3425 3980 ἱνατι
3459 3927 3556 3980 καὶ
3590 3925 3709 3995 τήν

2149 4042 2168 4076 ι
2201 4024 2316 4094 γῆν
2357 4022 2666 4091 καταργεῖ;
2701 4022 2753 4074 ’0
2799 4019 2867 4074 δὲ
2913 4019 3254 4087 ἀποκριθεὶς
3309 4017 3470 4088 λέγει
3508 4016 3667 4084 αὐτῷ
3688 4035 3704 4050 °

2149 4135 2167 4169 ι
2206 4117 2402 4185 Κύριε,
2423 4115 2570 4187 ἄφες
2592 4113 2785 4185 αὐτὴν
2822 4112 2923 4166 καὶ
2954 4110 3128 4167 τοῦτο
3155 4109 3217 4163 τὸ
3245 4109 3398 4177 ἔτος,
3419 4109 3528 4176 ἕως
3565 4109 3709 4164 ὅτου

2148 4227 2167 4261 ι
2208 4206 2423 4276 σκάψω
2471 4205 2545 4261 τὰ
2579 4205 2710 4274 περὶ
2740 4202 2952 4271 αὐτὴν,
2983 4200 3081 4255 καὶ
3117 4199 3287 4267 ,ϐάλω
3310 4200 3554 4267 κόπριαο
3588 4199 3710 4254 κᾶν

2146 4317 2164 4350 ι
2199 4298 2315 4368 μὲν
2342 4295 2566 4363 ποιήσῃ
2597 4295 2829 4362 καρπόν
2848 4309 2861 4323 ⁸
2885 4295 2936 4345 εί
2968 4290 3035 4345 δὲ
3057 4289 3141 4361 μή
3164 4308 3254 4361 τε,
3278 4291 3364 4357 είς
3393 4289 3458 4343 τὸ
3471 4289 3709 4360 pellor

2146 4410 2167 4444 ι
2203 4392 2479 4459 ἐκκόψει-ς
2504 4386 2694 4454 αὐτήν
2715 4403 2729 4417 ·
2763 4386 2830 4461 ῆν
2857 4386 2964 4458 πρὸ
2998 4383 3288 4455 ὀφθαλμῶν
3327 4382 3598 4447 λαϐόντες,
3621 4383 3708 4436 ὲν-

2148 4502 2167 4535 ι
2200 4481 2498 4552 δειξάμενοί
2529 4496 2589 4533 τε
2641 4478 2848 4549 καρπὸν
2880 4476 3028 4542 ἄξιον
3065 4476 3161 4547 τῆς
3202 4474 3509 4547 μετανοίας,
3544 4476 3604 4528 ὲν
3627 4473 3709 4548 τῷ

2150 4597 2168 4628 ι
2205 4575 2528 4646 διαστήματι
2579 4571 2673 4627 τοῦ
2713 4570 2967 4625 τοσούτου
3006 4569 3195 4642 χρόνου
3235 4568 3433 4641 μᾶλλον
3486 4568 3704 4642 ὠφελη-

2148 4685 2167 4719 ι
2204 4666 2475 4738 θήσονται.
2508 4684 2528 4717 ι
3160 4681 3165 4685 ·

2210 4758 2403 4812 ΒΑΛΣ.
2426 4758 2563 4822 Τοὺς
2591 4757 2770 4828 μέντοι
2795 4756 2882 4813 διά
2906 4755 3066 4826 φόϐον
3089 4754 3247 4827 μόνον
3268 4754 3360 4809 καὶ⁵
3380 4751 3577 4807 δειλίαν
3603 4750 3704 4808 αὐ-

2139 4850 2560 4923 τομολήσαντας,
2616 4846 2735 4903 εἷτα
2778 4851 2857 4913 είς
2912 4848 3195 4921 μετάνοιαν
3249 4845 3555 4909 ἀπιδόντας,
3611 4842 3703 4898 διά

2138 4945 2378 5022 τριετίας
2416 4943 2643 5014 ἐπιτιμᾷ
2673 4945 2701 4996 ό
2737 4941 2939 5007 κανὼν,
2971 4948 3111 4994 κατὰ
3134 4940 3232 5010 τὴν
3261 4940 3318 4995 ὲν
3353 4933 3700 5006 Εὑαγγελίοις

2141 5035 2449 5110 παραϐολὴν
2468 5036 2565 5107 τῆς
2583 5034 2771 5105 συκῆς.
2790 5035 2847 5086 ’0
2876 5033 2983 5105 γὰρ
3004 5031 3227 5105 Κύριος,
3263 5030 3399 5099 Τρία
3411 5028 3537 5095 ἐτη,
3563 5027 3702 5100 ἔφη..

2132 5145 2247 5192 σεν,
2295 5129 2539 5197 ἔρχομαι
2569 5125 2718 5194 πρὸς
2742 5123 2937 5192 αὐτὴν
2967 5121 3150 5190 ζητῶν
3180 5120 3431 5191 καρπὸν,
3456 5120 3553 5174 καὶ
3585 5121 3698 5187 οὐχ

2128 5213 2384 5289 εὑρίσκω
2402 5239 2416 5250 ·
2459 5220 2489 5272 ό
2523 5218 2579 5271 δὲ
2605 5217 3003 5289 ἀμπελουργὸς,
3052 5217 3245 5284 Ἄφες,
3276 5209 3451 5276 εἶπεν,
3481 5212 3698 5281 αὐτὴν,

2130 5313 2323 5381 Κύριε,
2353 5311 2453 5365 καί
2488 5311 2663 5366 τοῦτο
2688 5311 2754 5363 τὸ
2781 5310 2935 5376 ἔτος.

2197 5405 2438 5458 ΖΩΝΑΡ.
2495 5404 2668 5467 Ὅσοι,
2710 5401 2787 5468 δὲ,
2845 5400 2997 5472 φησι,
3036 5399 3110 5470 μή
3146 5415 3201 5451 τι
3237 5396 3568 5459 ὑποστάντες
3603 5394 3700 5448 ἀλ-

2129 5494 2327 5566 γεινὸν,
2385 5492 2474 5546 διά
2524 5491 2685 5563 φόϐον
2729 5490 2885 5560 μόνον
2930 5490 3025 5543 καὶ
3064 5486 3265 5541 δειλίαν
3294 5485 3694 5558 ηὐτομόλησαν,

2127 5584 2248 5637 ἀντὶ
2292 5581 2407 5646 τοῦ,
2438 5581 2590 5635 αὐτοὶ
2641 5579 2855 5641 ἑκόντες
2895 5576 3195 5649 προσῆλθον
3239 5579 3304 5647 τῇ
3345 5574 3533 5647 κακίᾳ,
3575 5568 3698 5628 εἶτα

2126 5675 2207 5738 είς
2255 5673 2539 5748 μετάνοιαν
2595 5670 2833 5735 ἀπεῖδον,
2883 5670 2993 5731 τοῖς
3030 5667 3287 5733 τοιούτοις
3316 5670 3350 5739 ή
3390 5667 3487 5740 τῆς
3526 5665 3699 5737 συκῆς
