4088 6284
287 354 398 411 473

285 471 514 559 ἁρμόσει
567 467 850 540 παραϐολὴ
905 465 1044 520 κατὰ
1081 463 1144 517 τὸ
1171 460 1528 531 Εὐαγγέλιον·
1559 461 1626 533 ἢν
1668 458 1858 514 λαϐόν-
1888 470 1929 526 Α

285 553 389 627 τες
437 562 543 633 πρὸ
579 557 892 628 ὀφθαλμῶν,
926 557 1091 609 κόπον
1122 553 1267 618 ἄξιον
1309 553 1593 624 μετανοίας
1625 553 1717 604 ἐπὶ
1767 567 1856 603 το-

289 652 475 708 σοῦτον
506 655 695 724 χρόνον
754 651 932 713 δόντες
961 646 1422 718 ὠφεληθήσονται,
1452 646 1617 716 ἧγουν
1652 644 1744 697 ἐπὶ
1768 660 1860 696 τε-

285 746 558 820 τραετίαν.
609 742 669 798 Ὀ
693 742 802 814 γὰρ
835 741 1057 814 Κύριος,
1117 739 1250 807 Τρία
1281 739 1405 806 ἐτη,
1448 737 1665 809 ἔφησεν,
1700 738 1862 806 ἐρχο-

282 857 389 910 μαι
421 837 573 906 πρὸς
596 831 1000 902 αὑτὴν,ζητῶν
1018 830 1249 899 καρπὸν
1265 872 1281 896 ,
1308 829 1408 883 καὶ
1434 831 1546 898 οὐχ
1581 828 1858 896 εὑρίσκω*

284 937 313 987 ὁ
338 933 395 988 δὲ
427 928 829 1002 ἀμπελουργὸς,
869 928 1042 995 Ἄφες
1083 923 1298 993 αὐτὴν,
1330 919 1502 986 εἶπεν,
1535 923 1729 989 Κύριε,
1761 916 1860 972 καί

287 1023 464 1077 τοῦτο
495 1021 560 1074 τὸ
599 1019 754 1085 ἔτος.

892 1105 1130 1160 ΚΑΝΩΝ
1161 1106 1232 1160 Δ’.

360 1221 381 1255 ι
423 1203 549 1265 Τοῖς
564 1200 674 1272 γὰρ
694 1199 1034 1252 παντάπασιν
1054 1193 1492 1265 ἀπεγνωσμένοις
1511 1191 1603 1246 καὶ
1617 1192 1638 1222 ⁸
1657 1190 1862 1260 ἀμετα-

290 1315 310 1347 ι
351 1296 586 1366 νοήτοις,
609 1293 783 1363 δέρμα
815 1308 874 1343 τε
907 1287 1157 1350 Αἰθίοπος
1181 1285 1552 1357 ἀμετάϐλητον
1585 1281 1860 1353 κεκτημέ-

291 1407 310 1438 ι
349 1404 484 1454 νοις,
505 1386 598 1440 καὶ
624 1383 954 1454 ποικίλματα
979 1380 1313 1452 παρδάλεως,
1343 1376 1658 1448 λεχθήσεται
1683 1374 1744 1428 τὸ
1761 1375 1859 1445 τῆς

293 1497 312 1530 ι
345 1478 539 1549 ἐτέρας
605 1475 803 1545 συκῆςσ
855 1470 1077 1538 Μηκέτι
1120 1470 1188 1522 ἐκ
1222 1466 1338 1522 σοῦ
1373 1466 1598 1534 καρπὸς
1621 1465 1860 1534 γένηται

292 1590 312 1622 ι
349 1573 442 1636 είς
488 1567 594 1622 τὸν
646 1565 861 1620 αὶῶνα·
898 1562 979 1616 διὸ
1020 1563 1114 1617 καὶ⁵
1139 1559 1478 1630 παραχρῆμα
1521 1557 1856 1629 ξηραίνεται.

291 1683 312 1713 ι
364 1659 801 1732 Ἀποπληροῦται
857 1657 985 1727 γοῦν
1025 1656 1111 1710 ἐπ’
1137 1655 1318 1714 αὐτοῖς
1363 1652 1455 1705 καὶ
1501 1651 1562 1703 τὸ
1611 1649 1714 1703 ὑπὸ
1766 1644 1858 1703 τοῦ

294 1771 312 1802 ι
360 1747 785 1821 Ἐκκλησιαποῦ
816 1746 1132 1820 εἰρημένον·
1164 1740 1637 1812 Διεστραμμένον
1665 1742 1736 1795 οὐ
1764 1739 1862 1794 δύ-

294 1863 312 1896 ι
351 1858 524 1897 ratae
549 1815 573 1874 λ
598 1815 1091 1909 ἐπικοσμηθῆναι,
1115 1837 1214 1894 καὶ
1253 1835 1559 1904 ὑστέρημα
1591 1837 1662 1889 οὺ
1686 1832 1864 1899 ὁυνή-
1891 1815 1934 1870 Β

293 1952 315 1985 ε
361 1938 530 1988 σεται
569 1930 982 2000 ἀριθμηθῆναι.
1019 1930 1081 1982 Εἰ
1130 1927 1203 2000 μὴ
1245 1927 1354 1998 γὰρ
1392 1926 1654 1998 πρότερον
1695 1922 1756 1975 τὸ
1787 1922 1865 1975 δι-

293 2042 315 2076 ‹
355 2022 727 2094 εστραμμένον
755 2019 1040 2092 διορθωθῇ,
1069 2017 1321 2072 ἀδύνατόν
1359 2017 1474 2069 ἐστι
1515 2015 1647 2069 αὐτὸ
1676 2018 1862 2070 ἐπικο-

294 2133 314 2168 ι
353 2115 661 2186 σμηθῆναι·
706 2114 800 2166 καὶ
827 2115 875 2165 εί
913 2113 986 2182 μὴ
1035 2110 1300 2181 πρότερον
1331 2109 1392 2161 τὺ
1423 2107 1704 2178 ὑστέρημα
1735 2109 1866 2161 άνα-

296 2225 315 2258 ι
357 2206 638 2278 πληρωθῇ,
663 2204 923 2260 ἀδύνατόν
949 2205 1094 2256 ἐστιν
1128 2201 1256 2255 αὐτὸ
1289 2199 1676 2274 ἀριθμηθῆναι.
1704 2197 1862 2253 Ὅθεν

297 2317 316 2350 ι
353 2299 447 2352 καὶ
475 2300 565 2351 ἐπὶ
609 2297 795 2360 τέλους
842 2294 1180 2366 συμϐήσεται
1229 2293 1410 2354 αὐτοῖς
1438 2290 1498 2344 τὺ
1529 2290 1816 2361 λεγόμενον
1843 2291 1862 2321 ⁷

298 2411 318 2442 ι
357 2391 461 2444 ὑπὸ
489 2386 582 2444 τοῦ
636 2389 911 2461 προφήτου
970 2386 1220 2440 Ἡσαΐου·
1269 2384 1379 2439 Καὶ
1416 2383 1664 2451 ὄψονται
1685 2379 1795 2445 γὰρ
1819 2383 1861 2446 ⁸,

298 2501 318 2532 ι
360 2483 511 2552 φησὶ,
535 2482 605 2535 τὰ
637 2480 800 2535 κῶλα
841 2479 958 2533 τῶν
989 2478 1314 2548 ἀνθρώπων
1334 2475 1452 2530 τῶν
1471 2476 1868 2545 παραϐεϐηκό-

297 2593 316 2625 ι
354 2592 470 2628 των
489 2575 560 2628 ἐν
581 2574 711 2642 ἐμοι
735 2592 746 2604 ·
789 2576 822 2628 ό
851 2571 961 2642 γὰρ
983 2571 1229 2636 σκώληξ
1252 2567 1448 2624 αὐτῶν
1474 2572 1545 2624 οὺ
1589 2569 1867 2636 τελευτή-

297 2686 318 2716 (
361 2684 477 2730 σει,
518 2665 616 2718 καὶ
656 2665 721 2719 τὸ
767 2664 886 2732 πῦρ
938 2661 1138 2717 αὐτῶν
1180 2662 1252 2716 οὐ
1295 2662 1716 2728 σϐεσθήσεται,
1768 2662 1868 2716 καὶ

293 2774 319 2808 c
362 2755 606 2811 ἔσονται
643 2757 729 2820 εὶς
769 2735 980 2822 ὅρασιν
1021 2750 1186 2820 πάσῃ
1235 2751 1418 2818 σαρκί
1435 2767 1449 2783 ο
1503 2752 1622 2804 ἐπεὶ
1662 2753 1754 2805 καὶ
1793 2750 1870 2817 ὼς

297 2867 321 2901 c
354 2846 706 2918 προλέλεκται
737 2847 826 2900 ὑπ’
853 2844 1039 2901 αὐτοῦ’
1060 2847 1124 2898 Ol
1148 2843 1216 2898 δὲ
1245 2843 1454 2906 ἄδικοι,
1484 2843 1564 2908 ὡς
1590 2843 1871 2896 θάλασσα

1513 338 1846 397 EPISTOLA
1884 334 2250 395 CANONICA.

3413 315 3521 374 474

1961 455 2014 510 in
2041 469 2138 510 eos
2166 451 2422 524 parabola
2462 446 2772 517 evangelica
2813 443 2949 499 licus
2991 439 3278 511 quadrabit
3308 455 3322 494 :
3357 452 3520 508 quam

1959 559 2069 615 prae
2099 543 2274 598 oculis
2307 541 2590 604 habentes,
2625 537 2846 607 dignum
2901 531 3233 604 poenitentiae
3282 529 3520 615 laborem

1956 614 2150 698 aequali
2182 635 2424 696 tempore
2459 623 2800 684 exhibentes,
2826 620 3182 690 juvabuntur,
3215 616 3319 670 hoc
3347 622 3430 671 est
3452 614 3520 668 ad

1958 731 2207 792 quartum
2239 733 2414 788 usque
2441 731 2665 770 annum.
2695 714 2957 769 Dominus
2985 726 3240 780 namque,
3269 709 3394 763 Tres
3424 725 3522 762 an-

1959 830 2076 877 nos,
2117 811 2316 882 inquit,
2361 809 2506 864 uenio
2537 807 2604 861 ad
2636 809 2827 876 ipsam,
2870 821 3105 876 quarens
3137 803 3399 872 fructum,
3428 817 3524 855 nec

1957 904 2181 960 invenio.
2209 902 2462 973 Agricola
2489 915 2638 964 vero,
2672 899 2913 962 Dimitte,
2945 897 3040 962 ait,
3086 896 3259 959 illam,
3289 891 3522 959 domine,

1957 1007 2007 1053 et
2034 1000 2142 1079 hoc.
2161 1011 2318 1049 anno.

2557 1077 2789 1139 CANON
2824 1081 2918 1138 ιν.

2035 1219 2055 1253 ι
2104 1200 2176 1256 lis
2205 1197 2354 1255 enim
2380 1197 2474 1269 qui
2514 1207 2642 1251 sunt
2686 1197 2910 1251 omnino
2936 1193 3230 1265 desperati,
3261 1199 3316 1248 et
3344 1190 3524 1263 paeni-

1965 1311 1983 1345 ι
2031 1291 2255 1347 tentiam
2288 1305 2397 1344 non
2423 1295 2609 1359 agunt,
2639 1296 2692 1341 et
2722 1287 2918 1357 pellem
2962 1285 3235 1355 IEthiopis
3270 1285 3526 1338 immuta-

1966 1403 1985 1437 ι
2030 1385 2191 1439 bilem
2230 1383 2509 1454 possident
2534 1391 2588 1436 et
2613 1381 2764 1451 pardi
2789 1380 3106 1444 varietates,
3127 1378 3363 1442 dicetur,
3379 1377 3526 1448 quod

1965 1495 1983 1528 ι
2030 1476 2121 1530 alii
2151 1477 2280 1530 ﬁcui
2311 1462 2515 1529 dictum
2546 1482 2676 1529 est:
2727 1472 3074 1545 Nequaquam
3122 1488 3186 1526 ea:
3233 1481 3281 1525 te
3322 1471 3528 1541 fructus

1967 1585 2000 1618 ι·
2031 1569 2127 1637 ﬁat
2161 1570 2216 1621 in
2247 1575 2499 1622 teternum
2526 1577 2577 1628 ι,
2607 1572 2663 1620 et
2689 1564 2810 1620 ideo
2857 1562 3042 1618 statim
3074 1576 3290 1631 quoque
3337 1574 3532 1616 exare-

1966 1676 1986 1710 ι
2035 1659 2158 1714 scit.
2207 1657 2265 1712 ln
2316 1658 2384 1712 iis
2437 1658 2585 1712 enim
2640 1658 2894 1728 impletur
2920 1655 3064 1726 quod
3097 1655 3166 1709 ab
3198 1653 3532 1710 Ecclesiaste

1969 1769 1988 1802 ι
2033 1751 2236 1804 dictum
2272 1757 2358 1805 est
2390 1768 2404 1804 :
2436 1748 2586 1814 Quod
2613 1764 2908 1818 perversum
2934 1758 3033 1811 est,
3082 1763 3184 1799 non
3213 1747 3402 1812 poterit
3438 1760 3533 1800 ea:-

1971 1859 1990 1892 ι
2037 1842 2242 1907 ornari,
2289 1851 2337 1894 et
2391 1841 2622 1909 defectus
2649 1840 2918 1894 numerari
2970 1854 3075 1892 non
3107 1838 3296 1907 poterit
3330 1838 3379 1891 ιι,
3412 1835 3532 1892 Nisi

1973 1950 1992 1982 ι
2032 1931 2182 1985 enim
2211 1930 2353 2000 quod
2384 1945 2700 2000 perversum
2753 1937 2837 1984 est
2887 1929 3038 1998 prius
3089 1935 3295 1982 rectum
3347 1927 3531 1992 fuerit,

1975 2040 1994 2073 ι
2041 2020 2156 2074 ﬁeri
2187 2035 2294 2074 non
2320 2027 2499 2090 potest
2531 2025 2589 2072 ut
2622 2019 2675 2072 id
2694 2026 3023 2083 exornetur;
3058 2025 3112 2072 ct
3135 2018 3238 2073 nisi
3266 2018 3415 2087 prior
3438 2016 3536 2073 de-

1975 2129 1995 2162 ι
2042 2110 2219 2166 fectus
2247 2111 2496 2180 expletus
2530 2107 2708 2174 fuerit,
2765 2109 2880 2163 ﬁeri
2919 2124 3026 2162 non
3066 2116 3243 2178 potest
3266 2110 3402 2184 ut‘is
3431 2125 3536 2164 nu-

1973 2219 1994 2254 ι
2038 2209 2298 2256 meretur.
2327 2199 2481 2255 Unde
2510 2210 2564 2255 et
2603 2201 2658 2256 in
2696 2190 2909 2255 tine'eis
2933 2201 3144 2254 eveniet
3169 2200 3315 2270 quod
3344 2215 3375 2254 a
3403 2216 3534 2271 pro-

1973 2313 1993 2345 ι
2034 2293 2195 2364 pheta
2226 2295 2362 2348 Isaia
2391 2294 2591 2348 dicitur
2626 2315 2636 2347 :
2673 2291 2739 2345 Et
2779 2290 3114 2358 videbuntur,
3146 2291 3343 2360 inquit,
3375 2308 3537 2344 mem-

1975 2402 1994 2436 ι
2040 2382 2136 2437 bra
2177 2399 2357 2437 eorum
2401 2383 2491 2453 qui
2530 2385 2850 2452 transgressi
2901 2388 3023 2435 sunt
3072 2380 3126 2432 in
3177 2394 3277 2433 me.
3334 2377 3536 2432 Vermis

1977 2492 1996 2526 ι
2044 2475 2180 2528 enim
2227 2475 2464 2543 ipsorum
2512 2490 2613 2526 non
2661 2473 2937 2536 morietur,
2971 2479 3021 2524 et
3048 2469 3184 2540 ignis
3216 2485 3397 2524 eorum
3433 2485 3536 2523 non

1978 2587 1998 2620 ι
2042 2568 2400 2638 exstinguetur
2425 2583 2443 2621 .'
2469 2577 2517 2621 et
2542 2566 2763 2620 eruntin
2788 2573 3052 2634 aspectum
3081 2562 3252 2617 omnis
3283 2563 3458 2616 carnis
3485 2572 3535 2618 ε.

1976 2678 1996 2711 ι
2042 2658 2511 2728 Quandoquidem,
2568 2662 2628 2710 ut
2677 2663 2731 2710 et
2766 2655 2835 2710 ab
2877 2654 2995 2724 ipso
3031 2651 3345 2722 praedictum
3393 2657 3478 2704 est
3520 2669 3536 2705 :

1979 2769 1998 2804 ι
2048 2750 2248 2821 Injusti
2275 2760 2447 2805 autem
2469 2751 2546 2804 sic
2575 2746 2930 2818 ﬂuctuabuut,
2990 2755 3038 2799 et
3087 2745 3403 2815 requiescere
3437 2757 3539 2796 non

1981 2862 2000 2896 ι
2046 2852 2310 2912 poterunt.
2341 2840 2464 2896 Non
2493 2849 2569 2898 est
2600 2840 2824 2913 gaudere
2853 2839 3053 2909 impiis,
3084 2838 3214 2891 dicit
3248 2836 3386 2892 Deus
3413 2834 3464 2890 τι.
3514 2852 3535 2888 ι

301 2960 326 2994 ι
365 2941 848 3011 ἀνασεερασμένη
885 2941 953 3004 ⁸⁸,
984 2940 1135 2994 οὕτω
1161 2936 1772 3004 κλυδωνισθήσονται,
1800 2939 1898 2994 καὶ
1932 2940 2395 2994 ἀναπαύσασθαι
2415 2939 2487 2992 οὐ
2516 2936 2602 3008 μὴ
2634 2935 3001 3004 δυνήσονται
3025 2936 3046 2968 ’
3069 2934 3134 3006 (Ῑ.
3163 2930 3538 3005 δυνήσωνται).

300 3056 325 3091 ι
355 3039 475 3091 Οὐκ
501 3036 634 3090 ἐστι
663 3037 889 3105 χαίρειν
910 3035 1032 3101 τοῖς
1056 3037 1360 3099 ἀσεϐέσιν,
1391 3030 1562 3088 εἶπεν
1585 3037 1619 3089 ὀ
1645 3036 1807 3102 Θεός.
1843 3057 1862 3088 ι

369 3131 564 3184 ΒΑΛΣ.
603 3131 668 3182 "A
695 3131 792 3200 μὲν
822 3130 1144 3202 προείρηται
1175 3130 1304 3201 περὶ
1348 3129 1456 3183 τῶν
1483 3131 1869 3196 πεπτωκότων,

2047 3135 2203 3192 Βιιε.
2246 3135 2378 3202 Quae
2408 3136 2560 3206 prius
2593 3133 2812 3204 quidem
2841 3129 2986 3185 dicta
3020 3137 3148 3184 sunt
3172 3127 3238 3182 de
3265 3125 3452 3196 lapsis,
3474 3124 3543 3180 de

295 3215 515 3288 εἴρηται
544 3216 640 3270 καὶ
674 3218 800 3288 περὶ
831 3216 1314 3288 μεταμελομένων⁸
1351 3220 1493 3274 κατὰ
1520 3220 1576 3273 δὲ
1603 3220 1710 3275 τῶν
1743 3221 1873 3292 ἀμε-

296 3309 572 3379 τανοήτων
611 3308 712 3376 τὴν
766 3309 1011 3380 κατάραν
1055 3310 1156 3380 τῆς
1199 3313 1392 3382 ἑτέρας
1428 3313 1598 3384 συκῆς
1655 3313 1870 3382 ἐπάγει,

301 3400 438 3472 πρὸς
458 3400 525 3470 ἢν
558 3401 587 3453 ὁ
638 3399 842 3471 Κύριος
872 3399 976 3471 ἔφη
1005 3401 1094 3457 διὰ
1139 3401 1199 3455 τὸ
1234 3403 1481 3475 ἄκαρπον
1505 3421 1518 3434 ·
1557 3403 1776 3472 Μηκέτι
1804 3406 1872 3458 ἐκ

297 3494 415 3548 σοῦ
443 3493 673 3563 καρπὸς
697 3494 959 3564 γένηται.

370 3668 613 3724 ΖΩΝΑΡ.
637 3670 702 3722 Ἀ
721 3670 819 3740 μὲν
835 3671 1152 3744 προείρηται
1172 3674 1298 3743 περὶ
1319 3671 1426 3727 τῶν
1442 3677 1875 3746 παραπεπτωκό·

301 3776 429 3824 των,
451 3759 664 3832 εἴρηται
689 3763 782 3816 καὶ
804 3763 932 3834 [add
946 3804 958 3817 .
980 3763 1127 3834 περὶ]
1148 3764 1618 3835 μεταμελομένων.
1641 3769 1797 3823 Κατὰ
1818 3769 1875 3824 δὲ

301 3850 412 3904 τῶν
431 3853 814 3924 ἀμετανοήτων
845 3853 903 3918 ἐξ
924 3852 1280 3923 ἀπογνώσεως
1304 3854 1336 3924 ἢ
1369 3858 1610 3928 πονηρᾶς
1631 3858 1873 3930 γνώμης,

304 3945 396 3998 καὶ
412 3945 472 4003 τὸ
502 3945 561 4010 ἐξ
592 3945 867 4017 ἁμαρτίας
892 3945 1187 4016 μελάνωμα
1205 3945 1578 4018 ἀμετάϐλητον
1606 3950 1699 4002 καὶ
1726 3951 1880 4006 ἀνέκ-

307 4038 500 4092 πλυτον
529 4038 782 4109 ἑχόντων,
822 4039 898 4101 ὠς
939 4038 988 4091 οἱ
1021 4037 1274 4101 Αἰθίοπες
1305 4039 1366 4092 τὸ
1397 4040 1622 4110 ζοφερὸν
1661 4041 1753 4096 τοῦ
1791 4043 1876 4098 δέ-

308 4144 532 4200 ρματος,
559 4129 654 4182 καὶ
682 4130 716 4200 ἡ
750 4127 1012 4199 πάρδαλις
1040 4131 1109 4181 τὰ
1134 4129 1482 4200 ποικίλματα,
1511 4131 1610 4204 τὴν
1630 4133 1874 4206 κατάραν

301 4221 404 4292 τῆς
459 4220 651 4292 ἐτέρας
699 4221 869 4291 συκῆς
918 4221 1142 4290 ὲπάγει’
1180 4221 1316 4294 πρὸς
1366 4223 1431 4293 ἢν
1471 4224 1501 4276 ὁ
1543 4225 1746 4297 Κύριος
1774 4226 1876 4298 ἔφη

305 4315 394 4369 διὰ
425 4315 485 4368 τὸ
511 4315 758 4387 ἄκαρπον
777 4333 790 4346 ο
824 4314 1049 4384 Μηκέτι
1079 4316 1148 4368 ἐκ
1181 4315 1297 4369 σοῦ
1329 4317 1558 4385 καρπὸς
1597 4319 1835 4388 γένηται
1861 4339 1873 4350 ·

306 4404 399 4458 καὶ
427 4403 762 4476 πληροῦσθαί
801 4419 966 4475 φησιν
997 4402 1084 4456 ἐπ’
1111 4403 1294 4466 αὐτοῖς
1317 4404 1386 4457 τὰ
1428 4403 1522 4457 τοῦ
1557 4406 1876 4478 Ἐκκλησια-

1973 3226 2426 3298 resipiscentibus
2453 3225 2616 3281 etiam
2647 3224 2792 3278 dicta
2833 3230 2980 3276 sunt.
3009 3219 3284 3275 Adversus
3310 3234 3404 3273 eos
3436 3232 3540 3270 au-

1972 3327 2078 3371 tem
2111 3317 2204 3387 qui
2235 3317 2385 3372 nulla
2421 3315 2739 3385 paenitentia
2792 3313 3090 3374 ducuntur,
3144 3309 3369 3364 alterius
3405 3308 3540 3364 ﬁcus

1973 3409 2405 3464 exsecrationem
2460 3405 2690 3468 inducit,
2753 3403 2819 3457 ad
2867 3417 3031 3472 quam
3097 3399 3358 3453 Dominus
3409 3398 3543 3454 dicit

1973 3508 2195 3569 propter
2226 3496 2618 3552 infertilitatem
2650 3513 2663 3549 :
2727 3493 2962 3546 Fructus
2994 3490 3224 3560 amplius
3263 3505 3326 3542 ex
3355 3498 3400 3542 te
3439 3505 3544 3543 non

1974 3591 2090 3660 ﬁat.

2044 3681 2250 3735 Zomn.
2285 3679 2418 3746 Quae
2461 3679 2612 3749 prius
2641 3677 2857 3748 quidem
2905 3675 2974 3730 de
3023 3673 3190 3743 lapsis
3216 3672 3359 3726 dicta
3392 3677 3542 3733 sunt,

1975 3774 2123 3829 dicta
2155 3779 2284 3828 sunt
2321 3771 2487 3826 etiam
2538 3769 2606 3824 de
2646 3765 3118 3837 resipiscentibus.
3167 3761 3367 3816 Contra
3420 3760 3544 3814 illos

1974 3883 2104 3924 vero
2151 3867 2244 3936 qui
2287 3881 2353 3921 ex
2401 3861 2780 3934 desperatione
2829 3859 2914 3914 vel
2955 3858 3246 3927 depravata
3289 3853 3546 3923 opinione

1978 3955 2354 4029 paenitentiam
2399 3968 2506 4007 non
2540 3958 2728 4022 agunt,
2763 3963 2826 4003 ac
2873 3953 3139 4017 perpetuo
3190 3943 3543 3999 inhaerentem

1977 4065 2043 4104 ac
2071 4047 2411 4103 indelebilem
2441 4044 2649 4115 peccati
2677 4041 2953 4110 nigrorem
2981 4044 3220 4108 gestant,
3239 4043 3299 4090 ut
3331 4034 3546 4090 Ethio-

1978 4157 2073 4213 pcs
2099 4141 2308 4195 fuscam
2338 4138 2556 4209 pellem,
2597 4133 2908 4206 pardusque
2937 4130 3264 4192 varietates;
3315 4126 3546 4184 alterius

1979 4229 2576 4288 ticusexsecrationem
2606 4226 2837 4282 inducit.
2887 4221 2970 4277 Ad
2992 4235 3155 4293 quam
3184 4218 3448 4274 Dominus
3475 4219 3547 4274 ob

1979 4324 2343 4384 sterilitatem,
2389 4320 2469 4374 Ne
2498 4320 2724 4389 fructus,
2756 4317 2954 4386 inquit,
3003 4314 3232 4383 amplius
3275 4327 3338 4366 ea:
3369 4319 3416 4364 te
3452 4327 3548 4364 na-

1980 4425 2181 4473 scatur.
2217 4413 2662 4485 ltnplendumque
2694 4412 2771 4466 ait
2814 4411 2868 4463 in
2913 4409 3050 4480 ipsis
3087 4403 3222 4460 illud
3271 4402 3546 4458 Ecclesia-

307 4513 433 4550 στου
466 4497 528 4559 ⁹·,
557 4495 804 4563 λέγοντος
823 4512 838 4526 ·
887 4493 1361 4563 Διεστραμμένον
1426 4498 1498 4550 οὐ
1550 4495 1871 4564 δυνήσεται

1981 4516 2111 4573 stes,
2161 4505 2394 4562 dicentis
2427 4523 2441 4560 :
2479 4504 2630 4570 Quod
2654 4517 2947 4572 perversum
2966 4509 3042 4554 est
3059 4515 3160 4552 non
3188 4495 3376 4567 poterit
3391 4509 3547 4549 exor-

305 4585 802 4654 ἐπικοσμηθῆναι,
838 4583 935 4638 καί
975 4583 1280 4652 ὑστέρημα
1298 4584 1369 4638 οὐ
1402 4581 1727 4651 δυνήσεται
1747 4586 1873 4655 ἀρι-

307 4676 600 4747 θμηθῆναι
625 4694 639 4707 ο
671 4673 787 4730 εἶτα
835 4674 1134 4744 σαφηνίσας
1161 4675 1230 4728 τὰ
1263 4673 1403 4746 ῥητὰ
1437 4675 1628 4742 ταῦτα,
1660 4679 1878 4750 προστί-

310 4763 434 4837 θησι
459 4766 553 4819 καὶ
581 4764 649 4818 τὰ
675 4760 768 4819 τοῦ
811 4765 1054 4818 Ἡσαΐου.

912 4854 1151 4908 ΚΑΝΩΝ
1181 4856 1257 4910 E’.

382 4966 402 5000 ι
438 4949 564 5013 Τοῖς
594 4949 652 5002 δὲ
682 4947 1234 5018 καθυποκριναμένοις
1266 4946 1407 5002 κατὰ
1434 4947 1525 5001 τὸν
1554 4945 1876 5018 ἑπιληπτευ-

315 5059 334 5091 ι
370 5040 600 5111 σάμενον
621 5040 805 5104 Δαϐὶδ,
835 5039 920 5092 ἵνα
967 5038 1040 5110 μὴ
1067 5038 1358 5112 ⁸ὰποθάνη,
1386 5039 1487 5092 οὐκ
1513 5039 1644 5092 ὅντα
1688 5039 1877 5112 ἐπίλη-

317 5150 336 5183 ι
373 5149 531 5186 πτον·
569 5131 662 5184 καὶ
716 5131 790 5202 μὴ
846 5130 1066 5200 γυμνῶς
1111 5129 1589 5202 ἀπογραψαμένοις
1626 5129 1697 5183 τὰ
1741 5129 1878 5200 πρὸς

317 5241 337 5272 ι
373 5222 618 5293 ᾶρνησιν,
667 5221 802 5275 ἀλλὰ
832 5219 1144 5286 διαπαίξασι
1187 5220 1325 5274 κατὰ
1375 5219 1574 5290 πολλὴν
1620 5236 1881 5290 στενοχω-

316 5330 338 5364 ι
380 5313 521 5383 ρίαν,
549 5312 624 5376 ὡς
651 5311 716 5366 ἂν
741 5311 926 5366 παιδία
954 5310 1272 5380 βουλευτικὰ
1304 5311 1548 5384 ἔμφρονα
1571 5313 1628 5366 ὲν
1652 5312 1880 5376 παιδίοις

316 5418 337 5453 ι
374 5400 592 5472 ἄφροσι,
622 5401 719 5464 τὰς
763 5402 870 5454 τῶν
918 5399 1126 5470 ἐχθρῶν
1157 5398 1465 5466 ἐπιϐουλὰς,
1511 5402 1629 5471 ἦτοι
1653 5401 1728 5465 ὡς
1747 5401 1884 5455 διελ-

1981 4599 2128 4662 nari,
2154 4608 2202 4653 et
2227 4597 2459 4667 defectus
2490 4593 2760 4650 numerari
2795 4609 2896 4646 non
2915 4591 3107 4660 poterit
3139 4604 3156 4642 :
3192 4587 3391 4659 quibus
3423 4601 3548 4641 mox

1979 4689 2288 4762 explicatis,
2311 4686 2468 4745 Isaia;
2496 4702 2714 4756 quoque
2747 4685 2909 4740 verba
2934 4681 3229 4753 subiungit.

2598 4843 2824 4900 CANON
2864 4841 2929 4899 ν.

2058 4958 2078 4990 ι
2124 4938 2195 4995 lis
2219 4946 2398 4994 autem
2433 4937 2525 5008 qui
2555 4936 2882 4991 simularunt
2911 4943 3054 4990 Sicut
3083 4942 3138 4990 et
3169 4933 3340 4990 David
3373 4946 3423 5000 ε,
3455 4935 3548 5005 qui

1992 5049 2010 5083 ι
2056 5047 2116 5086 se
2148 5031 2494 5101 epilepticum
2534 5027 2791 5098 tingebat,
2823 5041 2892 5081 ne
2923 5033 3249 5091 moreretur,
3301 5025 3551 5097 quamvis

1990 5141 2009 5173 ι
2053 5137 2112 5177 re
2137 5137 2264 5177 vera
2285 5120 2608 5190 epilepticus
2631 5133 2739 5173 non
2761 5125 2941 5186 esset;
2970 5126 3027 5174 et
3065 5133 3173 5173 non
3202 5117 3347 5174 nude
3384 5132 3549 5188 nega-

1991 5235 2009 5267 ι
2057 5215 2257 5271 tionem
2283 5215 2700 5283 inscripserunt,
2727 5213 2821 5268 sed
2841 5211 2896 5266 in
2918 5211 3103 5267 multis
3122 5210 3410 5282 angustiis,
3438 5221 3551 5264 tan-

1992 5324 2010 5358 ι
2056 5320 2217 5376 quam
2250 5305 2402 5374 pueri
2438 5303 2669 5359 consilio
2713 5309 2767 5357 et
2811 5300 3100 5372 prudentia
3146 5299 3358 5370 praediti
3408 5299 3550 5352 inter

1992 5417 2012 5450 ι
2059 5382 2260 5469 pueros
2289 5397 2626 5468 insipientes,
2659 5395 3002 5450 inimicorum
3029 5392 3258 5449 insidias
3287 5389 3550 5447 ludiﬁcati

381 5533 407 5561 ι
437 5519 623 5574 Matth.
655 5536 768 5587 xxi,
802 5520 883 5573 19.
957 5521 984 5560 b
1015 5518 1239 5585 Eccle.l,
1262 5520 1350 5576 15.
1427 5533 1449 5561 ο
1480 5521 1592 5577 Isa.
1621 5538 1769 5588 ιιγι,
1798 5523 1887 5578 24.
1963 5521 1992 5562 ἀ
2027 5520 2139 5576 Isa.
2172 5534 2307 5585 LVII,
2335 5519 2425 5585 20,
2453 5516 2545 5572 2|.
2625 5527 2648 5556 ο
2682 5514 2709 5570 1
2738 5513 2861 5586 Reg.
2909 5527 3020 5578 xxI,
3075 5511 3160 5566 15.

484 5691 490 5700 .
1565 5638 1794 5694 VARIE
1854 5636 2250 5694 LECTIONES.

387 5730 666 5804 '__itai_om.
742 5728 762 5756 ⁸
794 5726 1165 5804 δυνηθήσεται.
1252 5726 1271 5755 ⁷
1305 5725 1644 5798 λελεγμένον.
1709 5731 1729 5763 ⁸
1763 5730 1912 5787 deest
1943 5732 2068 5803 γάρ.
2138 5731 2180 5762 θ’
2210 5729 2285 5793 ὡς
2316 5728 2555 5783 θάλασσα
2596 5716 3038 5790 ἅναῦεϐρασμένη
3073 5731 3180 5771 om.
3256 5716 3276 5747 ’
3301 5711 3392 5768 καί
3419 5711 3542 5772 add.

317 5797 362 5829 "
402 5797 899 5870 Ἐκκλησιαστικοῦ.
