4088 6284
457 327 564 384 475

1521 319 1578 376 S.
1621 319 1826 375 PETRI
1867 313 2339 374 ALEXANDRINI
2378 313 2683 370 EPISCOPI

3596 313 3627 365 ι
3637 312 3704 363 7ίί

462 465 486 495 ι
529 449 682 504 sunt,
717 439 800 493 vel
833 445 890 493 ut
922 437 1013 508 qui
1049 437 1245 490 altaria
1272 434 1632 506 pervaserint,
1656 435 1738 488 vel
1772 441 2030 502 tanquam

2150 449 2158 482 ι
2195 430 2377 494 θόντες
2409 430 2451 462 ¹⁰
2487 429 2720 500 βωμοὺς,
2754 429 2869 499 ήτοι
2903 432 2979 491 ὡς
3013 427 3562 498 χειρογραφήσαντες,
3585 428 3705 499 ἦτοι

465 551 486 585 ι
533 533 626 602 qui
660 529 1082 601 chirographum
1113 528 1385 593 dederint,
1429 528 1514 581 vel
1565 536 1626 580 ut
1680 525 1772 596 qui
1829 540 1926 595 pro
1973 540 2031 578 se

468 645 485 676 ι
532 625 784 681 ethnicos
839 620 1202 687 immiserint;
1237 620 1401 674 etiam
1449 618 1498 672 si
1547 616 1794 670 nonnulli
1839 630 2030 671 eorum

468 738 487 772 ι
531 719 624 789 qui
665 714 902 771 confessi
955 722 1105 778 sunt,
1157 721 1214 768 ut
1272 712 1475 774 audivi,
1527 710 1800 781 aliquibus
1841 723 2030 765 eorum

469 830 488 862 ‹
536 812 882 881 ignoverunt.
929 807 1188 877 quoniam
1221 804 1457 858 maxima
1486 805 1740 858 cautione
1766 802 2030 867 vitarunt,

471 925 488 956 ι
533 919 598 957 ne
629 901 732 972 ipsi
768 901 884 956 suis
918 900 1169 954 manibus
1191 899 1368 968 ignem
1392 895 1654 960 facerent,
1679 901 1734 949 et
1757 894 2033 949 dzemonas

471 1015 487 1043 ι
536 993 779 1062 impuros
814 989 1059 1044 sulIirent
1092 1007 1104 1042 :
1140 988 1266 1041 licet
1319 1001 1450 1041 vero
1509 1000 1577 1041 ex
1625 984 1838 1055 agentis
1881 983 2036 1052 igno-

471 1105 489 1136 ι
535 1084 709 1138 rantia
763 1099 858 1137 eos
907 1081 1086 1148 latuit,
1143 1068 1426 1136 semestris
1470 1086 1652 1132 tamen
1701 1075 2035 1146 poenitentiae

473 1198 489 1230 ι
534 1192 692 1249 poena
723 1177 831 1231 illis
855 1176 1185 1246 imponetur.
1219 1172 1310 1227 Sic
1351 1173 1496 1228 enim
1528 1171 1631 1242 ipsi
1659 1184 1876 1240 quoque
1919 1181 2036 1220 ma-

473 1291 490 1323 ι
538 1273 618 1342 gis
645 1270 1013 1341 juvabuntur,
1057 1269 1334 1338 prophetae
1363 1267 1564 1321 dictum
1596 1264 1948 1326 meditantes,
1981 1269 2036 1316 et

473 1381 490 1412 ι
537 1362 780 1416 dicentes
813 1379 826 1415 :
865 1359 1080 1413 Puellus
1100 1358 1305 1428 genitus
1335 1365 1411 1410 est
1436 1355 1606 1416 nobis,
1629 1355 1775 1423 ﬁlius
1805 1362 1853 1406 et
1879 1351 2035 1405 datus

474 1476 490 1506 ι
538 1463 617 1509 est
642 1453 814 1517 nobis,
847 1451 998 1514 cuius
1037 1450 1366 1519 principatus
1398 1447 1553 1502 estin
1588 1445 1803 1499 humero
1847 1460 1962 1507 suo,
1987 1452 2036 1496 et

473 1569 492 1599 ι
540 1557 756 1602 vocatur
778 1560 964 1599 nomen
985 1543 1121 1612 ejus,
1143 1540 1322 1610 magni
1353 1538 1562 1593 consilii
1584 1537 1811 1608 Angelus
1836 1548 1883 1587 ιι.
1910 1533 2035 1600 Qui,

475 1656 496 1688 ι
540 1645 603 1692 ut
631 1636 805 1699 scitis,
831 1635 885 1687 in
909 1641 1063 1688 sexto
1098 1645 1286 1685 mense
1312 1627 1710 1698 conceptionis,
1744 1641 1872 1701 cum.
1898 1626 2038 1680 alius

478 1749 497 1784 ι
544 1729 728 1784 infans
775 1726 1126 1798 praedicasset
1166 1734 1289 1776 ante
1315 1721 1595 1775 adventum
1631 1720 1744 1790 ejus
1787 1720 2038 1788 paeniten-

2139 542 2155 574 ι
2192 523 2267 587 ὡς
2327 522 2441 576 ἀνθ’
2496 522 2704 575 ἑαυτῶν
2739 521 2990 592 βαλόντες
3040 520 3305 582 ὲθνικοὺς,
3339 519 3387 570 εί
3434 518 3528 572 καί
3562 519 3705 572 τισιν

2137 633 2156 665 ι
2197 614 2374 668 αὑτῶν
2414 613 2793 685 συνεχώρησάν
2826 630 2968 676 τινες
3002 612 3110 666 τῶν
3141 610 3588 682 ὁμολογησάντων
3615 612 3704 670 ¹⁰·.

2138 723 2155 754 ι
2197 705 2272 767 ὡς
2294 706 2500 775 ἥκουσα
2536 706 2680 774 (ἐπεὶ
2709 704 2940 774 μάλιστα
2999 705 3138 758 κατά
3178 702 3378 774 πολλὴν
3423 699 3705 753 εὐλάϐειαν

2139 814 2156 846 ι
2197 795 2456 864 ἐξέφυγον
2499 797 2809 866 αὐτόχειρες
2852 795 3102 864 γενέσθαι
3130 793 3224 848 τοῦ
3259 793 3428 865 πυρὸς
3467 793 3560 845 καὶ
3607 793 3705 862 τῆς

2139 907 2159 940 ι
2197 889 2606 960 ἀναθυμιάσεως
2631 888 2738 942 τῶν
2771 889 3092 960 ἀκαθάρτων
3112 886 3419 959 δαιμόνων)·
3450 886 3573 939 ἐπεὶ
3598 884 3708 938 τοί-

2139 997 2158 1030 ι
2199 997 2292 1032 νυν
2319 977 2505 1032 ἔλαθεν
2536 979 2730 1040 αὑτοὺς
2759 977 2913 1048 ἀνοίᾳ⁹
2933 977 3090 1029 τοῦτο
3124 973 3434 1047 πράξαντας
3464 974 3528 1035 ιι,
3557 973 3708 1042 ὅμως

2139 1090 2158 1122 ι
2197 1069 2462 1141 ἑξάμηνος
2492 1070 2672 1132 αὐτοῖς
2701 1069 3075 1138 ὲπιτεθήσεται
3097 1067 3195 1137 τῆς
3222 1068 3279 1118 ὲν
3306 1063 3563 1136 μετανοίᾳ
3585 1065 3708 1114 ὲπι-

2140 1182 2158 1214 ι
2196 1163 2451 1234 στροφῆς.
2485 1161 2639 1214 Οὑτω
2661 1161 2768 1232 γάρ
2801 1161 2998 1231 μᾶλλον
3027 1159 3121 1212 καὶ
3155 1159 3307 1211 αὑτοὶ
3327 1154 3708 1225 ὠφεληθήσον-

2141 1276 2159 1308 ι
2193 1274 2305 1320 ται,
2368 1253 2843 1324 καταμελετῶντες
2891 1251 2952 1304 τὸ
3005 1247 3340 1324 προφητικὸν
3395 1245 3578 1318 ῥητὸν,
3612 1244 3708 1297 καὶ

2141 1372 2159 1402 ι
2194 1351 2472 1418 λέγοντες·
2502 1345 2750 1400 Παιδίον·
2780 1341 3068 1413 ἐγεννήθη
3128 1339 3272 1410 ἡμῖν
3312 1337 3462 1404 υίὸς,
3523 1337 3618 1388 καὶ
3640 1335 3707 1364 n.-

2143 1463 2161 1496 ι
2200 1443 2376 1510 ἐδόθη
2408 1440 2570 1511 ἡμῖν,
2592 1435 2664 1494 οὗ
2696 1440 2734 1506 ’ὴ
2759 1435 2913 1506 ἀρχὴ
2941 1435 3038 1488 ἐπὶ
3069 1432 3176 1487 τοῦ
3201 1431 3363 1502 ὤμου
3383 1428 3591 1492 αὑτοῦ,
3607 1427 3710 1509 καὶ

2145 1559 2163 1591 ‹
2204 1537 2467 1593 καλεῖται
2492 1534 2559 1588 τὸ
2592 1533 2776 1602 ὄνομα
2801 1528 2987 1586 αὐτοῦ
3011 1526 3277 1597 μεγάλης
3304 1522 3544 1591 ,ϐουλῆς
3581 1523 3711 1589 Ἀγη-

2146 1651 2164 1684 ι
2201 1635 2395 1702 γελος.
2436 1630 2610 1698 Ὅπερ
2643 1628 2751 1688 ¹¹“,
2783 1625 2857 1687 ὼς
2895 1623 3027 1686 ἴστε,
3061 1623 3118 1675 ὲν
3150 1620 3226 1691 τῷ
3263 1619 3406 1687 ἕκτῳ
3441 1615 3572 1688 μηνὶ
3609 1615 3709 1684 τῆς

2147 1745 2165 1777 t
2203 1722 2517 1794 συλλήψεως
2549 1718 2641 1773 τοῦ
2674 1717 2858 1788 ἑτέρου
2884 1715 3117 1780 παιδίου,
3151 1711 3244 1766 τοῦ
3267 1706 3711 1782 προκηρύξαντος

477 1841 495 1873 ε
545 1823 676 1875 tiam
700 1821 752 1872 in
779 1817 1138 1872 remissionem
1191 1824 1520 1883 peccatorum
1545 1812 1596 1876 ι),
1627 1817 1922 1880 conceptus
1954 1816 2038 1866 est

2150 1836 2165 1868 ι
2210 1815 2322 1883 πρὸ
2347 1781 2668 1882 προσώπου
2687 1781 2793 1876 τῆς
2813 1806 3053 1862 εισόδου
3075 1804 3258 1858 αὐτοῦ
3276 1781 3598 1872 μετάνοιαν
3620 1801 3710 1862 εἰς

479 1935 496 1966 ι
544 1921 599 1969 et
651 1914 768 1981 ipse
824 1908 892 1963 ad
943 1905 1351 1978 praedicandam
1395 1902 1790 1972 paenitentiam.
1826 1901 2036 1956 Etenim

480 2027 497 2056 ι
548 2015 810 2074 utrosque
840 2001 1093 2056 audimus
1121 1999 1175 2053 in
1213 1997 1402 2067 primis
1425 1995 1780 2066 praedicantes
1814 2009 1921 2048 non
1951 2008 2042 2048 so-

479 2117 498 2149 ι
547 2099 658 2151 lum
691 2096 759 2151 de
790 2078 1137 2165 poenitentia,
1170 2088 1266 2144 sed
1307 2097 1358 2142 et
1413 2087 1481 2142 de
1526 2101 1692 2157 regno
1725 2085 1985 2142 ctelorum
2023 2104 2038 2140 :

478 2211 498 2241 ι
543 2188 689 2260 quod
722 2186 965 2258 quidem,
1000 2191 1060 2238 ut
1093 2181 1404 2248 didicimus,
1438 2183 1582 2234 intra
1611 2196 1704 2233 nos
1729 2188 1873 2244 estc,
1898 2177 2044 2249 quod

479 2302 498 2334 ι
549 2297 708 2352 prope
730 2297 824 2334 nos
848 2278 916 2331 sit
942 2275 1153 2331 verbum
1187 2274 1337 2345 quod
1368 2273 1644 2327 credimus
1673 2273 1836 2326 inore
1861 2281 2040 2326 nostra

479 2394 498 2427 ι
547 2387 602 2430 et
630 2374 795 2430 corde
841 2378 1054 2434 nostro,
1089 2369 1237 2440 quod
1275 2367 1434 2423 Jesus
1463 2374 1546 2421 est
1575 2366 1828 2421 Christus
1867 2385 1880 2421 :
1929 2383 2042 2420 cre-

481 2488 502 2520 ι
547 2468 725 2523 dentes
747 2467 800 2520 in
831 2464 986 2520 corde
1009 2471 1210 2526 nostra,
1239 2460 1378 2531 quod
1412 2459 1546 2514 Deus
1573 2459 1744 2528 ipsum
1772 2459 2043 2513 suscitauit

479 2579 500 2614 c
547 2577 613 2616 ea:
642 2560 904 2614 mortuis:
935 2563 995 2611 ut
1023 2555 1118 2626 qui
1157 2554 1384 2608 audiant
1435 2551 1579 2623 quod
1631 2551 1788 2605 corde
1836 2552 2043 2621 quidem

478 2670 501 2706 ε
549 2649 785 2706 creditur
817 2647 884 2703 ad
908 2646 1204 2718 justitiam,
1231 2660 1322 2697 ore
1369 2650 1544 2696 autem
1592 2641 1851 2710 confessio
1879 2642 1941 2710 [it
1973 2640 2042 2694 ad

477 2761 501 2796 σ
543 2744 769 2800 salutem
791 2741 838 2796 ἀ.
889 2761 910 2794 ι

2149 1928 2168 1960 ι
2202 1908 2422 1976 ἄφεσιν
2459 1903 2773 1974 ἁμαρτιῶν,
2808 1899 3108 1970 συνελήφθη
3137 1897 3229 1951 καὶ
3258 1894 3388 1950 αὐτὸ
3413 1895 3526 1925 ¹¹“¹”
3547 1893 3714 1963 κηρύ-

2149 2019 2168 2052 ι
2212 2001 2300 2068 ξαι
2326 1997 2628 2069 μετάνοιαν.
2662 1995 2771 2048 Καὶ
2800 1992 2908 2066 γὰρ
2933 1991 3149 2046 καὶτῶν
3175 1987 3496 2060 ἀμφοτέρων
3513 1984 3712 2038 ἀκούο-

2151 2115 2168 2146 ι
2207 2111 2304 2165 μεν
2349 2094 2405 2146 ὲν
2442 2089 2677 2161 πρώτοις
2709 2086 3082 2159 κηρυττόντων
3113 2085 3154 2116 ¹²
3183 2084 3243 2137 οὑ
3278 2080 3433 2152 μόνον
3457 2077 3584 2149 περὶ
3616 2093 3716 2147 με-

2153 2206 2173 2240 (
2207 2187 2444 2248 τανοίας,
2495 2183 2631 2237 ἀλλά
2661 2182 2755 2235 καὶ
2801 2181 2928 2252 περὶ
2961 2179 3232 2250 βασιλείας
3263 2172 3527 2246 οὑρανῶν,
3567 2171 3711 2241 ἥτις,

2154 2299 2173 2331 ι
2209 2277 2389 2341 καθὼς
2422 2276 2836 2348 μεμαθήκαμεν,
2859 2271 3032 2338 ἐντὸς
3048 2270 3217 2340 ἡμῶν
3241 2269 3397 2330 ἐστι,
3437 2265 3513 2336 τῷ
3536 2263 3714 2332 ἐγγὺς

2155 2389 2174 2422 ι
2207 2369 2376 2439 ἡμῶν
2393 2367 2543 2426 εἷναι
2572 2368 2638 2422 τὸ
2655 2367 2817 2438 ῥῆμα
2851 2365 2878 2418 ὃ
2916 2363 3241 2433 πιστεύομεν
3273 2361 3343 2414 ἐν
3362 2358 3442 2424 τῷ
3466 2358 3716 2426 στόματι

2155 2480 2176 2513 ι
2209 2457 2436 2514 ἑαυτῶν
2481 2459 2576 2512 κα)⁵
2631 2459 2688 2511 ἐν
2718 2460 2782 2528 τῇ
2828 2454 3019 2528 καρδίᾳ
3056 2450 3263 2505 ἑαυτῶν
3286 2467 3303 2481 ο
3337 2449 3462 2520 περὶ
3506 2441 3573 2518 ἦς
3621 2448 3718 2498 καὶ

2154 2573 2172 2605 ι
2213 2553 2366 2604 αὑτοὶ
2392 2549 2849 2621 ὑπομνησθέντες,
2878 2547 3209 2618 μαθήσονται
3238 2542 3517 2613 ὁμολογεῖν
3545 2542 3602 2592 ὲν
3637 2539 3716 2609 τῷ

2156 2665 2175 2698 ι
2218 2647 2446 2716 στόματι
2475 2642 2680 2696 ἑαυτῶν
2727 2643 2790 2708 ¹³,
2838 2644 2918 2694 ὅτι
2965 2639 3170 2710 Ἰησοῦς
3221 2636 3452 2709 Χριστός
3485 2634 3591 2705 (1)·
3625 2649 3719 2684 πι-

2159 2755 2176 2788 ι
2217 2739 2536 2802 στεύοντες
2561 2737 2630 2788 ἐν
2661 2733 2737 2802 τῇ
2759 2733 2968 2801 καρδίᾳ
2987 2728 3232 2792 ἑαυτῶν,
3262 2727 3349 2780 ὅτι
3376 2729 3410 2780 ὀ
3438 2725 3580 2789 Θεὸς
3613 2726 3722 2777 αὑ·-

481 2857 501 2889 ι
540 2836 648 2891 τὸν
667 2835 903 2905 ἤγειρεν
925 2833 995 2887 ἐκ
1028 2829 1268 2900 νεκρῶν·
1303 2826 1396 2880 ἆτε
1428 2826 1491 2897 δὴ
1561 2818 1606 2853 ⁸⁸
1649 2825 1956 2892 ἀκούοντες,
1983 2828 2065 2882 ὅτι
2090 2829 2302 2898 καρδίᾳ
2324 2829 2441 2900 μὲν
2472 2829 2809 2882 πιστεύεται
2842 2826 2885 2856 ’³
2917 2827 3004 2888 εις
3026 2819 3437 2886 δικαιοσύνην,
3467 2817 3720 2886 στόματι

483 2949 505 2984 ι
541 2931 609 2984 δὲ
638 2926 1006 2998 ὁμολογεῖται
1029 2927 1117 2990 εὶς
1137 2921 1454 2989 σωτηρίαν.
1495 2939 1514 2971 ι

546 3025 708 3079 Βλιε.
752 3019 808 3076 Si
839 3021 931 3090 qui
965 3027 1143 3072 autem
1173 3015 1501 3070 simularunt
1551 3027 1610 3068 se
1661 3011 1730 3066 ad
1769 3025 1894 3066 aras
1919 3010 2040 3081 qui-

2216 3011 2411 3066 ΒΑΛΣ.
2457 3011 2519 3063 Εἰ
2575 3009 2631 3062 δέ
2688 3024 2831 3071 τινες
2865 3007 3240 3079 ὑπεκρίθησαν
3289 3007 3390 3077 μὲν
3432 3006 3720 3078 προσιέναι

477 3121 601 3177 dem
627 3116 910 3181 accedere,
943 3113 1026 3168 vel
1052 3111 1292 3166 scribere
1306 3107 1450 3178 quod
1486 3105 1644 3160 ﬁdem
1675 3111 1905 3175 negant;
1929 3119 2041 3158 non

2150 3104 2260 3164 τοῖς
2295 3101 2516 3172 βωμοῖς,
2545 3101 2664 3170 ήτοι
2688 3099 2916 3170 γράψαι,
2951 3098 3032 3151 ὅτι
3065 3097 3352 3169 ἀρνοῦνται
3383 3095 3481 3167 τὴν
3513 3096 3714 3157 πίστιν,

479 3212 623 3268 nude
657 3217 838 3264 autem
867 3212 921 3260 et
952 3212 1136 3274 aperte
1167 3201 1269 3255 hoc
1296 3199 1566 3264 fecerunt,
1593 3196 1686 3253 sed
1711 3203 1826 3250 arte
1859 3195 2042 3264 aliqua

478 3320 577 3361 eos
607 3303 700 3372 qui
733 3300 840 3354 vim
863 3295 1186 3357 aﬁ'erebant,
1217 3292 1540 3354 illuserunt;
1578 3287 1720 3342 sicut
1754 3284 1924 3340 David
1952 3285 2046 3355 qui

480 3413 543 3454 se
570 3393 832 3466 epilcpsia
859 3395 1174 3458 correptum
1204 3382 1483 3440 simulavit
1507 3395 1629 3435 cum
1654 3379 1864 3449 fugeret
1911 3377 2048 3430 Sau-

482 3493 612 3557 lem,
641 3495 694 3544 et
721 3492 866 3541 esset
888 3481 1030 3552 apud
1059 3479 1429 3547 alienigenas;
1454 3483 1509 3529 et
1537 3473 1610 3526 ita
1654 3479 1882 3526 mortem
1924 3483 2052 3523 eva-

483 3582 556 3636 sit
585 3598 598 3634 :
629 3578 916 3632 illuserunt
951 3579 1132 3626 autem
1159 3559 1505 3622 inimicorum
1531 3562 1781 3628 insidias,
1809 3568 1871 3616 ut
1888 3559 2050 3630 puelli

481 3672 718 3729 consilio
771 3665 1170 3739 prudentiaque
1230 3659 1440 3731 praediti
1487 3671 1687 3726 pueros
1733 3653 2052 3722 insipientes

483 3764 712 3822 eludunt
743 3780 756 3816 :
793 3758 991 3828 impios
1012 3755 1157 3810 enim
1187 3751 1512 3812 fefellerunt,
1547 3745 1692 3817 quod
1742 3743 2054 3799 sacriﬁcare

483 3856 702 3927 quidem
745 3850 851 3904 visi
901 3853 1049 3910 sunt,
1081 3860 1191 3898 non
1233 3851 1412 3897 tamen
1441 3838 1864 3894 sacriﬁcarunt:
1913 3833 2054 3886 forte

485 3948 631 4003 enim
669 3959 765 4015 pro
806 3958 864 3997 se
895 3939 1142 3994 ethnicos
1184 3935 1268 3989 vel
1298 3931 1540 3987 inﬁdeles
1575 3927 1968 3987 submiserunt,
1999 3931 2053 3978 et

490 4055 586 4111 per
637 4038 760 4091 illos
807 4031 1120 4090 sacriﬁcare
1161 4029 1310 4098 ipsos
1342 4024 1728 4110 existimarunt
1764 4037 1778 4072 :
1813 4018 1913 4082 eis,
1969 4017 2053 4072 iu-

491 4131 630 4203 quit,
678 4135 941 4184 semestrc
990 4131 1202 4191 tempus
1244 4117 1471 4174 sulﬁciet
1522 4114 1588 4169 ad
1654 4111 2053 4184 pmnitentiam.

491 4202 609 4279 Etsi
635 4221 777 4277 enim
808 4233 918 4272 non
947 4213 1338 4271 sacriﬁcarunt,
1374 4209 1500 4276 quia
1534 4214 1715 4259 tamen
1746 4202 2058 4258 sacriﬁcare

494 4312 722 4388 polliciti
771 4315 920 4369 sunt,
960 4306 1046 4360 vel
1095 4303 1231 4357 alios
1286 4298 1679 4360 submiserunt,
1739 4293 2058 4364 poenitentia

496 4386 743 4474 indigere
775 4407 902 4454 sunt
933 4391 1266 4457 existimati;
1300 4387 1518 4444 etiamsi
1558 4386 1836 4441 nonnullis
1865 4399 2054 4464 eorum

495 4500 817 4569 ignoverunt
870 4489 1115 4561 quidam,
1157 4484 1250 4555 qui
1295 4498 1395 4554 pro
1425 4482 1526 4536 ﬁde
1566 4477 1936 4533 testimonium
1966 4476 2059 4528 de-

495 4567 649 4644 dere.
674 4584 782 4640 Eos
808 4590 987 4637 autem
1025 4576 1210 4649 pueris
1239 4574 1456 4646 quidem
1484 4567 1715 4630 confert,
1751 4575 1810 4620 ut
1830 4568 1922 4636 qui
1949 4580 2060 4620 non

493 4683 723 4738 viriliter
749 4673 1052 4732 idololatris
1079 4670 1432 4732 restiterunt;
1453 4661 1812 4734 prudentibus
1838 4674 1988 4726 vero,
2003 4665 2062 4713 ut

497 4773 590 4844 qui
625 4768 855 4823 artiﬁcio
880 4762 1149 4820 sacriﬁcia
1169 4759 1534 4816 declinarunt.

571 4862 776 4917 Zona.
818 4856 877 4912 Si
918 4856 1011 4927 qui
1059 4867 1188 4909 vero
1219 4851 1287 4906 ad
1316 4865 1440 4904 aras
1471 4846 1690 4918 quidem
1719 4859 1778 4900 se
1804 4839 2062 4897 accedere

503 4955 852 5016 simularunt,
878 4957 972 5002 aut
997 4946 1235 5002 scribere
1258 4941 1402 5014 quod
1427 4940 1584 4994 ﬁdem
1617 4945 1836 5008 negant,
1868 4949 2061 4989 verum

2152 3192 2214 3245 οὑ
2240 3191 2458 3262 γυμνῶς
2477 3190 2534 3243 δὲ
2574 3189 2667 3243 καὶ
2700 3189 2948 3262 φανερῶς
2973 3188 3131 3242 τοῦτο
3160 3187 3440 3259 ἐποίησαν,
3472 3185 3605 3240 ἀλλά
3627 3186 3717 3239 διά

2152 3301 2296 3346 τινος
2345 3283 2564 3354 μεθόδου
2591 3281 2865 3348 διέπαιξαν
2911 3281 3036 3344 τοὺς
3084 3280 3365 3351 βιάζοντας
3399 3279 3610 3342 αὑτοὺς,
3639 3279 3717 3341 ὡς

2153 3374 2180 3425 ὁ
2216 3373 2378 3427 Δαὸὶδ
2411 3374 2498 3427 ὅτε
2536 3374 2624 3427 τὸν
2652 3373 2948 3444 ἐπίληπτον
3003 3371 3292 3443 ὑπεκρίθη,
3341 3370 3552 3439 φεύγων
3626 3370 3720 3422 τὸν

2154 3466 2343 3530 Σαοὺλ,
2379 3466 2473 3519 καὶ
2516 3465 2652 3537 πρὸς
2693 3467 2818 3528 τοὺς
2879 3463 3206 3533 ἀλλοφύλους
3256 3463 3570 3532 γενόμενος,
3626 3461 3722 3514 καὶ

2152 3557 2294 3611 οὑτω
2320 3557 2410 3611 τὸν
2438 3557 2663 3610 θάνατον
2697 3556 3022 3625 διαπέφευγε
3043 3573 3056 3586 ·
3089 3556 3370 3621 διέπαιξαν
3400 3553 3455 3607 δὲ
3485 3552 3584 3617 τὰς
3613 3553 3722 3605 τῶν

2153 3648 2360 3722 ἐχθρῶν
2404 3648 2712 3711 ἐπιϐουλάς,
2764 3647 2837 3711 ῶς
2888 3646 3072 3700 παιδία
3123 3643 3441 3716 βουλευτικά
3479 3643 3723 3714 ἔμφρονα

2152 3741 2521 3805 διαπαίζουσιν
2572 3739 2812 3810 ἄφρονας
2870 3736 3094 3798 παῖδαςο
3123 3735 3413 3805 ἠπάτησαν
3457 3733 3565 3804 γάρ
3597 3733 3724 3796 τοὺς

2155 3832 2390 3897 ἀσεϐεῖς,
2439 3831 2527 3884 διὰ
2564 3831 2623 3884 τὸ
2667 3831 2815 3897 δόξαι
2875 3830 2973 3900 μὲν
3002 3829 3170 3890 θύειν,
3211 3827 3282 3899 μὴ
3317 3826 3474 3880 θῦσαι
3503 3825 3560 3878 δέ
3583 3841 3596 3855 ·
3631 3842 3725 3877 τυ-

2154 3925 2247 3995 χὸν
2279 3925 2389 3996 γὰρ
2417 3923 2530 3977 ἀνθ’
2581 3922 2790 3976 ἑαυτῶν
2813 3920 3076 3976 ὑπέϐαλον
3106 3919 3347 3981 ὲθνικοὺς
3380 3919 3413 3989 ἦ
3443 3917 3721 3982 ἀπίστους,

2157 4017 2250 4070 καὶ¹
2275 4017 2342 4069 δι’
2376 4015 2595 4069 ἐκείνων
2645 4015 2899 4085 ἐνόμισαν
2947 4011 3262 4065 τεθυκέναιο
3296 4011 3408 4071 τοῖς
3445 4006 3727 4072 τοιούτοις,

2157 4108 2345 4177 φησὶν,
2405 4106 2673 4178 ἑξάμηνος
2717 4103 2906 4176 καιρὸς
2933 4102 3140 4174 ἀρκέσῃ
3163 4102 3242 4164 είς
3269 4098 3576 4170 μετάνοιαν.
3609 4097 3728 4152 Κᾶν

2157 4202 2264 4271 γὰρ
2293 4201 2392 4253 οὑκ
2416 4199 2632 4263 ἔθυσαν,
2669 4196 2781 4250 ἀλλ’
2815 4197 2896 4249 ὅτι
2929 4193 3207 4248 συνέθεντο
3250 4192 3408 4246 θῦσαι
3439 4193 3473 4264 ἢ
3511 4191 3728 4262 ἑτέρους

2159 4295 2445 4355 ὑπέϐαλον,
2473 4291 2827 4361 ἐλογίσθησαν
2842 4287 3048 4341 δεῖσθαι
3074 4286 3379 4358 μετανοίας,
3405 4286 3452 4337 εί
3477 4284 3568 4337 καί
3586 4300 3730 4336 τισιν

2160 4385 2335 4439 αὑτῶν
2385 4381 2764 4453 συνεχώρησάν
2800 4396 2944 4442 τινες
2973 4379 3081 4432 τῶν
3111 4377 3569 4448 μαρτυρησάντων
3591 4374 3729 4445 ὑπὲρ

2161 4480 2260 4549 τῆς
2319 4477 2571 4538 πίστεως.
2640 4473 2952 4538 Ἀπεικάζει
3002 4472 3058 4525 δὲ
3101 4471 3318 4533 τούτους
3343 4469 3497 4522 παισὶ
3526 4468 3621 4538 μὲν
3653 4467 3732 4529 ὼς

2167 4569 2240 4640 μὴ
2283 4568 2548 4639 ἀνδρικῶς
2605 4565 3101 4628 ἀντικαταστάντας
3141 4567 3252 4626 τοῖς
3300 4561 3728 4631 εἰδωλολάτραις,

2165 4661 2394 4732 ἐμφροσι
2455 4659 2511 4712 δὲ
2556 4660 2630 4724 ὼς
2669 4659 2971 4730 εὑμεθὸδως
3017 4658 3114 4728 τὴν
3148 4656 3335 4709 θυσίαν
3361 4655 3729 4713 ἐκκλίναντας.

2234 4839 2478 4892 ΖΩΝΑΡ.
2502 4840 2563 4892 Εἰ
2615 4840 2671 4893 δὲ
2725 4857 2866 4903 τινες
2904 4835 3279 4908 ὑπεκρίθησαν
3318 4834 3415 4904 μὲν
3454 4832 3734 4904 προσιέναι

2165 4937 2277 4996 τοῖς
2304 4931 2524 5002 βωμοῖς,
2551 4933 2668 5003 ήτοι
2706 4931 2934 5005 γράψαι,
2971 4932 3052 4984 ὅτι
3086 4927 3371 4998 ἀρνοῦνται
3403 4924 3498 4996 τὴν
3529 4924 3736 4988 πίστιν,

575 5123 603 5153 ι
629 5108 741 5165 Isa.
777 5122 852 5171 ix,
877 5104 930 5159 6.
1005 5102 1034 5142 δ
1063 5100 1191 5156 Luc.
1219 5117 1259 5164 ι,
1301 5098 1388 5162 76,
1425 5095 1508 5150 77.
1591 5105 1612 5134 ε
1638 5091 1768 5146 Luc.
1801 5089 2044 5151 “11,21.

2177 5087 2328 5144 Rom.
2355 5105 2408 5153 χ,
2439 5087 2589 5142 8-10.

1763 5232 1998 5289 VARUE
2038 5230 2435 5288 LECTIONES.

605 5391 649 5423 “
684 5386 1054 5448 διελθόντας...
1120 5382 1721 5451 χειρογραφήσανταςν.
1777 5372 2054 5451 βαλόντας.

507 5465 659 5533 ᾐμῑν,
692 5459 808 5520 υἱὸς
829 5447 977 5533 καις
1023 5447 1324 5533 ⁶¹“.·’ὂσπε.ρζ
1397 5447 1508 5529 1""
1540 5447 1720 5533 αὑτόςΣ

605 5529 620 5542 ι

507 5513 865 5601 ύρολογεῑνὲν
894 5525 971 5596 τῷ
1003 5523 1226 5593 στόματι
1258 5513 1463 5572 ἑαυτῶν
1500 5533 1609 5573 om.
1682 5516 1722 5548 ”
1752 5513 1828 5569 δέ.
1907 5514 1924 5546 ³

575 5668 652 5737 il)
684 5668 801 5720 Ὅτι
840 5666 1067 5731 Ἰησοῦς
1097 5662 1370 5737 Χριστός
1399 5658 1706 5737 l-larduinus
1727 5660 1778 5737 in
1813 5671 1911 5737 sua
1936 5654 2070 5737 βοη-

507 5725 749 5790 cilicium
779 5725 1016 5790 editione
1042 5725 1154 5787 ἐπ’
1181 5748 1282 5786 ms.
1329 5729 1496 5799 Regio
1543 5729 1704 5790 2058,
1746 5729 1826 5799 ότι
1873 5725 2072 5799 Κύριος

525 5805 847 5871 ἰησοῦς.5ὶε
875 5804 1098 5872 Βοωδι,
1127 5803 1180 5858 9.
1212 5799 1355 5859 Idem
1387 5796 1546 5871 paulo
1573 5808 1713 5870 post,
1741 5797 1833 5851 ἂτε
1867 5796 2072 5867 δήζΗὶο

2156 5371 2218 5404 ¹⁶”
2260 5371 2607 5442 ὁμολογητῶν
2618 5410 2629 5422 .

1799 5446 1842 5526 ξ’
1881 5432 2306 5544 κηρυ-σσόντωνδ
2355 5432 2535 5544 Tarsi)!
2559 5437 2625 5510 ἦς
2651 5440 2740 5492 καὶ
2766 5439 2915 5491 αὑτοὶ
2947 5432 3376 5508 ὑπομνησθέντες
3411 5432 3740 5504 μαθήσονται

1979 5512 2326 5568 πιστεύετε...
2362 5512 2687 5583 ὁμολογεῖτε.

2741 5372 2754 5399 ¹
2765 5371 2779 5399 ¹
2831 5366 2923 5420 τοῦ
2975 5366 3295 5437 πράξαντος.

3415 5364 3474 5394 ¹¹⁶
3505 5361 3740 5432 ἐγενήθη

2177 5664 2354 5710 autem
2407 5652 2555 5707 locus
2601 5661 2761 5718 paulo
2809 5646 2962 5701 aliter
3003 5643 3224 5700 εστι-ιω
3270 5643 3326 5700 in
3386 5641 3513 5698 edit.
3549 5638 3742 5694 ‘Paris.

2178 5725 2401 5782 Zonara:
2429 5731 2482 5779 et
2507 5717 2862 5776 Balsamonis.
