4088 6284
286 340 398 398 477

1525 338 1860 397 EPISTOLA
1899 338 2269 399 CANONICA.

3422 337 3530 393 478

287 457 352 511 οὐ
394 455 615 541 γυμνῶς
663 458 721 510 δὲ
758 456 815 510 τὰ
836 455 970 529 πρὸς
1009 456 1237 529 ἄρνησιν
1273 455 1538 529 ἔγραψαν,
1591 458 1714 511 ἀντὶ
1764 455 1858 510 τοῦ

1974 473 2083 529 quae
2106 458 2174 513 ad
2202 440 2626 530 abnegationem
2674 462 2923 528 spectant
2953 470 3063 510 non
3095 454 3239 510 nude
3292 452 3531 523 scripse-

285 548 390 603 οὐκ
433 547 949 620 ἀπαρακαλύπτως,
983 546 1041 602 οὐ
1094 549 1363 621 φανερῶς,
1411 549 1548 603 ἀλλὰ
1589 550 1678 604 διά
1724 560 1869 605 τινος

289 634 515 708 μεθόδου
542 634 822 702 διέπαιξαν
853 638 977 700 τοὺς
1019 635 1303 707 βιάζοντας
1331 638 1546 705 αὐτοὺς,
1584 639 1659 702 ὡς
1695 642 1724 693 ὁ
1760 641 1866 691 Δα-

289 724 379 777 ϐὶδ
419 724 507 778 ὅτε
533 725 625 778 τὸν
650 725 944 798 ἐπίληπτον
989 725 1253 799 ὑπεκρίθη
1306 727 1524 798 φεύγων
1552 728 1644 782 τὸν
1664 729 1866 801 Σαοὺλ,

288 818 386 872 καὶ
415 816 554 888 πρὸς
592 818 720 881 τοὺς
769 818 1098 889 ἀλλοφύλους
1126 819 1436 891 γενόμενος,
1468 821 1563 874 καί⁸
1603 819 1747 875 οὕτω
1777 820 1868 875 τὸν

289 907 521 964 θάνατον
571 908 929 981 διαπέφευγε·
988 911 1272 979 διέπαιξαν
1324 911 1404 979 δὲ,
1440 914 1594 985 φησι,
1628 912 1725 976 τὰς
1760 911 1869 968 τῶν

288 1000 501 1073 ἐχθρῶν
544 1002 854 1068 ἐπιϐουλὰς,
897 1003 972 1069 ὡς
1000 1004 1188 1059 παιδία
1225 1004 1566 1076 βουλευτικὰ,
1599 1005 1865 1076 ἔμφρονα,

289 1093 550 1168 φρόνιμα,
571 1095 663 1148 καὶ
688 1093 923 1158 συνετῶς
939 1094 1139 1168 δηλαδὴ
1163 1096 1541 1168 βουλευόμενα,
1565 1093 1870 1162 διαπαίζου-

289 1202 376 1241 σιν
393 1188 451 1241 ἐν
466 1185 662 1258 ἄφροσι
678 1186 930 1250 παιδίοις.
939 1188 1003 1241 Ἔ
1012 1205 1213 1260 μφροσι
1224 1189 1281 1242 δὲ
1295 1187 1581 1254 ἀπεικάζει
1595 1191 1722 1253 τοὺς
1733 1189 1871 1242 ἁπα-

286 1281 565 1351 τήσαντας
578 1280 705 1344 τοὺς
720 1280 953 1346 ἀσεϐεῖς,
977 1283 1071 1336 καὶ
1085 1282 1343 1350 δόξαντας
1364 1283 1462 1354 μὲν
1480 1282 1649 1348 θύειν,
1677 1283 1752 1354 μὴ
1777 1280 1870 1336 θύ-

290 1388 492 1435 σαντας
508 1371 587 1425 δέ’
619 1371 891 1444 ἔμφρονας
909 1374 1006 1445 μὲν
1020 1373 1094 1439 ὡς
1114 1374 1211 1446 τὴν
1232 1375 1420 1429 θυσίαν
1436 1373 1571 1438 τέως
1591 1373 1870 1428 ἐκκλίναν-

288 1480 390 1528 τας
405 1463 471 1495 ¹⁸¹
492 1480 506 1493 ·
533 1462 805 1529 παιδείους
820 1464 898 1529 δέ,
918 1466 994 1530 ὼς
1015 1466 1089 1539 μὴ
1107 1466 1308 1520 τέλειον
1326 1468 1418 1522 καὶ
1427 1466 1689 1539 ἀνδρῶδες
1701 1468 1867 1522 ἐνδει-

291 1555 359 1622 ξα
366 1557 559 1628 μένους
574 1556 846 1628 φρόνημα,
869 1559 962 1611 καὶ
977 1559 1238 1628 γενναίως
1251 1560 1745 1624 ἀντικαταστάντας
1759 1563 1869 1624 τοῖς

290 1648 724 1722 εἰδωλολάτραις,
761 1650 874 1704 ἀλλ’
899 1650 1047 1722 ὅμως
1091 1651 1453 1724 συνθεμένους
1483 1653 1664 1720 θῦσαι,
1700 1655 1747 1707 εί
1776 1652 1870 1708 καί

288 1759 439 1808 τινες
462 1743 552 1775 ¹⁸⁶¹’
581 1742 697 1797 ἀνθ’
725 1742 933 1797 ἑαυτῶν
955 1743 1221 1799 ὑπέϐαλον
1248 1745 1513 1812 ἐθνικοὺς,
1544 1748 1710 1819 ήγουν
1737 1746 1868 1801 ἀπί-

1972 558 2120 609 runt.
2148 549 2251 604 hoc
2282 557 2366 605 est
2389 564 2498 605 non
2520 548 2829 613 manifeste,
2856 563 2966 604 non
2991 554 3206 619 aperte;
3240 545 3336 601 sed
3363 546 3534 600 artiﬁ-

1970 641 2058 696 cio
2083 639 2323 711 quodam
2349 656 2445 695 eos
2473 640 2567 710 qui
2594 640 2700 694 vim
2734 638 3044 695 inferebant
3074 636 3337 692 ludiﬁcati
3356 641 3486 692 sunt
3513 652 3529 690 :

1971 745 2029 791 ut
2058 735 2248 801 David,
2281 735 2374 805 qui
2402 734 2530 789 dum
2559 732 2778 789 Saulem
2806 733 3034 805 fugeret,
3071 747 3135 786 ac
3177 731 3246 785 ad
3285 730 3537 802 alienige-

1967 844 2069 885 nas
2100 827 2429 891 devenisset,
2481 841 2541 883 se
2589 827 2935 897 epilepticum
2970 824 3145 891 ﬁnxit,
3172 838 3346 894 eoque
3376 828 3536 895 pacto

1968 929 2199 976 mortem
2227 919 2469 975 evitavit.
2497 917 2785 973 Ludiﬁcati
2812 933 2975 989 porro
3005 925 3154 982 sunt,
3188 916 3386 987 inquit,
3423 915 3532 970 ini-

1968 1010 2237 1066 micorum
2265 1009 2533 1076 insidias;
2561 1009 2729 1064 veluti
2761 1007 2913 1078 pueri
2949 1007 3267 1078 prudentes,
3300 1006 3533 1062 consilio

1969 1097 2227 1153 nimirum
2257 1113 2322 1154 ac
2344 1098 2632 1170 prudentia
2666 1097 2903 1168 praediti,
2940 1097 3143 1168 quique
3191 1096 3401 1153 scilicet
3444 1111 3537 1152 so-

1968 1190 2135 1247 lerter
2166 1193 2456 1249 consilium
2489 1193 2791 1261 capientes,
2826 1191 3147 1259 insipientes
3172 1205 3371 1261 pueros
3409 1189 3538 1244 illu-

1968 1282 2128 1339 dunt.
2158 1282 2527 1339 Prudentihus
2573 1290 2752 1337 autem
2803 1289 3082 1351 comparat
3116 1295 3211 1337 eos
3259 1296 3290 1334 a
3337 1281 3537 1352 quibus

1969 1375 2181 1447 decepti
2215 1384 2341 1432 sunt
2364 1375 2539 1446 impii,
2564 1377 2770 1448 quique
2791 1392 2916 1432 cum
2943 1392 3053 1431 non
3083 1373 3535 1437 sacriﬁcaverint,

1971 1465 2286 1522 sacriﬁcare
2313 1465 2674 1521 nihilominus
2700 1465 2803 1522 visi
2850 1473 3017 1532 sunt;
3072 1463 3370 1535 prudentes
3415 1463 3538 1534 qui-

1969 1558 2117 1620 dem,
2152 1564 2211 1611 ut
2231 1556 2322 1626 qui
2354 1554 2688 1612 sacriﬁcium
2720 1570 2965 1625 eousque
3005 1552 3324 1609 evitaverint
3358 1572 3372 1608 :
3406 1567 3539 1623 pue-

1968 1665 2063 1706 ros
2096 1661 2297 1714 autem,
2331 1648 2479 1720 quod
2511 1647 2814 1720 perfectum
2843 1662 2907 1702 ac
2941 1646 3155 1702 virilem
3184 1659 3405 1701 sensum
3437 1645 3540 1698 mi-

1968 1742 2117 1797 nime
2141 1739 2437 1804 induerint,
2477 1752 2581 1796 nec
2609 1753 2874 1811 generose
2916 1737 3189 1793 idolorum
3234 1735 3540 1792 cultoribus

293 1851 487 1900 στους,
540 1835 636 1887 καὶ
698 1834 919 1889 ἐκείνων
987 1834 1262 1891 θυσάντων
1314 1818 1673 1910 ἐνομίσθησαν
1721 1838 1874 1892 αὐτοὶ⁸

1974 1833 2367 1903 repugnarint;
2401 1845 2591 1887 verum
2639 1846 2699 1886 se
2734 1828 3144 1886 sacriﬁcaturos
3196 1834 3325 1882 sunt
3373 1826 3538 1898 pacti,

290 1926 597 1981 τεθυκέναι.
662 1927 788 1990 Τοῖς
819 1927 1099 1995 τοιούτοις,
1159 1931 1343 2000 φησιν,
1374 1930 1642 2002 ἑξάμηνος
1681 1930 1871 2002 καιρὸς

294 2017 581 2092 ἐξαρκέσει
612 2020 693 2082 είς
746 2018 1051 2089 μετάνοιαν.
1096 2022 1215 2074 Κᾶν
1242 2021 1351 2094 γὰρ
1388 2023 1489 2075 οὐκ
1512 2022 1730 2086 ἔθυσαν,
1754 2021 1870 2075 ἀλλ’

292 2113 377 2166 ὅτι
427 2111 708 2166 συνέθεντο
759 2111 939 2179 θῦσαι,
982 2113 1016 2186 ἢ
1079 2116 1160 2168 ὅτι
1198 2115 1417 2186 ἐτέρους
1464 2114 1751 2181 ὑπέϐαλον,
1779 2115 1873 2168 καὶ

292 2200 481 2269 ἔδοξαν
513 2202 667 2256 αὐτοὶ
702 2200 881 2269 θῦσαι,
921 2202 1276 2275 ἐλογίσθησαν
1311 2204 1520 2259 δεῖσθαι
1562 2205 1871 2277 μετανοίας,

295 2293 347 2344 εἰ
373 2290 467 2345 καί
490 2308 633 2345 τισιν
670 2291 850 2346 αὐτῶν
880 2292 1262 2367 συνεχώρησάν
1288 2311 1431 2359 τινες
1465 2293 1574 2349 τῶν
1605 2294 1873 2367 ὁμολογη-

299 2382 527 2437 σάντων.
559 2382 716 2448 Τινὲς
740 2384 847 2457 γὰρ
864 2384 971 2439 τῶν
999 2387 1460 2459 μαρτυρησάντων
1480 2387 1574 2441 καὶ
1595 2386 1873 2443 παθόντων

296 2474 442 2547 ὺπέρ
468 2475 565 2543 τῆς
619 2475 856 2540 πίστεως
895 2477 1279 2550 συνεχώρησαν
1321 2481 1433 2544 τοῖς
1474 2479 1562 2534 διὰ
1613 2480 1872 2552 μεθόδων,

294 2565 374 2629 ὡς
419 2564 652 2637 εἴρηται,
703 2566 779 2639 μὴ
810 2567 1024 2633 θύσασι,
1063 2570 1158 2623 καὶ
1190 2569 1436 2636 ἐδέξαντο
1482 2572 1677 2637 αὐτοὺς
1738 2571 1876 2643 μετὰ

295 2656 409 2712 τῶν
459 2657 686 2724 πιστῶν,
738 2659 819 2712 ὅτι
858 2659 1120 2731 ἐξέφυγον
1151 2661 1503 2734 πολυτρόπως
1530 2665 1590 2718 τὸ
1622 2665 1874 2719 θυσιάσαι

296 2748 413 2812 τοῖς
439 2746 676 2819 δαίμοσι.
705 2747 802 2801 Διὰ
828 2748 886 2800 δὲ
904 2747 1003 2819 τὴν
1044 2748 1312 2821 ἑξάμηνον
1349 2750 1687 2823 προθεσμίαν
1708 2752 1878 2824 ἐμνή-

303 2838 407 2910 σθη
456 2839 549 2893 τοῦ
612 2840 699 2894 διὰ
748 2836 985 2913 Γαϐριὴλ
1032 2843 1364 2914 μηνύματος,
1405 2843 1498 2896 τοῦ
1532 2845 1591 2898 ἐν
1614 2842 1692 2914 τῷ
1733 2844 1876 2915 ἐκτῳ

305 2933 437 3003 μηνὶ¹
493 2933 593 3004 τῆς
648 2933 956 3006 συλλήψεως
1000 2934 1094 2988 τοῦ
1138 2934 1486 3007 Προδρόμου,
1554 2938 1611 2989 ἐν
1657 2930 1702 3004 ᾧ
1749 2953 1874 2991 συν-

301 3023 512 3096 ελήφθη
566 3028 595 3080 ό
644 3025 865 3097 Κύριος.
926 3026 1205 3099 Ἐπιφέρει
1251 3026 1308 3080 δὲ
1348 3028 1443 3081 καὶ
1483 3028 1707 3100 ῥήματα
1732 3028 1873 3082 ἀπο-

305 3116 544 3170 στολικά·

1971 1925 2134 1979 etiam
2152 1927 2196 1979 si
2214 1923 2477 1995 quosdam
2513 1937 2612 1993 pro
2655 1937 2714 1978 se
2745 1919 3121 1987 submiserint,
3144 1919 3415 1984 ethnicos,
3435 1918 3540 1974 hoc

1973 2021 2079 2079 est,
2128 2014 2398 2077 inﬁdeles,
2460 2013 2640 2085 iisque
2688 2011 3153 2074 sacriﬁcantibus,
3198 2011 3301 2083 ipsi
3332 2012 3542 2068 sacriﬁ—

1972 2120 2132 2161 casse
2154 2105 2452 2161 existimati
2488 2113 2638 2161 sunt.
2669 2103 2974 2174 Ejusmodi,
3005 2104 3201 2174 inquit,
3226 2103 3542 2158 hominibus

1974 2204 2240 2252 semestre
2269 2204 2484 2266 tempus
2510 2196 2576 2249 ad
2600 2195 2974 2265 pmnitentiam
3008 2193 3257 2250 suﬁiciet.
3280 2190 3415 2247 Nam
3437 2195 3541 2248 etsi

1973 2287 2198 2342 minime
2226 2287 2614 2354 immolarunt;
2657 2295 2836 2340 tamen
2885 2284 3012 2354 quia
3059 2298 3119 2338 se
3165 2282 3542 2339 immolaturos

1974 2387 2103 2437 sunt
2129 2379 2297 2451 pacti,
2330 2379 2411 2435 vel
2459 2378 2607 2450 quod
2662 2377 2800 2433 alios
2850 2376 3174 2441 submisere,
3205 2375 3420 2447 ipsique
3446 2374 3545 2428 im-

1974 2470 2211 2527 molasse
2265 2477 2394 2525 sunt
2452 2469 2579 2531 visi,
2636 2468 2956 2539 paenitentia
3007 2465 3252 2535 indigere
3310 2461 3542 2533 judicati

1975 2570 2105 2619 sunt
2141 2582 2154 2617 :
2191 2563 2296 2618 etsi
2329 2561 2657 2633 quibusdam
2690 2576 2758 2616 ex
2799 2558 2935 2631 ipsis
2983 2556 3234 2612 nonnulli
3260 2554 3544 2612 confesso-

1975 2670 2095 2711 rum
2124 2657 2401 2727 ignovere.
2432 2653 2636 2709 Eorum
2666 2668 2860 2725 nempe
2898 2650 3122 2721 quidam
3170 2652 3266 2721 qui
3314 2663 3375 2704 se
3418 2646 3543 2702 ﬁdei

1974 2758 2144 2805 testes
2175 2749 2541 2804 exhibuerunt
2588 2761 2652 2801 ac
2685 2761 2783 2817 pro
2818 2745 2923 2800 ﬁde
2967 2750 3097 2800 sunt
3126 2743 3297 2812 passi,
3352 2741 3420 2798 iis
3448 2740 3541 2811 qui

1975 2840 2209 2897 artiﬁcio
2239 2839 2502 2912 quodam,
2526 2845 2586 2893 ut
2620 2838 2827 2893 dictum
2857 2843 2962 2901 est,
2993 2850 3103 2890 non
3133 2832 3538 2895 sacriﬁcarunt,

1974 2931 2258 3004 ignovere,
2290 2945 2354 2984 ac
2384 2930 2508 2984 illos
2541 2942 2666 2983 cum
2718 2926 2969 2982 ﬁdelibus
2999 2924 3067 2980 ad
3099 2923 3541 2979 communionem

1976 3023 2269 3087 admisere,
2325 3019 2474 3092 quod
2523 3034 2592 3074 ne
2644 3017 2982 3073 daemonibus
3037 3014 3380 3071 immolarent
3428 3022 3543 3069 stu-

1976 3118 2131 3174 diose
2150 3117 2482 3172 vitaverunt.
2512 3111 2683 3166 Porro
2705 3109 2870 3180 hujus
2901 3107 3180 3164 semestris
3208 3105 3429 3163 termini
3449 3119 3543 3160 oc—

301 3206 545 3272 casione,
583 3208 1030 3265 Annuntiationis
1064 3226 1160 3281 per
1187 3209 1494 3267 Gabrielem
1551 3210 1710 3268 facta!
1751 3209 2018 3276 meminit,
2057 3216 2214 3266 sexto
2244 3221 2431 3264 mense
2458 3202 2836 3273 conceptionis
2866 3198 3250 3264 Praecursoris,
3279 3211 3388 3268 quo
3407 3211 3542 3252 con-

301 3309 492 3372 ceptus
519 3312 603 3359 est
624 3301 905 3359 Dominus.
942 3303 1079 3365 Tum
1116 3305 1415 3375 apostolica
1438 3307 1604 3363 verba
1625 3306 1942 3378 subiungit:

907 3396 1144 3450 ΚΑΝΩΝ
1183 3398 1273 3464 ς’.

380 3503 400 3537 ι
433 3485 559 3549 Τοῖς
602 3484 658 3538 δὲ
687 3485 905 3552 δούλους
946 3489 1305 3561 Χριστιανοὺς
1343 3488 1458 3542 ἀνθ’
1495 3489 1703 3544 ἑαυτῶν
1747 3490 1879 3543 ὑπο-

311 3596 331 3628 ι
365 3576 704 3649 ϐεϐληκόσιν,
740 3579 791 3631 οί
826 3579 923 3650 μὲν
943 3577 1139 3643 δοῦλοι,
1174 3580 1250 3643 ὡς
1273 3580 1339 3634 ἂν
1363 3580 1665 3652 ὑποχείριοι
1698 3579 1870 3647 ὄντες,

312 3687 333 3722 ι
367 3672 459 3724 καὶ
476 3671 674 3743 τρόπον
689 3670 811 3725 τινὰ
827 3673 919 3726 καὶ
940 3674 1092 3727 αὐτοὶ
1107 3672 1529 3742 φυλακισθέντες
1551 3675 1655 3729 ὑπὸ
1669 3675 1776 3729 τῶν
1797 3676 1878 3729 δε-

313 3784 329 3814 ι
360 3763 589 3829 σποτῶν,
604 3765 1090 3837 καταπειληθέντες
1105 3766 1374 3819 τε¹⁵’”·ύπ’
1388 3765 1565 3820 αὐτῶν
1580 3767 1674 3821 καὶ
1687 3767 1773 3821 διὰ
1788 3768 1877 3822 τὸν

312 3874 332 3907 ι
371 3856 531 3925 φόϐον
552 3856 730 3910 αὐτῶν
750 3858 830 3920 είς
848 3856 1005 3910 τοῦτο
1028 3856 1340 3927 ἐληλυθότες
1363 3858 1459 3910 καὶ
1476 3857 1875 3930 ὀλισθήσαντες,

311 3966 328 3996 ι
365 3947 423 3999 ἐν
457 3947 593 3978 ¹⁸⁶⁹¹¹⁹
621 3944 851 4017 ἐνιαυτῷ
877 3945 945 3999 τὰ
977 3945 1076 4016 τῆς
1127 3946 1411 4017 μετανοίας
1443 3945 1581 4020 ἔργα
1623 3947 1876 4012 δείξουσι,

311 4056 330 4088 ι
375 4039 731 4107 μανθάνοντες
750 4036 845 4091 τοῦ
860 4037 1068 4102 λοιποῦ,
1087 4037 1159 4101 ὼς
1182 4036 1355 4091 δοῦλοι
1372 4038 1608 4110 Χριστοῦ
1630 4042 1799 4093 ποιεῖν
1817 4041 1878 4094 τὸ

311 4150 331 4182 ι
373 4131 583 4203 θέλημα
617 4128 712 4184 τοῦ
744 4128 980 4202 Χριστοῦ
1012 4128 1192 4195 um“,
1228 4134 1320 4184 καὶ
1365 4130 1646 4200 φοϐεῖσθαι
1679 4132 1873 4186 αὐτόν·

311 4240 331 4272 ι
367 4220 652 4285 ἀκούοντες
688 4220 940 4293 μάλιστα,
971 4220 1050 4273 δτι
1083 4218 1339 4286 ἕκαστος
1362 4218 1472 4273 ἐάν
1518 4217 1580 4292 [λ.
1625 4219 1654 4273 δ
1687 4220 1776 4291 ἄν]
1823 4237 1879 4273 τι

310 4332 330 4365 ι
366 4313 591 4383 ποιήσῃ
622 4311 865 4381 ἀγαθὸν,
900 4310 1073 4366 τοῦτο
1100 4311 1402 4381 κομίσεται
1439 4311 1596 4380 παρὰ
1634 4313 1874 4381 Kvplov,

311 4423 331 4454 ι
368 4403 488 4457 εἴτε
519 4402 738 4469 δοῦλος
763 4402 881 4456 εἴτε
911 4402 1225 4469 ἐλεύθερός
1246 4403 1380 4457 ἐστι
1422 4404 1487 4456 ³⁸.
1526 4423 1545 4454 ι

375 4495 570 4549 ΒΛΛΣ.
599 4494 737 4558 Τοὺς
778 4493 920 4548 κατὰ
950 4493 1194 4549 κέλευσιν
1242 4497 1334 4549 καὶ
1374 4496 1602 4568 ἀπειλὴν
1643 4497 1751 4551 τῶν
1791 4498 1877 4552 δε-

306 4585 520 4641 σποτῶν
567 4585 830 4650 θύσαντας
873 4585 1091 4651 δούλους
1136 4588 1227 4641 ἐπὶ
1278 4587 1520 4642 ἐνιαυτὸν
1572 4590 1801 4661 ἐπιτιμᾷ
1848 4590 1877 4643 ὁ

306 4679 493 4751 Πατὴρ
528 4673 715 4743 οὗτοςο
749 4678 824 4743 ὡς
865 4680 962 4751 μὲν
988 4678 1096 4752 γὰρ
1128 4679 1392 4734 πεισθεῖσι
1439 4684 1554 4746 τοῖς
1590 4682 1877 4747 δεσπόταις

2584 3385 2817 3443 CANON
2841 3386 2934 3444 Vl.

2056 3506 2074 3539 ι
2112 3484 2152 3541 Ii
2175 3492 2355 3541 autem
2389 3483 2482 3555 qui
2530 3497 2718 3539 servos
2744 3478 3086 3536 Christianos
3138 3490 3237 3547 pro
3260 3490 3319 3531 se
3346 3474 3546 3532 submi-

1984 3600 2004 3633 ‹
2037 3586 2247 3645 serunt,
2279 3577 2421 3633 servi
2474 3574 2720 3646 quidem,
2778 3581 2838 3628 ut
2869 3570 2962 3643 qui
2985 3570 3088 3642 ipsi
3127 3569 3231 3625 sub
3262 3583 3425 3623 manu
3456 3582 3547 3624 es-

1984 3693 2004 3727 ι
2035 3679 2176 3736 sent,
2205 3678 2260 3725 et
2290 3664 2691 3739 quodammodo
2714 3663 2817 3734 ipsi
2853 3677 3072 3733 quoque
3101 3661 3156 3715 in
3199 3659 3544 3714 dominorum

1984 3784 2003 3817 ‹
2043 3760 2293 3818 custodia
2315 3765 2520 3822 essent,
2551 3755 2823 3825 minisque
2854 3753 2926 3809 ab
2960 3753 3095 3823 ipsis
3119 3751 3313 3813 territi,
3337 3757 3390 3806 et
3419 3765 3547 3820 pro-

1983 3873 2004 3906 ι
2039 3865 2158 3925 pter
2184 3866 2376 3907 eorum
2426 3855 2631 3904 metum
2684 3861 2748 3901 eo
2793 3843 3062 3915 compulsi
3095 3849 3150 3898 et
3200 3842 3360 3912 lapsi,
3400 3854 3545 3895 anno

1984 3965 2004 3998 ι
2038 3959 2202 4016 opera
2232 3940 2566 4014 poenitentia:
2609 3937 2916 4003 ostendent,
2947 3947 3001 3992 et
3041 3936 3299 4007 deinceps
3330 3933 3546 3990 discerno

1984 4057 2003 4090 ι
2036 4046 2138 4104 tes,
2161 4043 2222 4090 ut
2253 4033 2395 4090 servi
2419 4019 2648 4095 Christi,
2682 4030 2860 4085 facere
2888 4028 3094 4085 Christi
3130 4028 3465 4083 voluntatem
3487 4032 3543 4080 et

1985 4148 2004 4181 ι
2038 4142 2161 4184 eum
2199 4124 2389 4179 timere
2423 4141 2436 4177 :
2467 4121 2752 4177 audientes
2808 4119 3062 4184 maxime,
3085 4118 3228 4190 quod
3265 4116 3547 4187 unusquis-

1984 4238 2003 4272 ι
2044 4234 2163 4289 que,
2204 4216 2408 4287 siquid
2457 4212 2577 4268 boni
2610 4214 2814 4282 fecerit,
2865 4210 2962 4266 hoc
3017 4211 3147 4281 feret
3194 4227 3228 4264 a
3293 4208 3541 4274 Domino,

1985 4328 2004 4361 ι
2039 4309 2143 4363 sive
2163 4322 2342 4361 servus
2366 4305 2474 4360 sive
2505 4304 2635 4358 liber
2667 4305 2737 4359 sit
2764 4315 2813 4359 α.
2849 4322 2868 4356 ι

2048 4487 2209 4543 Βλιε.
2238 4485 2437 4543 Servos
2459 4484 2551 4555 qui
2585 4483 2927 4538 dominorum
2956 4482 3117 4552 jussu
3144 4495 3209 4536 ac
3259 4480 3425 4536 minis
3450 4497 3542 4537 sa-

1978 4583 2315 4648 criﬁcarunt,
2341 4593 2484 4634 anno
2507 4574 2664 4648 punit
2691 4576 2781 4630 hic
2809 4573 2971 4628 Pater
3006 4592 3020 4628 :
3056 4579 3116 4628 ut
3151 4571 3244 4643 qui
3267 4572 3413 4627 enim
3438 4571 3541 4628 do-

1977 4674 2127 4728 mino
2155 4671 2459 4744 paruerint,
2490 4667 2746 4738 ignoscit,
2793 4676 2846 4722 et
2890 4681 3054 4736 grave
3077 4665 3406 4736 supplicium
3433 4681 3545 4722 non

306 4773 698 4842 συγγνωμονεῖ,
721 4771 814 4825 καὶ
845 4771 1063 4843 βαρεῖαν
1099 4772 1199 4825 οὐκ
1219 4773 1413 4841 ἐπάγει
1436 4773 1653 4827 κόλασιν
1672 4791 1686 4804 ο
1717 4774 1792 4838 ὠς
1818 4774 1874 4827 δὲ

1980 4765 2172 4837 inﬂigit
2204 4784 2218 4820 :
2251 4770 2311 4819 ut
2343 4763 2435 4832 qui
2466 4767 2646 4815 autem
2692 4758 2805 4814 sint
2825 4761 2998 4828 magis
3032 4755 3239 4812 Christi
3292 4756 3456 4822 servi,
3489 4766 3545 4813 et

304 4858 507 4927 δούλοις
522 4861 755 4935 Χριστοῦ
775 4862 973 4935 μᾶλλον
991 4858 1049 4917 οῦ
1058 4881 1127 4929 σι,
1146 4864 1394 4918 κάκεῖνον
1415 4864 1575 4919 πλέον
1593 4865 1870 4936 φοϐεῖσθαι

1977 4876 2102 4917 eum
2125 4860 2325 4916 debent
2350 4854 2524 4926 magis
2550 4862 2816 4917 metuere,
2840 4850 3167 4907 mediocrem
3196 4865 3413 4921 pinnam
3447 4850 3545 4904 im-

305 4955 596 5026 ὀφείλουσι,
610 4957 844 5027 μετρίως
859 4956 1104 5027 ἐπιτιμᾷ.
1121 4956 1412 5023 ’Ἕκαστος
1426 4956 1558 5027 γὰρ,
1577 4957 1710 5029 φησι
1729 4957 1870 5012 κατὰ

1974 4952 2141 5024 ponit.
2179 4948 2541 5020 Unusquisque
2554 4947 2714 5008 enim,
2737 4942 2938 5015 inquit,
2966 4943 3267 5000 secundum
3288 4957 3541 5014 magnum

246 5128 249 5129 ν
307 5048 394 5103 τὸν
416 5048 589 5121 μέγαν
615 5048 845 5114 Παῦλον,
880 5048 910 5102 ὃ
935 5047 1045 5102 ἐὰν
1067 5046 1292 5117 ποιήσῃ
1316 5049 1558 5113 ἀγαθὸν,
1590 5049 1872 5118 κομιεῖται

1974 5042 2224 5105 Paulum,
2253 5039 2387 5112 quod
2414 5039 2592 5108 fecerit
2618 5036 2810 5093 bonum
2835 5052 2871 5091 a
2898 5034 3124 5091 Domino
3176 5037 3406 5106 recipiet,
3437 5036 3543 5090 sive

306 5141 480 5195 τοῦτο
507 5146 667 5210 παρά
697 5141 938 5210 Κυρίου,
964 5140 1084 5195 εἴτε
1115 5139 1336 5208 δοῦλος
1371 5141 1491 5195 εἴτε
1536 5141 1869 5224 ἐλεύθερος.

1975 5153 2151 5194 servus
2170 5137 2274 5189 sive
2299 5133 2448 5189 liber.

377 5233 619 5287 ΖΩΝΑΡ.
658 5233 812 5297 Τινὲς
842 5233 1059 5298 δούλους
1089 5234 1323 5298 οἰκείους
1358 5220 1728 5305 Χριστιανοὺς
1755 5232 1873 5287 ἀνθ’

2048 5227 2255 5282 Zon‘an.
2279 5223 2539 5282 Nonnulli
2572 5237 2761 5280 servos
2794 5237 2925 5279 suos
2962 5220 3330 5284 Christianos,
3362 5230 3461 5287 pro
3483 5231 3545 5272 se

309 5323 512 5379 ἑαυτῶν
535 5327 631 5379 καλ⁵
656 5325 895 5380 ἀκόντων
912 5324 976 5399 [Ῑ.
992 5326 1241 5400 ἄκοντας]
1256 5326 1523 5380 ὑπέϐαλον
1549 5325 1714 5381 θύειν,
1739 5325 1874 5390 Τοὺς

1979 5322 2149 5394 ipsis,
2203 5318 2366 5376 etiam
2415 5317 2614 5373 invitos
2659 5314 2729 5371 ad
2785 5314 3174 5372 immolandum
3217 5309 3542 5369 submisere.

378 5490 406 5519 ι
432 5479 620 5550 Ephes.
646 5496 723 5546 vn,
751 5480 804 5536 8.

1637 5609 1872 5668 ἻΑΒΙᾹΞ
1923 5606 2326 5668 LECTIONES.

412 5778 480 5812 "'
514 5779 873 5845 ἐκκλίνοντας.
952 5781 1040 5813 ί⁸⁶⁴
1068 5781 1102 5851 ἢ
1129 5780 1223 5834 καὶ
1253 5780 1305 5835 εῖ
1322 5794 1483 5845 τινες.
1559 5777 1669 5813 ³³η·
1695 5797 1752 5835 τε
1781 5796 1889 5838 om.
1993 5779 2125 5812 ""“
2153 5778 2213 5833 ἐν
2242 5793 2353 5835 om.
2432 5777 2587 5810 ¹¹”““
2617 5774 2771 5830 Θεοῦ.
2848 5773 2891 5805 ⁸⁸
2920 5768 3070 5827 deest
3096 5767 3233 5825 ἐστι.
