4088 6284
410 349 516 405 Πθ

1433 335 1491 392 S.
1532 334 1734 390 PETRI
1768 325 2233 388 ALEXANDRINI
2272 317 2582 378 EPISCOPI

3533 302 3642 356 £80

411 438 590 494 Hosce
615 434 782 508 igitur
818 447 1027 496 servos,
1055 429 1305 500 quamvis
1359 427 1705 484 dominorum
1733 425 1984 494 jussione
2014 472 2017 481 .

2122 415 2324 478 ούλους,
2365 413 2413 466 εί
2441 414 2535 467 καὶ
2564 407 2810 464 κελεύσει
2844 402 2950 458 τῶν
2979 397 3246 455 δεσποτῶν
3287 394 3504 457 ἔθυσαν,
3533 393 3654 463 βια-

2128 506 2174 508 ”
2577 502 2589 508 -
2683 497 2737 508 --
2813 498 2824 508 -
2903 495 2914 508 -
3027 491 3052 508 Α
3086 490 3324 508 «ius---
3411 481 3654 508 1-..-..4.-.

411 529 613 594 coacti,
641 543 749 582 non
787 532 967 578 autem
1026 536 1126 578 sua
1170 521 1470 584 voluntate,
1532 515 1981 580 sacriﬁcaverint,

413 637 613 677 annum
643 620 698 674 in
729 615 1046 688 poenitentia
1087 613 1282 683 degere
1315 612 1402 666 hic
1447 609 1609 664 Pater
1633 608 1785 679 jubet
1819 625 1832 661 :
1867 621 1982 661 me-

414 713 748 778 minisseque
781 721 841 760 se
876 720 999 759 cum
1025 703 1134 760 sint
1162 702 1365 766 ﬁdeles,
1388 715 1509 755 esse
1539 695 1746 753 Christi
1775 710 1984 760 servos,

415 811 654 868 eumque
687 794 862 865 magis
887 794 1078 847 timere
1101 799 1353 861 oportere
1391 806 1404 842 :
1458 803 1522 841 ac
1553 800 1986 857 unumquemque,

417 897 477 944 ut
507 901 736 959 magnus
763 885 841 940 ait
873 885 1187 955 Apostolus,
1224 885 1328 938 sive
1351 896 1580 948 servum,
1610 879 1714 933 sive
1745 876 1987 944 liberum,

415 997 532 1053 qua:
564 979 743 1051 fecerit
768 985 1182 1047 reportaturum.

1019 1064 1250 1123 CANON
1281 1064 1392 1120 Vll.

497 1181 518 1215 ι
557 1159 740 1217 Liberi
777 1167 960 1215 autem
1003 1158 1180 1213 tribus
1212 1157 1376 1212 annis
1427 1155 1481 1210 in
1530 1154 1849 1227 pmnitentia
1871 1169 1994 1209 exa-

428 1273 446 1304 ‹
493 1251 849 1306 minahuntur
880 1289 895 1316 ,
953 1255 1066 1302 tum
1130 1247 1278 1317 quod
1325 1246 1824 1305 dissimulaverint,
1879 1252 1996 1300 tum

429 1363 447 1396 ι
486 1342 631 1415 quod
661 1341 940 1398 eﬁ'ecerint
973 1347 1032 1394 ut
1067 1339 1317 1394 conservi
1382 1338 1773 1400 sacriﬁcarent,
1816 1343 1876 1390 ut
1902 1333 1997 1404 qui

430 1455 449 1488 ι
485 1434 745 1506 Apostolo
777 1448 888 1486 non
926 1432 1257 1494 obedierint,
1289 1431 1382 1500 qui
1423 1429 1537 1484 vult
1568 1440 1595 1469 α
1636 1427 1875 1482 dominos
1907 1443 1999 1480 ea-

432 1548 451 1581 ι
492 1527 609 1584 dem
637 1527 808 1594 facere
830 1541 947 1598 quae
967 1526 1122 1588 servi,
1164 1525 1482 1578 remittentes
1508 1524 1701 1576 minas.
1742 1520 1996 1587 Scientes,

434 1640 452 1673 ι
495 1620 691 1692 inquit,
721 1617 860 1690 quod
886 1627 1062 1672 noster
1087 1634 1289 1688 quoque
1314 1617 1612 1685 eLipsorum
1640 1613 1896 1667 Dominus
1921 1620 2000 1667 est

435 1728 453 1760 ι
491 1709 548 1763 in
583 1708 748 1772 caelis,
781 1716 832 1762 et
856 1725 961 1761 non
991 1715 1068 1760 est
1106 1705 1246 1776 apud
1305 1721 1422 1759 eum
1455 1719 1801 1773 personarum
1848 1719 2000 1757 acce-

2087 506 2338 569 σθέντες,
2385 504 2496 557 ἀλλ’
2538 502 2638 555 οὐκ
2679 497 2739 562 ἑξ
2779 495 2977 549 οἰκείου
3026 490 3359 560 θελήματος,
3409 481 3655 538 ἑνιαυτδν

2086 599 2143 650 ἑν
2166 593 2420 667 μετανοίᾳ
2446 585 2894 660 διάγεινόΠατὴρ
2919 578 3071 644 οὗτος
3098 576 3404 649 διορίζεται,
3433 572 3527 626 καὶ
3552 589 3658 655 μα-

2087 688 2219 752 θεῖν,
2245 689 2347 752 ὅτι,
2382 686 2563 740 πιστοὶ¹
2591 683 2762 744 ὅντες,
2790 674 3024 750 Χριστοῦ
3047 670 3219 727 δοῦλοί
3254 671 3380 733 εἰσι,
3408 669 3660 721 κάκεῖνον

2091 781 2292 852 μᾶλλον
2322 775 2603 848 φοϐεῖσθαι
2637 771 2935 842 ὀφείλουσι·
2967 767 3060 820 καὶ
3099 765 3180 816 ὅτι
3219 762 3491 852 ἕκαστος,
3520 759 3661 810 κατὰ

2087 848 2178 922 τὸν
2203 871 2372 940 μέγαν
2415 865 2753 926 Ἀπόστολον,
2773 861 2803 915 ὃ
2833 861 2939 914 ἐὰν
2963 854 3184 922 ποιήσῃ
3212 851 3512 922 κομιεῖται,
3541 848 3664 902 εἴτε

2090 962 2310 1035 δοῦλος
2343 961 2462 1014 εἴτε
2494 959 2826 1023 ἐλεύθερος.

2700 1043 2938 1100 ΚΑΝΩΝ
2978 1042 3048 1095 Z'.

2169 1161 2187 1196 ι
2226 1141 2288 1195 Οἱ
2327 1140 2385 1194 δὲ
2415 1138 2685 1209 ἐλεύθεροι
2719 1138 2777 1189 ὲν
2803 1133 2976 1206 τρισὶν
3010 1131 3184 1182 ἔτεσιν
3217 1122 3668 1194 ἑξετασθήσονται

2099 1253 2118 1286 ι
2158 1237 2218 1288 ἐν
2244 1231 2519 1305 μετανοίᾳ,
2543 1233 2636 1286 καὶ
2656 1230 2731 1293 ὼς
2752 1225 3176 1297 ὑποκρινάμενοι
3195 1219 3281 1282 ιν,
3301 1217 3393 1271 καὶ
3407 1215 3481 1280 ὡς
3498 1231 3672 1267 κατα-

2101 1344 2120 1378 ι
2154 1324 2525 1394 ναγκάσαντες
2550 1321 2674 1384 τοὺς
2703 1315 3022 1390 ὁμοδούλους
3045 1311 3223 1373 θῦσαι,
3249 1308 3343 1362 ἆτε
3369 1307 3455 1338 ¹⁶¹⁶
3480 1305 3543 1376 δή
3566 1321 3671 1357 παρ-

2103 1437 2120 1470 ι
2165 1417 2527 1490 ρακούσαντες
2570 1413 2664 1466 τοῦ
2721 1408 3038 1463 Ἀποστόλου
3094 1403 3165 1458 τὰ
3223 1402 3374 1455 αὐτὰ
3422 1396 3670 1456 θέλοντος

2104 1531 2122 1564 ι
2159 1487 2350 1566 ποιεῖν
2393 1505 2535 1572 τοὺς
2579 1501 2878 1564 δεσπότας
2928 1496 3050 1562 τοῖς
3091 1493 3356 1555 δούλοις,
3396 1487 3674 1551 ἀνιέντας
3721 1548 3723 1550 _

2106 1622 2126 1657 ι
2164 1603 2276 1670 τὴν
2307 1597 2598 1664 ἀπειλήν·
2649 1593 2872 1658 εἰδότες
2911 1590 2974 1653 ¹⁷,
3018 1586 3201 1657 φησιν,
3247 1582 3336 1635 ὅτι
3373 1577 3676 1670 καὶᾼνὴμῶτς

2107 1712 2125 1744 ι
2168 1666 2266 1746 κάι
2297 1687 2493 1743 αὐτῶν
2522 1687 2587 1717 ιτ*
2609 1687 2640 1738 ό
2663 1683 2876 1751 Κύριός
2899 1679 3069 1732 ἐστιν
3093 1675 3134 1706 ³⁸
3160 1673 3227 1726 ἐν
3252 1667 3546 1739 οὐρανοῖς,
3574 1666 3674 1719 καὶ

436 1820 456 1853 ι
491 1801 622 1871 ptio.
653 1799 710 1854 Si
736 1815 904 1854 unum
930 1807 1112 1854 autem
1172 1813 1363 1854 omnes
1390 1798 1654 1851 habemus
1685 1795 1999 1859 Dominum,

2122 1804 2127 1836 ι
2167 1779 2648 1852 προσωποληψία
2679 1774 2813 1844 παρ’
2847 1767 3004 1836 αὑτῷ
3033 1770 3141 1823 οὐκ
3173 1767 3360 1820 ἐστιν.
3399 1763 3461 1815 Εἰ
3498 1761 3553 1815 δὲ
3577 1759 3680 1812 Eva.

438 1909 458 1944 ι
495 1890 632 1961 apud
680 1906 833 1962 quem
862 1906 966 1945 non
1017 1899 1094 1942 est
1132 1903 1478 1959 personarum
1511 1887 1741 1956 acceptio
1774 1886 1835 1954 b;
1868 1901 2004 1956 quoe

439 2001 459 2036 ι
497 1984 643 2039 niam
666 1993 714 2037 et
746 1983 946 2046 omnia,
980 1991 1029 2036 et
1059 1981 1113 2035 in
1137 1979 1376 2034 omnibus
1402 1989 1479 2034 est
1503 1979 1768 2044 Christus,
1792 1979 1846 2032 in
1877 1978 2008 2032 Bar-

441 2095 460 2128 ι
505 2074 647 2130 baris
685 2084 736 2130 et
765 2073 998 2144 Scythis,
1032 2075 1193 2128 servis
1227 2083 1276 2127 et
1307 2072 1482 2127 liberis
1523 2083 1544 2111 ο
1582 2091 1595 2127 :
1647 2071 1848 2127 debent
1873 2086 2007 2126 con-

351 2241 370 2253 .
444 2188 463 2220 ι
505 2167 750 2224 siderare
805 2166 950 2237 quod
983 2164 1252 2229 fecerunt,
1282 2164 1526 2220 volentes
1578 2179 1735 2220 suam
1763 2165 2005 2238 ipsorum

443 2281 460 2312 ι
500 2263 740 2316 animam
793 2271 1048 2329 servare;
1084 2260 1176 2331 qui
1235 2274 1530 2315 conservos
1569 2269 1789 2315 nostros
1826 2267 2010 2314 traxe-

445 2370 470 2406 ι
496 2362 625 2409 runt
647 2353 716 2408 ad
747 2353 1129 2417 idololatriam,
1147 2351 1241 2422 qui
1266 2359 1518 2422 poterant
1539 2361 1594 2406 et
1615 2350 1719 2420 ipsi
1749 2351 2005 2422 eﬁ'ugere.

446 2463 466 2495 ι
498 2445 543 2500 si
570 2443 662 2514 jus
691 2451 746 2498 et
771 2443 1136 2513 asqualitatem
1159 2440 1294 2511 ipsis
1315 2439 1676 2510 praebuissent
1717 2443 1778 2493 ut
1815 2452 2010 2492 rursus

445 2551 466 2588 ι
501 2535 634 2590 dicit
655 2534 970 2605 Apostolus.
1009 2552 1028 2584 ι

513 2709 676 2764 Βλιε.
725 2707 940 2765 Liberis
972 2715 1154 2763 autem
1189 2722 1284 2762 seu
1328 2706 1564 2762 dominis
1603 2721 1888 2762 servorum
1921 2720 2012 2761 sa-

446 2801 696 2856 criﬁcare
720 2810 1060 2864 coactorum,
1094 2799 1316 2855 triennii
1341 2814 1557 2870 poenam
1586 2798 1842 2869 injungit,
1869 2796 2014 2868 quod

449 2900 503 2949 et
533 2892 845 2948 sacriﬁcare
895 2893 1244 2959 simularunt,
1301 2902 1350 2947 et
1389 2892 1611 2945 omnino
1645 2905 1885 2946 annuere
1913 2888 2016 2944 visi

451 2993 604 3048 sunt,
638 2994 694 3040 et
741 2986 888 3056 quod
922 3001 1215 3041 conservos
1247 2984 1558 3038 sacriﬁcare
1604 2988 1921 3052 coegerunt,
1965 2989 2019 3038 et

453 3077 601 3149 quod
631 3077 894 3148 Apostolo
921 3093 1027 3133 non
1075 3086 1372 3149 paruerunt
1396 3075 1612 3145 jubenti
1657 3075 1816 3130 servis
1848 3076 2018 3128 minas

452 3171 749 3235 remittere;
781 3179 969 3241 utpote
1001 3186 1126 3226 cum
1158 3171 1261 3240 ipsi
1292 3183 1509 3238 quoque
1538 3167 1746 3221 domini
1786 3167 1878 3222 Dei
1908 3182 2025 3222 ser-

456 3261 507 3315 vi
532 3261 663 3323 sint,
699 3269 753 3315 et
785 3259 1112 3314 famulorum
1147 3257 1418 3313 conservi.
1455 3257 1631 3326 Atque
1661 3256 1764 3325 ipsi
1806 3254 2025 3325 quidem

455 3349 783 3408 festinarunt
813 3366 967 3406 suam
991 3366 1209 3407 servare
1241 3349 1498 3411 animam,
1529 3362 1824 3402 CODSCI‘VOS
1843 3354 2026 3401 autem

456 3463 587 3505 suos
617 3445 686 3502 ad
705 3446 1067 3502 idololatriam
1081 3443 1592 3516 compulerunt,qui
1623 3450 1874 3513 poterant
1894 3439 2031 3496 εαυ-

454 3554 600 3612 gere.

528 3631 732 3686 lorum.
765 3629 978 3685 Liberis
1001 3639 1201 3693 autem,
1233 3627 1338 3683 hoc
1374 3636 1457 3682 est
1483 3625 1719 3681 dominis
1749 3640 2030 3682 servorum

459 3724 555 3796 qui
590 3723 904 3780 sacriﬁcare
939 3731 1068 3779 sunt
1117 3721 1317 3784 coacti,
1350 3719 1572 3774 triennii
1597 3733 1814 3789 poenam
1849 3717 2035 3786 injun-

458 3816 536 3888 git
568 3835 582 3871 :
620 3822 736 3870 tum
769 3815 899 3886 quia
957 3813 1268 3869 sacriﬁcare
1316 3827 1374 3867 se
1417 3811 1768 3874 simularunt,
1806 3823 1870 3862 ac
1908 3822 2035 3861 suc-

459 3910 718 3963 cumbere
770 3907 994 3962 omnino
1027 3905 1128 3961 visi
1179 3912 1353 3959 sunt:
1390 3911 1503 3957 tum
1563 3903 1692 3973 quia
1739 3916 2034 3956 conservos

461 4008 756 4070 coegerunt
780 4007 838 4054 ut
865 3999 1239 4064 immolarent;
1266 4012 1367 4052 nec
1426 3992 1868 4066 obtemperat-unt
1897 3993 2040 4063 Apo-

464 4093 604 4148 stolo
625 4091 838 4160 iubenti
869 4092 1034 4146 servis
1084 4091 1255 4144 minas
1280 4090 1574 4151 remittere;
1608 4102 1732 4141 cum
1769 4087 1870 4156 ipsi
1903 4101 2040 4155 quo-

470 4199 577 4255 que
595 4183 803 4239 domini
857 4185 967 4240 sint
994 4182 1086 4237 Dei
1111 4182 1274 4247 servi,
1310 4191 1364 4237 et
1395 4181 1720 4236 famulorum
1761 4178 2035 4236 consenvi.

467 4277 550 4330 Ac
575 4275 676 4346 ipsi
709 4274 927 4346 quidem
968 4275 1298 4331 festinarunt
1346 4288 1500 4328 suam
1535 4287 1754 4329 servare
1775 4270 2036 4334 animam,

469 4381 763 4422 conservos
787 4379 988 4431 autem,
1036 4365 1129 4436 qui
1153 4361 1390 4435 eﬁ‘ugere
1413 4371 1661 4434 poterant
1708 4360 1776 4416 ad
1808 4361 2039 4416 idolola-

471 4460 631 4516 triam
666 4457 1068 4529 compulerunt.

1063 4543 1289 4602 CANON
1328 4543 1465 4600 Vill.

553 4663 570 4694 ι
612 4645 681 4696 Iis
705 4650 884 4696 autem
910 4638 1001 4710 qui
1026 4636 1224 4710 proditi
1255 4645 1402 4703 sunt,
1433 4645 1487 4692 et
1508 4634 1846 4698 exciderunt,
1876 4636 1968 4704 qui
1994 4644 2047 4690 et

481 4757 498 4791 ι
534 4737 635 4808 ipsi
660 4735 727 4790 ad
769 4743 1042 4790 certamen
1073 4739 1443 4795 accesserunt,
1473 4744 1533 4784 se
1563 4743 1686 4784 esse
1710 4727 2048 4783 Christianos

483 4847 500 4880 ι
537 4828 876 4890 conﬁtentes,
895 4834 948 4881 et
971 4826 1024 4879 in
1049 4823 1347 4880 custodiam
1372 4836 1496 4876 cum
1520 4819 1803 4874 tormentis
1819 4819 2046 4888 conjecti

484 4941 501 4973 ι
533 4929 694 4976 sunt:
737 4933 951 4990 aequum
991 4926 1076 4972 est
1113 4918 1166 4972 in
1197 4915 1558 4972 exsultatione
1587 4913 1770 4970 cordis
1794 4915 1935 4970 vires
1968 4915 2044 4968 si-

483 5035 503 5069 (
535 5015 647 5070 ιιιυί
673 5014 888 5077 addere,
916 5023 971 5068 ct
992 5013 1070 5069 eis
1094 5012 1148 5068 in
1177 5011 1432 5068 omnibus
1457 5009 1874 5073 communicare,
1908 5019 1962 5064 et
1992 5009 2045 5064 in

487 5122 507 5156 ι
537 5103 899 5168 orationibus,
933 5113 987 5156 et.
1035 5103 1088 5155 in
1120 5099 1528 5170 participatione
1565 5099 1810 5169 corporis
1842 5107 1897 5154 et
1923 5114 2050 5154 san.-

489 5216 507 5247 ι
539 5195 721 5267 guinis
770 5192 1014 5255 Christi,
1065 5201 1116 5246 et
1171 5190 1438 5247 sermonis
1489 5188 1862 5244 adhortatione
1920 5203 1933 5238 :
1993 5198 2051 5243 ut

558 5347 583 5376 ι
616 5333 807 5406 Ephes.
841 5352 918 5401 vr,
953 5335 1006 5391 9.
1082 5337 1111 5378 δ
1134 5335 1284 5390 Rom.
1310 5351 1372 5402 ιι,
1409 5336 1495 5391 il.

1575 5347 1596 5376 ε
1623 5334 1830 5391 Coloss.
1861 5349 1945 5400 ιιι,
1979 5333 2064 5387 Η.

2113 1899 2130 1932 ι
2173 1878 2372 1950 Κύριον
2421 1874 2632 1946 ἔχωμεν
2663 1870 2705 1902 ¹⁹
2735 1869 2784 1922 οἱ
2818 1867 3037 1928 πάντες,
3082 1857 3680 1928 ἁπροσωπόληπτον,

2113 1991 2131 2024 ι
2172 1945 2291 2024 ἑπεῖι
2319 1967 2415 2022 καὶ
2451 1964 2648 2018 πάντα
2686 1959 2784 2015 καὶ
2837 1959 2907 2012 ἐν
2932 1954 3121 2010 πᾶσιν
3147 1952 3316 2005 ἐστιν
3339 1951 3370 2002 ό
3402 1945 3678 2015 Χριστὸς,

2114 2083 2131 2114 ι
2169 2063 2240 2117 ἐν
2293 2078 2357 2115 τε
2399 2054 2727 2126 βαρϐάροις
2778 2050 2874 2105 καὶ
2933 2048 3223 2108 Σκύθαις,
3279 2041 3519 2104 δούλοις
3581 2037 3679 2090 κιιί

2114 2173 2133 2207 ι
2172 2150 2538 2220 ἐλευθέροις,
2581 2147 2802 2200 σκοπεῖν
2853 2140 3153 2211 ὀφείλουσιν
3184 2135 3211 2187 ὃ
3259 2131 3685 2203 κατειργάσαντο

2117 2268 2134 2298 ι
2173 2245 2494 2316 θελήσαντες
2525 2240 2623 2311 τήν
2650 2235 2824 2306 ψυχὴν
2853 2231 3057 2286 ἑαυτῶν
3089 2228 3259 2282 σῶσαι
3281 2224 3349 2288 ’°,
3375 2227 3494 2288 τοὺς
3537 2223 3592 2276 δὲ
3610 2223 3682 2254 ²⁰⁶

2117 2359 2134 2390 ι
2174 2313 2487 2398 συνδούλους
2504 2330 2709 2386 ἑαυτῶν
2721 2329 2764 2360 ²¹
2777 2326 3100 2386 ἑλκύσαντες
3116 2321 3208 2374 ἐπὶ
3225 2315 3504 2371 εἰδωλολατ
3512 2313 3683 2385 ρείαν,

2120 2449 2137 2481 ι
2176 2427 2508 2498 δυναμένους
2535 2422 2628 2476 καὶ
2655 2419 2849 2481 αὐτοὺς
2877 2415 3157 2485 ἐκφυγεῖν,
3188 2412 3236 2462 εἰ
3269 2407 3327 2462 τὸ
3351 2407 3553 2460 δίκαιον
3586 2403 3684 2456 καὶ

2121 2538 2139 2570 ι
2181 2518 2277 2589 τήν
2316 2493 2535 2584 ἰσότητα
2564 2508 2705 2582 ἦσαν
2753 2509 2932 2571 αὐτοῖς
2966 2500 3338 2576 παρασχόντες
3363 2537 3377 2560 ,
3419 2497 3493 2559 ὼς
3527 2493 3688 2547 πάλιν

2121 2631 2140 2664 ι
2179 2613 2206 2664 ὁ
2241 2605 2558 2668 Ἀπόστολος
2588 2603 2757 2672 λέγει.
2792 2620 2809 2652 i

2186 2701 2381 2755 ΒΑΛΣ.
2413 2701 2537 2761 Τοῖς
2569 2697 2624 2749 δὲ
2656 2693 2978 2765 ἐλευθέροις,
2997 2690 3114 2760 ἢτοι
3135 2689 3245 2750 τοῖς
3271 2681 3556 2743 δεσπόταις
3583 2677 3693 2732 τῶν

2120 2796 2448 2866 βιασθέντων
2476 2791 2635 2845 θῦσαι
2662 2788 2882 2851 δούλων,
2916 2784 3008 2837 ἐπὶ
3041 2780 3277 2854 τριετίαν
3315 2774 3573 2846 ἐπιτιμᾷ·
3606 2772 3691 2825 ὅτι

2117 2904 2180 2938 τε
2214 2883 2584 2956 ὑπεκρίθησαν
2615 2879 2797 2942 θῦσαι,
2832 2876 2926 2930 καὶ
2953 2873 3088 2936 ὅλως
3121 2869 3303 2934 ἔδοξαν
3336 2864 3692 2925 κατανεῦσαι,

2122 2978 2217 3033 καὶ
2247 2979 2326 3031 ὅτι
2359 2955 2483 3040 τοὺς
2530 2971 2848 3032 συνδούλους
2899 2966 3211 3038 ἠνάγκασαν
3243 2959 3436 3021 θῦσαι,
3472 2955 3565 3010 καλ¹
3611 2955 3695 3008 ὅτι

2126 3070 2478 3142 παρήκουσαν
2507 3070 2598 3120 τοῦ
2633 3061 2953 3118 Ἀποστόλου
2981 3055 3290 3117 κελεύοντος
3315 3049 3542 3106 ἀνιέναι
3572 3047 3696 3111 τοῖς

2128 3161 2369 3228 δούλοις
2399 3160 2510 3228 τὴν
2543 3157 2822 3225 ἀπειλὴν,
2872 3154 2947 3216 ὡς
2991 3151 3084 3204 καλ⁵
3129 3147 3234 3200 τῶν
3271 3143 3539 3198 δεσποτῶν
3575 3139 3695 3194 δούε

2129 3252 2235 3306 λων
2283 3251 2448 3305 ὄντων
2482 3249 2558 3321 τῷ
2591 3249 2800 3320 Κυρίῳ,
2839 3245 2932 3299 καὶ
2962 3245 3075 3305 τοῖς
3101 3240 3334 3302 οἰκέταις
3374 3235 3689 3290 συνδούλων.

2130 3347 2241 3400 Κοιλ⁸
2283 3345 2434 3398 αὐτοὶ
2472 3343 2570 3414 μὲν
2611 3341 2879 3394 ἔσπευσαν
2908 3336 3004 3408 τὴν
3041 3331 3243 3386 οἰκείαν
3276 3329 3443 3382 σῶσαι
3477 3326 3656 3397 ψυχὴν
3677 3365 3694 3388 ,

2130 3439 2257 3502 τοὺς
2287 3438 2343 3491 δὲ
2378 3434 2691 3497 συνδούλους
2735 3433 2826 3485 ἐπὶ
2861 3425 3295 3498 εἰδωλολατρείαν
3340 3422 3698 3491 κατήπειγον,

2132 3527 2460 3599 δυναμένους
2488 3526 2763 3592 ἐκφυγεῖν.
3444 3513 3446 3515 ’

2204 3620 2444 3674 ΖΩΝΑΡ.
2497 3617 2620 3680 Τοῖς
2660 3615 2714 3667 δὲ
2759 3610 3079 3683 ἐλευθέροις,
3127 3609 3244 3680 ἦτοι
3273 3609 3380 3670 τοῖς
3418 3602 3706 3666 δεσπόταις

2134 3714 2242 3768 τῶν
2262 3710 2587 3785 βιασθέντων
2611 3706 2768 3760 θῦσαι
2797 3703 3019 3765 δούλων,
3053 3701 3146 3753 ἐπὶ
3170 3698 3408 3770 τριετίαν
3439 3695 3666 3765 ἐπιτιμᾷ
3687 3710 3703 3724 ι

2134 3808 2216 3862 ὅτι
2242 3825 2301 3860 τε
2323 3801 2690 3876 ὑπεκρίθησαν
2713 3797 2892 3862 θῦσαι,
2921 3797 3016 3850 καὶ
3041 3795 3174 3856 ὅλως
3197 3793 3379 3858 ἔδοξαν
3411 3788 3704 3858 ύποκύψαι,

2137 3903 2234 3957 καὶ
2263 3878 2348 3954 ’ὅτι
2385 3897 2478 3950 καὶ
2524 3896 2650 3956 τοὺς
2695 3888 3006 3951 συνδούλους
3053 3885 3368 3956 ἠνάγκασαν
3401 3881 3579 3941 θῦσαι,
3613 3878 3709 3930 καὶ

2139 3997 2220 4049 ὅτι
2249 3993 2602 4062 παρήκουσαν
2629 3983 2724 4036 τοῦ
2770 3979 3090 4035 Ἀποστόλου
3131 3975 3441 4036 κελεύοντος
3480 3969 3710 4025 ἀνιέναι

2140 4085 2262 4151 τοῖς
2299 4059 2539 4146 δούλοις
2570 4077 2683 4144 τὴν
2731 4070 3018 4139 ἀπειλὴν,
3053 4069 3128 4132 ὼς
3166 4067 3260 4121 καὶ
3298 4064 3404 4118 τῶν
3436 4059 3710 4114 δεσποτῶν

2142 4177 2342 4233 δούλων
2382 4174 2550 4228 όντων
2589 4166 2801 4240 Κυρίῳ,
2838 4165 3068 4225 καὶτοῖς
3116 4160 3352 4222 οἰκέταις
3390 4152 3707 4209 συνδούλων.

2142 4266 2253 4320 Καὶ
2279 4260 2431 4316 αὐτοὶ
2473 4259 2569 4330 μὲν
2611 4257 2878 4309 ἔσπευσαν
2926 4253 3024 4324 τὴν
3058 4250 3259 4305 οἰκείαν
3294 4246 3461 4300 σῶσαι
3509 4241 3709 4314 ψυχήν,

2143 4357 2270 4418 τοὺς
2315 4354 2372 4406 δὲ
2405 4350 2717 4412 συνδούλους
2747 4347 2839 4399 ἐπὶ
2887 4340 3322 4412 εἰδωλολατρείαν
3363 4332 3713 4400 κατέπειξαν,

2076 4478 2118 4530 ι)
2145 4446 2474 4518 δυναμένους
2497 4443 2773 4514 ἐκφυγεῖν.

2741 4527 2979 4584 ΚΑΝΩΝ
3031 4526 3116 4581 H'.

2219 4651 2238 4685 ι
2276 4632 2399 4692 Τοῖς
2418 4627 2474 4680 δὲ
2508 4622 2958 4697 παραδεδομένοις
2987 4619 3079 4673 καὶ
3101 4620 3144 4650 ²¹
3169 4614 3568 4679 ἐκπεπτωκόσι,
3602 4615 3714 4677 τοῖς

2149 4741 2166 4773 ι
2203 4739 2262 4774 τε
2287 4719 2465 4780 αὐτοῖς
2487 4716 2531 4748 ’³
2555 4711 3007 4787 προσεληλυθόσιν
3035 4711 3115 4773 εἰς
3141 4709 3232 4762 τὸν
3261 4705 3444 4777 ἀγῶνα
3466 4707 3559 4760 καὶ
3588 4709 3719 4776 όμο-

2149 4829 2166 4862 ι
2206 4806 2454 4876 λογοῦσιν
2479 4800 2617 4857 εἶναι
2648 4800 3008 4873 Χριστιανοῖς,
3035 4793 3458 4867 ἐμϐεϐλημένας
3482 4809 3542 4845 τε
3568 4793 3624 4842 ἐν
3647 4792 3715 4860 τῇ

2151 4922 2168 4954 ι
2211 4899 2420 4970 φυλακῇ
2449 4895 2585 4967 μετὰ
2617 4894 2883 4966 βασάνων,
2912 4889 3128 4958 εὔλογόν
3152 4890 3296 4940 ἑστιν
3323 4887 3379 4939 ἑν
3402 4880 3720 4952 ἀγαλλιάσει

2152 5015 2170 5046 ι
2213 4992 2430 5065 καρδίας
2460 4987 2833 5059 συνεπισχύειν
2865 4989 2959 5039 καὶ
2985 4983 3258 5037 κοινωνεῖν
3289 4980 3344 5033 ὲν
3369 4979 3552 5039 πᾶσιν,
3578 4975 3634 5027 ἐν
3657 4989 3719 5026 τε

2152 5108 2168 5138 ι
2209 5090 2324 5150 ταῖς
2351 5085 2680 5158 προσευχαῖς
2708 5080 2801 5133 καὶ
2829 5080 2894 5148 τῇ
2925 5073 3218 5148 μεταλήψει
3237 5071 3331 5126 τοῦ
3355 5069 3600 5140 σώματος
3623 5065 3722 5119 καὶ⁸

2152 5199 2168 5229 ι
2211 5177 2304 5231 τοῦ
2328 5179 2552 5248 αἵματος
2582 5173 2677 5226 τοῦ
2711 5173 2945 5243 Χριστοῦ
2970 5169 3036 5234 ’⁸,
3058 5168 3152 5221 καὶ
3176 5167 3240 5237 τῇ
3263 5160 3601 5232 παρακλήσει
3625 5155 3719 5211 τοῦ

1723 5485 1955 5543 VARIE
1991 5481 2393 5542 LECTIONES.

564 5652 640 5727 ’f’q
657 5654 1090 5727 ὑποκρινόμενοι.
1185 5650 1270 5727 ⁸ξς⁴
1297 5649 1400 5727 ὅτι.

1514 5649 1553 5680 ν
1584 5647 1809 5711 εἰδότας.

494 5723 560 5753 ’⁸⁸
587 5725 643 5777 δέ
671 5741 778 5779 om.
805 5723 817 5727 ’
888 5723 932 5758 ’ί
958 5724 1128 5795 ήμῶν.

1927 5646 1992 5677 ¹⁷⁴
2024 5645 2174 5714 ὑμῶν
2203 5641 2403 5714 αὐτῶν.

1205 5723 1247 5754 ²²
1276 5719 1366 5773 καί
1395 5733 1503 5772 om.
1581 5719 1625 5749 ’³
1657 5710 1884 5780 ἑαυτοῖς.
1951 5717 1994 5750 ’δ
2022 5710 2113 5769 τοῦ
2149 5710 2383 5782 Χριστοῦ
2420 5724 2525 5762 om.

3416 5623 3461 5658 '°
3491 5616 3616 5676 add.
3653 5614 3730 5676 εἰ.

2517 5639 2560 5670 ¹⁸
2583 5636 2732 5695 deest
2775 5636 2939 5687 ἔστιν.
3046 5634 3087 5665 ¹⁹
3121 5630 3330 5700 ἔχομεν.
