4088 6284
289 378 387 437 431

1527 375 1860 433 EPISTOLA
1898 375 2264 434 CANONICA.

3429 384 3534 438 488

295 511 317 544 ι
356 491 533 560 λόγουο
562 489 648 543 ἵνα
670 489 1026 561 εὐτονώτερον
1053 489 1467 562 ἀγωνισάμενοι,
1493 491 1866 556 καταξιωθῶσι

1976 509 1994 541 ι
2036 491 2130 560 qui
2158 489 2502 546 constantius
2542 489 2964 554 decertaverint,
2989 491 3098 562 ipsi
3125 506 3342 563 quoque
3361 509 3534 562 super-

295 601 317 636 (
355 582 450 638 καὶ
487 583 639 636 αὐτοὶ
674 582 778 637 τοῦ
805 583 1088 651 ,βραϐείου
1123 581 1234 650 τῆς
1261 582 1382 636 ἅνω
1421 583 1717 650 κλήσεως.
1756 586 1864 640 Καὶ

296 695 318 730 ε
355 675 464 748 γὰρ
495 673 760 737 ἑπτάκις,
794 675 946 746 φησὶ,
980 675 1246 728 πεσεῖται
1276 679 1308 730 d
1335 674 1562 741 δίκαιος
1587 676 1682 730 καὶ
1721 677 1864 731 ἁνα-

296 787 319 822 ι
356 769 678 834 στήσεται·
724 767 861 838 ὅπερ
899 767 946 818 εἰ
980 765 1075 819 καὶ
1117 766 1318 831 πάντες
1359 767 1408 819 οἱ
1451 767 1866 832 ἐκπεπτωκότες

298 881 318 915 ι
357 861 747 930 πεποιήκεσαν,
777 859 1119 930 τελειοτάτην
1152 858 1301 931 [add.
1329 857 1419 931 ἂν]
1443 859 1536 912 καὶ
1559 859 1866 932 όλοκάρδιον

295 975 316 1008 ι
361 956 645 1026 μετάνοιαν
677 951 1028 1017 ἐνεδείξαντο.
1065 971 1083 1003 ›

362 1047 556 1099 ΒΑΛΣ.
599 1047 753 1111 Τινές
807 1042 1289 1118 προσηγγέλθησαν
1348 1043 1442 1097 καὶ
1497 1045 1867 1116 παρεδόθησαν

289 1139 402 1200 τοῖς
429 1138 727 1211 τυράννοις,
761 1136 793 1208 ἢ
828 1137 920 1190 xui.
946 1135 1208 1199 ἑκουσίως
1238 1136 1421 1198 αὐτοῖς
1460 1137 1684 1200 ἐαυτοὺς
1734 1153 1868 1208 παρ-

294 1229 520 1295 ἔδωκαν,
548 1229 870 1301 ἡττηθέντες
898 1227 956 1281 δέ
979 1227 1084 1280 ὑπὸ
1115 1227 1223 1279 τῶν
1249 1227 1544 1291 κολάσεων,
1575 1228 1866 1281 ’ἐκπεπτώ-

293 1340 420 1376 κασι
448 1320 547 1392 τῆς
580 1320 910 1392 μαρτυρίας’
957 1313 1075 1373 εἶτα
1121 1317 1585 1390 μεταμεληθέντες
1617 1321 1710 1373 καὶ
1751 1321 1870 1373 ἐπι-

292 1413 511 1484 γνόντες
546 1413 605 1466 to
649 1413 883 1481 ἀγαθὸν,
927 1411 1282 1482 ὡμολόγησαν
1330 1406 1468 1465 εἶναι
1518 1413 1864 1482 Χριστιανοὶ,

292 1505 433 1558 ὥστε
467 1505 558 1557 καὶ
581 1505 658 1566 είς
690 1500 931 1572 φυλακάς
960 1500 1291 1573 ἐμϐληθῆναι
1321 1501 1414 1553 καὶ
1447 1499 1708 1570 βασάνους
1738 1501 1868 1554 ὑπο-

297 1599 505 1668 στῆναι.
543 1597 681 1658 Τοὺς
717 1595 990 1658 τοιούτους
1029 1589 1120 1647 οὖν
1160 1592 1381 1661 εὔλογον
1426 1593 1600 1664 κρίνει
1651 1594 1680 1645 ὁ
1713 1593 1867 1661 ἅγιος

298 1689 434 1760 μετὰ
468 1687 731 1760 θυμηδίας
763 1685 1013 1758 δέχεσθαι
1045 1685 1138 1739 καὶ
1177 1683 1566 1756 ἐπιρῤωννύειν
1604 1685 1741 1755 πρὸς
1768 1683 1866 1756 τὴν

293 1785 570 1859 ὁρθόδοξον
601 1785 799 1852 πίστιν,
833 1783 926 1837 καὶ
965 1785 1240 1835 κοινωνεῖν
1281 1781 1464 1843 αὐτοῖς
1507 1779 1563 1832 ἐν
1599 1796 1658 1832 τε
1699 1797 1866 1852 προσ-

1981 600 2000 633 ι
2037 597 2119 635 me
2178 582 2466 635 vocationis
2522 580 2706 634 brabio
2777 593 2804 621 ι
2859 581 3170 652 dignentur.
3226 580 3439 638 Etenim
3461 600 3537 638 sc-

1972 690 1990 724 ι
2027 673 2183 741 pties,
2216 673 2412 743 inquit,
2439 672 2591 726 cadet
2609 673 2790 742 justus
2807 681 2854 727 et
2885 681 3119 743 resurget
3152 673 3208 741 ὃς
3244 673 3391 744 quod
3419 691 3537 746 qut-

1971 780 1988 814 ι
2031 764 2154 820 dem
2185 764 2233 819 si
2255 778 2445 819 omnes
2477 778 2693 834 quoque
2726 764 2865 833 lapsi
2892 761 3172 828 fecissent,
3203 764 3536 834 perfectissi-

1971 872 1990 904 ι
2021 869 2164 908 mam
2191 863 2246 910 et
2272 862 2385 909 toto
2414 854 2579 910 corde
2603 861 2911 925 susceptam
2940 856 3314 926 pmnitentiam
3343 864 3532 913 osten-

1972 965 1988 996 ι
2032 945 2263 1000 dissent.
2306 964 2324 997 ι

2039 1039 2198 1092 llus.
2230 1035 2460 1102 Quidam
2483 1037 2734 1107 tyrannis
2763 1036 2929 1091 delati
2979 1045 3032 1092 et
3063 1037 3263 1108 proditi
3296 1036 3533 1104 fuerant,

1965 1131 2051 1185 vel
2107 1130 2270 1184 etiam
2317 1128 2420 1198 ipsi
2453 1129 2688 1199 seipsos
2749 1131 2858 1186 illis
2908 1138 3104 1200 sponte
3149 1129 3534 1187 tradiderant:

1965 1221 2093 1275 victi
2118 1229 2297 1274 autem
2322 1219 2611 1272 tormentis
2631 1219 2948 1274 testimonio
2976 1218 3296 1274 exciderunt
3329 1238 3340 1272 :
3385 1219 3539 1274 dein-

1968 1313 2033 1366 de
2064 1327 2188 1365 cum
2248 1309 2569 1380 paenitentia
2603 1311 2750 1364 ducti
2794 1317 2997 1372 essent,
3055 1319 3108 1364 et
3158 1309 3304 1380 quod
3335 1310 3535 1365 bonum

1966 1411 2070 1467 est,
2101 1403 2471 1474 agnovissent,
2500 1417 2557 1455 se
2579 1417 2700 1456 esse
2728 1401 3075 1456 Christianos
3098 1402 3338 1458 confessi
3371 1409 3533 1467 sunt;

1968 1496 2103 1549 adeo
2133 1503 2191 1548 ut
2244 1494 2299 1548 in
2329 1492 2635 1547 custodiam
2695 1493 2956 1562 conjecti,
3021 1502 3288 1548 tormenta
3323 1510 3537 1564 quoque

1968 1584 2350 1641 sustinuerint.
2377 1582 2485 1638 Eos
2521 1598 2652 1652 ergo
2687 1597 2904 1652 {equum
2947 1591 3136 1638 censet
3176 1591 3398 1638 sanctus
3441 1583 3533 1638 la:-

1967 1677 2106 1731 tanti
2141 1677 2322 1730 animo
2373 1674 2676 1744 suscipere,
2736 1683 2790 1728 et
2850 1673 2918 1726 ad
2969 1673 3127 1728 ﬁdem
3179 1673 3536 1730 orthodoxam

1968 1767 2314 1830 conﬁrmare,
2349 1773 2403 1820 et
2437 1767 2518 1820 eis
2581 1765 2989 1820 communicare
3019 1771 3073 1819 et
3117 1764 3172 1818 in
3197 1764 3539 1820 orationibus

297 1879 479 1947 ευχαῖς
511 1875 604 1928 καὶ
643 1877 708 1946 τῇ
744 1873 1042 1945 μεταλήψει
1087 1871 1192 1924 τῶν
1225 1869 1599 1940 ἀγιασμάτων,
1635 1851 1751 1922 καί
1777 1867 1863 1922 διὰ

1976 1867 2025 1912 et
2055 1865 2525 1912 sacramentorum
2553 1854 2990 1926 participatione,
3030 1853 3318 1923 verbisque
3347 1851 3541 1906 adhor-

297 1967 451 2038 λόγου
486 1967 850 2039 παρακαλεῖν,
883 1966 968 2019 ἵνα
1011 1965 1145 2036 πρὸς
1178 1964 1269 2017 τὸν
1300 1961 1485 2030 ἀγῶνα
1518 1961 1864 2033 εὐτονώτεροι

296 2059 596 2128 γένωνται,
644 2059 736 2112 καὶ⁵
779 2054 1153 2123 καταξιωθῶσι
1195 2055 1295 2124 τῆς
1344 2053 1665 2123 ἐπουρανίου
1711 2052 1864 2122 βασι-

297 2152 462 2216 λείας.
495 2152 611 2206 Ἵνα
638 2151 694 2204 δὲ
727 2150 820 2222 μὴ,
850 2148 982 2202 διότι
1011 2145 1350 2210 πεπτώκασι,
1377 2144 1701 2217 νομίζωνταί
1728 2161 1866 2197 τισιν

298 2245 527 2307 ἄδεκτοι,
564 2241 756 2310 ἐπάγει
786 2241 880 2294 καὶ
921 2237 1224 2310 μαρτυρίαν
1251 2236 1358 2290 άπὸ
1385 2236 1484 2306 τῆς
1519 2235 1758 2308 Γραφῆς,
1783 2232 1862 2286 τὸο

309 2333 600 2398 Ἐπτάκις,
630 2332 748 2386 ἀντὶ
785 2331 903 2395 τοῦ,
938 2328 1215 2392 πολλάκις,
1249 2329 1514 2381 πεσεῖται
1549 2331 1581 2381 ό
1618 2325 1864 2390 δίκαιος,

301 2426 397 2480 καί
434 2423 861 2490 ἀναστήσεται.
890 2420 1060 2474 Τοῦτο
1090 2419 1178 2482 δέ,
1225 2419 1388 2489 φησὶν
1407 2459 1420 2482 ,
1452 2421 1500 2472 εί
1549 2419 1642 2472 καὶ
1669 2417 1870 2481 πάντες

299 2519 348 2571 ot
375 2519 473 2589 τῆς
500 2515 788 2587 ὁμολογίας
820 2513 1233 2576 ἐκπεπτωκότες
1258 2513 1540 2583 ἐποίησαν,
1569 2511 1629 2564 τὸ
1657 2511 1869 2564 ἀναπα--

299 2609 482 2664 λαῖσαι
505 2610 604 2678 τὴν
637 2605 862 2670 πτῶσιν,
894 2605 985 2658 καὶ
1012 2603 1237 2658 ἐνώπιον
1281 2603 1388 2656 τῶν
1432 2603 1708 2674 τυράννων
1739 2603 1872 2673 Χρι-

304 2701 549 2764 στιανοὺς
580 2698 910 2770 ὁμολογῆσαι
942 2697 1182 2762 ἑαυτοὺς,
1225 2695 1552 2762 ἐνεδείξαντο
1578 2692 1644 2747 ἂν
1666 2693 1868 2746 τελειο-

303 2795 471 2864 τάτην
502 2792 804 2864 μετάνοιαν.
838 2789 1077 2862 Διαφορὰ
1104 2786 1234 2858 γοῦν
1259 2789 1373 2841 ἐστι
1403 2785 1510 2839 τῶν
1535 2787 1592 2838 ἐν
1618 2783 1696 2856 τῷ
1729 2802 1870 2856 παρ-

305 2888 416 2940 όντι
467 2885 654 2940 κανόνι
710 2884 1100 2955 διειλημμένων
1152 2881 1245 2935 καὶ
1291 2879 1399 2933 τῶν
1444 2880 1500 2933 ἐν
1542 2877 1618 2949 τῷ
1672 2876 1872 2948 πρώτῳ

309 2981 492 3035 κανόνι
526 2977 922 3052 περιεχομένων
965 2976 1101 3047 αὕτη
1123 3017 1138 3040 ,
1180 2975 1260 3028 ὅτι
1292 2975 1407 3026 ἐκεῖ
1434 2972 1528 3044 μὲν
1567 2973 1614 3024 οἱ
1657 2969 1742 3024 διὰ
1773 2970 1871 3033 τὰς

309 3071 572 3143 βασάνους
617 3065 1027 3130 ἐκπεπτωκότες
1073 3066 1132 3118 οὐ
1169 3064 1617 3135 μετεστράφησαν
1646 3061 1874 3115 ἐνώπιον

303 3165 413 3218 τῶν
448 3163 722 3234 τυράννων
769 3162 846 3224 είς
881 3160 976 3231 τὴν
1010 3158 1296 3228 ὁμολογίαν
1347 3155 1446 3225 τῆς
1479 3155 1744 3216 πίστεως·
1785 3154 1871 3206 ἐν-
1900 3189 1942 3247 c

303 3254 476 3311 ταῦθα
508 3255 564 3308 δὲ
603 3256 649 3307 οἱ
696 3250 1108 3313 ἐκπεπτωκότες
1149 3249 1236 3303 διὰ
1266 3247 1550 3318 βασάνους,
1581 3245 1641 3310 ἐξ
1667 3243 1871 3312 ἀγαθοῦ

309 3347 610 3422 μεταμέλου
656 3346 750 3398 ἐπὶ
779 3344 887 3397 τῶν
919 3343 1194 3414 τυράννων
1235 3342 1325 3394 τὸν
1358 3339 1560 3411 Κύριον
1597 3337 1876 3410 ὡμολόγη-

309 3460 422 3505 σαν,
451 3441 546 3494 καὶ
575 3437 663 3491 διὰ
689 3436 846 3490 τοῦτο
879 3435 999 3502 οὐδὲ
1037 3432 1340 3503 λογίζονται
1371 3432 1645 3484 ἐκπεσεῖν.

376 3554 615 3609 ΖΩΝΑΡ.
655 3552 723 3606 Εἰ
760 3567 903 3614 τινες
933 3550 1009 3614 δέ,
1051 3548 1204 3619 φησι,
1250 3543 1735 3618 προσηγγέλθησαν
1783 3538 1875 3594 καὶ

309 3644 676 3719 παρεδόθησαν
700 3645 815 3706 τοῖς
848 3637 1220 3712 τυραννοῦσιν,
1245 3637 1278 3708 ἦ
1307 3636 1458 3688 αὐτοὶ
1488 3634 1711 3695 ἑαυτοὺς
1735 3647 1875 3701 παρ-

309 3738 509 3792 έδωκαν
530 3775 546 3800 ,
599 3734 694 3789 καὶ
722 3730 1107 3787 ἐκπεπτώκασι
1135 3729 1232 3800 τῆς
1267 3726 1587 3798 μαρτυρίας,
1619 3721 1878 3793 ἡττηθέν-

307 3847 396 3895 τες
432 3829 538 3884 τῶν
597 3827 906 3890 κολάσεων,
963 3825 1056 3878 καὶ
1108 3821 1181 3894 μὴ
1208 3821 1464 3892 φέροντες
1512 3817 1610 3880 τὰς
1653 3817 1712 3868 ἐν
1761 3810 1878 3877 ταῖς

310 3923 573 3994 φυλακαῖς
614 3918 910 3988 κακουχίας
949 3916 1042 3969 καὶ
1082 3913 1181 3977 τὰς
1212 3910 1498 3982 βασάνους,
1527 3903 1643 3960 εἶτα
1675 3904 1877 3959 ἀνεπά-

307 4015 496 4069 λαισαν
522 4015 622 4084 τὴν
657 4011 882 4074 πτῶσιν,
919 4007 1014 4060 καὶ
1053 4003 1412 4075 ὡμολόγησαν
1457 3996 1594 4053 εἶναι
1623 3999 1880 4069 Χριστια-

307 4109 405 4171 νοὶ,
449 4106 589 4159 ὥστε
623 4105 716 4157 καὶ
743 4105 821 4164 είς
851 4097 1094 4170 φυλακὰς
1126 4093 1461 4168 ἐμϐληθῆναι
1490 4093 1583 4146 καὶ⁵
1619 4091 1880 4162 βασάνους

308 4198 632 4260 ὑποστῆναι·
683 4196 808 4256 τοὺς
864 4190 1135 4253 τοιούτους
1185 4187 1403 4254 εὔλογον
1455 4185 1687 4256 κρίνειό
1729 4183 1880 4250 ἅγιος

312 4288 450 4360 μετὰ
489 4285 753 4358 θυμηδίας
797 4281 1078 4352 δέχεσθαι,
1127 4278 1221 4331 καὶ
1254 4274 1562 4345 ἐπισχύειν,
1613 4272 1733 4326 ἀντὶ
1762 4270 1878 4337 τοῦ,

307 4377 718 4451 ἐπιρῤωννύειν,
754 4371 1080 4444 ἐδνδυναμοῦν
1127 4371 1222 4441 καὶ
1267 4367 1706 4440 παραθαρρύνειν
1746 4367 1881 4438 πρὸς

309 4471 405 4542 τὴν
430 4469 717 4542 ὁμολογίαν
737 4484 749 4496 ·
790 4467 886 4519 καὶ
914 4465 1187 4518 κοινωνεῖν
1226 4462 1408 4523 αὐτοῖς
1433 4463 1490 4513 ἐν
1520 4461 1703 4525 πᾶσιν,
1737 4459 1793 4513 ἐν
1819 4475 1880 4510 τε

311 4564 635 4636 προσευχαῖς
665 4560 758 4613 xa‘t
791 4561 858 4629 τῇ
904 4554 1200 4627 μεταλήψει
1227 4552 1333 4607 τῶν
1369 4551 1739 4623 ἁγιασμάτων,

309 4655 398 4710 διὰ
448 4653 608 4721 λόγου
661 4645 1030 4720 παρακαλεῖν,
1072 4645 1190 4715 ἦτοι
1239 4643 1522 4714 διεγείρειν
1559 4642 1755 4704 αὐτοὺς
1801 4639 1880 4702 είς

309 4748 407 4820 τὴν
451 4743 753 4818 μαρτυρίαν
777 4779 792 4804 ,
845 4738 932 4791 ’ίνα
985 4737 1120 4808 πρὸς
1165 4735 1254 4788 τὸν
1303 4732 1489 4802 ἀγῶνα
1535 4730 1880 4802 εὐτονώτεροι

313 4819 595 4907 γένωνται,
631 4833 724 4885 καὶ
765 4829 863 4899 τῆς
893 4824 1218 4896 ἐπουρανίου
1254 4821 1527 4892 βασιλείας
1555 4819 1873 4883 ἀξιωθῶσιν.

316 4932 432 4986 ἰνα
463 4929 520 4981 δὲ
560 4925 654 4996 μὴ,
686 4922 817 4976 διότι
866 4915 1186 4971 πεπτώκασι
1236 4913 1494 4974 θύσαντες
1514 4951 1528 4975 ,
1555 4908 1880 4980 νομίζωνται

314 5040 450 5076 τισιν
478 5021 710 5081 ἄδεκτοι,
742 5013 935 5082 ἐπάγει
962 5012 1056 5065 καὶ
1089 5007 1392 5081 μαρτυρίαν
1422 5007 1484 5057 ἐκ
1510 5003 1608 5073 τῆς
1635 5002 1878 5072 Γραφῆς,

315 5114 390 5168 τό·
418 5108 710 5174 Ἑπτάκις,
732 5106 850 5158 ἀντὶ
875 5103 989 5163 τοῦ,
1004 5100 1284 5164 πολλάκις,
1303 5095 1567 5150 πεσεῖται
1589 5097 1620 5147 ό
1632 5093 1878 5159 δίκαιος,

317 5205 411 5258 καὶ
448 5198 873 5266 ἀναστήσεται.
905 5193 1076 5248 Τοῦτο
1114 5191 1192 5254 δέ,
1233 5187 1425 5260 φησὶν,
1460 5187 1509 5238 εί
1557 5186 1651 5237 καὶ
1683 5183 1881 5247 πάντες

317 5299 363 5350 οἱ
395 5295 492 5366 τῆς
519 5291 804 5365 ὁμολογίας
832 5283 1244 5346 ἐκπεπτωκότες
1271 5279 1552 5349 ἐποίησαν,
1583 5275 1643 5329 τὸ
1675 5277 1881 5329 ἀναπα-

319 5389 497 5443 λαῖσαι
528 5385 626 5456 τὴν
659 5381 886 5444 πτῶσιν,
925 5378 1019 5431 καὶ
1043 5373 1271 5428 ἐνώπιον
1299 5371 1406 5423 τῶν
1432 5369 1707 5438 τυράννων
1747 5368 1882 5438 Χρι-

323 5477 564 5539 στιανοὺς
588 5455 932 5544 ὁμολογῆσαι
965 5466 1213 5525 ἑαυτοὺς,
1248 5459 1584 5523 ἀνεδείξαντο
1621 5456 1686 5529 [Ῑ.
1719 5455 1884 5528 two-1

321 5573 385 5625 ἂν
411 5565 751 5635 τελεωτάτην
789 5561 1095 5633 μετάνοιαν.

426 5805 448 5830 ³
476 5803 702 5869 Philipp.
733 5816 816 5868 tu,
853 5800 938 5854 Η.
1016 5796 1044 5838 ιν
1080 5793 1234 5848 Prov.
1267 5807 1411 5856 xnv,
1445 5789 1531 5848 ιθ.

1972 1951 2075 2006 tari
2109 1959 2168 2006 ut
2198 1951 2309 2006 sint
2352 1951 2419 2005 ad
2453 1959 2730 2004 certamen
2774 1948 3195 2013 constantiores,
3246 1953 3298 2000 et
3329 1943 3536 1999 caelesti

1970 2057 2139 2113 regno
2196 2041 2345 2113 digni
2392 2042 2720 2097 habeantur.
2781 2038 2858 2094 Ne
2914 2047 3093 2093 autem
3126 2053 3192 2093 eo
3222 2035 3369 2106 quod
3403 2036 3539 2105 lapsi

1971 2142 2134 2198 sunt,
2180 2135 2405 2188 minime
2435 2132 2777 2204 suscipiendi
2821 2129 3128 2192 videantur,
3171 2129 3538 2184 testimonium

1970 2242 2189 2297 quoque
2221 2242 2288 2282 ex
2321 2224 2604 2296 Scriptura
2633 2224 2865 2288 inducit,
2896 2223 3043 2294 quod
3085 2230 3186 2288 est,
3221 2219 3444 2288 Septies,
3484 2219 3539 2272 id

1970 2325 2053 2373 est
2086 2331 2248 2388 saepe,
2289 2317 2438 2371 cadet
2469 2317 2644 2377 justus
2683 2323 2733 2369 et
2784 2323 3036 2384 resurget.
3095 2311 3208 2368 Hoc
3265 2319 3469 2376 autem,
3492 2307 3540 2363 si

1969 2410 2158 2472 etiam,
2194 2408 2392 2479 inquit,
2424 2423 2616 2463 omnes
2643 2407 2734 2478 qui
2766 2422 2795 2460 a
2821 2403 3164 2461 confessione
3191 2401 3534 2479 exciderunt3

1973 2501 2251 2565 fecissent,
2283 2507 2342 2554 ut
2363 2500 2575 2554 scilicet
2631 2497 2766 2567 lapsi
2810 2497 3231 2559 reluctarentur,
3267 2501 3322 2548 et
3353 2505 3413 2548 se
3441 2505 3535 2545 co-

1972 2606 2089 2645 ram
2137 2590 2388 2661 tyranuis
2440 2588 2783 2644 Christianos
2822 2587 3144 2650 faterentur,
3201 2580 3542 2654 perfectissi-

1970 2698 2115 2738 mam
2143 2683 2516 2753 paenitentiam
2543 2679 2934 2736 ostendissent.
2961 2676 3229 2732 Diﬁ‘erunt
3269 2690 3398 2746 ergo
3421 2691 3542 2746 quae

1972 2772 2028 2826 in
2080 2771 2184 2825 hoc
2236 2786 2446 2826 canone
2487 2769 2882 2840 comprehensa
2939 2774 3088 2830 sunt,
3139 2767 3208 2822 ab
3247 2767 3314 2821 iis
3341 2783 3460 2837 qua:
3485 2767 3542 2822 in

1974 2864 2147 2934 primo
2201 2876 2413 2917 canone
2441 2861 2812 2924 continentur,
2857 2859 3002 2929 quod
3046 2858 3157 2913 illic
3181 2859 3399 2928 quidem
3448 2859 3540 2928 qui

1971 2959 2190 3022 propter
2217 2959 2484 3008 tormenta
2518 2951 2654 3021 lapsi
2687 2959 2834 3016 sunt,
2873 2948 2940 3003 ad
2969 2948 3328 3005 confitendam
3359 2962 3541 3003 coram

1972 3044 2219 3115 tyrannis
2264 3044 2423 3098 fidem
2454 3057 2798 3112 nequaquam
2827 3041 3077 3098 conversi
3127 3047 3255 3096 sunt
3281 3058 3294 3094 :
3329 3039 3418 3096 hic
3445 3054 3544 3094 au-

1974 3145 2081 3191 tem
2109 3138 2202 3206 qui
2231 3143 2448 3206 prOpter
2507 3142 2778 3189 tormenta
2826 3133 2961 3204 lapsi
2997 3142 3145 3197 sunt,
3170 3148 3239 3186 ex
3263 3133 3405 3185 bona
3427 3145 3546 3202 pae-

1976 3227 2203 3281 nitentia
2228 3227 2330 3281 sub
2361 3226 2606 3297 tyrannis
2634 3223 2920 3279 Dominum
2944 3220 3182 3277 confessi
3209 3227 3375 3288 sunt;
3412 3235 3542 3290 pro-

1975 3328 2156 3389 pterea
2187 3334 2362 3389 neque
2417 3318 2683 3373 cecidisse
2707 3316 3042 3387 iudicantur.

2046 3523 2248 3577 Zoma.
2285 3521 2343 3576 Si
2376 3521 2468 3590 qui
2502 3535 2652 3583 vero,
2710 3519 2907 3588 inquit,
2956 3517 3021 3573 ad
3081 3527 3344 3589 tyrannos
3378 3513 3544 3571 delati

1975 3630 2038 3671 ac
2065 3615 2261 3686 proditi
2294 3621 2443 3676 sunt,
2477 3613 2560 3665 vel
2587 3611 2692 3680 ipsi
2723 3626 2844 3666 sese
2877 3610 3013 3680 ipsis
3075 3610 3422 3672 dediderunt,
3449 3622 3544 3664 ex—

1977 3708 2335 3777 cideruntque
2367 3719 2398 3759 a
2428 3703 2744 3758 testimonio
2770 3703 2822 3755 vi
2853 3709 3252 3757 tormentorum
3278 3699 3543 3771 superati,

1977 3815 2078 3856 nec
2107 3813 2379 3854 aerumnas
2403 3797 2602 3868 quibus
2643 3794 2698 3848 in
2747 3808 2968 3849 carcere
2993 3792 3391 3848 afﬂictabantur
3423 3807 3545 3848 cru—

1977 3897 2264 3964 ciatusque
2292 3890 2662 3962 perferentes;
2701 3902 2827 3941 mox
2875 3896 3130 3942 revocato
3159 3885 3456 3940 certamine
3485 3901 3545 3940 se

1978 3985 2316 4042 Christianos
2347 3997 2470 4038 esse
2505 3978 2743 4034 confessi
2775 3985 3007 4041 sunt,ex
3035 3991 3144 4047 quo
3167 3983 3221 4030 et
3246 3975 3300 4029 in
3331 3974 3546 4030 vincula

1979 4077 2235 4148 coniecti,
2267 4082 2321 4131 et
2353 4073 2691 4129 cruciatibus
2724 4078 2854 4128 sunt
2881 4069 3056 4125 aﬂecti
3089 4087 3105 4121 :
3139 4067 3408 4138 ejusmodi
3441 4067 3546 4121 ho-

1981 4173 2155 4226 mines
2178 4185 2302 4223 cum
2361 4166 2726 4222 exsultatione
2766 4163 2940 4233 excipi
2987 4170 3211 4218 sanctus
3237 4160 3325 4213 hic
3349 4159 3546 4213 rationi

1980 4269 2406 4318 censentaneum
2426 4257 2638 4328 judicat
2663 4275 2676 4310 :
2701 4263 2817 4312 tum
2845 4255 3105 4309 roborare
3128 4253 3297 4322 ipsos,
3319 4251 3420 4304 hoc
3437 4257 3544 4314 est,

1984 4355 2151 4416 vires,
2177 4352 2408 4414 animos,
2438 4350 2797 4418 ﬁduciamque
2818 4345 3016 4401 addere
3031 4359 3138 4415 quo
3167 4341 3548 4412 profiterentur

1983 4444 2175 4510 fidem;
2205 4456 2268 4495 ac
2285 4441 2490 4495 eisdem
2521 4440 2576 4494 in
2600 4436 2856 4492 omnibus
2881 4431 3307 4493 communicare,
3346 4435 3458 4482 tum
3493 4428 3547 4481 in

1788 4549 1879 4603 καὶ
1911 4533 1958 4592 D
1985 4533 2412 4607 precationibus,
2433 4543 2546 4586 tum
2572 4531 2626 4584 in
2659 4527 3008 4599 perceptione
3041 4531 3547 4586 sacramentorum,

1991 4627 2280 4696 verbisque
2310 4623 2607 4688 adhortari,
2641 4621 2745 4674 hoc
2773 4625 2877 4680 est,
2921 4617 3070 4687 ipsos
3095 4615 3161 4668 ad
3181 4611 3546 4668 exhibendum

1988 4718 2110 4773 fidei
2139 4716 2511 4773 testimonium
2543 4713 2800 4774 excitare,
2831 4717 2890 4763 ut
2924 4709 3327 4763 constantiores
3351 4706 3464 4760 sint
3492 4703 3549 4758 in

1983 4812 2300 4875 certamine,
2335 4822 2397 4862 ac
2419 4803 2628 4860 caelesti
2660 4816 2826 4873 regno
2859 4795 3545 4871 dignihabeanturNerum

1984 4919 2053 4958 ne
2083 4918 2147 4956 ex
2189 4917 2252 4956 eo
2286 4899 2428 4970 quod
2454 4896 2591 4968 lapsi
2615 4903 2742 4950 sunt
2780 4892 3176 4952 sacrificantes,
3207 4889 3358 4944 nullo
3387 4888 3549 4944 mod.)

1987 4993 2302 5050 admittendi
2326 4993 2395 5046 ab
2427 4989 2701 5060 aliquibus
2733 4987 3132 5050 existimentur,
3177 4981 3548 5038 testimonium

1988 5102 2205 5158 quoque
2235 5085 2365 5139 illud
2391 5099 2455 5138 ex
2485 5080 2658 5137 sacris
2689 5078 2886 5133 litteris
2915 5077 3121 5149 profert
3146 5094 3161 5129 :
3189 5074 3410 5144 Septies,
3446 5073 3550 5126 hoc

1989 5187 2072 5233 est
2107 5179 2326 5247 saepius,
2358 5175 2507 5228 cadet
2526 5173 2728 5242 justus,
2762 5188 2824 5225 ac
2859 5179 3110 5239 resurget.
3135 5167 3250 5222 [loc
3273 5179 3422 5226 vero,
3469 5163 3550 5215 in-

1990 5270 2130 5340 quit,
2185 5269 2232 5324 si
2288 5267 2378 5320 alii
2428 5279 2618 5320 omnes
2665 5264 2825 5333 quia
2854 5259 3201 5316 confessione
3230 5254 3552 5313 exciderunt

1991 5361 2270 5422 fecissent,
2309 5366 2368 5410 ut
2397 5365 2519 5427 post
2568 5357 2778 5425 lapsum
2815 5361 3094 5408 certamen
3135 5349 3454 5419 repeterent,
3487 5356 3552 5396 ac

1992 5470 2050 5509 se
2083 5455 2230 5521 ipsos
2260 5466 2442 5506 coram
2467 5448 2712 5521 tyrannis
2764 5446 3102 5502 Christianos
3149 5437 3552 5511 proﬁterentur,

1995 5544 2300 5600 absolutam
2336 5542 2710 5613 paenitentiam
2744 5536 3154 5593 indicavissent.
