4088 6284
522 301 633 361 483

1124 422 1355 481 CANON
1394 425 1482 480 IX.

595 535 616 570 ι
659 514 731 573 [is
756 533 972 588 quoque
993 517 1090 588 qui
1125 527 1385 590 tanquam
1418 535 1483 574 ex
1512 533 1704 573 somno
1736 517 1837 588 ipsi
1868 516 1936 571 ad
1966 532 2084 573 eer-

522 628 546 662 r
589 618 772 665 tamen
802 610 1134 680 parturiens,
1153 618 1209 667 et
1229 611 1443 666 trahere
1471 609 1753 671 diﬂ‘erens,
1779 609 2087 680 prosiliunt,

522 721 543 755 ι
589 701 694 759 sibi
720 710 899 758 autem
930 718 1125 773 pugnae
1167 704 1491 765 maritimae.
1533 710 1588 756 et
1618 702 1804 757 multa:
1838 700 2086 757 ﬂuxuum

519 813 541 848 ι
587 794 958 851 inundationis
1010 797 1371 852 tentationem
1422 796 1740 860 attrahunt,
1778 796 1863 851 vel
1905 796 2087 867 potius

523 905 541 937 ι
590 884 851 941 fratribus
882 895 1226 956 peccatorum
1254 887 1549 941 carbonem
1594 886 1920 950 accendunt,
1953 887 2086 957 ipsis

522 996 540 1029 ι
589 992 808 1049 quoque
854 978 1367 1033 communicandum
1398 985 1505 1044 est,
1551 986 1611 1033 ut
1643 980 1733 1049 qui
1765 980 1819 1034 in
1866 980 2085 1035 nomine

524 1088 542 1119 ι
589 1068 797 1125 Christi
834 1069 903 1123 ad
941 1068 991 1123 id
1028 1068 1291 1125 veniant:
1326 1070 1430 1126 etsi
1458 1072 1624 1125 verba
1654 1071 1775 1141 ejus
1805 1086 1912 1127 non
1964 1072 2085 1127 ani-

518 1177 537 1211 ‹
584 1159 932 1239 madvertant
965 1198 980 1223 ,
1013 1160 1107 1229 qui
1137 1159 1299 1215 docet
1352 1176 1508 1214 orare
1532 1176 1595 1214 ne
1641 1160 2001 1232 ingrediamur
2028 1162 2083 1216 in

515 1272 534 1305 ι
582 1254 918 1307 tentationem
948 1265 975 1294 α
1011 1293 1026 1317 ,
1079 1260 1132 1308 et
1168 1267 1292 1308 eum
1321 1268 1518 1308 rursus
1550 1255 1607 1307 in
1632 1253 1880 1309 oratione
1935 1253 2083 1308 Patri

512 1362 533 1396 ι
577 1346 781 1411 dicere,
803 1345 871 1399 Et
889 1362 951 1401 ne
978 1362 1071 1400 nos
1100 1344 1322 1400 ina'ucas
1350 1347 1405 1399 in
1433 1346 1892 1410 tentationem,sed
1920 1346 2084 1401 libera

514 1458 534 1489 σ
579 1455 674 1494 nos
695 1456 729 1494 a
756 1439 900 1493 malo
925 1439 976 1492 Β.
1004 1435 1165 1493 Forte
1183 1446 1364 1492 autem
1383 1438 1547 1493 etiam
1573 1439 1822 1509 ignorant
1846 1446 2085 1509 patrem-

512 1550 532 1584 ι
580 1530 815 1587 familias
838 1539 893 1587 et
923 1529 1210 1585 Dominum
1246 1537 1518 1594 nostrum,
1574 1546 1717 1601 saepe.
1763 1532 1833 1587 ab
1878 1531 1947 1586 iis
1988 1531 2081 1601 qui

512 1641 533 1675 ι
576 1623 655 1677 illi
678 1622 924 1678 insidiari
954 1620 1229 1684 volebant,
1260 1621 1647 1681 secessisse.et
1667 1621 1813 1693 quod
1833 1623 2080 1693 quando-

1543 309 1601 365 S.
1644 308 1849 365 PETRI
1886 306 2356 364 ALEXANDRINI
2388 307 2694 365 EPISCOPI

3668 318 3774 377 484

2809 423 3050 479 ΚΑΝΩΝ
3086 424 3165 481 Θ¹⁶

2267 533 2284 565 ι
2327 516 2436 570 Καὶ
2457 518 2569 580 τοῖς
2601 515 2658 569 δὲ
2685 514 2835 596 ὠσάν
2872 516 2932 582 ἐξ
2970 517 3136 571 ὕπνου
3178 519 3402 582 ἑαυτοὺς
3426 518 3472 551 ⁸⁸
3509 536 3771 592 παραπη-

2194 624 2213 654 «
2249 606 2415 661 δῶσιν
2439 610 2515 672 εἰς
2545 607 2634 661 τὸν
2661 608 2849 679 ἀγῶνα
2888 608 3145 664 ὠδίνοντα
3181 611 3275 665 καὶ
3304 610 3567 682 μέλλοντα
3606 612 3770 669 ὲλκῦ-

2193 717 2211 748 ‹
2252 716 2361 763 σαι,
2400 701 2612 765 ἑαυτοῖς
2634 701 2692 755 δὲ
2726 702 3029 774 πειρασμὸν
3069 704 3538 775 ὲπισπασαμένοις
3570 704 3772 761 θαλατ-

2192 808 2212 841 ι
2251 792 2517 862 τομαχίας
2547 794 2642 845 καὶ
2671 792 2871 863 πολλῆς
2910 793 3300 866 κυματώσεως,
3331 793 3528 866 μᾶλλον
3565 794 3623 849 δὲ
3671 795 3770 852 καὶ

2193 898 2211 929 ι
2247 883 2361 944 τοῖς
2390 881 2639 951 ἀδελφοῖς
2686 884 3142 954 προσεκκαίουσιν
3160 883 3407 956 ἄνθρακα
3429 885 3475 917 ’⁸
3507 886 3768 958 ἁμαρτω-

2191 984 2211 1018 (
2251 968 2359 1022 λῶν
2377 985 2392 999 ·
2422 970 2516 1022 καὶ
2541 971 2721 1035 αὐτοῖς
2752 973 3123 1045 κοινωνητέον,
3155 975 3250 1028 ἅτε
3278 975 3341 1047 δὴ
3364 974 3431 1006 ’⁸⁸
3460 975 3517 1029 ὲν
3541 975 3768 1047 ὀνόματι

2190 1075 2209 1107 t
2246 1057 2482 1128 Χριστοῦ
2505 1061 2933 1132 παρερχομένοις
2952 1064 3031 1126 εἰς
3044 1062 3284 1129 τοῦτο,ει
3315 1067 3409 1118 καὶ
3435 1065 3510 1138 μὴ
3526 1067 3613 1099 ²⁶’⁶
3637 1084 3772 1138 προ-

2194 1165 2212 1196 (
2250 1150 2497 1219 σέχουσιν
2519 1150 2682 1203 αὐτοῦ
2706 1154 2817 1216 τοῖς
2849 1151 3043 1222 λόγοις,
3066 1153 3407 1220 διδάσκοντος
3438 1159 3767 1228 προσεύχε-

2190 1258 2209 1291 ι
2250 1244 2388 1295 σθαι
2416 1242 2496 1311 μὴ
2522 1243 2819 1298 εἰσελθεῖν
2840 1248 2926 1311 εἰς
2952 1247 3284 1317 πειρασμὸν
3310 1248 3444 1316 ²⁶¹’⁶,
3475 1250 3568 1303 καὶ
3599 1249 3762 1305 πάλιν

2190 1354 2208 1386 ι
2249 1337 2308 1388 ὲν
2332 1324 2462 1408 εὐχῇ
2481 1337 2658 1406 λέγειν
2684 1337 2761 1409 τῷ
2780 1335 2972 1410 Πατρῦ
3001 1339 3109 1393 Kal
3127 1338 3214 1409 μὴ
3239 1340 3586 1412 εἰσενέγκῃς
3604 1339 3766 1411 ἡμᾶς

2189 1445 2208 1478 ι
2244 1430 2331 1494 εὶς
2351 1429 2704 1499 πειρασμὸν,
2730 1430 2890 1484 ἀλλὰ
2908 1429 3094 1498 ῥῦσαι
3123 1429 3279 1500 ἡμᾶς
3307 1433 3423 1486 ἀπὸ
3455 1432 3561 1486 τοῦ
3583 1449 3765 1503 πονη-

2189 1537 2207 1569 ι
2239 1518 2377 1587 ροῦ.
2411 1520 2572 1584 Ἴσως
2603 1520 2660 1572 δὲ
2684 1520 2777 1573 καὶ
2809 1518 3060 1588 ἀγνοοῦσι
3096 1518 3197 1584 τὰς
3229 1519 3489 1585 πολλάκις
3539 1520 3760 1591 γινομέ-

2188 1626 2208 1660 ι
2245 1626 2342 1673 νας
2354 1609 2490 1641 ¹⁶““·
2506 1610 2886 1683 ἀναχωρήσεις
2902 1608 2994 1662 τοῦ
3013 1609 3385 1663 οἰκοδεσπότου
3402 1610 3495 1663 καὶ
3506 1609 3759 1664 διδασκά-

510 1733 529 1766 ι
573 1729 680 1786 que
714 1715 877 1770 etiam
908 1713 1076 1768 libere
1095 1711 1238 1783 apud
1256 1726 1353 1768 eos
1388 1727 1499 1767 non
1524 1711 1832 1775 incedebat,
1856 1719 1910 1766 et
1934 1712 2063 1782 quot

2188 1720 2207 1753 ι
2247 1701 2336 1755 λου
2362 1702 2520 1773 ἡμῶν
2558 1702 2666 1756 ἀπὸ
2691 1702 2799 1756 τῶν
2828 1702 3088 1757 θελόντων
3116 1703 3506 1768 ἐπιϐουλεύειν,
3534 1703 3627 1757 καὶ
3673 1704 3757 1757 ὅτι

509 1824 530 1859 ι
570 1807 733 1862 etiam
783 1805 1000 1877 quando
1041 1804 1317 1875 passionis
1350 1811 1565 1875 tempus
1601 1804 2063 1878 appropinquavit

2185 1813 2203 1845 ι
2242 1793 2351 1848 ἔσθ’
2382 1796 2472 1848 ὅτε
2495 1795 2613 1849 ουδὲ
2647 1796 2689 1826 ³⁷
2735 1795 3016 1867 παρρησίᾳ
3061 1796 3381 1867 περιεπάτει
3421 1796 3490 1850 δι’
3533 1797 3752 1861 αὐτοὺς,

508 1917 526 1950 ι
576 1914 685 1955 non
718 1914 777 1954 se
814 1900 990 1969 ipsum
1028 1896 1269 1960 tradidit,
1294 1895 1389 1952 sed
1427 1898 1762 1967 exspectavit
1801 1896 1975 1952 donec
2011 1897 2063 1951 ac

2186 1904 2204 1937 ι
2242 1887 2336 1940 καὶ
2358 1886 2440 1940 ὅτι
2471 1887 2565 1941 καὶ
2588 1887 2634 1919 ⁸⁸
2662 1887 2751 1940 ὅτε
2772 1890 2800 1941 ὁ
2831 1887 3023 1959 καιρὸς
3046 1888 3138 1942 τοῦ
3168 1889 3371 1954 πάθους
3394 1891 3556 1945 αὐτοῦ
3582 1909 3757 1962 προσ-

508 2011 528 2043 (
573 2007 698 2049 eum
725 1993 975 2047 venirent
1001 2005 1124 2045 cum
1149 1988 1345 2060 gladiis
1395 1996 1452 2043 et
1490 1987 1747 2045 fustibus.
1774 1988 1918 2044 Dicit
1945 2005 2078 2061 ergo

506 2102 526 2135 ι
573 2084 689 2139 eis:
725 2081 998 2151 Tanquam
1035 2079 1105 2134 ad
1129 2079 1390 2133 latronem
1411 2079 1617 2134 exiistis
1645 2096 1764 2133 cum
1795 2080 1991 2150 gladiis
2026 2088 2077 2134 et

503 2191 525 2227 ‹
565 2173 792 2245 fustibus
848 2171 918 2225 ad
961 2187 1042 2225 me
1084 2168 1625 2239 comprehendendum
1663 2179 1710 2224 ο.
1762 2169 1866 2236 Qui
1911 2176 2073 2225 etiam

503 2284 522 2317 ι
570 2263 903 2319 tradiderunt
931 2263 1124 2333 ipsum,
1157 2260 1356 2331 inquit,
1379 2258 1560 2313 Pilato
1592 2258 1644 2315 δ.
1684 2259 1767 2314 Ad
1795 2260 1914 2329 ejus
1931 2273 2069 2329 quo-

502 2377 519 2415 ς
566 2372 672 2428 que
699 2355 1108 2411 similitudinem
1141 2356 1208 2423 iis
1242 2354 1465 2415 accidit,
1515 2352 1612 2423 qui
1665 2351 1788 2421 ejus
1844 2364 2070 2421 scopum

501 2465 519 2497 ι
568 2448 673 2502 sibi
702 2454 1063 2519 preponentes
1113 2446 1399 2510 incedunt,
1435 2444 1749 2499 divinorum
1800 2442 1921 2512 ejus
1946 2456 2072 2497 ver-

500 2557 520 2592 ι
565 2539 758 2593 borum
788 2537 1083 2604 recordati,
1118 2538 1318 2609 quibus
1350 2551 1454 2592 nos
1483 2534 1838 2592 conﬁrmans.
1868 2533 1936 2588 de
1953 2548 2070 2602 per-

499 2647 520 2681 (
565 2629 937 2685 secutionibus
976 2628 1158 2684 dicit:
1219 2626 1488 2682 Attendite
1514 2625 1655 2681 vobis
1696 2626 1830 2694 ipsis
1861 2638 1880 2677 :
1955 2633 2069 2677 tra-

499 2738 519 2770 s
563 2718 690 2774 dent
710 2721 848 2774 enim
872 2737 962 2774 vos
989 2720 1045 2773 in
1064 2719 1310 2783 concilia,
1334 2728 1384 2772 et
1424 2718 1481 2772 in
1520 2718 1631 2773 suis
1668 2716 1950 2788 synagogis
1976 2731 2065 2769 vos

498 2829 518 2862 ι
564 2810 907 2880 ﬂagellabant
943 2820 989 2866 ο.
1028 2809 1260 2864 Tradent
1300 2816 1520 2875 autem,
1578 2808 1738 2873 dixit,
1784 2824 1916 2875 non,
1963 2823 2063 2863 vos

497 2919 517 2954 ι
565 2901 713 2969 ipsos
744 2900 1009 2956 tradetis:
1044 2910 1093 2953 et
1120 2900 1189 2953 ad
1235 2900 1493 2968 principes
1537 2906 1587 2954 et
1631 2913 1773 2968 reges
1798 2897 2062 2953 ducemini

496 3013 516 3046 ι
560 3004 772 3065 propter
799 3010 985 3048 nomen
1013 3008 1185 3047 meum
1221 2992 1267 3055 ί,
1301 3007 1430 3057 non,
1479 3007 1578 3047 vos
1626 2990 1774 3061 ipsos
1822 2989 2056 3046 ducetis.

496 3104 516 3138 ι
559 3084 694 3140 Nam
721 3100 822 3140 nos
857 3084 1219 3155 quoquelvult
1241 3097 1271 3137 a
1302 3084 1422 3138 loco
1453 3085 1509 3136 in
1544 3082 1724 3137 locum
1759 3081 2054 3145 transilire,

2183 1995 2202 2029 ι
2243 1980 2490 2051 ήγγισεν,
2520 1979 2618 2050 οὐχ
2660 1978 2852 2032 ἑαυτὸν
2891 1979 3227 2051 παρέδωκεν,
3253 1981 3366 2034 ἀλλ’
3400 1981 3614 2046 ἐδέξατο
3644 1983 3755 2047 ἓως

2183 2089 2202 2121 ι
2239 2067 2402 2143 ἦλθον
2434 2072 2520 2125 ἐπ’
2550 2071 2714 2125 αὐτὸν
2750 2072 2886 2144 μετὰ
2926 2073 3208 2146 μαχαιρῶν
3232 2074 3325 2127 καὶ
3353 2073 3544 2140 ξύλων.
3587 2074 3751 2142 Λέγει

2180 2177 2199 2210 ι
2237 2159 2365 2229 γοῦν
2391 2160 2459 2191 ’θ’
2492 2160 2628 2233 πρὸς
2654 2161 2882 2227 αὐτούς·
2935 2160 3027 2230 Ὧς
3055 2165 3154 2219 ἐπὶ
3191 2163 3432 2234 λῃστὴν
3465 2163 3753 2230 ἐξήλθετε

2179 2269 2198 2303 ι
2228 2253 2381 2321 μετὰ
2405 2251 2716 2321 μαχαιρῶν
2743 2253 2842 2308 καὶ
2872 2254 3073 2321 ξύλων
3101 2255 3436 2310 συλλαϐεῖν
3453 2272 3549 2325 με.
3566 2255 3628 2310 Oi
3652 2254 3751 2309 καὶ

2177 2360 2196 2393 ‹
2236 2344 2584 2413 παρέδωκαν
2615 2345 2837 2410 αὐτὸν,
2873 2348 3026 2419 φησὶ,
3070 2347 3326 2414 Πιλάτῳ.
3378 2347 3515 2402 Καθ’
3565 2347 3747 2421 ὁμοιό-

2176 2450 2194 2483 ι
2228 2451 2368 2506 τητα
2384 2433 2513 2504 γοῦν
2534 2435 2721 2501 αὐτοῦ,
2736 2438 2829 2491 καὶ
2846 2439 2896 2490 οἱ
2914 2438 3055 2491 κατὰ
3076 2439 3275 2493 σκοπὸν
3292 2438 3455 2493 αὐτοῦ
3475 2438 3746 2510 βαίνοντες

2174 2544 2193 2577 ι
2230 2526 2549 2588 πεπόνθασι,
2586 2531 2920 2601 μεμνημένοι
2966 2530 3076 2585 τῶν
3121 2530 3282 2585 θείων
3327 2532 3491 2586 αὐτοῦ
3529 2533 3703 2602 λόγων
3727 2575 3743 2593 .

2172 2636 2191 2668 ι
2231 2617 2297 2671 δι’
2327 2610 2401 2671 ὧν
2429 2621 2792 2692 ἐπιστηρίζων
2812 2623 2959 2693 ἡμᾶς
2987 2623 3116 2696 περὶ
3143 2623 3251 2677 τῶν
3279 2624 3532 2697 διωγμῶν
3560 2624 3707 2696 λέγει
3725 2642 3740 2659 ο

2171 2726 2189 2758 ι
2231 2710 2565 2779 Προσέχετε
2602 2713 2646 2744 ²⁹
2686 2713 2920 2781 ἑαυτοῖς
2942 2730 2956 2745 α
2991 2715 3415 2784 παραδώσουσι
3446 2717 3556 2788 γὰρ
3586 2719 3742 2789 ὑμᾶς

2170 2820 2189 2852 «
2225 2806 2312 2869 εὶς
2329 2804 2635 2873 συνέδρια,
2659 2806 2757 2859 καὶ
2782 2806 2853 2860 ἐν
2880 2806 3010 2874 ταῖς
3028 2807 3402 2878 συναγωγαῖς
3419 2809 3615 2864 αὐτῶν
3627 2828 3743 2880 μα-

2169 2912 2188 2946 ι
2225 2895 2632 2967 στιγὼσουσιν
2667 2897 2843 2966 ὑμᾶς.
2868 2899 3299 2967 Παραὸὠσουσι
3320 2900 3398 2964 δὲ,
3427 2897 3601 2968 εἶπεν,
3623 2902 3738 2958 ἀλλ’

2168 3005 2187 3038 ι
2228 2987 2349 3057 οὐχὶ
2373 2988 2440 3019 ⁸³⁸
2467 2987 2694 3052 ἑαυτοὺς
2723 2988 3092 3060 παραδώσετε·
3117 2990 3214 3044 καὶ
3236 2990 3335 3045 ἐπὶ
3356 2993 3655 3063 ἡγεμόνας
3670 2994 3742 3048 δὲ

2166 3100 2186 3132 ι
2227 3081 2323 3135 καὶ
2346 3082 2628 3150 ,βασιλεῖς
2647 3085 2991 3154 ἀχθήσεσθε
3028 3086 3125 3141 διὰ
3153 3087 3216 3141 τὸ
3248 3087 3434 3159 ὄνομά
3451 3108 3589 3160 μου,
3619 3091 3733 3145 ἀλλ’

495 3196 514 3228 ο
559 3179 687 3233 dum
732 3185 859 3232 sunt
893 3177 984 3248 qui
1032 3193 1134 3232 nos
1173 3184 1576 3247 persequuntur
1603 3182 1825 3244 propter
1856 3189 2054 3229 nomen

2170 3192 2181 3224 ι
2223 3172 2342 3243 οὐχὶ
2366 3175 2477 3239 ¹’“,
2503 3175 2730 3239 ἑαυτοὺς
2756 3176 2911 3242 ἄξετε
2931 3194 2944 3208 ο
2982 3178 3104 3231 ἐπεὶ
3135 3178 3225 3231 καὶ
3250 3182 3558 3252 μεταπηδᾷν
3584 3183 3732 3253 ἡμᾶς

494 3283 513 3317 ς
558 3266 697 3336 ejus.
735 3264 890 3321 Sicut
940 3280 1134 3321 rursus
1162 3281 1286 3320 eum
1317 3265 1587 3320 dicentem
1628 3264 1920 3320 audimus:
1986 3263 2057 3317 Et

492 3379 512 3410 ι
550 3359 758 3430 quando
787 3375 874 3414 vos
905 3357 970 3412 ab
1001 3357 1099 3412 hac
1120 3358 1331 3412 civitate
1359 3358 1620 3418 persecuti
1641 3357 1860 3427 fuerint,
1888 3356 2057 3427 fugite

490 3470 510 3502 ι
556 3452 612 3505 in
644 3452 810 3505 aliam
845 3453 891 3505 ³.
918 3449 1036 3505 Νοη
1067 3450 1176 3504 vult
1201 3450 1346 3505 enim
1383 3463 1486 3505 nos
1534 3447 1604 3503 ad
1632 3447 1846 3503 diaboli
1881 3448 2055 3519 stipa-

490 3565 509 3596 ι
553 3552 698 3599 tores
750 3545 1119 3615 satellitesque
1167 3542 1498 3614 confugere,
1571 3556 1640 3597 ne
1666 3538 1802 3610 ipsis
1831 3554 2051 3610 quoque

487 3655 507 3687 ε
555 3636 864 3692 multifaria:
892 3635 1088 3690 mortis
1120 3649 1289 3690 causa
1323 3634 1519 3696 simus,
1550 3633 1726 3702 utqui
1788 3632 1967 3702 ipsos,
1999 3641 2053 3687 et

488 3746 511 3780 ‹
553 3730 860 3801 asperiores
887 3743 1009 3784 esse
1039 3742 1328 3799 cogamus,
1358 3733 1414 3781 ct
1443 3740 1604 3796 opera
1622 3723 1899 3778 mortifera
1928 3738 2052 3792 per-

474 3839 507 3871 λ(
554 3834 715 3892 agere
744 3838 759 3875 :
813 3820 905 3876 sed
956 3825 1301 3889 exspectare,
1335 3826 1390 3871 et
1420 3817 1579 3872 nobis
1611 3829 1825 3879 cavere,
1863 3814 2052 3885 vigila-

487 3930 507 3962 ι
557 3926 710 3982 reque
736 3920 785 3965 et
816 3927 990 3973 orare,
1042 3926 1104 3963 ne
1156 3909 1410 3963 intremus
1439 3906 1861 3961 intentationem
1886 3901 1937 3960 δ.
1973 3905 2050 3958 Ita

486 4022 506 4055 ‹
557 4003 867 4074 Stephanus
888 4002 1122 4073 primus,
1153 4001 1274 4070 ejus
1303 3999 1549 4070 vestigiis
1580 4000 1865 4062 insistens,
1903 4012 2051 4051 mar-

486 4114 506 4147 ι
547 4095 747 4166 tyrium
777 4091 1401 4165 passus,llierosolymis
1423 4092 1491 4145 ab
1516 4090 1716 4161 iniquis
1739 4098 2044 4160 correptus,

487 4208 507 4241 ι
554 4200 608 4244 et
640 4189 695 4243 in
720 4187 1012 4242 concilium
1041 4185 1260 4249 ductus,
1292 4184 1566 4254 lapidibus
1593 4184 1842 4245 obrutus,
1870 4184 1926 4239 in
1956 4198 2048 4238 no-

484 4294 504 4327 ι
551 4273 697 4329 mine
733 4273 936 4329 Christi
967 4271 1303 4343 gloriﬁcatus
1324 4278 1429 4335 est,
1475 4287 1694 4342 rogans,
1728 4280 1781 4328 et
1806 4272 1994 4328 dicens
2028 4290 2042 4325 :

481 4387 501 4419 ι
550 4366 790 4431 Domine,
813 4382 875 4421 ne
898 4374 1104 4419 statuas
1133 4362 1243 4416 illis
1270 4361 1365 4416 hoc
1396 4372 1665 4431 peccatum
1708 4365 1752 4418 ί.
1787 4363 1864 4418 Ita
1892 4362 2048 4418 Jaco-

482 4484 500 4516 ι
548 4464 652 4519 bus
679 4459 955 4518 secundus
1008 4459 1078 4514 ab
1107 4455 1324 4513 Herode
1354 4456 1804 4526 comprehensus,
1862 4455 2043 4527 gladio

2166 3283 2185 3315 ι
2225 3264 2471 3336 βούλεται
2512 3267 2620 3321 ἀπὸ
2661 3268 2824 3321 τόπου
2864 3269 2944 3332 εἰς
2985 3268 3147 3322 τόπον
3170 3269 3212 3302 ³ο
3252 3270 3605 3341 διωκομένους
3639 3272 3732 3327 διὰ

2163 3375 2182 3408 ι
2219 3356 2278 3410 τὸ
2307 3358 2476 3429 ὄνομα
2503 3359 2667 3413 αὐτοῦ
2695 3379 2704 3391 ’
2735 3361 2810 3425 ὡς
2852 3362 3012 3416 πάλιν
3040 3360 3305 3433 ἀκούομεν
3338 3361 3499 3415 αὑτοῦ
3541 3363 3732 3433 λέγον-

2161 3466 2181 3499 ‹
2217 3465 2309 3511 τος
2327 3464 2341 3478 ·
2379 3449 2492 3503 Καὶ
2518 3448 2658 3504 ὅθεν
2687 3450 2762 3523 (2)
2783 3449 3072 3505 διώκωσιν
3094 3451 3244 3521 ὑμᾶς
3272 3451 3338 3505 ἐκ
3368 3450 3476 3521 τῆς
3493 3456 3730 3523 πόλεως

2160 3560 2179 3591 ι
2219 3542 2437 3610 ταύτης
2457 3543 2523 3607 ³¹,
2558 3544 2805 3615 φεύγετε
2831 3546 2919 3610 εἰς
2944 3543 3058 3612 τὴν
3077 3542 3317 3612 ἐτέραν’
3352 3546 3414 3600 οὐ
3446 3545 3555 3623 γὰρ
3587 3546 3731 3601 θέλει

2160 3651 2187 3695 ι
2216 3632 2534 3704 αὐτομολεῖν
2569 3636 2715 3705 ἡμᾶς
2746 3633 2884 3706 πρὸς
2936 3637 3061 3699 τοὺς
3088 3634 3182 3689 τοῦ
3215 3636 3461 3692 διαϐόλου
3491 3640 3731 3694 ὑπασπι-

2159 3741 2179 3774 «
2221 3722 2350 3788 στάς
2377 3725 2469 3778 καὶ
2497 3723 2847 3797 δορυφόρους,
2878 3725 3026 3789 ὅπως
3059 3725 3132 3798 μὴ
3163 3728 3256 3780 καὶ
3280 3728 3538 3783 πλειόνων
3567 3730 3731 3784 θανσὶ⁹

2158 3834 2177 3867 ι
2217 3832 2325 3870 των
2356 3817 2517 3871 αἴτιοι
2544 3818 2729 3882 αὐτοῖς
2754 3817 3031 3889 γινώμεθα
3060 3820 3148 3881 η’,
3179 3820 3253 3886 ὡς
3282 3820 3348 3875 ἂν
3381 3824 3728 3892 καταναγκά-

2157 3926 2176 3958 ‹
2214 3908 2396 3973 ζοντες
2423 3910 2618 3974 αὐτοὺς
2656 3909 2854 3981 μᾶλλον
2896 3911 3401 3983 κατατραχύνεσθαι
3439 3912 3535 3967 καὶ
3573 3914 3723 3967 τελε-

2156 4014 2175 4050 (
2218 4004 2487 4071 σιουργεῖν
2533 4001 2603 4056 τὰ
2642 4001 2991 4074 θανατηφόρα
3034 4002 3168 4074 ἔργα
3189 4018 3201 4031 ·
3253 4003 3366 4056 ἀλλ’
3413 4004 3725 4075 ἐκδέχεσθαι

2155 4109 2175 4143 ‹
2215 4094 2310 4146 καὶ
2338 4093 2622 4166 προσέχειν
2662 4095 2905 4158 ἑαυτοῖς,
2936 4094 3244 4163 γρηγορεῖν
3280 4112 3345 4148 τε
3392 4095 3488 4149 καὶ
3535 4109 3724 4165 προσ·-

2154 4203 2173 4237 ‹
2211 4187 2513 4255 εὔχεσθαι,
2547 4187 2648 4239 ἵνα
2686 4184 2772 4254 μὴ
2816 4184 3175 4254 εἰσέλθωμεν
3219 4187 3305 4251 εὶς
3365 4187 3719 4255 πειρασμόν.

2152 4294 2171 4327 ι
2211 4276 2368 4330 Οὕτω
2384 4278 2650 4346 Στέφανος
2670 4278 2904 4349 πρῶτος,
2923 4278 3041 4330 κατ’
3070 4277 3214 4348 ῐχνος
3236 4276 3399 4331 αὐτοῦ
3423 4278 3720 4351 μαρτύριον

2151 4387 2170 4418 ι
2211 4367 2622 4439 ἀναδεξάμενος,
2651 4369 2709 4422 ἐν
2757 4367 3145 4440 Ἰεροσολύμοις
3183 4369 3578 4441 συναρπασθεὶς
3611 4370 3721 4423 ὑπὸ

2151 4478 2171 4511 ‹
2208 4459 2315 4514 τῶν
2344 4461 2705 4532 παρανόμων,
2737 4461 2833 4515 καὶ
2871 4460 3056 4533 ἀχθεὶς
3083 4462 3141 4513 ἐν
3171 4461 3248 4532 τῷ
3269 4460 3546 4533 συνεδρίῳ,
3574 4460 3720 4515 λιθο-

480 4576 499 4609 σ
547 4556 725 4626 capite
752 4559 1042 4609 truncatus
1067 4557 1167 4607 est.
1201 4550 1280 4604 Ita.
1309 4547 1506 4604 Petrus
1528 4548 1898 4619 apostolorum
1922 4548 2038 4618 pri-

2207 4528 2526 4623 6ολούμενος
2560 4528 2623 4605 ⁷ὲν
2652 4552 2876 4625 ὀνόματι
2907 4528 3152 4624 ’Χριστοῦ
3200 4528 3456 4625 ἐδοξάσθη
3476 4528 3509 4617 ,⁷
3532 4570 3716 4625 παρα-

480 4666 500 4699 ι
544 4662 687 4709 mus,
722 4660 865 4717 saepe
903 4642 1366 4714 comprehensus,
1410 4646 1463 4695 et
1487 4639 1753 4694 custodiae
1781 4638 2034 4700 traditus,

477 4754 495 4787 ι
539 4736 945 4807 ignominiaque
998 4734 1245 4798 affectus,
1278 4739 1557 4803 postremo
1585 4729 1770 4784 Romae
1815 4727 2036 4783 cruciﬁ-

478 4851 496 4882 ι
546 4847 649 4887 xus
674 4839 779 4887 est.
814 4830 1077 4886 Similiter
1111 4837 1167 4885 et
1211 4828 1451 4900 inclytus
1485 4824 1710 4891 Paulus,
1740 4840 1883 4896 saepe
1924 4834 2038 4880 tra-

490 4943 508 4975 ι
556 4923 726 4988 ditus,
757 4930 812 4977 et
838 4921 906 4976 ad
939 4931 1169 4977 mortem
1192 4934 1369 4990 usque
1427 4918 1484 4972 in
1522 4915 1826 4987 periculum
1863 4915 2033 4970 addu-

477 5037 495 5070 c
541 5023 684 5080 ctus,
702 5016 870 5070 multa
900 5016 1041 5070 mala
1064 5028 1377 5086 perpessus,
1399 5020 1454 5067 et
1476 5012 1530 5066 in
1556 5010 1742 5066 multis
1777 5025 2034 5081 persecu-

2149 4661 2170 4694 ‹
2210 4643 2387 4698 καλῶν
2437 4645 2530 4698 καὶ
2575 4644 2779 4714 λέγων’
2833 4648 3004 4715 Κύριε
3027 4686 3042 4708 ,
3086 4646 3172 4716 μὴ
3229 4646 3467 4716 στήσῃς
3513 4646 3718 4712 αὐτοῖς

2149 4751 2168 4783 ι
2205 4734 2430 4802 ταύτην
2457 4733 2549 4765 ³¹⁴⁴
2575 4733 2691 4802 τὴν
2711 4735 3022 4804 ἁμαρτίαν.
3041 4733 3226 4798 Οὕτως
3252 4733 3504 4797 Ἰάκωϐος
3534 4732 3718 4786 δεῦτε-

2147 4845 2166 4876 ‹
2211 4843 2300 4899 ρος
2324 4825 2643 4896 συλληφθεὶς
2664 4827 2769 4881 ὑπὸ
2796 4826 3054 4899 Ἡρώδου,
3087 4827 3330 4898 μαχαίρᾳ
3353 4825 3450 4898 τὴν
3472 4824 3716 4896 κεφαλὴν

2146 4937 2164 4969 ι
2206 4918 2515 4991 ἀπετμήθη.
2544 4918 2730 4982 Οὕτως
2753 4922 2781 4973 ὁ
2810 4920 3100 4992 πρόκριτος
3124 4919 3235 4973 τῶν
3267 4918 3579 4972 ἀποστόλων
3605 4916 3715 4969 Πέ-

2147 5029 2166 5062 ‹
2205 5028 2332 5082 τρος
2356 5050 2372 5075 ,
2419 5011 2675 5076 πολλάκις
2708 5010 3027 5084 συλληφθεὶς
3082 5010 3178 5065 καὶ
3220 5009 3566 5080 φυλακισθεὶς
3616 5008 3712 5062 καὶ

537 5147 564 5176 ι
590 5132 784 5189 Matth.
818 5146 967 5198 xm,
990 5132 1081 5186 41.
1155 5131 1183 5172 ι’
1214 5129 1408 5187 Matth.
1444 5146 1520 5192 VI.
1555 5130 1640 5185 l5.
1684 5141 1708 5170 ο
1743 5128 1939 5184 Matth.
1976 5146 2063 5184 xxi

2170 5128 2251 5186 55.
2319 5129 2346 5170 ἀ
2377 5129 2572 5187 Matth.
2602 5145 2777 5200 xxvu,
2797 5130 2855 5186 2.
2899 5142 2921 5170 ο
2946 5129 3138 5185 Matth.
3165 5146 3220 5195 x,
3249 5130 3336 5185 17.
3399 5129 3418 5169 ί
3452 5128 3583 5183 ibid.
3618 5127 3706 5185 18.

465 5214 493 5253 κ
525 5203 719 5260 Matth.
746 5221 802 5269 κ,
831 5204 924 5259 2'5.
999 5203 1028 5244 ιι
1061 5200 1256 5256 Matth.
1302 5217 1452 5264 xxw,
1478 5201 1568 5255 Π.
1648 5199 1666 5239 ι
1699 5201 1818 5255 Act.
1881 5215 1974 5263 vn,
2020 5200 2111 5255 59.

1790 5321 2023 5378 VARUE
2069 5319 2469 5378 LECTIONES.

534 5438 579 5470 ”
612 5437 844 5500 ἑαυτοῖς.

467 5576 533 5611 ¹⁹“
568 5579 686 5646 οὐχ.

534 5691 612 5762 (2)
641 5692 751 5746 Kal
789 5693 946 5766 ὅθεν.
1000 5692 1058 5748 In
1088 5693 1352 5766 ms._cod.
1402 5694 2035 5766 bombycinoamplissi-

459 5762 538 5819 ni
573 5764 842 5821 senatoris
886 5764 1147 5821 Bernardi
1198 5763 1357 5827 Nani.
1412 5764 1508 5821 fol.
1544 5762 1670 5833 208,
1696 5764 1787 5820 ubi
1818 5762 2036 5821 ekstant

921 5436 967 5469 ³⁸
995 5434 1804 5508 προσεκκαίοντεςήᾶνθρακαςη
1870 5435 1939 5468 "'

467 5507 728 5579 εξσελθεῖν
754 5509 837 5579 εἰς
859 5503 1166 5579 πειρασμόν
1185 5505 1349 5579 deest.
1388 5578 1393 5579 ί
1443 5503 1907 5579 ¹⁶⁶-⁶·⁶”γενομένας
1923 5503 2203 5579 πολλάκις.

764 5578 857 5610 ³⁹⁶⁶
881 5574 1000 5647 οὐχ.
1067 5574 1119 5608 ’³⁸
1143 5576 1321 5630 τόπων
1352 5578 1432 5640 εἰς
1462 5574 1680 5641 τόπους.
1744 5574 1797 5608 ⁷³⁸
1830 5577 2023 5630 ὅταν...
2060 5578 2119 5629 ὲν
2148 5578 2213 5648 τῇ
2244 5575 2395 5630 πόλει
2421 5574 2617 5650 ταῦτῃ.

2151 5435 2242 5467 ³⁸⁸*
2276 5436 2352 5539 μή
2384 5435 2559 5492 deest.
2662 5436 2775 5469 ¹⁶“⁶
2802 5435 3150 5527 διδάσκοντος
3183 5434 3582 5509 προσεύχεσθαι

2155 5522 2203 5562 ς.
2347 5505 2487 5560 οὕτε.
2568 5506 2613 5544 ³³
2634 5506 2785 5562 deest
2817 5509 2931 5562 καί.
2997 5509 3067 5541 ’ν
3089 5524 3203 5562 ουν.
3280 5507 3327 5539 ³⁸
3358 5506 3705 5562 ποοσέγεται.

2347 5521 2487 5560 ουτε.
2568 5521 2613 5544 ιο
2634 5521 2785 5562 deest
2817 5521 2931 5564 και.
2998 5521 3066 5541 ¹’·
3089 5521 3203 5562 ουν.
3281 5521 3327 5539 ι’
3358 5521 3705 5579 προσεχεται.

2348 5593 2395 5630 ει
2421 5574 2617 5649 ταῦτῃ.
2696 5577 2762 5609 ³³·
2793 5576 3097 5649 γενώμεθα.
3172 5579 3262 5610 ³¹“
3286 5577 3495 5648 ταῦτην
3521 5592 3630 5632 om.

2142 5709 2382 5768 canones
2431 5694 2618 5768 9,_lO,
2660 5696 2751 5760 l2,
2785 5697 2875 5768 15,
2909 5697 2997 5757 Η,
3043 5695 3136 5751 hic
3185 5695 3384 5768 legitur
3429 5694 3523 5752 καὶ
3549 5694 3711 5763 ὅταν,

2143 5773 2201 5822 ut
2230 5766 2286 5821 in
2318 5772 2468 5822 textu
2503 5765 2692 5824 Matth.
2725 5784 2779 5836 ιι,
2804 5767 2891 5822 2'5.
