4088 6284
297 348 400 404 ιεε

1510 347 1839 404 EPISTOLA
1881 347 2242 406 CANUNICA.

3411 348 3514 403 486

296 487 319 522 ι
357 470 697 540 ἀτιμασθεὶς,
725 469 946 542 ὕστερον
974 471 1032 523 ἐν
1057 468 1240 541 Ῥώμῃ
1257 468 1570 542 ἐσταυρώθη
1593 469 1845 540 (5).³²Κα“

1970 488 1987 519 ι
2038 469 2278 524 tionibus
2328 466 2823 538 afflictionibusque
2879 464 3161 535 gloriatus,
3221 463 3276 518 in
3331 463 3518 521 eadem

293 579 319 616 a
351 563 381 615 6
424 561 747 633 περιϐόητος
778 562 988 624 Παῦλος
1009 601 1023 626 ,
1069 560 1351 625 πλεονάκις
1392 561 1714 633 παραδοθεὶς
1762 561 1855 614 καὶ

296 672 320 709 ε
356 653 463 719 ἕως
508 655 738 709 θανάτου
765 655 1138 719 κινδυνεύσας,
1169 657 1336 710 πολλά
1375 674 1433 708 τε
1476 657 1713 727 ἀθλήσας
1763 658 1854 709 καὶ

294 763 319 800 α
354 744 770 816 καυχησάμενος
811 746 867 798 ἐν
908 745 1118 807 πολλοῖς
1159 745 1415 815 διωγμοῖς
1459 745 1552 798 καὶ
1585 742 1850 812 θλίψεσιν,

293 856 316 891 ι
357 840 413 892 ἐν
439 841 506 909 τῇ
543 839 677 908 αὐτῇ
719 838 869 891 πόλει
905 838 998 890 καῖ¹
1033 837 1194 899 αὐτὸς
1224 836 1465 907 μαχαίρᾳ
1490 835 1585 906 τὴν
1614 833 1852 905 κεφαλὴν

296 944 314 977 ι
354 924 664 996 ἀπετμήθη
693 925 751 988 ὃς
775 927 832 978 ἐν
869 919 949 988 οἷς
975 926 1335 996 ἐκαυχήσατο,
1369 925 1626 995 κατέληξε
1655 926 1742 956 δ”·
1771 924 1851 976 δτι

294 1036 311 1092 ι
355 1018 449 1070 καὶ
478 1017 568 1049 ³¹“
594 1019 650 1070 ἐν
670 1016 943 1088 Δαμασκῷ
966 1018 1182 1088 σπυρίδι
1202 1017 1470 1088 ἐχαλάσθη
1511 1017 1598 1070 διὰ
1622 1016 1714 1070 τοῦ
1748 1016 1852 1068 τεί-

294 1127 313 1159 r
350 1125 475 1179 χους
497 1108 708 1172 νυκτὸς,
741 1109 836 1162 καὶ
861 1108 1086 1177 ἐξέφυγε
1114 1109 1211 1172 τάς
1245 1111 1431 1180 χεῖρας
1450 1107 1542 1162 τοῦ
1566 1105 1849 1177 ζητοῦντος

292 1219 313 1254 t
349 1202 513 1255 αὐτὸν
568 1203 777 1256 πιάσαι.
813 1202 885 1254 Τὸ
932 1202 1040 1275 γὰρ
1078 1203 1432 1273 προκείμενον
1456 1198 1523 1272 ἦν
1556 1202 1756 1264 αὐτοῖς,
1793 1202 1848 1253 ἐν

291 1312 310 1343 ι
348 1292 583 1365 πρώτοις
608 1294 1047 1363 εὐαγγελίζεσθαι
1071 1295 1166 1348 καὶ
1193 1295 1458 1349 διδάσκειν
1479 1295 1552 1366 (4)
1580 1294 1669 1347 τὸν
1695 1293 1847 1362 λόγον

289 1405 308 1436 ι
349 1385 445 1439 τοῦ
475 1386 631 1452 Θεοῦ,
661 1389 717 1440 ἐν
754 1382 835 1450 οἷς
859 1385 1335 1454 ἐπιστηρίζοντες
1372 1385 1510 1452 τοὺς
1547 1384 1847 1453 ἀδελφοὺς

289 1496 309 1530 ι
344 1479 625 1548 ἐμμένειν
651 1480 720 1533 ἐν
749 1477 824 1547 τῇ
857 1481 1075 1541 πίστει,
1101 1478 1192 1531 καὶ
1217 1478 1374 1530 τοῦτο
1400 1477 1602 1546 ἔλεγον,
1636 1476 1724 1529 ὅτι
1750 1475 1848 1528 διὰ

288 1588 308 1622 ι
347 1571 594 1625 πολλῶν
633 1571 894 1638 θλίψεων
922 1570 1018 1624 δεῖ
1049 1569 1340 1623 εἰσελθεῖν
1386 1572 1472 1633 εἰς
1518 1567 1632 1635 τὴν
1661 1568 1843 1630 ,βασι-

288 1681 308 1714 ς
346 1665 522 1717 λείαν
552 1664 656 1717 τοῦ
685 1663 850 1717 Θεοῦ.
889 1663 1137 1731 Ἐζήτουν
1163 1661 1270 1731 γὰρ
1297 1661 1356 1712 οὐ
1384 1660 1444 1713 τὸ
1479 1659 1680 1714 ἑαυτῶν
1709 1677 1843 1728 συμ-

286 1774 308 1808 ι
350 1757 533 1827 φέρον,
563 1755 696 1809 ἀλλά
724 1756 786 1809 τὸ
827 1755 933 1808 τῶν
977 1753 1212 1818 πολλῶν,
1246 1754 1331 1806 ἵνα
1366 1754 1611 1817 σωθῶσι,
1641 1754 1736 1806 καὶ
1773 1750 1842 1826 ἦν

1967 581 1985 612 ι
2034 561 2168 616 urbe
2197 561 2313 630 ipse
2343 575 2559 630 quoque
2586 559 2770 630 gladio
2802 559 2980 628 capite
3005 558 3263 612 multatus
3283 565 3368 626 est
3398 557 3522 626 ;qui

1966 672 1985 704 ι
2034 654 2086 707 in
2120 653 2319 722 quibus
2375 653 2638 723 gloriatus
2671 661 2776 713 cst,
2811 652 2926 722 ipse
2969 653 3022 706 in
3055 650 3122 706 iis
3146 650 3312 703 vitam
3344 650 3518 714 ﬁniit;

1965 763 1982 795 ‹
2027 752 2082 799 et
2113 743 2257 813 quod
2286 743 2530 798 Damasci
2562 734 2615 796 in
2644 750 2830 812 sporta
2866 749 3030 796 noctu
3058 757 3154 811 per
3181 756 3394 794 murum
3423 739 3521 795 de-

1962 853 1981 885 ‹
2030 836 2230 891 missus
2251 842 2354 898 est,
2388 843 2439 889 et
2471 833 2658 904 effugit
2688 834 2808 902 ejus
2837 849 3032 888 manus
3063 834 3154 903 qui
3195 849 3318 888 eum
3350 848 3486 886 cona

1963 947 1982 978 ι
2030 928 2190 982 batur
2218 927 2543 996 opprimere.
2577 927 2703 980 Erat.
2731 926 2874 980 enim
2904 926 2984 979 eis
3021 925 3074 977 in
3105 924 3296 992 primis
3320 939 3518 993 propo-

1962 1036 1980 1070 ‹
2030 1019 2194 1072 situm
2225 1014 2620 1084 evangelizare,
2651 1020 2706 1068 et
2757 1013 2982 1067 verbum
3026 1011 3122 1066 Dei
3171 1013 3411 1065 docere:
3460 1010 3518 1064 in

1967 1129 1985 1160 ι
2034 1109 2237 1179 quibus
2266 1107 2463 1175 fratres
2480 1107 2850 1175 conﬁrmantes
2881 1113 2937 1157 ut
2959 1112 3222 1157 manerent
3252 1104 3306 1155 in
3331 1101 3434 1170 ﬁde
3465 1113 3516 1164 ⁸,

1961 1220 1978 1252 ι
2025 1202 2373 1271 hoc-quoque
2406 1199 2679 1259 dicebant,
2737 1197 2871 1266 quod
2901 1213 2991 1265 per
3019 1195 3213 1249 multas
3271 1194 3519 1262 afﬂictio-

1959 1283 1984 1344 ι’
2031 1311 2116 1346 nes
2136 1301 2335 1362 oportet
2361 1291 2412 1343 in
2437 1305 2650 1359 regnum
2672 1287 2767 1341 Dei
2789 1286 3009 1356 ingredi.
3030 1285 3355 1351 Quaerebam
3372 1285 3517 1338 enim

1957 1405 1976 1437 ‹
2024 1401 2130 1440 non
2159 1383 2306 1453 quod
2341 1381 2443 1437 sibi
2471 1386 2588 1435 erat
2612 1378 2762 1440 utile,
2791 1377 2884 1432 sed
2918 1377 3062 1446 quod
3097 1375 3302 1435 multis,
3320 1381 3378 1427 ut
3409 1389 3518 1429 ser-

1957 1497 1973 1528 ι
2023 1485 2302 1539 varentur,
2329 1484 2383 1528 et
2412 1473 2579 1526 multa
2617 1469 2749 1540 ipsis
2796 1470 2984 1522 liceret
3016 1467 3082 1520 ad
3114 1467 3229 1520 hzec
3263 1465 3515 1520 facientia

1955 1585 1972 1616 ‹
2019 1565 2235 1626 dicere,
2298 1569 2358 1616 ut
2416 1561 2579 1616 verbo
2640 1559 2732 1613 Dei
2792 1557 3176 1612 convenienter
3233 1553 3511 1608 facerent:

1950 1677 1971 1710 ι
2025 1656 2164 1719 Nisi,
2183 1663 2243 1710 ut
2278 1654 2412 1709 dicit
2429 1653 2740 1723 Apostolus,
2771 1667 2864 1703 nos
2893 1659 3092 1717 tempus
3135 1655 3411 1701 narrantes
3427 1647 3520 1700 de-

1952 1770 1969 1800 ι
2015 1752 2188 1820 ﬁceret
2206 1749 2254 1801 ι).
2275 1765 2299 1799 ν)

287 1868 308 1902 r
351 1851 520 1904 πολλὰ
545 1851 720 1918 λέγειν
745 1851 925 1913 αὐτοῖς
951 1853 1028 1914 εἰς
1055 1848 1228 1903 ταῦτα
1255 1850 1388 1920 πρὸς
1425 1848 1486 1902 τὸ
1531 1847 1669 1902 κατὰ
1697 1848 1852 1916 λόγον
1890 1847 2174 1918 πράσσειν,
2197 1846 2244 1897 εί
2264 1840 2466 1909 pi),ch
2485 1839 2632 1908 λέγει
2658 1841 2686 1892 6
2714 1836 3054 1901 Ἀπὸστολος,
3071 1835 3336 1889 ἐπιλίποι
3353 1831 3400 1864 ⁸³
3459 1829 3513 1883 δ’

287 1962 306 1994 ι
346 1942 424 1998 ἂν
448 1943 602 2014 ἡμᾶς
634 1943 1059 2013 διηγουμένους
1088 1947 1121 1998 ὁ
1148 1943 1384 2011 χρόνος.
1413 1961 1431 1994 ι

353 2061 550 2114 ΒΑΛΣ.
585 2061 648 2113 Οἱ
677 2059 801 2132 ἄρτι
824 2057 916 2112 τοῦ
953 2057 1118 2110 ὕπνου
1147 2057 1570 2126 ἐξανιστάμενοι,
1594 2057 1686 2110 καὶ
1717 2055 1845 2128 μᾶλ-

2020 2049 2180 2102 Βιιε.
2219 2045 2322 2112 Qui
2345 2061 2375 2100 e
2401 2058 2593 2099 somno
2649 2042 2811 2098 modo
2843 2049 3162 2110 exsurgunt,
3199 2047 3250 2096 et
3275 2039 3512 2095 maxime

281 2153 371 2207 λον
409 2156 458 2207 εἰ
492 2153 766 2223 ὼμόύπνοι
798 2146 925 2214 εἷεν,
958 2150 1018 2202 οὐ
1055 2148 1425 2218 καθεστηκότα
1465 2148 1554 2202 τὸν
1589 2148 1844 2218 λογισμὸν

282 2246 515 2316 ἔχουσιν,
550 2244 682 2299 ἀλλὰ
730 2242 1129 2315 τεταραγμένον
1170 2242 1263 2295 καὶ
1302 2242 1700 2296 ἀκατάστατον·
1735 2259 1845 2294 τοι-

281 2337 457 2402 ούτοις
505 2337 834 2409 παρείκασεν
861 2338 888 2389 6
937 2336 1262 2407 ίερομάρτυς
1302 2327 1454 2398 οὗτος
1499 2335 1617 2398 τούς
1665 2351 1844 2405 παρα-

281 2431 564 2502 πηδῶντας
591 2433 671 2492 εἰς
715 2429 804 2482 τὸν
847 2428 1059 2497 ἀγῶνα,
1087 2429 1251 2498 ἤγουν
1295 2427 1420 2489 τοὺς
1467 2426 1540 2498 μὴ
1572 2425 1845 2489 εὐτάκτως

281 2523 417 2577 ἀλλὰ
439 2522 682 2594 θρασέως
701 2521 793 2574 καὶ
814 2520 1226 2591 ἀπερισκέπτως
1247 2517 1598 2580 εἰσωθοῦντας
1625 2519 1846 2580 ἑαυτοὺς

280 2617 362 2679 είς
388 2616 477 2669 τὸν
505 2613 719 2682 ἀγῶνα,
751 2612 1004 2664 ὠδίνοντα
1032 2612 1125 2663 καὶ
1161 2610 1417 2680 μέλλοντα
1449 2609 1691 2673 ἐλκῦσαι,
1726 2609 1845 2662 ἀντὶ

280 2707 401 2770 τοῦ,
429 2709 590 2778 μήπω
607 2707 686 2766 είς
714 2702 941 2773 φανερὸν
971 2700 1446 2773 ἐκραγῆναι,νάλλά
1475 2699 1844 2771 μελετώμενον

281 2797 378 2850 καὶ
403 2795 678 2866 μέλλοντα,
705 2794 819 2864 ήτοι
857 2791 1180 2864 βραδύνοντα
1223 2788 1441 2844 ἐλκῦσαι
1475 2792 1599 2854 τούς
1643 2791 1844 2857 ἀγωνι⁴

283 2885 558 2954 ζομένους,
619 2885 810 2946 οἵτινες
851 2883 1060 2945 ἑαυτοῖς
1116 2881 1416 2953 πειρασμὸν
1467 2881 1841 2942 ἐπισπῶνται,

284 2976 450 3045 ἤγουν
476 2977 554 3038 εἰς
585 2975 808 3037 ἐαυτοὺς
831 2973 1046 3026 ἕλκουσι
1080 2972 1399 3043 πειρασμόν.
1430 2973 1643 3026 Μᾶλλον
1670 2972 1726 3026 δέ
1751 2972 1843 3024 καὶ

281 3068 462 3131 ἄλλοις
490 3071 695 3131 πιστοῖς
724 3066 1046 3120 ἀνάπτουσιν
1070 3065 1342 3136 ἄνθρακας
1368 3064 1722 3136 ἁμαρτωλῶν,
1746 3065 1844 3128 τὰς

282 3161 346 3213 ἐκ
397 3159 504 3212 τῶν
550 3159 826 3230 τυράννων
876 3157 1110 3229 δηλονότι
1166 3156 1432 3220 κολάσεις.
1472 3156 1611 3208 Ἀλλ’
1662 3159 1709 3209 εἰ
1751 3157 1844 3209 καὶ

283 3251 518 3304 αἰτιᾶται
549 3251 674 3312 τοὺς
706 3248 846 3302 οῦτω
871 3247 1171 3310 ποιοῦντας,
1203 3249 1474 3300 κοινωνεῖν
1500 3247 1636 3311 τέως
1666 3248 1844 3311 αὐτοῖς

284 3343 405 3405 τοὺς
428 3343 647 3404 πιστοὺς
673 3341 1030 3404 διατάττεται,
1065 3341 1145 3394 ὅτι
1177 3340 1262 3394 διὰ
1294 3341 1382 3393 τὸν
1399 3338 1630 3410 Χριστὸν
1658 3341 1845 3392 ὑπεισ-

1945 2142 1990 2196 si
2019 2139 2188 2196 crudo
2218 2136 2596 2208 profundoque
2625 2149 2818 2190 somno
2840 2132 3251 2202 premebantur,
3281 2146 3390 2185 non
3413 2130 3510 2184 ha-

1942 2233 2071 2288 bent
2107 2237 2448 2286 constantem
2479 2227 2766 2288 rationem,
2813 2223 2905 2279 sed
2940 2223 3307 2293 perturbatam
3335 2231 3389 2278 et
3416 2222 3502 2276 in—

1945 2322 2194 2380 stabilem
2233 2340 2245 2374 :
2280 2321 2478 2374 talibus
2512 2317 2781 2372 assimilat
2827 2324 3214 2370 sacrosanctus
3248 2314 3336 2367 hic
3364 2329 3509 2367 mar-

1945 2422 2030 2486 tyr
2057 2429 2152 2469 eos
2193 2413 2282 2482 qui
2315 2427 2420 2465 non
2473 2410 2744 2472 ordinate,
2781 2406 2874 2462 sed
2909 2405 3196 2461 temerarie
3231 2411 3284 2458 et
3319 2404 3508 2460 incon-

1945 2506 2179 2562 siderate
2213 2520 2270 2560 se
2300 2503 2354 2557 in
2383 2510 2658 2557 certamen
2705 2499 2992 2552 intrudunt
3028 2515 3043 2562 ;
3091 2496 3425 2566 parturiens,
3455 2504 3508 2550 et

1944 2597 2162 2652 trahere
2189 2594 2465 2658 differens,
2497 2608 2596 2664 pro
2629 2607 2694 2648 eo
2724 2590 2867 2660 quod
2900 2590 3141 2643 nondum
3175 2589 3229 2641 in
3263 2594 3506 2656 apertum

1944 2689 2142 2758 erupit,
2189 2685 2285 2743 sed
2317 2685 2611 2739 meditatur
2641 2689 2696 2737 et
2721 2679 2921 2744 differt,
2957 2694 3052 2734 seu
3100 2685 3391 2732 cunctatur
3413 2675 3508 2730 de-

1946 2790 2215 2836 certantes
2241 2778 2478 2840 trahere,
2499 2774 2823 2846 quisibimet
2853 2771 3208 2827 tentationem
3237 2769 3504 2830 alliciunt,

1946 2874 2059 2928 sive
2093 2873 2147 2927 in
2175 2888 2233 2927 se
2269 2871 2417 2941 ipsos
2469 2868 2824 2923 tentationem
2872 2865 3115 2918 trahunt.
3150 2862 3380 2917 Maxime
3410 2877 3501 2915 au-

1945 2972 2072 3025 tem,
2104 2971 2157 3017 et
2180 2961 2300 3015 aliis
2329 2958 2575 3014 fidelibus
2619 2962 2965 3028 peccatorum
2997 2953 3263 3008 carbones
3316 2967 3510 3006 accen-

1945 3055 2102 3117 dunt,
2135 3069 2164 3107 a
2195 3052 2436 3124 tyrannis
2489 3049 2698 3105 scilicet
2747 3047 3079 3118 punitiones.
3128 3043 3234 3099 Sed
3275 3045 3378 3099 etsi
3411 3059 3507 3098 eos

1945 3145 2037 3216 qui
2066 3145 2146 3201 sic
2176 3143 2402 3206 faciunt,
2454 3141 2801 3210 reprehendit
2831 3156 2845 3205 ;
2882 3138 3038 3206 jubet
3089 3143 3270 3190 tamen
3323 3135 3507 3190 fideles

1944 3238 2025 3291 eis
2057 3236 2228 3289 nihilo
2256 3234 2434 3288 secius
2472 3230 2907 3292 communicare,
2938 3227 3065 3296 quia
3099 3237 3321 3297 propter
3341 3226 3502 3280 Chri-

1949 3335 2091 3382 stum
2116 3333 2389 3380 certamen
2412 3323 2716 3381 subierunt,
2746 3320 2996 3389 quamvis
3029 3318 3176 3371 illius
3199 3318 3504 3370 doctrinam

282 3436 442 3507 ἦλθον
487 3435 572 3488 τὸν
606 3433 824 3502 ἀγῶνα,
878 3432 978 3486 κᾶν
1026 3431 1297 3503 ἠγνόησαν
1335 3430 1432 3502 τὴν
1461 3431 1667 3484 ἐκείνου
1703 3429 1845 3482 διδα-

1949 3421 2265 3489 ignorarunt
2297 3435 2309 3468 :
2345 3413 2436 3484 qui
2471 3413 2629 3467 docet
2657 3421 2836 3481 petere
2867 3427 2936 3466 ne
2958 3418 3252 3473 tentemur,
3277 3416 3330 3463 et
3359 3409 3505 3479 quod

283 3528 528 3589 σκαλίαν,
557 3526 897 3587 διδάσκοντος
925 3525 1095 3576 αἰτεῖν
1127 3523 1200 3594 μὴ
1231 3522 1610 3594 πειρασθῆναι,
1643 3523 1734 3574 καὶ
1762 3522 1843 3574 ὅτι

282 3619 398 3674 οὐδὲ
449 3617 635 3671 ἐαυτὸν
687 3615 998 3687 παρέδωκεν
1022 3655 1036 3679 ,
1087 3614 1220 3668 ἀλλὰ
1268 3613 1568 3684 παρεδόθη·
1623 3613 1714 3665 καὶ
1770 3611 1842 3682 μὴ

281 3709 594 3780 αὐτομολεῖν
622 3707 756 3779 πρὸς
783 3707 908 3769 τοὺς
945 3704 1230 3767 κολαστὰς,
1260 3705 1345 3757 ἵνα
1377 3704 1448 3775 μὴ
1479 3703 1636 3756 αἴτιοι
1661 3703 1842 3764 αὐτοῖς

282 3801 508 3869 γίνοιντο
539 3799 796 3852 πλειόνων
835 3797 1007 3866 φόνων
1032 3837 1046 3859 ,
1081 3794 1268 3865 ὥσπερ
1306 3793 1712 3865 παραθήγοντες
1745 3793 1842 3844 αὐ-

279 3897 403 3958 τοὺς
429 3898 507 3954 είς
534 3895 632 3958 τὰς
680 3891 821 3948 κατά
857 3889 965 3944 τῶν
1007 3888 1244 3940 εὐσεϐῶν
1282 3888 1567 3959 τιμωρίας.
1622 3885 1843 3954 Ἐπάγει

281 3989 336 4042 δέ
369 3989 463 4042 καὶ
493 3987 723 4057 διάφορα
753 3981 1167 4055 παραδείγματα
1199 3979 1450 4051 Γραφικά
1477 3981 1504 4032 6
1533 3975 1735 4030 κανών.

352 4082 594 4134 ΖΩΝΑΡ.
642 4079 706 4133 Οἱ
753 4077 875 4148 ἄρτι
922 4074 1016 4128 τοῦ
1059 4074 1224 4127 ὕπνου
1273 4070 1709 4140 ἐξανιστάμενοι,
1752 4069 1845 4122 καὶ

285 4172 480 4243 μᾶλλον
526 4173 574 4224 εί
615 4169 890 4240 ὼμόύπνοι
936 4161 1073 4228 εἶεν,
1121 4164 1180 4216 οὐ
1216 4162 1585 4231 καθεστηκότα
1622 4159 1712 4213 τὸν
1755 4159 1844 4211 λο-

282 4262 476 4334 γισμὸν
512 4261 740 4331 ἔχουσιν,
775 4256 909 4311 ἀλλά
948 4254 1370 4327 τεταραγμένον,
1403 4253 1495 4306 καὶ
1537 4251 1844 4304 ἀκατάστα-

283 4373 391 4409 τον.
424 4353 698 4416 Τοιούτοις
740 4349 1069 4420 παρείκασεν
1097 4349 1125 4399 ὁ
1165 4346 1486 4418 ἱερομάρτυς
1527 4339 1678 4408 οὗτος
1721 4345 1844 4406 τοὺς

283 4445 715 4520 παραπηδῶντας
760 4445 837 4505 είς
866 4441 992 4503 τοὺς
1023 4438 1258 4506 ἀγῶνας,
1289 4439 1454 4508 ’ήγουν
1477 4437 1603 4498 τοὺς
1646 4435 1718 4506 μὴ
1753 4436 1843 4488 εὐ-

282 4541 493 4603 τάκτως
522 4538 654 4592 ἀλλὰ
679 4536 921 4608 θρασέως
941 4535 1034 4588 καὶ
1056 4532 1470 4604 ἀπερισκέπτως
1487 4527 1843 4590 εἰσωθοῦντας

284 4632 507 4696 ἑαυτοὺς
535 4631 614 4694 είς
643 4629 732 4682 τὸν
752 4627 954 4696 ἀγῶνα,
989 4625 1241 4678 ὠδίνοντα
1272 4623 1364 4675 καὶ
1399 4621 1658 4692 μέλλοντα
1691 4618 1844 4672 ἐλκῦ-

287 4742 393 4786 σαι,
435 4723 556 4776 ἀντὶ
601 4721 693 4774 τοῦ
745 4721 906 4790 μήπω
949 4718 1028 4780 εἰς
1077 4715 1305 4786 φανερὸν
1347 4713 1673 4784 ἐκραγέντα,
1709 4709 1841 4763 ἀλλὰ

1944 3527 2012 3566 ne
2038 3525 2096 3564 se
2128 3510 2303 3578 ipsum
2335 3507 2553 3576 quidem
2605 3503 2850 3566 tradidit,
2883 3502 2978 3558 sed
3013 3503 3248 3556 traditus
3293 3509 3416 3566 est;
3450 3508 3506 3556 et

1944 3617 2052 3656 non
2083 3616 2204 3654 esse
2252 3599 2318 3652 ad
2377 3607 2611 3651 tortores
2660 3595 3116 3664 confugiendum,
3151 3609 3218 3658 ne
3254 3594 3501 3662 pluribus

1943 3709 2002 3748 se
2052 3690 2290 3746 caedibus
2337 3686 2747 3742 contaminandi
2814 3686 2947 3755 ipsis
3009 3699 3191 3738 causa:
3245 3683 3394 3748 sint;
3442 3692 3501 3737 ut

1943 3785 2035 3854 qui
2086 3798 2180 3837 eos
2232 3780 2457 3836 incitent
2520 3779 2585 3833 ad
2644 3776 2908 3833 sumenda
2955 3775 3020 3829 de
3057 3764 3163 3844 piis.
3213 3774 3498 3844 supplicia.

1941 3873 2109 3929 Infert
2139 3881 2318 3927 autem
2349 3879 2402 3928 et
2443 3871 2656 3925 diversa
2686 3881 2857 3924 sacra:
2910 3866 3207 3936 Scriptura:
3255 3864 3502 3936 exempla

1942 3981 2141 4020 canon.

2015 4057 2215 4111 Zonan.
2266 4054 2369 4120 Qui
2415 4068 2445 4107 a
2482 4065 2674 4108 somno
2703 4055 2952 4104 recentes
2983 4055 3306 4117 exsurgunt,
3363 4062 3504 4117 pra:-

1943 4149 2128 4204 scrtim
2164 4147 2208 4200 si
2256 4145 2502 4216 graviore
2536 4156 2729 4197 somno
2787 4139 3255 4209 Opprimebantur,
3291 4139 3503 4192 ratione

1942 4240 2360 4308 haudquaquam
2381 4235 2586 4297 sedata,
2603 4234 2694 4288 sed
2714 4231 3031 4302 perturbata
3062 4228 3502 4298 inconstantique

1941 4339 2188 4386 utuntur.
2229 4326 2505 4398 Ejusmodi
2554 4324 2865 4380 hominibus
2919 4329 3145 4376 sanctus
3179 4321 3266 4375 hic
3297 4329 3500 4390 martyr

1943 4425 2146 4480 similes
2171 4437 2264 4477 eos
2303 4419 2502 4476 asserit
2536 4419 2627 4487 qui
2679 4417 2736 4470 in
2769 4423 3043 4470 certamen
3073 4420 3364 4483 proruunt,
3401 4413 3502 4464 hoc

1941 4521 2046 4578 est,
2104 4531 2210 4568 non
2241 4512 2487 4565 ordinate
2517 4509 2611 4562 sed
2639 4507 2831 4561 audaci
2884 4522 2946 4560 ac
2975 4505 3266 4560 temerario
3298 4503 3498 4570 impetu

1943 4623 2001 4664 sc
2030 4608 2179 4678 ipsos
2213 4603 2499 4659 i'ntrudunt
2529 4602 2580 4655 in
2604 4608 2879 4654 certamen
2907 4615 2922 4665 ;
2947 4596 3274 4666 parturiens,
3312 4609 3374 4647 ac
3397 4601 3504 4647 tra-

1945 4700 2070 4754 here
2103 4697 2380 4753 differens.
2429 4709 2528 4765 pro
2576 4707 2640 4747 eo
2681 4690 2821 4760 quod
2882 4689 3123 4743 nondum
3159 4687 3213 4740 in
3255 4691 3500 4756 apertum

288 4776 653 4884 μελετώμενον
697 4776 1100 4878 κάὶιμέλλοντα,
1121 4776 1237 4876 ἣτοί
1269 4776 1592 4873 βραδῦνοντα
1621 4799 1840 4852 ἐλκῦσαι

1949 4792 2142 4862 erupit,
2179 4790 2273 4846 sed
2305 4787 2612 4851 meditatur,
2643 4792 2697 4838 et
2721 4781 2900 4836 diﬂ‘ert
2929 4783 3043 4837 sive
3089 4786 3379 4835 cunctatur
3409 4776 3504 4830 de-

285 4905 406 4968 τοὺς
428 4900 857 4972 ἀγωνιζομένους
879 4914 893 4927 ο
925 4896 1117 4958 οἵτινες
1157 4893 1457 4964 πειρασμὸν
1485 4890 1839 4952 ἐπισπῶνται,

285 4998 446 5067 ήγουν
481 4997 558 5057 είς
591 4993 811 5053 ἑαυτοὺς
843 4988 1058 5042 ἕλκουσι
1090 4984 1410 5056 πειρασμὸν,
1438 4983 1630 5053 μᾶλλον
1657 4981 1712 5032 δέ
1750 4981 1844 5033 καὶ

285 5089 460 5152 ἀλλοις
511 5087 720 5148 πιστοῖς
771 5082 1096 5136 ἀνάπτουσιν
1151 5076 1422 5148 ἄνθρακας
1474 5072 1805 5146 ἁμαρτωλῶν
1828 5110 1842 5130 ,

390 5256 416 5283 ι
442 5242 558 5296 Act.
584 5255 695 5303 xw,
723 5236 812 5292 ‘21.
887 5235 916 5275 δ
952 5231 1202 5295 Hebr.xt,
1226 5229 1313 5285 52.

1948 4893 2220 4939 certantes
2253 4881 2506 4935 trahere:
2551 4876 2645 4947 qui
2678 4874 2893 4946 quidem
2936 4873 3288 4928 tentationem
3319 4885 3505 4925 accer—

1950 4984 2100 5041 sunt,
2124 4977 2228 5029 hoc
2258 4980 2361 5034 est,
2394 4972 2461 5026 ad
2511 4987 2569 5025 se
2616 4969 2762 5038 ipsos
2815 4965 3165 5020 tentationem
3203 4961 3504 5033 pelliciunt,

1950 5068 2080 5139 quin
2112 5067 2291 5136 potius
2313 5063 2435 5118 aliis
2468 5060 2716 5116 fidelibus
2753 5055 3059 5112 accendunt
3088 5055 3354 5109 carbones
3380 5067 3504 5122 pec-

1533 5359 1765 5416 VARLE
1809 5353 2213 5412 LECTIONES.
2308 5355 2312 5360 ’

355 5528 401 5562 ³⁸
434 5526 633 5599 ὁμοίως
659 5526 783 5581 add.
859 5525 925 5556 “'
956 5517 1258 5583 κατέλεξεν.
1332 5515 1421 5549 ⁸¹⁹⁹
1459 5511 1551 5566 καὶ
1580 5512 1680 5564 ὅτι.

358 5666 435 5737 (3)
469 5643 744 5734 ’Ea'zavp.
783 5661 1020 5737 Kai.jld_.
1069 5661 1238 5715 codex
1289 5655 1455 5737 Plan...
1503 5650 1820 5724 ἐσταυρώθη

303 5727 525 5810 Ὁμοίως
554 5727 817 5810 atat-Mox
846 5733 1098 5810 πολλάκις
1122 5746 1220 5800 pro
1235 5727 1550 5810 [πλεονάκιςξ

363 5793 438 5876 (4‘,
475 5793 812 5863 Δίδάσκειν.
850 5804 929 5860 ld.
964 5793 1138 5865 cod.,'
1162 5799 1468 5866 φυλάττειν.
1511 5793 1679 5849 Paulo
1722 5796 1841 5861 post

1773 5508 1817 5539 ³³
1849 5505 2117 5579 ἐπιλείψῃ.

1941 5633 2203 5718 ’ἐμμένειν
2228 5645 2291 5714 τῇ
2329 5640 2528 5718 πίστει,
2565 5639 2769 5718 omissa
2820 5630 3218 5718 prapositione.
3270 5627 3388 5683 Mox
3421 5624 3505 5685 δεῖ

1947 5706 2091 5787 ἡμᾶς
2121 5717 2248 5778 εισ.,
2267 5706 2339 5768 "ut
2376 5713 2430 5766 in
2464 5719 2612 5766 textu
2639 5712 2756 5763 Act.
2788 5706 2895 5774 xlv,
2927 5706 3013 5758 ει.
