4088 6284
484 356 588 414 ιιι-ι

1503 360 1559 415 S.
1600 357 1804 416 PETRI
1848 357 2316 415 ALEXANDRINI
2354 358 2660 416 EPISCOPI

3608 360 3716 417 488

484 488 756 544 catorum,
778 485 1046 534 tormenta
1067 477 1322 532 nimirum
1346 493 1468 550 quae
1490 493 1520 532 a
1536 478 1783 550 tyrannis
1812 477 2054 532 inferun-

2167 479 2248 542 τὰς
2278 479 2341 532 ὲκ
2367 477 2474 532 τῶν
2494 479 2765 551 τυράννων
2801 476 3041 550 δηλονότι
3069 473 3337 541 κολάσεις.
3376 475 3515 529 Ἀλλ’
3547 479 3595 530 εί
3621 478 3718 530 καὶ

483 583 597 630 tur.
628 573 734 628 Sed
755 571 1006 642 quamvis
1031 581 1255 626 accuset
1286 586 1381 626 eos
1413 572 1505 640 qui
1543 571 1644 624 hoc
1676 570 1837 623 modo
1867 585 1926 624 se
1957 583 2052 639 ge-

486 671 636 728 runt,
669 664 804 735 ipsis
823 670 1008 718 tamen
1031 679 1061 717 a
1093 663 1344 718 ﬁdelibus
1375 660 1894 716 communicandum
1928 676 2053 716 esse

485 755 748 819 decernit,
779 755 925 825 quod
959 755 1013 808 in
1046 755 1267 809 nomine
1296 753 1496 808 Christi
1518 752 1585 807 ad
1611 752 1714 806 hoc
1739 750 2047 821 prodeunt:

486 845 712 902 ﬁdentes
741 845 992 900 videlicet
1027 844 1269 909 Christo,
1305 851 1399 898 aut
1435 844 1491 896 in
1519 843 1641 911 ejus
1685 841 1908 896 nomine
1946 839 2050 896 sibi

485 944 760 993 certamen
788 937 1148 1007 deposcentes
1180 953 1195 1003 ;
1244 935 1459 992 etiamsi
1493 933 1634 989 forte
1671 933 1816 987 illius
1846 947 2051 1002 ιιι-ωερ-

484 1029 659 1102 ptioni
682 1028 864 1085 minus
897 1030 1289 1098 obtemperent,
1312 1026 1562 1083 docentis
1580 1033 1760 1095 petere
1791 1040 1858 1079 ne
1876 1030 2054 1077 tente.

483 1136 626 1185 mur,
666 1121 751 1176 vel
779 1120 939 1174 etiam
966 1121 1217 1190 ignorent
1240 1118 1529 1173 Dominum
1561 1115 1857 1173 secessisse
1877 1116 1946 1170 ab
1968 1115 2053 1168 in-

483 1214 837 1271 sidiatoribus
860 1213 996 1279 suis,
1030 1213 1360 1282 solitumque
1413 1209 1706 1281 aliquando
1736 1225 1843 1263 non
1872 1207 2052 1278 palam

483 1305 854 1371 deambulare,
888 1319 987 1360 nec
1025 1320 1084 1360 se
1123 1305 1300 1373 ipsum
1323 1301 1630 1373 prodidisse
1667 1310 1725 1356 ut
1755 1307 2053 1370 pateretur,

480 1413 670 1455 verum
697 1399 766 1453 ab
790 1397 913 1452 aliis
937 1398 1214 1468 proditum
1242 1415 1256 1463 ;
1292 1395 1724 1466 praecepisseque
1749 1392 2050 1464 discipulis,

483 1497 545 1546 ut
570 1505 680 1562 quo
715 1497 960 1559 tempore
1013 1488 1138 1542 illos
1185 1486 1391 1541 inimici
1444 1487 1872 1546 insectarentur,
1902 1484 2056 1554 fuge-

483 1588 606 1637 rent
632 1595 663 1634 e
689 1580 914 1634 civitate
949 1579 1002 1631 in
1028 1577 1326 1638 civitatem,
1343 1591 1443 1630 nec
1459 1591 1518 1631 se
1545 1577 1694 1645 ipSos
1721 1576 1864 1629 ultro
1885 1581 2056 1628 torto-

483 1669 638 1723 ribus
680 1667 980 1727 traderent,
1037 1680 1106 1720 ne
1157 1665 1405 1734 pluribus
1436 1679 1495 1718 se
1521 1663 1762 1717 caedibus
1791 1660 2056 1716 contami-

486 1760 653 1816 nandi
681 1773 903 1815 causam
930 1756 1066 1827 ipsis
1125 1755 1450 1826 praeberent,
1482 1770 1577 1810 eos
1604 1755 1749 1810 velut
1779 1754 2055 1809 irritantes

2155 570 2393 624 αἰτιᾶται
2414 573 2539 635 τοὺς
2559 571 2729 634 οὕτως
2755 570 3053 634 ποιοῦντας,
3074 571 3345 623 κοινωνεῖν
3369 569 3503 632 τέως
3532 569 3717 632 αὐτοῖς

2153 663 2279 726 τοὺς
2305 665 2528 726 πιστοὺς
2554 663 2912 725 διατάττεται.
2935 663 3018 717 ὃτι
3045 664 3100 716 ἐν
3124 661 3342 732 ὀνόματι
3361 659 3453 713 τοῦ
3482 661 3718 731 Χριστου

2155 755 2518 825 παρέρχονται
2553 758 2631 818 εἰς
2661 755 2818 812 τοῦτο
2837 795 2852 819 ,
2884 754 3209 826 θαρροῦντες
3238 751 3435 822 δηλαδὴ
3469 751 3548 822 τῷ
3586 753 3722 823 Χρι-

2156 845 2285 916 στῷ,
2317 846 2349 917 ῆ
2379 845 2516 916 ὑπὲρ
2555 844 2649 899 τοῦ
2691 845 2951 916 ὀνόματος
2988 844 3080 898 τοῦ
3130 841 3364 915 Χριστοῦ
3409 841 3720 912 αἱρούμενοι

2153 937 2247 988 τὸν
2277 936 2465 1004 ἀγῶνα
2481 976 2495 999 ,
2527 938 2575 988 εἰ
2601 936 2742 1006 τάχα
2768 937 2862 989 καὶ
2888 937 2948 989 οὐ
2974 935 3114 988 κατά
3144 934 3240 1006 τὴν
3262 934 3471 987 ἐκείνου
3503 934 3718 988 ποιοῦσι

2152 1028 2518 1093 διδασκαλίαν,
2564 1028 2905 1091 διδάσκοντος
2949 1029 3118 1081 αἰτεῖν
3161 1027 3233 1098 μὴ
3275 1025 3650 1097 πειρασθῆναι,
3682 1025 3716 1098 ἦ

2155 1119 2248 1172 καὶ
2279 1118 2586 1187 ἀγνοοῦσιν,
2615 1120 2743 1172 ὃτιὸ
2763 1115 2963 1191 Κύριος
2994 1117 3263 1188 ὑπεχώρει
3303 1117 3411 1169 ἀπὸ
3455 1117 3562 1170 τῶν
3592 1118 3718 1169 ἐπι-
3785 1111 3793 1122 “

2154 1211 2514 1266 ϐουλευόντων
2549 1209 2733 1280 αὐτῷ,
2781 1210 2876 1263 καὶ
2918 1209 3064 1262 ἐστιν
3099 1210 3188 1262 ὅτε
3231 1208 3325 1262 καὶ
3357 1208 3417 1260 οὐ
3470 1207 3721 1278 φανερῶς

2155 1305 2495 1378 περιεπάτει,
2539 1305 2633 1356 καὶ
2667 1305 2747 1356 ὅτι
2784 1299 2905 1356 οὐδὲ
2949 1300 3138 1356 ἐαυτὸν
3184 1300 3464 1373 παρέδωκε
3502 1299 3716 1364 παθεῖν,

2155 1397 2290 1452 ἀλλά
2319 1393 2587 1468 παρεδόθη
2607 1409 2620 1426 ⁶
2659 1397 2749 1448 καὶ
2791 1397 2848 1449 ἐν
2879 1394 2957 1465 τῷ
2986 1393 3277 1448 διώκεσθαι
3318 1395 3444 1456 τοὺς
3475 1391 3722 1464 μαθητὰς

2155 1490 2340 1555 αὐτοῦ,
2373 1489 2652 1555 διετάξατο
2701 1487 2919 1555 φεύγειν
2965 1487 3044 1549 εἰς
3095 1485 3246 1540 πόλιν
3271 1488 3335 1539 ἐκ
3374 1486 3599 1549 πόλεως,
3627 1484 3722 1540 καὶ

2160 1583 2234 1656 μὴ
2264 1581 2580 1652 αὐτομολεῖν
2625 1579 2759 1650 πρὸς
2802 1580 2927 1641 τοὺς
2968 1576 3253 1641 κολαστὰς,
3304 1577 3389 1630 ἵνα
3441 1575 3513 1647 μὴ
3557 1577 3722 1628 αἴτιοι

2156 1676 2337 1739 αὐτοῖς
2384 1674 2617 1742 γίνοιντο
2670 1671 2926 1724 πλειόνων
2979 1670 3187 1740 φόνων,
3230 1667 3415 1741 ὥσπερ
3468 1667 3720 1739 παραθή-

2155 1785 2340 1839 γοντες
2368 1766 2564 1829 αὐτοὺς
2593 1766 2673 1828 εἰς
2707 1763 2803 1827 τὰς
2849 1760 2990 1815 κατά
3014 1760 3121 1814 τῶν
3161 1759 3398 1814 εὐσεϐῶν
3430 1756 3719 1829 τιμωρίας.

487 1851 556 1906 ad
588 1849 854 1920 supplicia
885 1847 992 1917 piis
1043 1845 1358 1901 hominibus
1417 1845 1728 1915 irroganda.
1780 1843 2057 1914 Ailertque

2167 1863 2267 1916 Ka‘t
2294 1861 2418 1923 τοὺς
2460 1857 2788 1918 ἀποστόλους
2839 1853 3074 1924 παράγει
3125 1853 3200 1916 εἰς
3255 1851 3590 1920 ὑπόδειγμα,
3627 1848 3722 1902 τὸν

488 1944 860 2014 apostolorum
917 1940 1248 2008 exemplum,
1283 1936 1564 2008 Stephani,
1603 1936 1816 2003 Jacobi,
1864 1951 1929 1992 ac
1959 1952 2055 1993 su-

490 2049 798 2107 premorum
824 2031 1034 2088 ordinis
1065 2032 1147 2086 sui
1184 2045 1470 2100 procerum
1496 2028 1645 2084 Petri
1673 2036 1728 2083 et
1747 2026 1922 2083 Pauli.

1104 2120 1334 2178 CANON
1373 2119 1441 2174 Χ.

564 2235 583 2268 ι
625 2213 780 2271 Unde
811 2231 920 2272 non
964 2223 1047 2270 est
1104 2228 1354 2284 aequum,
1396 2220 1456 2268 ut
1489 2213 1572 2268 vel
1618 2212 1800 2266 clerici
1830 2212 1922 2282 qui
1957 2227 2058 2268 sua

494 2328 512 2362 ι
563 2317 758 2380 sponte
779 2306 1128 2378 aufugerunt,
1162 2306 1301 2376 lapsi
1328 2313 1506 2360 autem
1539 2313 1592 2361 et
1630 2306 1878 2360 reluctati
1908 2311 2057 2370 sunt,

495 2419 514 2452 ι
561 2400 796 2471 amplius
821 2399 873 2453 in
904 2413 1062 2454 sacro
1101 2398 1405 2452 ministerio
1437 2405 1715 2462 maneant,
1753 2404 1809 2450 ut
1833 2397 1925 2467 qui
1952 2395 2060 2450 Do-

499 2513 518 2544 ι
567 2493 704 2546 mini
757 2507 970 2562 gregem
1001 2490 1346 2560 reliquerint,
1369 2497 1422 2544 et
1448 2505 1506 2545 se
1531 2489 1680 2558 ipsos
1719 2489 2059 2559 vituperave-

498 2606 518 2639 ι
562 2586 706 2641 rint:
735 2585 880 2655 quod
908 2584 1092 2638 nullus
1121 2583 1247 2637 fecit
1275 2598 1344 2637 ex
1373 2583 1660 2652 apostolis.
1700 2581 1913 2636 Etenim
1933 2595 2056 2634 cum

497 2697 519 2732 ι
563 2680 764 2734 multas
814 2676 1222 2748 persecutiones
1277 2675 1526 2738 obiisset,
1560 2684 1613 2731 et
1656 2676 1830 2730 multa
1884 2682 2059 2729 certa-

500 2789 520 2822 ι
565 2769 772 2826 ιιιῑιιιιιιι
797 2769 1018 2839 praemia
1038 2767 1374 2824 ostendisset
1401 2767 1594 2822 beatus
1621 2767 1898 2836 apostolus
1917 2764 2058 2820 Pau-

500 2880 520 2913 ι
566 2861 673 2925 lus,
707 2861 886 2916 sciens
920 2874 1043 2916 esse
1063 2859 1220 2930 longe
1239 2859 1436 2915 melius
1489 2858 1705 2913 dissolvi
1733 2868 1916 2912 etesse
1943 2873 2060 2910 cum

499 2974 519 3006 ι
567 2953 782 3010 Christo
831 2966 882 3019 α,
915 2952 1079 3008 infert
1114 2959 1168 3007 et
1208 2951 1383 3006 dicit:
1424 2950 1489 3005 In
1517 2969 1674 3006 carne
1725 2959 1900 3005 autem
1945 2967 2061 3004 ma-

499 3065 520 3098 ι
567 3064 706 3110 nere,
743 3046 910 3117 magis
940 3046 1291 3100 necessarium
1309 3054 1524 3114 propter
1543 3061 1652 3100 vos.
1691 3044 2061 3103 Considerans

501 3155 522 3188 ι
562 3139 707 3192 enim
737 3152 845 3191 non
873 3152 1050 3201 suam,
1087 3136 1180 3194 sed
1205 3135 1499 3190 multorum
1531 3137 1842 3203 utilitatem,
1869 3146 1928 3193 ut
1948 3154 2063 3194 ser-

501 3246 520 3278 ι
564 3234 782 3290 ventur,
815 3227 989 3297 magis
1017 3242 1181 3297 quam
1207 3241 1362 3282 suam
1393 3227 1654 3297 quietem,
1685 3234 2060 3285 necessarium
2090 3219 2131 3276 C

502 3337 522 3370 ι
569 3319 921 3384 existimavit,
955 3319 1094 3388 apud
1125 3318 1322 3375 fratres
1381 3334 1619 3381 manere,
1662 3330 1716 3374 et
1749 3335 1938 3376 eorum
1965 3339 2063 3377 cu-

501 3431 522 3462 ι
568 3427 683 3467 ram
713 3427 919 3483 gerere.
947 3411 1048 3479 Qui
1089 3413 1250 3467 etiam
1277 3412 1394 3467 vult
1443 3427 1566 3466 eum
1596 3414 1688 3483 qui
1713 3413 1890 3478 docet,
1941 3429 2065 3471 esse

506 3523 524 3554 ι
573 3506 630 3558 in
660 3503 904 3559 doctrina
949 3503 1242 3573 exentplum
1277 3504 1304 3544 ιι
1340 3503 1608 3559 fidelibus.
1658 3502 1812 3559 Unde
1863 3509 1956 3574 qui
2007 3506 2064 3560 in

504 3614 525 3647 ι
573 3610 796 3652 carcere
819 3595 1232 3658 contendentes,
1257 3609 1287 3649 a
1315 3595 1621 3650 ministerio
1645 3597 1982 3657 exciderunt,
2011 3604 2066 3651 et

503 3709 525 3743 ι
568 3691 812 3747 reluctati
845 3699 990 3756 sunt,
1021 3706 1218 3746 sensus
1249 3689 1409 3759 plane
1442 3697 1569 3743 sunt
1618 3698 1889 3760 expertes.
1920 3689 2068 3756 Quo-

505 3799 527 3833 ι
569 3780 732 3836 modo
755 3779 900 3836 enim
936 3786 1123 3848 petunt
1177 3777 1322 3849 quod
1367 3777 1723 3848 reliquerunt,
1762 3793 1886 3832 cum
1920 3781 1973 3832 in
2004 3794 2065 3834 ea

505 3891 527 3927 ι
573 3879 894 3942 tempestate
941 3885 1064 3925 esse
1112 3876 1336 3940 possent
1383 3867 1647 3923 fratribus
1699 3868 1814 3924 suis
1856 3869 2071 3925 utiles?

508 3979 527 4013 ι
573 3959 826 4029 Quandiu
853 3959 1037 4029 itaque
1061 3958 1201 4012 ﬁrmi
1235 3957 1570 4026 stabilesque
1596 3956 2070 4024 manserunt,ejus

510 4071 530 4106 ι
577 4053 725 4124 quod
749 4058 943 4123 praeter
966 4051 1234 4105 rationem
1267 4049 1530 4109 fecerant.
1551 4050 1630 4105 eis
1641 4050 1797 4105 venia
1818 4051 2067 4105 dabatur.

511 4163 530 4197 ι
578 4143 810 4212 Quando
853 4151 1036 4197 autem
1085 4141 1224 4211 lapsi
1264 4151 1413 4206 sunt,
1449 4142 1632 4213 utqui
1681 4158 1964 4213 perperam
2012 4157 2072 4198 se

512 4257 530 4287 ι
583 4242 872 4306 gesserunt
892 4240 945 4288 et
969 4247 1028 4288 se
1049 4232 1198 4302 ipsos
1220 4231 1686 4303 vituperaverunt,
1717 4251 1822 4289 non
1842 4245 2072 4305 possunt

513 4347 532 4380 ι
577 4327 812 4397 amplius
832 4340 988 4380 sacra
1011 4324 1317 4377 ministeria
1344 4324 1517 4380 obire.
1551 4325 1614 4378 Et
1634 4325 1756 4380 ideo
1779 4328 1951 4396 magis
1977 4343 2074 4381 cn-

513 4436 533 4471 ι
581 4432 698 4475 ram
729 4423 938 4487 gerant,
971 4414 1244 4484 quomodo
1275 4413 1329 4466 in
1358 4413 1665 4470 humilitate
1711 4417 1875 4470 vitam
1917 4433 2074 4486 pera-

513 4530 534 4566 ι
579 4517 710 4583 gant
737 4525 767 4563 a
798 4523 938 4563 vana
971 4508 1144 4579 gloria
1201 4515 1503 4563 cessantes.
1547 4509 1640 4562 Eis
1687 4510 1830 4564 enim
1870 4510 2069 4564 sutiicit

515 4623 535 4657 ι
579 4603 911 4667 communio,
928 4615 1050 4673 qua:
1081 4599 1373 4670 diligenter
1399 4608 1455 4655 et
1482 4608 1734 4656 accurate
1767 4601 1826 4654 ﬁt
1857 4601 2072 4658 duabus

515 4715 536 4751 ι
582 4697 650 4753 de
672 4697 858 4751 causis
877 4735 893 4760 ,
939 4702 1055 4748 tum
1077 4708 1146 4748 ne
1175 4692 1465 4748 videantur
1486 4691 1732 4746 molestia
1757 4691 1915 4756 allici,
1947 4693 2076 4748 hinc

519 4809 538 4842 ι
584 4789 1003 4845 dissolutionem
1022 4787 1075 4843 vi
1107 4785 1472 4856 arripientes:
1509 4791 1622 4838 tum
1651 4800 1720 4839 ne
1743 4785 1881 4855 lapsi
1909 4786 2075 4856 aliqui

519 4899 540 4936 ι
583 4889 879 4936 causentur
894 4895 952 4936 se
976 4887 1198 4950 propter
1224 4891 1399 4947 poena:
1427 4877 1772 4932 occasionem
1801 4876 1972 4934 fuisse
1998 4894 2079 4935 re-

517 4993 543 5032 c
581 4976 817 5032 missos:
852 4973 957 5041 Qui
1001 4971 1218 5044 quidem
1251 4969 1539 5041 plusquam
1571 4984 1760 5026 omnes
1815 4971 2074 5041 probrum

585 5146 614 5176 ι
644 5131 879 5201 Philipp.
921 5146 961 5197 ι,
993 5128 1084 5194 25,
1116 5126 1204 5182 ει.
1282 5126 1311 5168 1)
1340 5125 1450 5182 Tit.
1477 5141 1537 5191 ιι,
1574 5125 1625 5179 7.

2157 1955 2425 2022 Στέφανον
2447 1993 2463 2017 ,
2508 1951 2598 2004 τὸν
2640 1946 2890 2002 Ἰάκωϐον
2911 1986 2925 2011 ,
2959 1947 3054 2001 καὶ
3093 1946 3218 2007 τοὺς
3265 1940 3724 2014 κορυφαιοτάτους

2157 2045 2363 2118 Πέτρον
2390 2045 2484 2098 καὶ
2506 2041 2738 2096 Παῦλον.

2772 2131 3011 2185 ΚΑΝΩΝ
3049 2132 3106 2185 I’.

2232 2247 2251 2282 ι
2288 2228 2446 2283 Ὅθεν
2470 2229 2545 2300 (5)
2571 2229 2670 2283 οὐκ
2691 2226 2836 2279 ἐστιν
2865 2223 3080 2292 εὔλογον
3109 2223 3229 2276 οὐδέ
3249 2223 3373 2285 τοὺς
3393 2219 3499 2274 ἀπὸ
3521 2218 3720 2290 κλήρου

2165 2340 2182 2372 ι
2219 2319 2708 2392 αὐτομολήσαντας,
2754 2315 3174 2377 ἐκπεπτωκότας
3203 2331 3260 2366 τε
3300 2313 3394 2366 καὶ
3426 2309 3723 2365 άναπαλαί-
3825 2365 3832 2370 ,

2162 2430 2182 2464 ι
2225 2429 2442 2476 σαντας,
2471 2411 2550 2464 ἔτι
2587 2413 2644 2464 ἐν
2675 2412 2740 2480 τῇ
2785 2407 3093 2478 λειτουργίᾳ
3128 2401 3296 2468 εἶναι,
3333 2406 3426 2460 ἆτε
3457 2403 3520 2474 δὴ
3552 2419 3722 2456 κατα-ι

2163 2523 2182 2556 ι
2221 2502 2512 2574 λείψαντας
2543 2502 2602 2555 τὸ
2631 2501 2878 2570 ποίμνιον
2911 2498 3116 2570 Κυρίου
3152 2498 3246 2550 καὶ⁵
3291 2496 3723 2567 μωμησαμένους

2165 2615 2182 2646 ι
2221 2595 2442 2658 ἑαυτούς
2461 2611 2474 2625 ⁸
2499 2596 2634 2678 ὅπερ
2652 2593 2823 2656 οὐδεὶς
2844 2591 2950 2644 τῶν
2972 2588 3278 2644 ἀποστόλων
3307 2587 3591 2658 πεποίηκε.
3613 2585 3724 2639 Καὶ

2167 2704 2184 2736 ι
2225 2684 2333 2757 γὰρ
2363 2687 2392 2738 6
2421 2676 2645 2746 πολλοὺς
2685 2682 2956 2752 διωγμοὺς
2993 2679 3253 2746 ἐξανύσας
3296 2677 3392 2747 (6),
3447 2676 3615 2730 πολλά
3665 2692 3723 2728 τε

2167 2795 2184 2826 ι
2226 2773 2360 2830 ἆθλα
2387 2775 2777 2847 ἀγωνισμάτων
2808 2771 3195 2844 ἐνδειξάμενος,
3231 2773 3259 2825 6
3291 2769 3557 2842 μακάριος
3589 2767 3726 2822 ἀπό-

2167 2890 2185 2922 ι
2223 2867 2472 2932 στολος³⁶
2511 2868 2753 2933 Παῦλος,
2797 2865 3049 2938 ἐγνωκώς
3080 2880 3138 2918 τε
3184 2865 3264 2917 ὅτι
3313 2861 3526 2916 κάλλιόν
3579 2861 3726 2912 ἐστιν

2168 2981 2186 3014 ι
2224 2960 2523 3016 ἀναλῦσαι
2567 2959 2661 3011 καὶ
2697 2957 2819 3012 σὺν
2861 2955 3088 3026 Χριστῷ
3121 2951 3295 3018 εἶναι,
3339 2951 3584 3021 ἐπιφέρει
3631 2947 3726 3000 καὶ

2169 3073 2187 3106 ι
2223 3055 2396 3122 λέγει’
2429 3053 2500 3107 Τὸ
2527 3050 2593 3104 δὲ
2621 3047 2908 3121 ἐπιμεῖναι
2945 3049 3017 3117 τῇ
3042 3047 3239 3115 σαρκὶ,
3268 3044 3726 3115 ἀναγκαιότερον

2171 3167 2188 3197 ι
2226 3147 2300 3200 δι’
2331 3145 2503 3216 ὑμᾶς.
2555 3143 2777 3196 Σκοπῶν
2808 3143 2916 3215 γὰρ
2965 3143 3024 3195 οὐ
3077 3137 3137 3193 τὸ
3182 3137 3372 3193 ἑαυτοῦ
3413 3133 3720 3204 συμφέρον,

2171 3256 2188 3288 t
2228 3235 2362 3289 ἀλλά
2396 3236 2458 3289 τὸ
2486 3234 2592 3288 τῶν
2631 3233 2840 3287 πολλῶν
2885 3232 2972 3284 ἵνα
3002 3229 3243 3284 σωθῶσιν
3263 3269 3276 3291 ,
3308 3224 3721 3292 ἀναγκαιότερον

2169 3345 2188 3379 ι
2225 3329 2323 3399 τῆς
2371 3325 2560 3380 ἐαυτοῦ
2613 3322 2968 3384 ἀναπαύσεως
3013 3320 3252 3392 ἡγήσατο
3289 3317 3347 3370 τὸ
3392 3312 3725 3386 παραμένειν

2170 3437 2188 3471 ι
2228 3421 2341 3481 τοῖς
2367 3417 2612 3487 ἀδελφοῖς
2638 3417 2730 3469 καὶ
2762 3413 3133 3487 ἐπιμελεῖσθαι
3159 3409 3352 3464 αὐτῶν.
3392 3409 3486 3471 Ὃς
3517 3406 3609 3459 καὶ
3631 3405 3724 3456 τὸν

2171 3529 2188 3562 ι
2224 3511 2538 3564 διδάσκοντα
2583 3509 2722 3562 θέλει
2756 3504 2890 3562 εἶναι
2936 3509 3006 3560 ἐν
3044 3502 3117 3574 τῇ
3150 3502 3503 3568 διδασκαλίᾳ
3534 3502 3729 3553 τύπον

2171 3622 2188 3652 ι
2226 3602 2506 3673 γινόμενον
2531 3602 2638 3657 τῶν
2669 3600 2888 3654 πιστῶν.
2918 3599 3080 3653 Ὅθεν
3117 3599 3164 3651 οι
3199 3598 3258 3650 ὲν
3285 3599 3352 3666 τῇ
3393 3596 3579 3665 εἱρκτῇ
3610 3594 3730 3644 ἐπι-

2172 3715 2190 3746 ι
2229 3692 2568 3765 δικαζόμενοι
2614 3693 2713 3763 τῆς
2759 3691 3097 3763 λειτουργίας
3147 3687 3588 3748 ἐκπεπτωκότες,
3637 3683 3730 3736 καὶ

2174 3806 2192 3838 ι
2233 3785 2734 3848 ἀναπαλαίσαντες,
2792 3784 2932 3837 πάνυ
2991 3778 3390 3853 ἀναισθητοῦσι.
3453 3777 3577 3840 Πῶς
3621 3776 3732 3846 γὰρ

2175 3899 2193 3932 ι
2227 3879 2465 3934 αἰτοῦσιν
2509 3878 2537 3932 ὃ
2589 3876 2944 3946 κατέλειψαν,
2991 3875 3275 3945 δυνάμενοι
3318 3875 3430 3936 τοῖς
3487 3869 3731 3940 ἀδελφοῖς

2174 3991 2193 4024 ι
2230 3971 2514 4044 εὐχρηστοι
2548 3967 2682 4024 εἶναι
2733 3968 2790 4023 ἐν
2833 3968 3010 4039 καιρῷ
3047 3963 3299 4037 τοιούτῳ;
3335 3965 3476 4026 Ἕως
3511 3961 3607 4032 μὲν
3637 3955 3732 4014 οὖν

2176 4079 2194 4112 ι
2232 4059 2517 4114 ἀπταιστοι
2541 4054 2708 4130 ἦσαν,
2757 4057 3080 4126 συγγνώμην
3121 4051 3262 4125 εἶχον
3307 4052 3399 4106 ἐπὶ
3446 4055 3512 4124 τῇ
3555 4064 3732 4122 παρα-

2177 4172 2194 4204 ι
2231 4152 2374 4222 λόγῳ
2408 4151 2450 4183 ³⁸
2484 4150 2662 4206 αὐτῶν
2711 4148 2939 4221 πράξει·
2997 4149 3086 4200 ὅτε
3124 4147 3178 4199 δὲ
3221 4145 3481 4198 ἔπταισαν
3504 4183 3518 4206 ,
3547 4143 3622 4206 ὼς
3665 4141 3733 4195 ἂν

2177 4261 2196 4294 ι
2234 4243 2730 4315 περπερευσάμενοι
2752 4241 2844 4293 καὶ
2868 4240 3089 4301 ἑαυτοὺς
3112 4237 3522 4308 μωμησάμενοι,
3551 4233 3733 4286 οὐκέτι

2178 4353 2196 4384 ι
2235 4333 2485 4387 δύνανται
2527 4331 2875 4403 λειτουργεῖν.
2931 4328 3019 4382 Διὸ
3058 4325 3483 4399 φροντιζέτωσαν
3535 4323 3733 4394 μᾶλλον

2180 4442 2198 4474 ι
2238 4426 2295 4476 ἐν
2335 4421 2817 4493 ταπεινοφροσύνῃ,
2851 4420 2965 4483 πῶς
3005 4417 3342 4473 ἐκτελέσουσι
3399 4415 3734 4484 παυσάμενοι

2182 4535 2199 4564 ί
2239 4516 2337 4584 τῆς
2394 4514 2714 4580 κενοδοξίας.
2770 4513 2951 4584 Ἀρκεῖ
3011 4511 3117 4582 γὰρ
3165 4510 3344 4571 αὐτοῖς
3405 4510 3435 4577 ἡ
3485 4504 3736 4559 κοινωνία

2182 4625 2199 4658 ι
2245 4606 2360 4678 μετ’
2381 4606 2716 4670 ἐπιστάσεως
2738 4606 2782 4637 ³⁸
2800 4605 2890 4659 καὶ
2909 4603 3186 4674 ἀκριϐείας
3206 4599 3340 4673 πρὸς
3364 4600 3644 4670 ἀμφότερα
3669 4598 3734 4629 ³⁸⁸

2181 4717 2200 4750 ι
2241 4697 2516 4769 γινομένη,
2551 4698 2643 4751 καὶ
2689 4699 2776 4751 ἵνα
2807 4696 2881 4769 μὴ
2920 4694 3110 4760 δόξωσι
3138 4691 3420 4746 λυπεῖσθαι
3451 4689 3585 4761 μετὰ
3619 4687 3737 4757 βίας

2183 4810 2202 4844 ι
2239 4791 2718 4863 περιδρασσόμενοι
2751 4790 2851 4860 τῆς
2897 4787 3144 4843 ἐντεῦθεν
3178 4784 3485 4845 ἀναλύσεως
3515 4781 3608 4852 (7),
3645 4781 3740 4833 καὶ

2185 4902 2203 4934 ι
2245 4883 2330 4937 ἵνα
2357 4883 2430 4954 μή
2457 4899 2598 4946 τινες
2635 4881 2972 4944 ἐκπεσόντες,
3005 4877 3439 4952 προφασίζωνται
3460 4876 3502 4906 ³⁷
3524 4873 3672 4926 ὡσάν
3696 4873 3741 4905 ³⁸

2184 4995 2202 5028 ι
2239 4975 2328 5030 διὰ
2376 4976 2473 5047 τὴν
2519 4975 2772 5048 ἀφορμὴν
2814 4976 2912 5046 τῆς
2959 4972 3236 5044 ἐπιτιμίας
3280 4966 3737 5041 ὐπεκλελυμένοιο

1807 5259 2038 5315 VARUE
2071 5255 2469 5316 LECTIONES.

589 5405 634 5439 ³³
655 5403 806 5460 deest
829 5399 1140 5463 ἀπόστολος.
1173 5399 1218 5431 ³⁸
1248 5397 1398 5466 παρὰ
1416 5395 1594 5466 λόγον.
1669 5396 1714 5428 ³⁸
1747 5396 2069 5460 ἐπιτάσεως.
2144 5395 2209 5428 ⁸⁸⁸⁵
2239 5397 2566 5470 ἀμφότερον.
2645 5395 2687 5430 ⁸⁷
2716 5397 3178 5470 προφασίσωνται.
3250 5400 3294 5432 ³⁸
3319 5399 3411 5463 ὡς.

591 5596 670 5678 (5’.
701 5595 889 5678 '09.":
918 5584 1672 5678 κέὲίέμέοηίὲἱέυτῐτλῗῖἓ
1713 5590 2080 5678 ηὲττθὲ¹⁰2θὲ¹

525 5647 903 5736 Epipbaniid'e
946 5659 1262 5722 Meletianis,
1321 5657 1452 5712 bar.
1509 5670 1698 5719 vaut,
1747 5671 1800 5708 ιι.
1867 5653 1902 5706 (Ξ
1947 5663 1999 5708 et
2027 5647 2080 5706 3.

526 5733 789 5790 liminum.

603 5804 677 5867 t5)
713 5804 1066 5868 Ἑξανύσας.
1100 5797 1199 5855 Ms.
1229 5798 1350 5854 cod.
1381 5795 1521 5852 Nan.
1551 5795 1896 5861 ἐξαντλήσας.

2259 5585 2334 5654 (7)
2395 5584 2508 5654 Τῆς
2532 5583 2811 5639 ἐντεῦθεν
2842 5583 3018 5638 ἀνάλ.
3073 5581 3312 5654 Zonaras
3360 5588 3413 5632 et
3460 5575 3753 5654 Balsamon

2187 5643 2609 5711 videnlur'h'unc
2634 5656 2809 5710 locum
2837 5647 3518 5725 perperaminterpretari,
3566 5651 3621 5699 et
3650 5643 3754 5717 τὴν

2189 5726 2434 5780 ἐντεῦθεν
2460 5726 2714 5781 ἀνάλυσιν
2739 5726 2806 5781 de
2837 5718 3008 5778 morte
3033 5723 3294 5791 accipere.
3316 5718 3582 5773 Hennam.
