  <div class='ocr_page' id='page_1' title='image "/cluster/home/n/w/nwhite01/storage/ocr_20150623/18/mdp.39015008168943/258.png"; bbox 0 0 4088 6284; ppageno 0'>
   <div class='ocr_carea' id='block_1_1' title="bbox 191 301 355 390">
    <p class='ocr_par' dir='ltr' id='par_1_1' title="bbox 191 301 355 390">
     <span class='ocr_line' id='line_1_1' title="bbox 191 301 355 390; baseline 0.006 -1"><span class='ocrx_word' id='word_1_1' title='bbox 191 301 355 390; x_wconf 68' lang='grc'><strong><em>’489</em></strong></span> 
     </span>
    </p>
   </div>
   <div class='ocr_carea' id='block_1_2' title="bbox 1476 332 2214 394">
    <p class='ocr_par' dir='ltr' id='par_1_2' title="bbox 1476 332 2214 394">
     <span class='ocr_line' id='line_1_2' title="bbox 1476 332 2214 394; baseline 0.009 -7"><span class='ocrx_word' id='word_1_2' title='bbox 1476 332 1813 389; x_wconf 69' lang='lat' dir='ltr'><strong><em>EPISTOLA</em></strong></span> <span class='ocrx_word' id='word_1_3' title='bbox 1850 334 2214 394; x_wconf 77' lang='lat' dir='ltr'><strong><em>CANONICA.</em></strong></span> 
     </span>
    </p>
   </div>
   <div class='ocr_carea' id='block_1_3' title="bbox 3366 352 3470 406">
    <p class='ocr_par' dir='ltr' id='par_1_3' title="bbox 3366 352 3470 406">
     <span class='ocr_line' id='line_1_3' title="bbox 3366 352 3470 406; baseline 0.029 -3"><span class='ocrx_word' id='word_1_4' title='bbox 3366 352 3470 406; x_wconf 69' lang='grc' dir='ltr'><strong><em>ιεο</em></strong></span> 
     </span>
    </p>
   </div>
   <div class='ocr_carea' id='block_1_4' title="bbox 256 444 1803 527">
    <p class='ocr_par' dir='ltr' id='par_1_4' title="bbox 256 444 1803 516">
     <span class='ocr_line' id='line_1_4' title="bbox 256 444 1803 516; baseline 0.002 -19"><span class='ocrx_word' id='word_1_5' title='bbox 256 464 276 497; x_wconf 83' lang='grc' dir='ltr'><strong><em>ι</em></strong></span> <span class='ocrx_word' id='word_1_6' title='bbox 312 445 509 508; x_wconf 76' lang='grc' dir='ltr'>οἵτινες</span> <span class='ocrx_word' id='word_1_7' title='bbox 528 444 688 501; x_wconf 80' lang='grc' dir='ltr'>πλέον</span> <span class='ocrx_word' id='word_1_8' title='bbox 716 445 971 501; x_wconf 78' lang='grc' dir='ltr'>ἁπάντων</span> <span class='ocrx_word' id='word_1_9' title='bbox 988 445 1252 516; x_wconf 84' lang='grc' dir='ltr'>αίσχύνην</span> <span class='ocrx_word' id='word_1_10' title='bbox 1274 447 1366 499; x_wconf 81' lang='grc' dir='ltr'>καὶ</span> <span class='ocrx_word' id='word_1_11' title='bbox 1394 445 1590 509; x_wconf 75' lang='grc' dir='ltr'>ὄνειδος</span> <span class='ocrx_word' id='word_1_12' title='bbox 1609 448 1803 514; x_wconf 76' lang='grc' dir='ltr'>ἕξουσι,</span> 
     </span>
    </p>
   </div>
   <div class='ocr_carea' id='block_1_5' title="bbox 1903 444 3472 527">
    <p class='ocr_par' dir='ltr' id='par_1_5' title="bbox 1917 448 3472 527">
     <span class='ocr_line' id='line_1_5' title="bbox 1917 448 3472 527; baseline 0.011 -28"><span class='ocrx_word' id='word_1_13' title='bbox 1917 465 1936 499; x_wconf 85' lang='grc' dir='ltr'><strong><em>ι</em></strong></span> <span class='ocrx_word' id='word_1_14' title='bbox 1980 455 2035 504; x_wconf 90' lang='lat' dir='ltr'><strong><em>et</em></strong></span> <span class='ocrx_word' id='word_1_15' title='bbox 2059 448 2412 519; x_wconf 76' lang='lat' dir='ltr'><strong><em>ignominiam</em></strong></span> <span class='ocrx_word' id='word_1_16' title='bbox 2427 449 3001 514; x_wconf 73' lang='lat' dir='ltr'><strong><em>habebuntzsicutille</em></strong></span> <span class='ocrx_word' id='word_1_17' title='bbox 3032 459 3129 527; x_wconf 87' lang='lat' dir='ltr'><strong><em>qui</em></strong></span> <span class='ocrx_word' id='word_1_18' title='bbox 3152 450 3472 515; x_wconf 71' lang='lat' dir='ltr'><strong><em>fundamen-</em></strong></span> 
     </span>
    </p>
   </div>
   <div class='ocr_carea' id='block_1_6' title="bbox 256 536 1810 611">
    <p class='ocr_par' dir='ltr' id='par_1_6' title="bbox 256 536 1810 611">
     <span class='ocr_line' id='line_1_6' title="bbox 256 536 1810 611; baseline 0.003 -24"><span class='ocrx_word' id='word_1_19' title='bbox 256 554 275 587; x_wconf 81' lang='grc' dir='ltr'><strong><em>ι</em></strong></span> <span class='ocrx_word' id='word_1_20' title='bbox 312 536 430 589; x_wconf 85' lang='grc' dir='ltr'>κατ’</span> <span class='ocrx_word' id='word_1_21' title='bbox 463 536 669 589; x_wconf 74' lang='grc' dir='ltr'>ἐκεῖνον</span> <span class='ocrx_word' id='word_1_22' title='bbox 702 537 792 590; x_wconf 79' lang='grc' dir='ltr'><strong><em>τὸν</em></strong></span> <span class='ocrx_word' id='word_1_23' title='bbox 824 537 1104 592; x_wconf 83' lang='grc' dir='ltr'>τεθεικότα</span> <span class='ocrx_word' id='word_1_24' title='bbox 1129 536 1394 608; x_wconf 82' lang='grc' dir='ltr'>θεμέλιον,</span> <span class='ocrx_word' id='word_1_25' title='bbox 1422 538 1514 591; x_wconf 77' lang='grc' dir='ltr'>καὶ</span> <span class='ocrx_word' id='word_1_26' title='bbox 1558 538 1631 610; x_wconf 81' lang='grc' dir='ltr'><strong><em>μὴ</em></strong></span> <span class='ocrx_word' id='word_1_27' title='bbox 1662 539 1810 611; x_wconf 81' lang='grc' dir='ltr'>ἰσχύ-</span> 
     </span>
    </p>
   </div>
   <div class='ocr_carea' id='block_1_7' title="bbox 256 630 1814 704">
    <p class='ocr_par' dir='ltr' id='par_1_7' title="bbox 256 630 1814 704">
     <span class='ocr_line' id='line_1_7' title="bbox 256 630 1814 704; baseline 0.006 -24"><span class='ocrx_word' id='word_1_28' title='bbox 256 646 274 679; x_wconf 82' lang='grc' dir='ltr'><strong><em>ι</em></strong></span> <span class='ocrx_word' id='word_1_29' title='bbox 311 645 480 683; x_wconf 89' lang='grc' dir='ltr'>σαντα</span> <span class='ocrx_word' id='word_1_30' title='bbox 522 630 823 684; x_wconf 74' lang='grc' dir='ltr'>ἐκτελέσαι·</span> <span class='ocrx_word' id='word_1_31' title='bbox 857 630 1169 700; x_wconf 74' lang='grc' dir='ltr'>Ἀρξονται</span> <span class='ocrx_word' id='word_1_32' title='bbox 1196 631 1323 703; x_wconf 77' lang='grc' dir='ltr'>γὰρ,</span> <span class='ocrx_word' id='word_1_33' title='bbox 1365 632 1557 704; x_wconf 81' lang='grc' dir='ltr'>φησὶν,</span> <span class='ocrx_word' id='word_1_34' title='bbox 1591 633 1814 700; x_wconf 79' lang='grc' dir='ltr'>πάντες</span> 
     </span>
    </p>
   </div>
   <div class='ocr_carea' id='block_1_8' title="bbox 255 724 1807 798">
    <p class='ocr_par' dir='ltr' id='par_1_8' title="bbox 255 724 1807 798">
     <span class='ocr_line' id='line_1_8' title="bbox 255 724 1807 798; baseline 0.006 -25"><span class='ocrx_word' id='word_1_35' title='bbox 255 740 273 771; x_wconf 75' lang='grc' dir='ltr'><strong><em>ι</em></strong></span> <span class='ocrx_word' id='word_1_36' title='bbox 309 724 362 775; x_wconf 74' lang='grc' dir='ltr'>οι</span> <span class='ocrx_word' id='word_1_37' title='bbox 393 725 939 793; x_wconf 70' lang='grc' dir='ltr'><strong><em>παραπορευόμενοι</em></strong></span> <span class='ocrx_word' id='word_1_38' title='bbox 968 724 1267 795; x_wconf 76' lang='grc' dir='ltr'>ἐμπαίζειν</span> <span class='ocrx_word' id='word_1_39' title='bbox 1282 729 1486 792; x_wconf 80' lang='grc' dir='ltr'>αὑτὸν,</span> <span class='ocrx_word' id='word_1_40' title='bbox 1509 727 1807 798; x_wconf 58' lang='grc' dir='ltr'>λέγοντες</span> 
     </span>
    </p>
   </div>
   <div class='ocr_carea' id='block_1_9' title="bbox 255 809 1811 888">
    <p class='ocr_par' dir='ltr' id='par_1_9' title="bbox 255 809 1811 888">
     <span class='ocr_line' id='line_1_9' title="bbox 255 809 1811 888; baseline 0.006 -23"><span class='ocrx_word' id='word_1_41' title='bbox 255 831 274 865; x_wconf 83' lang='grc' dir='ltr'><strong><em>ι</em></strong></span> <span class='ocrx_word' id='word_1_42' title='bbox 312 809 556 879; x_wconf 70' lang='grc' dir='ltr'>οὗτοςδ</span> <span class='ocrx_word' id='word_1_43' title='bbox 578 813 887 884; x_wconf 71' lang='grc' dir='ltr'>ἅνθρωπος</span> <span class='ocrx_word' id='word_1_44' title='bbox 932 814 1209 886; x_wconf 73' lang='grc' dir='ltr'><strong><em>θεμέλιον</em></strong></span> <span class='ocrx_word' id='word_1_45' title='bbox 1248 818 1427 888; x_wconf 73' lang='grc' dir='ltr'>ἔθηκε</span> <span class='ocrx_word' id='word_1_46' title='bbox 1464 819 1532 885; x_wconf 74' lang='grc'><strong><em>³⁸,</em></strong></span> <span class='ocrx_word' id='word_1_47' title='bbox 1573 820 1669 874; x_wconf 79' lang='grc' dir='ltr'>καὶ</span> <span class='ocrx_word' id='word_1_48' title='bbox 1699 822 1811 875; x_wconf 80' lang='grc' dir='ltr'>οὐκ</span> 
     </span>
    </p>
   </div>
   <div class='ocr_carea' id='block_1_10' title="bbox 257 904 983 974">
    <p class='ocr_par' dir='ltr' id='par_1_10' title="bbox 257 904 983 974">
     <span class='ocr_line' id='line_1_10' title="bbox 257 904 983 974; baseline 0.007 -17"><span class='ocrx_word' id='word_1_49' title='bbox 257 920 278 957; x_wconf 80' lang='grc' dir='ltr'><strong><em>ι</em></strong></span> <span class='ocrx_word' id='word_1_50' title='bbox 315 904 575 974; x_wconf 80' lang='grc' dir='ltr'>ισχυσεν</span> <span class='ocrx_word' id='word_1_51' title='bbox 600 906 931 962; x_wconf 77' lang='grc' dir='ltr'><strong><em>ἐκτελέσαι.</em></strong></span> <span class='ocrx_word' id='word_1_52' title='bbox 965 927 983 961; x_wconf 74' lang='grc' dir='ltr'><strong><em>ι</em></strong></span> 
     </span>
    </p>
   </div>
   <div class='ocr_carea' id='block_1_11' title="bbox 318 992 1815 1075">
    <p class='ocr_par' dir='ltr' id='par_1_11' title="bbox 318 992 1815 1075">
     <span class='ocr_line' id='line_1_11' title="bbox 318 992 1815 1075; baseline 0.007 -27"><span class='ocrx_word' id='word_1_53' title='bbox 318 992 517 1051; x_wconf 76' lang='grc' dir='ltr'><strong><em>ΒΔΔΣ.</em></strong></span> <span class='ocrx_word' id='word_1_54' title='bbox 555 996 690 1067; x_wconf 82' lang='grc' dir='ltr'>Περὶ</span> <span class='ocrx_word' id='word_1_55' title='bbox 736 999 1217 1071; x_wconf 78' lang='grc' dir='ltr'><strong><em>αὐτομολησάντων</em></strong></span> <span class='ocrx_word' id='word_1_56' title='bbox 1248 1005 1327 1068; x_wconf 85' lang='grc' dir='ltr'><strong><em>είς</em></strong></span> <span class='ocrx_word' id='word_1_57' title='bbox 1362 1004 1454 1058; x_wconf 80' lang='grc' dir='ltr'>τὸν</span> <span class='ocrx_word' id='word_1_58' title='bbox 1483 1004 1577 1058; x_wconf 87' lang='grc' dir='ltr'>τοῦ</span> <span class='ocrx_word' id='word_1_59' title='bbox 1611 1021 1815 1075; x_wconf 79' lang='grc' dir='ltr'>μαρτυ-</span> 
     </span>
    </p>
   </div>
   <div class='ocr_carea' id='block_1_12' title="bbox 251 1087 1811 1171">
    <p class='ocr_par' dir='ltr' id='par_1_12' title="bbox 251 1087 1811 1171">
     <span class='ocr_line' id='line_1_12' title="bbox 251 1087 1811 1171; baseline 0.008 -31"><span class='ocrx_word' id='word_1_60' title='bbox 251 1087 368 1161; x_wconf 86' lang='grc' dir='ltr'>ρίου</span> <span class='ocrx_word' id='word_1_61' title='bbox 395 1087 584 1157; x_wconf 83' lang='grc' dir='ltr'>ἀγῶνα</span> <span class='ocrx_word' id='word_1_62' title='bbox 605 1088 904 1162; x_wconf 64' lang='grc' dir='ltr'>διαλεχθεὶς</span> <span class='ocrx_word' id='word_1_63' title='bbox 933 1095 963 1147; x_wconf 81' lang='grc' dir='ltr'><strong>ὁ</strong></span> <span class='ocrx_word' id='word_1_64' title='bbox 990 1094 1200 1166; x_wconf 82' lang='grc' dir='ltr'>Πατὴρ,</span> <span class='ocrx_word' id='word_1_65' title='bbox 1236 1095 1333 1151; x_wconf 84' lang='grc' dir='ltr'><strong><em>νῦν</em></strong></span> <span class='ocrx_word' id='word_1_66' title='bbox 1370 1098 1463 1151; x_wconf 76' lang='grc' dir='ltr'>καὶ</span> <span class='ocrx_word' id='word_1_67' title='bbox 1505 1099 1632 1170; x_wconf 59' lang='grc' dir='ltr'><strong><em>περὶ¹</em></strong></span> <span class='ocrx_word' id='word_1_68' title='bbox 1678 1098 1811 1171; x_wconf 85' lang='grc' dir='ltr'>κλη-</span> 
     </span>
    </p>
   </div>
   <div class='ocr_carea' id='block_1_13' title="bbox 253 1178 1814 1262">
    <p class='ocr_par' dir='ltr' id='par_1_13' title="bbox 253 1178 1814 1262">
     <span class='ocr_line' id='line_1_13' title="bbox 253 1178 1814 1262; baseline 0.01 -31"><span class='ocrx_word' id='word_1_69' title='bbox 253 1178 419 1252; x_wconf 88' lang='grc' dir='ltr'>ρικῶν</span> <span class='ocrx_word' id='word_1_70' title='bbox 443 1179 701 1235; x_wconf 76' lang='grc' dir='ltr'><strong><em>τοιούτων</em></strong></span> <span class='ocrx_word' id='word_1_71' title='bbox 721 1182 814 1236; x_wconf 81' lang='grc' dir='ltr'>τὸν</span> <span class='ocrx_word' id='word_1_72' title='bbox 838 1182 995 1252; x_wconf 80' lang='grc' dir='ltr'>λόγον</span> <span class='ocrx_word' id='word_1_73' title='bbox 1021 1190 1277 1241; x_wconf 81' lang='grc' dir='ltr'>ποιεῖται·</span> <span class='ocrx_word' id='word_1_74' title='bbox 1309 1188 1404 1243; x_wconf 87' lang='grc' dir='ltr'><strong><em>καί</em></strong></span> <span class='ocrx_word' id='word_1_75' title='bbox 1432 1207 1614 1262; x_wconf 82' lang='grc' dir='ltr'>φησιν,</span> <span class='ocrx_word' id='word_1_76' title='bbox 1636 1192 1732 1256; x_wconf 84' lang='grc' dir='ltr'><strong><em>ὡς,</em></strong></span> <span class='ocrx_word' id='word_1_77' title='bbox 1763 1195 1814 1246; x_wconf 79' lang='grc' dir='ltr'><strong><em>εί</em></strong></span> 
     </span>
    </p>
   </div>
   <div class='ocr_carea' id='block_1_14' title="bbox 250 1269 1813 1356">
    <p class='ocr_par' dir='ltr' id='par_1_14' title="bbox 250 1269 1813 1356">
     <span class='ocr_line' id='line_1_14' title="bbox 250 1269 1813 1356; baseline 0.01 -34"><span class='ocrx_word' id='word_1_78' title='bbox 250 1269 508 1341; x_wconf 81' lang='grc' dir='ltr'>κληρικὸς</span> <span class='ocrx_word' id='word_1_79' title='bbox 524 1269 916 1345; x_wconf 72' lang='grc' dir='ltr'>ηὐτομόλησεν,</span> <span class='ocrx_word' id='word_1_80' title='bbox 945 1272 1062 1331; x_wconf 76' lang='grc' dir='ltr'>εἶτα</span> <span class='ocrx_word' id='word_1_81' title='bbox 1087 1279 1160 1351; x_wconf 84' lang='grc' dir='ltr'>μὴ</span> <span class='ocrx_word' id='word_1_82' title='bbox 1189 1279 1392 1349; x_wconf 83' lang='grc' dir='ltr'>στέγων</span> <span class='ocrx_word' id='word_1_83' title='bbox 1419 1282 1517 1347; x_wconf 89' lang='grc' dir='ltr'>τὰς</span> <span class='ocrx_word' id='word_1_84' title='bbox 1546 1285 1813 1356; x_wconf 83' lang='grc' dir='ltr'><strong><em>τιμωρίας</em></strong></span> 
     </span>
    </p>
   </div>
   <div class='ocr_carea' id='block_1_15' title="bbox 245 1358 1811 1443">
    <p class='ocr_par' dir='ltr' id='par_1_15' title="bbox 245 1358 1811 1443">
     <span class='ocr_line' id='line_1_15' title="bbox 245 1358 1811 1443; baseline 0.011 -31"><span class='ocrx_word' id='word_1_85' title='bbox 245 1358 590 1424; x_wconf 71' lang='grc' dir='ltr'>ὲκπέπτωκε,</span> <span class='ocrx_word' id='word_1_86' title='bbox 620 1364 715 1421; x_wconf 75' lang='grc' dir='ltr'><strong><em>καὶ</em></strong></span> <span class='ocrx_word' id='word_1_87' title='bbox 745 1361 902 1427; x_wconf 79' lang='grc' dir='ltr'>αὖθις</span> <span class='ocrx_word' id='word_1_88' title='bbox 939 1368 1016 1431; x_wconf 82' lang='grc' dir='ltr'><strong><em>είς</em></strong></span> <span class='ocrx_word' id='word_1_89' title='bbox 1054 1369 1243 1422; x_wconf 72' lang='grc' dir='ltr'>ἑαυτὸν</span> <span class='ocrx_word' id='word_1_90' title='bbox 1266 1372 1573 1443; x_wconf 83' lang='grc' dir='ltr'>γενόμενος,</span> <span class='ocrx_word' id='word_1_91' title='bbox 1608 1375 1811 1428; x_wconf 83' lang='grc' dir='ltr'>ἀνεπά-</span> 
     </span>
    </p>
   </div>
   <div class='ocr_carea' id='block_1_16' title="bbox 247 1451 1811 1532">
    <p class='ocr_par' dir='ltr' id='par_1_16' title="bbox 247 1451 1811 1532">
     <span class='ocr_line' id='line_1_16' title="bbox 247 1451 1811 1532; baseline 0.009 -29"><span class='ocrx_word' id='word_1_92' title='bbox 247 1451 401 1504; x_wconf 88' lang='grc' dir='ltr'>λαισε</span> <span class='ocrx_word' id='word_1_93' title='bbox 446 1452 546 1524; x_wconf 80' lang='grc' dir='ltr'>τὴν</span> <span class='ocrx_word' id='word_1_94' title='bbox 589 1454 798 1509; x_wconf 73' lang='grc' dir='ltr'>οἰκείαν</span> <span class='ocrx_word' id='word_1_95' title='bbox 827 1455 1064 1524; x_wconf 84' lang='grc' dir='ltr'>πτῶσιν,</span> <span class='ocrx_word' id='word_1_96' title='bbox 1115 1460 1209 1513; x_wconf 75' lang='grc' dir='ltr'><strong><em>καὶ</em></strong></span> <span class='ocrx_word' id='word_1_97' title='bbox 1251 1460 1574 1532; x_wconf 82' lang='grc' dir='ltr'>Χριστιανὸν</span> <span class='ocrx_word' id='word_1_98' title='bbox 1622 1464 1811 1518; x_wconf 79' lang='grc' dir='ltr'>ἑαυτὸν</span> 
     </span>
    </p>
   </div>
   <div class='ocr_carea' id='block_1_17' title="bbox 246 1541 1811 1620">
    <p class='ocr_par' dir='ltr' id='par_1_17' title="bbox 246 1541 1811 1620">
     <span class='ocr_line' id='line_1_17' title="bbox 246 1541 1811 1620; baseline 0.008 -25"><span class='ocrx_word' id='word_1_99' title='bbox 246 1541 591 1614; x_wconf 79' lang='grc' dir='ltr'><strong><em>ὡμολόγησεν</em></strong></span> <span class='ocrx_word' id='word_1_100' title='bbox 614 1545 841 1600; x_wconf 74' lang='grc' dir='ltr'>ἐνώπιον</span> <span class='ocrx_word' id='word_1_101' title='bbox 866 1547 973 1600; x_wconf 88' lang='grc' dir='ltr'><strong><em>τῶν</em></strong></span> <span class='ocrx_word' id='word_1_102' title='bbox 1003 1549 1297 1620; x_wconf 85' lang='grc' dir='ltr'>τυράννων,</span> <span class='ocrx_word' id='word_1_103' title='bbox 1322 1553 1350 1605; x_wconf 85' lang='grc' dir='ltr'>ὁ</span> <span class='ocrx_word' id='word_1_104' title='bbox 1371 1553 1608 1618; x_wconf 85' lang='grc' dir='ltr'>τοιοῦτος</span> <span class='ocrx_word' id='word_1_105' title='bbox 1629 1555 1811 1610; x_wconf 77' lang='grc' dir='ltr'>οὐκέτι</span> 
     </span>
    </p>
   </div>
   <div class='ocr_carea' id='block_1_18' title="bbox 248 1634 1811 1719">
    <p class='ocr_par' dir='ltr' id='par_1_18' title="bbox 248 1634 1811 1719">
     <span class='ocr_line' id='line_1_18' title="bbox 248 1634 1811 1719; baseline 0.009 -30"><span class='ocrx_word' id='word_1_106' title='bbox 248 1635 305 1689; x_wconf 79' lang='grc' dir='ltr'>ἐν</span> <span class='ocrx_word' id='word_1_107' title='bbox 329 1637 394 1705; x_wconf 82' lang='grc' dir='ltr'>τῇ</span> <span class='ocrx_word' id='word_1_108' title='bbox 426 1634 733 1707; x_wconf 77' lang='grc' dir='ltr'>λειτουργίᾳ</span> <span class='ocrx_word' id='word_1_109' title='bbox 755 1636 927 1702; x_wconf 76' lang='grc' dir='ltr'>ἔσται,</span> <span class='ocrx_word' id='word_1_110' title='bbox 951 1639 1085 1694; x_wconf 80' lang='grc' dir='ltr'>διότι</span> <span class='ocrx_word' id='word_1_111' title='bbox 1107 1642 1458 1698; x_wconf 78' lang='grc' dir='ltr'>καταλέλοιπε</span> <span class='ocrx_word' id='word_1_112' title='bbox 1479 1645 1540 1699; x_wconf 86' lang='grc' dir='ltr'>τὸ</span> <span class='ocrx_word' id='word_1_113' title='bbox 1563 1647 1811 1719; x_wconf 83' lang='grc' dir='ltr'>ποίμνιον</span> 
     </span>
    </p>
   </div>
   <div class='ocr_carea' id='block_1_19' title="bbox 247 1727 1804 1812">
    <p class='ocr_par' dir='ltr' id='par_1_19' title="bbox 247 1727 1804 1812">
     <span class='ocr_line' id='line_1_19' title="bbox 247 1727 1804 1812; baseline 0.01 -33"><span class='ocrx_word' id='word_1_114' title='bbox 247 1727 342 1781; x_wconf 83' lang='grc' dir='ltr'><strong><em>τοῦ</em></strong></span> <span class='ocrx_word' id='word_1_115' title='bbox 368 1727 575 1800; x_wconf 82' lang='grc' dir='ltr'>Κυρίου</span> <span class='ocrx_word' id='word_1_116' title='bbox 592 1744 605 1758; x_wconf 89' lang='grc'><strong>·</strong></span> <span class='ocrx_word' id='word_1_117' title='bbox 643 1729 737 1783; x_wconf 76' lang='grc' dir='ltr'>καὶ</span> <span class='ocrx_word' id='word_1_118' title='bbox 758 1730 849 1784; x_wconf 80' lang='grc' dir='ltr'><strong><em>διὰ</em></strong></span> <span class='ocrx_word' id='word_1_119' title='bbox 875 1731 936 1785; x_wconf 66' lang='grc' dir='ltr'><strong><em>το</em></strong></span> <span class='ocrx_word' id='word_1_120' title='bbox 962 1734 1329 1806; x_wconf 81' lang='grc' dir='ltr'>αὐτομολῆσαι</span> <span class='ocrx_word' id='word_1_121' title='bbox 1375 1739 1466 1791; x_wconf 73' lang='grc' dir='ltr'>καὶ</span> <span class='ocrx_word' id='word_1_122' title='bbox 1507 1739 1580 1811; x_wconf 77' lang='grc' dir='ltr'>μὴ</span> <span class='ocrx_word' id='word_1_123' title='bbox 1610 1758 1804 1812; x_wconf 82' lang='grc' dir='ltr'>καρτε-</span> 
     </span>
    </p>
   </div>
   <div class='ocr_carea' id='block_1_20' title="bbox 1919 540 3470 621">
    <p class='ocr_par' dir='ltr' id='par_1_20' title="bbox 1919 540 3470 621">
     <span class='ocr_line' id='line_1_20' title="bbox 1919 540 3470 621; baseline 0.01 -31"><span class='ocrx_word' id='word_1_124' title='bbox 1919 558 1938 590; x_wconf 74' lang='grc' dir='ltr'><strong><em>ι</em></strong></span> <span class='ocrx_word' id='word_1_125' title='bbox 1984 550 2097 595; x_wconf 92' lang='lat' dir='ltr'><strong><em>tum</em></strong></span> <span class='ocrx_word' id='word_1_126' title='bbox 2127 540 2347 610; x_wconf 80' lang='lat' dir='ltr'><strong><em>posuit,</em></strong></span> <span class='ocrx_word' id='word_1_127' title='bbox 2392 550 2448 596; x_wconf 91' lang='lat' dir='ltr'><strong><em>et</em></strong></span> <span class='ocrx_word' id='word_1_128' title='bbox 2480 558 2587 598; x_wconf 91' lang='lat' dir='ltr'><strong><em>non</em></strong></span> <span class='ocrx_word' id='word_1_129' title='bbox 2629 547 2802 615; x_wconf 87' lang='lat' dir='ltr'><strong><em>potuit</em></strong></span> <span class='ocrx_word' id='word_1_130' title='bbox 2846 547 3151 619; x_wconf 83' lang='lat' dir='ltr'><strong><em>perficere:</em></strong></span> <span class='ocrx_word' id='word_1_131' title='bbox 3209 549 3470 621; x_wconf 72' lang='lat' dir='ltr'><strong><em>Incipiwt</em></strong></span> 
     </span>
    </p>
   </div>
   <div class='ocr_carea' id='block_1_21' title="bbox 1919 632 3470 711">
    <p class='ocr_par' dir='ltr' id='par_1_21' title="bbox 1919 632 3470 711">
     <span class='ocr_line' id='line_1_21' title="bbox 1919 632 3470 711; baseline 0.011 -28"><span class='ocrx_word' id='word_1_132' title='bbox 1919 649 1937 683; x_wconf 82' lang='grc' dir='ltr'><strong><em>ι</em></strong></span> <span class='ocrx_word' id='word_1_133' title='bbox 1974 632 2358 703; x_wconf 88' lang='lat' dir='ltr'><strong><em>enim,inquit,</em></strong></span> <span class='ocrx_word' id='word_1_134' title='bbox 2390 649 2565 690; x_wconf 78' lang='lat' dir='ltr'><strong><em>omnes</em></strong></span> <span class='ocrx_word' id='word_1_135' title='bbox 2595 638 2686 707; x_wconf 82' lang='lat' dir='ltr'><strong><em>qui</em></strong></span> <span class='ocrx_word' id='word_1_136' title='bbox 2701 641 3210 711; x_wconf 74' lang='lat' dir='ltr'><strong><em>pnetergredientur,</em></strong></span> <span class='ocrx_word' id='word_1_137' title='bbox 3235 659 3354 699; x_wconf 69' lang='lat' dir='ltr'><strong><em>eum</em></strong></span> <span class='ocrx_word' id='word_1_138' title='bbox 3401 645 3470 699; x_wconf 72' lang='grc' dir='ltr'><strong><em>ὶίο</em></strong></span> 
     </span>
    </p>
   </div>
   <div class='ocr_carea' id='block_1_22' title="bbox 1918 721 3470 802">
    <p class='ocr_par' dir='ltr' id='par_1_22' title="bbox 1918 721 3470 802">
     <span class='ocr_line' id='line_1_22' title="bbox 1918 721 3470 802; baseline 0.012 -29"><span class='ocrx_word' id='word_1_139' title='bbox 1918 740 1937 773; x_wconf 79' lang='grc' dir='ltr'><strong><em>ι</em></strong></span> <span class='ocrx_word' id='word_1_140' title='bbox 1983 721 2179 789; x_wconf 80' lang='lat' dir='ltr'><strong><em>ludere,</em></strong></span> <span class='ocrx_word' id='word_1_141' title='bbox 2208 722 2468 779; x_wconf 74' lang='lat' dir='ltr'><strong><em>dicentes:</em></strong></span> <span class='ocrx_word' id='word_1_142' title='bbox 2498 724 2600 781; x_wconf 85' lang='lat' dir='ltr'><strong><em>Hic</em></strong></span> <span class='ocrx_word' id='word_1_143' title='bbox 2615 728 2767 783; x_wconf 70' lang='lat' dir='ltr'><strong><em>homo</em></strong></span> <span class='ocrx_word' id='word_1_144' title='bbox 2784 733 2963 800; x_wconf 75' lang='lat' dir='ltr'><strong><em>posuit</em></strong></span> <span class='ocrx_word' id='word_1_145' title='bbox 2983 731 3470 802; x_wconf 61' lang='lat' dir='ltr'><strong><em>fundamentum,“</em></strong></span> 
     </span>
    </p>
   </div>
   <div class='ocr_carea' id='block_1_23' title="bbox 1917 814 2691 887">
    <p class='ocr_par' dir='ltr' id='par_1_23' title="bbox 1917 814 2691 887">
     <span class='ocr_line' id='line_1_23' title="bbox 1917 814 2691 887; baseline 0.009 -22"><span class='ocrx_word' id='word_1_146' title='bbox 1917 831 1936 864; x_wconf 80' lang='grc' dir='ltr'><strong><em>ι</em></strong></span> <span class='ocrx_word' id='word_1_147' title='bbox 1981 830 2085 869; x_wconf 71' lang='lat' dir='ltr'><strong><em>non</em></strong></span> <span class='ocrx_word' id='word_1_148' title='bbox 2105 814 2274 887; x_wconf 75' lang='lat' dir='ltr'><strong><em>potuit</em></strong></span> <span class='ocrx_word' id='word_1_149' title='bbox 2299 816 2546 886; x_wconf 76' lang='lat' dir='ltr'><strong><em>perﬁcere</em></strong></span> <span class='ocrx_word' id='word_1_150' title='bbox 2580 829 2628 872; x_wconf 74' lang='grc' dir='ltr'>ο.</span> <span class='ocrx_word' id='word_1_151' title='bbox 2671 837 2691 871; x_wconf 70' lang='grc' dir='ltr'><strong><em>ι</em></strong></span> 
     </span>
    </p>
   </div>
   <div class='ocr_carea' id='block_1_24' title="bbox 1981 970 3470 1068">
    <p class='ocr_par' dir='ltr' id='par_1_24' title="bbox 1981 970 3470 1068">
     <span class='ocr_line' id='line_1_24' title="bbox 1981 970 3470 1068; baseline 0.005 -24"><span class='ocrx_word' id='word_1_152' title='bbox 1981 989 2141 1046; x_wconf 74' lang='grc' dir='ltr'>ΒΑιε.</span> <span class='ocrx_word' id='word_1_153' title='bbox 2186 990 2261 1046; x_wconf 89' lang='lat' dir='ltr'><strong><em>De</em></strong></span> <span class='ocrx_word' id='word_1_154' title='bbox 2290 991 2359 1047; x_wconf 89' lang='lat' dir='ltr'><strong><em>iis</em></strong></span> <span class='ocrx_word' id='word_1_155' title='bbox 2387 990 2481 1061; x_wconf 85' lang='lat' dir='ltr'><strong><em>qui</em></strong></span> <span class='ocrx_word' id='word_1_156' title='bbox 2517 1008 2610 1049; x_wconf 85' lang='lat' dir='ltr'><strong><em>sua</em></strong></span> <span class='ocrx_word' id='word_1_157' title='bbox 2658 1004 2850 1063; x_wconf 75' lang='lat' dir='ltr'><strong><em>sponte</em></strong></span> <span class='ocrx_word' id='word_1_158' title='bbox 2887 993 2959 1049; x_wconf 82' lang='lat' dir='ltr'><strong><em>ad</em></strong></span> <span class='ocrx_word' id='word_1_159' title='bbox 3005 970 3249 1068; x_wconf 72' lang='lat' dir='ltr'><strong><em>martyrii</em></strong></span> <span class='ocrx_word' id='word_1_160' title='bbox 3291 1003 3470 1051; x_wconf 76' lang='lat' dir='ltr'><strong><em>certa-</em></strong></span> 
     </span>
    </p>
   </div>
   <div class='ocr_carea' id='block_1_25' title="bbox 1912 1082 3469 1159">
    <p class='ocr_par' dir='ltr' id='par_1_25' title="bbox 1912 1082 3469 1159">
     <span class='ocr_line' id='line_1_25' title="bbox 1912 1082 3469 1159; baseline 0.004 -21"><span class='ocrx_word' id='word_1_161' title='bbox 1912 1098 2034 1139; x_wconf 91' lang='lat' dir='ltr'><strong><em>men</em></strong></span> <span class='ocrx_word' id='word_1_162' title='bbox 2060 1082 2401 1155; x_wconf 84' lang='lat' dir='ltr'><strong><em>confugiunt,</em></strong></span> <span class='ocrx_word' id='word_1_163' title='bbox 2423 1084 2645 1145; x_wconf 82' lang='lat' dir='ltr'><strong><em>locutus</em></strong></span> <span class='ocrx_word' id='word_1_164' title='bbox 2657 1086 2730 1144; x_wconf 87' lang='lat' dir='ltr'><strong><em>Pa</em></strong></span> <span class='ocrx_word' id='word_1_165' title='bbox 2738 1097 2836 1155; x_wconf 80' lang='lat' dir='ltr'><strong><em>ter,</em></strong></span> <span class='ocrx_word' id='word_1_166' title='bbox 2852 1101 3002 1144; x_wconf 88' lang='lat' dir='ltr'><strong><em>nunc</em></strong></span> <span class='ocrx_word' id='word_1_167' title='bbox 3015 1087 3083 1144; x_wconf 88' lang='lat' dir='ltr'><strong><em>de</em></strong></span> <span class='ocrx_word' id='word_1_168' title='bbox 3098 1085 3314 1144; x_wconf 77' lang='lat' dir='ltr'><strong><em>clericis</em></strong></span> <span class='ocrx_word' id='word_1_169' title='bbox 3330 1103 3469 1159; x_wconf 86' lang='lat' dir='ltr'><strong><em>quo-</em></strong></span> 
     </span>
    </p>
   </div>
   <div class='ocr_carea' id='block_1_26' title="bbox 1912 1176 3470 1251">
    <p class='ocr_par' dir='ltr' id='par_1_26' title="bbox 1912 1176 3470 1251">
     <span class='ocr_line' id='line_1_26' title="bbox 1912 1176 3470 1251; baseline 0.002 -20"><span class='ocrx_word' id='word_1_170' title='bbox 1912 1192 2016 1247; x_wconf 89' lang='lat' dir='ltr'><strong><em>que</em></strong></span> <span class='ocrx_word' id='word_1_171' title='bbox 2043 1177 2136 1248; x_wconf 87' lang='lat' dir='ltr'><strong><em>qui</em></strong></span> <span class='ocrx_word' id='word_1_172' title='bbox 2172 1185 2301 1233; x_wconf 90' lang='lat' dir='ltr'><strong><em>sunt</em></strong></span> <span class='ocrx_word' id='word_1_173' title='bbox 2332 1176 2601 1247; x_wconf 85' lang='lat' dir='ltr'><strong><em>ejusmodi</em></strong></span> <span class='ocrx_word' id='word_1_174' title='bbox 2649 1179 2891 1250; x_wconf 93' lang='lat' dir='ltr'><strong><em>loquitur</em></strong></span> <span class='ocrx_word' id='word_1_175' title='bbox 2927 1198 2942 1235; x_wconf 90' lang='lat'><strong>:</strong></span> <span class='ocrx_word' id='word_1_176' title='bbox 2995 1188 3050 1237; x_wconf 89' lang='lat' dir='ltr'><strong><em>et</em></strong></span> <span class='ocrx_word' id='word_1_177' title='bbox 3079 1181 3213 1235; x_wconf 85' lang='lat' dir='ltr'><strong><em>dicit</em></strong></span> <span class='ocrx_word' id='word_1_178' title='bbox 3242 1182 3387 1251; x_wconf 88' lang='lat' dir='ltr'><strong><em>quod</em></strong></span> <span class='ocrx_word' id='word_1_179' title='bbox 3420 1180 3470 1235; x_wconf 90' lang='lat' dir='ltr'><strong><em>si</em></strong></span> 
     </span>
    </p>
   </div>
   <div class='ocr_carea' id='block_1_27' title="bbox 1851 1268 3470 1343">
    <p class='ocr_par' dir='ltr' id='par_1_27' title="bbox 1851 1268 3470 1343">
     <span class='ocr_line' id='line_1_27' title="bbox 1851 1268 3470 1343; baseline 0.003 -22"><span class='ocrx_word' id='word_1_180' title='bbox 1851 1281 1854 1284; x_wconf 73' lang='grc'><strong>’</strong></span> <span class='ocrx_word' id='word_1_181' title='bbox 1912 1268 2144 1324; x_wconf 80' lang='lat' dir='ltr'><strong><em>clericus</em></strong></span> <span class='ocrx_word' id='word_1_182' title='bbox 2185 1269 2251 1324; x_wconf 89' lang='lat' dir='ltr'><strong><em>ad</em></strong></span> <span class='ocrx_word' id='word_1_183' title='bbox 2283 1276 2556 1326; x_wconf 81' lang='lat' dir='ltr'><strong><em>certamen</em></strong></span> <span class='ocrx_word' id='word_1_184' title='bbox 2604 1285 2701 1325; x_wconf 88' lang='lat' dir='ltr'><strong><em>sua</em></strong></span> <span class='ocrx_word' id='word_1_185' title='bbox 2738 1279 2932 1341; x_wconf 87' lang='lat' dir='ltr'><strong><em>sponte</em></strong></span> <span class='ocrx_word' id='word_1_186' title='bbox 2979 1270 3243 1343; x_wconf 88' lang='lat' dir='ltr'><strong><em>profugit,</em></strong></span> <span class='ocrx_word' id='word_1_187' title='bbox 3274 1271 3470 1328; x_wconf 89' lang='lat' dir='ltr'><strong><em>deinde</em></strong></span> 
     </span>
    </p>
   </div>
   <div class='ocr_carea' id='block_1_28' title="bbox 1911 1359 3470 1432">
    <p class='ocr_par' dir='ltr' id='par_1_28' title="bbox 1911 1359 3470 1432">
     <span class='ocr_line' id='line_1_28' title="bbox 1911 1359 3470 1432; baseline 0.003 -20"><span class='ocrx_word' id='word_1_188' title='bbox 1911 1375 2034 1414; x_wconf 86' lang='lat' dir='ltr'><strong><em>cum</em></strong></span> <span class='ocrx_word' id='word_1_189' title='bbox 2064 1375 2173 1414; x_wconf 91' lang='lat' dir='ltr'><strong><em>non</em></strong></span> <span class='ocrx_word' id='word_1_190' title='bbox 2197 1369 2377 1430; x_wconf 81' lang='lat' dir='ltr'><strong><em>posset</em></strong></span> <span class='ocrx_word' id='word_1_191' title='bbox 2407 1359 2550 1416; x_wconf 87' lang='lat' dir='ltr'><strong><em>ferre</em></strong></span> <span class='ocrx_word' id='word_1_192' title='bbox 2561 1368 2853 1426; x_wconf 89' lang='lat' dir='ltr'><strong><em>tormenta,</em></strong></span> <span class='ocrx_word' id='word_1_193' title='bbox 2875 1362 3098 1432; x_wconf 79' lang='lat' dir='ltr'><strong><em>excidit,</em></strong></span> <span class='ocrx_word' id='word_1_194' title='bbox 3119 1371 3174 1418; x_wconf 87' lang='lat' dir='ltr'><strong><em>et</em></strong></span> <span class='ocrx_word' id='word_1_195' title='bbox 3199 1378 3323 1418; x_wconf 86' lang='lat' dir='ltr'><strong><em>cum</em></strong></span> <span class='ocrx_word' id='word_1_196' title='bbox 3347 1379 3470 1418; x_wconf 88' lang='lat' dir='ltr'><strong><em>rur-</em></strong></span> 
     </span>
    </p>
   </div>
   <div class='ocr_carea' id='block_1_29' title="bbox 1911 1452 3472 1523">
    <p class='ocr_par' dir='ltr' id='par_1_29' title="bbox 1911 1452 3472 1523">
     <span class='ocr_line' id='line_1_29' title="bbox 1911 1452 3472 1523; baseline 0.003 -17"><span class='ocrx_word' id='word_1_197' title='bbox 1911 1466 2007 1506; x_wconf 89' lang='lat' dir='ltr'><strong><em>sus</em></strong></span> <span class='ocrx_word' id='word_1_198' title='bbox 2035 1452 2100 1506; x_wconf 90' lang='lat' dir='ltr'><strong><em>ad</em></strong></span> <span class='ocrx_word' id='word_1_199' title='bbox 2132 1467 2192 1508; x_wconf 80' lang='lat' dir='ltr'><strong><em>se</em></strong></span> <span class='ocrx_word' id='word_1_200' title='bbox 2218 1452 2495 1517; x_wconf 85' lang='lat' dir='ltr'><strong><em>rediisset,</em></strong></span> <span class='ocrx_word' id='word_1_201' title='bbox 2541 1453 2751 1522; x_wconf 90' lang='lat' dir='ltr'><strong><em>lapsum</em></strong></span> <span class='ocrx_word' id='word_1_202' title='bbox 2785 1469 2943 1509; x_wconf 87' lang='lat' dir='ltr'><strong><em>suum</em></strong></span> <span class='ocrx_word' id='word_1_203' title='bbox 2994 1456 3291 1523; x_wconf 83' lang='lat' dir='ltr'><strong><em>revocavit,</em></strong></span> <span class='ocrx_word' id='word_1_204' title='bbox 3324 1462 3379 1511; x_wconf 88' lang='lat' dir='ltr'><strong><em>et</em></strong></span> <span class='ocrx_word' id='word_1_205' title='bbox 3408 1471 3472 1510; x_wconf 85' lang='lat' dir='ltr'><strong><em>se</em></strong></span> 
     </span>
    </p>
   </div>
   <div class='ocr_carea' id='block_1_30' title="bbox 1910 1543 3471 1617">
    <p class='ocr_par' dir='ltr' id='par_1_30' title="bbox 1910 1543 3471 1617">
     <span class='ocr_line' id='line_1_30' title="bbox 1910 1543 3471 1617; baseline 0.004 -20"><span class='ocrx_word' id='word_1_206' title='bbox 1910 1558 2094 1598; x_wconf 87' lang='lat' dir='ltr'><strong><em>coram</em></strong></span> <span class='ocrx_word' id='word_1_207' title='bbox 2132 1544 2379 1615; x_wconf 75' lang='lat' dir='ltr'><strong><em>tyrannis</em></strong></span> <span class='ocrx_word' id='word_1_208' title='bbox 2409 1543 2783 1600; x_wconf 88' lang='lat' dir='ltr'><strong><em>Christianum</em></strong></span> <span class='ocrx_word' id='word_1_209' title='bbox 2816 1545 3105 1604; x_wconf 88' lang='lat' dir='ltr'><strong><em>confessus</em></strong></span> <span class='ocrx_word' id='word_1_210' title='bbox 3137 1557 3250 1617; x_wconf 87' lang='lat' dir='ltr'><strong><em>est;</em></strong></span> <span class='ocrx_word' id='word_1_211' title='bbox 3280 1550 3330 1604; x_wconf 81' lang='lat' dir='ltr'><strong><em>is</em></strong></span> <span class='ocrx_word' id='word_1_212' title='bbox 3357 1566 3471 1614; x_wconf 81' lang='lat' dir='ltr'><strong><em>non</em></strong></span> 
     </span>
    </p>
   </div>
   <div class='ocr_carea' id='block_1_31' title="bbox 1909 1633 3472 1708">
    <p class='ocr_par' dir='ltr' id='par_1_31' title="bbox 1909 1633 3472 1708">
     <span class='ocr_line' id='line_1_31' title="bbox 1909 1633 3472 1708; baseline 0.003 -21"><span class='ocrx_word' id='word_1_213' title='bbox 1909 1633 2140 1703; x_wconf 84' lang='lat' dir='ltr'><strong><em>amplius</em></strong></span> <span class='ocrx_word' id='word_1_214' title='bbox 2167 1648 2326 1688; x_wconf 87' lang='lat' dir='ltr'><strong><em>sacra</em></strong></span> <span class='ocrx_word' id='word_1_215' title='bbox 2339 1635 2639 1690; x_wconf 86' lang='lat' dir='ltr'><strong><em>ministeria</em></strong></span> <span class='ocrx_word' id='word_1_216' title='bbox 2661 1634 2851 1701; x_wconf 87' lang='lat' dir='ltr'><strong><em>obibit,</em></strong></span> <span class='ocrx_word' id='word_1_217' title='bbox 2878 1650 2943 1690; x_wconf 87' lang='lat' dir='ltr'><strong><em>eo</em></strong></span> <span class='ocrx_word' id='word_1_218' title='bbox 2957 1636 3103 1707; x_wconf 85' lang='lat' dir='ltr'><strong><em>quod</em></strong></span> <span class='ocrx_word' id='word_1_219' title='bbox 3132 1652 3347 1708; x_wconf 79' lang='lat' dir='ltr'><strong><em>gregem</em></strong></span> <span class='ocrx_word' id='word_1_220' title='bbox 3364 1637 3472 1691; x_wconf 86' lang='lat' dir='ltr'><strong><em>Do—</em></strong></span> 
     </span>
    </p>
   </div>
   <div class='ocr_carea' id='block_1_32' title="bbox 1909 1718 3472 1802">
    <p class='ocr_par' dir='ltr' id='par_1_32' title="bbox 1909 1718 3472 1802">
     <span class='ocr_line' id='line_1_32' title="bbox 1909 1718 3472 1802; baseline 0.004 -23"><span class='ocrx_word' id='word_1_221' title='bbox 1909 1725 2041 1779; x_wconf 90' lang='lat' dir='ltr'><strong><em>mini</em></strong></span> <span class='ocrx_word' id='word_1_222' title='bbox 2069 1726 2388 1795; x_wconf 81' lang='lat' dir='ltr'><strong><em>reliquerit;</em></strong></span> <span class='ocrx_word' id='word_1_223' title='bbox 2424 1718 2477 1782; x_wconf 83' lang='lat' dir='ltr'><strong><em>et</em></strong></span> <span class='ocrx_word' id='word_1_224' title='bbox 2502 1742 2569 1782; x_wconf 89' lang='lat' dir='ltr'><strong><em>eo</em></strong></span> <span class='ocrx_word' id='word_1_225' title='bbox 2596 1726 2739 1797; x_wconf 92' lang='lat' dir='ltr'><strong><em>quod</em></strong></span> <span class='ocrx_word' id='word_1_226' title='bbox 2767 1743 2890 1782; x_wconf 92' lang='lat' dir='ltr'><strong><em>cum</em></strong></span> <span class='ocrx_word' id='word_1_227' title='bbox 2922 1744 3022 1783; x_wconf 88' lang='lat' dir='ltr'><strong><em>sua</em></strong></span> <span class='ocrx_word' id='word_1_228' title='bbox 3042 1729 3260 1799; x_wconf 87' lang='lat' dir='ltr'><strong><em>quidem</em></strong></span> <span class='ocrx_word' id='word_1_229' title='bbox 3276 1738 3472 1802; x_wconf 82' lang='lat' dir='ltr'><strong><em>sponte</em></strong></span> 
     </span>
    </p>
   </div>
   <div class='ocr_carea' id='block_1_33' title="bbox 253 1810 1803 1902">
    <p class='ocr_par' dir='ltr' id='par_1_33' title="bbox 253 1810 1803 1902">
     <span class='ocr_line' id='line_1_33' title="bbox 253 1810 1803 1902; baseline 0.011 -31"><span class='ocrx_word' id='word_1_230' title='bbox 253 1820 413 1891; x_wconf 80' lang='grc' dir='ltr'>ρῆσαι</span> <span class='ocrx_word' id='word_1_231' title='bbox 442 1820 539 1884; x_wconf 82' lang='grc' dir='ltr'>τὰς</span> <span class='ocrx_word' id='word_1_232' title='bbox 566 1819 848 1898; x_wconf 79' lang='grc' dir='ltr'>βασάνους,</span> <span class='ocrx_word' id='word_1_233' title='bbox 885 1824 1071 1895; x_wconf 83' lang='grc' dir='ltr'>μῶμον</span> <span class='ocrx_word' id='word_1_234' title='bbox 1110 1830 1476 1899; x_wconf 83' lang='grc' dir='ltr'>προσήνεγκεν</span> <span class='ocrx_word' id='word_1_235' title='bbox 1514 1810 1712 1902; x_wconf 70' lang='grc' dir='ltr'>ἐαυτῷ.</span> <span class='ocrx_word' id='word_1_236' title='bbox 1738 1834 1803 1887; x_wconf 72' lang='grc' dir='ltr'>Τὸ</span> 
     </span>
    </p>
   </div>
   <div class='ocr_carea' id='block_1_34' title="bbox 1903 1810 3472 1902">
    <p class='ocr_par' dir='ltr' id='par_1_34' title="bbox 1910 1810 3472 1887">
     <span class='ocr_line' id='line_1_34' title="bbox 1910 1810 3472 1887; baseline 0.005 -21"><span class='ocrx_word' id='word_1_237' title='bbox 1910 1810 2233 1880; x_wconf 79' lang='lat' dir='ltr'><strong><em>confugerit,</em></strong></span> <span class='ocrx_word' id='word_1_238' title='bbox 2260 1821 2316 1868; x_wconf 91' lang='lat' dir='ltr'><strong><em>et</em></strong></span> <span class='ocrx_word' id='word_1_239' title='bbox 2337 1819 2609 1868; x_wconf 87' lang='lat' dir='ltr'><strong><em>tormenta</em></strong></span> <span class='ocrx_word' id='word_1_240' title='bbox 2638 1814 2866 1870; x_wconf 77' lang='lat' dir='ltr'><strong><em>suﬂ‘erre</em></strong></span> <span class='ocrx_word' id='word_1_241' title='bbox 2907 1831 3017 1871; x_wconf 89' lang='lat' dir='ltr'><strong><em>nou</em></strong></span> <span class='ocrx_word' id='word_1_242' title='bbox 3053 1819 3313 1887; x_wconf 86' lang='lat' dir='ltr'><strong><em>potuerit,</em></strong></span> <span class='ocrx_word' id='word_1_243' title='bbox 3365 1821 3472 1874; x_wconf 83' lang='lat' dir='ltr'><strong><em>sibi</em></strong></span> 
     </span>
    </p>
   </div>
   <div class='ocr_carea' id='block_1_35' title="bbox 246 1912 1812 1996">
    <p class='ocr_par' dir='ltr' id='par_1_35' title="bbox 246 1912 1812 1996">
     <span class='ocr_line' id='line_1_35' title="bbox 246 1912 1812 1996; baseline 0.009 -31"><span class='ocrx_word' id='word_1_244' title='bbox 246 1912 307 1966; x_wconf 78' lang='grc' dir='ltr'>δὲ</span> <span class='ocrx_word' id='word_1_245' title='bbox 335 1913 742 1984; x_wconf 85' lang='grc' dir='ltr'>καταφρονῆσαι</span> <span class='ocrx_word' id='word_1_246' title='bbox 772 1916 871 1986; x_wconf 88' lang='grc' dir='ltr'>τῆς</span> <span class='ocrx_word' id='word_1_247' title='bbox 901 1916 1245 1984; x_wconf 82' lang='grc' dir='ltr'>διδασκαλίας</span> <span class='ocrx_word' id='word_1_248' title='bbox 1276 1922 1370 1974; x_wconf 86' lang='grc' dir='ltr'>τοῦ</span> <span class='ocrx_word' id='word_1_249' title='bbox 1401 1921 1529 1977; x_wconf 85' lang='grc' dir='ltr'>λαοῦ</span> <span class='ocrx_word' id='word_1_250' title='bbox 1559 1926 1651 1978; x_wconf 70' lang='grc' dir='ltr'><strong><em>καὶ</em></strong></span> <span class='ocrx_word' id='word_1_251' title='bbox 1678 1942 1812 1996; x_wconf 78' lang='grc' dir='ltr'>προο</span> 
     </span>
    </p>
   </div>
   <div class='ocr_carea' id='block_1_36' title="bbox 245 2005 1810 2082">
    <p class='ocr_par' dir='ltr' id='par_1_36' title="bbox 245 2005 1810 2082">
     <span class='ocr_line' id='line_1_36' title="bbox 245 2005 1810 2082; baseline 0.01 -26"><span class='ocrx_word' id='word_1_252' title='bbox 245 2005 581 2076; x_wconf 79' lang='grc' dir='ltr'>τιμήσασθαι</span> <span class='ocrx_word' id='word_1_253' title='bbox 628 2007 689 2061; x_wconf 84' lang='grc' dir='ltr'>τὸ</span> <span class='ocrx_word' id='word_1_254' title='bbox 728 2007 903 2079; x_wconf 77' lang='grc' dir='ltr'>ἑαυτῷ</span> <span class='ocrx_word' id='word_1_255' title='bbox 931 2011 1238 2082; x_wconf 84' lang='grc' dir='ltr'>συμφέρον,</span> <span class='ocrx_word' id='word_1_256' title='bbox 1289 2013 1407 2066; x_wconf 76' lang='grc' dir='ltr'>οὐδὲ</span> <span class='ocrx_word' id='word_1_257' title='bbox 1441 2017 1487 2068; x_wconf 83' lang='grc' dir='ltr'>οἱ</span> <span class='ocrx_word' id='word_1_258' title='bbox 1528 2016 1810 2071; x_wconf 81' lang='grc' dir='ltr'>ἀπόστολοι</span> 
     </span>
    </p>
   </div>
   <div class='ocr_carea' id='block_1_37' title="bbox 248 2098 1811 2174">
    <p class='ocr_par' dir='ltr' id='par_1_37' title="bbox 248 2098 1811 2174">
     <span class='ocr_line' id='line_1_37' title="bbox 248 2098 1811 2174; baseline 0.008 -25"><span class='ocrx_word' id='word_1_259' title='bbox 248 2098 625 2168; x_wconf 87' lang='grc' dir='ltr'>πεποιήκασιν.</span> <span class='ocrx_word' id='word_1_260' title='bbox 662 2099 720 2152; x_wconf 88' lang='lat'><strong>&#39;0</strong></span> <span class='ocrx_word' id='word_1_261' title='bbox 753 2099 861 2171; x_wconf 81' lang='grc' dir='ltr'><strong><em>γὰρ</em></strong></span> <span class='ocrx_word' id='word_1_262' title='bbox 888 2100 1061 2171; x_wconf 81' lang='grc' dir='ltr'>μέγας</span> <span class='ocrx_word' id='word_1_263' title='bbox 1092 2101 1319 2168; x_wconf 85' lang='grc' dir='ltr'>Παῦλος,</span> <span class='ocrx_word' id='word_1_264' title='bbox 1350 2106 1487 2174; x_wconf 88' lang='grc' dir='ltr'><strong><em>μετά</em></strong></span> <span class='ocrx_word' id='word_1_265' title='bbox 1526 2104 1586 2159; x_wconf 80' lang='grc' dir='ltr'>τὸ</span> <span class='ocrx_word' id='word_1_266' title='bbox 1614 2107 1811 2173; x_wconf 84' lang='grc' dir='ltr'>πολλὰς</span> 
     </span>
    </p>
   </div>
   <div class='ocr_carea' id='block_1_38' title="bbox 252 2185 1810 2269">
    <p class='ocr_par' dir='ltr' id='par_1_38' title="bbox 252 2185 1810 2269">
     <span class='ocr_line' id='line_1_38' title="bbox 252 2185 1810 2269; baseline 0.011 -30"><span class='ocrx_word' id='word_1_267' title='bbox 252 2185 516 2257; x_wconf 82' lang='grc' dir='ltr'>βασάνους</span> <span class='ocrx_word' id='word_1_268' title='bbox 556 2190 864 2262; x_wconf 82' lang='grc' dir='ltr'>ὑπομεῖναι,</span> <span class='ocrx_word' id='word_1_269' title='bbox 891 2192 1232 2264; x_wconf 79' lang='grc' dir='ltr'>κατανοήσας</span> <span class='ocrx_word' id='word_1_270' title='bbox 1260 2199 1508 2269; x_wconf 86' lang='grc' dir='ltr'>κρεῖττον</span> <span class='ocrx_word' id='word_1_271' title='bbox 1539 2194 1676 2255; x_wconf 78' lang='grc' dir='ltr'>εἶναι</span> <span class='ocrx_word' id='word_1_272' title='bbox 1719 2201 1810 2256; x_wconf 80' lang='grc' dir='ltr'>τὸν</span> 
     </span>
    </p>
   </div>
   <div class='ocr_carea' id='block_1_39' title="bbox 250 2274 1811 2359">
    <p class='ocr_par' dir='ltr' id='par_1_39' title="bbox 250 2274 1811 2359">
     <span class='ocr_line' id='line_1_39' title="bbox 250 2274 1811 2359; baseline 0.01 -29"><span class='ocrx_word' id='word_1_273' title='bbox 250 2274 365 2346; x_wconf 86' lang='grc' dir='ltr'>βίον</span> <span class='ocrx_word' id='word_1_274' title='bbox 394 2278 677 2335; x_wconf 80' lang='grc' dir='ltr'>ἀπολιπεῖν</span> <span class='ocrx_word' id='word_1_275' title='bbox 699 2320 713 2344; x_wconf 97' lang='grc'><strong><em>,</em></strong></span> <span class='ocrx_word' id='word_1_276' title='bbox 749 2286 1150 2357; x_wconf 83' lang='grc' dir='ltr'>προετιμήσατο</span> <span class='ocrx_word' id='word_1_277' title='bbox 1180 2283 1279 2358; x_wconf 81' lang='grc' dir='ltr'><strong><em>ζῇν</em></strong></span> <span class='ocrx_word' id='word_1_278' title='bbox 1309 2287 1402 2341; x_wconf 80' lang='grc' dir='ltr'>καὶ</span> <span class='ocrx_word' id='word_1_279' title='bbox 1434 2287 1811 2359; x_wconf 79' lang='grc' dir='ltr'>βασανίζεσθαι</span> 
     </span>
    </p>
   </div>
   <div class='ocr_carea' id='block_1_40' title="bbox 247 2364 1809 2444">
    <p class='ocr_par' dir='ltr' id='par_1_40' title="bbox 247 2364 1809 2444">
     <span class='ocr_line' id='line_1_40' title="bbox 247 2364 1809 2444; baseline 0.011 -23"><span class='ocrx_word' id='word_1_280' title='bbox 247 2364 336 2421; x_wconf 75' lang='grc' dir='ltr'><strong><em>διὰ</em></strong></span> <span class='ocrx_word' id='word_1_281' title='bbox 363 2369 463 2442; x_wconf 80' lang='grc' dir='ltr'>τὴν</span> <span class='ocrx_word' id='word_1_282' title='bbox 494 2373 765 2444; x_wconf 78' lang='grc' dir='ltr'>σωτηρίαν</span> <span class='ocrx_word' id='word_1_283' title='bbox 795 2375 886 2428; x_wconf 78' lang='grc' dir='ltr'>καὶ</span> <span class='ocrx_word' id='word_1_284' title='bbox 921 2373 1265 2432; x_wconf 84' lang='grc' dir='ltr'>διδασκαλίαν</span> <span class='ocrx_word' id='word_1_285' title='bbox 1292 2377 1385 2433; x_wconf 88' lang='grc' dir='ltr'><strong><em>τοῦ</em></strong></span> <span class='ocrx_word' id='word_1_286' title='bbox 1431 2379 1582 2437; x_wconf 88' lang='grc' dir='ltr'>λαοῦ.</span> <span class='ocrx_word' id='word_1_287' title='bbox 1636 2383 1809 2437; x_wconf 82' lang='grc' dir='ltr'>Ἀναί-</span> 
     </span>
    </p>
   </div>
   <div class='ocr_carea' id='block_1_41' title="bbox 252 2456 1809 2544">
    <p class='ocr_par' dir='ltr' id='par_1_41' title="bbox 252 2456 1809 2544">
     <span class='ocr_line' id='line_1_41' title="bbox 252 2456 1809 2544; baseline 0.012 -34"><span class='ocrx_word' id='word_1_288' title='bbox 252 2456 436 2530; x_wconf 88' lang='grc' dir='ltr'>σθητοι</span> <span class='ocrx_word' id='word_1_289' title='bbox 470 2460 601 2530; x_wconf 89' lang='grc' dir='ltr'>γοῦν</span> <span class='ocrx_word' id='word_1_290' title='bbox 635 2465 770 2518; x_wconf 74' lang='grc' dir='ltr'>εἰσιν</span> <span class='ocrx_word' id='word_1_291' title='bbox 802 2465 852 2518; x_wconf 77' lang='grc' dir='ltr'><strong>οἱ</strong></span> <span class='ocrx_word' id='word_1_292' title='bbox 887 2465 1163 2531; x_wconf 74' lang='grc' dir='ltr'>αἰτοῦντες</span> <span class='ocrx_word' id='word_1_293' title='bbox 1206 2468 1304 2541; x_wconf 81' lang='grc' dir='ltr'>τὴν</span> <span class='ocrx_word' id='word_1_294' title='bbox 1343 2470 1699 2542; x_wconf 85' lang='grc' dir='ltr'>λειτουργίαν,</span> <span class='ocrx_word' id='word_1_295' title='bbox 1739 2467 1809 2544; x_wconf 83' lang='grc' dir='ltr'>ἦς</span> 
     </span>
    </p>
   </div>
   <div class='ocr_carea' id='block_1_42' title="bbox 248 2548 1808 2631">
    <p class='ocr_par' dir='ltr' id='par_1_42' title="bbox 248 2548 1808 2631">
     <span class='ocr_line' id='line_1_42' title="bbox 248 2548 1808 2631; baseline 0.01 -29"><span class='ocrx_word' id='word_1_296' title='bbox 248 2548 523 2605; x_wconf 61' lang='grc' dir='ltr'>ἔθελονταὶ</span> <span class='ocrx_word' id='word_1_297' title='bbox 567 2554 971 2611; x_wconf 79' lang='grc' dir='ltr'>ὲκπεπτώκασι.</span> <span class='ocrx_word' id='word_1_298' title='bbox 1006 2558 1132 2622; x_wconf 89' lang='grc' dir='ltr'>Πῶς</span> <span class='ocrx_word' id='word_1_299' title='bbox 1173 2559 1281 2631; x_wconf 89' lang='grc' dir='ltr'><strong><em>γάρ</em></strong></span> <span class='ocrx_word' id='word_1_300' title='bbox 1319 2561 1557 2615; x_wconf 73' lang='grc' dir='ltr'>αἰτοῦσιν</span> <span class='ocrx_word' id='word_1_301' title='bbox 1610 2562 1639 2614; x_wconf 82' lang='grc' dir='ltr'>ὃ</span> <span class='ocrx_word' id='word_1_302' title='bbox 1674 2580 1808 2618; x_wconf 86' lang='grc' dir='ltr'>κατ-</span> 
     </span>
    </p>
   </div>
   <div class='ocr_carea' id='block_1_43' title="bbox 244 2640 1808 2722">
    <p class='ocr_par' dir='ltr' id='par_1_43' title="bbox 244 2640 1808 2722">
     <span class='ocr_line' id='line_1_43' title="bbox 244 2640 1808 2722; baseline 0.008 -26"><span class='ocrx_word' id='word_1_303' title='bbox 244 2640 467 2706; x_wconf 86' lang='grc' dir='ltr'>έλιπον,</span> <span class='ocrx_word' id='word_1_304' title='bbox 497 2641 781 2715; x_wconf 86' lang='grc' dir='ltr'>δυνάμενοι</span> <span class='ocrx_word' id='word_1_305' title='bbox 826 2649 938 2711; x_wconf 87' lang='grc' dir='ltr'>τοῖς</span> <span class='ocrx_word' id='word_1_306' title='bbox 977 2647 1219 2719; x_wconf 74' lang='grc' dir='ltr'>ἀδελφοῖς</span> <span class='ocrx_word' id='word_1_307' title='bbox 1251 2648 1537 2722; x_wconf 77' lang='grc' dir='ltr'>εῦχρηστοι</span> <span class='ocrx_word' id='word_1_308' title='bbox 1565 2648 1700 2707; x_wconf 76' lang='grc' dir='ltr'>εἶναι</span> <span class='ocrx_word' id='word_1_309' title='bbox 1749 2655 1808 2711; x_wconf 83' lang='grc' dir='ltr'>ὲν</span> 
     </span>
    </p>
   </div>
   <div class='ocr_carea' id='block_1_44' title="bbox 246 2730 1807 2811">
    <p class='ocr_par' dir='ltr' id='par_1_44' title="bbox 246 2730 1807 2811">
     <span class='ocr_line' id='line_1_44' title="bbox 246 2730 1807 2811; baseline 0.01 -28"><span class='ocrx_word' id='word_1_310' title='bbox 246 2730 428 2802; x_wconf 77' lang='grc' dir='ltr'>καιρῷ</span> <span class='ocrx_word' id='word_1_311' title='bbox 474 2732 698 2805; x_wconf 78' lang='grc' dir='ltr'>τοιούτῳ</span> <span class='ocrx_word' id='word_1_312' title='bbox 717 2775 733 2797; x_wconf 91' lang='grc'><strong><em>,</em></strong></span> <span class='ocrx_word' id='word_1_313' title='bbox 783 2734 1020 2807; x_wconf 81' lang='grc' dir='ltr'>διωγμοῦ</span> <span class='ocrx_word' id='word_1_314' title='bbox 1077 2737 1310 2810; x_wconf 87' lang='grc' dir='ltr'>δηλαδή;</span> <span class='ocrx_word' id='word_1_315' title='bbox 1350 2740 1412 2793; x_wconf 79' lang='lat' dir='ltr'><strong><em>Et</em></strong></span> <span class='ocrx_word' id='word_1_316' title='bbox 1463 2742 1559 2811; x_wconf 82' lang='grc' dir='ltr'>μὲν</span> <span class='ocrx_word' id='word_1_317' title='bbox 1606 2738 1701 2797; x_wconf 72' lang='grc' dir='ltr'><strong><em>οὖν</em></strong></span> <span class='ocrx_word' id='word_1_318' title='bbox 1745 2745 1807 2799; x_wconf 85' lang='grc' dir='ltr'>ού</span> 
     </span>
    </p>
   </div>
   <div class='ocr_carea' id='block_1_45' title="bbox 247 2821 1807 2905">
    <p class='ocr_par' dir='ltr' id='par_1_45' title="bbox 247 2821 1807 2905">
     <span class='ocr_line' id='line_1_45' title="bbox 247 2821 1807 2905; baseline 0.01 -31"><span class='ocrx_word' id='word_1_319' title='bbox 247 2821 588 2887; x_wconf 76' lang='grc' dir='ltr'>πεπτώκασι,</span> <span class='ocrx_word' id='word_1_320' title='bbox 625 2825 807 2897; x_wconf 64' lang='grc' dir='ltr'>φησιν,</span> <span class='ocrx_word' id='word_1_321' title='bbox 841 2823 985 2898; x_wconf 80' lang='grc' dir='ltr'>εἶχον</span> <span class='ocrx_word' id='word_1_322' title='bbox 1013 2826 1080 2883; x_wconf 83' lang='grc' dir='ltr'>ἂν</span> <span class='ocrx_word' id='word_1_323' title='bbox 1113 2828 1441 2902; x_wconf 70' lang='grc' dir='ltr'>συγγνώμην</span> <span class='ocrx_word' id='word_1_324' title='bbox 1473 2831 1564 2884; x_wconf 75' lang='grc' dir='ltr'><strong><em>ἐπὶ</em></strong></span> <span class='ocrx_word' id='word_1_325' title='bbox 1594 2836 1660 2905; x_wconf 83' lang='grc' dir='ltr'>τῇ</span> 
     </span>
    </p>
   </div>
   <div class='ocr_carea' id='block_1_46' title="bbox 252 2912 1803 2997">
    <p class='ocr_par' dir='ltr' id='par_1_46' title="bbox 252 2912 1803 2997">
     <span class='ocr_line' id='line_1_46' title="bbox 252 2912 1803 2997; baseline 0.01 -32"><span class='ocrx_word' id='word_1_326' title='bbox 252 2912 466 2984; x_wconf 79' lang='grc' dir='ltr'>ραλόγῳ</span> <span class='ocrx_word' id='word_1_327' title='bbox 494 2915 670 2968; x_wconf 82' lang='grc' dir='ltr'>αὐτῶν</span> <span class='ocrx_word' id='word_1_328' title='bbox 713 2916 923 2988; x_wconf 83' lang='grc' dir='ltr'>πράξει,</span> <span class='ocrx_word' id='word_1_329' title='bbox 953 2920 1050 2990; x_wconf 83' lang='grc' dir='ltr'><strong><em>τῆς</em></strong></span> <span class='ocrx_word' id='word_1_330' title='bbox 1075 2919 1484 2991; x_wconf 75' lang='grc' dir='ltr'>αὐτομολήσεως</span> <span class='ocrx_word' id='word_1_331' title='bbox 1515 2923 1733 2996; x_wconf 77' lang='grc' dir='ltr'>δηλαδὴ,</span> <span class='ocrx_word' id='word_1_332' title='bbox 1768 2925 1803 2997; x_wconf 78' lang='grc' dir='ltr'>ἤ</span> 
     </span>
    </p>
   </div>
   <div class='ocr_carea' id='block_1_47' title="bbox 249 3002 1804 3087">
    <p class='ocr_par' dir='ltr' id='par_1_47' title="bbox 249 3002 1804 3087">
     <span class='ocr_line' id='line_1_47' title="bbox 249 3002 1804 3087; baseline 0.011 -32"><span class='ocrx_word' id='word_1_333' title='bbox 249 3002 352 3073; x_wconf 82' lang='grc' dir='ltr'>τῆς</span> <span class='ocrx_word' id='word_1_334' title='bbox 395 3007 520 3076; x_wconf 82' lang='grc' dir='ltr'>περὶ</span> <span class='ocrx_word' id='word_1_335' title='bbox 555 3007 616 3061; x_wconf 82' lang='grc' dir='ltr'>τὸ</span> <span class='ocrx_word' id='word_1_336' title='bbox 641 3008 909 3064; x_wconf 86' lang='grc' dir='ltr'>διδάσκειν</span> <span class='ocrx_word' id='word_1_337' title='bbox 942 3012 1035 3064; x_wconf 78' lang='grc' dir='ltr'>καὶ</span> <span class='ocrx_word' id='word_1_338' title='bbox 1075 3010 1348 3084; x_wconf 81' lang='grc' dir='ltr'>στηρίζειν</span> <span class='ocrx_word' id='word_1_339' title='bbox 1391 3015 1514 3078; x_wconf 80' lang='grc' dir='ltr'>τοὺς</span> <span class='ocrx_word' id='word_1_340' title='bbox 1545 3016 1804 3087; x_wconf 80' lang='grc' dir='ltr'>ἀδελφοὺς</span> 
     </span>
    </p>
   </div>
   <div class='ocr_carea' id='block_1_48' title="bbox 251 3094 1804 3180">
    <p class='ocr_par' dir='ltr' id='par_1_48' title="bbox 251 3094 1804 3180">
     <span class='ocr_line' id='line_1_48' title="bbox 251 3094 1804 3180; baseline 0.009 -32"><span class='ocrx_word' id='word_1_341' title='bbox 251 3094 556 3165; x_wconf 76' lang='grc' dir='ltr'>ῥᾳθυμίας·</span> <span class='ocrx_word' id='word_1_342' title='bbox 592 3101 641 3152; x_wconf 84' lang='grc' dir='ltr'><strong><em>εί</em></strong></span> <span class='ocrx_word' id='word_1_343' title='bbox 692 3099 747 3153; x_wconf 86' lang='grc' dir='ltr'>δὲ</span> <span class='ocrx_word' id='word_1_344' title='bbox 800 3102 1148 3160; x_wconf 85' lang='grc' dir='ltr'>πεπτώκασιν</span> <span class='ocrx_word' id='word_1_345' title='bbox 1195 3107 1260 3158; x_wconf 78' lang='grc' dir='ltr'>ἐκ</span> <span class='ocrx_word' id='word_1_346' title='bbox 1304 3108 1651 3178; x_wconf 85' lang='grc' dir='ltr'>περπερείας,</span> <span class='ocrx_word' id='word_1_347' title='bbox 1686 3110 1804 3180; x_wconf 80' lang='grc' dir='ltr'>ήτοι</span> 
     </span>
    </p>
   </div>
   <div class='ocr_carea' id='block_1_49' title="bbox 1912 1902 3474 1978">
    <p class='ocr_par' dir='ltr' id='par_1_49' title="bbox 1912 1902 3474 1978">
     <span class='ocr_line' id='line_1_49' title="bbox 1912 1902 3474 1978; baseline 0.008 -23"><span class='ocrx_word' id='word_1_348' title='bbox 1912 1902 2015 1973; x_wconf 87' lang='lat' dir='ltr'><strong><em>ipsi</em></strong></span> <span class='ocrx_word' id='word_1_349' title='bbox 2044 1902 2234 1967; x_wconf 54' lang='lat' dir='ltr'><strong><em>labem,</em></strong></span> <span class='ocrx_word' id='word_1_350' title='bbox 2257 1904 2458 1959; x_wconf 78' lang='lat' dir='ltr'><strong><em>attulit.</em></strong></span> <span class='ocrx_word' id='word_1_351' title='bbox 2492 1905 2563 1960; x_wconf 88' lang='lat' dir='ltr'><strong><em>Ut</em></strong></span> <span class='ocrx_word' id='word_1_352' title='bbox 2590 1916 2770 1961; x_wconf 84' lang='lat' dir='ltr'><strong><em>autem</em></strong></span> <span class='ocrx_word' id='word_1_353' title='bbox 2823 1909 3007 1978; x_wconf 87' lang='lat' dir='ltr'><strong><em>populi</em></strong></span> <span class='ocrx_word' id='word_1_354' title='bbox 3041 1910 3343 1966; x_wconf 84' lang='lat' dir='ltr'><strong><em>doctrinam</em></strong></span> <span class='ocrx_word' id='word_1_355' title='bbox 3375 1929 3474 1968; x_wconf 90' lang='lat' dir='ltr'><strong><em>ne-</em></strong></span> 
     </span>
    </p>
   </div>
   <div class='ocr_carea' id='block_1_50' title="bbox 1894 1992 3476 2073">
    <p class='ocr_par' dir='ltr' id='par_1_50' title="bbox 1894 1992 3476 2073">
     <span class='ocr_line' id='line_1_50' title="bbox 1894 1992 3476 2073; baseline 0.009 -29"><span class='ocrx_word' id='word_1_356' title='bbox 1894 1992 2196 2062; x_wconf 78' lang='lat' dir='ltr'><strong><em>gligerent,</em></strong></span> <span class='ocrx_word' id='word_1_357' title='bbox 2225 2001 2281 2046; x_wconf 87' lang='lat' dir='ltr'><strong><em>et</em></strong></span> <span class='ocrx_word' id='word_1_358' title='bbox 2302 2008 2457 2047; x_wconf 91' lang='lat' dir='ltr'><strong><em>suam</em></strong></span> <span class='ocrx_word' id='word_1_359' title='bbox 2494 1995 2781 2051; x_wconf 90' lang='lat' dir='ltr'><strong><em>utilitatem</em></strong></span> <span class='ocrx_word' id='word_1_360' title='bbox 2816 1997 3155 2067; x_wconf 67' lang='lat' dir='ltr'><strong><em>praeferrent,</em></strong></span> <span class='ocrx_word' id='word_1_361' title='bbox 3207 2016 3308 2056; x_wconf 87' lang='lat' dir='ltr'><strong><em>nec</em></strong></span> <span class='ocrx_word' id='word_1_362' title='bbox 3341 2016 3476 2073; x_wconf 77' lang='lat' dir='ltr'><strong><em>apo-—</em></strong></span> 
     </span>
    </p>
   </div>
   <div class='ocr_carea' id='block_1_51' title="bbox 1911 2084 3475 2163">
    <p class='ocr_par' dir='ltr' id='par_1_51' title="bbox 1911 2084 3475 2163">
     <span class='ocr_line' id='line_1_51' title="bbox 1911 2084 3475 2163; baseline 0.005 -22"><span class='ocrx_word' id='word_1_363' title='bbox 1911 2085 2037 2141; x_wconf 87' lang='lat' dir='ltr'><strong><em>stoli</em></strong></span> <span class='ocrx_word' id='word_1_364' title='bbox 2060 2084 2321 2142; x_wconf 86' lang='lat' dir='ltr'><strong><em>fecerunt.</em></strong></span> <span class='ocrx_word' id='word_1_365' title='bbox 2345 2085 2571 2158; x_wconf 78' lang='lat' dir='ltr'><strong><em>Magnus</em></strong></span> <span class='ocrx_word' id='word_1_366' title='bbox 2586 2090 2729 2144; x_wconf 90' lang='lat' dir='ltr'><strong><em>enim</em></strong></span> <span class='ocrx_word' id='word_1_367' title='bbox 2745 2087 2967 2153; x_wconf 86' lang='lat' dir='ltr'><strong><em>Paulus,</em></strong></span> <span class='ocrx_word' id='word_1_368' title='bbox 2990 2098 3277 2163; x_wconf 87' lang='lat' dir='ltr'><strong><em>postquam</em></strong></span> <span class='ocrx_word' id='word_1_369' title='bbox 3301 2096 3475 2150; x_wconf 87' lang='lat' dir='ltr'><strong><em>multa</em></strong></span> 
     </span>
    </p>
   </div>
   <div class='ocr_carea' id='block_1_52' title="bbox 1909 2177 3476 2251">
    <p class='ocr_par' dir='ltr' id='par_1_52' title="bbox 1909 2177 3476 2251">
     <span class='ocr_line' id='line_1_52' title="bbox 1909 2177 3476 2251; baseline 0.006 -21"><span class='ocrx_word' id='word_1_370' title='bbox 1909 2183 2179 2232; x_wconf 87' lang='lat' dir='ltr'><strong><em>tormenta</em></strong></span> <span class='ocrx_word' id='word_1_371' title='bbox 2225 2177 2507 2243; x_wconf 83' lang='lat' dir='ltr'><strong><em>subiisset,</em></strong></span> <span class='ocrx_word' id='word_1_372' title='bbox 2564 2178 2876 2251; x_wconf 82' lang='lat' dir='ltr'><strong><em>intelligens</em></strong></span> <span class='ocrx_word' id='word_1_373' title='bbox 2903 2182 3079 2237; x_wconf 88' lang='lat' dir='ltr'><strong><em>multo</em></strong></span> <span class='ocrx_word' id='word_1_374' title='bbox 3100 2197 3225 2238; x_wconf 87' lang='lat' dir='ltr'><strong><em>esse</em></strong></span> <span class='ocrx_word' id='word_1_375' title='bbox 3275 2184 3476 2241; x_wconf 87' lang='lat' dir='ltr'><strong><em>melius</em></strong></span> 
     </span>
    </p>
   </div>
   <div class='ocr_carea' id='block_1_53' title="bbox 1908 2269 3473 2347">
    <p class='ocr_par' dir='ltr' id='par_1_53' title="bbox 1908 2269 3473 2347">
     <span class='ocr_line' id='line_1_53' title="bbox 1908 2269 3473 2347; baseline 0.006 -25"><span class='ocrx_word' id='word_1_376' title='bbox 1908 2269 2075 2324; x_wconf 77' lang='lat' dir='ltr'><strong><em>vitam</em></strong></span> <span class='ocrx_word' id='word_1_377' title='bbox 2106 2270 2434 2342; x_wconf 85' lang='lat' dir='ltr'><strong><em>relinquere,</em></strong></span> <span class='ocrx_word' id='word_1_378' title='bbox 2460 2270 2653 2326; x_wconf 92' lang='lat' dir='ltr'><strong><em>maluit</em></strong></span> <span class='ocrx_word' id='word_1_379' title='bbox 2671 2272 2853 2329; x_wconf 80' lang='lat' dir='ltr'><strong><em>virere</em></strong></span> <span class='ocrx_word' id='word_1_380' title='bbox 2882 2281 2937 2328; x_wconf 91' lang='lat' dir='ltr'><strong><em>et</em></strong></span> <span class='ocrx_word' id='word_1_381' title='bbox 2966 2276 3206 2345; x_wconf 85' lang='lat' dir='ltr'><strong><em>torqueri</em></strong></span> <span class='ocrx_word' id='word_1_382' title='bbox 3247 2284 3473 2347; x_wconf 87' lang='lat' dir='ltr'><strong><em>propter</em></strong></span> 
     </span>
    </p>
   </div>
   <div class='ocr_carea' id='block_1_54' title="bbox 1909 2358 3567 2436">
    <p class='ocr_par' dir='ltr' id='par_1_54' title="bbox 1909 2358 3567 2436">
     <span class='ocr_line' id='line_1_54' title="bbox 1909 2358 3567 2436; baseline 0.005 -24"><span class='ocrx_word' id='word_1_383' title='bbox 1909 2358 2138 2415; x_wconf 84' lang='lat' dir='ltr'><strong><em>salutem</em></strong></span> <span class='ocrx_word' id='word_1_384' title='bbox 2169 2367 2224 2416; x_wconf 89' lang='lat' dir='ltr'><strong><em>et</em></strong></span> <span class='ocrx_word' id='word_1_385' title='bbox 2251 2361 2551 2417; x_wconf 87' lang='lat' dir='ltr'><strong><em>doctrinam</em></strong></span> <span class='ocrx_word' id='word_1_386' title='bbox 2578 2363 2786 2435; x_wconf 88' lang='lat' dir='ltr'><strong><em>populi.</em></strong></span> <span class='ocrx_word' id='word_1_387' title='bbox 2840 2360 3018 2420; x_wconf 85' lang='lat' dir='ltr'><strong><em>Sensu</em></strong></span> <span class='ocrx_word' id='word_1_388' title='bbox 3068 2380 3200 2436; x_wconf 85' lang='lat' dir='ltr'><strong><em>ergo</em></strong></span> <span class='ocrx_word' id='word_1_389' title='bbox 3247 2365 3475 2420; x_wconf 80' lang='lat' dir='ltr'><strong><em>omnino</em></strong></span> <span class='ocrx_word' id='word_1_390' title='bbox 3550 2363 3567 2379; x_wconf 90' lang='grc'><strong><em>⁸</em></strong></span> 
     </span>
    </p>
   </div>
   <div class='ocr_carea' id='block_1_55' title="bbox 1909 2451 3472 2526">
    <p class='ocr_par' dir='ltr' id='par_1_55' title="bbox 1909 2451 3472 2526">
     <span class='ocr_line' id='line_1_55' title="bbox 1909 2451 3472 2526; baseline 0.003 -20"><span class='ocrx_word' id='word_1_391' title='bbox 1909 2458 2117 2516; x_wconf 87' lang='lat' dir='ltr'><strong><em>carent,</em></strong></span> <span class='ocrx_word' id='word_1_392' title='bbox 2139 2451 2234 2521; x_wconf 89' lang='lat' dir='ltr'><strong><em>qui</em></strong></span> <span class='ocrx_word' id='word_1_393' title='bbox 2263 2460 2454 2521; x_wconf 87' lang='lat' dir='ltr'><strong><em>petunt</em></strong></span> <span class='ocrx_word' id='word_1_394' title='bbox 2484 2468 2702 2508; x_wconf 89' lang='lat' dir='ltr'><strong><em>sacrum</em></strong></span> <span class='ocrx_word' id='word_1_395' title='bbox 2742 2455 3134 2519; x_wconf 84' lang='lat' dir='ltr'><strong><em>ministerium,</em></strong></span> <span class='ocrx_word' id='word_1_396' title='bbox 3164 2471 3201 2508; x_wconf 64' lang='grc' dir='ltr'><strong>ο</strong></span> <span class='ocrx_word' id='word_1_397' title='bbox 3233 2472 3343 2526; x_wconf 90' lang='lat' dir='ltr'><strong><em>quo</em></strong></span> <span class='ocrx_word' id='word_1_398' title='bbox 3369 2472 3472 2513; x_wconf 81' lang='lat' dir='ltr'><strong><em>sua</em></strong></span> 
     </span>
    </p>
   </div>
   <div class='ocr_carea' id='block_1_56' title="bbox 1908 2544 3473 2620">
    <p class='ocr_par' dir='ltr' id='par_1_56' title="bbox 1908 2544 3473 2620">
     <span class='ocr_line' id='line_1_56' title="bbox 1908 2544 3473 2620; baseline 0.004 -23"><span class='ocrx_word' id='word_1_399' title='bbox 1908 2550 2101 2613; x_wconf 87' lang='lat' dir='ltr'><strong><em>sponte</em></strong></span> <span class='ocrx_word' id='word_1_400' title='bbox 2130 2544 2466 2601; x_wconf 78' lang='lat' dir='ltr'><strong><em>exciderunt.</em></strong></span> <span class='ocrx_word' id='word_1_401' title='bbox 2497 2545 2778 2614; x_wconf 83' lang='lat' dir='ltr'><strong><em>Quomodo</em></strong></span> <span class='ocrx_word' id='word_1_402' title='bbox 2809 2548 2954 2603; x_wconf 90' lang='lat' dir='ltr'><strong><em>enim</em></strong></span> <span class='ocrx_word' id='word_1_403' title='bbox 2999 2555 3190 2618; x_wconf 81' lang='lat' dir='ltr'><strong><em>petunt</em></strong></span> <span class='ocrx_word' id='word_1_404' title='bbox 3214 2548 3361 2620; x_wconf 89' lang='lat' dir='ltr'><strong><em>quod</em></strong></span> <span class='ocrx_word' id='word_1_405' title='bbox 3385 2565 3473 2604; x_wconf 81' lang='lat' dir='ltr'><strong><em>re-</em></strong></span> 
     </span>
    </p>
   </div>
   <div class='ocr_carea' id='block_1_57' title="bbox 1907 2634 3467 2710">
    <p class='ocr_par' dir='ltr' id='par_1_57' title="bbox 1907 2634 3467 2710">
     <span class='ocr_line' id='line_1_57' title="bbox 1907 2634 3467 2710; baseline 0.004 -23"><span class='ocrx_word' id='word_1_406' title='bbox 1907 2634 2203 2705; x_wconf 87' lang='lat' dir='ltr'><strong><em>liquerunt,</em></strong></span> <span class='ocrx_word' id='word_1_407' title='bbox 2236 2650 2361 2691; x_wconf 90' lang='lat' dir='ltr'><strong><em>cum</em></strong></span> <span class='ocrx_word' id='word_1_408' title='bbox 2392 2639 2606 2708; x_wconf 89' lang='lat' dir='ltr'><strong><em>possint</em></strong></span> <span class='ocrx_word' id='word_1_409' title='bbox 2630 2639 2685 2693; x_wconf 91' lang='lat' dir='ltr'><strong><em>iu</em></strong></span> <span class='ocrx_word' id='word_1_410' title='bbox 2706 2638 2811 2695; x_wconf 88' lang='lat' dir='ltr'><strong><em>hac</em></strong></span> <span class='ocrx_word' id='word_1_411' title='bbox 2835 2646 3180 2709; x_wconf 87' lang='lat' dir='ltr'><strong><em>tempestate,</em></strong></span> <span class='ocrx_word' id='word_1_412' title='bbox 3206 2654 3467 2710; x_wconf 85' lang='lat' dir='ltr'><strong><em>persecu-</em></strong></span> 
     </span>
    </p>
   </div>
   <div class='ocr_carea' id='block_1_58' title="bbox 1906 2726 3467 2804">
    <p class='ocr_par' dir='ltr' id='par_1_58' title="bbox 1906 2726 3467 2804">
     <span class='ocr_line' id='line_1_58' title="bbox 1906 2726 3467 2804; baseline 0.006 -24"><span class='ocrx_word' id='word_1_413' title='bbox 1906 2726 2071 2783; x_wconf 89' lang='lat' dir='ltr'><strong><em>tionis</em></strong></span> <span class='ocrx_word' id='word_1_414' title='bbox 2098 2728 2326 2792; x_wconf 88' lang='lat' dir='ltr'><strong><em>scilicet,</em></strong></span> <span class='ocrx_word' id='word_1_415' title='bbox 2359 2727 2623 2786; x_wconf 81' lang='lat' dir='ltr'><strong><em>fratribus</em></strong></span> <span class='ocrx_word' id='word_1_416' title='bbox 2653 2746 2778 2789; x_wconf 87' lang='lat' dir='ltr'><strong><em>esse</em></strong></span> <span class='ocrx_word' id='word_1_417' title='bbox 2803 2731 3009 2788; x_wconf 87' lang='lat' dir='ltr'><strong><em>utiles?</em></strong></span> <span class='ocrx_word' id='word_1_418' title='bbox 3042 2731 3099 2786; x_wconf 91' lang='lat' dir='ltr'><strong><em>Si</em></strong></span> <span class='ocrx_word' id='word_1_419' title='bbox 3126 2732 3312 2804; x_wconf 89' lang='lat' dir='ltr'><strong><em>itaque</em></strong></span> <span class='ocrx_word' id='word_1_420' title='bbox 3354 2748 3467 2789; x_wconf 89' lang='lat' dir='ltr'><strong><em>non</em></strong></span> 
     </span>
    </p>
   </div>
   <div class='ocr_carea' id='block_1_59' title="bbox 1906 2819 3456 2894">
    <p class='ocr_par' dir='ltr' id='par_1_59' title="bbox 1906 2819 3456 2894">
     <span class='ocr_line' id='line_1_59' title="bbox 1906 2819 3456 2894; baseline 0.003 -18"><span class='ocrx_word' id='word_1_421' title='bbox 1906 2819 2249 2886; x_wconf 77' lang='lat' dir='ltr'><strong><em>cecidissent,</em></strong></span> <span class='ocrx_word' id='word_1_422' title='bbox 2286 2821 2485 2893; x_wconf 87' lang='lat' dir='ltr'><strong><em>inquit,</em></strong></span> <span class='ocrx_word' id='word_1_423' title='bbox 2518 2823 2639 2894; x_wconf 87' lang='lat' dir='ltr'><strong><em>ejus</em></strong></span> <span class='ocrx_word' id='word_1_424' title='bbox 2673 2823 2818 2893; x_wconf 87' lang='lat' dir='ltr'><strong><em>quod</em></strong></span> <span class='ocrx_word' id='word_1_425' title='bbox 2846 2832 3047 2890; x_wconf 79' lang='lat' dir='ltr'><strong><em>praeter</em></strong></span> <span class='ocrx_word' id='word_1_426' title='bbox 3089 2825 3356 2881; x_wconf 88' lang='lat' dir='ltr'><strong><em>rationem</em></strong></span> <span class='ocrx_word' id='word_1_427' title='bbox 3383 2825 3456 2881; x_wconf 83' lang='lat' dir='ltr'><strong><em>fe-</em></strong></span> 
     </span>
    </p>
   </div>
   <div class='ocr_carea' id='block_1_60' title="bbox 1905 2913 3463 2987">
    <p class='ocr_par' dir='ltr' id='par_1_60' title="bbox 1905 2913 3463 2987">
     <span class='ocr_line' id='line_1_60' title="bbox 1905 2913 3463 2987; baseline 0 -19"><span class='ocrx_word' id='word_1_428' title='bbox 1905 2913 2130 2979; x_wconf 84' lang='lat' dir='ltr'><strong><em>cissent,</em></strong></span> <span class='ocrx_word' id='word_1_429' title='bbox 2162 2914 2243 2971; x_wconf 89' lang='lat' dir='ltr'><strong><em>eis</em></strong></span> <span class='ocrx_word' id='word_1_430' title='bbox 2275 2914 2500 2971; x_wconf 85' lang='lat' dir='ltr'><strong><em>daretur</em></strong></span> <span class='ocrx_word' id='word_1_431' title='bbox 2514 2918 2697 2984; x_wconf 78' lang='lat' dir='ltr'><strong><em>venia,</em></strong></span> <span class='ocrx_word' id='word_1_432' title='bbox 2724 2926 3040 2987; x_wconf 81' lang='lat' dir='ltr'><strong><em>spontaneae</em></strong></span> <span class='ocrx_word' id='word_1_433' title='bbox 3077 2916 3287 2971; x_wconf 89' lang='lat' dir='ltr'><strong><em>scilicet</em></strong></span> <span class='ocrx_word' id='word_1_434' title='bbox 3302 2914 3463 2986; x_wconf 66' lang='lat' dir='ltr'><strong><em>fuga},</em></strong></span> 
     </span>
    </p>
   </div>
   <div class='ocr_carea' id='block_1_61' title="bbox 1904 3002 3463 3063">
    <p class='ocr_par' dir='ltr' id='par_1_61' title="bbox 1904 3002 3463 3063">
     <span class='ocr_line' id='line_1_61' title="bbox 1904 3002 3463 3063; baseline 0.003 -5"><span class='ocrx_word' id='word_1_435' title='bbox 1904 3005 1987 3059; x_wconf 81' lang='lat' dir='ltr'><strong><em>vel</em></strong></span> <span class='ocrx_word' id='word_1_436' title='bbox 2022 3004 2077 3059; x_wconf 91' lang='lat' dir='ltr'><strong><em>in</em></strong></span> <span class='ocrx_word' id='word_1_437' title='bbox 2104 3002 2367 3063; x_wconf 84' lang='lat' dir='ltr'><strong><em>fratribus</em></strong></span> <span class='ocrx_word' id='word_1_438' title='bbox 2391 3005 2652 3062; x_wconf 89' lang='lat' dir='ltr'><strong><em>docendis</em></strong></span> <span class='ocrx_word' id='word_1_439' title='bbox 2679 3015 2730 3060; x_wconf 88' lang='lat' dir='ltr'><strong><em>et</em></strong></span> <span class='ocrx_word' id='word_1_440' title='bbox 2760 3005 3151 3062; x_wconf 77' lang='lat' dir='ltr'><strong><em>confirmandis</em></strong></span> <span class='ocrx_word' id='word_1_441' title='bbox 3180 3006 3463 3063; x_wconf 74' lang='lat' dir='ltr'><strong><em>socordiae.</em></strong></span> 
     </span>
    </p>
   </div>
   <div class='ocr_carea' id='block_1_62' title="bbox 1906 3095 3466 3171">
    <p class='ocr_par' dir='ltr' id='par_1_62' title="bbox 1906 3095 3466 3171">
     <span class='ocr_line' id='line_1_62' title="bbox 1906 3095 3466 3171; baseline 0.003 -21"><span class='ocrx_word' id='word_1_442' title='bbox 1906 3095 2003 3151; x_wconf 75' lang='lat' dir='ltr'><strong><em>Sin</em></strong></span> <span class='ocrx_word' id='word_1_443' title='bbox 2030 3104 2215 3169; x_wconf 15' lang='lat' dir='ltr'><strong><em>autem;</em></strong></span> <span class='ocrx_word' id='word_1_444' title='bbox 2233 3104 2454 3168; x_wconf 80' lang='lat' dir='ltr'><strong><em>propter</em></strong></span> <span class='ocrx_word' id='word_1_445' title='bbox 2469 3113 2623 3153; x_wconf 89' lang='lat' dir='ltr'><strong><em>suam</em></strong></span> <span class='ocrx_word' id='word_1_446' title='bbox 2654 3098 2999 3154; x_wconf 87' lang='lat' dir='ltr'><strong><em>insolentiam</em></strong></span> <span class='ocrx_word' id='word_1_447' title='bbox 3024 3108 3079 3154; x_wconf 88' lang='lat' dir='ltr'><strong><em>et</em></strong></span> <span class='ocrx_word' id='word_1_448' title='bbox 3098 3100 3466 3171; x_wconf 81' lang='lat' dir='ltr'><strong><em>arrogantiam</em></strong></span> 
     </span>
    </p>
   </div>
   <div class='ocr_carea' id='block_1_63' title="bbox 245 3161 1803 3272">
    <p class='ocr_par' dir='ltr' id='par_1_63' title="bbox 245 3161 1803 3272">
     <span class='ocr_line' id='line_1_63' title="bbox 245 3161 1803 3272; baseline 0.01 -35"><span class='ocrx_word' id='word_1_449' title='bbox 245 3161 581 3254; x_wconf 68' lang='grc' dir='ltr'>ἀλαζονείας,</span> <span class='ocrx_word' id='word_1_450' title='bbox 612 3187 871 3260; x_wconf 88' lang='grc' dir='ltr'>[τοιοῦτον</span> <span class='ocrx_word' id='word_1_451' title='bbox 892 3193 998 3266; x_wconf 87' lang='grc' dir='ltr'><strong><em>γάρ</em></strong></span> <span class='ocrx_word' id='word_1_452' title='bbox 1016 3197 1133 3248; x_wconf 86' lang='grc' dir='ltr'>ὲστι</span> <span class='ocrx_word' id='word_1_453' title='bbox 1158 3194 1219 3249; x_wconf 83' lang='grc' dir='ltr'>τὸ</span> <span class='ocrx_word' id='word_1_454' title='bbox 1239 3161 1650 3271; x_wconf 44' lang='grc' dir='ltr'>κατατολμῆσαιι</span> 
     </span>
    </p>
   </div>
   <div class='ocr_carea' id='block_1_64' title="bbox 1903 3161 3470 3272">
    <p class='ocr_par' dir='ltr' id='par_1_64' title="bbox 1905 3161 3470 3264">
     <span class='ocr_line' id='line_1_64' title="bbox 1905 3161 3470 3264; baseline 0.002 -21"><span class='ocrx_word' id='word_1_455' title='bbox 1905 3189 2043 3260; x_wconf 87' lang='lat' dir='ltr'><strong><em>lapsi</em></strong></span> <span class='ocrx_word' id='word_1_456' title='bbox 2077 3161 2249 3261; x_wconf 35' lang='lat' dir='ltr'><strong><em>sunt]</em></strong></span> <span class='ocrx_word' id='word_1_457' title='bbox 2278 3161 2384 3246; x_wconf 77' lang='lat' dir='ltr'><strong><em>tale</em></strong></span> <span class='ocrx_word' id='word_1_458' title='bbox 2422 3191 2565 3246; x_wconf 88' lang='lat' dir='ltr'><strong><em>enim</em></strong></span> <span class='ocrx_word' id='word_1_459' title='bbox 2589 3200 2671 3246; x_wconf 88' lang='lat' dir='ltr'><strong><em>est</em></strong></span> <span class='ocrx_word' id='word_1_460' title='bbox 2699 3207 2759 3247; x_wconf 89' lang='lat' dir='ltr'><strong><em>se</em></strong></span> <span class='ocrx_word' id='word_1_461' title='bbox 2790 3199 2991 3247; x_wconf 85' lang='lat' dir='ltr'><strong><em>temere</em></strong></span> <span class='ocrx_word' id='word_1_462' title='bbox 3019 3194 3305 3249; x_wconf 89' lang='lat' dir='ltr'><strong><em>tormentis</em></strong></span> <span class='ocrx_word' id='word_1_463' title='bbox 3328 3193 3470 3264; x_wconf 87' lang='lat' dir='ltr'><strong><em>obji-</em></strong></span> 
     </span>
    </p>
   </div>
   <div class='ocr_carea' id='block_1_65' title="bbox 246 3277 1805 3357">
    <p class='ocr_par' dir='ltr' id='par_1_65' title="bbox 246 3277 1805 3357">
     <span class='ocr_line' id='line_1_65' title="bbox 246 3277 1805 3357; baseline 0.01 -29"><span class='ocrx_word' id='word_1_464' title='bbox 246 3277 426 3342; x_wconf 72' lang='grc' dir='ltr'>πετῶς</span> <span class='ocrx_word' id='word_1_465' title='bbox 454 3278 560 3332; x_wconf 83' lang='grc' dir='ltr'><strong><em>τῶν</em></strong></span> <span class='ocrx_word' id='word_1_466' title='bbox 588 3279 834 3350; x_wconf 85' lang='grc' dir='ltr'>βασάνων</span> <span class='ocrx_word' id='word_1_467' title='bbox 866 3285 960 3336; x_wconf 79' lang='grc' dir='ltr'>καὶ</span> <span class='ocrx_word' id='word_1_468' title='bbox 994 3284 1066 3355; x_wconf 82' lang='grc' dir='ltr'>μὴ</span> <span class='ocrx_word' id='word_1_469' title='bbox 1098 3287 1373 3357; x_wconf 75' lang='grc' dir='ltr'>ἐμμεῖναι,</span> <span class='ocrx_word' id='word_1_470' title='bbox 1410 3288 1504 3342; x_wconf 79' lang='grc' dir='ltr'><strong><em>καὶ</em></strong></span> <span class='ocrx_word' id='word_1_471' title='bbox 1529 3288 1616 3343; x_wconf 82' lang='grc' dir='ltr'><strong><em>διὰ</em></strong></span> <span class='ocrx_word' id='word_1_472' title='bbox 1648 3288 1805 3343; x_wconf 86' lang='grc' dir='ltr'>τοῦτο</span> 
     </span>
    </p>
   </div>
   <div class='ocr_carea' id='block_1_66' title="bbox 247 3367 1805 3451">
    <p class='ocr_par' dir='ltr' id='par_1_66' title="bbox 247 3367 1805 3451">
     <span class='ocr_line' id='line_1_66' title="bbox 247 3367 1805 3451; baseline 0.01 -30"><span class='ocrx_word' id='word_1_473' title='bbox 247 3367 774 3446; x_wconf 76' lang='grc' dir='ltr'>ἑθριαμϐεύθησαν</span> <span class='ocrx_word' id='word_1_474' title='bbox 805 3376 984 3430; x_wconf 83' lang='grc' dir='ltr'>οὐκέτι</span> <span class='ocrx_word' id='word_1_475' title='bbox 1025 3376 1278 3433; x_wconf 87' lang='grc' dir='ltr'>δύνανται</span> <span class='ocrx_word' id='word_1_476' title='bbox 1321 3380 1669 3451; x_wconf 85' lang='grc' dir='ltr'>λειτουργεῖν.</span> <span class='ocrx_word' id='word_1_477' title='bbox 1713 3382 1805 3437; x_wconf 83' lang='grc' dir='ltr'><strong><em>Διὸ</em></strong></span> 
     </span>
    </p>
   </div>
   <div class='ocr_carea' id='block_1_67' title="bbox 249 3462 1802 3549">
    <p class='ocr_par' dir='ltr' id='par_1_67' title="bbox 249 3462 1802 3549">
     <span class='ocr_line' id='line_1_67' title="bbox 249 3462 1802 3549; baseline 0.01 -33"><span class='ocrx_word' id='word_1_478' title='bbox 249 3462 670 3536; x_wconf 76' lang='grc' dir='ltr'>φροντιζέτωσαν</span> <span class='ocrx_word' id='word_1_479' title='bbox 710 3468 906 3540; x_wconf 82' lang='grc' dir='ltr'>μᾶλλον</span> <span class='ocrx_word' id='word_1_480' title='bbox 946 3469 1063 3534; x_wconf 88' lang='grc' dir='ltr'><strong><em>πῶς</em></strong></span> <span class='ocrx_word' id='word_1_481' title='bbox 1105 3473 1442 3528; x_wconf 81' lang='grc' dir='ltr'>ὲκτελέσουσι</span> <span class='ocrx_word' id='word_1_482' title='bbox 1483 3476 1581 3548; x_wconf 82' lang='grc' dir='ltr'>τὴν</span> <span class='ocrx_word' id='word_1_483' title='bbox 1613 3477 1802 3549; x_wconf 83' lang='grc' dir='ltr'>ὁμολο-</span> 
     </span>
    </p>
   </div>
   <div class='ocr_carea' id='block_1_68' title="bbox 246 3555 1803 3637">
    <p class='ocr_par' dir='ltr' id='par_1_68' title="bbox 246 3555 1803 3637">
     <span class='ocr_line' id='line_1_68' title="bbox 246 3555 1803 3637; baseline 0.008 -27"><span class='ocrx_word' id='word_1_484' title='bbox 246 3555 371 3624; x_wconf 83' lang='grc' dir='ltr'>γίαν</span> <span class='ocrx_word' id='word_1_485' title='bbox 408 3557 466 3611; x_wconf 82' lang='grc' dir='ltr'>ὲν</span> <span class='ocrx_word' id='word_1_486' title='bbox 509 3560 989 3633; x_wconf 83' lang='grc' dir='ltr'>ταπεινοφροσύνῃ,</span> <span class='ocrx_word' id='word_1_487' title='bbox 1044 3564 1379 3635; x_wconf 86' lang='grc' dir='ltr'>παυσάμενοι</span> <span class='ocrx_word' id='word_1_488' title='bbox 1409 3566 1508 3637; x_wconf 82' lang='grc' dir='ltr'>τῆς</span> <span class='ocrx_word' id='word_1_489' title='bbox 1554 3568 1660 3622; x_wconf 86' lang='grc' dir='ltr'>ἀπὸ</span> <span class='ocrx_word' id='word_1_490' title='bbox 1707 3568 1803 3622; x_wconf 81' lang='grc' dir='ltr'><strong><em>τοῦ</em></strong></span> 
     </span>
    </p>
   </div>
   <div class='ocr_carea' id='block_1_69' title="bbox 246 3643 1802 3730">
    <p class='ocr_par' dir='ltr' id='par_1_69' title="bbox 246 3643 1802 3730">
     <span class='ocr_line' id='line_1_69' title="bbox 246 3643 1802 3730; baseline 0.01 -32"><span class='ocrx_word' id='word_1_491' title='bbox 246 3643 427 3716; x_wconf 81' lang='grc' dir='ltr'>ζητεῖν</span> <span class='ocrx_word' id='word_1_492' title='bbox 451 3648 550 3719; x_wconf 76' lang='grc' dir='ltr'><strong><em>τὴν</em></strong></span> <span class='ocrx_word' id='word_1_493' title='bbox 577 3648 913 3721; x_wconf 76' lang='grc' dir='ltr'>λειτουργίαν</span> <span class='ocrx_word' id='word_1_494' title='bbox 940 3652 1242 3720; x_wconf 80' lang='grc' dir='ltr'>κενοδοξίας</span> <span class='ocrx_word' id='word_1_495' title='bbox 1259 3673 1272 3686; x_wconf 72' lang='grc' dir='ltr'><strong><em>ο</em></strong></span> <span class='ocrx_word' id='word_1_496' title='bbox 1305 3658 1465 3727; x_wconf 88' lang='grc' dir='ltr'>ἀρκεῖ</span> <span class='ocrx_word' id='word_1_497' title='bbox 1485 3656 1594 3730; x_wconf 82' lang='grc' dir='ltr'><strong><em>γάρ</em></strong></span> <span class='ocrx_word' id='word_1_498' title='bbox 1621 3660 1802 3725; x_wconf 83' lang='grc' dir='ltr'>αὐτοῖς</span> 
     </span>
    </p>
   </div>
   <div class='ocr_carea' id='block_1_70' title="bbox 245 3736 1803 3822">
    <p class='ocr_par' dir='ltr' id='par_1_70' title="bbox 245 3736 1803 3822">
     <span class='ocr_line' id='line_1_70' title="bbox 245 3736 1803 3822; baseline 0.01 -32"><span class='ocrx_word' id='word_1_499' title='bbox 245 3736 281 3807; x_wconf 78' lang='grc' dir='ltr'><strong>ἠ</strong></span> <span class='ocrx_word' id='word_1_500' title='bbox 313 3737 450 3809; x_wconf 84' lang='grc' dir='ltr'><strong><em>μετά</em></strong></span> <span class='ocrx_word' id='word_1_501' title='bbox 473 3739 579 3793; x_wconf 83' lang='grc' dir='ltr'><strong><em>τῶν</em></strong></span> <span class='ocrx_word' id='word_1_502' title='bbox 617 3742 818 3797; x_wconf 81' lang='grc' dir='ltr'>πιστῶν</span> <span class='ocrx_word' id='word_1_503' title='bbox 851 3746 1101 3799; x_wconf 63' lang='grc' dir='ltr'>κοινωυία</span> <span class='ocrx_word' id='word_1_504' title='bbox 1130 3746 1220 3801; x_wconf 82' lang='grc' dir='ltr'><strong><em>διὰ</em></strong></span> <span class='ocrx_word' id='word_1_505' title='bbox 1257 3746 1348 3801; x_wconf 86' lang='grc' dir='ltr'><strong><em>δύο</em></strong></span> <span class='ocrx_word' id='word_1_506' title='bbox 1390 3750 1647 3822; x_wconf 75' lang='grc' dir='ltr'>γινομένη</span> <span class='ocrx_word' id='word_1_507' title='bbox 1681 3753 1803 3806; x_wconf 71' lang='grc' dir='ltr'>τινὰ</span> 
     </span>
    </p>
   </div>
   <div class='ocr_carea' id='block_1_71' title="bbox 248 3830 1801 3917">
    <p class='ocr_par' dir='ltr' id='par_1_71' title="bbox 248 3830 1801 3917">
     <span class='ocr_line' id='line_1_71' title="bbox 248 3830 1801 3917; baseline 0.01 -35"><span class='ocrx_word' id='word_1_508' title='bbox 248 3830 385 3901; x_wconf 80' lang='grc' dir='ltr'><strong><em>μετά</em></strong></span> <span class='ocrx_word' id='word_1_509' title='bbox 423 3832 740 3899; x_wconf 77' lang='grc' dir='ltr'>ἐπιστασίας</span> <span class='ocrx_word' id='word_1_510' title='bbox 782 3836 1042 3906; x_wconf 76' lang='grc' dir='ltr'>ἀκριϐοῦς</span> <span class='ocrx_word' id='word_1_511' title='bbox 1076 3840 1169 3893; x_wconf 79' lang='grc' dir='ltr'>καὶ</span> <span class='ocrx_word' id='word_1_512' title='bbox 1214 3840 1542 3912; x_wconf 74' lang='grc' dir='ltr'>οἰκονομίας.</span> <span class='ocrx_word' id='word_1_513' title='bbox 1584 3842 1647 3896; x_wconf 81' lang='lat' dir='ltr'><strong><em>El</em></strong></span> <span class='ocrx_word' id='word_1_514' title='bbox 1692 3844 1801 3917; x_wconf 79' lang='grc' dir='ltr'><strong><em>γάρ</em></strong></span> 
     </span>
    </p>
   </div>
   <div class='ocr_carea' id='block_1_72' title="bbox 245 3919 1799 3998">
    <p class='ocr_par' dir='ltr' id='par_1_72' title="bbox 245 3919 1799 3998">
     <span class='ocr_line' id='line_1_72' title="bbox 245 3919 1799 3998; baseline 0.01 -26"><span class='ocrx_word' id='word_1_515' title='bbox 245 3919 484 3994; x_wconf 78' lang='grc' dir='ltr'>εἴπωμεν</span> <span class='ocrx_word' id='word_1_516' title='bbox 510 3924 583 3996; x_wconf 81' lang='grc' dir='ltr'>μὴ</span> <span class='ocrx_word' id='word_1_517' title='bbox 629 3924 772 3995; x_wconf 78' lang='grc' dir='ltr'>ἔχειν</span> <span class='ocrx_word' id='word_1_518' title='bbox 817 3925 1010 3991; x_wconf 79' lang='grc' dir='ltr'>αὐτοὺς</span> <span class='ocrx_word' id='word_1_519' title='bbox 1054 3932 1432 3996; x_wconf 79' lang='grc' dir='ltr'>κοινωνικοὺς,</span> <span class='ocrx_word' id='word_1_520' title='bbox 1478 3933 1696 3998; x_wconf 83' lang='grc' dir='ltr'>τούτους</span> <span class='ocrx_word' id='word_1_521' title='bbox 1739 3951 1799 3988; x_wconf 84' lang='grc' dir='ltr'><strong><em>τε</em></strong></span> 
     </span>
    </p>
   </div>
   <div class='ocr_carea' id='block_1_73' title="bbox 242 4011 1801 4095">
    <p class='ocr_par' dir='ltr' id='par_1_73' title="bbox 242 4011 1801 4095">
     <span class='ocr_line' id='line_1_73' title="bbox 242 4011 1801 4095; baseline 0.008 -29"><span class='ocrx_word' id='word_1_522' title='bbox 242 4011 574 4087; x_wconf 71' lang='grc' dir='ltr'>λυπήσομέν,</span> <span class='ocrx_word' id='word_1_523' title='bbox 602 4017 678 4081; x_wconf 84' lang='grc' dir='ltr'><strong><em>ὡς</em></strong></span> <span class='ocrx_word' id='word_1_524' title='bbox 700 4018 1121 4091; x_wconf 82' lang='grc' dir='ltr'>ἀποφαινόμενοι</span> <span class='ocrx_word' id='word_1_525' title='bbox 1151 4021 1287 4092; x_wconf 87' lang='grc' dir='ltr'><strong><em>μετά</em></strong></span> <span class='ocrx_word' id='word_1_526' title='bbox 1319 4022 1458 4093; x_wconf 90' lang='grc' dir='ltr'>βίας,</span> <span class='ocrx_word' id='word_1_527' title='bbox 1486 4025 1650 4095; x_wconf 82' lang='grc' dir='ltr'>ήγουν</span> <span class='ocrx_word' id='word_1_528' title='bbox 1683 4027 1801 4079; x_wconf 80' lang='grc' dir='ltr'>ἐπι-</span> 
     </span>
    </p>
   </div>
   <div class='ocr_carea' id='block_1_74' title="bbox 240 4107 1798 4188">
    <p class='ocr_par' dir='ltr' id='par_1_74' title="bbox 240 4107 1798 4188">
     <span class='ocr_line' id='line_1_74' title="bbox 240 4107 1798 4188; baseline 0.008 -29"><span class='ocrx_word' id='word_1_529' title='bbox 240 4107 633 4179; x_wconf 82' lang='grc' dir='ltr'>τετιμημένους</span> <span class='ocrx_word' id='word_1_530' title='bbox 658 4148 674 4172; x_wconf 89' lang='grc'><strong><em>,</em></strong></span> <span class='ocrx_word' id='word_1_531' title='bbox 726 4110 971 4167; x_wconf 79' lang='grc' dir='ltr'>ἐντεῦθεν</span> <span class='ocrx_word' id='word_1_532' title='bbox 1037 4111 1297 4166; x_wconf 86' lang='grc' dir='ltr'>ἀναλῦσαι</span> <span class='ocrx_word' id='word_1_533' title='bbox 1351 4115 1546 4179; x_wconf 78' lang='grc' dir='ltr'>αὐτοὺς</span> <span class='ocrx_word' id='word_1_534' title='bbox 1571 4157 1585 4181; x_wconf 95' lang='grc'><strong><em>,</em></strong></span> <span class='ocrx_word' id='word_1_535' title='bbox 1633 4119 1798 4188; x_wconf 72' lang='grc' dir='ltr'>ἤγουν</span> 
     </span>
    </p>
   </div>
   <div class='ocr_carea' id='block_1_75' title="bbox 243 4197 1801 4274">
    <p class='ocr_par' dir='ltr' id='par_1_75' title="bbox 243 4197 1801 4274">
     <span class='ocr_line' id='line_1_75' title="bbox 243 4197 1801 4274; baseline 0.01 -23"><span class='ocrx_word' id='word_1_536' title='bbox 243 4197 531 4255; x_wconf 85' lang='grc' dir='ltr'>ἀποθανεῖν</span> <span class='ocrx_word' id='word_1_537' title='bbox 553 4216 567 4231; x_wconf 76' lang='grc' dir='ltr'><strong><em>ο</em></strong></span> <span class='ocrx_word' id='word_1_538' title='bbox 604 4201 696 4255; x_wconf 70' lang='grc' dir='ltr'><strong><em>καὶ</em></strong></span> <span class='ocrx_word' id='word_1_539' title='bbox 721 4203 847 4266; x_wconf 83' lang='grc' dir='ltr'>τοὺς</span> <span class='ocrx_word' id='word_1_540' title='bbox 874 4202 1062 4268; x_wconf 81' lang='grc' dir='ltr'>ἄλλους</span> <span class='ocrx_word' id='word_1_541' title='bbox 1097 4204 1152 4258; x_wconf 83' lang='grc' dir='ltr'>δὲ</span> <span class='ocrx_word' id='word_1_542' title='bbox 1185 4207 1513 4273; x_wconf 74' lang='grc' dir='ltr'>ἐκπεσόντας</span> <span class='ocrx_word' id='word_1_543' title='bbox 1549 4208 1677 4274; x_wconf 78' lang='grc' dir='ltr'>ἴσως</span> <span class='ocrx_word' id='word_1_544' title='bbox 1709 4213 1801 4266; x_wconf 78' lang='grc' dir='ltr'><strong><em>καὶ</em></strong></span> 
     </span>
    </p>
   </div>
   <div class='ocr_carea' id='block_1_76' title="bbox 246 4289 1800 4374">
    <p class='ocr_par' dir='ltr' id='par_1_76' title="bbox 246 4289 1800 4374">
     <span class='ocr_line' id='line_1_76' title="bbox 246 4289 1800 4374; baseline 0.01 -30"><span class='ocrx_word' id='word_1_545' title='bbox 246 4289 594 4362; x_wconf 87' lang='grc' dir='ltr'>βουλομένους</span> <span class='ocrx_word' id='word_1_546' title='bbox 616 4294 948 4367; x_wconf 68' lang='grc' dir='ltr'>ὑποστρέψαι</span> <span class='ocrx_word' id='word_1_547' title='bbox 980 4298 1061 4362; x_wconf 86' lang='grc' dir='ltr'><strong><em>είς</em></strong></span> <span class='ocrx_word' id='word_1_548' title='bbox 1082 4298 1143 4351; x_wconf 85' lang='grc' dir='ltr'><strong>τὸ</strong></span> <span class='ocrx_word' id='word_1_549' title='bbox 1162 4298 1388 4367; x_wconf 78' lang='grc' dir='ltr'>ἀγαθὸν,</span> <span class='ocrx_word' id='word_1_550' title='bbox 1417 4301 1800 4374; x_wconf 78' lang='grc' dir='ltr'>ἐκλελυμένους</span> 
     </span>
    </p>
   </div>
   <div class='ocr_carea' id='block_1_77' title="bbox 244 4381 1798 4464">
    <p class='ocr_par' dir='ltr' id='par_1_77' title="bbox 244 4381 1798 4464">
     <span class='ocr_line' id='line_1_77' title="bbox 244 4381 1798 4464; baseline 0.008 -29"><span class='ocrx_word' id='word_1_551' title='bbox 244 4381 380 4455; x_wconf 83' lang='grc' dir='ltr'>πρὸς</span> <span class='ocrx_word' id='word_1_552' title='bbox 404 4383 563 4437; x_wconf 86' lang='grc' dir='ltr'>τοῦτο</span> <span class='ocrx_word' id='word_1_553' title='bbox 589 4385 680 4439; x_wconf 72' lang='grc' dir='ltr'>καὶ</span> <span class='ocrx_word' id='word_1_554' title='bbox 707 4387 928 4458; x_wconf 83' lang='grc' dir='ltr'>ἀμελεῖς</span> <span class='ocrx_word' id='word_1_555' title='bbox 952 4390 1268 4461; x_wconf 88' lang='grc' dir='ltr'>ποιήσομεν,</span> <span class='ocrx_word' id='word_1_556' title='bbox 1305 4393 1798 4464; x_wconf 82' lang='grc' dir='ltr'>προφασιζομένους</span> 
     </span>
    </p>
   </div>
   <div class='ocr_carea' id='block_1_78' title="bbox 1903 3281 3465 3355">
    <p class='ocr_par' dir='ltr' id='par_1_78' title="bbox 1903 3281 3465 3355">
     <span class='ocr_line' id='line_1_78' title="bbox 1903 3281 3465 3355; baseline 0.003 -18"><span class='ocrx_word' id='word_1_557' title='bbox 1903 3281 2268 3347; x_wconf 82' lang='lat' dir='ltr'><strong><em>cereaudere,</em></strong></span> <span class='ocrx_word' id='word_1_558' title='bbox 2298 3297 2400 3338; x_wconf 90' lang='lat' dir='ltr'><strong><em>nec</em></strong></span> <span class='ocrx_word' id='word_1_559' title='bbox 2429 3297 2590 3353; x_wconf 85' lang='lat' dir='ltr'><strong><em>posse</em></strong></span> <span class='ocrx_word' id='word_1_560' title='bbox 2608 3283 2862 3349; x_wconf 87' lang='lat' dir='ltr'><strong><em>tolerare,</em></strong></span> <span class='ocrx_word' id='word_1_561' title='bbox 2889 3292 2946 3340; x_wconf 85' lang='lat' dir='ltr'><strong><em>et</em></strong></span> <span class='ocrx_word' id='word_1_562' title='bbox 2971 3293 3257 3355; x_wconf 86' lang='lat' dir='ltr'><strong><em>propterea</em></strong></span> <span class='ocrx_word' id='word_1_563' title='bbox 3286 3285 3354 3341; x_wconf 90' lang='lat' dir='ltr'><strong><em>de</em></strong></span> <span class='ocrx_word' id='word_1_564' title='bbox 3382 3287 3465 3342; x_wconf 84' lang='lat' dir='ltr'><strong><em>eis</em></strong></span> 
     </span>
    </p>
   </div>
   <div class='ocr_carea' id='block_1_79' title="bbox 1903 3371 3463 3447">
    <p class='ocr_par' dir='ltr' id='par_1_79' title="bbox 1903 3371 3463 3447">
     <span class='ocr_line' id='line_1_79' title="bbox 1903 3371 3463 3447; baseline 0.003 -21"><span class='ocrx_word' id='word_1_565' title='bbox 1903 3372 2212 3443; x_wconf 86' lang='lat' dir='ltr'><strong><em>triumphus</em></strong></span> <span class='ocrx_word' id='word_1_566' title='bbox 2243 3382 2395 3430; x_wconf 90' lang='lat' dir='ltr'><strong><em>actus</em></strong></span> <span class='ocrx_word' id='word_1_567' title='bbox 2446 3371 2573 3444; x_wconf 90' lang='lat' dir='ltr'><strong><em>est),</em></strong></span> <span class='ocrx_word' id='word_1_568' title='bbox 2617 3389 2725 3428; x_wconf 90' lang='lat' dir='ltr'><strong><em>non</em></strong></span> <span class='ocrx_word' id='word_1_569' title='bbox 2781 3385 3010 3444; x_wconf 87' lang='lat' dir='ltr'><strong><em>possunt</em></strong></span> <span class='ocrx_word' id='word_1_570' title='bbox 3047 3376 3281 3447; x_wconf 89' lang='lat' dir='ltr'><strong><em>amplius</em></strong></span> <span class='ocrx_word' id='word_1_571' title='bbox 3306 3388 3463 3430; x_wconf 87' lang='lat' dir='ltr'><strong><em>sacra</em></strong></span> 
     </span>
    </p>
   </div>
   <div class='ocr_carea' id='block_1_80' title="bbox 1901 3463 3466 3540">
    <p class='ocr_par' dir='ltr' id='par_1_80' title="bbox 1901 3463 3466 3540">
     <span class='ocr_line' id='line_1_80' title="bbox 1901 3463 3466 3540; baseline 0.005 -23"><span class='ocrx_word' id='word_1_572' title='bbox 1901 3464 2203 3519; x_wconf 87' lang='lat' dir='ltr'><strong><em>ministeria</em></strong></span> <span class='ocrx_word' id='word_1_573' title='bbox 2220 3463 2394 3519; x_wconf 87' lang='lat' dir='ltr'><strong><em>obire.</em></strong></span> <span class='ocrx_word' id='word_1_574' title='bbox 2407 3463 2770 3531; x_wconf 84' lang='lat' dir='ltr'><strong><em>Quamobrem</em></strong></span> <span class='ocrx_word' id='word_1_575' title='bbox 2792 3467 2964 3538; x_wconf 79' lang='lat' dir='ltr'><strong><em>magis</em></strong></span> <span class='ocrx_word' id='word_1_576' title='bbox 2980 3478 3175 3524; x_wconf 88' lang='lat' dir='ltr'><strong><em>curent</em></strong></span> <span class='ocrx_word' id='word_1_577' title='bbox 3191 3468 3466 3540; x_wconf 85' lang='lat' dir='ltr'><strong><em>quomodo</em></strong></span> 
     </span>
    </p>
   </div>
   <div class='ocr_carea' id='block_1_81' title="bbox 1902 3553 3465 3627">
    <p class='ocr_par' dir='ltr' id='par_1_81' title="bbox 1902 3553 3465 3627">
     <span class='ocr_line' id='line_1_81' title="bbox 1902 3553 3465 3627; baseline 0.003 -18"><span class='ocrx_word' id='word_1_578' title='bbox 1902 3554 2301 3611; x_wconf 86' lang='lat' dir='ltr'><strong><em>confessionem</em></strong></span> <span class='ocrx_word' id='word_1_579' title='bbox 2328 3553 2382 3608; x_wconf 92' lang='lat' dir='ltr'><strong><em>in</em></strong></span> <span class='ocrx_word' id='word_1_580' title='bbox 2419 3554 2725 3610; x_wconf 88' lang='lat' dir='ltr'><strong><em>humilitate</em></strong></span> <span class='ocrx_word' id='word_1_581' title='bbox 2780 3564 3061 3627; x_wconf 87' lang='lat' dir='ltr'><strong><em>peragant,</em></strong></span> <span class='ocrx_word' id='word_1_582' title='bbox 3123 3566 3403 3615; x_wconf 88' lang='lat' dir='ltr'><strong><em>cessantes</em></strong></span> <span class='ocrx_word' id='word_1_583' title='bbox 3433 3574 3465 3614; x_wconf 86' lang='lat' dir='ltr'><strong><em>a</em></strong></span> 
     </span>
    </p>
   </div>
   <div class='ocr_carea' id='block_1_82' title="bbox 1901 3646 3467 3718">
    <p class='ocr_par' dir='ltr' id='par_1_82' title="bbox 1901 3646 3467 3718">
     <span class='ocr_line' id='line_1_82' title="bbox 1901 3646 3467 3718; baseline 0.001 -17"><span class='ocrx_word' id='word_1_584' title='bbox 1901 3662 2039 3702; x_wconf 82' lang='lat' dir='ltr'><strong><em>vana</em></strong></span> <span class='ocrx_word' id='word_1_585' title='bbox 2068 3646 2240 3718; x_wconf 87' lang='lat' dir='ltr'><strong><em>gloria</em></strong></span> <span class='ocrx_word' id='word_1_586' title='bbox 2283 3661 2497 3701; x_wconf 86' lang='lat' dir='ltr'><strong><em>sacrum</em></strong></span> <span class='ocrx_word' id='word_1_587' title='bbox 2528 3647 2894 3702; x_wconf 85' lang='lat' dir='ltr'><strong><em>ministerium</em></strong></span> <span class='ocrx_word' id='word_1_588' title='bbox 2947 3648 3163 3718; x_wconf 89' lang='lat' dir='ltr'><strong><em>petendi</em></strong></span> <span class='ocrx_word' id='word_1_589' title='bbox 3199 3669 3213 3705; x_wconf 90' lang='lat'><strong>:</strong></span> <span class='ocrx_word' id='word_1_590' title='bbox 3269 3648 3467 3705; x_wconf 75' lang='lat' dir='ltr'><strong><em>suﬁicit</em></strong></span> 
     </span>
    </p>
   </div>
   <div class='ocr_carea' id='block_1_83' title="bbox 1900 3736 3465 3812">
    <p class='ocr_par' dir='ltr' id='par_1_83' title="bbox 1900 3736 3465 3812">
     <span class='ocr_line' id='line_1_83' title="bbox 1900 3736 3465 3812; baseline 0.001 -18"><span class='ocrx_word' id='word_1_591' title='bbox 1900 3739 2044 3794; x_wconf 88' lang='lat' dir='ltr'><strong><em>enim</em></strong></span> <span class='ocrx_word' id='word_1_592' title='bbox 2086 3739 2167 3794; x_wconf 88' lang='lat' dir='ltr'><strong><em>eis</em></strong></span> <span class='ocrx_word' id='word_1_593' title='bbox 2200 3753 2323 3792; x_wconf 92' lang='lat' dir='ltr'><strong><em>cum</em></strong></span> <span class='ocrx_word' id='word_1_594' title='bbox 2354 3736 2608 3792; x_wconf 84' lang='lat' dir='ltr'><strong><em>ﬁdelibus</em></strong></span> <span class='ocrx_word' id='word_1_595' title='bbox 2630 3738 2965 3803; x_wconf 87' lang='lat' dir='ltr'><strong><em>communio,</em></strong></span> <span class='ocrx_word' id='word_1_596' title='bbox 2996 3754 3118 3810; x_wconf 61' lang='lat' dir='ltr'><strong><em>quae</em></strong></span> <span class='ocrx_word' id='word_1_597' title='bbox 3152 3739 3211 3794; x_wconf 87' lang='lat' dir='ltr'><strong><em>fit</em></strong></span> <span class='ocrx_word' id='word_1_598' title='bbox 3244 3749 3465 3812; x_wconf 84' lang='lat' dir='ltr'><strong><em>propter</em></strong></span> 
     </span>
    </p>
   </div>
   <div class='ocr_carea' id='block_1_84' title="bbox 1901 3829 3463 3902">
    <p class='ocr_par' dir='ltr' id='par_1_84' title="bbox 1901 3829 3463 3902">
     <span class='ocr_line' id='line_1_84' title="bbox 1901 3829 3463 3902; baseline 0.001 -16"><span class='ocrx_word' id='word_1_599' title='bbox 1901 3831 2031 3895; x_wconf 87' lang='lat' dir='ltr'><strong><em>duo,</em></strong></span> <span class='ocrx_word' id='word_1_600' title='bbox 2061 3829 2305 3902; x_wconf 83' lang='lat' dir='ltr'><strong><em>diligenti</em></strong></span> <span class='ocrx_word' id='word_1_601' title='bbox 2335 3830 2587 3885; x_wconf 86' lang='lat' dir='ltr'><strong><em>cautione</em></strong></span> <span class='ocrx_word' id='word_1_602' title='bbox 2617 3840 2877 3900; x_wconf 72' lang='lat' dir='ltr'><strong><em>remoque</em></strong></span> <span class='ocrx_word' id='word_1_603' title='bbox 2902 3830 3158 3887; x_wconf 88' lang='lat' dir='ltr'><strong><em>consilio.</em></strong></span> <span class='ocrx_word' id='word_1_604' title='bbox 3210 3829 3265 3886; x_wconf 86' lang='lat' dir='ltr'><strong><em>Si</em></strong></span> <span class='ocrx_word' id='word_1_605' title='bbox 3317 3833 3463 3888; x_wconf 89' lang='lat' dir='ltr'><strong><em>enim</em></strong></span> 
     </span>
    </p>
   </div>
   <div class='ocr_carea' id='block_1_85' title="bbox 1900 3922 3466 4006">
    <p class='ocr_par' dir='ltr' id='par_1_85' title="bbox 1900 3922 3466 4006">
     <span class='ocr_line' id='line_1_85' title="bbox 1900 3922 3466 4006; baseline -0.001 -26"><span class='ocrx_word' id='word_1_606' title='bbox 1900 3925 2196 3981; x_wconf 77' lang='lat' dir='ltr'><strong><em>dixerimus</em></strong></span> <span class='ocrx_word' id='word_1_607' title='bbox 2246 3939 2347 3979; x_wconf 87' lang='lat' dir='ltr'><strong><em>nos</em></strong></span> <span class='ocrx_word' id='word_1_608' title='bbox 2394 3939 2489 3978; x_wconf 87' lang='lat' dir='ltr'><strong><em>eos</em></strong></span> <span class='ocrx_word' id='word_1_609' title='bbox 2523 3938 2630 3977; x_wconf 91' lang='lat' dir='ltr'><strong><em>non</em></strong></span> <span class='ocrx_word' id='word_1_610' title='bbox 2657 3922 2857 3979; x_wconf 85' lang='lat' dir='ltr'><strong><em>habere</em></strong></span> <span class='ocrx_word' id='word_1_611' title='bbox 2881 3938 2981 3995; x_wconf 90' lang='lat' dir='ltr'><strong><em>pro</em></strong></span> <span class='ocrx_word' id='word_1_612' title='bbox 3011 3925 3466 4006; x_wconf 72' lang='lat' dir='ltr'><strong><em>communicanti-</em></strong></span> 
     </span>
    </p>
   </div>
   <div class='ocr_carea' id='block_1_86' title="bbox 1900 4015 3463 4089">
    <p class='ocr_par' dir='ltr' id='par_1_86' title="bbox 1900 4015 3463 4089">
     <span class='ocr_line' id='line_1_86' title="bbox 1900 4015 3463 4089; baseline -0.001 -17"><span class='ocrx_word' id='word_1_613' title='bbox 1900 4017 2024 4082; x_wconf 86' lang='lat' dir='ltr'><strong><em>bus,</em></strong></span> <span class='ocrx_word' id='word_1_614' title='bbox 2053 4025 2107 4071; x_wconf 88' lang='lat' dir='ltr'><strong><em>et</em></strong></span> <span class='ocrx_word' id='word_1_615' title='bbox 2129 4030 2224 4071; x_wconf 89' lang='lat' dir='ltr'><strong><em>eos</em></strong></span> <span class='ocrx_word' id='word_1_616' title='bbox 2253 4016 2501 4072; x_wconf 86' lang='lat' dir='ltr'><strong><em>molestia</em></strong></span> <span class='ocrx_word' id='word_1_617' title='bbox 2531 4015 2830 4072; x_wconf 61' lang='lat' dir='ltr'><strong><em>allicit-imus</em></strong></span> <span class='ocrx_word' id='word_1_618' title='bbox 2851 4025 3106 4089; x_wconf 86' lang='lat' dir='ltr'><strong><em>tanquam</em></strong></span> <span class='ocrx_word' id='word_1_619' title='bbox 3136 4017 3463 4072; x_wconf 88' lang='lat' dir='ltr'><strong><em>sententiam</em></strong></span> 
     </span>
    </p>
   </div>
   <div class='ocr_carea' id='block_1_87' title="bbox 1901 4109 3462 4178">
    <p class='ocr_par' dir='ltr' id='par_1_87' title="bbox 1901 4109 3462 4178">
     <span class='ocr_line' id='line_1_87' title="bbox 1901 4109 3462 4178; baseline 0.001 -13"><span class='ocrx_word' id='word_1_620' title='bbox 1901 4110 2159 4178; x_wconf 87' lang='lat' dir='ltr'><strong><em>ferentes,</em></strong></span> <span class='ocrx_word' id='word_1_621' title='bbox 2187 4126 2303 4176; x_wconf 90' lang='lat' dir='ltr'><strong><em>eos,</em></strong></span> <span class='ocrx_word' id='word_1_622' title='bbox 2340 4113 2412 4177; x_wconf 74' lang='lat' dir='ltr'><strong><em>vi,</em></strong></span> <span class='ocrx_word' id='word_1_623' title='bbox 2451 4126 2549 4165; x_wconf 89' lang='lat' dir='ltr'><strong><em>seu</em></strong></span> <span class='ocrx_word' id='word_1_624' title='bbox 2575 4109 2890 4177; x_wconf 88' lang='lat' dir='ltr'><strong><em>mulctatos,</em></strong></span> <span class='ocrx_word' id='word_1_625' title='bbox 2920 4110 3050 4166; x_wconf 90' lang='lat' dir='ltr'><strong><em>binc</em></strong></span> <span class='ocrx_word' id='word_1_626' title='bbox 3086 4112 3330 4178; x_wconf 80' lang='lat' dir='ltr'><strong><em>dissolvi,</em></strong></span> <span class='ocrx_word' id='word_1_627' title='bbox 3365 4129 3462 4169; x_wconf 89' lang='lat' dir='ltr'><strong><em>seu</em></strong></span> 
     </span>
    </p>
   </div>
   <div class='ocr_carea' id='block_1_88' title="bbox 1900 4201 3463 4275">
    <p class='ocr_par' dir='ltr' id='par_1_88' title="bbox 1900 4201 3463 4275">
     <span class='ocr_line' id='line_1_88' title="bbox 1900 4201 3463 4275; baseline 0.003 -19"><span class='ocrx_word' id='word_1_628' title='bbox 1900 4202 2072 4270; x_wconf 90' lang='lat' dir='ltr'><strong><em>mori;</em></strong></span> <span class='ocrx_word' id='word_1_629' title='bbox 2102 4211 2156 4257; x_wconf 87' lang='lat' dir='ltr'><strong><em>et</em></strong></span> <span class='ocrx_word' id='word_1_630' title='bbox 2185 4202 2323 4257; x_wconf 89' lang='lat' dir='ltr'><strong><em>alios</em></strong></span> <span class='ocrx_word' id='word_1_631' title='bbox 2357 4217 2576 4273; x_wconf 89' lang='lat' dir='ltr'><strong><em>quoque</em></strong></span> <span class='ocrx_word' id='word_1_632' title='bbox 2605 4201 2698 4273; x_wconf 90' lang='lat' dir='ltr'><strong><em>qui</em></strong></span> <span class='ocrx_word' id='word_1_633' title='bbox 2758 4202 2991 4259; x_wconf 81' lang='lat' dir='ltr'><strong><em>fortasse</em></strong></span> <span class='ocrx_word' id='word_1_634' title='bbox 3033 4204 3172 4275; x_wconf 90' lang='lat' dir='ltr'><strong><em>lapsi</em></strong></span> <span class='ocrx_word' id='word_1_635' title='bbox 3220 4212 3377 4272; x_wconf 91' lang='lat' dir='ltr'><strong><em>sunt,</em></strong></span> <span class='ocrx_word' id='word_1_636' title='bbox 3408 4212 3463 4260; x_wconf 89' lang='lat' dir='ltr'><strong><em>et</em></strong></span> 
     </span>
    </p>
   </div>
   <div class='ocr_carea' id='block_1_89' title="bbox 1899 4293 3464 4364">
    <p class='ocr_par' dir='ltr' id='par_1_89' title="bbox 1899 4293 3464 4364">
     <span class='ocr_line' id='line_1_89' title="bbox 1899 4293 3464 4364; baseline 0.003 -15"><span class='ocrx_word' id='word_1_637' title='bbox 1899 4295 2085 4351; x_wconf 87' lang='lat' dir='ltr'><strong><em>volunt</em></strong></span> <span class='ocrx_word' id='word_1_638' title='bbox 2113 4293 2181 4348; x_wconf 84' lang='lat' dir='ltr'><strong><em>ad</em></strong></span> <span class='ocrx_word' id='word_1_639' title='bbox 2211 4295 2356 4364; x_wconf 91' lang='lat' dir='ltr'><strong><em>quod</em></strong></span> <span class='ocrx_word' id='word_1_640' title='bbox 2388 4295 2590 4349; x_wconf 87' lang='lat' dir='ltr'><strong><em>bonum</em></strong></span> <span class='ocrx_word' id='word_1_641' title='bbox 2618 4303 2702 4349; x_wconf 89' lang='lat' dir='ltr'><strong><em>est</em></strong></span> <span class='ocrx_word' id='word_1_642' title='bbox 2732 4293 2934 4360; x_wconf 87' lang='lat' dir='ltr'><strong><em>redire,</em></strong></span> <span class='ocrx_word' id='word_1_643' title='bbox 2970 4296 3233 4353; x_wconf 87' lang='lat' dir='ltr'><strong><em>remissos</em></strong></span> <span class='ocrx_word' id='word_1_644' title='bbox 3261 4297 3328 4352; x_wconf 88' lang='lat' dir='ltr'><strong><em>ad</em></strong></span> <span class='ocrx_word' id='word_1_645' title='bbox 3357 4297 3464 4354; x_wconf 87' lang='lat' dir='ltr'><strong><em>hoc</em></strong></span> 
     </span>
    </p>
   </div>
   <div class='ocr_carea' id='block_1_90' title="bbox 1896 4384 3460 4457">
    <p class='ocr_par' dir='ltr' id='par_1_90' title="bbox 1896 4384 3460 4457">
     <span class='ocr_line' id='line_1_90' title="bbox 1896 4384 3460 4457; baseline 0.003 -16"><span class='ocrx_word' id='word_1_646' title='bbox 1896 4394 1952 4441; x_wconf 90' lang='lat' dir='ltr'><strong><em>et</em></strong></span> <span class='ocrx_word' id='word_1_647' title='bbox 1970 4386 2300 4457; x_wconf 88' lang='lat' dir='ltr'><strong><em>negligentes</em></strong></span> <span class='ocrx_word' id='word_1_648' title='bbox 2327 4384 2645 4451; x_wconf 81' lang='lat' dir='ltr'><strong><em>elIiciemus,</em></strong></span> <span class='ocrx_word' id='word_1_649' title='bbox 2679 4396 2970 4443; x_wconf 81' lang='lat' dir='ltr'><strong><em>causantes</em></strong></span> <span class='ocrx_word' id='word_1_650' title='bbox 2991 4403 3051 4443; x_wconf 90' lang='lat' dir='ltr'><strong><em>se</em></strong></span> <span class='ocrx_word' id='word_1_651' title='bbox 3078 4387 3329 4445; x_wconf 91' lang='lat' dir='ltr'><strong><em>fidelibus</em></strong></span> <span class='ocrx_word' id='word_1_652' title='bbox 3350 4405 3460 4445; x_wconf 87' lang='lat' dir='ltr'><strong><em>non</em></strong></span> 
     </span>
    </p>
   </div>
   <div class='ocr_carea' id='block_1_91' title="bbox 242 4475 1803 4561">
    <p class='ocr_par' dir='ltr' id='par_1_91' title="bbox 242 4475 1794 4553">
     <span class='ocr_line' id='line_1_91' title="bbox 242 4475 1794 4553; baseline 0.01 -27"><span class='ocrx_word' id='word_1_653' title='bbox 242 4475 300 4528; x_wconf 78' lang='grc' dir='ltr'><strong><em>τὸ</em></strong></span> <span class='ocrx_word' id='word_1_654' title='bbox 331 4475 405 4548; x_wconf 77' lang='grc' dir='ltr'><strong><em>μή</em></strong></span> <span class='ocrx_word' id='word_1_655' title='bbox 434 4477 646 4545; x_wconf 88' lang='grc' dir='ltr'>μέλλειν</span> <span class='ocrx_word' id='word_1_656' title='bbox 668 4479 862 4543; x_wconf 78' lang='grc' dir='ltr'>αὐτοὺς</span> <span class='ocrx_word' id='word_1_657' title='bbox 889 4476 1032 4534; x_wconf 76' lang='grc' dir='ltr'>εἴναι</span> <span class='ocrx_word' id='word_1_658' title='bbox 1059 4484 1403 4549; x_wconf 80' lang='grc' dir='ltr'>κοινωνικοὺς</span> <span class='ocrx_word' id='word_1_659' title='bbox 1428 4488 1541 4550; x_wconf 85' lang='grc' dir='ltr'>τοῖς</span> <span class='ocrx_word' id='word_1_660' title='bbox 1567 4490 1794 4553; x_wconf 86' lang='grc' dir='ltr'>πιστοῖς,</span> 
     </span>
    </p>
   </div>
   <div class='ocr_carea' id='block_1_92' title="bbox 1903 4475 3460 4561">
    <p class='ocr_par' dir='ltr' id='par_1_92' title="bbox 1903 4477 3460 4551">
     <span class='ocr_line' id='line_1_92' title="bbox 1903 4477 3460 4551; baseline 0.002 -16"><span class='ocrx_word' id='word_1_661' title='bbox 1903 4493 2022 4535; x_wconf 83' lang='lat' dir='ltr'><strong><em>esse</em></strong></span> <span class='ocrx_word' id='word_1_662' title='bbox 2050 4477 2555 4534; x_wconf 87' lang='lat' dir='ltr'><strong><em>communicaturos</em></strong></span> <span class='ocrx_word' id='word_1_663' title='bbox 2579 4518 2593 4541; x_wconf 88' lang='lat'><strong><em>,</em></strong></span> <span class='ocrx_word' id='word_1_664' title='bbox 2639 4477 2853 4535; x_wconf 88' lang='lat' dir='ltr'><strong><em>etiamsi</em></strong></span> <span class='ocrx_word' id='word_1_665' title='bbox 2901 4488 3026 4550; x_wconf 88' lang='lat' dir='ltr'><strong><em>post</em></strong></span> <span class='ocrx_word' id='word_1_666' title='bbox 3055 4480 3265 4551; x_wconf 90' lang='lat' dir='ltr'><strong><em>lapsum</em></strong></span> <span class='ocrx_word' id='word_1_667' title='bbox 3297 4481 3460 4538; x_wconf 76' lang='lat' dir='ltr'><strong><em>fidem</em></strong></span> 
     </span>
    </p>
   </div>
   <div class='ocr_carea' id='block_1_93' title="bbox 244 4565 1791 4648">
    <p class='ocr_par' dir='ltr' id='par_1_93' title="bbox 244 4565 1791 4648">
     <span class='ocr_line' id='line_1_93' title="bbox 244 4565 1791 4648; baseline 0.01 -30"><span class='ocrx_word' id='word_1_668' title='bbox 244 4565 342 4622; x_wconf 75' lang='grc' dir='ltr'>κᾶν</span> <span class='ocrx_word' id='word_1_669' title='bbox 387 4567 756 4639; x_wconf 83' lang='grc' dir='ltr'>ὁμολογήσωσι</span> <span class='ocrx_word' id='word_1_670' title='bbox 802 4570 902 4643; x_wconf 76' lang='grc' dir='ltr'><strong><em>τὴν</em></strong></span> <span class='ocrx_word' id='word_1_671' title='bbox 949 4573 1130 4628; x_wconf 86' lang='grc' dir='ltr'>πίστιν</span> <span class='ocrx_word' id='word_1_672' title='bbox 1173 4574 1309 4645; x_wconf 84' lang='grc' dir='ltr'><strong><em>μετά</em></strong></span> <span class='ocrx_word' id='word_1_673' title='bbox 1356 4578 1456 4648; x_wconf 77' lang='grc' dir='ltr'>τὴν</span> <span class='ocrx_word' id='word_1_674' title='bbox 1489 4578 1791 4634; x_wconf 70' lang='grc' dir='ltr'>ἔκπτωσιν*</span> 
     </span>
    </p>
   </div>
   <div class='ocr_carea' id='block_1_94' title="bbox 241 4656 1797 4732">
    <p class='ocr_par' dir='ltr' id='par_1_94' title="bbox 241 4656 1797 4732">
     <span class='ocr_line' id='line_1_94' title="bbox 241 4656 1797 4732; baseline 0.01 -23"><span class='ocrx_word' id='word_1_675' title='bbox 241 4656 450 4723; x_wconf 79' lang='grc' dir='ltr'>οῖτινες,</span> <span class='ocrx_word' id='word_1_676' title='bbox 484 4659 556 4731; x_wconf 78' lang='grc' dir='ltr'>μὴ</span> <span class='ocrx_word' id='word_1_677' title='bbox 587 4661 1021 4732; x_wconf 78' lang='grc' dir='ltr'>ἐπιστρέφοντες,</span> <span class='ocrx_word' id='word_1_678' title='bbox 1064 4664 1223 4718; x_wconf 83' lang='grc' dir='ltr'>πλέον</span> <span class='ocrx_word' id='word_1_679' title='bbox 1251 4668 1505 4723; x_wconf 83' lang='grc' dir='ltr'>ἁπάντων</span> <span class='ocrx_word' id='word_1_680' title='bbox 1544 4670 1629 4724; x_wconf 81' lang='grc' dir='ltr'>ἵνα</span> <span class='ocrx_word' id='word_1_681' title='bbox 1659 4672 1797 4724; x_wconf 80' lang='grc' dir='ltr'>ὀνει-</span> 
     </span>
    </p>
   </div>
   <div class='ocr_carea' id='block_1_95' title="bbox 242 4748 1795 4834">
    <p class='ocr_par' dir='ltr' id='par_1_95' title="bbox 242 4748 1795 4834">
     <span class='ocr_line' id='line_1_95' title="bbox 242 4748 1795 4834; baseline 0.01 -33"><span class='ocrx_word' id='word_1_682' title='bbox 242 4748 458 4804; x_wconf 85' lang='grc' dir='ltr'>δισθῶσι</span> <span class='ocrx_word' id='word_1_683' title='bbox 475 4751 568 4805; x_wconf 80' lang='grc' dir='ltr'>καὶ</span> <span class='ocrx_word' id='word_1_684' title='bbox 588 4751 943 4823; x_wconf 81' lang='grc' dir='ltr'>αἰσχυνθῶσιί</span> <span class='ocrx_word' id='word_1_685' title='bbox 967 4755 1111 4811; x_wconf 86' lang='grc' dir='ltr'><strong><em>καθά</em></strong></span> <span class='ocrx_word' id='word_1_686' title='bbox 1131 4755 1191 4828; x_wconf 70' lang='grc' dir='ltr'><strong><em>(Γ.</em></strong></span> <span class='ocrx_word' id='word_1_687' title='bbox 1213 4757 1372 4829; x_wconf 77' lang='grc' dir='ltr'>κατὰ)</span> <span class='ocrx_word' id='word_1_688' title='bbox 1384 4760 1474 4814; x_wconf 85' lang='grc' dir='ltr'>τὸν</span> <span class='ocrx_word' id='word_1_689' title='bbox 1496 4763 1795 4834; x_wconf 85' lang='grc' dir='ltr'>ποιήσαντα</span> 
     </span>
    </p>
   </div>
   <div class='ocr_carea' id='block_1_96' title="bbox 245 4839 1793 4925">
    <p class='ocr_par' dir='ltr' id='par_1_96' title="bbox 245 4839 1793 4925">
     <span class='ocr_line' id='line_1_96' title="bbox 245 4839 1793 4925; baseline 0.011 -34"><span class='ocrx_word' id='word_1_690' title='bbox 245 4840 339 4908; x_wconf 85' lang='grc' dir='ltr'>μὲν</span> <span class='ocrx_word' id='word_1_691' title='bbox 363 4839 642 4912; x_wconf 81' lang='grc' dir='ltr'>θεμέλιον,</span> <span class='ocrx_word' id='word_1_692' title='bbox 673 4843 747 4915; x_wconf 84' lang='grc' dir='ltr'>μὴ</span> <span class='ocrx_word' id='word_1_693' title='bbox 779 4844 1139 4917; x_wconf 80' lang='grc' dir='ltr'>πληρώσαντα</span> <span class='ocrx_word' id='word_1_694' title='bbox 1162 4845 1218 4900; x_wconf 79' lang='grc' dir='ltr'>δὲ</span> <span class='ocrx_word' id='word_1_695' title='bbox 1233 4847 1455 4920; x_wconf 71' lang='grc' dir='ltr'>οἴκημα.</span> <span class='ocrx_word' id='word_1_696' title='bbox 1477 4850 1661 4923; x_wconf 86' lang='grc' dir='ltr'>Τούτῳ</span> <span class='ocrx_word' id='word_1_697' title='bbox 1687 4852 1793 4925; x_wconf 86' lang='grc' dir='ltr'><strong><em>γὰρ</em></strong></span> 
     </span>
    </p>
   </div>
   <div class='ocr_carea' id='block_1_97' title="bbox 242 4930 1791 5015">
    <p class='ocr_par' dir='ltr' id='par_1_97' title="bbox 242 4930 1791 5015">
     <span class='ocr_line' id='line_1_97' title="bbox 242 4930 1791 5015; baseline 0.011 -34"><span class='ocrx_word' id='word_1_698' title='bbox 242 4930 472 4986; x_wconf 78' lang='grc' dir='ltr'>ἐοίκασιν</span> <span class='ocrx_word' id='word_1_699' title='bbox 508 4933 558 4986; x_wconf 85' lang='grc' dir='ltr'>οί</span> <span class='ocrx_word' id='word_1_700' title='bbox 600 4935 733 5006; x_wconf 81' lang='grc' dir='ltr'>πρὸς</span> <span class='ocrx_word' id='word_1_701' title='bbox 762 4935 1026 5006; x_wconf 89' lang='grc' dir='ltr'>βασάνους</span> <span class='ocrx_word' id='word_1_702' title='bbox 1057 4939 1518 5011; x_wconf 80' lang='grc' dir='ltr'>αὐτομολήσαντες</span> <span class='ocrx_word' id='word_1_703' title='bbox 1566 4944 1663 5015; x_wconf 79' lang='grc' dir='ltr'>μὲν</span> <span class='ocrx_word' id='word_1_704' title='bbox 1705 4944 1791 4998; x_wconf 77' lang='grc' dir='ltr'><strong><em>διὰ</em></strong></span> 
     </span>
    </p>
   </div>
   <div class='ocr_carea' id='block_1_98' title="bbox 243 5021 1791 5102">
    <p class='ocr_par' dir='ltr' id='par_1_98' title="bbox 243 5021 1791 5102">
     <span class='ocr_line' id='line_1_98' title="bbox 243 5021 1791 5102; baseline 0.007 -29"><span class='ocrx_word' id='word_1_705' title='bbox 243 5021 467 5093; x_wconf 75' lang='grc' dir='ltr'>Χριστὸν</span> <span class='ocrx_word' id='word_1_706' title='bbox 508 5023 603 5076; x_wconf 78' lang='grc' dir='ltr'>καὶ</span> <span class='ocrx_word' id='word_1_707' title='bbox 641 5024 802 5079; x_wconf 75' lang='grc' dir='ltr'>οἱονεὶ</span> <span class='ocrx_word' id='word_1_708' title='bbox 834 5026 996 5080; x_wconf 83' lang='grc' dir='ltr'>καλὸν</span> <span class='ocrx_word' id='word_1_709' title='bbox 1044 5026 1258 5098; x_wconf 70' lang='grc' dir='ltr'>θέμενοι</span> <span class='ocrx_word' id='word_1_710' title='bbox 1287 5027 1560 5099; x_wconf 78' lang='grc' dir='ltr'>θεμέλιον,</span> <span class='ocrx_word' id='word_1_711' title='bbox 1596 5030 1670 5102; x_wconf 79' lang='grc' dir='ltr'>μὴ</span> <span class='ocrx_word' id='word_1_712' title='bbox 1699 5031 1791 5085; x_wconf 89' lang='grc' dir='ltr'>δυ-</span> 
     </span>
    </p>
   </div>
   <div class='ocr_carea' id='block_1_99' title="bbox 241 5113 1788 5194">
    <p class='ocr_par' dir='ltr' id='par_1_99' title="bbox 241 5113 1788 5194">
     <span class='ocr_line' id='line_1_99' title="bbox 241 5113 1788 5194; baseline 0.008 -27"><span class='ocrx_word' id='word_1_713' title='bbox 241 5113 485 5185; x_wconf 81' lang='grc' dir='ltr'>νηθέντες</span> <span class='ocrx_word' id='word_1_714' title='bbox 512 5114 569 5168; x_wconf 80' lang='grc' dir='ltr'>δὲ</span> <span class='ocrx_word' id='word_1_715' title='bbox 609 5117 890 5171; x_wconf 85' lang='grc' dir='ltr'>τελειῶσαι</span> <span class='ocrx_word' id='word_1_716' title='bbox 918 5118 978 5173; x_wconf 79' lang='grc' dir='ltr'>τὸ</span> <span class='ocrx_word' id='word_1_717' title='bbox 1020 5118 1183 5174; x_wconf 83' lang='grc' dir='ltr'>καλὸν</span> <span class='ocrx_word' id='word_1_718' title='bbox 1230 5120 1316 5175; x_wconf 79' lang='grc' dir='ltr'><strong><em>διὰ</em></strong></span> <span class='ocrx_word' id='word_1_719' title='bbox 1363 5123 1461 5194; x_wconf 77' lang='grc' dir='ltr'>τὴν</span> <span class='ocrx_word' id='word_1_720' title='bbox 1501 5121 1788 5179; x_wconf 75' lang='grc' dir='ltr'>ἔκπτωσιν.</span> 
     </span>
    </p>
   </div>
   <div class='ocr_carea' id='block_1_100' title="bbox 242 5204 1791 5286">
    <p class='ocr_par' dir='ltr' id='par_1_100' title="bbox 242 5204 1791 5286">
     <span class='ocr_line' id='line_1_100' title="bbox 242 5204 1791 5286; baseline 0.01 -31"><span class='ocrx_word' id='word_1_721' title='bbox 242 5204 542 5276; x_wconf 84' lang='grc' dir='ltr'>Σημείωσαι</span> <span class='ocrx_word' id='word_1_722' title='bbox 592 5204 718 5274; x_wconf 84' lang='grc' dir='ltr'>οὖν,</span> <span class='ocrx_word' id='word_1_723' title='bbox 745 5210 826 5264; x_wconf 87' lang='grc' dir='ltr'>ὃτι</span> <span class='ocrx_word' id='word_1_724' title='bbox 870 5211 987 5264; x_wconf 78' lang='grc' dir='ltr'>οὐδὲ</span> <span class='ocrx_word' id='word_1_725' title='bbox 1034 5213 1066 5282; x_wconf 84' lang='grc' dir='ltr'><strong><em>ή</em></strong></span> <span class='ocrx_word' id='word_1_726' title='bbox 1117 5212 1206 5266; x_wconf 82' lang='grc' dir='ltr'><strong><em>διὰ</em></strong></span> <span class='ocrx_word' id='word_1_727' title='bbox 1261 5213 1493 5284; x_wconf 82' lang='grc' dir='ltr'>Χριστὸν</span> <span class='ocrx_word' id='word_1_728' title='bbox 1536 5214 1791 5286; x_wconf 85' lang='grc' dir='ltr'>ὁμολογία</span> 
     </span>
    </p>
   </div>
   <div class='ocr_carea' id='block_1_101' title="bbox 241 5295 1791 5377">
    <p class='ocr_par' dir='ltr' id='par_1_101' title="bbox 241 5295 1791 5377">
     <span class='ocr_line' id='line_1_101' title="bbox 241 5295 1791 5377; baseline 0.007 -29"><span class='ocrx_word' id='word_1_729' title='bbox 241 5295 569 5370; x_wconf 80' lang='grc' dir='ltr'>άποκαθιστᾷ</span> <span class='ocrx_word' id='word_1_730' title='bbox 598 5299 690 5354; x_wconf 82' lang='grc' dir='ltr'><strong><em>τὸν</em></strong></span> <span class='ocrx_word' id='word_1_731' title='bbox 729 5301 875 5367; x_wconf 79' lang='grc' dir='ltr'>ἅπαξ</span> <span class='ocrx_word' id='word_1_732' title='bbox 916 5306 982 5356; x_wconf 74' lang='grc' dir='ltr'>ἐκ</span> <span class='ocrx_word' id='word_1_733' title='bbox 1023 5303 1117 5356; x_wconf 90' lang='grc' dir='ltr'><strong><em>τοῦ</em></strong></span> <span class='ocrx_word' id='word_1_734' title='bbox 1151 5305 1350 5377; x_wconf 81' lang='grc' dir='ltr'>κλήρου</span> <span class='ocrx_word' id='word_1_735' title='bbox 1389 5303 1791 5374; x_wconf 83' lang='grc' dir='ltr'>ἀποξενωθέντα</span> 
     </span>
    </p>
   </div>
   <div class='ocr_carea' id='block_1_102' title="bbox 241 5385 765 5462">
    <p class='ocr_par' dir='ltr' id='par_1_102' title="bbox 241 5385 765 5462">
     <span class='ocr_line' id='line_1_102' title="bbox 241 5385 765 5462; baseline 0.013 -22"><span class='ocrx_word' id='word_1_736' title='bbox 241 5385 321 5442; x_wconf 81' lang='grc' dir='ltr'><strong><em>διὰ</em></strong></span> <span class='ocrx_word' id='word_1_737' title='bbox 348 5390 447 5462; x_wconf 82' lang='grc' dir='ltr'><strong><em>τὴν</em></strong></span> <span class='ocrx_word' id='word_1_738' title='bbox 472 5390 765 5448; x_wconf 76' lang='grc' dir='ltr'>ἔκπτωσιν.</span> 
     </span>
    </p>
   </div>
   <div class='ocr_carea' id='block_1_103' title="bbox 199 5523 863 5613">
    <p class='ocr_par' dir='ltr' id='par_1_103' title="bbox 199 5523 863 5613">
     <span class='ocr_line' id='line_1_103' title="bbox 199 5523 863 5613; baseline 0.006 -14"><span class='ocrx_word' id='word_1_739' title='bbox 199 5523 203 5529; x_wconf 23' lang='grc' dir='ltr'><strong><em>δ</em></strong></span> <span class='ocrx_word' id='word_1_740' title='bbox 290 5549 330 5585; x_wconf 77' lang='grc' dir='ltr'><strong><em>ἰ</em></strong></span> <span class='ocrx_word' id='word_1_741' title='bbox 361 5543 493 5601; x_wconf 82' lang='lat' dir='ltr'><strong><em>Luc.</em></strong></span> <span class='ocrx_word' id='word_1_742' title='bbox 524 5547 742 5613; x_wconf 72' lang='lat' dir='ltr'><strong><em>x1v,29,</em></strong></span> <span class='ocrx_word' id='word_1_743' title='bbox 773 5549 863 5603; x_wconf 75' lang='lat'><strong><em>30.</em></strong></span> 
     </span>
    </p>
   </div>
   <div class='ocr_carea' id='block_1_104' title="bbox 1897 4569 3459 4645">
    <p class='ocr_par' dir='ltr' id='par_1_104' title="bbox 1897 4569 3459 4645">
     <span class='ocr_line' id='line_1_104' title="bbox 1897 4569 3459 4645; baseline 0.001 -18"><span class='ocrx_word' id='word_1_744' title='bbox 1897 4569 2136 4627; x_wconf 86' lang='lat' dir='ltr'><strong><em>confessi</em></strong></span> <span class='ocrx_word' id='word_1_745' title='bbox 2164 4571 2401 4627; x_wconf 87' lang='lat' dir='ltr'><strong><em>fuerint:</em></strong></span> <span class='ocrx_word' id='word_1_746' title='bbox 2430 4572 2523 4644; x_wconf 88' lang='lat' dir='ltr'><strong><em>qui</em></strong></span> <span class='ocrx_word' id='word_1_747' title='bbox 2556 4572 2600 4627; x_wconf 89' lang='lat' dir='ltr'><strong><em>si</em></strong></span> <span class='ocrx_word' id='word_1_748' title='bbox 2625 4588 2733 4627; x_wconf 91' lang='lat' dir='ltr'><strong><em>non</em></strong></span> <span class='ocrx_word' id='word_1_749' title='bbox 2762 4578 3168 4638; x_wconf 82' lang='lat' dir='ltr'><strong><em>convertantur,</em></strong></span> <span class='ocrx_word' id='word_1_750' title='bbox 3192 4571 3314 4644; x_wconf 92' lang='lat' dir='ltr'><strong><em>plus</em></strong></span> <span class='ocrx_word' id='word_1_751' title='bbox 3331 4587 3459 4645; x_wconf 73' lang='lat' dir='ltr'><strong><em>pro—</em></strong></span> 
     </span>
    </p>
   </div>
   <div class='ocr_carea' id='block_1_105' title="bbox 1897 4663 3458 4737">
    <p class='ocr_par' dir='ltr' id='par_1_105' title="bbox 1897 4663 3458 4737">
     <span class='ocr_line' id='line_1_105' title="bbox 1897 4663 3458 4737; baseline 0.001 -18"><span class='ocrx_word' id='word_1_752' title='bbox 1897 4663 1983 4719; x_wconf 84' lang='lat' dir='ltr'><strong><em>bri</em></strong></span> <span class='ocrx_word' id='word_1_753' title='bbox 2014 4674 2069 4719; x_wconf 89' lang='lat' dir='ltr'><strong><em>et</em></strong></span> <span class='ocrx_word' id='word_1_754' title='bbox 2098 4663 2411 4737; x_wconf 64' lang='lat' dir='ltr'><strong><em>ignominiae</em></strong></span> <span class='ocrx_word' id='word_1_755' title='bbox 2432 4677 2595 4734; x_wconf 90' lang='lat' dir='ltr'><strong><em>quam</em></strong></span> <span class='ocrx_word' id='word_1_756' title='bbox 2608 4678 2796 4719; x_wconf 87' lang='lat' dir='ltr'><strong><em>omnes</em></strong></span> <span class='ocrx_word' id='word_1_757' title='bbox 2814 4665 3175 4735; x_wconf 88' lang='lat' dir='ltr'><strong><em>susceperint,</em></strong></span> <span class='ocrx_word' id='word_1_758' title='bbox 3193 4664 3458 4737; x_wconf 71' lang='lat' dir='ltr'><strong><em>quemad-</em></strong></span> 
     </span>
    </p>
   </div>
   <div class='ocr_carea' id='block_1_106' title="bbox 1895 4753 3455 4827">
    <p class='ocr_par' dir='ltr' id='par_1_106' title="bbox 1895 4753 3455 4827">
     <span class='ocr_line' id='line_1_106' title="bbox 1895 4753 3455 4827; baseline 0 -15"><span class='ocrx_word' id='word_1_759' title='bbox 1895 4756 2116 4813; x_wconf 90' lang='lat' dir='ltr'><strong><em>modum</em></strong></span> <span class='ocrx_word' id='word_1_760' title='bbox 2144 4765 2198 4812; x_wconf 90' lang='lat' dir='ltr'><strong><em>et</em></strong></span> <span class='ocrx_word' id='word_1_761' title='bbox 2226 4756 2317 4827; x_wconf 90' lang='lat' dir='ltr'><strong><em>qui</em></strong></span> <span class='ocrx_word' id='word_1_762' title='bbox 2347 4755 2485 4812; x_wconf 81' lang='lat' dir='ltr'><strong><em>fecit</em></strong></span> <span class='ocrx_word' id='word_1_763' title='bbox 2504 4753 2941 4821; x_wconf 86' lang='lat' dir='ltr'><strong><em>fundamentum,</em></strong></span> <span class='ocrx_word' id='word_1_764' title='bbox 3000 4754 3222 4811; x_wconf 90' lang='lat' dir='ltr'><strong><em>domum</em></strong></span> <span class='ocrx_word' id='word_1_765' title='bbox 3273 4765 3455 4815; x_wconf 87' lang='lat' dir='ltr'><strong><em>autem</em></strong></span> 
     </span>
    </p>
   </div>
   <div class='ocr_carea' id='block_1_107' title="bbox 1897 4845 3457 4919">
    <p class='ocr_par' dir='ltr' id='par_1_107' title="bbox 1897 4845 3457 4919">
     <span class='ocr_line' id='line_1_107' title="bbox 1897 4845 3457 4919; baseline 0.002 -17"><span class='ocrx_word' id='word_1_766' title='bbox 1897 4864 2005 4905; x_wconf 91' lang='lat' dir='ltr'><strong><em>non</em></strong></span> <span class='ocrx_word' id='word_1_767' title='bbox 2031 4848 2273 4919; x_wconf 88' lang='lat' dir='ltr'><strong><em>perfecit.</em></strong></span> <span class='ocrx_word' id='word_1_768' title='bbox 2294 4846 2354 4901; x_wconf 83' lang='lat' dir='ltr'><strong><em>Ei</em></strong></span> <span class='ocrx_word' id='word_1_769' title='bbox 2377 4847 2523 4903; x_wconf 89' lang='lat' dir='ltr'><strong><em>enim</em></strong></span> <span class='ocrx_word' id='word_1_770' title='bbox 2557 4852 2687 4902; x_wconf 90' lang='lat' dir='ltr'><strong><em>sunt</em></strong></span> <span class='ocrx_word' id='word_1_771' title='bbox 2712 4845 2938 4910; x_wconf 88' lang='lat' dir='ltr'><strong><em>similes,</em></strong></span> <span class='ocrx_word' id='word_1_772' title='bbox 2966 4847 3061 4917; x_wconf 89' lang='lat' dir='ltr'><strong><em>qui</em></strong></span> <span class='ocrx_word' id='word_1_773' title='bbox 3083 4847 3148 4902; x_wconf 89' lang='lat' dir='ltr'><strong><em>ad</em></strong></span> <span class='ocrx_word' id='word_1_774' title='bbox 3185 4847 3457 4905; x_wconf 87' lang='lat' dir='ltr'><strong><em>tormenta</em></strong></span> 
     </span>
    </p>
   </div>
   <div class='ocr_carea' id='block_1_108' title="bbox 1896 4936 3455 5010">
    <p class='ocr_par' dir='ltr' id='par_1_108' title="bbox 1896 4936 3455 5010">
     <span class='ocr_line' id='line_1_108' title="bbox 1896 4936 3455 5010; baseline 0.002 -17"><span class='ocrx_word' id='word_1_775' title='bbox 1896 4940 2114 5010; x_wconf 87' lang='lat' dir='ltr'><strong><em>quidem</em></strong></span> <span class='ocrx_word' id='word_1_776' title='bbox 2158 4947 2377 5009; x_wconf 77' lang='lat' dir='ltr'><strong><em>propter</em></strong></span> <span class='ocrx_word' id='word_1_777' title='bbox 2429 4937 2708 4994; x_wconf 86' lang='lat' dir='ltr'><strong><em>Christum</em></strong></span> <span class='ocrx_word' id='word_1_778' title='bbox 2759 4936 3141 5007; x_wconf 85' lang='lat' dir='ltr'><strong><em>confugerunt,</em></strong></span> <span class='ocrx_word' id='word_1_779' title='bbox 3191 4945 3245 4993; x_wconf 89' lang='lat' dir='ltr'><strong><em>et</em></strong></span> <span class='ocrx_word' id='word_1_780' title='bbox 3288 4941 3455 4996; x_wconf 78' lang='lat' dir='ltr'><strong><em>veluti</em></strong></span> 
     </span>
    </p>
   </div>
   <div class='ocr_carea' id='block_1_109' title="bbox 1896 5027 3451 5100">
    <p class='ocr_par' dir='ltr' id='par_1_109' title="bbox 1896 5027 3451 5100">
     <span class='ocr_line' id='line_1_109' title="bbox 1896 5027 3451 5100; baseline 0.002 -16"><span class='ocrx_word' id='word_1_781' title='bbox 1896 5031 2123 5100; x_wconf 84' lang='lat' dir='ltr'><strong><em>pulchro</em></strong></span> <span class='ocrx_word' id='word_1_782' title='bbox 2144 5030 2292 5099; x_wconf 86' lang='lat' dir='ltr'><strong><em>jacto</em></strong></span> <span class='ocrx_word' id='word_1_783' title='bbox 2340 5029 2714 5094; x_wconf 83' lang='lat' dir='ltr'><strong><em>fundamento,</em></strong></span> <span class='ocrx_word' id='word_1_784' title='bbox 2750 5027 2802 5082; x_wconf 91' lang='lat' dir='ltr'><strong><em>id</em></strong></span> <span class='ocrx_word' id='word_1_785' title='bbox 2830 5027 2974 5099; x_wconf 91' lang='lat' dir='ltr'><strong><em>quod</em></strong></span> <span class='ocrx_word' id='word_1_786' title='bbox 3024 5027 3315 5086; x_wconf 86' lang='lat' dir='ltr'><strong><em>honestum</em></strong></span> <span class='ocrx_word' id='word_1_787' title='bbox 3347 5041 3451 5094; x_wconf 89' lang='lat' dir='ltr'><strong><em>est.</em></strong></span> 
     </span>
    </p>
   </div>
   <div class='ocr_carea' id='block_1_110' title="bbox 1896 5120 3449 5192">
    <p class='ocr_par' dir='ltr' id='par_1_110' title="bbox 1896 5120 3449 5192">
     <span class='ocr_line' id='line_1_110' title="bbox 1896 5120 3449 5192; baseline 0 -17"><span class='ocrx_word' id='word_1_788' title='bbox 1896 5121 2153 5191; x_wconf 81' lang='lat' dir='ltr'><strong><em>perﬁcere</em></strong></span> <span class='ocrx_word' id='word_1_789' title='bbox 2178 5128 2396 5190; x_wconf 89' lang='lat' dir='ltr'><strong><em>propter</em></strong></span> <span class='ocrx_word' id='word_1_790' title='bbox 2422 5120 2635 5190; x_wconf 90' lang='lat' dir='ltr'><strong><em>lapsum</em></strong></span> <span class='ocrx_word' id='word_1_791' title='bbox 2660 5134 2769 5174; x_wconf 91' lang='lat' dir='ltr'><strong><em>non</em></strong></span> <span class='ocrx_word' id='word_1_792' title='bbox 2802 5127 3117 5190; x_wconf 89' lang='lat' dir='ltr'><strong><em>potuerunt.</em></strong></span> <span class='ocrx_word' id='word_1_793' title='bbox 3144 5120 3280 5178; x_wconf 90' lang='lat' dir='ltr'><strong><em>Nota</em></strong></span> <span class='ocrx_word' id='word_1_794' title='bbox 3299 5137 3449 5192; x_wconf 85' lang='lat' dir='ltr'><strong><em>ergo,</em></strong></span> 
     </span>
    </p>
   </div>
   <div class='ocr_carea' id='block_1_111' title="bbox 1896 5207 3452 5282">
    <p class='ocr_par' dir='ltr' id='par_1_111' title="bbox 1896 5207 3452 5282">
     <span class='ocr_line' id='line_1_111' title="bbox 1896 5207 3452 5282; baseline -0.001 -16"><span class='ocrx_word' id='word_1_795' title='bbox 1896 5210 2040 5282; x_wconf 92' lang='lat' dir='ltr'><strong><em>quod</em></strong></span> <span class='ocrx_word' id='word_1_796' title='bbox 2078 5224 2146 5264; x_wconf 89' lang='lat' dir='ltr'><strong><em>ne</em></strong></span> <span class='ocrx_word' id='word_1_797' title='bbox 2192 5207 2466 5264; x_wconf 85' lang='lat' dir='ltr'><strong><em>confessio</em></strong></span> <span class='ocrx_word' id='word_1_798' title='bbox 2498 5208 2713 5281; x_wconf 89' lang='lat' dir='ltr'><strong><em>quidem</em></strong></span> <span class='ocrx_word' id='word_1_799' title='bbox 2740 5218 2959 5282; x_wconf 88' lang='lat' dir='ltr'><strong><em>propter</em></strong></span> <span class='ocrx_word' id='word_1_800' title='bbox 2986 5211 3262 5270; x_wconf 85' lang='lat' dir='ltr'><strong><em>Christum</em></strong></span> <span class='ocrx_word' id='word_1_801' title='bbox 3294 5213 3452 5267; x_wconf 86' lang='lat' dir='ltr'><strong><em>resti-</em></strong></span> 
     </span>
    </p>
   </div>
   <div class='ocr_carea' id='block_1_112' title="bbox 1896 5300 3451 5377">
    <p class='ocr_par' dir='ltr' id='par_1_112' title="bbox 1896 5300 3451 5377">
     <span class='ocr_line' id='line_1_112' title="bbox 1896 5300 3451 5377; baseline -0.001 -21"><span class='ocrx_word' id='word_1_802' title='bbox 1896 5308 1998 5356; x_wconf 88' lang='lat' dir='ltr'><strong><em>tuit</em></strong></span> <span class='ocrx_word' id='word_1_803' title='bbox 2024 5318 2168 5369; x_wconf 87' lang='lat' dir='ltr'><strong><em>eum,</em></strong></span> <span class='ocrx_word' id='word_1_804' title='bbox 2194 5300 2286 5373; x_wconf 91' lang='lat' dir='ltr'><strong><em>qui</em></strong></span> <span class='ocrx_word' id='word_1_805' title='bbox 2312 5300 2478 5357; x_wconf 86' lang='lat' dir='ltr'><strong><em>semel</em></strong></span> <span class='ocrx_word' id='word_1_806' title='bbox 2511 5316 2543 5355; x_wconf 89' lang='lat' dir='ltr'><strong><em>a</em></strong></span> <span class='ocrx_word' id='word_1_807' title='bbox 2580 5301 2728 5357; x_wconf 84' lang='lat' dir='ltr'><strong><em>clero</em></strong></span> <span class='ocrx_word' id='word_1_808' title='bbox 2761 5303 3098 5362; x_wconf 87' lang='lat' dir='ltr'><strong><em>abalienatus</em></strong></span> <span class='ocrx_word' id='word_1_809' title='bbox 3125 5311 3209 5362; x_wconf 89' lang='lat' dir='ltr'><strong><em>est</em></strong></span> <span class='ocrx_word' id='word_1_810' title='bbox 3229 5308 3451 5377; x_wconf 82' lang='lat' dir='ltr'><strong><em>propter</em></strong></span> 
     </span>
    </p>
   </div>
   <div class='ocr_carea' id='block_1_113' title="bbox 1895 5396 2130 5469">
    <p class='ocr_par' dir='ltr' id='par_1_113' title="bbox 1895 5396 2130 5469">
     <span class='ocr_line' id='line_1_113' title="bbox 1895 5396 2130 5469; baseline 0.004 -18"><span class='ocrx_word' id='word_1_811' title='bbox 1895 5396 2130 5469; x_wconf 85' lang='lat' dir='ltr'><strong><em>lapsum.</em></strong></span> 
     </span>
    </p>
   </div>
   <div class='ocr_carea' id='block_1_114' title="bbox 1526 5666 2185 5725">
    <p class='ocr_par' dir='ltr' id='par_1_114' title="bbox 1526 5666 2185 5725">
     <span class='ocr_line' id='line_1_114' title="bbox 1526 5666 2185 5725; baseline -0.006 -1"><span class='ocrx_word' id='word_1_812' title='bbox 1526 5668 1750 5725; x_wconf 66' lang='lat' dir='ltr'><strong><em>VARIA‘.‘</em></strong></span> <span class='ocrx_word' id='word_1_813' title='bbox 1787 5666 2185 5724; x_wconf 81' lang='lat' dir='ltr'><strong><em>LECTlONES.</em></strong></span> 
     </span>
    </p>
   </div>
   <div class='ocr_carea' id='block_1_115' title="bbox 339 5777 641 5837">
    <p class='ocr_par' dir='ltr' id='par_1_115' title="bbox 339 5777 641 5837">
     <span class='ocr_line' id='line_1_115' title="bbox 339 5777 641 5837; baseline 0.017 -6"><span class='ocrx_word' id='word_1_814' title='bbox 339 5778 383 5811; x_wconf 79' lang='lat'><strong>&quot;</strong></span> <span class='ocrx_word' id='word_1_815' title='bbox 414 5777 641 5837; x_wconf 79' lang='grc' dir='ltr'>τέθεικε.</span> 
     </span>
    </p>
   </div>
   <div class='ocr_carea' id='block_1_116' title="bbox 596 5876 1302 5943">
    <p class='ocr_par' dir='ltr' id='par_1_116' title="bbox 596 5876 1302 5943">
     <span class='ocr_line' id='line_1_116' title="bbox 596 5876 1302 5943; baseline -0.003 -6"><span class='ocrx_word' id='word_1_816' title='bbox 596 5877 865 5940; x_wconf 67' lang='grc' dir='ltr'>Ρλτκοι.</span> <span class='ocrx_word' id='word_1_817' title='bbox 907 5876 1022 5943; x_wconf 81' lang='lat' dir='ltr'><strong><em>Gn.</em></strong></span> <span class='ocrx_word' id='word_1_818' title='bbox 1073 5878 1302 5939; x_wconf 72' lang='lat' dir='ltr'><strong>XVII].</strong></span> 
     </span>
    </p>
   </div>
   <div class='ocr_carea' id='block_1_117' title="bbox 3006 5877 3084 5941">
    <p class='ocr_par' dir='ltr' id='par_1_117' title="bbox 3006 5877 3084 5941">
     <span class='ocr_line' id='line_1_117' title="bbox 3006 5877 3084 5941; baseline 0.026 -2"><span class='ocrx_word' id='word_1_819' title='bbox 3006 5877 3084 5941; x_wconf 75' lang='lat'><strong>16</strong></span> 
     </span>
    </p>
   </div>
  </div>
