4088 6284
505 307 601 363 491

1497 307 1554 366 S.
1597 309 1803 365 PETRI
1843 309 2314 368 ALEXANDR'NI
2353 311 2661 370 EPISCOPI

3643 325 3753 382 492

573 423 780 481 totum.
814 426 889 482 De
919 426 985 481 iis
1010 426 1104 496 qui
1138 441 1196 482 se
1221 427 1366 481 ultro
1382 427 1631 498 martyrii
1654 428 1945 483 certamini
1973 430 2054 484 ob-

2244 431 2485 484 ΖΩΝΑΡ.
2527 432 2663 503 Περὶ
2704 431 3186 506 αὐτομολησάντων
3228 437 3308 500 εἰς
3353 435 3443 490 τὸν
3477 437 3572 492 τοῦ
3607 456 3754 513 μαρ-

498 518 750 589 iecerunt
778 519 992 573 locutus
1020 516 1199 584 Pater,
1253 535 1401 574 nunc
1443 519 1512 574 de
1542 520 1762 576 clericis
1808 522 1903 591 qui
1931 521 2071 576 idem

501 609 749 668 fecerunt
769 609 1068 666 orationem
1088 609 1324 667 instituit
1351 630 1364 666 :
1397 619 1560 681 atque
1589 611 1848 667 clericum
1880 612 1926 667 si
1947 614 2073 683 quis

499 721 562 760 se
590 706 734 758 ultro
785 702 1014 767 dedidit,
1063 718 1189 759 mox
1231 704 1342 758 vim
1392 709 1793 758 tormentorum
1848 705 2072 761 minime

502 795 778 864 perferens
807 795 993 864 lapsus
1027 802 1132 859 est,
1165 810 1230 849 ac
1261 809 1480 849 rursum
1499 811 1558 850 se
1592 794 1773 865 ipsum
1806 795 2071 868 colligens

500 887 678 942 denuo
706 902 769 941 se
793 885 860 940 ad
892 893 1170 942 certamen
1194 885 1387 950 erexit,
1411 901 1475 940 ac
1504 901 1563 941 se
1577 885 1951 943 Christianum
1978 903 2073 943 co-

497 997 616 1037 ram
639 977 889 1051 tyrannis
918 984 1003 1034 est
1026 976 1326 1049 professus,
1360 992 1468 1032 non
1501 992 1624 1033 esse
1657 977 1929 1049 ejusmodi
1975 979 2071 1033 bo-

494 1072 698 1127 minem
739 1069 806 1123 ad
839 1083 995 1124 sacra
1028 1068 1331 1124 ministeria
1362 1067 1598 1140 amplius
1648 1068 2066 1125 admittendum.

495 1166 838 1234 Cansamque
862 1162 1146 1232 subjungit
1175 1181 1188 1217 :
1243 1161 1372 1231 quia
1403 1160 1665 1216 nimirum
1699 1160 1915 1216 Domini
1946 1177 2070 1232 gre-

493 1274 612 1330 gem
637 1257 898 1320 deseruit,
931 1272 994 1311 ac
1025 1272 1088 1312 ex
1131 1272 1196 1312 eo
1224 1257 1370 1326 quod
1419 1262 1616 1326 sponte
1652 1271 1710 1312 se
1741 1255 1943 1324 objecit
1973 1254 2070 1309 bo-

494 1350 694 1417 stibus,
731 1365 909 1420 neque
959 1355 1278 1404 constanter
1325 1355 1596 1403 tormenta
1626 1347 1873 1418 pertulit,
1915 1347 2069 1419 igno-

491 1443 718 1498 miniam
750 1442 853 1497 sibi
877 1441 979 1511 ipsi
1005 1440 1335 1496 conciliavit.
1375 1437 1443 1494 Ut
1469 1446 1651 1495 autem
1674 1440 1860 1511 populi
1905 1439 2067 1496 insti-

495 1536 760 1590 tutionem
782 1539 1218 1598 contemnerent,
1252 1532 1824 1603 snamqueutilitatem
1854 1532 2067 1589 caeteris

493 1628 752 1684 omnibus
780 1625 1134 1690 anteferrent,
1167 1640 1238 1679 ne
1269 1625 1500 1695 apostoli
1529 1623 1747 1696 quidem
1798 1622 2062 1681 fecerunt.

494 1725 723 1795 Magnus
770 1736 1005 1791 namque
1055 1718 1279 1786 Paulus,
1338 1734 1464 1775 cum
1513 1719 1715 1776 multos
1751 1719 2065 1790 pertulisset

2173 524 2358 594 τυρίου
2411 524 2628 594 ἀγῶνα,
2681 524 2977 596 διαλεχθεὶς
3005 529 3034 580 ό
3088 528 3309 600 Πατὴρ,
3353 529 3446 583 νῦν
3492 530 3752 604 καὶπερὶ

2175 613 2449 685 κληρικῶν
2499 614 2754 668 τοιούτων
2787 615 2876 669 τὸν
2922 615 3078 686 λόγον
3111 622 3378 674 ποιεῖται·
3420 621 3514 674 καί
3559 638 3748 694 φησιν,

2171 704 2270 770 ώς,
2305 707 2353 758 εἰ
2393 704 2648 778 κληρικδς
2687 707 3075 778 ηὐτομόλησεν,
3128 705 3246 764 εἶτα
3285 709 3360 782 μὴ
3409 712 3618 780 στέγων
3648 712 3750 776 τὰς

2170 794 2442 864 τιμωρίας
2469 795 2811 861 ἐκπέπτωκε,
2839 798 2932 851 καὶ
2959 793 3113 862 αὖθις
3141 800 3221 862 εἰς
3243 799 3435 854 ἐαυτὸν
3459 803 3750 874 γενόμενος

2171 884 2500 938 ἀνεπάλαισε
2515 885 2613 958 τὴν
2639 887 2844 942 οἰκείαν
2863 887 3088 951 πτῶσιν,
3107 889 3202 942 καὶ
3219 890 3539 960 Χριστιανὸν
3556 892 3748 945 ἐαυτὸν

2171 976 2517 1049 ὡμολόγησεν
2537 977 2766 1032 ἐνώπιον
2786 979 2893 1032 τῶν
2921 981 3218 1051 τυράννων,
3241 984 3270 1036 ὁ
3296 981 3536 1048 τοιοῦτος
3562 984 3748 1038 οὐκέτι

2171 1069 2227 1121 ἐν
2255 1071 2320 1140 τῇ
2347 1068 2657 1142 λειτουργίᾳ
2693 1070 2863 1126 ἐσται.
2891 1073 3001 1126 Καὶ
3041 1074 3140 1144 τὴν
3170 1075 3347 1128 αἰτίαν
3375 1075 3570 1145 ἐπάγει
3589 1094 3603 1107 '
3649 1077 3746 1148 ἥδε

2169 1161 2315 1214 ἐστίν
2335 1177 2348 1191 ·
2379 1162 2462 1215 ὃτι
2490 1163 2747 1216 κατέλιπε
2778 1164 2838 1217 τὸ
2869 1165 3115 1236 ποίμνιον
3149 1168 3246 1220 τοῦ
3274 1169 3500 1240 Κυρίου,
3539 1171 3632 1224 καὶ
3654 1170 3749 1224 διὰ

2169 1255 2229 1308 τὸ
2260 1255 2629 1327 αὐτομολῆσαι
2671 1257 2765 1310 καὶ
2801 1258 2874 1329 μὴ
2925 1259 3261 1331 καρτερῆσαι
3313 1259 3410 1324 τάς
3441 1261 3744 1331 βασάνους,

2171 1346 2362 1418 μῶμον
2397 1350 2766 1420 προσήνεγκεν
2791 1350 2982 1421 ἐαυτῷ.
3015 1351 3087 1403 Τὸ
3123 1350 3177 1404 δὲ
3206 1353 3615 1424 καταφρονῆσαι
3643 1355 3746 1426 τῆς

2167 1439 2513 1507 διδασκαλίας
2539 1442 2632 1496 τοῦ
2667 1443 2816 1510 λαοῦ,
2853 1446 2946 1497 καὶ
2976 1445 3412 1517 προτιμήσασθαι
3437 1445 3500 1499 τὸ
3531 1447 3748 1511 ἑαυτοῖς

2171 1533 2466 1605 συμφέρον,
2514 1534 2632 1588 ούδέ
2682 1536 2730 1588 οἰ
2783 1535 3065 1590 ἀπόστολοι
3109 1538 3492 1608 πεποιήκασιν.
3528 1539 3587 1592 'U
3634 1539 3748 1612 γὰρ

2171 1624 2342 1693 μέγας
2376 1624 2606 1690 Παῦλος,
2640 1626 2774 1698 μετά
2812 1628 2873 1680 τὸ
2901 1628 3100 1691 πολλὰς
3129 1628 3394 1699 βασάνους
3433 1632 3742 1702 ὑπομεῖναι,

2169 1718 2510 1789 κατανοήσας
2539 1722 2782 1790 κρεῖττον
2816 1716 2954 1775 εἶναι
2982 1722 3072 1776 τὸν
3108 1721 3220 1792 βίον
3251 1723 3552 1790 ἀπολιπεῖν,
3608 1742 3746 1797 προ-

490 1816 792 1878 cruciatus,
818 1812 1154 1880 sentiretque
1179 1811 1372 1867 utilius
1406 1825 1532 1867 esse
1559 1810 1665 1865 sibi
1699 1811 1866 1866 vitam
1897 1811 2054 1867 reiin«

2169 1784 2467 1883 ετιμήσατο
2496 1784 2593 1884 ζῇν
2637 1814 2731 1867 καὶ
2779 1784 3162 1884 βασανίζεσθαι
3193 1814 3282 1891 διὰ
3323 1815 3420 1888 τήν
3469 1784 3747 1888 σωτηρίαν

490 1923 684 1979 quere,
712 1914 771 1962 ut
797 1905 981 1975 populi
1013 1903 1177 1960 saluti
1229 1918 1294 1958 ac
1346 1903 1680 1958 institutioni
1733 1905 2054 1972 consuleret,

2169 1902 2262 1955 καὶ
2301 1901 2646 1957 διδασκαλίαν
2689 1904 2782 1956 τοῦ
2815 1904 2962 1958 λαοῦ.
3001 1903 3107 1969 Οὓς
3153 1905 3248 1959 καὶ
3293 1905 3432 1959 πάνυ
3479 1906 3748 1980 ἀναισθή-

487 2001 655 2056 vitam
707 1997 811 2053 sibi
852 2012 916 2051 ac
957 2001 1226 2051 tormenta
1266 1993 1480 2065 potiora
1515 1994 1692 2049 duxit.
1743 1993 1982 2051 Promde
2013 2006 2054 2051 et

2167 2012 2293 2058 τους
2345 1995 2738 2065 ἀποφαίνεται,
2780 1996 3065 2061 αἰτοῦντας
3107 1997 3204 2070 τήν
3251 1998 3619 2070 λειτουργίαν,
3669 1996 3742 2072 ἧς

489 2087 920 2147 sensusomnino
951 2093 1310 2157 experteseos
1337 2086 1699 2152 demonstrat,
1724 2087 1816 2158 qui
1846 2102 2054 2143 sacrum

2167 2086 2440 2141 ἐθελονταὶ
2467 2088 2881 2144 ὲκπεπτώκασι.
2919 2089 3042 2154 Πῶς
3066 2089 3192 2162 γὰρ,
3223 2093 3408 2162 φησὶν,
3439 2093 3680 2145 αἰτοῦσιν
3708 2092 3741 2146 ὃ

488 2179 594 2234 sibi
624 2177 992 2232 ministerium
1022 2174 1346 2246 deposcunt,
1375 2190 1406 2230 a
1438 2191 1549 2246 quo
1573 2177 1818 2233 volentes
1849 2176 2054 2247 ipsimel

2165 2179 2474 2243 κατέλιπον,
2520 2180 2806 2252 δυνάμενοι
2833 2183 2943 2246 τοῖς
2980 2182 3225 2253 ἀδελφοῖς
3266 2181 3551 2254 εὕχρηστοι
3597 2181 3742 2238 εἶναι

487 2273 826 2330 exciderunt.
860 2268 998 2324 Nam
1030 2283 1139 2338 quo
1173 2268 1354 2332 modo,
1412 2268 1628 2340 inquit,
1676 2269 1729 2324 id
1763 2270 2060 2340 postulant,

486 2367 633 2439 quod
689 2365 982 2434 reliquere,
1009 2377 1134 2418 cum
1152 2359 1422 2432 ejusmodi
1447 2368 1709 2432 tempore,
1727 2362 2065 2418 excitatmvi-

485 2460 680 2515 deiicet
696 2457 1111 2528 persecutionis,
1126 2469 1323 2526 magno
1337 2453 1596 2510 fratribus
1613 2454 1925 2525 adjumento
1940 2469 2063 2511 esse

486 2553 752 2626 possent?
780 2550 1036 2618 Quandiu
1068 2551 1231 2622 igitur
1259 2565 1289 2604 a
1318 2550 1475 2621 lapsu
1505 2550 1777 2606 immunes
1801 2549 2059 2615 fuissent,

483 2646 698 2702 veniam
721 2644 1087 2700 obtinuissent
1117 2641 1350 2698 actionis
1403 2650 1608 2698 temere
1655 2651 1945 2713 susceptae,
1997 2659 2058 2699 se

484 2739 741 2792 nimirum
769 2734 1099 2792 adversariis
1113 2734 1256 2788 ultro
1287 2731 1573 2798 oiierendi,
1605 2733 1692 2789 vel
1722 2732 1778 2788 in
1795 2733 2054 2788 erudien-

483 2831 566 2887 dis
603 2829 865 2885 fratribus
883 2826 1164 2886 socordiae.
1184 2826 1321 2881 Cum
1352 2839 1482 2881 vero
1510 2825 1828 2890 ceciderint,
1854 2826 2056 2896 quippe

483 2924 577 2994 qui
600 2937 882 2993 perperam
899 2919 1126 2991 egerint,
1158 2931 1316 2972 sacra
1331 2915 1635 2971 ministeria
1652 2915 1804 2970 obire
1820 2916 2054 2986 amplius

480 3016 626 3073 haud
683 3014 1094 3087 permittuntur.
1133 3010 1190 3066 Si
1228 3024 1378 3080 ergo,
1417 3007 1615 3079 inquit,
1649 3007 1873 3063 minime
1907 3007 2053 3062 ceci-

479 3110 712 3174 diSSent,
746 3107 959 3163 veniam
985 3105 1370 3174 impetrassent
1399 3102 1470 3157 ob
1499 3104 1744 3172 ipsorum
1779 3116 1810 3154 a
1842 3101 2053 3154 ratione

478 3203 711 3259 alienam
744 3199 1010 3255 actionem
1038 3214 1052 3264 ;
1098 3195 1369 3251 actionem
1398 3209 1428 3249 a
1459 3195 1669 3249 ratione
1698 3192 1928 3247 alienam
1959 3208 2053 3247 vo-

475 3314 632 3363 cans,
669 3311 780 3352 non
813 3295 990 3350 solum
1021 3290 1166 3363 quod
1197 3306 1257 3346 se
1284 3288 1538 3346 hostibus
1567 3286 1900 3350 dediderint,
1956 3285 2052 3343 sed

473 3391 657 3462 potius
685 3386 833 3459 quod
860 3384 1201 3441 deseruerint
1228 3397 1448 3454 gregem
1470 3379 1706 3443 Domini,
1745 3393 1848 3434 nec
1872 3378 2048 3448 ipsum

475 3481 856 3547 eustodierint,
888 3495 952 3534 ac
988 3478 1186 3532 fratres
1213 3477 1308 3548 qui
1355 3473 1753 3545 persecutionis
1807 3480 2052 3542 tempore

477 3577 816 3634 vexabantur
836 3572 1237 3629 confirmarint.
1275 3569 1333 3624 Si
1361 3584 1492 3624 vero
1522 3567 1843 3623 ceciderunt
1877 3581 1944 3621 ex
1985 3579 2050 3621 eo

472 3674 617 3746 quod
641 3691 698 3730 se
728 3685 1014 3744 perperam
1051 3669 1345 3740 gesserint,
1388 3665 1701 3739 superbiam
1732 3665 1844 3730 hic,
1877 3671 1931 3720 et
1962 3679 2049 3719 ar-

471 3767 810 3838 rogantiam;
861 3763 958 3836 τὴν
989 3760 1323 3832 περπερείαν
1375 3774 1599 3824 vocans,
1626 3755 1771 3827 quod
1799 3771 1862 3810 ex
1895 3769 2050 3809 arro-

471 3861 656 3934 gentia
689 3858 940 3914 fiduciam
967 3856 1021 3910 in
1056 3871 1116 3912 se
1155 3856 1290 3926 ipsis
1325 3868 1554 3924 posuere
1577 3893 1591 3916 ,
1647 3850 2049 3907 dissolverunt-

471 3968 579 4025 que
609 3958 907 4015 certamen,
939 3963 1003 4003 ac
1038 3963 1099 4004 se
1149 3947 1299 4018 ipsos
1329 3947 1709 4017 vituperarunt
1741 3961 1757 4011 ;
1808 3941 1912 3997 hoc
1938 3949 2044 4004 est,

473 4045 581 4101 sibi
602 4042 736 4113 ipsis
769 4042 1038 4097 maculam
1071 4041 1143 4096 ob
1171 4042 1383 4113 lapsum
1422 4041 1770 4102 inusserunt,
1800 4038 1854 4091 in
1888 4049 2047 4092 sacro

473 4134 780 4192 ministerio
811 4131 1018 4189 versari
1065 4132 1198 4202 ipsis
1246 4131 1480 4202 amplius
1531 4130 1675 4186 haud
1724 4129 1869 4184 licet.
1905 4126 2045 4181 Pro-

472 4236 658 4300 pterea
682 4226 957 4290 studeant,
984 4223 1180 4292 inquit,
1207 4223 1388 4293 potius
1412 4224 1467 4277 in
1496 4222 1802 4278 humilitate
1828 4219 2044 4276 confes-

471 4319 680 4373 sionem
707 4327 988 4386 peragere,
1008 4318 1290 4368 cessantes
1310 4313 1562 4367 videlicet
1585 4314 1652 4367 ab
1673 4314 1820 4367 inani
1844 4311 2043 4383 gloria.

469 4408 627 4476 Quod
673 4407 817 4462 enim
869 4418 1027 4460 sacro
1069 4400 1374 4456 ministerio
1420 4401 1636 4456 ascribi‘
1662 4405 1958 4474 postulent,
2011 4415 2043 4454 a

2162 2272 2220 2324 ἐν
2252 2271 2427 2343 καιρῷ
2464 2272 2716 2344 τοιούτῳ,
2764 2271 3000 2344 διωγμοῦ
3046 2273 3283 2346 δηλαδή;
3317 2276 3462 2339 Ἕως
3505 2277 3600 2347 μὲν
3643 2274 3742 2332 οῦν

2162 2363 2448 2417 ἄπταιστοι
2480 2358 2640 2434 ἦσαν,
2675 2364 3002 2437 συγγνώμην
3035 2363 3176 2438 εἶχον
3209 2369 3306 2422 ἐπὶ
3333 2371 3397 2440 τῇ
3444 2369 3745 2440 παραλόγῳ

2162 2455 2342 2510 αὐτῶν
2385 2457 2602 2528 πράξει,
2646 2460 2711 2529 τῇ
2750 2458 3105 2530 αύτομολήσει
3150 2459 3367 2533 δηλαδὴ,
3412 2461 3444 2533 ἢ
3489 2465 3553 2533 τῇ
3607 2466 3739 2532 περὶ

2158 2549 2221 2602 τὸ
2256 2549 2524 2603 διδάσκειν
2560 2550 2688 2614 τοὺς
2721 2550 2980 2621 ἀδελφοὺς
3013 2551 3286 2624 ῥᾳθυμίᾳ·
3332 2552 3422 2605 ὅτε
3447 2551 3504 2604 δὲ
3549 2551 3742 2606 ἐπται-

2161 2659 2279 2707 σαν,
2319 2642 2394 2706 ώς
2427 2643 2491 2697 ἂν
2540 2647 3067 2716 περπερευσάμενοι,
3111 2645 3292 2699 οὐκέτι
3334 2643 3587 2699 δύνανται
3629 2645 3743 2698 λει-

2159 2738 2423 2807 τουργεῖν.
2467 2737 2529 2789 Εἰ
2567 2723 2664 2807 μὲν
2704 2735 2796 2792 οὖν
2835 2738 2896 2791 ού
2945 2736 3292 2802 πεπτώκασι,
3347 2738 3542 2809 φησὶν,
3589 2732 3739 2808 εἶχον

2159 2827 2227 2882 ἂν
2277 2827 2604 2900 συγγνώμην
2662 2830 2754 2882 ἐπὶ
2798 2832 2864 2901 τῇ
2915 2829 3233 2902 παραλόγως
3272 2829 3448 2883 αὐτῶν
3498 2828 3732 2903 πράξεν

2159 2919 2464 2993 παράλογον
2498 2920 2694 2993 πρᾶξιν
2741 2922 2800 2974 ού
2830 2922 2892 2975 τὸ
2928 2921 3292 2994 αὐτομολῆσαι
3329 2923 3485 2994 μόνον
3529 2922 3729 2987 καλῶν,

2157 3015 2290 3068 ἀλλά
2329 3014 2526 3088 μᾶλλον
2558 3015 2619 3068 τὸ
2651 3017 2966 3069 καταλιπεῖν
2997 3016 3058 3069 τὸ
3097 3016 3346 3087 ποίμνιον
3370 3016 3464 3070 τοῦ
3501 3018 3729 3089 Κυρίου,

2158 3108 2250 3161 καὶ
2279 3107 2352 3179 μὴ
2386 3107 2737 3178 ,παραμένειν
2773 3107 2918 3179 αὐτῷ
2953 3110 3046 3162 καὶ
3097 3109 3368 3182 στηρίζειν
3413 3110 3538 3173 τοὺς
3575 3108 3730 3163 ἀδελ-

2155 3201 2288 3269 φοῦς
2329 3199 2713 3272 κλονουμένους
2741 3203 2802 3255 ὲν
2825 3201 2908 3271 τῷ
2935 3201 3112 3273 καιρῷ
3143 3200 3236 3254 τοῦ
3275 3201 3531 3272 διωγμοῦ,
3573 3203 3635 3254 Εἰ
3667 3201 3723 3257 δὲ

2157 3293 2503 3348 πεπτώκασιν
2533 3296 2596 3347 ἐκ
2631 3294 2963 3366 περπερείας
2987 3333 3001 3357 ,
3039 3294 3366 3366 περπερείαν
3406 3294 3450 3346 δ’
3491 3293 3724 3348 ἐνταῦθα

2151 3387 2248 3458 τὴν
2295 3386 2468 3458 οἴησιν
2521 3389 2612 3441 καὶ
2665 3386 2762 3457 τὴν
2808 3385 3121 3450 ἀλαζονείαν
3163 3386 3346 3440 καλεῖ·
3379 3386 3458 3439 ὅτι
3499 3385 3556 3451 ἐξ
3591 3385 3726 3438 ἀλα-

2152 3479 2359 3544 ζονείας
2393 3480 2700 3553 ἐθάρρησαν
2728 3481 2955 3542 ἑαυτοῖς,
2989 3479 3082 3532 καὶ
3112 3478 3202 3532 τὸν
3234 3477 3414 3547 ἀγῶνα
3447 3477 3731 3533 ὑπέλυσαν

2152 3573 2243 3624 καὶ
2275 3573 2500 3636 ἑαυτοὺς
2523 3571 2902 3644 ἐμωμήσαντο,
2944 3570 3063 3624 ἀντί¹
3101 3570 3217 3635 τοῦ,
3259 3569 3346 3623 διὰ
3376 3570 3475 3641 τὴν
3516 3569 3726 3624 πτῶσιν

2155 3665 2343 3737 μῶμον
2371 3667 2675 3737 ἐπήνεγκαν
2704 3666 2946 3728 ἑαυτοῖς,
2980 3664 3160 3717 οὐκέτι
3198 3664 3451 3716 δύνανται
3481 3665 3724 3735 λειτουρ-

2149 3762 2284 3829 γεῖν.
2320 3760 2410 3812 Διὸ
2452 3756 2901 3830 φροντιζέτωσαν,
2937 3756 3103 3826 λέγει,
3149 3755 3345 3827 μᾶλλον
3381 3757 3439 3808 ἐν
3469 3772 3722 3809 ταπεινο-

2150 3851 2424 3924 φροσύνῃ,
2477 3851 2594 3916 πῶς
2634 3850 2973 3905 ἐκτελέσουσι
3020 3849 3119 3920 τὴν
3151 3847 3468 3919 ὁμολογίαν,
3519 3846 3720 3919 δηλαδὴ

2149 3943 2480 4014 παυσάμενοι
2534 3941 2631 4013 τῆς
2699 3937 3020 4004 κενοδοξίας.
3079 3937 3152 3991 Τὸ
3219 3936 3326 4009 γὰρ
3376 3937 3720 4008 λειτουργίαν

2148 4033 2348 4106 ζητεῖν,
2399 4033 2486 4087 διὰ
2529 4032 2863 4100 κενοδοξίαν,
2918 4031 3083 4102 φησί,
3118 4029 3342 4099 γίνεται.
3380 4030 3563 4100 Ἀρκεῖ
3608 4027 3722 4101 γὰρ

2146 4126 2327 4190 αὐτοῖς
2367 4127 2398 4196 ή
2442 4123 2694 4177 κοινωνία
2721 4163 2734 4185 ,
2785 4123 2949 4190 ἤγουν
2995 4122 3056 4175 τὸ
3112 4123 3489 4190 συγκοινωνεῖν
3535 4120 3718 4182 αὐτοῖς

2145 4217 2270 4280 τοὺς
2302 4217 2558 4279 πιστοὺς,
2598 4215 2716 4285 ἦτοι
2763 4212 3148 4284 συνεύχεσθαι,
3194 4213 3226 4285 ἢ
3263 4213 3354 4265 καὶ
3393 4211 3506 4264 τῶν
3554 4211 3718 4265 θείων

2148 4308 2459 4380 μυστηρίων
2513 4306 2828 4378 μετάληψις.
2878 4305 2987 4359 Καὶ
3036 4301 3207 4358 ταῦτα
3240 4302 3354 4374 μετ’
3395 4302 3716 4366 ἐπιστασίας

2145 4400 2240 4454 καὶ
2259 4399 2540 4471 ἀκριϐείας
2560 4399 2843 4469 γενόμενα,
2866 4397 2959 4451 καὶ
2981 4397 3068 4450 ἵνα
3094 4395 3167 4468 μὴ
3191 4395 3379 4463 δόξωσι
3402 4393 3713 4458 λυπεῖσθαι,

467 4504 653 4562 studio
677 4498 990 4556 ambitionis
1022 4494 1408 4566 proficiscitur.
1436 4491 1644 4548 Sufficit
1659 4488 2042 4576 namqueipsis

2157 4491 2286 4564 μετά
2311 4492 2432 4563 βίας
2462 4492 2941 4564 περιδρασσόμενοι
2970 4491 3068 4561 τῆς
3111 4488 3354 4542 ἐντεῦθεν
3381 4487 3714 4549 ἀναλύσεως,

466 4593 802 4660 communio,
827 4599 885 4646 ut
917 4606 1041 4645 cum
1064 4587 1200 4659 ipsis
1224 4587 1485 4642 nimirum
1514 4585 1700 4640 ﬁdeles
1734 4586 2040 4638 communi-

466 4695 613 4755 cent,
644 4703 708 4742 ae
735 4701 841 4741 una
872 4689 1194 4755 precentur,
1244 4681 1628 4736 velsacrorum
1655 4673 2036 4743 mysteriorum

467 4781 764 4854 perceptio.
797 4783 977 4848 Atque
1008 4777 1123 4831 haec
1149 4773 1368 4846 quidem
1421 4780 1574 4829 certo
1603 4771 1839 4828 consilio
1868 4770 2034 4826 sedu-

467 4875 628 4944 iaque
658 4870 1134 4928 administratione
1163 4867 1297 4922 fiunt
1316 4907 1331 4932 ,
1365 4873 1478 4920 tum
1508 4883 1576 4922 ne
1602 4865 1890 4921 videantur
1918 4878 2036 4917 uno--

467 4965 623 5022 lestia
677 4961 846 5024 afﬁci.
886 4962 1012 5015 li'mc
1057 4960 1472 5015 dissolutionem
1510 4959 1635 5013 vitae
1669 4957 2036 5026 arripientes,

467 5071 537 5111 ne
564 5053 772 5110 scilicet
804 5050 1075 5114 molestia,
1106 5049 1302 5119 inquit,
1354 5047 1530 5103 affecti
1552 5087 1566 5114 ,
1601 5045 1868 5102 decedant
1920 5044 2034 5100 sol-

463 5157 676 5212 ventes,
707 5161 736 5200 a
760 5159 990 5216 corpore
1008 5141 1258 5199 videlicet
1291 5140 1669 5203 abscedentes,
1707 5139 1777 5194 ob
1801 5139 1908 5192 vim
1927 5148 2038 5192 toro

463 5251 798 5305 mentorum,
853 5237 1372 5305 ailiictationumque
1407 5249 1543 5304 quas
1591 5234 1647 5287 in
1697 5246 1915 5288 carcere
1941 5246 2035 5301 pa-

2145 4585 2237 4639 καί
2278 4584 2364 4637 ἵνα
2393 4583 2464 4655 μὴ
2499 4583 2855 4654 λυπούμενοι,
2902 4583 3064 4654 φησὶν
3086 4622 3100 4646 ,
3131 4578 3435 4634 ἀπέλθωσιν
3464 4576 3716 4631 ἐντεῦθεν

2145 4678 2483 4744 ἀναλύοντες,
2512 4678 2728 4732 ἀπὸτοῦ
2764 4677 3012 4749 σώματος
3056 4674 3293 4746 δηλονότι
3341 4671 3711 4742 ἐξερχόμενοι,

2147 4771 2283 4844 μετὰ
2330 4773 2450 4842 βίας
2481 4773 2579 4844 τῆς
2627 4774 2692 4825 ἐκ
2731 4771 2835 4825 τῶν
2882 4769 3154 4824 κολάσεων
3205 4767 3433 4834 καὶτῆς
3481 4769 3538 4818 ἐν
3589 4767 3714 4826 ταῖς

2141 4867 2382 4938 εἱρκταῖς
2431 4865 2826 4930 κακοπαθείαςο
2874 4867 2967 4918 καὶ
3009 4865 3095 4917 ἵνα
3144 4863 3218 4934 μή
3251 4877 3392 4922 τινες
3439 4857 3716 4929 πρόφασιν

2142 4958 2310 5030 σχῶσι
2334 4959 2427 5012 τοῦ
2455 4958 2740 5029 ἐκλυθῆναι
2773 4957 2866 5012 καὶ
2892 4955 3230 5029 χαυνωθῆναι
3256 4953 3388 5026 πρὸς
3407 4951 3496 5003 τὸν
3521 4947 3710 5017 ἀγῶνα

2137 5051 2238 5120 τῆς
2260 5050 2577 5123 ὁμολογίας,
2618 5051 2710 5103 καὶ
2755 5046 2843 5102 διὰ
2878 5047 3035 5100 τοῦτο
3065 5046 3316 5099 ἐκπεσεῖν
3337 5082 3351 5106 ,
3389 5041 3486 5112 τὴν
3537 5037 3709 5092 ἐπιτίσ

2142 5161 2324 5215 μησιν.
2363 5144 2570 5205 Οἰτινες
2623 5141 2820 5211 μᾶλλον
2865 5139 3329 5210 αἰσχυνθήσονται,
3373 5131 3512 5188 κατὰ
3556 5130 3616 5184 τὺ
3647 5131 3732 5183 ἐν’

2139 5235 2490 5305 Εὑςιγγελίοις
2520 5234 2804 5306 εἰρημένον
2823 5252 2837 5264 ·
2873 5235 2977 5300 Ὃς
3003 5231 3276 5303 θεμέλιον
3305 5230 3414 5282 οὐκ
3445 5225 3733 5294 ἴσχυσεν-ξ

464 5332 705 5397 tiuntur;
757 5344 821 5384 ac
847 5343 916 5382 ne
939 5328 1032 5400 qui
1063 5325 1470 5381 excusatidnem
1494 5321 1787 5395 prteferant
1817 5322 2035 5376 mulcta:
2135 5326 2468 5381 ἐκτελέσαι.

458 5431 651 5500 hujus,
681 5427 752 5483 ob
773 5442 937 5498 quam
966 5426 1021 5480 in
1051 5421 1419 5479 confessionis
1452 5421 1754 5476 certamine
1793 5418 2098 5475 dissolutos
2121 5436 2184 5478 ac
2227 5425 2453 5494 ignavos
2505 5439 2564 5480 se
2620 5432 2928 5494 gesserunt,
2977 5431 3140 5493 atque
3190 5421 3313 5476 ideo
3367 5415 3728 5475 ceciderunt;

458 5519 562 5586 Qui
618 5519 802 5590 potius
851 5519 1052 5575 rubore
1088 5513 1488 5580 suﬁ‘undentnr,
1534 5511 1688 5583 juxta
1722 5512 1853 5568 illud
1889 5511 2032 5582 quod
2068 5513 2122 5569 in
2156 5515 2447 5590 Evangelia
2477 5518 2677 5573 dicitur
2722 5537 2737 5575 :

456 5615 612 5682 periit:
621 5629 725 5668 ere.
751 5626 756 5634 '

2793 5517 2896 5585 Qui
2939 5517 3333 5588 fundamentum
3381 5527 3484 5569 non
3533 5507 3728 5597 potuit.
