4088 6284
304 336 404 391 495

1523 345 1855 403 EPISTOLA
1893 344 2269 404 CANONICA.-

3406 356 3510 415 496

318 454 707 527 Ἐπεξήγησις
754 463 1043 536 papam
1101 464 1249 518 κατὰ
1314 467 1419 519 τοῦ
1478 466 1850 536 Μουζάλωνος

1961 465 2226 534 Digressio
2261 479 2376 535 qua:
2402 476 2514 520 tota
2554 466 2800 525 adversus
2840 465 3173 527 Majalanem
3200 474 3511 535 intenditur,

960 548 1182 588 απασα.

381 635 854 709 Ἐπιστησάτωσαν
879 641 938 695 δὲ
969 642 1059 695 τὸν
1090 642 1213 696 νοῦν
1248 646 1357 707 τοῖς
1387 645 1536 717 παρὰ
1566 646 1659 700 τοῦ
1696 649 1860 718 μεγά-

303 727 388 782 λου
427 729 579 783 τοῦδε
617 720 829 804 Πατρὸς
861 734 953 787 καὶ
1002 735 1389 808 ίερομὰρτυρος
1432 726 1736 810 εἰρημένοις
1771 743 1858 795 ὲν-

298 819 468 875 ταῢθα
507 823 557 874 oi
602 822 848 892 λέγοντες
880 825 1135 880 δύνασθαι
1177 828 1301 892 τοὺς
1346 830 1618 902 ἀρχιερεῖς
1662 850 1859 904 παραι-

297 909 502 996 τεῖσθαι
544 912 643 977 τὰς
669 915 958 996 ἐκκλησίας
998 906 1196 981 αύτῶν,
1240 923 1333 975 καὶ
1367 927 1737 994 παρακρατείν
1760 924 1856 996 τὴν

302 989 610 1076 ἱερωσύνην.
645 992 706 1058 Et
733 1007 839 1078 γὰρ
869 997 916 1061 οἱ
956 995 1089 1081 πρὸς
1113 997 1395 1082 ὁμολογίας
1425 989 1608 1082 ἀγῶνα
1644 989 1858 1082 ἑκόντες

297 1088 631 1166 ὁρμήσαντες
684 1084 951 1180 κληρικόὶ,
985 1094 1080 1155 καὶ
1124 1104 1469 1171 κολασθέντες
1506 1109 1598 1161 καὶ
1634 1109 1708 1180 μὴ
1747 1112 1859 1164 ὲπιδ

300 1186 592 1272 μείναντες,
623 1178 755 1244 ἀλλά
781 1181 1035 1259 ἐνδόντες,
1072 1192 1189 1250 εἶτα
1215 1178 1671 1265 ἀναπαλαίσαντες
1696 1178 1856 1272 μόλις

294 1266 566 1346 ἀξιούνται
595 1277 937 1363 συγγνώμης,
964 1288 1042 1350 είς
1077 1288 1138 1342 τὸ
1171 1289 1269 1361 τὴν
1291 1290 1625 1363 λειτουργίαν
1654 1266 1855 1349 ἀναϐαζ

293 1366 421 1426 λεῖψ
444 1373 593 1456 κατά
621 1362 709 1427 τδν
744 1370 883 1429 θεῖον
907 1377 1094 1433 τοῦτον
1125 1380 1363 1454 Πατέρα,
1388 1362 1538 1436 οὐδὲν
1564 1384 1747 1456 ἕτερον
1771 1388 1857 1454 ὲγ-

296 1454 630 1535 καλούμενοι,
670 1463 701 1537 ἥ
737 1456 796 1519 τὸ
844 1468 1158 1524 καταλιπεῖν
1200 1472 1325 1535 τοὺς
1377 1454 1668 1543 ἀδελφούς,
1698 1476 1855 1529 δυνά-

293 1571 442 1623 μενοι
473 1547 653 1620 αὐτοῖς
694 1558 751 1610 ὲν
785 1558 959 1631 καιρῷ
1001 1561 1367 1630 περιστάσεως
1404 1554 1689 1635 εὔχρηστοι
1715 1560 1852 1620 εἶναι

290 1638 369 1710 είς
397 1634 457 1701 τὸ
490 1647 759 1721 στηρίζειν
787 1651 1001 1715 αὐτοὺς,
1030 1653 1123 1707 κα)⁸
1147 1653 1317 1708 ταῦτα
1350 1634 1649 1728 μαρτυρίας
1686 1656 1852 1722 ἀξιωο

2025 637 2295 713 Adjiciant
2324 659 2487 716 porro
2529 631 2768 701 animum
2815 648 2884 705 iis
2909 654 3031 721 qua
3066 637 3137 707 ab
3183 650 3287 709 hoc
3315 669 3515 728 magno

1956 731 2138 798 Patre,
2168 748 2232 789 ac
2262 744 2450 790 sancto
2483 728 2719 807 martyre
2748 737 2854 793 hoc
2881 739 3003 795 loco
3030 741 3192 796 allata
3223 752 3373 809 sunt,
3412 734 3511 816 qui

1956 814 2146 882 dicunt
2171 827 2444 899 episcOpis
2474 828 2638 886 licere
2678 830 2939 888 ecclesias
2968 849 3097 890 suas
3124 814 3513 904 dimittereiac’

1955 918 2242 973 sacerdotii
2272 917 2588 989 dignitatem
2636 918 2894 978 retinere.
2948 923 3160 981 Etenim
3210 928 3257 984 si
3296 929 3512 986 clericis

1955 992 2048 1078 qui
2071 1016 2264 1080 sponte
2293 1025 2353 1065 se
2382 1011 2668 1066 certamini
2692 1013 3057 1072 confessionis
3087 1012 3422 1090 abiecerant,
3444 1034 3509 1078 ac

1955 1099 2237 1156 tormentis
2266 1098 2448 1156 aﬂ‘ecti
2479 1101 2660 1157 minus
2693 1098 3009 1161 constanter
3036 1108 3380 1178 obstiterant,
3413 1098 3511 1168 sed

1956 1195 2240 1261 postquam
2285 1199 2585 1257 cesserant,
2618 1192 2675 1250 in
2720 1189 2993 1254 certamen
3030 1186 3380 1260 redeuntibus
3418 1205 3508 1259 vis

1953 1281 2270 1336 conceditur
2299 1282 2475 1348 venia,
2498 1283 2644 1354 quod
2693 1287 2909 1342 sacrum
2955 1274 3317 1347 ministerium
3356 1282 3513 1351 obire

1953 1371 2328 1441 distulissent;
2375 1388 2476 1429 nec
2503 1390 2570 1430 ex
2618 1363 2779 1445 hujus
2822 1377 2992 1434 divini
3023 1372 3201 1438 Patris
3238 1371 3511 1442 sententia

1952 1462 2246 1535 quidquam
2273 1464 2421 1520 aliud
2448 1467 2582 1537 ipsis
2610 1453 2890 1538 obiicitur,
2926 1487 3089 1541 quam
3125 1458 3272 1543 quod
3309 1468 3513 1535 fratres

1951 1554 2340 1623 deseruissent,
2372 1572 2496 1612 cum
2526 1558 2766 1616 adversis
2791 1576 2856 1617 ac
2893 1560 3222 1623 turbulentis
3251 1555 3481 1640 tempori
3492 1597 3508 1612 ο

1952 1646 2054 1703 bus
2085 1660 2307 1723 possent
2336 1639 2466 1737 ipsis
2501 1652 2557 1705 in
2601 1649 2707 1736 ﬁde
2733 1642 3119 1712 confirmandis
3158 1672 3282 1715 esse
3308 1645 3509 1740 utiles:

291 1737 490 1806 θέντες,
514 1739 605 1792 καὶ
627 1740 694 1794 τὰ
714 1742 980 1814 στίγματα
1003 1746 1096 1799 τοῦ
1129 1747 1365 1818 Χριστοῦ
1384 1726 1442 1801 ὲν
1466 1752 1533 1835 τῇ
1563 1750 1723 1821 σαρκὶ
1752 1750 1850 1802 αύ-

1953 1733 2116 1806 idque
2144 1752 2267 1792 cum
2320 1747 2373 1824 et
2401 1730 2547 1810 digni
2584 1726 2754 1796 habiti
2805 1752 2989 1829 essent
3016 1746 3106 1814 qui
3128 1726 3510 1828 testimonium

288 1830 396 1885 τῶν
443 1832 857 1904 περιφέροντες·
908 1836 1024 1902 πῶς
1073 1839 1357 1911 ἀρχιερεὺς
1395 1830 1488 1894 καί
1532 1840 1753 1912 ποιμὴν,
1792 1841 1850 1905 ὃς

1951 1827 2298 1895 perhiberent
2326 1828 2468 1894 ﬁdei,
2499 1837 2550 1885 et
2583 1831 2838 1902 stigmata
2885 1827 3089 1892 Christi
3115 1827 3171 1892 in
3210 1855 3311 1896 sua
3339 1856 3512 1900 came

288 1918 489 1986 ὀφείλει
512 1920 713 1977 τιθέναι
735 1922 830 1995 τὴν
858 1923 1032 1998 ψυχὴν
1061 1928 1198 2000 ὑπὲρ
1221 1918 1327 1982 τῶν
1361 1928 1663 1998 προϐάτων,
1684 1946 1852 1982 κατα-

289 2008 458 2065 λιπὼν
484 2012 580 2084 τὴν
609 2013 1055 2084 ἐμπιστευθεῖσαν
1082 2019 1311 2090 ποίμνην
1343 2017 1508 2089 αὐτῷ,
1537 2019 1630 2073 καὶ
1651 2037 1850 2093 παραι-

289 2103 589 2175 τησάμενος
625 2107 724 2178 τὴν
766 2108 933 2179 αὐτῆς
971 2110 1223 2181 φροντίδα
1263 2101 1358 2165 καί
1395 2111 1727 2182 ἐπιμέλειαν,
1755 2109 1852 2167 καὶ

287 2197 409 2249 ὅσον
457 2196 518 2250 τὸ
565 2200 684 2251 κατ’
724 2200 884 2254 αὐτὸν
926 2203 1036 2265 τοῖς
1077 2201 1260 2267 λύκοις
1289 2203 1489 2276 ταύτην
1521 2201 1848 2269 ἐκδεδωκὼς,

289 2286 605 2366 ἀντέχεσθαι
633 2290 730 2360 τῆς
758 2290 1089 2364 λειτουργίας
1113 2291 1317 2358 δίκαιος
1337 2292 1734 2366 λογισθήσεται,
1759 2292 1852 2345 καὶ

287 2364 348 2428 ού
386 2375 580 2448 μᾶλλον
634 2376 945 2452 βαρυτάτων
990 2384 1274 2454 ἐπιτιμίων
1317 2364 1633 2457 κριθήσεται
1681 2381 1848 2449 ἄξιος,

286 2473 374 2528 διὰ
406 2477 502 2549 τὴν
544 2472 636 2530 τοῦ
682 2475 1025 2540 ἀνατεθέντος
1068 2477 1214 2547 αὐτῷ
1261 2478 1389 2532 λαοῦ
1443 2472 1847 2553 ἐγκατάλειψιν;

302 2565 458 2619 Ἀλλά
482 2558 576 2620 κα⁴ι
599 2566 765 2637 γέρας
793 2567 932 2638 ὑπὲρ
974 2567 1174 2638 ταύτης
1200 2570 1430 2641 αἰτήσει,
1456 2572 1494 2642 ἢ
1529 2572 1723 2642 μᾶλλον
1756 2575 1852 2645 αύ-

287 2645 378 2719 τδς
404 2656 578 2728 ἑαυτῷ
611 2657 865 2729 παρέξεν
905 2656 968 2710 τὸ
1016 2658 1113 2728 μὲν
1158 2660 1323 2713 κόπον
1375 2661 1662 2734 προξενοῦν
1704 2663 1850 2736 αὐτῷ

290 2739 736 2820 παραιτούμενος,
768 2749 866 2818 τὴν
893 2748 1234 2805 διδασκαλίαν
1276 2753 1417 2823 φημὶ
1463 2743 1556 2808 καὶ
1601 2756 1698 2828 τὴν
1740 2756 1850 2831 τῶν

290 2840 669 2913 ἀφαλλομένων
697 2842 994 2915 διόρθωσιν,
1020 2844 1079 2897 τὸ
1113 2844 1169 2898 δὲ
1202 2834 1353 2909 δόξαν
1387 2848 1480 2901 καὶ
1508 2850 1670 2920 τιμὴν
1694 2867 1849 2923 περι-

291 2934 476 2990 ποιοῦν
523 2936 928 3007 παρακατέχων,
975 2936 1068 2988 καὶ
1111 2924 1493 3007 οἰκειούμενος,
1545 2939 1637 2994 καὶ
1663 2941 1849 2996 τούτου

289 3017 456 3100 ἀπρὶξ
486 3015 756 3100 ἐχόμενος,
782 3028 874 3082 καὶ
910 3028 1071 3099 μηδὲν
1102 3028 1507 3101 μεθιστάμενος.
1537 3032 1600 3085 Εἰ
1628 3033 1734 3105 γὰρ
1759 3034 1851 3088 ἐπὶ

287 3118 560 3191 κληρικῶν
614 3119 915 3191 παράλογος
957 3120 1244 3191 ὠνομάσθη
1285 3121 1502 3192 πρᾶξις,
1537 3122 1597 3176 τὸ
1638 3126 1849 3183 καταλι-

287 3200 406 3264 πεῗν
427 3211 518 3264 τὸν
562 3205 705 3272 λαδν,
739 3212 832 3264 καὶ
870 3210 1005 3272 πρὸς
1036 3209 1126 3264 τὸν
1154 3211 1292 3272 ὑπὲρ
1313 3200 1588 3272 εὐσεϐείας
1623 3206 1850 3272 αὐτομο-

1951 3122 2107 3173 nens,
2152 3124 2332 3180 neque
2359 3118 2445 3167 vel
2470 3118 2743 3171 tantillum
2792 3119 3097 3177 remittens.
3135 3120 3193 3176 Si
3222 3123 3370 3178 enim
3413 3118 3509 3179 ubi

1949 3198 2016 3254 de
2045 3192 2261 3256 clericis
2299 3208 2384 3259 e’st
2429 3220 2629 3271 sermo,
2666 3208 2813 3265 actio
2856 3212 3056 3269 rationi
3093 3213 3299 3269 absona
3329 3204 3511 3272 nomi-'

287 3200 406 3285 πεῗν
427 3211 518 3264 τὸν
562 3205 705 3274 λαδν,
739 3212 832 3264 καὶ
870 3210 1005 3280 πρὸς
1036 3209 1126 3264 τὸν
1154 3211 1292 3282 ὑπὲρ
1313 3200 1588 3277 εὐσεϐείας
1623 3206 1850 3287 αὐτομο-

286 3281 440 3373 λῆσαι
469 3301 653 3370 ἀγῶνα
671 3319 684 3333 υ
713 3303 862 3373 πόσῳ
889 3301 1046 3355 πλέον
1072 3281 1519 3375 παραλογώτερον
1545 3305 1610 3359 ἂν
1638 3281 1846 3379 κριθείη

288 3380 378 3445 ὲπὶ
424 3381 721 3447 ἐπισκόπου
764 3394 1148 3458 καταλιπόντος
1202 3394 1294 3448 τὸν
1336 3397 1532 3450 οἰκεῖον
1563 3384 1708 3460 λαὸν,
1753 3400 1849 3453 καὶ¹

287 3474 347 3536 οὗ
378 3473 512 3554 πρδς
555 3470 740 3553 ἀγῶνα
789 3482 1107 3555 χωροῦντος,
1163 3483 1297 3556 πρὸς
1337 3485 1616 3557 ῥᾳστώνην
1657 3487 1713 3540 δὲ
1757 3489 1850 3541 καὶ

287 3562 602 3640 ἀνάπαυσιν,
621 3564 714 3629 καὶ
733 3574 1026 3647 φροντίδων
1052 3575 1189 3647 ὑπὲρ
1207 3574 1471 3645 ὠφελείας
1499 3577 1684 3649 ψυχῶν
1716 3568 1849 3633 ἀπό-

287 3665 431 3738 θεσιν
458 3668 552 3720 καὶ
575 3656 902 3738 ἀπόδρασίν;
927 3667 1038 3721 Καὶ
1068 3669 1096 3721 ὁ
1121 3673 1195 3733 ις’
1221 3666 1277 3720 δὲ
1302 3667 1478 3722 κανὼν
1497 3670 1596 3741 τῆς
1616 3660 1848 3743 ἑϐδόμης

285 3761 661 3832 ιίκουμενικῆς
708 3760 920 3814 συνόδου
962 3760 1159 3831 πολλὴν
1190 3761 1513 3833 ἀϐελτηρίαν
1560 3767 1850 3835 κατηγορεῖ

285 3849 391 3903 τῶν
420 3839 798 3922 ψηφιζομένων
820 3850 1074 3904 δύνασθαι
1123 3851 1249 3914 τοὺς
1298 3854 1572 3923 ἀρχιερεῖς
1610 3855 1705 3919 τὰς
1739 3856 1855 3908 tm:

288 3944 491 4008 σκοπάς
514 3930 910 4015 παραιτεῖσθαι,
933 3944 1032 4014 τὴν
1053 3944 1110 3998 δὲ
1138 3944 1433 4017 ἱερωσύνην
1458 3952 1842 4019 παρακρατεῖν.

287 4028 348 4091 Et
372 4036 478 4120 γάρ
499 4039 639 4094 κατά
664 4028 754 4119 τδν
779 4039 1061 4120 εἰρημένον
1088 4041 1285 4096 κανόνα
1311 4045 1341 4096 ὁ
1362 4044 1673 4109 ἐπίσκοπος,
1709 4047 1847 4120 ὑπὲρ

286 4118 345 4180 τὸ
375 4116 635 4201 ἑξάμηνον
669 4118 766 4200 τῆς
797 4114 1003 4195 οίκείας
1038 4125 1390 4205 ἀποδημήσας
1431 4135 1731 4207 ἐπισκοπῆς
1759 4114 1847 4208 [ἂν

291 4220 387 4293 μὴ]
423 4223 549 4293 μιᾶς
583 4221 689 4276 τῶν
725 4222 1191 4295 ἀπηριθμημένων
1228 4226 1286 4278 ὲν
1322 4212 1470 4297 αύτῷ
1515 4228 1723 4293 αίτιῶν,
1754 4231 1848 4283 καὶ

284 4314 381 4384 τῆς
410 4302 708 4389 ἐπισκοπῆς
738 4302 834 4370 καί
865 4318 960 4389 τῆς
1002 4302 1407 4390 ἀρχιερωσύνης
1449 4321 1723 4389 ἐκπίπτει,
1754 4325 1848 4377 καὶ

286 4404 484 4489 ἀμφοίν
508 4404 856 4492 ἠλλοτρίωται
874 4423 887 4436 ·
916 4406 1031 4486 πῶς
1053 4408 1082 4460 ὁ
1104 4409 1573 4489 παραιτησάμενος
1599 4410 1698 4492 τὴν
1729 4412 1848 4466 ὲπι-

1950 1917 2363 1973 circumferrent'
2391 1939 2405 1974 :
2437 1935 2671 1990 quonam
2705 1922 2866 1978 modo
2896 1940 3145 1985 summus
3174 1932 3432 1990 sacerdos
3452 1933 3513 1991 et

1948 2008 2155 2090 pastor,
2187 2007 2280 2081 qui
2325 2027 2424 2081 pro
2464 2015 2656 2069 ovibus
2691 2004 2850 2071 debet
2879 2019 3114 2074 animam
3147 2036 3370 2092 ponere,
3410 2013 3507 2083 de-

1951 2108 2097 2154 serto
2127 2116 2289 2173 grege
2326 2103 2429 2158 sibi
2467 2108 2784 2175 commisso,
2819 2098 3046 2183 ejusque
3085 2114 3218 2169 cura
3244 2124 3301 2172 et
3328 2118 3512 2175 admi-'

1950 2189 2275 2250 nistratione
2316 2196 2618 2266 repudiata,
2653 2209 2708 2255 et
2738 2209 3003 2272 quantum
3040 2205 3261 2275 quidem
3298 2209 3355 2264 in
3384 2211 3511 2284 ipso

1949 2287 2033 2338 es‘t
2059 2299 2125 2340 eo
2148 2286 2289 2356 lupis
2314 2287 2550 2357 prodito,
2586 2290 2779 2363 dignus
2804 2295 3080 2364 putabitur
3104 2297 3198 2368 qui
3228 2302 3374 2356 sacri
3402 2303 3506 2357 mi-

1949 2376 2164 2433 nisterii
2215 2377 2533 2450 dignitatem
2590 2378 2858 2452 retineat,
2905 2402 2969 2443 ac
3005 2404 3116 2445 non
3164 2392 3511 2463 gravissimis

1949 2469 2131 2539 potius
2160 2471 2336 2540 poenis
2364 2474 2509 2541 quod
2540 2475 2643 2530 sibi
2664 2479 3099 2554 commendatum
3125 2485 3386 2554 populum
3409 2486 3505 2541 de-

1950 2560 2204 2627 seruerit,
2237 2554 2584 2620 muictandus
2613 2581 2735 2622 esse
2756 2551 3299 2640 j'udicabiturirQuin
3321 2578 3510 2646 potius

1948 2651 2018 2705 ob
2048 2667 2166 2708 eam
2211 2669 2327 2708 rem
2362 2659 2645 2739 praamium
2686 2659 2965 2739 deposcet,
2997 2665 3106 2719 imo
3137 2666 3241 2722 sibi
3266 2652 3511 2739 ipsemet:

1950 2742 2348 2813 suppeditabit;
2390 2736 2536 2818 quod
2559 2750 2776 2820 quidem
2819 2738 3056 2811 laborem
3085 2741 3196 2826 ipsi
3219 2736 3375 2814 aﬁ‘ert
3416 2775 3509 2815 rea

1949 2846 2172 2900 cusans,
2226 2834 2454 2893 docendi
2499 2832 2752 2897 videlicet
2801 2859 3002 2902 munus
3044 2840 3286 2919 vitiaque
3329 2851 3507 2906 corri-

1951 2923 2144 2992 gendi;
2192 2924 2494 3008 quodjvero
2525 2929 2753 2999 gloriam
2794 2947 2859 2988 ac
2889 2924 3057 2990 decus
3089 2923 3346 2992 conciliat
3387 2946 3510 2994 am?

1949 3017 2211 3087 plectens,
2243 3012 2456 3090 sibique
2505 3022 2803 3090 asciscens,
2849 3027 3234 3099 mordicusque
3276 3018 3348 3086 id~
3375 3020 3507 3091 reti-

1951 3122 2107 3173 nens,
2152 3124 2332 3180 neque
2359 3112 2445 3167 vel
2470 3109 2743 3171 tantillum
2792 3111 3097 3177 remittens.
3135 3110 3193 3176 Si
3222 3110 3370 3178 enim
3413 3115 3509 3179 ubi

1948 3292 2072 3371 nata
2101 3290 2173 3346 sit
2196 3290 2444 3347 deserere
2482 3294 2762 3366 populum,
2794 3291 2958 3370 atque
2986 3288 3056 3354 ad
3086 3310 3360 3359 certamen
3388 3293 3507 3375 pie-

1944 3380 2074 3433 tatis
2105 3394 2273 3435 causa
2316 3384 2732 3453 transmigrare;
2773 3396 2979 3456 quanto
3023 3389 3075 3443 id
3118 3380 3290 3463 magis
3332 3409 3366 3447 a
3416 3408 3509 3449 ra-’

1948 3469 2094 3525 tione
2125 3466 2361 3527 alienum
2406 3475 2467 3528 in'
2497 3476 2754 3548 episcopo
2785 3478 3141 3549 judicabitur,
3187 3483 3281 3553 qui
3331 3496 3508 3556 popu-e

1947 3561 2060 3616 lum
2085 3577 2245 3618 suum
2285 3564 2506 3633 deserit,
2538 3583 2649 3622 non
2679 3577 2742 3622 ut
2772 3570 2840 3624 ad
2865 3570 3141 3629 certamen
3167 3569 3376 3641 tendat,
3408 3579 3508 3633 sed

1948 3657 2008 3705 ut
2035 3652 2203 3723 quieti
2225 3669 2286 3710 se
2319 3668 2384 3710 ac
2423 3643 2731 3713 remissioni
2760 3656 2963 3725 tradat,
2990 3648 3265 3734 curasque
3288 3680 3388 3735 pro
3415 3682 3511 3721 sa-'

1950 3747 2064 3803 lute
2089 3746 2395 3803 animarum
2421 3747 2655 3819 deponat
2679 3765 2743 3805 ac
2769 3748 3009 3822 eﬂ‘ugiat.
3036 3751 3290 3811 Decimus
3315 3767 3507 3814 sextus

1948 3852 2165 3911 quoque
2194 3855 2369 3895 canon
2417 3826 2658 3912 septimae
2690 3843 3044 3898 mcumenicaa'
3078 3834 3293 3916 synodi,
3323 3840 3506 3902 stulti-

1952 3933 2042 3987 tiae
2064 3930 2300 4003 graviter
2332 3940 2551 3988 accusat
2572 3948 2667 3988 eos
2695 3933 2789 4003 qui
2820 3934 2889 3989 ab
2910 3934 3189 4006 episcopo,
3220 3939 3508 4009 repudiato

1949 4010 2288 4093 episcopatu,
2314 4016 2455 4078 sacri
2473 4012 2761 4080 ministerii
2780 4018 3097 4095 dignitatem
3113 4017 3505 4101 retineriposse

1947 4116 2264 4170 decernunt.
2302 4110 2361 4169 Si
2396 4128 2630 4185 namque
2661 4131 2729 4170 ex
2757 4117 2984 4174 canonis
3029 4111 3179 4173 allati
3208 4122 3503 4187 sententia,

1946 4194 2234 4276 episc0pus
2263 4206 2358 4277 qui
2386 4206 2524 4260 ultra
2557 4215 2819 4263 semestre
2850 4204 3065 4280 tempus
3101 4224 3133 4265 a
3164 4226 3265 4267 suo
3288 4212 3504 4284 episco-

1947 4307 2072 4369 patu
2109 4292 2363 4364 abfuerit,
2398 4298 2501 4354 nisi
2538 4296 2647 4354 una
2692 4299 2873 4370 aliqua
2902 4316 2970 4357 ex
3012 4301 3081 4359 iis
3115 4317 3235 4374 quae
3281 4304 3354 4360 ibi
3398 4310 3505 4360 mp

1945 4399 2248 4455 merantur,
2300 4406 2467 4447 causa
2523 4382 2924 4459 intercesserit,
2972 4388 3028 4450 et
3083 4398 3401 4467 episcopatu
3446 4396 3503 4453 et

287 4484 512 4569 σκοπὴν,
535 4483 628 4552 καί
653 4476 1029 4568 ἀπαγορεύσας
1061 4476 1253 4570 μηκέτι
1282 4476 1584 4569 ποιμαίνειν
1608 4476 1667 4553 τό
1685 4501 1845 4571 ἐμπι-

1949 4478 2144 4533 summi
2167 4476 2459 4535 sacerdotii
2489 4480 2753 4552 dignitate
2781 4483 3006 4548 excidit,
3046 4499 3111 4540 ac
3138 4493 3369 4556 utroque
3387 4478 3506 4557 pri-

287 4589 504 4644 στευθὲν
556 4576 702 4661 αύτῷ
756 4576 1020 4661 ποίμνιον,
1053 4577 1146 4644 καὶ
1192 4577 1290 4661 τῆς
1335 4589 1522 4643 τούτου
1572 4592 1846 4675 φροντίδος

285 4669 518 4764 διάμβίου
552 4682 983 4764 καταφρονήσας,
1012 4681 1096 4753 εἴη
1138 4680 1205 4735 ἂν
1243 4682 1559 4764 ἀρχιερεύςς
1598 4669 1659 4737 Εἰ
1685 4671 1846 4756 γάρό

286 4770 346 4824 τὸ
369 4760 529 4844 ἧττον
555 4756 898 4843 ἁμαρτάνων,
928 4771 988 4825 τὸ
1019 4772 1109 4825 ἐπὶ
1147 4770 1305 4825 πλέον
1340 4758 1687 4844 έξαμηνιαίου
1728 4791 1849 4828 και-

292 4861 382 4934 ροῦ
421 4862 735 4948 καταλιπεῖν
779 4863 869 4947 τὸν
908 4865 1012 4944 ὑπ’
1047 4862 1206 4917 αὐτὸν
1244 4863 1378 4948 ,λαὸν
1420 4864 1746 4947 ἀποίμαντόν
1786 4882 1846 4948 τε

289 4942 380 5009 καί
391 4942 746 5028 ἀτημέλητον,
765 4940 1032 5010 ἑκπτὼσει
1073 4957 1170 5041 ,καὶ
1192 4941 1290 5026 τῆς
1314 4940 1736 5041 ἐπισκοπῆς.καὶ
1748 4941 1847 5028 τῆς

290 5037 581 5131 ἱερωσύνης
605 5035 890 5119 ἀφίσταται
928 5067 940 5079 ·
969 5052 997 5103 ὁ
1025 5036 1086 5104 τό
1110 5040 1302 5121 μᾶλλον
1331 5049 1424 5131 καὶ
1463 5049 1525 5102 τὸ
1548 5035 1849 5131 πολλαπλά-

291 5155 399 5191 σιον
435 5130 788 5210 πλημμελῶν,
837 5140 897 5194 τὸ
939 5141 1003 5193 δι’
1032 5140 1152 5194 ὅλου
1185 5130 1499 5194 καταλιπεῖν
1540 5138 1609 5193 τά
1646 5130 1845 5211 πλήθη,

289 5227 430 5300 ἅπερ
461 5218 610 5300 αύτῷ
634 5221 945 5285 ὲπίσκοπεῗν
971 5248 1030 5285 τε
1054 5232 1145 5285 καὶ
1168 5216 1299 5303 όρᾷν
1384 5229 1476 5284 τοῦ
1506 5217 1646 5285 θείου
1675 5217 1850 5285 livet?-

293 5338 458 5392 ματος
500 5321 658 5395 χάρις
702 5322 938 5387 ἀνέθετο,
992 5322 1188 5395 μᾶλλον
1219 5321 1285 5377 ἂν
1333 5321 1419 5392 εἴη
1463 5321 1670 5386 δίκαιος
1717 5335 1849 5390 σφο-

288 5408 533 5483 δρότερον
562 5409 1005 5481 κολασθήσεσθαι,
1037 5410 1131 5463 καί
1179 5409 1397 5480 μείζονα
1444 5406 1708 5479 τιμωρίαν
1744 5406 1846 5477 ὑφ-

290 5498 430 5566 έξειν
447 5501 547 5571 τῆς
563 5504 684 5556 ὅσον
712 5501 799 5554 ἐπ’
822 5499 1011 5571 ἐκείνῳ
1035 5499 1304 5564 ἀπωλείας
1333 5497 1604 5569 ποιμνίου,
1637 5492 1696 5552 οὗ
1718 5496 1849 5570 προ-

291 5592 560 5664 εχειρίσθη
589 5592 789 5665 ποιμὴν
810 5590 961 5664 παρά
980 5591 1072 5646 τοῦ
1116 5590 1333 5665 πρώτου
1355 5591 1449 5645 καὶ
1479 5588 1710 5677 μεγάλου
1744 5591 1847 5661 ap.

290 5682 515 5759 χιερέως
532 5686 627 5739 καὶ⁸
655 5677 1053 5758 ἀρχιποιμένος.
1078 5684 1140 5738 0i
1167 5682 1224 5737 δὲ
1253 5682 1348 5738 καὶ
1371 5682 1539 5754 γέρας
1572 5681 1718 5754 αὐτῷ
1754 5682 1848 5737 καὶ

299 5775 643 5850 ἀμοιϐὴντῆς
673 5777 1047 5847 παραιτήσεως
1078 5773 1526 5846 ὲπιψηφιζόμενοι
1565 5772 1663 5844 τὴν
1695 5775 1846 5846 ἱερω-

1947 4567 2104 4626 vatur
2129 4590 2142 4626 ε
2168 4570 2401 4642 quonam
2434 4576 2594 4630 modo
2624 4579 2718 4647 qui
2758 4577 3064 4646 repudiavit
3106 4577 3502 4649 episcopatum,

1947 4664 2318 4737 creditumque
2345 4668 2449 4722 sibi
2473 4684 2690 4740 gregem
2718 4669 2896 4724 adhuc
2915 4684 3139 4741 pascere
3156 4672 3378 4727 omnino
3405 4670 3504 4729 ab-

1947 4758 2085 4825 nuit,
2115 4758 2343 4829 ejusque
2371 4775 2557 4815 curam
2588 4762 2780 4818 inertis
2806 4758 2926 4818 vita:
2959 4754 3141 4819 studio
3178 4767 3501 4833 contemnit,

1947 4851 2126 4907 adhuc
2161 4853 2217 4908 in
2250 4855 2630 4924 episcoporum
2667 4869 2899 4910 numero
2936 4840 3266 4911 habebitur?
3284 4845 3503 4914 Etenim

1948 4941 1992 4996 si
2026 4942 2119 5012 qui
2157 4930 2340 5000 minus
2378 4940 2664 5015 delinquit,
2707 4954 2768 5000 ut
2814 4940 2956 5000 ultra
2985 4945 3247 5003 semestre
3287 4955 3505 5021 tempus

1948 5024 2247 5101 subjectum
2297 5036 2401 5091 sibi
2443 5037 2699 5107 populum
2740 5037 2971 5107 pastoris
3014 5053 3147 5094 cura
3178 5047 3232 5095 et
3270 5035 3505 5119 ad-miui-

1948 5126 2208 5181 str’atione
2237 5120 2561 5181 destitutum
2600 5128 2892 5199 relinquat,
2926 5130 3276 5202 episcopatus
3321 5139 3376 5187 et
3413 5147 3504 5186 sa-

1945 5220 2058 5273 crae
2078 5217 2358 5288 dignitatis
2387 5218 2740 5289 privationem
2765 5217 3026 5289 incurrit;
3057 5223 3235 5294 quiin
3270 5236 3337 5278 eo
3353 5223 3499 5293 quod

1945 5309 2125 5380 majus
2164 5316 2219 5365 et
2254 5310 2442 5366 multis
2485 5310 2731 5382 partibus
2776 5313 2997 5384 gravius
3041 5321 3149 5379 est,
3185 5318 3395 5384 peccat,
3442 5321 3503 5368 ut

1948 5402 2349 5459 multitudinem
2372 5418 2535 5476 quam
2554 5406 2658 5476 ipsi
2686 5407 2982 5463 curandam
3012 5416 3066 5462 et
3084 5404 3498 5463 custodiendam

1948 5495 2121 5550 sancti
2152 5490 2397 5564 Spiritus
2436 5495 2611 5567 gratia
2654 5495 2948 5558 commisit.
2992 5496 3215 5551 omnino
3251 5492 3500 5559 desenat;

1946 5586 2142 5642 merito
2168 5586 2328 5657 plane
2366 5586 2622 5658 punietur
2644 5587 3043 5648 vehementius,
3088 5582 3503 5656 gravioremque

1946 5692 2161 5749 pcenam
2189 5679 2483 5750 persolvet,
2507 5678 2726 5750 perditi,
2754 5677 2899 5753 quod
2925 5678 2987 5751 in
3014 5678 3134 5747 ipse
3161 5680 3268 5741 est,
3297 5676 3499 5747 gregis,

1947 5770 2105 5843 cujus
2129 5772 2244 5842 ipse
2268 5781 2455 5843 pastor
2475 5788 2505 5827 a
2530 5772 2796 5846 primario
2829 5770 2922 5826 illo
2942 5782 3008 5826 ac
3034 5782 3291 5841 supremo
3315 5781 3505 5827 sacer-
