4088 6284
520 358 626 423 ινδ
1494 367 1552 425 s.
1594 365 1797 423 rem
1833 350 2294 422 ALEXANDRIN]
2329 367 2638 426 EPISCOPI
3636 361 3743 422 495

519 467 647 545 dote
694 493 748 543 et
777 485 999 542 Pastore
1047 494 1265 542 creatus
1312 493 1417 542 est.
1460 485 1562 552 Qui
1608 500 1739 542 vero
1786 485 1892 555 ipsi
1937 500 2057 555 prae

2172 483 2354 557 σύνην,
2381 482 2551 558 οἶμαι,
2585 484 2679 540 κα)⁴
2710 485 2934 549 ἑαυτοὺς
2961 483 3207 539 κάκεῖνον
3231 482 3557 549 ὑπευθύνους
3591 486 3749 557 ποιή-

519 578 687 634 mium
730 578 953 646 insuper
988 590 1051 630 ac
1086 575 1372 633 detrectati
1406 576 1647 632 muneris
1690 575 2057 642 honorarium,

2176 594 2325 631 σουσι
2357 577 2435 649 τῷ
2462 577 2687 648 κρίματι
2711 577 2804 629 τοῦ
2834 574 2989 628 Θεοῦ.

519 669 805 728 sacerdotii
855 669 1174 741 dignitatem
1223 671 1549 731 decernunt:
1603 679 1656 725 et
1706 671 1858 725 illum
1914 679 1968 727 et
2011 687 2068 727 se
2086 673 2267 744 .ipsos,
2322 689 2440 729 mea
2496 673 2711 744 quidem
2749 673 3042 739 sententia,
3083 670 3178 728 Dei
3225 671 3429 743 judicio
3477 669 3748 726 obnoxios

519 758 873 817 constituent.

2774 850 3014 904 ΚΑΝΩΝ
3042 850 3145 903 ῐΑ’.

2208 933 2213 939 ’
2252 966 2271 998 ‹
2310 947 2371 1000 Οί
2401 948 2511 1020 γὰρ
2552 946 2753 1019 πρῶτοι
2789 943 2864 1016 (8)
2893 942 3379 1014 παραπηδήσαντες
3405 943 3462 996 έν
3496 943 3575 1014 τῷ
3614 943 3739 1016 βράο

2181 1060 2200 1091 ί
2243 1058 2404 1112 σματι
2447 1039 2539 1110 τοῦ
2586 1036 2842 1109 διωγμοῦ,
2874 1035 3230 1107 περιεστῶτες
3259 1037 3340 1100 εἰς
3383 1037 3444 1090 τὸ
3487 1036 3757 1109 δικαστήτ

517 1150 537 1184 ι
584 1139 732 1202 tyres
766 1129 859 1200 qui
894 1128 963 1182 ad
995 1128 1234 1184 brabium
1276 1146 1515 1200 supernae
1547 1131 1834 1185 uocationis
1861 1142 1884 1171 ο
1919 1129 2057 1185 festi

2180 1152 2198 1183 ι
2249 1149 2378 1203 ριον,
2406 1132 2497 1186 καί
2527 1129 2851 1204 θεωροῦντες
2887 1130 3013 1194 τοὺς
3054 1127 3242 1197 ἁγίους
3273 1129 3552 1200 μάρτυρας
3580 1129 3719 1183 σπεύ
3747 1159 3750 1162 ~

516 1241 534 1273 ‹
583 1222 808 1283 nabant,
867 1221 1213 1293 aspicientes,
1270 1222 1499 1279 honesta
1544 1223 1885 1279 aemulatione
1934 1222 2057 1277 inci-

2179 1244 2195 1275 ι
2214 1215 2422 1288 ’δόντας
2472 1223 2569 1276 ἐπὶ
2619 1222 2685 1276 τὸ
2720 1221 3001 1291 βραϐεῖον
3038 1220 3148 1291 τῆς
3190 1220 3310 1274 ἄνω
3355 1220 3646 1289 κλήσεως,
3686 1224 3751 1277 ὲν

515 1334 534 1366 ι
580 1314 698 1380 tati,
732 1328 790 1370 se
816 1313 966 1385 ipsos
993 1314 1061 1369 ad
1086 1313 1192 1370 hoc
1219 1312 1581 1377 tradiderunt,
1606 1328 1801 1384 magna
1824 1313 2057 1369 libertate

2180 1334 2197 1367 ι
2240 1315 2386 1387 καλῷ
2436 1313 2513 1386 τῷ
2549 1313 2694 1386 ζήλῳ
2736 1313 3167 1385 προθυμούμενοι
3198 1310 3474 1366 ἐπεδίδουν
3520 1312 3747 1377 ἑαυτοὺς

513 1423 536 1457 ι
582 1411 822 1470 utentes,
867 1403 1103 1459 maxime
1128 1402 1376 1459 videntes
1413 1418 1508 1459 eos
1542 1403 1635 1473 qui
1678 1403 2057 1459 subtraheban-

2178 1425 2196 1456 ι
2236 1407 2316 1469 εἰς
2350 1403 2525 1469 τοῦτο,
2564 1401 2729 1474 πολλῇ
2763 1405 2827 1474 τῇ
2866 1401 3144 1475 παρρησίᾳ
3187 1400 3478 1473 χρώμενοι,
3522 1402 3752 1474 βλέπον-

511 1515 532 1547 ι
576 1504 688 1562 tur,
719 1493 851 1559 labi,
891 1500 1116 1564 propter
1143 1506 1283 1563 quos
1316 1492 1551 1547 interius
1582 1491 1822 1557 excitati,
1853 1496 1907 1546 et
1937 1505 2057 1561 quo-

2179 1515 2198 1548 ι
2238 1514 2327 1561 τες
2354 1495 2399 1529 ⁸ο
2432 1495 2663 1567 μάλιστα
2690 1494 2813 1557 τοὺς
2856 1493 3284 1566 ὕποσυρομένους
3316 1495 3410 1549 καὶ
3451 1494 3743 1549 ἐκπίπτον-

510 1605 531 1639 (
575 1587 700 1642 dam
725 1583 895 1641 veluti
935 1598 1072 1639 sono
1100 1583 1320 1653 impulsi
1360 1583 1427 1637 ad
1451 1581 1831 1639 debellandum
1863 1597 1921 1638 se
1943 1580 2057 1640 elle-

2180 1608 2198 1639 ι
2237 1605 2354 1652 τας,
2382 1587 2448 1641 δι’
2478 1585 2573 1651 οὒς
2600 1585 3112 1656 ὑποθερμαινόμενοι
3155 1584 3353 1639 ἔσωθεν
3387 1585 3479 1641 καὶ
3517 1586 3743 1659 ὲνηχού-

510 1698 530 1729 ι
578 1682 788 1731 rentem
822 1681 876 1728 et
908 1671 1301 1742 adversarium,
1343 1671 1412 1727 ad
1441 1673 1497 1728 id
1541 1674 1963 1741 contendebant,
1999 1688 2057 1729 ne

2173 1699 2190 1730 ι
2236 1694 2383 1751 μενοι
2411 1674 2862 1746 καταπολεμῆσαι
2889 1675 2977 1728 τὸν
3014 1673 3437 1746 ὑπεραιρόμενον
3470 1672 3563 1728 καὶ
3592 1675 3769 1737 ἀντι-,

511 1788 528 1820 ι
579 1766 718 1837 apud
749 1782 803 1821 se
849 1763 1075 1835 prudens
1105 1780 1215 1818 esse
1237 1764 1266 1804 ι)
1297 1764 1593 1831 videretur,
1641 1766 1711 1820 ob
1753 1780 1819 1821 ea
1851 1764 1908 1819 in
1947 1764 2057 1835 qui-

2175 1790 2192 1821 ι
2235 1769 2483 1840 κείμενον
2517 1768 2584 1832 ⁸⁸,
2626 1766 2883 1821 ἔσπευδον
2928 1769 3006 1830 είς
3055 1764 3240 1829 τοῦτο,
3296 1764 3384 1818 ἵνα
3439 1763 3515 1836 μὴ
3562 1765 3654 1818 καὶ
3692 1764 3745 1797 ⁸⁸

1113 853 1347 909 CANON
1385 852 1477 907 XI.

590 965 608 997 ι
651 944 753 1012 Qui
777 944 921 1001 enim
952 946 1186 1015 primum
1212 946 1267 999 in
1289 943 1685 1016 persecutionis
1712 943 1926 1001 fervore
1944 961 2072 1017 pro-

519 1057 538 1090 σ
584 1038 836 1093 silierunt
857 1036 1122 1107 judicium
1149 1036 1593 1100 circumstantes,
1613 1044 1668 1093 et
1692 1044 1911 1093 sanctos
1927 1051 2071 1092 mar-

510 1881 528 1912 ι
573 1860 677 1915 bus
731 1857 850 1929 ejus
900 1855 1195 1911 calliditate
1255 1855 1545 1914 inferiores
1591 1872 1714 1914 esse
1760 1855 1865 1911 visi
1917 1864 2065 1918 sunt,

509 1971 527 2003 ‹
577 1949 788 2006 etiamsi
832 1964 892 2005 se
943 1948 1121 2019 ipsum
1163 1948 1310 2003 vinci
1358 1948 1547 2014 abiis,
1583 1947 1676 2020 qui
1732 1948 2064 2004 scuticarum

510 2062 528 2094 ι
573 2041 1013 2113 ﬂagellorumque
1063 2045 1373 2105 tormenta,
1430 2046 1485 2093 et
1530 2038 1692 2110 gladii
1751 2039 1957 2103 aciem,
2013 2045 2066 2093 et

507 2157 526 2188 ε
575 2136 714 2208 ignis
768 2133 1182 2198 ustulationem,
1247 2142 1299 2188 et
1354 2147 1618 2203 aquarum
1686 2132 2065 2188 immersiones

507 2249 523 2277 ι
572 2232 890 2282 constanter
920 2224 1185 2291 tulerunt,
1218 2237 1341 2278 eum
1373 2223 1530 2279 latuit
1563 2242 1576 2279 :
1612 2222 1681 2280 iis
1709 2238 1925 2295 quoque
1947 2223 2062 2293 qui,

503 2341 522 2373 ‹
571 2329 630 2374 ιιι
658 2335 723 2376 ex
756 2317 860 2373 ﬁde
894 2331 1086 2388 preces
1134 2323 1188 2370 et
1216 2315 1495 2371 orationes
1536 2315 1687 2382 ﬁant,
1723 2331 2065 2388 persequun-

505 2433 521 2464 ‹
572 2421 683 2479 tur,
707 2409 792 2465 vel
820 2422 919 2480 pro
946 2407 1014 2462 iis
1043 2406 1138 2478 qui
1167 2408 1223 2462 in
1266 2408 1513 2464 custodia
1546 2407 1724 2480 puniti
1770 2414 1918 2476 sunt,
1953 2416 2006 2463 et
2031 2420 2063 2461 a

511 2529 527 2556 ι
580 2505 720 2558 fame
751 2510 805 2557 et
852 2501 943 2556 siti
988 2501 1175 2554 traditi
1231 2507 1380 2564 sunt,
1421 2500 1504 2555 vel
1534 2515 1632 2571 pro
1658 2501 1727 2556 iis
1765 2500 1860 2572 qui
1908 2507 2062 2556 extra

508 2620 522 2649 ι
568 2593 874 2651 custodiam
928 2591 1152 2647 scuticis
1200 2601 1253 2646 et
1304 2593 1529 2664 ﬂagellis
1578 2592 1632 2647 in
1679 2592 1888 2662 judicio
1931 2593 2060 2648 torti

506 2709 522 2738 ι
573 2694 722 2755 sunt,
749 2691 940 2757 postea
986 2690 1164 2738 autem
1211 2698 1241 2738 a
1275 2685 1455 2741 carnis
1509 2686 1881 2741 imbecillitate
1930 2684 2060 2741 victi

507 2803 522 2832 ι
566 2780 735 2849 fuere,
762 2796 975 2852 aequum
1001 2788 1085 2837 est
1120 2795 1382 2834 annuere.
1414 2777 1550 2833 Cum
1581 2779 1648 2834 iis
1676 2780 1820 2834 enim
1856 2778 1949 2849 qui
1973 2779 2059 2834 lu-

2173 1882 2191 1912 ‹
2229 1861 2356 1933 δοκῇ
2406 1863 2541 1930 παρ’
2588 1858 2778 1925 ἑαυτῷ
2821 1859 3103 1928 φρόνιμος
3142 1853 3291 1911 εἶναι
3343 1856 3425 1926 ἐφ’
3475 1851 3556 1920 οἷς
3600 1854 3746 1911 κατά

2174 1973 2190 2004 ι
2216 1946 2562 2025 ’πανουργίαν
2595 1951 2771 2018 ἔδοξεν
2798 1952 2984 2022 ἡττᾷν,
3018 1951 3066 2003 εί
3114 1949 3207 2002 καὶ
3237 1947 3520 2002 ἐλάνθανεν
3546 1948 3739 2002 ἑαυτὸν

2172 2063 2189 2095 ι
2230 2043 2522 2115 νικώμενον
2549 2043 2651 2097 ὑπὸ
2662 2043 2767 2096 τῶν
2790 2039 3259 2113 ἐγκαρτερούντων
3290 2039 3386 2101 τὰς
3409 2039 3515 2092 τῶν
3546 2037 3749 2111 ξυστή-

2170 2157 2188 2189 ‹
2233 2155 2339 2210 ρων
2366 2138 2459 2192 καὶ
2491 2136 2765 2209 μαστίγων
2810 2134 3090 2207 βασάνους,
3117 2134 3218 2204 τήν
3257 2149 3315 2185 τε
3362 2131 3592 2203 ὀξύτητα
3639 2130 3745 2202 τῆς

2170 2245 2187 2277 ι
2233 2225 2525 2297 μαχαίρας,
2558 2223 2652 2278 καὶ
2687 2223 2782 2287 τὰς
2805 2219 3158 2291 καταφλέξεις
3188 2220 3280 2273 τοῦ
3301 2218 3491 2290 πυρὸς,
3523 2218 3617 2272 καὶ
3642 2218 3740 2283 τὰς

2169 2335 2187 2368 ι
2228 2317 2334 2370 τῶν
2365 2316 2568 2370 ὑδάτων
2596 2312 3033 2377 καταποντώσεις
3052 2328 3066 2342 ⁸
3112 2310 3205 2365 καὶ
3233 2314 3346 2377 τοῖς
3386 2308 3528 2364 κατά
3559 2310 3744 2364 πίστιν

2168 2429 2186 2460 ‹
2227 2408 2630 2476 ὑπεξουσιοῦσιν
2660 2407 2820 2479 εὐχὰς
2847 2407 2895 2439 ⁸³
2923 2408 3016 2461 καὶ
3042 2392 3521 2479 δεήσειςγίνεσθαι
3547 2406 3591 2439 ⁸⁸
3618 2409 3734 2478 ἦτοι

2169 2520 2187 2553 ι
2227 2501 2367 2574 ὑπὲρ
2392 2500 2501 2554 τῶν
2539 2502 2596 2554 ὲν
2632 2499 2844 2572 φυλακῇ
2885 2498 3442 2571 κατατιμωρηθέντων
3480 2500 3571 2554 καὶ
3602 2514 3738 2571 προ⁴

2166 2610 2184 2643 ‹
2225 2591 2522 2662 δεδομένων
2540 2590 2608 2621 ⁸⁸⁵
2636 2589 2739 2642 ὑπὸ
2771 2589 2926 2661 λιμοῦ
2950 2593 3042 2645 καὶ
3060 2591 3215 2663 δίψης
3235 2590 3302 2656 ⁸⁸,
3328 2592 3445 2662 ἦτοι
3469 2590 3605 2661 ὑπὲρ
3619 2587 3737 2641 τῶν

2168 2700 2185 2732 ι
2227 2679 2420 2745 ἔξωθεν
2447 2680 2548 2751 τῆς
2574 2679 2816 2752 φυλακῆς
2849 2681 2940 2733 ἐπὶ
2977 2680 3068 2733 τοῦ
3108 2679 3454 2752 δικαστηρίου
3489 2678 3733 2734 καταδαο

2166 2791 2184 2824 ι
2227 2771 2583 2826 σανισθέντων
2612 2770 2701 2825 διὰ
2726 2770 3003 2844 ξυστήρων
3038 2772 3128 2826 καὶ
3167 2773 3461 2843 μαστίγων,
3505 2770 3736 2842 ὕστερον

505 2893 525 2925 ‹
568 2882 699 2946 gent
740 2880 795 2931 et
825 2881 1078 2940 moerent,
1111 2888 1212 2945 pro
1243 2873 1312 2927 iis
1363 2870 1455 2942 qui
1502 2870 1558 2924 in
1606 2870 1901 2926 certamine
1928 2870 2057 2925 victi

2165 2881 2182 2913 ι
2226 2865 2285 2916 δὲ
2332 2863 2672 2935 ἡττηθέντων
2726 2863 2829 2918 ὑπὸ
2877 2865 2974 2936 τῆς
3027 2864 3307 2927 ἀσθενείας
3356 2863 3454 2935 τῆς
3505 2861 3732 2935 σαρκὸς,

502 2982 522 3016 ι
571 2973 762 3020 sunta
803 2966 1015 3037 magnis
1052 2962 1274 3036 maligni
1315 2959 1519 3016 diaboli
1555 2959 1784 3027 viribus,
1819 2961 1933 3016 sive
1958 2975 2057 3033 pro

2167 2974 2184 3007 ι
2223 2953 2369 3019 ἄξιόν
2413 2955 2560 3009 ἐστιν
2604 2954 2900 3009 ἐπινεῦσαι.
2947 2954 3290 3027 Συμπάσχειν
3324 2954 3430 3026 γὰρ
3468 2954 3563 3009 καὶ
3605 2970 3736 3008 συν-

503 3073 522 3106 ι
568 3023 924 3123 parentibus:
956 3051 1041 3109 vel
1093 3023 1380 3114 fratribus,
1433 3050 1517 3104 vel
1553 3023 1778 3114 liberis,
1806 3064 1915 3104 una
1958 3023 2057 3104 do-

2171 3066 2186 3096 c
2229 3045 2411 3115 αλγεῖν
2434 3049 2543 3110 τοῖς
2574 3046 2913 3118 ὀδυρομένοις
2945 3023 3038 3099 καί
3080 3023 3419 3111 στενάζουσιν
3455 3044 3594 3118 ὑπὲρ
3623 3045 3734 3098 τῶν

501 3164 521 3197 ι
569 3146 701 3211 lere,
736 3151 791 3201 et
828 3144 1053 3202 tristitia
1098 3142 1238 3199 allici
1272 3142 1538 3197 neminem
1570 3139 1866 3212 quidquam
1899 3139 2054 3210 peni-

2169 3163 2186 3195 ι
2226 3146 2283 3197 ἐν
2332 3143 2503 3215 ἀγῶνι
2543 3144 2880 3215 ἡττηθέντων
2931 3143 3035 3197 ὑπὸ
3077 3142 3174 3213 τῆς
3227 3140 3425 3212 πολλῆς
3471 3140 3593 3211 βίας
3632 3138 3726 3194 τοῦ

500 3257 519 3288 ι
569 3246 656 3294 tus
701 3236 863 3293 laedit.
917 3235 1136 3293 Scimus
1183 3237 1327 3292 enim
1356 3236 1518 3290 etiam
1567 3243 1788 3307 propter
1826 3233 2055 3288 aliorum

2168 3256 2186 3288 ι
2227 3236 2605 3308 κακομηχάνου
2653 3235 2921 3301 διαϐόλου,
2950 3235 3067 3307 ἦτοι
3116 3233 3252 3306 ὑπὲρ
3284 3232 3480 3302 γονέων
3511 3233 3543 3304 ἢ
3574 3230 3727 3286 ἀδελ-

499 3350 517 3381 (
566 3329 745 3406 ﬁdem,
768 3328 1036 3402 quosdam
1067 3343 1190 3385 esse
1221 3326 1317 3383 Dei
1337 3327 1637 3382 bonitatem
1663 3334 1966 3390 assecutos,
2003 3334 2057 3379 et

2166 3349 2184 3380 ι
2227 3328 2339 3397 (ρῶν
2378 3328 2411 3399 ἢ
2453 3329 2674 3391 τέκνων,
2704 3326 2892 3380 οὐδένα
2937 3324 3085 3378 οὐδὲν
3133 3323 3512 3380 καταϐλάπτει.
3541 3323 3728 3394 Ἴσμεν

499 3442 517 3472 ι
564 3422 617 3476 in
646 3429 1001 3493 peccatorum
1034 3417 1392 3492 remissione,
1424 3423 1478 3471 et
1509 3416 1756 3487 corporis
1796 3415 2050 3480 sanitate,

498 3533 516 3564 ‹
560 3523 612 3568 et
667 3519 1006 3569 mortuorum
1062 3507 1486 3567 resurrectione.
1544 3507 1809 3564 Memores
1867 3508 2052 3577 itaque

499 3625 516 3656 σ
562 3605 857 3661 multorum
913 3604 1161 3659 laborum
1214 3610 1269 3658 et
1323 3601 1705 3669 miseriarum,
1758 3613 1894 3670 quas
1953 3612 2053 3669 pro

499 3717 517 3749 ε
565 3695 768 3752 Christi
829 3694 1050 3750 nomine
1100 3692 1496 3756 sustinuerunt,
1552 3704 1675 3744 cum
1727 3687 1831 3758 ipsi
1887 3686 2050 3743 etiam

498 3807 516 3839 ι
562 3786 933 3859 ρωηίῐεηιίειη
964 3784 1194 3857 egerint,
1231 3793 1286 3838 et
1315 3781 1459 3852 quod
1486 3795 1517 3835 a
1546 3795 1605 3836 se
1628 3779 1830 3833 iactum
1848 3785 1931 3833 est
1953 3793 2048 3848 per

497 3896 520 3930 ι
561 3876 917 3949 proditionem
935 3875 992 3930 in
1008 3874 1253 3945 corporis
1274 3872 1537 3944 languore
1555 3876 1609 3926 et
1633 3868 2050 3924 mortiﬁcatione

503 3988 522 4021 ι
573 3968 908 4029 deﬂeverint,
937 3973 991 4023 et
1021 3981 1080 4022 se
1110 3973 1371 4035 praeterea
1405 3970 1692 4027 testentur,
1725 3962 1782 4017 in
1808 3962 1915 4018 vita
1949 3977 2047 4018 sua

498 4080 516 4111 ι
565 4059 731 4115 fuisse
754 4072 784 4112 a
807 4059 1026 4114 civitate
1044 4058 1276 4124 alienos,
1308 4057 1471 4113 simul
1506 4070 1748 4119 oremus,
1779 4059 1833 4109 et
1857 4060 2049 4125 postu-

496 4170 515 4203 ι
565 4151 736 4206 lemus
779 4165 880 4220 pro
917 4164 1105 4205 eorum
1145 4147 1590 4205 reconciliatione
1625 4160 1747 4201 cum
1777 4144 1900 4202 aliis
1929 4159 2048 4216 qua:

495 4260 515 4292 ι
564 4241 718 4296 decet
739 4255 836 4313 per
870 4256 995 4296 eum
1025 4240 1120 4313 qui
1150 4247 1234 4296 est
1265 4238 1423 4295 nobis
1452 4238 1735 4293 advocatus
1778 4235 1917 4306 apud
1940 4236 2048 4291 Pa-

493 4350 513 4385 ‹
562 4341 713 4397 trem,
746 4346 807 4387 se
845 4331 1051 4388 nostris
1088 4333 1327 4404 peccatis
1354 4330 1647 4401 pr0pitium
1678 4329 2044 4385 exhibentem.

494 4443 514 4478 ι
562 4423 633 4480 Et
658 4426 705 4481 si
726 4426 864 4498 quis,
895 4424 1093 4498 inquit,
1125 4425 1430 4495 peccaverit,
1462 4422 1708 4477 habemus
1736 4420 2047 4477 advocatum

494 4536 516 4571 ι
557 4518 696 4589 apud
728 4517 943 4573 Patrem
975 4516 1160 4572 Iesum
1203 4515 1473 4571 Christum
1512 4514 1722 4584 justum
1756 4522 1839 4568 :et
1888 4516 1932 4570 is
1970 4525 2061 4570 est‘

492 4629 512 4664 ι
556 4611 857 4681 propitiatio
885 4625 979 4681 pro
1002 4608 1226 4676 peccatis
1250 4608 1444 4663 nostris
1467 4619 1513 4663 ο.
1568 4627 1586 4660 ι

2166 3441 2183 3469 ι
2224 3420 2331 3491 γὰρ
2361 3418 2455 3473 καὶ
2484 3419 2552 3471 δι’
2585 3417 2782 3488 ἑτέρων
2816 3417 2997 3470 πίστιν
3023 3415 3426 3479 ἀπολαύσαντάς
3453 3432 3599 3480 τινας
3623 3416 3725 3486 τῆς

2165 3531 2183 3561 ε
2225 3510 2316 3563 τοῦ
2346 3509 2481 3564 Θεοῦ
2512 3508 2861 3579 ἀγαθότητος,
2897 3508 2988 3562 ἐπί
3019 3525 3078 3561 τε
3109 3507 3297 3578 ἀφέσει
3326 3506 3603 3579 ἁμαρτιῶν
3629 3506 3725 3561 καὶ

2165 3620 2181 3651 ι
2223 3600 2377 3671 ὑγεία
2404 3598 2671 3670 σώματος,
2699 3599 2792 3652 καὶ
2819 3596 3107 3652 ἀναστάσει
3130 3594 3353 3669 νεκρῶν.
3376 3594 3729 3667 Μεμνημένοι

2164 3715 2181 3748 ι
2221 3694 2396 3748 τοίνυν
2438 3693 2544 3747 τῶν
2578 3692 2786 3747 πολλῶν
2833 3691 3011 3746 αὐτῶν
3054 3689 3341 3760 καμάτων,
3373 3681 3446 3741 ὧν
3477 3686 3731 3759 προϋπη-

2162 3806 2180 3838 ι
2222 3803 2420 3856 νεγκαν
2457 3788 2515 3840 ὲν
2546 3785 2767 3856 ὀνόματι
2795 3783 2884 3837 τοῦ
2922 3780 3175 3854 Χριστοῦ,
3206 3780 3300 3833 καὶ
3331 3779 3438 3833 τῶν
3468 3777 3725 3833 τανταλι-

2161 3896 2179 3929 σ
2223 3877 2375 3949 σμῶν
2406 3877 2473 3944 ⁸⁸,
2497 3877 2557 3930 οὐ
2590 3876 2696 3949 μὴν
2727 3874 2860 3928 ἀλλά
2894 3875 2986 3927 καὶ
3021 3872 3386 3944 μεταγνόντων
3418 3869 3595 3925 αὐτῶν
3628 3870 3726 3925 καὶ

2161 3988 2180 4021 ι
2221 3969 2635 4042 ἀποδυρομένων
2666 3967 2725 4021 τὺ
2753 3965 3135 4038 πεπραγμένον
3176 3964 3355 4028 αὐτοῖς
3405 3962 3545 4018 κατὰ
3586 3977 3723 4034 προ-

2159 4080 2178 4113 (
2214 4062 2394 4116 δοσίαν
2434 4063 2491 4115 ἐν
2532 4061 2719 4132 ἀτονία
2754 4061 2849 4114 καὶ
2880 4056 3158 4130 νεκρότητι
3201 4055 3293 4109 τοῦ
3336 4053 3603 4124 σώματος,
3635 4051 3720 4107 ἔτι

2159 4174 2178 4207 ι
2219 4173 2275 4208 τε
2318 4154 2410 4209 καὶ
2458 4153 2911 4226 μαρτυρουμένων
2952 4146 3314 4207 ἀπολιτεύτων
3340 4145 3385 4179 ⁸⁷
3412 4145 3717 4216 γενομένων

2159 4261 2177 4293 ι
2218 4244 2274 4296 ἐν
2306 4243 2383 4314 τῷ
2428 4242 2526 4314 βίῳ
2569 4241 2766 4308 αὐτῶν,
2812 4239 3175 4313 συνευχόμεθα
3218 4238 3309 4291 καλ⁵
3353 4252 3718 4308 συμπαρακαο

2160 4355 2175 4387 ι
2216 4334 2411 4407 λοῦμεν
2439 4334 2577 4407 ὑπὲρ
2605 4335 2829 4405 ἱλασμοῦ
2847 4335 3024 4389 αὐτῶν
3056 4331 3190 4405 μετὰ
3208 4330 3312 4385 τῶν
3349 4329 3522 4384 ἄλλων
3540 4324 3714 4401 καθη-

2158 4446 2176 4480 ι
2215 4427 2437 4493 κόντων,
2466 4428 2652 4482 διάτοῦ
2680 4429 2970 4500 γενομένου
2999 4427 3217 4497 ⁸⁷’ὑπὲρ
3234 4424 3386 4497 ἡμῶν
3418 4423 3717 4493 παρακλή-

2158 4538 2177 4571 ‹
2216 4537 2322 4575 του
2353 4522 2498 4589 πρὸς
2522 4520 2629 4575 τὸν
2651 4520 2881 4590 Πατέρα
2911 4519 3255 4591 ίλασκομένου
3282 4520 3397 4582 ταῖς
3423 4515 3716 4589 ἁμαρτίαις

2158 4631 2176 4663 σ
2215 4613 2247 4684 ἡ
2257 4611 2390 4683 μῶν.
2422 4613 2529 4667 Καὶ
2556 4612 2664 4666 ἐάν
2687 4631 2775 4679 τις
2794 4613 2924 4685 γὰρ,
2950 4615 3128 4684 φησὶν,
3153 4610 3397 4681 ἁμάρτῃ,
3419 4606 3716 4677 παράκλη-

493 4725 511 4755 ι
552 4722 657 4757 τον
692 4706 909 4774 ἔχομεν
966 4704 1114 4773 πρὸς
1179 4704 1289 4758 τὸν
1324 4702 1577 4771 Πατέρα,
1630 4700 1864 4771 Ἰησοῦν
1905 4704 2160 4771 Χριστὸν
2211 4707 2462 4763 δίκαιον
2508 4709 2607 4763 καί
2650 4709 2831 4776 αὐτὸς
2880 4710 3131 4779 ιλασμός
3182 4708 3350 4761 ἐστιν
3395 4701 3545 4772 ὑπὲρ
3594 4701 3714 4755 τῶν

491 4815 510 4847 ι
546 4795 842 4864 αμαρτιῶν
869 4795 1054 4866 διψῶν.
1099 4815 1116 4848 ι

558 4888 719 4945 ΒΑιε.
756 4889 892 4945 Cum
943 4893 1192 4962 superius
1229 4891 1457 4947 dixisset
1489 4889 1740 4958 Sanctus,
1772 4888 1917 4960 quod
1949 4888 2041 4960 qui

2218 4887 2409 4941 ΒΔΛΣ.
2442 4887 2621 4942 Εἰπὼν
2653 4888 2905 4960 ἀνωτέρω
2931 4885 2959 4938 ὁ
2979 4885 3182 4956 Ἄγιος,
3212 4884 3290 4938 ὅτι
3327 4884 3376 4936 oi
3416 4884 3711 4958 αὐτομολή·

488 4996 588 5035 sua
617 4991 811 5051 sponte
848 4981 1209 5054 confugerunt
1247 4991 1300 5039 ct
1327 4982 1462 5055 lapsi
1490 4989 1636 5050 sunt,
1666 4980 2043 5053 pmnitentiam

2164 4994 2338 5041 παντες
2383 4979 2478 5032 καὶ
2527 4978 2846 5041 ἐκπεσόντες
2878 4977 2994 5048 μὲν,
3039 4975 3112 5047 μὴ
3147 4973 3602 5046 μεταμεληθέντες
3626 4975 3706 5044 δὲ,

487 5080 668 5129 autem
699 5089 808 5128 non
839 5084 1085 5146 egerunt,
1122 5093 1222 5131 nec
1253 5093 1411 5132 suum
1441 5076 1652 5150 lapsum
1694 5081 2040 5138 revocarunt,

486 5172 608 5237 plus
635 5165 918 5222 dedecoris
943 5167 1217 5233 subibunt,
1266 5175 1326 5223 ut
1359 5170 1451 5240 qui
1480 5185 1588 5224 non
1634 5183 1799 5240 supra
1848 5165 2045 5221 funda-

555 5333 582 5364 ι
618 5319 840 5389 Philipp.
873 5335 956 5385 nt,
994 5319 1078 5376 Η.
1155 5322 1183 5361 ι)
1207 5321 1356 5378 Rom.
1391 5339 1490 5393 xu,
1518 5324 1602 5379 16,
1673 5336 1695 5364 ε
1728 5320 1929 5379 Iloan.
1962 5338 2024 5385 rt,
2059 5319 2111 5376 1.

2148 5072 2243 5126 καὶ
2276 5073 2373 5145 τὴν
2400 5072 2667 5127 ἔκπτωσιν
2708 5070 3186 5141 ἀνακαλεσάμενοι,
3216 5067 3307 5122 ἐπὶ
3335 5067 3494 5122 πλέον
3520 5070 3708 5142 αἰσχύ-

2149 5174 2244 5236 νην
2269 5164 2496 5233 ἕξουσιν,
2517 5166 2592 5231 ὡς
2616 5165 2689 5237 μὴ
2712 5165 2804 5218 ἐπὶ
2830 5165 2907 5237 τῷ
2934 5161 3163 5234 θεμελίῳ
3183 5162 3275 5215 καὶ
3303 5161 3498 5232 ὄροφον
3523 5178 3709 5237 τεκτη-

1715 5414 1946 5498 νΑΒιΑι
1985 5441 2380 5499 LECTIONES.

556 5576 598 5608 “
625 5576 1006 5663 ἑμδλέποντες.
1084 5578 1317 5663 δξιιλιςςιη
1343 5581 1789 5663 καταπολεμῆσαι
1804 5601 1867 5663 -τ.
1897 5582 2106 5663 ὕεα-καὶ
2136 5583 2313 5637 ἀντικ,
2343 5598 2453 5663 om.
2536 5583 2582 5615 δ’
2611 5582 2851 5663 καίιοηι..
2922 5581 2969 5614 ⁸³
2994 5579 3318 5663 ὑπεξιοῦσιν.

3411 5577 3537 5633 “ei
3572 5577 3699 5636 add.

485 5646 553 5676 ⁵³⁸
598 5646 1014 5718 προδιδομένων.
1102 5649 1369 5720 “Minoa;
1447 5651 1492 5683 ιθ
1527 5646 1889 5723 ταλανισμῶν.
1967 5654 2008 5684 ’⁵⁷
2045 5654 2549 5726 μεμαρτυρημένων
2576 5652 2987 5711 εὐπολιτεύτων.
3043 5653 3085 5684 ⁴⁵⁷
3116 5648 3464 5721 ’γινομένου.

560 5800 637 5865 (8)
668 5807 732 5858 οἱ
760 5807 866 5871 γὰρ
911 5806 1141 5874 πρῶτοι.
1178 5806 1396 5865 Scilicet
1434 5808 1471 5863 ii
1504 5808 1573 5865 de
1607 5808 1808 5876 quibus
1837 5808 2040 5865 dictum
2079 5816 2164 5868 est
2186 5824 2311 5866 can.
2331 5809 2385 5879 9,
2412 5809 2515 5868 hoc
2550 5815 2633 5866 est
2657 5806 2800 5866 laici.
2832 5804 3099 5863 lineam.
