4088 6284
450 371 559 430 ‘93

1477 370 1536 426 S.
1575 369 1779 426 PETRI
1818 369 2284 426 ALEXANDRINI
2328 368 2638 428 EPISCOPI

3564 376 3672 433 500

455 506 518 547 se
548 491 797 549 tulerint.
820 489 1169 565 Feslimrunt
1196 490 1555 562 ergo,inquit,
1589 500 1648 544 ut
1682 490 1738 545 id
1767 499 2008 571 agerent,

2143 507 2235 545 ων.
2267 490 2561 545 Ἕσπευδον
2591 492 2687 563 μὲν
2707 487 2821 557 οῦν,
2843 492 3024 563 φησιν,
3051 490 3221 556 οὕτως
3247 492 3486 565 ποιῆσαι,
3507 494 3677 566 ἡττη-

454 584 700 653 superati
757 590 937 637 autem
973 582 1025 635 vi
1062 572 1451 638 tormentorum
1479 581 1552 635 ob
1588 569 2012 638 imbecillitatem

459 676 664 736 carnis.
705 674 899 745 partim
951 673 1007 728 in
1061 673 1325 729 custodiis
1371 672 1512 728 male
1561 672 1788 743 accepti,
1817 673 2013 743 partim

457 781 590 824 vero
615 766 669 821 in
695 764 915 835 judiciis
959 766 1137 835 pcenis
1188 763 1383 832 affecti,
1415 778 1516 819 nec
1543 761 1779 819 ferentes
1809 763 2019 835 suppli-

457 859 566 915 cia.
599 856 790 928 Opera:
818 857 1053 927 pretium
1086 865 1171 911 est
1200 856 1368 927 igitur
1387 870 1509 924 cum
1545 855 1613 910 iis
1636 858 1728 926 qui
1775 842 2015 926 ipsorum

459 961 628 1004 causa
650 947 858 1017 lugent,
891 945 1298 1002 condolescere.
1352 944 1567 1017 Lugent
1599 961 1783 1018 porro,
1819 947 2014 1018 inquit,

461 1046 751 1110 parentum
791 1036 906 1097 alii.
939 1034 1030 1089 alii
1062 1035 1315 1100 fratrum,
1342 1035 1433 1089 alii
1464 1022 1757 1092 liberorum
1780 1038 2016 1109 lapsum.

464 1128 603 1184 Cum
642 1128 712 1183 iis
741 1128 907 1199 igitur
935 1127 1028 1197 qui
1064 1127 1245 1198 lapsos
1277 1128 1483 1198 lugent,
1521 1127 1683 1195 simul
1717 1130 1897 1209 lugere
1924 1146 2022 1185 ne-

462 1221 665 1276 minem
707 1219 871 1286 laedit,
901 1234 1003 1275 nec
1043 1233 1167 1273 cum
1224 1217 1293 1275 iis
1348 1233 1456 1273 una
1502 1221 1709 1290 precari
1753 1229 1807 1277 et
1839 1222 2022 1277 dolere

464 1311 558 1383 qui
588 1326 688 1382 pro
716 1310 851 1382 ipsis
884 1317 1097 1383 rogant,
1130 1325 1254 1365 cum
1276 1311 1398 1367 aliis
1431 1327 1625 1385 nempe
1673 1313 1867 1367 rationi
1892 1327 2023 1368 con-.

467 1402 781 1471 sentaneis;
813 1418 935 1459 cum
966 1417 1033 1457 eo
1066 1402 1298 1469 scilicet,
1327 1412 1388 1458 ut
1431 1404 1525 1474 qui
1557 1405 1691 1475 lapsi
1730 1415 1874 1471 sunt,
1919 1406 2023 1459 alia

356 1498 363 1501 ’
468 1513 686 1582 quoque
709 1502 991 1567 pmstent,
1017 1510 1138 1569 quae
1164 1496 1468 1565 congruunt
1500 1496 1867 1566 paenitentiae:
1900 1503 2025 1553 sunt

468 1591 585 1646 haec
611 1604 775 1661 porro
798 1590 1005 1677 ieiunia
1044 1598 1097 1645 et
1142 1589 1413 1661 lacrymae,
1460 1588 1687 1659 aliaeque
1728 1590 2027 1645 alliictatio-

470 1696 591 1747 nes,
614 1681 940 1736 mulctarum
963 1681 1369 1738 observationes
1396 1692 1542 1737 :tum
1573 1682 1619 1738 si
1654 1682 1882 1739 facultas
1906 1698 2030 1754 sup-

2114 583 2298 647 θέντες
2326 583 2382 637 δὲ
2414 584 2522 637 τῶν
2556 583 2801 654 βασάνων
2825 584 2892 637 δι’
2922 582 3204 638 ἀσθένειαν
3237 584 3335 656 τῆς
3358 584 3561 657 σαρκὸς
3579 624 3595 652 ,
3622 586 3677 638 οι

2119 676 2215 747 μὲν
2250 678 2307 730 ὲν
2332 679 2451 741 ταῖς
2480 676 2743 747 φυλακαῖς
2771 675 3205 740 κακοπαθοῦντες
3223 668 3323 740 ,³οἱ
3372 662 3433 730 δὲ’
3469 678 3562 732 ἐπὶ
3592 677 3677 732 δι-

2115 766 2410 837 καστηρίου
2439 766 2822 831 κολασθέντες,
2868 767 2965 820 καὶ
3006 766 3079 838 μή
3117 765 3434 835 ἐνεγκόντες
3473 767 3573 832 τὰς
3595 785 3680 821 τι-

2120 856 2347 926 μωρίας.
2388 855 2571 921 Ἀξιον
2602 854 2694 911 οὖν
2735 859 2849 911 ἐστι
2886 858 3000 921 τοῖς
3034 857 3174 928 ὑπὲρ
3205 856 3386 911 αὐτῶν
3420 856 3679 912 πενθοῦσι

2120 946 2475 1017 συμπάσχειν.
2503 947 2764 1001 Πενθοῦσι
2782 948 2861 1014 δὲ,
2885 949 3066 1020 φησὶν,
3093 949 3141 1002 οἱ
3171 948 3269 1019 μὲν
3294 949 3432 1019 ὑπὲρ
3452 948 3678 1018 γονέων,

2118 1041 2167 1091 οἱ
2192 1037 2248 1090 δὲ
2274 1039 2414 1111 ὑπὲρ
2454 1039 2560 1093 τῶν
2599 1039 2840 1110 ἀδελφῶν
2869 1080 2885 1105 ,
2915 1042 2962 1094 οἱ
3004 1041 3061 1094 δὲ
3106 1040 3246 1113 ὑπὲρ
3275 1039 3478 1094 τέκνων
3503 1058 3683 1113 παραε-

2121 1130 2506 1185 πεπτωκότων.
2539 1131 2613 1185 Τὸ
2650 1131 2779 1199 γοῦν
2821 1130 3147 1202 συμπενθεῖν
3172 1134 3296 1196 τοῖς
3340 1131 3467 1196 τοὺς
3498 1148 3681 1203 παρα-

2122 1220 2477 1284 πεπτωκότας
2524 1219 2808 1276 πενθοῦσιν
2845 1222 3029 1276 οὐδένα
3062 1221 3430 1277 καταϐλάπτει
3448 1263 3465 1289 ,
3495 1210 3589 1275 καὶ
3618 1220 3683 1274 τὸ

2125 1313 2435 1367 συνδέεσθαι
2472 1314 2567 1367 καὶ
2590 1302 2869 1382 συναλγεῖν
2898 1316 3009 1377 τοῖς
3033 1313 3307 1385 δεομένοις
3333 1312 3473 1385 ὑπὲρ
3503 1313 3684 1366 αὐτῶν

2127 1406 2266 1477 μετὰ
2294 1405 2403 1459 τῶν
2435 1405 2609 1460 ἄλλων
2635 1404 3004 1477 καθηκόντων,
3031 1404 3195 1476 ήγουν
3227 1405 3361 1475 μετὰ
3388 1404 3481 1459 τοῦ
3509 1407 3685 1458 ποιεῖν

2124 1496 2366 1563 ἐκείνους
2416 1500 2541 1562 τοὺς
2607 1496 3114 1570 παραπεπτωκότας
3179 1497 3272 1550 καὶ
3313 1495 3383 1550 τὰ
3431 1496 3563 1551 ἄλλα
3617 1496 3685 1550 τὰ

2126 1590 2403 1662 πρέποντα
2427 1593 2494 1662 τῇ
2525 1590 2811 1661 μετανοίᾳ·
2849 1590 2990 1661 ἆπερ
3032 1589 3138 1642 εἰσὶ
3174 1591 3414 1661 νηστεῖαι
3453 1588 3547 1642 καὶ
3584 1588 3684 1641 δάο

2128 1698 2287 1754 κρυα,
2319 1679 2475 1735 ἄλλαι
2498 1698 2558 1734 τε
2587 1679 2983 1746 κακοπάθειαι,
3020 1679 3305 1751 ἐπιτιμίων
3338 1678 3594 1748 φυλακαί·
3633 1678 3684 1730 εί

470 1777 640 1841 petat,
672 1770 1025 1842 pecuniarum
1075 1770 1130 1825 in
1175 1786 1439 1842 pauperes
1472 1771 1741 1843 erogatio;
1768 1786 1905 1842 quas
1959 1772 2029 1825 ob

2141 1772 2172 1826 ς’
2203 1772 2267 1826 ἂν
2295 1774 2593 1845 εὐποροῖεν,
2624 1772 2719 1826 καὶ
2742 1772 2914 1836 δόσεις
2946 1774 3237 1844 χρημάτων
3265 1771 3400 1843 πρὸς
3425 1770 3686 1841 πένητας,

472 1876 564 1917 res
593 1860 688 1933 qui
714 1874 812 1931 pro
844 1859 1003 1916 nobis
1024 1860 1321 1918 advocatus
1356 1872 1441 1918 est
1463 1861 1661 1928 factus,
1691 1861 1905 1917 Patrem
1929 1877 2028 1916 no-

2141 1863 2197 1917 it‘
2229 1857 2303 1918 ὧν
2332 1866 2360 1918 ὁ
2385 1843 2665 1935 γινόμενος
2699 1843 3045 1935 παράκλητος
3068 1863 3204 1934 ὑπὲρ
3227 1862 3384 1934 ἡμῶν
3410 1859 3691 1932 ἐξευμενί-

473 1949 560 2006 his
610 1950 906 2023 propitium
940 1950 1147 2007 reddet.
1197 1949 1431 2007 Adhibet
1476 1965 1602 2007 mox
1652 1951 1870 2023 petitam
1896 1966 2031 2022 quo-

475 2057 583 2111 que
610 2056 674 2098 ex
733 2043 908 2099 sacris
939 2042 1135 2099 litteris
1167 2044 1513 2109 sententiam,
1542 2059 1664 2115 qua:
1704 2053 1876 2099 estex
1917 2044 2031 2114 pri-

476 2148 565 2189 ma
607 2132 849 2206 Epistola
888 2136 1063 2210 sancti
1114 2136 1346 2209 apostoli
1390 2146 1442 2193 et
1483 2136 1826 2209 evangelista:
1870 2133 2036 2190 Joan-

476 2240 585 2282 IIIS.

1064 2317 1295 2377 CANON
1331 2317 1444 2377 ΧΠ.

551 2429 572 2463 ‹
615 2409 687 2468 lis
708 2411 853 2468 enim
880 2411 971 2489 qui
1000 2413 1284 2485 pecuniam
1312 2412 1600 2476 dederunt,
1633 2418 1693 2467 ut
1734 2409 1838 2481 ipsi
1890 2409 2033 2464 omni

485 2521 503 2554 ι
553 2518 623 2559 ex
651 2513 806 2575 parte
850 2506 921 2561 ab
948 2505 1098 2560 omni
1149 2505 1357 2561 malitia
1400 2504 1777 2577 lmperturhati
1830 2509 2034 2565 essent,

485 2613 504 2645 ι
551 2595 759 2651 crimen
791 2594 998 2651 intendi
1028 2610 1137 2665 non
1174 2603 1371 2667 potest.
1403 2595 1670 2651 Damnum
1701 2595 1843 2650 enim
1872 2601 1926 2649 et
1954 2593 2040 2663 ja-

486 2706 506 2740 ι
545 2696 758 2744 cturam
787 2689 1146 2762 pecuniarum
1180 2690 1583 2756 sustinuerunt,
1613 2703 1683 2743 ne
1715 2686 1819 2757 ipsi
1847 2684 2041 2740 animae

488 2798 508 2831 ι
552 2772 877 2837 detrimento
906 2780 1264 2847 allicerentur,
1294 2782 1380 2836 vel
1435 2783 1607 2852 ipsam
1641 2779 1802 2835 etiam
1848 2778 2042 2849 perde-

490 2892 508 2924 ‹
550 2879 695 2940 rent,
731 2872 877 2945 quod
912 2874 1002 2929 alii
1029 2882 1251 2946 prapter
1292 2881 1451 2944 turpe
1496 2873 1705 2929 lucrum
1746 2856 1858 2927 non
1900 2868 2043 2926 fece-

490 2983 510 3016 ι
555 2972 688 3020 runt
722 2966 1006 3037 :quamvis
1045 2964 1308 3021 Dominus
1355 2965 1543 3019 dicatll
1570 2984 1583 3018 :
1611 2961 1751 3031 Quid
1782 2963 1921 3017 enim
1949 2958 2043 3014 ho-

491 3074 515 3111 s
558 3058 751 3126 minem
780 3050 1020 3130 'juvabit,
1073 3059 1121 3113 si
1164 3060 1461 3115 universum
1502 3057 1753 3111 mundum
1809 3054 2043 3108 lucratus

2133 1973 2281 2010 σεται
2322 1958 2453 2028 ήμῖν
2480 1956 2571 2010 τὸν
2616 1956 2850 2029 Πατέρα.
2896 1951 3028 2010 Εἶτα
3070 1955 3163 2009 καὶ¹
3194 1956 3381 2026 χρήσει
3423 1953 3688 2025 κέχρηται

2130 2051 2370 2121 γραφικῇ
2391 2090 2407 2114 ,
2444 2050 2567 2120 ἥτις
2598 2049 2745 2103 ἐστὶν
2792 2050 2858 2102 ὲκ
2896 2049 2995 2120 τῆς
3026 2045 3245 2120 πρώτης
3276 2045 3559 2116 ἐπιπολῆς
3587 2041 3688 2097 τοῦ

2132 2140 2287 2209 ἁγίου
2317 2138 2611 2194 ἀποστόλου
2638 2139 2731 2193 καὶ
2759 2136 3144 2208 εὐαγγελιστοῦ
3176 2135 3448 2190 Ἰωάννου.

2725 2316 2961 2372 ΚΑΝΩΝ
2999 2315 3100 2372 ΙΒ’.

2210 2433 2227 2464 ι
2273 2412 2394 2476 Τοῖς
2425 2410 2533 2483 γὰρ
2565 2410 2801 2484 ἀργύρια
2832 2410 3087 2464 δεδωκόσι
3136 2407 3274 2479 πρὸς
3304 2406 3364 2460 τὸ
3406 2399 3692 2474 ἀνενοχλή-

2145 2527 2160 2556 ι
2206 2523 2330 2569 τους
2352 2506 2545 2568 αὐτοὺς
2561 2505 2605 2537 ⁸⁸
2622 2503 2929 2558 παντάπασι
2951 2500 3202 2571 γενέσθαι
3226 2500 3334 2553 ἀπὸ
3350 2502 3393 2538 δ’
3411 2498 3589 2569 πάσης
3617 2495 3694 2568 (9)

2147 2618 2164 2648 ι
2210 2598 2425 2661 κακίας,
2471 2598 2571 2651 οὑκ
2593 2596 2739 2649 ἔστιν
2785 2595 3032 2666 ἔγκλημα
3072 2592 3443 2665 προσάγεινδθ.
3488 2589 3699 2660 Ζημίαν

2145 2709 2162 2739 ι
2212 2688 2317 2761 γὰρ
2345 2688 2440 2743 καὶ
2484 2688 2754 2742 ἀπώλειαν
2788 2685 3081 2759 χρημάτων
3126 2684 3469 2754 ὑπήνεγκεν,
3501 2681 3588 2734 ἵνα
3623 2677 3699 2750 μὴ

2146 2803 2163 2833 ι
2205 2781 2303 2853 τὴν
2346 2779 2518 2852 ψυχὴν
2542 2780 2748 2834 ἑαυτῶν
2780 2780 2844 2811 ’θ’
2892 2774 3234 2849 ζημιωθῶσιν
3271 2771 3699 2846 ἢάπολέσωσιν,

2148 2893 2165 2926 ι
2213 2875 2347 2946 ὅπερ
2390 2873 2538 2943 ἄλλοι
2584 2872 2723 2927 κατὰ
2765 2867 3204 2943 αἰσχροκέρδειαν
3242 2867 3301 2919 οὐ
3335 2864 3697 2934 πεποιήκασιο

2149 2984 2168 3017 ι
2214 2967 2468 3035 καίτοιγε
2498 2964 2593 3019 τοῦ
2628 2962 2831 3035 Κυρίου
2860 2961 3127 3031 λέγοντος·
3170 2958 3231 3012 Tl
3258 2956 3368 3027 τὰρ
3404 2951 3704 3024 ὠφελήσει

2151 3077 2170 3111 ι
2215 3058 2542 3126 ἄνθρωπος,
2569 3056 2677 3110 ἐὰν
2699 3056 2804 3109 τὸν
2835 3053 3066 3123 κόσμον
3088 3050 3238 3105 ὅλον
3261 3046 3525 3117 κερδήσῃ
3544 3084 3559 3109 ,
3588 3042 3707 3112 τὴν

492 3166 512 3205 ι
558 3149 738 3234 fuerit,
785 3151 977 3207 animae
1022 3159 1196 3206 autem
1235 3150 1540 3205 detrimento
1582 3148 1742 3218 fuerit
1802 3146 2037 3215 affectus,

2153 3169 2171 3203 ι
2217 3148 2286 3202 δὲ
2311 3147 2523 3219 ψυχὴν
2550 3146 2735 3201 αὐτοῦ
2773 3142 3043 3215 ζημιωθῇ,
3072 3141 3110 3211 ἢ
3131 3138 3440 3243 ἀπολέσω
3477 3136 3568 3191 καὶ
3594 3136 3700 3233 ὅτι,

494 3262 512 3295 ι
559 3230 638 3299 uel
659 3260 776 3299 eam
805 3244 967 3298 etiam
1017 3242 1347 3313 perdiderit?
1377 3242 1443 3296 Et
1470 3240 1708 3296 rursush
1746 3257 1759 3293 :
1805 3236 1927 3292 Non
1960 3252 2048 3306 po-

494 3354 512 3383 ι
563 3334 708 3389 testis
741 3332 851 3389 Deo
879 3334 1070 3389 servire
1089 3342 1137 3388 et
1162 3348 1473 3387 mammona:
1503 3346 1522 3385 :
1559 3330 1614 3384 in
1642 3329 1748 3384 illis
1775 3327 1918 3384 enim
1953 3341 2049 3397 ap-

498 3445 518 3475 ι
564 3433 863 3497 paruerunt
886 3427 980 3497 qui
1005 3423 1117 3481 Deo
1144 3424 1432 3488 servirent,
1465 3418 2045 3489 exosis,conculcatis,

496 3536 516 3569 ι
563 3518 999 3589 contemptisque
1025 3517 1295 3589 pecuniis,
1331 3524 1386 3572 et
1424 3514 1480 3569 in
1526 3528 1591 3570 eo
1646 3512 2050 3582 compleverunt

497 3631 516 3663 ι
564 3609 710 3682 quod
741 3611 1007 3680 scriptum
1030 3617 1156 3665 estc
1196 3627 1208 3662 :
1254 3606 1492 3661 Pretium
1529 3604 1896 3674 redemptionis
1932 3602 2051 3656 ani-

498 3721 517 3767 ι
562 3691 661 3755 ma:
684 3690 931 3764 hominis,
965 3699 1195 3769 propria
1229 3698 1446 3752 divitiae.
1479 3693 1617 3750 Nam
1648 3702 1702 3749 et
1740 3694 1795 3748 in
1824 3693 2051 3748 Actibus

498 3811 518 3843 ι
564 3805 782 3862 quoque
831 3789 1202 3861 apostolorum
1240 3787 1489 3858 legimus,
1519 3799 1616 3840 eos
1633 3784 1727 3854 qui
1760 3797 1858 3853 pro
1885 3780 2052 3836 Paulo

500 3903 521 3936 ι
567 3874 623 3939 et
656 3881 768 3938 Sila
787 3880 1190 3937 Thessalonicae
1212 3879 1279 3934 ad
1306 3879 1653 3951 magistratus
1679 3875 2052 3943 trahebantur,

501 3995 521 4028 ι
568 3991 692 4032 cum
731 3973 918 4030 multis
946 3971 1193 4045 pecuniis
1232 3971 1402 4030 fuisse
1437 3970 1716 4045 dimissos.
1761 3970 2055 4041 Postquam

504 4086 524 4119 ι
570 4068 715 4135 enim
749 4066 898 4135 ipsos
928 4076 1146 4135 propter
1192 4079 1390 4135 nomen
1436 4063 1665 4117 multum
1711 4070 2054 4127 onerassent,

506 4178 525 4211 ι
571 4166 627 4219 et
661 4155 1067 4212 multitudinem
1114 4156 1573 4226 magistratusque
1627 4154 2057 4225 perturbassent,

508 4269 529 4303 ι
573 4248 639 4303 ab
689 4247 907 4313 Jasone,
943 4246 1142 4317 inquit,
1201 4255 1250 4300 et
1306 4245 1519 4315 reliquis
1572 4244 1920 4301 satisdatione
1968 4243 2095 4300 ac-'

510 4363 528 4393 ι
574 4351 742 4412 cepta,
767 4356 854 4395 eos
881 4338 1214 4393 dimiserunt.
1249 4335 1467 4390 Fratres
1498 4346 1673 4392 autem
1712 4346 1869 4401 noctu
1893 4338 2062 4417 proti-

2159 3259 2178 3292 ι
2219 3241 2301 3293 Οὐ
2348 3238 2612 3293 δύνασθε
2674 3234 2795 3301 Θεῷ
2864 3233 3176 3287 δουλεύειν
3230 3229 3327 3283 καὶ
3390 3222 3698 3297 μαμμωνᾷ.

2155 3350 2174 3385 ι
2231 3331 2536 3402 Ἐφάνησαν
2584 3328 2694 3401 γὰρ
2748 3326 2878 3400 παρ’
2927 3325 3154 3388 ἐκείνοις
3199 3320 3373 3393 Θεῷ⁸¹
3414 3316 3524 3389 (10)
3575 3315 3702 3370 δου-

2155 3429 2176 3474 i
2216 3418 2646 3484 λεύοντες,τὰ⁵¹⁶
2671 3415 2907 3490 ἀργύρια
2932 3415 3254 3487 μισήσαντες
3271 3409 3362 3465 καὶ
3394 3405 3707 3477 καταπατή-

2157 3531 2175 3564 ι
2224 3529 2435 3578 σαντες,
2467 3518 2513 3548 ⁵³
2559 3510 2653 3563 καὶ
2698 3507 3207 3579 καταφρονήσαντες
3238 3499 3444 3564 αὐτῶν,
3472 3495 3709 3567 ἀνεπλή-

2158 3621 2177 3655 ι
2224 3604 2402 3677 ρωσάν
2426 3604 2493 3635 ⁸²⁶
2512 3602 2675 3655 τεκαὶ
2701 3602 2757 3653 ὲν
2783 3599 2953 3669 τούτῳ
2972 3598 3032 3651 τὸ
3057 3592 3450 3667 γεγραμμένονο
3481 3589 3716 3656 Λύτρον

2159 3713 2177 3743 ‹
2222 3692 2442 3760 ἀνδρὸς
2487 3688 2711 3760 ψυχῆς,
2760 3692 2793 3742 ὁ
2841 3686 2988 3753 ἴδιος
3020 3683 3302 3750 πλοῦτος.
3343 3680 3498 3735 Ἐπεὶ¹
3515 3678 3609 3733 καὶ
3652 3678 3713 3730 ὲν

2161 3799 2179 3833 ι
2221 3786 2341 3847 ταῖς
2366 3780 2602 3854 Πράξεσι
2634 3778 2741 3833 τῶν
2768 3776 3078 3833 ἀποστόλων
3105 3773 3418 3843 ἀνέγνωμεν
3447 3770 3571 3833 τοὺς
3614 3784 3712 3820 συ·-

2162 3894 2178 3926 ι
2226 3874 2417 3947 ρέντας
2444 3872 2561 3927 ἀντὶ
2602 3871 2812 3925 Παύλου
2858 3868 2951 3922 καὶ
2981 3864 3109 3919 Σίλα
3140 3866 3199 3919 ὲν
3226 3861 3592 3932 Θεσσαλονίκῃ
3621 3857 3714 3912 ἐπὶ

2162 3985 2180 4017 ι
2225 3965 2351 4028 τοὺς
2375 3962 2726 4032 πολιτάρχας,
2770 3957 2906 4031 μετὰ
2943 3958 3036 4011 καὶ
3080 3953 3394 4026 πλησμονῆς
3422 3947 3716 4005 ἀπολυθέν-

2164 4073 2182 4106 ι
2226 4073 2344 4119 τας.
2396 4053 2549 4109 Μετὰ
2579 4051 2688 4122 γὰρ
2714 4050 2777 4103 τὸ
2812 4046 3188 4118 καταϐαρῆσαι
3216 4045 3410 4106 αὐτοὺς
3435 4037 3604 4094 πολλὰ
3629 4037 3719 4092 διά

2164 4167 2183 4199 ι
2228 4147 2289 4201 τὸ
2312 4147 2499 4217 ὄνομα,
2522 4144 2616 4198 καὶ
2638 4140 2868 4214 ταράξαι
2891 4138 2980 4192 τὸν
3008 4136 3160 4208 ὄχλον
3191 4137 3283 4188 καὶ
3309 4135 3435 4197 τοὺς
3467 4130 3721 4201 πολιτάρ-

2168 4261 2185 4293 ‹
2231 4258 2332 4313 χας
2351 4279 2365 4304 ,
2391 4240 2685 4301 Λαϐόντες
2704 4274 2719 4298 ,
2742 4232 2875 4304 φησὶ
2892 4273 2907 4297 ,
2934 4230 3000 4284 τὸ
3033 4228 3242 4282 ἱκανὸν
3278 4225 3440 4293 παρὰ
3466 4222 3585 4293 ,τοῦ
3620 4218 3723 4313 ἰάέ

2171 4355 2188 4383 ι
2235 4312 2419 4398 σονος
2452 4329 2549 4383 καὶ
2580 4328 2697 4381 τῶν
2733 4322 2989 4386 λοιπῶν,
3013 4320 3328 4375 ἀπέλυσαν
3375 4315 3621 4380 αὐτούς’
3665 4312 3723 4365 οι

513 4455 531 4507 ι
578 4403 677 4501 nus
699 4433 933 4503 Paulum
963 4441 1012 4487 et
1044 4430 1215 4486 Silam
1248 4430 1499 4483 miserunt
1525 4431 1579 4482 in
1608 4403 1932 4495 Ben-manui.
1967 4447 1986 4493 ι

2174 4444 2190 4474 ι
2235 4422 2303 4475 δὲ
2330 4419 2577 4489 ἀδελφοὶ
2615 4415 2832 4480 εὐθέως
2859 4413 2957 4466 διὰ
2986 4410 3205 4475 νυκτὸς
3242 4407 3589 4476 ἐξέπεμψαν
3616 4403 3725 4458 τόν

2170 4534 2188 4566 ι
2233 4530 2298 4567 τε
2326 4511 2570 4565 Παῦλον
2597 4508 2692 4561 καὶ
2723 4505 2831 4559 τὸν
2860 4504 3048 4558 Σίλαν
3078 4503 3165 4567 εις
3199 4499 3482 4569 Βέρῤοιαν
3524 4498 3636 4548 ⁸⁸⁸⁸.
3673 4509 3694 4543 ι

575 4616 739 4671 Dus.
777 4612 1070 4682 Postquam
1102 4607 1335 4664 Sanctus
1364 4607 1431 4663 de
1459 4607 1526 4663 iis
1550 4607 1643 4678 qui
1672 4622 1769 4661 sua
1790 4613 1979 4677 sponte
2001 4621 2037 4658 ar

2236 4605 2432 4658 ΒΑΛΣ.
2475 4601 2773 4683 Πληρώσας
2796 4601 2824 4652 ό
2846 4599 3032 4668 Ἄγιος
3055 4598 3122 4652 τὰ
3148 4595 3277 4667 περὶ
3300 4591 3407 4646 τῶν
3430 4587 3724 4683 αὐτομολη-

511 4706 830 4778 martyrium
847 4675 1188 4773 confugiunt,
1210 4698 1547 4771 perfecisset,
1567 4675 1711 4765 Tdicit
1733 4675 1832 4753 eos
1856 4713 1963 4751 non
1984 4713 2037 4754 es

2170 4698 2377 4753 σάντων
2407 4696 2487 4757 είς
2514 4694 2575 4747 τὸ
2604 4679 2900 4776 ¹μαρτύριον
2919 4731 2934 4756 ,
2969 4689 3133 4759 φησιν
3170 4683 3583 4744 ἀκαταιτιάτους
3642 4675 3721 4732 el-

514 4814 574 4865 se
610 4776 1106 4869 reprehendendos,
1135 4794 1227 4865 qui
1284 4808 1344 4848 se
1374 4793 1523 4862 ipsos
1568 4791 1712 4847 datis
1752 4788 2001 4861 pecuniis

2169 4807 2258 4844 ναι
2281 4790 2407 4852 τοὺς
2434 4787 2525 4841 διὰ
2557 4785 2853 4860 χρημάτων
2882 4782 3079 4845 δόσεως
3121 4776 3508 4869 ἀνενοχλήτους

516 4880 909 4946 tormentorum
928 4887 1217 4943 alllictione
1249 4884 1567 4941 liberarunt.
1597 4882 1902 4939 Maluerunt
1925 4882 2037 4937 enir

2174 4884 2442 4956 ρήσαντας
2472 4880 2697 4959 ἑαυτοὺς
2722 4877 2829 4931 ἀπὸ
2858 4875 2957 4945 τῆς
2985 4870 3278 4933 κακώσεως
3306 4867 3413 4921 τῶν
3432 4864 3726 4919 κολάσεων.

516 4996 740 5051 suarum
762 4980 1133 5053 pecuniarum,
1165 4993 1325 5050 quam
1351 4992 1462 5033 sua:
1482 4976 1673 5031 animm
1700 4976 1966 5046 jacturam
1990 4972 2037 5028 fa

2177 4955 2392 5028 Εἴλοντο
2421 4972 2530 5044 γὰρ
2561 4955 2813 5042 χρήματα
2838 4963 3174 5040 ζημιωθῆναι
3192 5000 3208 5026 ,
3238 4960 3333 5014 καὶ
3373 4959 3447 5053 μὴ
3472 4956 3571 5053 τὰς
3598 4955 3731 5053 δαυ-

518 5046 659 5132 cere.
692 5046 897 5131 Deinde
916 5073 1020 5130 hoc
1052 5046 1229 5143 ipsum
1261 5072 1544 5127 conﬁrmat
1570 5079 1624 5127 et
1669 5070 1823 5127 allert
1853 5070 2034 5128 divers

2174 5065 2282 5120 τῶν
2300 5063 2495 5135 ψυχάς.
2519 5059 2652 5116 Εἶτα
2672 5055 3095 5122 κατασκευάζων
3122 5053 3279 5127 τοῦτο
3302 5051 3451 5117 αὐτὸ,
3479 5046 3728 5118 ἐπιφέρει

590 5227 616 5254 ι
644 5211 838 5277 Matth.
871 5228 984 5278 xvr,
1012 5211 1102 5279 26.
1179 5212 1206 5251 δ
1232 5209 1424 5279 Matth.
1452 5210 1636 5277 vr,24.
1718 5209 1922 5264 cProv.
1961 5223 2082 5275 xm,
2118 5208 2172 5265 8.
2249 5207 2276 5248 δ
2323 5207 2444 5263 Act.
2484 5220 2615 5269 xvu,
2663 5204 2718 5268 9,
2754 5203 2840 5257 10.

1768 5349 2001 5405 VARUE
2039 5348 2327 5406 LECTIO‘N
2334 5346 2435 5402 ES.

593 5476 639 5508 ιε
663 5476 724 5545 ιςῤ
766 5471 891 5539 βίω.
968 5471 1010 5504 δ’
1036 5469 1177 5545 ὑπό.
1230 5470 1279 5545 _'°
1315 5467 1865 5545 προσαγαγεῖν.
1882 5465 2082 5545 αὐτῶν.
2176 5466 2219 5498 ⁵¹
2256 5469 2383 5538 παρ’
2415 5467 2619 5519 ἐκεῖνον
2641 5462 2715 5534 τῷ
2746 5458 2881 5531 Θεῷ.
2967 5460 3034 5490 ἰ’
3070 5456 3195 5527 add.
3228 5456 3354 5543 γάρ,

3446 5449 3494 5481 ll
3525 5448 3618 5502 καλ⁸
3641 5457 3739 5493 κα-

526 5532 931 5617 ταπατήσαντες
957 5556 1066 5597 om.
1116 5541 1183 5571 ⁸¹“
1218 5532 1639 5611 ἀπεπλήρωσαν.
1711 5539 1802 5570 δυ’
1826 5532 2069 5607 Βέροιαν.

594 5651 1155 5728 (9)7Ύπό,πασ.-Με.
1187 5650 1350 5728 Plan“
1380 5650 1494 5728 ῥιπο
1532 5666 1661 5728 πασ.
1795 5722 1809 5728 _
1863 5722 1875 5728 _
1961 5714 1975 5728 D
2187 5646 2497 5728 sequentia,
2551 5645 2644 5726 καὶ
2692 5639 3192 5728 καταπατήσειντες.
3251 5636 3317 5691 Et
3374 5633 3533 5707 paulo
3596 5637 3744 5723 post,

597 5709 707 5796 illi)
740 5709 880 5796 Παῤ
920 5724 1168 5796 ἐκείνοις
1200 5709 1346 5796 θεῷξ
1380 5718 1455 5774 ld.
1492 5720 1639 5796 god,
1680 5722 1809 5791 παρ’
1861 5714 2081 5796 ἐκείνων
2190 5709 2324 5787 μετὰ
2352 5716 2683 5787 πλησμονῆς,
2710 5712 2911 5768 omisso
2948 5709 3058 5762 καί.
3603 5709 3611 5712 ’
3710 5722 3717 5723 ί

786 5786 931 5863 Mox,
959 5793 1027 5850 τὰ
1064 5786 1170 5864 γὰρ
1204 5791 1460 5864 ἀργύρια.
1492 5789 1694 5846 Desunt
1726 5786 1909 5846 autem
1943 5786 2076 5842 ibid.
