4088 6284
314 379 408 438 501

1533 370 1868 429 EPISTOLA
1895 364 2267 426 CANONICA.

3423 348 3529 408 502

314 496 404 552 καὶ
429 494 659 567 διάφορα
679 493 920 566 γραφικά
946 493 1038 546 καί⁷
1071 491 1480 562 παραδείγματα
1511 489 1575 541 ὲκ
1604 486 1711 539 τῶν
1731 486 1868 539 άπο-

1994 482 2266 551 icripturae
2318 474 2560 545 exempla
2616 489 2683 528 ex
2742 469 2968 527 Actibus
3026 465 3396 538 apostolorum
3465 465 3531 520 de

315 584 570 641 πολικῶν
612 585 869 656 Πράξεων
912 584 1038 655 περὶ
1087 581 1178 636 τοῦ
1233 579 1499 653 μακαρίοδ
1569 577 1864 631 ἀποστόλου

315 674 524 729 Παύλου
553 673 645 726 καὶ
671 674 756 726 ἑτέ
764 691 888 745 ρων.

379 765 623 818 ΖΩΝΑΡ.
683 766 745 817 Oi
801 765 857 817 δὲ
901 766 1188 835 χρήματα,
1241 765 1406 836 φησὶ,
1451 761 1740 825 δεδωκότες
1773 761 1868 818 καὶ

314 857 669 926 ἐκφυγόντες,
709 856 803 909 καὶ
833 856 1017 920 αὐτοῖς
1047 858 1383 928 τηρήσαντες
1428 855 1523 928 τὴν
1554 854 1832 909 εὐσέϐειαν
1851 892 1865 916 ,

316 947 410 1000 οὐκ
434 946 833 1017 αἰτιαθήσονται
851 985 864 1009 ,
895 948 1012 1000 οὐδὲ
1039 947 1291 1019 ἐγκλημά
1319 965 1400 1010 τις
1431 946 1673 1000 ἐντεῦθεν
1703 961 1869 1017 προσ-

313 1039 437 1108 ets:
468 1040 668 1102 αὐτοῖς.
701 1040 917 1094 Εἴλοντο
945 1040 1051 1112 γὰρ
1083 1042 1337 1112 χρήματα
1367 1035 1706 1110 ζημιωθῆναι
1727 1077 1741 1099 ,
1777 1036 1871 1091 καὶ

314 1130 392 1204 μὴ
425 1130 522 1192 τὰς
547 1130 751 1184 ἑαυτῶν
775 1129 970 1201 ψυχὰς.
1019 1132 1113 1184 καὶ
1159 1132 1433 1203 ἐφάνησαν
1477 1129 1554 1200 τῷ
1585 1127 1700 1199 Θεῷ
1748 1128 1870 1182 δου-

311 1222 491 1277 λεύειν
527 1223 869 1294 βουλόμενοι,
900 1223 994 1276 καὶ
1035 1223 1094 1276 οὐ
1124 1222 1200 1297 τῷ
1243 1223 1553 1293 μαμμωνᾷ,
1598 1220 1716 1291 ἦτοι
1763 1221 1872 1288 τοῖς

311 1314 576 1384 χρήμασι·
637 1311 913 1385 Ἐπιφέρει
959 1311 1014 1364 δὲ
1061 1314 1152 1365 καὶ
1198 1314 1414 1384 ῥήματα
1459 1309 1738 1381 γραφικὰ,
1779 1311 1873 1363 καί

314 1405 664 1476 παράδειγμα
711 1407 774 1458 ὲκ
834 1404 941 1457 τῶν
975 1403 1229 1476 Πράξεων
1283 1403 1409 1474 περὶ
1453 1401 1545 1455 τοῦ
1604 1399 1872 1472 μακαρίου

314 1494 611 1549 ἀποστόλου
653 1495 863 1548 Παύλου
917 1495 1011 1548 καὶ
1042 1495 1264 1567 ἐτέρων.
1300 1495 1373 1548 Τὸ
1401 1494 1455 1547 δὲ
1489 1495 1872 1566 άνενοχλήτους

312 1587 565 1658 γενέσθαι
593 1587 701 1642 ἀπὸ
725 1588 905 1658 πάσης
935 1588 1162 1653 κακίας,
1204 1587 1236 1658 ἢ
1268 1587 1329 1641 τὸ
1370 1588 1444 1658 μὴ
1469 1587 1759 1658 ὀχληθῆναι
1794 1590 1874 1650 είς

315 1679 544 1750 ἄρνησιν
577 1679 674 1749 τῆς
702 1677 981 1743 εὐσεϐείας
1033 1681 1177 1734 ἐστὶν
1203 1719 1216 1742 ,
1267 1681 1412 1751 ἥπερ
1457 1681 1635 1732 πᾶσαν
1679 1677 1876 1732 κακίαν

316 1769 478 1839 νικᾷ,
523 1769 556 1839 ἢ
592 1767 788 1833 κακίας
820 1769 917 1834 τὰς
950 1770 1218 1834 κακώσεις
1256 1769 1506 1842 ὠνόμασε
1539 1770 1633 1833 τὰς
1667 1771 1730 1822 ὲκ
1770 1769 1875 1821 τῶν

320 1857 612 1912 κολάσεων.

911 1954 1148 2007 ΚΑΝΩΝ
1186 1954 1286 2010 ΙΓ’.

396 2059 415 2092 1
460 2040 620 2096 Ὅθεν
646 2042 764 2096 οὐδὲ
795 2045 907 2107 τοῖς
961 2044 1315 2114 καταλείψασι
1343 2046 1516 2100 πάντα
1546 2044 1632 2096 διΞι
1661 2043 1758 2113 τὴν
1782 2044 1880 2112 τῆς

330 2148 350 2181 1
390 2131 564 2202 ψυχῆς
591 2133 860 2204 σωτηρίαν
881 2133 972 2186 καὶ
997 2134 1408 2206 ἀναχωρήσασιν
1433 2133 1578 2188 ἐστιν
1609 2135 1877 2203 ἐγκαλεῖν,

328 2241 348 2272 1
391 2220 466 2285 ὡς
495 2222 562 2276 ἂν
593 2224 790 2296 ἑτέρων
831 2223 896 2278 δι’
925 2225 1118 2288 αὐτοὺς
1148 2225 1608 2297 κατασχεθέντων.
1641 2226 1748 2279 Καὶ
1775 2227 1882 2298 γὰρ

329 2333 348 2366 1
393 2315 485 2368 καὶ
541 2317 598 2369 ὲν
650 2318 716 2386 τῇ
771 2317 979 2388 Ἐφέσῳ
1025 2317 1146 2370 ἀντὶ
1210 2317 1421 2370 Παύλου
1439 2318 1484 2350 ⁵³
1537 2318 1882 2389 συνήρπασαν

332 2424 350 2457 1
394 2404 556 2462 Γάϊον
601 2409 681 2470 είς
726 2407 786 2460 τὸ
816 2407 1038 2478 θέατρον
1072 2407 1166 2461 καὶ
1203 2408 1588 2480 ’Δρίσταρχον,
1625 2409 1883 2480 συνεκδή-

333 2516 351 2549 1
399 2515 529 2570 μους
541 2496 772 2562 Παύλου,
793 2497 1113 2569 βουλομένου
1133 2498 1200 2530 ⁵³·
1215 2497 1472 2552 εἰσελθεῖν
1491 2501 1570 2562 είς
1590 2498 1679 2552 τὸν
1692 2499 1880 2571 δῆμον·

332 2607 350 2640 1
395 2590 517 2642 ἐπεὶ
548 2590 640 2643 καὶ
663 2589 727 2642 δι’
758 2589 918 2642 αὐτὸν
943 2589 1203 2644 πείσαντα
1233 2591 1324 2644 καὶ
1355 2592 1766 2664 μεταστήσαντα
1790 2610 1885 2646 πο-

331 2697 354 2732 1
395 2679 490 2734 λύν
535 2679 690 2751 ὄχλον
709 2681 828 2734 ”ὲπ“ι
863 2682 961 2753 τὴν
992 2681 1294 2736 θεοσέϐειαν
1348 2685 1380 2754 ἡ
1418 2684 1601 2746 στάσις
1631 2679 1697 2755 ἦν
1741 2701 1887 2752 γενο-

1973 575 2130 627 beato
2155 569 2327 624 Paulo
2356 566 2601 638 apostolo
2627 573 2680 620 et
2708 563 2848 618 aliis.

2044 749 2250 805 Zona.
2287 745 2388 812 Qui
2451 759 2601 810 vero,
2631 741 2827 813 inquit,
2882 739 3167 811 pecuniam
3220 745 3530 808 erogarunt,

1974 857 2146 912 eoque
2173 838 2371 908 effugio
2405 837 2659 907 pietatem
2695 837 3109 893 conservarunt,
3144 843 3252 883 non
3291 835 3418 884 sunt
3442 843 3535 883 re~

1974 929 2364 1006 prehendendi,
2401 942 2503 983 nec
2534 926 2605 981 ob
2631 940 2750 980 eam
2784 940 2896 978 rem
2929 922 3052 975 illos
3080 919 3330 990 quisnam
3374 932 3534 973 accu-

1976 1034 2079 1081 set.
2135 1021 2443 1078 Maluerunt
2492 1032 2726 1088 namque
2775 1015 3052 1086 pecunias,
3085 1027 3248 1082 quam
3293 1012 3535 1081 ipsorum

1977 1117 2188 1187 animas
2206 1113 2452 1184 perdere,
2473 1109 2936 1176 ostenderuntquc
2970 1119 3028 1160 se
3057 1103 3166 1158 Deo
3197 1104 3400 1159 servire
3421 1103 3535 1157 vel-

1976 1210 2046 1273 le,
2078 1222 2189 1263 non
2214 1217 2558 1266 mammonae,
2592 1201 2693 1254 hoc
2718 1207 2801 1254 est
2830 1197 3054 1252 divitiis.
3101 1193 3314 1250 Profert
3358 1203 3536 1248 autem

1977 1309 2032 1354 et
2083 1296 2377 1367 Scriptura:
2412 1292 2597 1355 verba,
2653 1297 2768 1343 tum
2824 1303 2891 1343 ex
2939 1286 3091 1340 Actis
3146 1285 3535 1356 apostolorum,

1977 1389 2122 1445 beati
2147 1387 2299 1442 Pauli
2333 1395 2386 1441 et
2414 1385 2644 1438 aliorum
2679 1379 2944 1450 exempla.
2976 1375 3131 1446 Quod
3159 1394 3286 1432 vero
3315 1377 3534 1442 dicitur,

1978 1479 2399 1550 imperturbatos
2432 1475 2604 1532 fuisse
2636 1473 2705 1528 ab
2744 1472 2888 1526 omni
2939 1469 3307 1538 improbitate,
3339 1469 3418 1525 sic
3449 1485 3542 1523 ac-

1979 1573 2290 1644 cipiendum
2321 1578 2428 1635 est,
2471 1577 2566 1623 aut
2605 1564 3024 1638 imperturbatos
3065 1562 3256 1629 fuisse,
3295 1562 3439 1633 quod
3473 1563 3540 1617 ad

1979 1666 2199 1738 pietatis
2249 1663 2661 1734 abnegationem
2709 1659 2904 1713 attinet
2934 1672 3055 1728 qua:
3106 1656 3416 1711 universam
3451 1671 3544 1710 su-

1981 1765 2135 1828 perat
2167 1755 2587 1828 improbitatem,
2628 1752 2712 1806 vel
2743 1751 2940 1814 κακίας
2963 1749 3278 1804 vexationes
3305 1757 3542 1803 tormen-

1909 1845 1958 1906 B
1985 1856 2161 1904 torum
2195 1846 2515 1901 nominavit.

2559 1931 2789 1988 CANON
2829 1929 2976 1988 XIII.-

2058 2049 2077 2082 1
2127 2027 2282 2083 Unde
2325 2041 2428 2082 nec
2475 2040 2569 2081 eos
2610 2023 2704 2094 qui
2754 2023 2936 2078 omnia
2963 2023 3300 2093 reliquerunt
3327 2030 3545 2092 propter

1991 2141 2007 2172 1
2054 2121 2284 2175 salutem
2328 2118 2522 2172 anima:
2579 2123 2633 2172 et
2684 2123 3060 2191 secesserunt,
3107 2114 3232 2168 licet
3287 2127 3546 2168 accusare

1991 2234 2008 2265 1
2057 2222 2316 2282 tanquam
2365 2209 2488 2264 aliis
2531 2217 2751 2278 pr0pter
2801 2207 2949 2276 ipsos
2998 2203 3254 2259 detentis.
3303 2201 3438 2256 Nam
3490 2212 3545 2258 et

1991 2324 2008 2356 1
2057 2303 2255 2375 Ephesi
2283 2316 2382 2372 pro
2401 2299 2570 2355 Paulo
2597 2298 2789 2369 Gajum
2823 2305 2881 2353 et
2907 2295 3285 2352 Aristarchum
3313 2293 3368 2348 in
3402 2293 3548 2348 thea-

1991 2415 2008 2448 1
2059 2404 2144 2450 tro
2167 2393 2733 2464 comprehenderunt,
2766 2405 2872 2444 una
2921 2403 3044 2444 cum
3094 2386 3263 2442 Paulo
3308 2386 3549 2456 peregri-

1991 2509 2009 2538 1
2054 2495 2244 2542 nantes
2262 2485 2419 2555 a,qui
2451 2483 2660 2539 volebat
2693 2483 2758 2537 ad
2787 2481 3041 2551 populum
3071 2479 3257 2533 adire:
3289 2477 3546 2547 quoniam

1993 2599 2010 2630 1
2057 2590 2276 2651 propter
2303 2580 2478 2650 ipsum
2511 2576 2601 2646 qui
2627 2581 3062 2646 persuaserat,et
3089 2571 3313 2624 multam
3333 2568 3547 2624 turbam

1993 2694 2012 2726 1
2058 2673 2125 2728 ad
2154 2672 2246 2728 Dei
2284 2672 2490 2726 cultum
2539 2667 2887 2732 traduxerat,
2918 2663 3113 2720 seditio
3160 2662 3303 2717 facta
3349 2661 3547 2714 fuerat.

333 2789 352 2821 1
399 2769 534 2842 μένη
551 2772 844 2826 ⁸³⁶⁶.⁵⁸υύκ
868 2773 1006 2827 είων
1032 2775 1217 2828 αὑτὸν
1234 2753 1571 2844 οίμαθηταὶ,
1594 2753 1775 2845 φησίν.
1811 2775 1885 2828 Οὐ

1994 2788 2012 2818 1
2057 2765 2178 2821 Non
2208 2766 2469 2820 sciuerunt
2493 2777 2633 2827 eum,
2684 2759 2882 2830 inquit,
2915 2756 3179 2824 discipuli.
3216 2753 3356 2822 Quin
3386 2753 3549 2808 etiam

335 2878 354 2910 1
403 2861 510 2933 μὴν
545 2860 678 2915 ἀλλὰ
709 2863 801 2916 καί
832 2879 973 2927 τινες
1017 2862 1123 2916 τῶν
1159 2864 1454 2936 Ἀσιαρχῶν
1489 2863 1638 2928 ὄντες
1684 2864 1886 2934 αὐτῷ⁵⁸

1996 2881 2014 2912 1
2061 2857 2306 2915 nonnulli
2329 2873 2394 2912 ex
2423 2853 2704 2910 Asiarcliis
2749 2851 2843 2922 qui
2884 2850 2932 2905 ei
2978 2855 3134 2904 erant
3166 2847 3349 2911 amici,
3387 2845 3550 2901 mise-

337 2971 355 3002 1
405 2953 565 3022 φίλοι,
594 2954 904 3027 πέμψαντες
931 2957 1062 3028 πρὸς
1091 2957 1271 3020 αὐτὸν,
1307 2956 1645 3028 παρεκάλουν
1669 2957 1744 3029 μὴ
1767 2958 1882 3012 δοῦ-

1997 2971 2014 3003 1
2054 2959 2185 3007 runt
2214 2950 2281 3005 ad
2309 2963 2432 3005 eum
2457 2955 2511 3002 et
2539 2950 2853 3008 suaserunt,
2877 2958 2945 2998 ne
2971 2958 3030 2998 se
3049 2942 3262 2997 theatro
3287 2939 3458 2995 daret.
3491 2937 3552 2994 Si

339 3061 358 3093 1
405 3061 489 3096 ναι
521 3045 711 3100 ἑαυτὸν
757 3047 834 3110 είς
863 3046 924 3100 τὸ
963 3047 1205 3117 θέατρον.
1245 3047 1307 3100 Εἰ
1329 3047 1386 3100 δὲ
1418 3047 1721 3118 ἐπιμένοιέν
1750 3065 1886 3112 τινες

1996 3065 2014 3097 ‹
2061 3045 2150 3116 qui
2193 3054 2374 3098 autem
2419 3055 2543 3095 cum
2595 3040 2662 3095 iis
2697 3036 3024 3094 contendere
3055 3033 3414 3104 perrexerint,
3457 3032 3552 3101 qui

338 3153 357 3184 1
405 3136 813 3207 ὲρεσχελοῦντες
840 3141 952 3201 τοῖς
983 3137 1286 3209 εἰλικρινῶς
1319 3138 1643 3210 προσέχουσι
1684 3139 1762 3210 τῷ
1801 3139 1886 3193 λέ-

1999 3158 2016 3190 1
2063 3137 2301 3192 animum
2335 3137 2608 3192 sincerum
2640 3133 2690 3187 ei
2715 3129 3012 3190 adhibent,
3040 3127 3132 3198 qui
3151 3127 3281 3182 dicit
3302 3127 3330 3166 ι)
3366 3143 3380 3179 :
3415 3125 3556 3179 Dili-

341 3242 360 3273 1
407 3227 614 3293 γοντι⁸⁶
639 3227 772 3298 (Η),
804 3228 1003 3289 Σώζων
1032 3227 1179 3290 σῶζὲ
1209 3227 1322 3298 τὴν
1354 3231 1613 3284 σεαυτοῦ
1657 3230 1886 3300 ψυχὴν,

2001 3248 2019 3280 1
2061 3237 2238 3300 genter
2274 3244 2420 3282 serva
2444 3227 2677 3280 animam
2717 3232 2882 3286 tuam,
2907 3231 2955 3275 et
2996 3237 3058 3274 ne
3097 3229 3236 3274 retro
3267 3219 3552 3286 aspexeris.

342 3336 360 3368 1
407 3318 504 3372 καί
535 3319 604 3350 ⁸⁸·
632 3318 718 3389 μὴ
758 3319 1120 3390 περιϐλέψῃς
1152 3322 1242 3353 ⁸⁶“
1273 3324 1358 3388 είς
1389 3323 1460 3376 τὰ
1493 3322 1706 3388 ὀπίσω,
1765 3323 1886 3376 ὐπο-

2002 3339 2018 3370 ‹
2066 3317 2261 3374 Petrus
2283 3333 2498 3388 quoque
2529 3314 2897 3385 apostolorum
2929 3310 3183 3381 princeps
3217 3309 3297 3364 eis
3327 3309 3383 3361 in
3405 3323 3556 3362 men-

341 3427 364 3461 1
405 3409 791 3482 μνησθήτωσαν
809 3413 898 3466 καῖ
909 3413 1037 3481 περὶ
1049 3412 1141 3467 τοῦ
1160 3413 1268 3484 (12)
1287 3413 1703 3485 προκρίτουτῶν
1757 3416 1894 3472 άπο-

347 3519 365 3552 ‹
412 3501 610 3556 στόλων
622 3501 1241 3578 Πέτρου,βε6λημένου
1258 3522 1323 3561 τε
1343 3505 1458 3575 ἤδη
1476 3509 1561 3573 εὶς
1573 3506 1856 3576 φυλακὴν
1879 3547 1894 3572 9

349 3613 367 3646 1
413 3594 513 3649 καί
533 3598 966 3666 παραδοθέντος
992 3598 1266 3669 τέτταρσι
1292 3601 1616 3670 τετραδίοις
1636 3603 1681 3635 ⁸⁷
1716 3617 1895 3670 στρα-

348 3704 365 3735 1
412 3687 646 3752 τιωτῶν,
681 3689 1022 3757 φυλάσσειν
1045 3692 1250 3745 αὐτόν.
1273 3684 1348 3743 Οὐ
1370 3694 1427 3744 ὲν
1459 3693 1614 3746 νυκτὶ
1641 3691 1898 3761 φυγόντος

348 3795 364 3826 1
410 3777 502 3829 καί⁵
533 3779 595 3830 ὲκ
623 3781 802 3851 χειρὸς
833 3780 1118 3850 ρυσθέντος
1155 3781 1260 3835 τῶν
1303 3782 1566 3836 Ἰουδαίων
1599 3785 1717 3836 κατ’
1755 3784 1899 3836 ἐντοη

350 3885 368 3917 1
412 3866 509 3938 λὴν
540 3869 770 3937 ἀγγέλου
793 3910 808 3934 ,
844 3870 974 3940 φησὶ
996 3910 1010 3935 ,
1051 3871 1254 3942 Κυρίου
1275 3911 1288 3935 ,
1321 3872 1646 3942 γενομένης
1677 3871 1899 3941 ἡμέρας

353 3975 370 4005 1
414 3953 493 4027 ἦν
516 3958 771 4027 τάραχος
801 3961 910 4013 οὐκ
937 3961 1138 4030 ὀλίγος
1162 3963 1231 4015 ἐν
1259 3962 1382 4028 τοῖς
1409 3961 1812 4031 στρατιώταις,
1845 3964 1903 4016 τί

359 4066 377 4099 1
423 4047 536 4116 ἄρα
561 4053 594 4103 ό
620 4050 842 4118 Πέτρος
871 4049 1124 4120 ἐγένετο.
1162 4052 1412 4121 Ἡρώδης
1435 4052 1523 4117 δὲ,
1546 4050 1902 4121 ἐπιζητήσας

357 4159 374 4192 1
419 4143 604 4196 αὐτόν
628 4144 724 4197 καί
746 4142 831 4213 μὴ
855 4144 1062 4212 εὑρὼν,
1087 4145 1412 4214 ἀνακρίνας
1441 4144 1582 4211 τοὺς
1606 4146 1900 4213 φύλακας,

354 4256 371 4288 1
415 4236 737 4292 ἐκέλευσεν
798 4238 1174 4308 ἀπαγχθῆναι
1227 4239 1370 4311 (15),
1432 4239 1500 4292 δι’
1545 4238 1639 4301 οὒς
1679 4239 1904 4308 οὐδεμία

355 4348 374 4380 1
419 4331 566 4384 αἰτία
586 4331 664 4402 τῷ
680 4330 870 4402 Πέτρῳ
892 4332 1285 4402 προσάπτεται.
1318 4331 1474 4400 Ἐξῆν
1522 4329 1629 4401 γὰρ
1649 4370 1664 4394 ,
1699 4331 1793 4384 καὶ
1816 4332 1906 4384 αὐ-

2003 3429 2021 3461 1
2070 3417 2176 3465 tem
2209 3415 2512 3472 revocetur,
2553 3408 2645 3478 qui
2681 3405 2798 3476 jam
2829 3405 2882 3457 in
2905 3401 3197 3456 custodiam
3243 3407 3361 3454 erat
3429 3411 3550 3450 con-

2004 3519 2022 3558 t
2060 3500 2254 3569 jactus,
2291 3507 2339 3552 et
2367 3497 2593 3552 traditus
2624 3506 2850 3567 quatuor
2870 3489 3297 3564 quaterniouibus
3330 3489 3555 3542 militum

2004 3611 2020 3642 1
2071 3591 2137 3646 ad
2164 3607 2282 3645 eum
2310 3589 2622 3645 servandum
2651 3598 2674 3628 ε
2702 3600 2715 3640 :
2754 3585 2846 3657 qui
2877 3599 3000 3639 cum
3034 3591 3198 3638 noctu
3229 3581 3475 3651 fugisset,
3506 3587 3560 3634 et

2005 3703 2023 3734 1
2069 3700 2134 3739 ex
2169 3681 2480 3738 Iudaeorum
2511 3695 2674 3735 manu
2724 3685 2972 3733 servatus
2998 3681 3165 3738 esset,
3193 3674 3349 3743 jussu
3384 3671 3557 3741 angeli

2005 3793 2024 3824 1
2065 3771 2319 3827 Domini:
2355 3768 2545 3832 Facto,
2583 3769 2777 3838 inquit,
2820 3768 2906 3820 die
2945 3775 3058 3819 erat
3102 3779 3205 3817 non
3246 3777 3437 3830 parvus
3479 3769 3563 3813 tu-

2007 3884 2024 3915 1
2073 3864 2271 3919 multus
2304 3863 2438 3916 inter
2463 3861 2676 3926 milites,
2713 3858 2962 3930 quidnam
2992 3856 3192 3926 factum
3216 3863 3346 3908 esset
3380 3851 3557 3906 Petro.

2007 3975 2024 4006 1
2073 3953 2306 4009 Herodes
2341 3961 2515 4006 autem
2537 3966 2652 4004 cum
2684 3964 2799 4003 eum
2833 3945 3180 4016 quwsivisset,
3208 3952 3258 3996 et
3293 3957 3397 3997 non
3426 3941 3562 3994 inve-

2007 4067 2025 4098 1
2065 4049 2246 4111 uisset,
2263 4047 2613 4113 interrogatos
2638 4038 2877 4095 custodes
2893 4037 3059 4108 jussit
3085 4033 3338 4104 suﬁ‘ocari
3361 4031 3413 4096 ά,
3443 4046 3566 4101 pro-

2009 4159 2026 4190 1
2071 4147 2192 4210 pter
2213 4153 2352 4207 quos
2382 4137 2528 4191 nulla
2553 4133 2712 4203 culpa
2747 4132 2804 4186 in
2832 4131 3051 4185 Petrum
3076 4125 3354 4182 confertur
3388 4145 3400 4178 :
3435 4125 3564 4178 liee-

2008 4253 2026 4283 1
2073 4233 2164 4287 bat
2193 4232 2338 4301 enim
2367 4229 2446 4299 eis
2471 4227 2564 4282 illo
2599 4227 2718 4281 viso
2755 4223 2899 4296 quod
2932 4221 3134 4277 factum
3169 4219 3344 4275 fuerat
3371 4216 3565 4286 efﬂige-

2011 4343 2028 4375 1
2076 4340 2173 4387 re;
2204 4323 2346 4379 sicut
2374 4331 2428 4377 et
2459 4333 2649 4375 omnes
2689 4316 2927 4372 infantes
2955 4314 3047 4384 qui
3077 4321 3233 4368 erant
3262 4312 3315 4364 in
3352 4305 3566 4365 Bethle-

355 4440 372 4472 1
416 4424 540 4485 τοὺς
571 4423 878 4494 ἑωρακότας
909 4424 968 4476 τὸ
999 4423 1276 4494 γινόμενον
1308 4423 1374 4484 ⁸⁸,
1401 4425 1676 4491 ἐκφυγεῖν,
1710 4422 1784 4486 ὡς
1815 4423 1886 4475 κα

2013 4436 2028 4466 1
2076 4417 2199 4472 hem
2225 4426 2249 4454 θ
2275 4425 2328 4470 et
2356 4415 2410 4469 in
2455 4411 2712 4468 omnibus
2761 4409 2881 4478 ejus
2919 4407 3140 4471 finibus,
3178 4404 3225 4459 si
3279 4402 3566 4458 scivissent

357 4532 375 4571 ς
421 4514 594 4568 πάντα
625 4490 692 4570 τὰ
728 4514 914 4568 παιδία
944 4490 1020 4568 τὰ.
1050 4490 1392 4585 ἐπι-Βηθλεὲμ
1424 4490 1515 4565 καὶ
1544 4512 1604 4568 ἐν
1632 4513 1764 4568 πᾶσι
1798 4514 1886 4564 τοῖς

2015 4527 2032 4559 1
2079 4520 2267 4562 eorum
2299 4511 2553 4576 parentes
2597 4501 2740 4573 quod
2772 4506 2888 4554 erat
2940 4495 3181 4552 futurum
3217 4513 3230 4548 :
3267 4490 3360 4562 qui
3391 4505 3421 4543 a
3450 4504 3569 4543 cru-

2099 4597 2112 4603 -
2153 4596 2184 4603 -.
2210 4596 2224 4603 -
2343 4595 2354 4603 .
2394 4594 2405 4603 .
2430 4594 2444 4603 .
2513 4591 2555 4603 .-
2673 4590 2687 4603 1
2811 4590 2825 4603 ι
2850 4590 2862 4603 .
2905 4589 2940 4603 ,ο
3039 4594 3086 4603 η.
3142 4591 3193 4603 __.
3219 4594 3356 4603 --_-.-
3386 4579 3472 4603 -..:
3502 4576 3568 4603 ..ιι

358 4622 375 4656 1
417 4605 584 4678 ὁρίοις
627 4607 828 4679 αὐτῆς,
878 4608 926 4660 εί.
963 4576 1289 4674 ἐγνώκεισαν
1326 4576 1375 4657 oi
1415 4607 1590 4674 γονεῖς
1637 4604 1812 4658 αὐτῶν
1846 4604 1886 4656 τε

2017 4616 2034 4649 1
2082 4596 2188 4652 deli
2210 4594 2481 4650 homicida
2511 4590 2724 4647 Herode
2744 4589 2945 4649 sublati
2967 4594 3114 4652 sunt,
3142 4591 3200 4639 ut
3219 4594 3359 4644 unus
3383 4579 3476 4650 qui
3501 4576 3570 4632 ab

355 4714 374 4746 1
422 4695 609 4767 μέλλον
642 4697 857 4752 ἔσεσθαι
875 4715 889 4728 ·
923 4697 1064 4771 ἂπερ
1089 4696 1426 4769 ἀνῃρέθησαν
1453 4696 1556 4749 ὑπὸ
1573 4695 1664 4750 τοῦ
1691 4696 1908 4768 μιαιφόέ

359 4803 374 4834 1
420 4803 510 4840 vou
534 4786 768 4859 Ἡρώδου
785 4787 872 4841 διὰ
886 4786 947 4840 τὸ
961 4787 1050 4840 ὐπ’
1067 4787 1228 4840 αὐτοῦ
1262 4784 1588 4856 ζητούμενον
1613 4783 1905 4838 ἀπολέσθαι

357 4894 375 4928 1
421 4877 480 4932 ἓν
511 4880 736 4944 παιδίον,
763 4881 898 4951 ὅπερ
927 4879 1017 4932 καὶ
1047 4878 1178 4932 αὐτὸ
1198 4880 1315 4932 κατ’
1341 4877 1557 4950 ἐντολὴν
1585 4875 1812 4946 ἀγγέλου
1835 4875 1904 4908 ⁸⁸⁵

423 5030 448 5058 ι
479 5017 602 5072 Act.
635 5033 750 5080 xix,
781 5015 965 5070 26-30.
1043 5012 1218 5068 1δίέεεη.
1244 5029 1356 5076 ιιι,
1393 5013 1479 5067 17.

1558 5024 1578 5051 ε
1613 5013 1845 5074 Act.xu,
1878 5010 1930 5063 4.
2005 5007 2030 5047 δ
2057 5007 2186 5061 ibid.
2222 5007 2308 5073 18,
2344 5007 2430 5062 19.

2016 4707 2035 4741 1
2085 4703 2149 4742 eo
2180 4687 2525 4758 quaerebatur
2567 4683 2750 4738 infans
2797 4681 3018 4754 periret,
3045 4676 3140 4749 qui
3164 4682 3218 4731 et
3254 4675 3372 4745 ipse
3409 4670 3570 4742 jussu

2018 4801 2036 4833 1
2082 4779 2258 4851 angeli
2284 4778 2379 4836 Dei
2413 4777 2617 4848 effugit,
2648 4773 2739 4846 qui
2769 4772 3017 4834 celeriter
3034 4770 3145 4840 jam
3177 4771 3419 4838 coeperat
3444 4777 3571 4835 spo-

2020 4893 2037 4925 1
2086 4874 2158 4927 lia
2215 4872 2485 4942 accipere,
2515 4877 2570 4925 et
2613 4868 2811 4923 acriter
2857 4877 3214 4941 praepaseere,
3270 4855 3568 4918 secundum

2503 5018 2527 5044 ε
2559 5003 2754 5058 Matth.
2787 5019 2848 5067 tt,
2875 5003 3022 5058 15-
3043 5003 3126 5060 16.

1615 5125 1847 5180 ῩΑΒΙλΕ
1877 5122 2278 5180 LECTIONES.

424 5254 470 5286 ⁸³
499 5253 660 5330 πάλιν
706 5251 847 5330 add;
875 5319 886 5330 Ι
906 5249 974 5330 ξ³¹
1007 5247 1216 5330 Παύλου
1244 5248 1317 5330 οὐ.
1335 5245 1486 5330 βουλ.
1534 5245 1636 5330 3³³⁸*
1668 5244 1942 5329 γινομένη.
1974 5243 2060 5330 ﬂ"
2086 5241 2341 5330 καίέιιΙιΙ.
2422 5241 2468 5272 ⁸³
2501 5238 2682 5294 αὐτοῦ.
2762 5237 2806 5269 ³⁵⁸
2833 5235 2910 5306 τῷ
2947 5234 3155 5302 λέγοντι
3184 5245 3290 5288 om.
3382 5230 3450 5264 ’δ’
3480 5226 3574 5280 καί

355 5339 466 5377 om.
549 5324 634 5354 ον’
671 5318 989 5391 περιϐλέψῃ.
1053 5318 1451 5390 ⁸⁷τετραδύοις.

428 5438 539 5507 (Μ)
569 5435 939 5507 Προσέχουσι
963 5433 1043 5499 τῷ
1063 5433 1319 5507 λέγοντι.
1338 5431 1416 5487 Id.
1437 5429 1560 5507 cod.
1585 5445 1709 5493 ms.,
1746 5446 1911 5507 προσ-

358 5499 568 5576 έχουσί,
592 5499 692 5576 ίτῷ
735 5499 940 5576 λέγοντι
992 5499 1393 5576 πεισθήτωσαν·
1442 5499 1656 5576 Σώζων,
1693 5516 1748 5552 κ.
1779 5517 1830 5552 τ.
1859 5499 1908 5552 λ.

1533 5316 1577 5346 ⁵³
1598 5313 1920 5386 γενόμενον(
1972 5314 2039 5345 ⁵⁸⁶
2074 5313 2301 5382 ἀγγέλου
2333 5313 2501 5366 deest.

2015 5440 2117 5480 ms.
2155 5425 2254 5480 Ubi
2291 5423 2448 5495 paulo
2479 5423 2846 5495 postlegitur,
2879 5423 2970 5495 καὶ
3000 5414 3577 5495 ῥυσθέντοςκὲκιχειρὸξ

2015 5495 2108 5578 τοῦ
2118 5564 2142 5574 υ
2155 5483 2805 5578 φο-νώδους“⁹ῌρὼδου”καςι
2823 5483 3122 5578 ’ἐκεάσθηςλτξῖσγςι
3133 5483 3578 5578 προσδοκίας.τοῦ

410 5553 675 5632 εοιο.’8ἱέ
706 5555 848 5630 enim
871 5553 1385 5637 ilejgendumv'suadet
1414 5553 1555 5624 mox”
1575 5553 1914 5637 subsequens
2017 5564 2144 5618 λαοῦ
2163 5553 2275 5637 ,τῶν
2319 5553 2602 5626 Ἰουδαίὼν,
2631 5565 2746 5616 κατ’
2774 5553 2972 5622 εντολ.,’
2990 5553 3086 5611 ut'
3108 5553 3336 5608 habetur
3365 5553 3419 5606 in
3451 5558 3573 5610 Act.

361 5647 871 5718 ὑπομνησθήτωσαν.

362 5713 646 5771 sub'fin'em
664 5713 904 5770 'canonis
929 5713 1016 5767 M.

954 5636 1040 5714 uie
1079 5643 1325 5714 geminus
1375 5641 1526 5696 locus
1566 5636 1917 5695 exstat’infra
2019 5636 2239 5714 xu,__l__l.

2091 5706 2198 5777 (~13)
2241 5702 2660 5777 Ἀπαγχθ-ῆνᾳι.
2712 5701 2789 5754 l1l.
2825 5715 2950 5761 ms.,
2998 5696 3326 5752 ἀποκτεῖναι.
3373 5695 3580 5756 Tenus

436 5787 544 5858 (Ιὲ)
577 5785 682 5841 Kal
715 5785 842 5853 περὶ
883 5783 1004 5838 τοῦ.
1059 5781 1219 5840 Deest
1267 5777 1579 5854 praepositio
1633 5780 1689 5835 in
1731 5779 1916 5836 eodem
2022 5773 2135 5832 Act.
2175 5773 2268 5844 im,
2308 5773 2406 5843 l9,
2429 5773 2758 5843 ἀπαχθῆναι.
