4088 6284
338 340 452 396 505

1559 338 1747 387 lLPlb'l
1761 336 1892 387 ULA
1931 331 2296 386 LALVUNICA.

3444 320 3547 370 M'b

335 454 533 529 ᾐτιάθη
568 455 596 508 ὁ
617 455 818 526 Κύριος
837 472 855 484 ο
891 455 983 508 καὶ
1011 456 1106 526 τῆς
1147 455 1419 508 Ἐλισάῦετ
1445 453 1720 523 φυγούσης
1749 449 1885 522 μετὰ

1987 463 2146 518 quam
2172 448 2242 503 ob
2266 462 2403 509 rem,
2433 444 2632 516 inquit,
2661 441 2807 496 haud
2839 443 3128 494 accusatus
3160 433 3547 492 estDominus.

352 545 620 610 Ἰωάννου,
649 546 742 598 καὶ
771 544 1228 615 πραφυλαξάσης
1255 543 1434 607 αὑτὸν,
1464 545 1490 594 ὁ
1518 543 1698 614 πατὴρ
1728 541 1889 595 αὑτοῦ

337 635 614 707 Ζαχαρίας
663 635 922 708 ἀνῃρέθη,
949 635 1038 687 τὸν
1085 635 1198 688 υἱὸν
1245 634 1666 705 ἀπαιτούμενος,
1702 633 1816 686 ἀλλ’
1863 635 1891 686 ὁ

349 727 600 799 Ἰωάννης
631 727 718 782 διὰ
741 727 897 780 τοῦτο
925 728 1023 780 οὐκ
1047 726 1259 797 ᾐτιάθη.

930 879 1169 932 XANle
1206 880 1303 932 IA'.

411 987 431 1022 ι
479 969 540 1022 Ei
571 969 624 1023 δέ
648 985 792 1032 τινες
821 969 940 1040 βίαν
962 969 1157 1040 πολλὴν
1187 969 1280 1022 καὶ
1303 969 1544 1039 ἀνάγκην
1573 967 1886 1031 πεπόνθασι,

333 1078 360 1114 4
407 1061 567 1132 χάνον
599 1060 664 1092 ⁸⁸·
707 1060 956 1124 λαϐόντες
989 1062 1044 1113 ὲν
1075 1061 1152 1131 τῷ
1172 1061 1395 1132 στόματι
1427 1063 1518 1114 καὶ
1533 1061 1779 1131 δεσμοὺς,
1797 1061 1890 1114 καὶ

347 1172 365 1204 ι
411 1151 786 1224 ἐπιμείναντες
819 1151 1100 1224 καρτερῶς
1129 1156 1194 1224 τῇ
1224 1152 1454 1206 διαθέσει
1499 1153 1594 1223 τῆς
1622 1152 1853 1214 πίστεως
1873 1191 1886 1212 ,

333 1263 360 1296 ‹
407 1245 500 1298 καὶ
526 1243 624 1307 τὰς
646 1247 834 1315 χεῖρας
862 1243 1041 1297 αὐτῶν
1067 1245 1156 1275 ⁶¹·’
1187 1245 1383 1314 καῆναι
1409 1242 1820 1315 προσαγομένας
1846 1242 1890 1273 ⁸³

336 1354 360 1388 ι
405 1336 590 1391 ἀκοντὶ⁸
613 1334 818 1405 (16)τῷ
851 1336 1047 1406 ἀνιέρῳ
1087 1334 1306 1406 Θύματι·
1346 1333 1628 1405 ὼσπεροῦν
1648 1332 1890 1405 ἔγραψαν

332 1449 359 1481 ‹
409 1447 498 1502 μοι
512 1431 560 1483 οἱ
575 1429 683 1482 ἀπὸ
699 1428 797 1499 τῆς
819 1428 1061 1498 φυλακῆς
1075 1428 1458 1499 τρισμακάριοι
1482 1427 1750 1499 μάρτυρες
1764 1443 1828 1479 πε
1837 1427 1889 1498 ρὶ

332 1540 356 1572 ἰ
407 1521 582 1575 τῶνὲν
598 1520 790 1596 Λιϐύῃ,
812 1521 906 1574 καὶ
924 1519 1100 1590 ἕτεροι
1115 1521 1171 1572 δὲ
1204 1519 1620 1592 συλλειτουργοί·
1644 1522 1691 1573 oi
1717 1518 1890 1572 τοιοῦ-

335 1632 356 1665 ι
406 1631 519 1678 τοι,
553 1611 1076 1683 συμμαρτυρούντων
1101 1613 1282 1675 αὐτοῖς
1325 1611 1369 1643 ⁸⁸
1401 1611 1630 1681 μάλιστα
1665 1609 1888 1665 καὶτῶν

337 1726 356 1756 ι
403 1705 576 1762 ἄλλων
605 1705 846 1775 ἀδελφῶν
871 1706 936 1768 ⁵³,
959 1703 1208 1759 δύνανται
1239 1703 1376 1759 εἶναι
1407 1708 1464 1758 ὲν
1490 1708 1554 1776 τῇ
1587 1704 1888 1776 λειτουργίᾳ

337 1817 355 1847 c
403 1797 688 1867 ταχθέντες
719 1799 776 1850 ὲν
816 1800 926 1861 τοῖς
965 1798 1338 1869 όμολογηταίς,
1375 1798 1451 1860 ὡς
1497 1798 1589 1850 καὶ
1632 1799 1680 1850 oi
1725 1814 1889 1850 κατοι-
1919 1786 1962 1840 Β

335 1911 357 1942 ‹
405 1891 765 1963 νεκρωθέντες
789 1893 846 1943 ἐν
865 1894 984 1954 ταῖς
1013 1891 1235 1954 πολλαῖς
1266 1889 1537 1961 βασάνοις,
1571 1893 1663 1945 καὶ
1693 1891 1886 1962 μηκέτι

336 2001 356 2033 ι
407 1981 782 2052 ὲξισχύσαντες
824 1980 1114 2051 λαλῆσαιῆ
1159 1980 1487 2049 φθέγξασθαι
1525 1979 1558 2050 ἢ
1606 1979 1886 2050 κινηθῆναι

327 2094 356 2126 4
403 2077 483 2139 είς
513 2075 576 2129 τὸ
611 2075 924 2144 ἀντιστῆναι
973 2075 1086 2137 τοῖς
1125 2075 1204 2134 είς
1241 2075 1417 2143 μάτην
1457 2071 1790 2143 βιαζομένοις
1819 2071 1882 2104 ⁸⁸·

326 2185 355 2216 4
401 2165 522 2220 οὐδὲ
549 2164 655 2238 γὰρ
682 2163 1072 2234 συγκατέθεντο
1093 2166 1159 2234 τῇ
1179 2162 1429 2235 βδελυρίᾳ
1452 2161 1647 2227 αὐτῶν,
1676 2161 1890 2232 ῶσπερ-

326 2277 354 2309 ‹
397 2256 491 2311 οὖν
511 2258 659 2329 παρά
672 2255 1089 2326 συλλειτουργῶν
1123 2256 1282 2310 πάλιν
1305 2257 1511 2327 ἥκουσα
1531 2255 1662 2327 (17).
1675 2254 1888 2327 Ταχθή-

333 2366 352 2396 ‹
409 2363 560 2402 σεται
598 2348 653 2401 δὲ
685 2348 742 2401 ὲν
783 2347 850 2379 ⁵⁸·
882 2350 993 2411 τοῖς
1007 2347 1363 2418 όμολογηταῖς
1403 2349 1496 2400 καὶ
1518 2347 1624 2410 πᾶς
1643 2345 1888 2401 ὁστισοῦν

332 2455 352 2488 ι
398 2436 538 2489 κατά
565 2436 827 2507 Τιμόθεον
854 2435 1222 2500 πολιτεύεται,
1261 2435 1577 2507 πειθόμενος
1604 2437 1696 2490 καὶ
1725 2435 1888 2499 αὐτὸς

306 2547 350 2580 -ι
397 2527 473 2597 τῷ
498 2526 726 2595 λέγοντι·
764 2528 943 2580 Δίωκε
975 2527 1068 2568 ⁸⁵³*
1101 2527 1510 2596 δικαιοσύνην,
1555 2527 1884 2592 εὐσέϐειαν,

314 2639 352 2672 .ι‹
401 2621 626 2684 πίστιν,
689 2619 947 2690 ἀγάπην,
1007 2621 1343 2690 ὑπομονὴν,
1405 2621 1700 2690 πραότητα
1734 2621 1880 2653 eam.

327 2729 354 2758 ιι
402 2709 690 2779 ἀγωνίζου
717 2710 824 2763 τὸν
855 2709 1048 2764 καλὸν
1086 2711 1287 2780 ἀγῶνα
1317 2711 1426 2779 τῆς
1452 2713 1731 2779 πίστεως·
1761 2715 1886 2768 ἐπι-

326 2820 352 2852 -‹
398 2802 586 2856 λαϐοῦ
637 2801 751 2869 τῆς
817 2803 1058 2856 αἰωνίου
1112 2802 1259 2869 ζωῆς
1313 2807 1401 2870 εὶς
1456 2803 1536 2872 ἣν
1595 2805 1882 2874 ἐκλήθης,

323 2909 351 2943 ιη
398 2891 775 2962 ὁμολογήσας
798 2892 932 2924 “""
957 2891 1070 2961 τὴν
1090 2894 1289 2962 καλὴν
1301 2897 1620 2976 (ἔμολογίαν
1631 2895 1886 2951 ἐνώπιον

322 3003 349 3033 ιι
395 2983 968 3052 πολλῶνμαρτύρων.
1017 3002 1038 3037 ο

392 3076 592 3129 «ΒΛΔΣ.
621 3077 755 3139 Τοὺς
781 3076 888 3129 ἀπὸ
919 3076 1038 3145 βίας
1065 3079 1390 3149 τυραννικῆς
1409 3079 1664 3146 δόξαντας
1690 3084 1880 3150 φαγεῖν

315 3165 492 3236 ακρέας
524 3167 587 3218 ἐκ
625 3165 730 3219 τῶν
763 3166 1161 3234 εἰδωλοθύτων,
1209 3171 1240 3241 ἢ
1287 3174 1430 3223 πιεῖν
1479 3168 1617 3225 οἶνον
1663 3175 1728 3226 ὲκ
1772 3172 1879 3227 τῶν

337 3255 660 3329 Ἑλληνικῶν
686 3258 924 3312 σπονδῶν
981 3260 1162 3332 (τυχὸν
1186 3262 1295 3334 γὰρ
1323 3264 1461 3319 κατὰ
1489 3267 1592 3336 γῆς
1619 3268 1668 3319 ot
1691 3285 1883 3341 τυραν-

324 3348 538 3414 νοῦντες
583 3349 796 3420 θέμενοι
835 3352 1084 3419 τούτους,
1131 3356 1224 3408 καὶ
1257 3356 1471 3427 χάνους,
1506 3359 1624 3428 ἦτοι
1670 3359 1882 3432 σιδήρια

325 3441 574 3511 βαλόντες
607 3444 687 3506 είς
727 3443 794 3496 τὰ
828 3443 1071 3514 πόματα
1101 3446 1308 3511 αὐτῶν,
1358 3447 1498 3503 ὥστε
1528 3451 1700 3504 διόλου
1742 3448 1880 3506 εἶναι

321 3536 639 3606 ἡνεῳγμένα
657 3575 672 3598 ,
699 3535 922 3605 ἐπέχεον
951 3538 1031 3600 είς
1060 3538 1152 3590 τὸν
1187 3539 1439 3611 φάρυγγα
1484 3541 1688 3596 τούτων
1715 3539 1877 3609 οἶνον,

325 3626 415 3680 καὶ
443 3626 580 3698 κρέα
613 3627 974 3698 ὲπέρῤιπτον,
1017 3629 1052 3700 ἥ
1086 3631 1178 3682 καὶ
1220 3633 1338 3695 ταῖς
1365 3632 1550 3703 χερσὶν
1584 3634 1762 3688 αὐτῶν
1789 3636 1881 3688 ἀν·-

323 3715 549 3785 θρακιάς
578 3718 710 3788 μετά
742 3717 1036 3774 λιϐανωτοῦ
1078 3721 1327 3792 θέμενοι,
1363 3724 1768 3795 παρεσκεύαζον
1794 3727 1880 3799 δῆ-

321 3805 411 3860 θεν
437 3806 581 3860 θύειν
607 3809 860 3879 αὐτοὺς),
898 3811 1190 3883 κληρικοὺς
1242 3815 1338 3883 μὲν
1375 3815 1565 3880 ὄντας,
1606 3815 1744 3872 εἶναι
1785 3820 1878 3873 καὶ

321 3894 478 3951 πάλιν
509 3899 567 3951 ὲν
597 3898 674 3968 τῷ
709 3899 895 3970 οἰκείῳ
941 3899 1132 3971 βαθμῷ
1161 3904 1188 3954 ὁ
1229 3894 1412 3956 κανὼν
1442 3904 1728 3975 διορίζεται
1753 3947 1767 3972 ,
1803 3909 1878 3971 ὡς

320 3987 684 4056 τεταγμένους
717 3987 856 4058 μετά
883 3988 990 4042 τῶν
1026 3989 1384 4062 ὁμολογητῶΨ
1410 3991 1629 4058 λαῖκοὺς
1671 3996 1748 4062 δὲ,
1794 3997 1879 4051 λο-

317 4075 561 4145 γίζεσθαι
596 4079 670 4142 ὼς
701 4080 1014 4152 μάρτυρας,
1055 4080 1142 4135 διὰ
1183 4083 1244 4137 τὸ
1275 4085 1348 4156 μὴ
1384 4086 1520 4140 κατὰ
1563 4089 1876 4161 προαίρεσιν

318 4167 528 4220 οίκείαν
561 4169 782 4240 ποιῆσαι
807 4169 980 4224 ταῦτα
1006 4171 1244 4238 τούτους,
1284 4175 1415 4246 μηδὲ
1445 4179 1874 4244 συγκαταθέσθαι

316 4259 452 4321 ὅλως
478 4263 546 4333 τῇ
579 4260 773 4334 πράξει
797 4281 808 4294 ·
836 4263 1027 4336 ὥσπερ
1056 4268 1166 4329 τοῖς
1192 4268 1547 4340 ὀμολογηταῖς
1577 4275 1873 4346 συνταχθή-

318 4368 498 4405 σονται
534 4353 628 4406 καὶ
663 4354 712 4406 οἱ
739 4356 802 4426 τῇ
826 4355 933 4409 τῶν
965 4355 1211 4426 βασάνων
1232 4361 1445 4433 ἀνάγκῃ
1473 4364 1872 4436 παραλυθέντες

309 4445 403 4498 τὸν
433 4445 584 4500 τόνον
605 4445 699 4500 τοῦ
732 4447 1000 4518 σώματος,
1023 4453 1115 4504 καὶ
1146 4453 1218 4524 μὴ
1243 4453 1525 4526 δυνάμενοι
1560 4459 1871 4530 ἀντιστῆναι
1901 4455 1947 4514 ο

314 4541 425 4602 τοῖς
451 4539 730 4610 ἐκχέουσιν
758 4542 838 4602 εἰς
872 4539 940 4593 τὰ
973 4543 1213 4612 στόματα
1251 4545 1428 4600 αὐτῶν
1460 4543 1597 4601 οἶνον
1634 4549 1741 4603 ἀπὸ
1765 4549 1874 4605 τῶν

316 4627 576 4683 σπονδῶν.
616 4627 770 4699 Ἑξῆς
800 4627 856 4681 δὲ
894 4629 1023 4700 περὶ
1050 4631 1157 4685 τῶν
1191 4631 1512 4691 διανυόντων
1535 4637 1595 4690 τὸ
1631 4641 1729 4712 τῆς
1761 4658 1875 4696 συν⁸

314 4715 574 4788 ειδήσεως
609 4717 908 4790 μαρτύριον
945 4719 1132 4790 λέγει,
1172 4724 1455 4792 κάκείνους
1483 4732 1594 4794 τοῖς
1619 4731 1875 4806 ὁμολογηο

310 4810 431 4871 ταῖς
460 4810 798 4881 συναριθμεῖ.

379 4901 622 4956 ΖΩΝΑΡ.
685 4904 750 4955 Oi
796 4905 924 4968 τοὺς
974 4905 1159 4974 ἁγίους
1199 4907 1514 4976 κολάζοντες
1567 4914 1866 4990 μάρτυρας,

1990 538 2235 609 Cumque
2269 536 2495 606 fugisset
2521 531 2795 588 Elisabeth
2823 544 2947 585 cum
2975 526 3202 591 Joanne,
3257 524 3555 595 ipsumque

1991 637 2282 693 servasset,
2317 625 2635 682 interfectus
2672 631 2756 679 est
2785 619 3100 681 Zacharias,
3142 633 3172 670 a
3194 630 3303 686 quo
3332 614 3540 684 efﬂagi-

1991 720 2207 773 tabatur
2243 731 2414 786 puer,
2459 727 2638 785 neque
2679 711 2734 766 id
2786 708 2982 765 Joanni
3045 705 3264 762 crimini
3309 712 3394 760 est
3448 705 3556 774 da-_

1991 820 2125 872 tum.

2567 893 2796 952 CANON
2833 891 2972 948 XIV.

2049 1010 2084 1044 .‹
2117 993 2175 1047 Si
2204 991 2295 1062 qui
2323 999 2500 1045 autem
2530 989 2636 1043 vim
2668 989 2889 1043 multam
2917 993 2973 1042 et
2991 981 3372 1040 necessitatem
3398 980 3546 1049 passi

1998 1103 2019 1138 ς
2049 1093 2197 1149 sunt,
2227 1085 2426 1156 quique
2454 1093 2506 1136 et
2538 1083 2592 1136 in
2620 1098 2716 1138 ore
2745 1082 2951 1135 ferrum
2985 1086 3044 1134 et
3082 1074 3297 1131 vincula
3325 1087 3547 1142 accepe—

1999 1198 2018 1230 ι
2060 1185 2208 1241 runt,
2243 1185 2537 1247 etpropter
2589 1175 2786 1230 bonam
2847 1171 2968 1228 ﬁdei
3023 1171 3384 1229 affectionem,
3415 1178 3547 1222 suas

1997 1291 2016 1325 ι
2055 1287 2274 1343 quoque
2327 1286 2520 1325 manus
2553 1270 2636 1324 uri
2673 1269 2886 1324 fortiter
2919 1265 3280 1338 pertulerunt,
3325 1261 3390 1316 ad
3419 1275 3548 1330 pro-

1968 1426 1970 1428 ,
1995 1383 2016 1417 ι
2052 1364 2238 1419 fanum
2273 1362 2608 1418 sacriﬁciqu
2637 1360 2718 1416 eis
2747 1358 2933 1415 invitis
2960 1357 3240 1412 adductas.
3272 1349 3545 1421 Quemad-

1995 1473 2015 1506 α
2043 1455 2261 1509 modum
2322 1454 2488 1525 igitur
2519 1451 2652 1508 mihi
2690 1452 3029 1522 scripserunt
3058 1465 3122 1505 ex
3148 1446 3396 1504 custodia
3417 1446 3546 1501 bea-

1995 1566 2014 1600 ι
2062 1546 2258 1602 tissimi
2295 1553 2559 1617 martyres
2585 1543 2650 1599 de
2673 1543 2741 1599 iis
2771 1543 2865 1614 qui
2904 1549 3032 1599 sunt
3063 1540 3119 1594 in
3147 1538 3335 1610 Libya,
3375 1543 3428 1591 et
3456 1535 3546 1590 alii

1995 1657 2014 1690 ‹
2055 1637 2291 1693 etiamin
2316 1637 2488 1692 sacris
2517 1633 2906 1702 comministri;
2933 1633 2971 1688 ii
3011 1631 3172 1688 simul
3205 1628 3546 1686 testiﬁcanti-

1995 1750 2013 1782 ι
2045 1732 2147 1786 bus
2182 1730 2406 1800 reliquis
2456 1743 2672 1799 quoque
2721 1727 3002 1791 fratribus,
3057 1730 3285 1796 possunt
3349 1735 3472 1776 esse
3492 1719 3545 1773 in

1995 1849 2012 1881 ι
2055 1845 2213 1884 sacro
2256 1828 2557 1882 ministerio
2596 1827 2740 1881 inter
2787 1823 3132 1880 confessores
3178 1816 3448 1881 collocati,
3490 1825 3549 1871 ut

1992 1940 2011 1973 ι
2040 1931 2094 1976 et
2118 1921 2213 1990 qui
2234 1921 2288 1973 in
2316 1919 2504 1973 multis
2552 1917 2845 1972 tormentis
2873 1912 3149 1969 fortiﬁcati
3179 1911 3402 1974 fuerint,
3437 1924 3547 1964 non

1993 2031 2011 2062 ι
2045 2012 2278 2082 amplius
2310 2010 2604 2080 potuerint,
2631 2007 2716 2061 vel
2755 2006 2925 2075 loqui,
2955 2005 3039 2059 vel
3067 2004 3267 2065 dicere,
3295 2001 3381 2056 vel
3430 2013 3549 2053 mo-

1993 2123 2010 2154 ι
2057 2102 2189 2168 veri,
2235 2108 2293 2156 ut
2320 2101 2636 2155 resisterent
2689 2099 2756 2153 iis
2806 2097 2897 2168 qui
2929 2097 3037 2152 vim
3093 2094 3296 2150 frustra
3357 2090 3548 2148 affere—

1992 2211 2012 2244 ‹
2052 2192 2204 2246 bant.
2237 2189 2422 2260 Neque
2444 2189 2585 2242 enim
2602 2203 2788 2242 eorum
2810 2184 3139 2257 improbitati
3165 2180 3374 2238 assensi
3397 2187 3544 2236 sunt.

1992 2303 2010 2336 ι
2047 2281 2512 2351 Quemadmodum
2540 2294 2669 2350 ergo
2722 2292 2752 2332 a
2791 2276 3186 2334 comministris
3228 2289 3421 2330 rursus
3451 2288 3549 2328 au-

1987 2394 2010 2426 ‹
2043 2375 2174 2438 divi,
2208 2371 2714 2427 annumerabuntur
2748 2370 2888 2423 inter
2919 2367 3302 2432 confessores;
3333 2372 3387 2420 et
3424 2363 3550 2435 qui-

1991 2486 2012 2519 ς
2046 2484 2258 2538 cunque
2313 2467 2610 2522 secundum
2674 2462 3018 2518 Timotheum
3062 2462 3228 2515 vitam
3257 2451 3544 2527 instituit,

1992 2580 2010 2612 ι
2045 2576 2242 2633 parens
2265 2559 2316 2616 ei
2367 2574 2583 2630 quoque
2609 2557 2704 2628 qui
2755 2555 2889 2610 dicit
2921 2568 2945 2596 ει
2974 2575 2986 2609 :
3025 2552 3340 2625 Persequere
3381 2553 3548 2622 justi-

1992 2675 2010 2708 ι
2043 2656 2191 2720 tiam,
2224 2653 2491 2722 pietatem,
2533 2651 2712 2720 ﬁdem,
2775 2648 3123 2714 dilectionem,
3187 2645 3545 2710 tolerantiam,

1991 2765 2009 2798 ι
2034 2746 2298 2800 lenitatem
2344 2761 2364 2798 :
2416 2752 2558 2798 certa
2584 2741 2859 2810 pulchrum
2889 2749 3146 2794 certamen
3179 2737 3340 2808 ﬁdei:
3364 2753 3548 2806 appre-

1991 2856 2008 2888 ι
2048 2837 2210 2892 Itende
2237 2840 2397 2892 vitam
2445 2835 2698 2889 aelestem
2731 2834 2784 2887 in
2811 2849 2968 2903 quam
2993 2840 3204 2886 vocatus
3225 2847 3279 2884 es
3301 2846 3322 2896 ;
3349 2838 3399 2885 et
3425 2845 3548 2884 con-

1991 2951 2010 2982 ‹
2038 2931 2205 3000 fessus
2231 2946 2412 2985 coram
2439 2929 2616 2982 multis
2643 2925 2856 2982 testibus
2884 2925 3282 2996 confessionem.
3323 2944 3342 2976 ι

1906 3118 1957 3181 c
2055 3114 2214 3169 BALS.
2249 3112 2355 3167 Eos
2385 3111 2476 3181 qui
2503 3109 2551 3164 vi
2573 3108 2853 3180 tyrannica
2884 3106 2987 3162 visi
3017 3111 3144 3162 sunt
3171 3119 3238 3159 ex
3287 3102 3548 3175 idolothy-

1983 3207 2053 3262 tis
2083 3221 2277 3261 carnes
2341 3201 2644 3264 comedere,
2712 3199 2794 3254 vel
2823 3213 2888 3253 ex
2943 3195 3145 3251 Graecis
3193 3192 3547 3249 libationibus

1980 3296 2166 3352 vinum
2202 3295 2387 3349 bibere
2410 3291 2570 3362 (forte
2598 3290 2742 3345 enim
2773 3289 2837 3343 iis
2889 3288 2942 3341 in
2992 3294 3191 3340 terram
3223 3283 3470 3354 dejectis,
3493 3291 3547 3338 et

1981 3387 2035 3442 in
2059 3401 2244 3442 eorum
2283 3399 2378 3437 ora
2414 3381 2588 3436 hamis
2649 3395 2745 3436 seu
2798 3375 3146 3432 ferramentis
3196 3374 3437 3444 injectis,
3485 3381 3548 3428 ut

1980 3489 2195 3546 semper
2223 3479 2409 3544 aperta
2452 3477 2654 3536 essent,
2711 3467 2928 3541 tyranni
2965 3467 3018 3520 in
3049 3481 3237 3521 eorum
3260 3464 3446 3522 fauces
3467 3465 3547 3520 vi-

1979 3583 2110 3624 num
2150 3565 2530 3629 infundebant,
2563 3571 2616 3618 et
2661 3577 2854 3618 carnes
2900 3559 3241 3629 injiciebant,
3275 3557 3356 3613 vel
3379 3557 3543 3614 etiam

1979 3661 2034 3716 in
2059 3675 2244 3716 eorum
2274 3657 2525 3711 manibus
2557 3653 2884 3709 carbonibus
2914 3667 3036 3706 cum
3071 3650 3231 3705 thure
3275 3649 3544 3719 impositis

1979 3752 2285 3809 sacrificare
2317 3746 2600 3819 cogebant)
2637 3767 2650 3801 ι
2683 3745 2730 3800 si
2764 3750 2948 3800 essent
2986 3741 3202 3812 quidem
3248 3739 3453 3805 clerici,
3486 3741 3542 3794 in

1978 3862 2078 3903 suo
2105 3859 2320 3916 quoque
2353 3857 2544 3896 rursus
2575 3838 2744 3911 gradu
2791 3851 2912 3892 csso
2962 3834 3206 3890 decernit
3259 3847 3458 3897 canon,
3487 3842 3543 3886 ut

1976 3937 2068 4010 qui
2093 3934 2342 3992 collocati
2369 3934 2478 3988 sint
2527 3947 2650 3986 cunt
2679 3925 3110 3984 confcssoribus.
3166 3923 3314 3978 Laici
3360 3931 3540 3978 autem

1976 4035 2297 4100 reputentur
2333 4033 2391 4079 ut
2424 4030 2712 4094 martyres,
2746 4019 2892 4091 quod
2921 4018 2956 4072 ii
2992 4017 3105 4071 haec
3135 4031 3234 4070 sua
3263 4015 3543 4071 voluntate

1977 4138 2086 4177 non
2148 4117 2398 4181 fecerint,
2436 4130 2539 4171 nec
2585 4114 2786 4169 actioni
2839 4110 3062 4165 omnino
3099 4108 3308 4164 assensi
3359 4106 3472 4163 sint
3524 4127 3538 4162 :

1976 4210 2428 4286 quemadmodum
2468 4208 2608 4262 inter
2649 4203 2993 4260 confessores
3050 4215 3268 4271 quoque
3287 4213 3544 4254 numera-

1974 4308 2196 4372 buntur,
2226 4303 2318 4374 qui
2351 4306 2569 4372 propter
2605 4302 2994 4352 tormentorum
3017 4292 3395 4348 necessitatem
3424 4289 3541 4345 dis-

1975 4400 2153 4456 soluta
2182 4394 2427 4465 corporis
2457 4391 2730 4455 ﬁrmitate,
2761 4403 2868 4443 non
2895 4386 3135 4440 valentes
3165 4383 3233 4439 iis
3258 4383 3536 4445 resistere,

1975 4492 2068 4563 qui
2101 4491 2295 4544 in-ora
2319 4501 2506 4542 eorum
2557 4483 2742 4536 vinum
2791 4496 2858 4535 ex
2902 4477 3252 4533 libaminibus
3294 4474 3539 4532 effunde-

1977 4585 2132 4639 bant.
2166 4579 2430 4649 Deinceps
2459 4582 2640 4630 autem
2695 4572 2761 4626 de
2796 4571 2864 4626 iis
2891 4571 2982 4641 qui
3010 4567 3357 4625 conscientiae
3391 4582 3541 4623 mar-

1979 4674 2180 4747 tyrium
2207 4677 2496 4744 peragunt,
2546 4666 2702 4729 dicit,
2730 4670 2785 4720 et
2831 4663 2953 4718 illos
2981 4676 3103 4716 cum
3131 4659 3541 4719 confessoribus

1969 4773 2346 4823 connumerat.

2039 4923 2248 4979 ΖοιιΑιι.
2277 4919 2384 4986 Qui
2412 4923 2630 4973 sanctos
2686 4916 2952 4981 martyres
3007 4909 3287 4981 suppliciis
3319 4910 3540 4967 divexa-

312 4991 451 5062 μετὰ
483 4991 750 5062 βασάνους
784 4995 984 5061 πολλὰς
1012 4998 1103 5051 ἐπί
1135 5017 1314 5065 τινων,
1353 5003 1442 5074 βίᾳ
1460 5008 1572 5070 τοῖς
1609 5011 1870 5082 στόμασιν

1979 5019 2123 5080 baut,
2158 5020 2282 5086 post
2319 5016 2586 5067 tormenta
2606 5005 2775 5061 multa
2798 5003 3072 5060 nonnullis
3118 5019 3214 5074 per
3246 5004 3357 5059 vim
3387 5004 3539 5058 adhi-

382 5118 406 5145 α
435 5104 463 5158 I
506 5106 643 5160 Tim.
675 5123 752 5173 vr,
783 5108 869 5172 11,
907 5108 987 5161 12.

1567 5204 1797 5264 VARUE
1827 5211 2241 5268 ‘LECTIONES.

367 5293 433 5322 “'
456 5293 646 5363 χάμον.
731 5293 821 5324 ⁸³⁸⁵
848 5294 1025 5348 αὐτῶν
1056 5310 1165 5349 om.
1251 5299 1295 5331 ⁸³
1320 5301 1756 5398 προσαγομένων.

367 5363 553 5398 ηηέυμηρ
624 5363 693 5396 σεο
724 5364 1078 5398 -nunqsnmm...
1111 5368 1167 5398 ἑ..
1259 5369 1346 5398 66η
1373 5371 1472 5398 ...ιιι
1522 5369 1546 5398 α
1683 5373 1756 5398 ne.

309 5357 572 5432 ζομένοις.
624 5363 1188 5436 ⁶⁶⁴ταχθήσονταιὲν.
1259 5357 1596 5426 ⁶⁶“’θι1(1.’δέ.
1683 5373 1726 5403 ⁶⁶

323 5544 335 5562 1
377 5474 507 5562 (16).
524 5475 638 5562 Τῆς
665 5479 921 5562 πίστεως
1056 5479 1442 5562 decretalqu
1469 5482 1571 5551 τῆς
1609 5484 1860 5562 πίστεως,

307 5545 518 5624 ᾡςνκαὶ
575 5548 674 5624 τνάς
732 5550 918 5624 χεῖρας
974 5549 1166 5624 αὐτῶν
1206 5545 1435 5622 καῆναι,
1476 5545 1866 5624 προσαγόμενοι

305 5615 582 5692 ἄκοντεςᾷ
595 5615 830 5692 Bttner,
856 5620 913 5670 ὲν
942 5622 1006 5688 τῇ
1037 5619 1228 5692 Λιϐύῃ.

382 5686 493 5757 (l7)
528 5688 694 5755 Παρὰ
723 5686 1208 5756 συλλειτῲργῶῦ
1229 5690 1484 5756 ἤκουσα,
1511 5709 1564 5745 κ.
1591 5711 1639 5746 τ.
1664 5692 1713 5745 λ.
1744 5693 1866 5752 Με..

312 5757 458 5830 παρὰ
515 5757 936 5828 συλλειτουργῶν
985 5758 1145 5812 πάλιν
1175 5760 1400 5831 ῆ-κουσα,
1450 5764 1771 5836 ταχθηοεται
1811 5765 1872 5819 ὲδ

1835 5305 1879 5336 ⁸⁵
1901 5307 2081 5370 αὐτοῖς
2105 5322 2214 5359 om.
2281 5305 2324 5337 "‘
2351 5305 2443 5357 καὶ
2467 5303 2573 5356 τῶν
2594 5300 2834 5369 ἀδελφῶν
2851 5300 2961 5356 τῶν
2989 5300 3205 5357 λοιπῶν.
3289 5302 3334 5332 ⁶⁶
3352 5300 3508 5354 ἐκσια

1733 5378 1794 5396 '“
1820 5378 2214 5446 προσπάθειαν.
2295 5376 2429 5406 ⁶⁶““
2456 5373 2548 5427 καὶ
2571 5372 2946 5444 ὡμολόγησας·

1967 5490 2077 5550 τοῖς
2105 5486 2478 5557 ὁμολογηταῖς,
2505 5487 2599 5539 καὶ
2637 5486 2764 5549 πᾶς,
2793 5504 2844 5540 κ.
2875 5504 2926 5538 τ.
2950 5485 2999 5538 λ.
3033 5485 3197 5557 (Bene
3225 5481 3530 5557 ms.,_1ratpa't

1972 5551 2394 5629 συλλείτουργῶν
2425 5557 2584 5611 πάλιν
2627 5557 2854 5629 ἥκουσα,
2877 5551 3071 5629 quippe
3097 5554 3221 5623 quia
3245 5551 3529 5629 paulu_su-

1972 5628 2155 5699 perius
2178 5619 2375 5699 diierit
2405 5635 2627 5686 sanctus
2649 5619 3289 5698 Ῥοιοῖ,ἐγριῐιψιῑιν’μοι.ζ⁸
3324 5619 3529 5675 συλλει-

1972 5697 2205 5769 τουργοί.
2240 5699 2420 5768 Enn.)
2769 5717 2778 5726 ·

3439 5866 3504 5875 ...ρ-
