4088 6284
503 375 608 435 507

1523 370 1581 427 S.
1623 369 1828 426 PETRI
1858 371 2320 429 ALEXANDRINI
2362 368 2663 427 EPISCOPI

3617 371 3722 428 508

500 492 636 557 bita,
670 491 727 547 in
758 506 854 560 ora
868 489 1083 546 illorum
1110 489 1297 544 vinum
1329 486 1685 543 infundebant
1701 503 1766 543 ex
1789 488 2062 544 libationi-

2188 489 2340 541 ιύτῶν
2370 487 2580 558 ἐνέχεον
2613 483 2751 539 οἶνον
2779 487 2841 538 ἐκ
2882 485 2988 539 τῶν
3021 485 3259 540 σπονδῶν
3279 527 3292 552 ,
3328 487 3361 558 ἢ
3395 488 3488 541 καὶ
3521 489 3585 541 ἐκ
3616 490 3724 544 τῶν

502 583 629 650 bus,
665 584 750 638 vel
783 583 950 637 etiam
966 596 1030 636 ex
1057 580 1199 636 idolo
1220 579 1470 654 mactatis
1495 577 1752 634 carnibus
1789 579 2061 650 quidpiam

505 673 723 728 illorum
764 671 845 724 ori
879 670 1215 738 inserebant,
1258 685 1322 725 ac
1350 670 1508 724 thura
1538 667 1780 738 ipsorum
1815 669 2066 725 manibus

507 764 834 834 injicientes,
886 762 1034 832 ipsos
1091 763 1158 817 ad
1204 778 1352 816 aram
1396 761 1704 826 trahebant,
1731 769 1785 816 et
1839 777 1936 831 per
1959 763 2064 835 vim

505 854 916 926 comprehensis
938 854 1151 909 illorum
1174 853 1444 916 manibus,
1473 861 1564 907 aut
1590 853 1745 908 thura
1764 869 1868 908 arae
1888 869 2068 925 super-

506 945 840 1011 fundebant;
873 951 966 998 aut
1023 945 1189 1000 etiam
1221 945 1489 1000 carbones
1538 960 1661 999 cum
1708 945 1868 1001 thure
1898 947 2069 1016 impo—

505 1037 708 1093 nebant
756 1036 997 1106 ipsorum
1059 1035 1349 1099 manibus,
1390 1042 1448 1088 ut
1499 1035 1710 1091 ardoris
1766 1035 2068 1090 cruciatum

506 1129 732 1201 minime
770 1129 1025 1194 ferentes,
1055 1129 1184 1184 thus
1204 1144 1330 1184 cum
1353 1130 1684 1185 carbonibus
1718 1131 1774 1184 in
1804 1146 1954 1185 aram
1987 1131 2070 1187 ef-

508 1221 830 1289 funderent;
888 1221 956 1276 ab
1001 1221 1207 1276 eisdem
1247 1236 1441 1291 nempe
1479 1217 1882 1278 detinebantur.
1911 1222 2071 1294 Ejus-

507 1309 657 1372 modi
701 1315 756 1369 in
791 1328 951 1370 sacro
989 1313 1295 1370 ministerio
1349 1313 1562 1388 censeri
1617 1329 1776 1384 posse
1821 1313 2070 1380 aﬂirmat,

509 1406 595 1461 vel
621 1404 804 1476 potius
855 1404 910 1457 in
942 1401 1320 1459 confessorum
1351 1401 1541 1457 ordine
1586 1403 1859 1459 collocari.
1890 1402 2073 1474 Neque

509 1496 655 1551 enim
686 1510 782 1552 sua
800 1502 991 1564 sponte
1015 1479 1100 1549 (vel
1123 1493 1482 1564 degustabant
1506 1494 1810 1561 libationes,
1834 1496 1917 1549 vel
1949 1496 2074 1551 thus

513 1589 862 1658 imponebant
917 1602 1045 1650 arae,
1105 1585 1200 1641 sed
1251 1587 1302 1640 vi
1353 1587 1550 1648 coacti,
1599 1587 1810 1642 ratione
1854 1587 2072 1642 illorum

513 1678 716 1733 actioni
748 1678 972 1732 minime
1017 1678 1388 1733 consentiente
1443 1697 1455 1732 :
1517 1677 1969 1747 quemadmodum
2024 1686 2078 1734 et

512 1769 717 1839 quibus
746 1775 1143 1823 tormentorum
1169 1769 1494 1823 necessitate
1513 1769 1785 1825 resolutus
1809 1768 2076 1825 fueratvi-

2165 579 2521 634 εἰδωλοθύτων
2582 577 2757 650 κρεῶν
2818 577 3064 630 ἐνέϐαλον
3093 580 3172 641 είς
3202 578 3260 631 τὸ
3306 579 3477 650 στόμα
3520 581 3722 646 αὐτῶν,

2167 674 2258 727 καὶ
2288 675 2408 734 ταῖς
2439 672 2623 742 χερσὶν
2657 667 2836 723 αὐτῶν
2858 669 3186 732 ἐπιτιθέντες
3215 668 3525 738 λιϐανωτὸν,
3546 666 3727 726 εἷλκον

2167 765 2359 827 αὐτοὺς
2391 763 2482 815 ἐπὶ
2516 762 2606 815 τὸν
2639 761 2816 832 βωμὸν
2841 800 2854 824 ,
2889 762 2982 814 καὶ
3024 761 3121 823 τὰς
3163 763 3346 832 χεῖρας
3376 763 3552 816 αὐτῶν
3598 782 3729 836 κρα-

2167 855 2382 918 τοῦντες
2415 853 2528 924 βίᾳ,
2554 854 2643 906 τὸν
2678 851 2971 906 λιϐανωτὸν
2999 852 3219 923 ἐπέχεον
3247 852 3326 924 τῷ
3357 852 3541 926 βωμῷ,
3569 854 3602 927 ἢ
3635 857 3728 908 καὶ

2169 945 2444 1014 ἄνθρακας
2503 943 2639 1012 μετά
2685 941 2976 996 λιϐανωτοῦ
3009 945 3154 1014 ⁷τιπιίς
3216 942 3494 1014 παλάμαις
3549 944 3728 999 αὐτῶν

2171 1037 2448 1091 ἐπετίθουν
2472 1080 2485 1103 ,
2528 1038 2614 1089 ἵνα
2657 1035 2730 1107 μὴ
2763 1035 3014 1106 φέροντες
3054 1034 3152 1104 τὴν
3188 1034 3376 1106 ὀδύνην
3407 1035 3503 1107 τὴν
3530 1039 3594 1090 ἐκ
3629 1036 3731 1108 τῆς

2171 1129 2414 1192 καύσεως
2436 1129 2692 1198 ἐπιχέωσι
2723 1127 2806 1180 τὸν
2838 1126 3128 1179 λιϐανωτὸν
3155 1127 3249 1178 σὺν
3275 1129 3384 1189 τοῖς
3411 1127 3627 1199 ἄνθραξι
3648 1129 3730 1200 τῷ

2175 1221 2368 1291 βωμῷ·
2406 1221 2716 1290 κατείχοντο
2747 1219 2856 1290 γάρ
2890 1221 3017 1289 παρ’
3047 1217 3240 1271 αὐτῶν.
3279 1219 3416 1282 Τοὺς
3458 1221 3732 1286 τοιούτους

2173 1313 2304 1384 φησὶ
2355 1312 2612 1366 δύνασθαι
2654 1307 2792 1366 εἶναι
2826 1314 2882 1364 ἐν
2905 1312 2969 1380 τῇ
2994 1308 3319 1381 λειτουργίᾳ,
3347 1309 3380 1380 ἢ
3409 1311 3604 1379 μᾶλλον
3636 1314 3734 1366 καὶ

2173 1407 2232 1458 ἐν
2286 1406 2398 1467 τοῖς
2437 1403 2795 1475 ὁμολογηταῖς
2835 1403 3110 1473 τετάχθαι’
3161 1404 3222 1456 ού
3252 1403 3359 1476 γὰρ
3389 1406 3566 1475 οἰκείᾳ
3598 1421 3735 1477 προ-

2176 1495 2381 1567 αιρέσει
2422 1495 2452 1566 ἢ
2481 1495 2586 1547 τῶν
2616 1494 2856 1548 σπονδῶν
2883 1495 3171 1564 ἐγεύσαντο
3191 1536 3205 1559 ,
3252 1496 3284 1567 ἢ
3325 1496 3415 1551 τὸν
3443 1497 3733 1552 λιϐανωτὸν

2176 1585 2436 1639 ἐπέϐαλον
2463 1584 2539 1654 τῷ
2573 1583 2759 1656 βωμῷ,
2787 1584 2900 1638 ἀλλ’
2931 1586 2964 1656 ἦ
2998 1584 3105 1657 βίᾳ,
3151 1584 3243 1638 τοῦ
3269 1585 3525 1656 λογισμοῦ
3557 1586 3736 1642 αὐτῶν

2175 1681 2240 1748 τῇ
2285 1677 2478 1749 πράξει
2526 1677 2598 1749 μὴ
2643 1677 3189 1748 συγκατατιθεμένου.
3225 1677 3433 1749 ’Ὠσπερ
3465 1680 3560 1731 καὶ
3587 1679 3636 1731 οί
3666 1681 3733 1749 τῇ

2177 1771 2285 1823 τῶν
2330 1769 2576 1839 βασάνων
2615 1769 2824 1840 ἀνάγκῃ
2873 1768 3273 1840 παραλυθέντες
3317 1769 3406 1822 τὸν
3454 1769 3603 1823 τόνον
3640 1771 3736 1822 τοῦ

515 1875 614 1930 gor
656 1860 921 1930 corporis,
947 1867 1007 1914 ut
1044 1873 1143 1918 nec
1166 1860 1370 1915 moveri
1399 1874 1499 1914 nec
1538 1861 1684 1932 loqui
1711 1870 1950 1931 possent,
1976 1877 2076 1918 nec

2188 1833 2459 1931 σώματος,
2504 1861 2578 1923 ὡς
2623 1833 2757 1930 μήτε
2790 1833 3074 1931 κινηθῆναι
3096 1858 3369 1922 δύνασθαι,
3409 1861 3543 1929 μήτε
3575 1859 3740 1929 φθέγ-

519 1950 702 2004 vinum
734 1949 1058 2004 libationum
1085 1949 1139 2002 in
1162 1962 1256 2002 ora
1290 1949 1532 2019 ipsorum
1561 1965 1656 2020 per
1686 1952 1792 2005 vim
1827 1951 2078 2022 injicien-

517 2041 664 2096 tibus
693 2041 980 2104 obsistere,
1011 2040 1047 2094 ii
1089 2056 1303 2110 quoque
1337 2041 1512 2094 locum
1544 2040 1686 2096 inter
1733 2041 2078 2097 confessores

515 2130 860 2187 obtinebunt.
894 2130 1125 2187 Disserit
1146 2137 1324 2186 autem
1351 2146 1473 2185 mox
1494 2130 1561 2186 de
1591 2131 1657 2186 iis
1681 2133 1773 2202 qui
1795 2133 2081 2188 conscien-

515 2221 607 2276 tiae
629 2221 946 2292 martyrium
973 2230 1257 2292 peragunt,
1311 2237 1373 2276 ac
1395 2238 1489 2277 eos
1514 2238 1728 2294 quoque
1763 2223 1818 2278 in
1865 2223 2082 2280 confes-

518 2326 702 2368 sorum
736 2328 964 2369 numero
997 2314 1158 2369 locat.

1106 2404 1336 2460 CANON
1371 2405 1486 2460 XV.

593 2516 614 2548 ‹
644 2495 763 2551 Non
806 2496 1165 2567 reprehendet
1217 2513 1317 2553 nos
1369 2496 1637 2568 quispiam
1665 2537 1680 2561 ,
1735 2505 1983 2570 quartam
2031 2509 2084 2556 et

524 2608 544 2638 ι
589 2598 797 2643 sextam
826 2588 1014 2642 feriam
1046 2589 1423 2653 observantes,
1455 2591 1510 2644 in
1541 2588 1740 2660 quibus
1766 2591 1925 2645 nobis
1950 2591 2084 2662 jeju-

525 2699 545 2732 ε
586 2695 718 2736 nare
764 2680 1063 2736 secundum
1095 2681 1443 2736 traditionem
1498 2696 1622 2735 cum
1651 2681 1862 2736 ratione
1886 2698 2085 2752 praece-

527 2792 546 2823 ι
581 2780 733 2842 ptum
788 2778 891 2828 est.
947 2770 1205 2838 Quartam
1257 2771 1473 2842 quidem
1530 2781 1750 2845 propter
1814 2774 2007 2828 initum
2056 2791 2086 2829 a

526 2885 546 2916 ι
584 2864 788 2920 Iudaeis
821 2865 1114 2921 consilium
1142 2864 1209 2921 de
1247 2866 1556 2936 proditione
1582 2868 1797 2923 Domini
1832 2887 1845 2922 :
1874 2877 2083 2924 sextam

529 2977 549 3009 ι
590 2965 794 3022 autem,
828 2957 972 3028 quod
992 2957 1106 3027 ipse
1131 2973 1230 3027 pro
1250 2957 1407 3013 nobis
1433 2974 1630 3028 passus
1658 2961 1748 3015 sit.
1776 2959 1924 3015 Dicm
1940 2960 2083 3016 enim

529 3064 548 3098 ι
593 3045 932 3102 Dominiculn
966 3047 1166 3102 laetitiae
1192 3046 1333 3102 diem
1369 3049 1601 3118 agimus,
1634 3051 1776 3120 quod
1811 3052 1865 3104 in
1905 3067 1970 3106 eo
2001 3067 2087 3105 rev-

528 3154 549 3189 ι
583 3137 882 3194 surrexerit
917 3156 932 3192 :
957 3138 1014 3192 in
1045 3153 1152 3208 quo
1181 3153 1278 3192 nec
1300 3153 1473 3210 genua
1500 3141 1716 3210 quidem
1748 3139 1964 3196 ﬂectere
1997 3157 2087 3196 ac-

530 3245 550 3280 ι
587 3227 848 3297 cepimus.
886 3245 906 3279 ι

593 3319 756 3374 Βλιε.
805 3317 1220 3386 (lonsequenter
1254 3318 1592 3390 sexagesimo
1640 3330 1836 3390 quarto
1890 3323 2085 3376 canoni

2180 1951 2393 2016 ξασθαι,
2443 1952 2535 2004 καὶ
2563 1952 2874 2022 ἀντιστῆναι
2909 1953 3022 2012 τοῖς
3050 1950 3138 2022 βίᾳ
3175 1953 3250 2014 εἰς
3279 1950 3348 2003 τὰ
3375 1951 3612 2022 στόματα
3638 1953 3739 2004 αύ-

2177 2041 2284 2095 τῶν
2318 2040 2537 2112 ἐκχέασι
2579 2041 2670 2094 τὸν
2701 2036 2842 2094 οἶνον
2886 2040 2993 2093 τῶν
3037 2040 3308 2104 σπονδῶν,
3353 2042 3586 2094 κάκεῖνοι
3626 2045 3742 2107 τοῖς

2179 2131 2534 2203 ὀμολογηταίς
2570 2131 3046 2201 συνταχθήσονται.
3083 2129 3240 2199 Ἑξῆς
3265 2130 3322 2182 δέ
3350 2131 3474 2202 περὶ
3501 2131 3607 2184 τῶν
3632 2132 3740 2186 δια-

2181 2224 2411 2276 νυόντων
2438 2223 2498 2274 τὸ
2531 2223 2628 2292 τῆς
2662 2221 3012 2292 συνειδήσεως
3045 2221 3340 2293 μαρτύριον
3367 2221 3529 2290 λέγει,
3560 2223 3741 2278 κακεί-

2181 2332 2301 2377 νους
2336 2315 2445 2376 τοῖς
2476 2311 2836 2382 ὁμολογηταῖς
2866 2310 3234 2382 συναριθμῶν.

2711 2403 2948 2455 ΚΑΝΩΝ
2987 2403 3066 2455 lE'
3096 2401 3228 2473 (ιε).

2258 2519 2275 2548 ι
2322 2500 2435 2552 Ούκ
2480 2497 2764 2566 ἐγκαλέσει
2805 2515 2888 2560 τις
2931 2499 3060 2567 ἡμῖν
3099 2497 3594 2567 παρατηρουμένοις
3655 2511 3744 2549 τε-

2189 2611 2206 2642 (
2253 2591 2422 2661 τράδα
2452 2590 2546 2643 καὶ
2580 2590 2951 2660 παρασκευὴν,
2975 2591 3031 2640 ἐν
3059 2583 3146 2650 αἶς
3178 2590 3269 2640 καὶ
3301 2587 3576 2657 νηστεύειν
3610 2591 3742 2660 ἡμῖν

2188 2701 2206 2734 ι
2254 2683 2391 2737 κατὰ
2427 2682 2719 2753 παράδοσιν
2767 2681 3002 2749 εὐλόγως
3053 2680 3469 2752 προσετέτακτο.
3504 2680 3614 2753 Τὴν
3645 2681 3746 2752 μὲν

2191 2796 2208 2826 ι
2253 2775 2360 2848 γάρ
2385 2775 2617 2847 τετράδα
2645 2772 2756 2848 (19)
2785 2775 2872 2828 διὰ
2896 2775 2956 2828 τὸ
2981 2774 3266 2844 γενόμενον
3295 2773 3614 2844 συμϐούλιον
3642 2773 3747 2832 ὑπὸ

2190 2886 2208 2916 ‹
2254 2866 2362 2918 τῶν
2394 2865 2658 2920 Ἰουδαίων
2689 2866 2782 2918 ἐπὶ
2820 2868 2885 2936 τῇ
2930 2864 3184 2935 προδοσία
3227 2863 3320 2916 τοῦ
3363 2866 3598 2937 Κυρίου·
3647 2863 3746 2934 τὴν

2192 2976 2209 3006 ι
2254 2955 2310 3008 δὲ
2351 2957 2737 3027 παρασκευὴν.
2786 2956 2866 3009 ὅτι
2908 2955 3068 3017 αὐτὸς
3111 2955 3249 3025 ὑπὲρ
3297 2954 3453 3025 ἡμῶν
3496 2954 3660 3010 ἔπαθε
3679 2955 3743 3008 ⁸⁷.

2193 3066 2210 3096 ι
2257 3045 2537 3116 Κυριακὴν
2572 3045 2629 3098 δέ
2671 3045 3018 3117 χαρμοσύνης
3050 3045 3261 3116 ἡμέραν
3305 3046 3507 3115 ἄγομεν
3543 3045 3628 3098 διά
3657 3044 3748 3097 τὸν

2196 3157 2212 3186 ι
2260 3137 2564 3189 ἀναστάντα
2616 3138 2674 3190 ἐν
2717 3137 2886 3207 αὐτῇ,
2940 3138 2998 3189 ἐν
3129 3135 3247 3188 οὐδὲ
3302 3136 3500 3205 γόνατα
3551 3134 3746 3188 κλίνειν

2197 3249 2213 3278 1
2262 3227 2696 3298 παρειλήφαμεν.
2744 3247 2764 3278 ι

2253 3325 2785 3388 ΒΑΛΣ.Ἀκολούθως
2799 3324 2875 3395 τῷ
2895 3322 2964 3388 ξδ’
2985 3319 3319 3390 ἀποστολικῴ
3336 3319 3535 3382 κανόνι,
3563 3317 3641 3388 τῷ
3667 3319 3746 3370 δι·

525 3407 848 3482 apostolico,
872 3407 966 3476 qui
999 3406 1242 3461 decernit
1273 3423 1383 3462 non
1408 3423 1530 3464 esse
1553 3409 1711 3463 nobis
1729 3408 2085 3479 jejunandum

2188 3418 2484 3491 οριζομένῳ
2518 3418 2590 3490 μὴ
2608 3416 2887 3488 νηστεύειν
2909 3416 3054 3486 ἡμᾶς
3075 3415 3214 3468 κατά
3233 3412 3297 3465 τὰ
3319 3411 3590 3475 Σάϐϐατα,
3609 3411 3747 3482 πλὴν

527 3500 806 3567 Sabbatis,
837 3506 1035 3571 praeter
1078 3515 1246 3554 unum
1279 3499 1594 3564 Sabbalum,
1651 3516 1907 3572 magnum
1941 3501 2090 3557 scilia

526 3605 644 3664 cet;
677 3603 732 3651 et
770 3595 1112 3666 sexagesimo
1165 3610 1310 3650 nono
1341 3594 1431 3664 qui
1484 3595 1639 3650 valde
1689 3596 1844 3665 punit
1873 3611 1968 3652 eos
1997 3595 2090 3665 qui

2181 3509 2274 3562 τοῦ
2296 3509 2412 3572 ἐνὸς
2434 3507 2592 3578 μόνου
2615 3505 2914 3568 Σαϐϐάτου,
2935 3502 3028 3556 τοῦ
3051 3502 3282 3575 μεγάλου
3313 3501 3529 3571 δηλαδή’
3555 3501 3650 3552 καὶ
3671 3499 3750 3569 τῷ

2186 3602 2258 3666 ξθ¹
2278 3599 2482 3666 κανόνι,
2497 3597 2574 3668 τῷ
2602 3597 2875 3660 κολάζοντι
2895 3594 3139 3664 μεγάλως
3157 3593 3280 3654 τοὺς
3305 3591 3378 3662 μὴ
3398 3589 3750 3662 νηστεύοντας

528 3703 685 3744 sacra
712 3686 1139 3758 Quadragesima
1173 3686 1574 3756 nonjejunant,
1611 3689 1867 3758 omnique
1899 3697 2085 3758 quarta

2188 3693 2280 3764 τὴν
2319 3692 2479 3761 ἁγίαν
2503 3686 2972 3761 Τεσσαρακοστὴν,
3015 3685 3106 3739 καὶ
3147 3685 3290 3738 κατά
3314 3684 3492 3737 πᾶσαν
3522 3681 3748 3754 τετράδα

527 3791 583 3838 et
613 3788 768 3837 sexta
803 3779 961 3844 feria,
991 3793 1228 3849 praesens
1257 3794 1476 3850 quoque
1509 3779 1773 3835 decernit.

601 3871 806 3927 lorum.
841 3871 1084 3941 Semper,
1119 3871 1314 3941 inquit,
1368 3880 1560 3941 quarta
1589 3880 1643 3926 et
1673 3878 1822 3927 sexta
1869 3871 2094 3941 cujusli-

532 3965 625 4020 bet
656 3963 1011 4020 hebdomada:
1040 3961 1174 4018 feria
1202 3962 1560 4033 jejunandum
1600 3982 1613 4017 :
1656 3978 1755 4019 nec
1805 3979 1906 4018 nos
1943 3963 2096 4034 quis-

533 4069 698 4125 quam
721 4053 1033 4122 jcjunantes
1064 4055 1421 4124 reprehendet
1455 4073 1468 4110 :
1514 4070 1819 4126 causasque
1863 4055 2095 4124 subjun-

534 4145 634 4216 git.
670 4143 949 4198 Dominica
979 4160 1108 4200 vero
1123 4146 1210 4201 die
1242 4161 1352 4201 non
1382 4154 1466 4202 est
1490 4147 1867 4217 jejunandum,
1899 4147 2098 4217 quippe

535 4250 658 4306 qua:
691 4234 762 4288 sit
789 4235 969 4305 gaudii
1000 4236 1070 4290 ob
1117 4235 1330 4292 Domini
1380 4239 1856 4293 resurrectionem.
1915 4238 2099 4308 Neque

536 4341 690 4392 vero,
729 4325 926 4396 inquit,
976 4328 1033 4382 in
1088 4343 1151 4382 ea
1182 4343 1357 4397 genua
1407 4327 1548 4383 ﬂecti
1583 4338 1835 4400 oportere
1885 4330 2097 4400 accepi-

541 4427 685 4468 mus.
712 4409 1120 4469 Obscrvandum
1149 4415 1316 4485 igitur
1345 4416 1570 4471 verbum
1602 4417 1757 4483 illud,
1783 4421 2096 4488 accepimus,

2187 3784 2280 3840 καὶ
2302 3780 2672 3855 παρασκευὴν,
2699 3780 2791 3832 καὶ
2818 3780 2846 3833 ὁ
2871 3777 3057 3849 παρὼν
3082 3773 3260 3830 κανὼν
3281 3774 3643 3828 διατάττεται.

2263 3871 2506 3926 ΖΩΝΑΡ.
2546 3871 2654 3925 Ἀεί
2715 3888 2846 3941 φησι
2915 3870 3014 3934 τὰς
3061 3868 3323 3941 τετράδας
3349 3867 3440 3920 καὶ
3463 3867 3560 3928 τὰς
3589 3881 3754 3934 παρσ-

2198 3965 2395 4029 σκευάς
2418 3963 2654 4034 ἑκάστης
2681 3963 2968 4031 ἑϐδομάδος
3000 3960 3275 4032 νηστεύειν
3295 3976 3307 3988 ·
3342 3959 3435 4011 καὶ
3466 3957 3564 4010 οὑκ
3587 3954 3756 4008 αἰτιά-

2199 4057 2348 4110 σεταί
2373 4074 2456 4120 τις
2479 4058 2625 4128 ἡμᾶς
2654 4055 3009 4127 νηστεύοντας
3027 4071 3040 4083 ·
3077 4053 3170 4107 καὶ
3197 4052 3296 4114 τάς
3325 4051 3504 4110 αἰτίας
3529 4049 3754 4120 προστί-

2201 4149 2374 4221 θησιν.
2426 4149 2535 4220 Τὴν
2572 4149 2628 4202 δέ
2671 4147 2951 4220 Κυριακὴν
2985 4144 3264 4217 νηστεύειν
3309 4145 3368 4196 οὐ
3396 4143 3508 4207 δεῖ,
3556 4139 3761 4211 χαρμό-

2201 4259 2354 4296 συνον
2398 4237 2561 4295 οὖσαν
2603 4240 2688 4294 διὰ
2720 4241 2817 4308 τὴν
2859 4239 2950 4292 τοῦ
3004 4239 3208 4309 Κυρίου
3263 4237 3590 4289 ἀνάστασιν·
3635 4232 3758 4286 οὐδὲ

2198 4335 2324 4402 γόνυ
2353 4334 2552 4386 κλίνειν
2581 4333 2637 4384 ἐν
2667 4331 2822 4402 αὐτῇ,
2867 4332 3017 4401 φησὶ,
3051 4327 3480 4399 παρειλήφαμεν.
3514 4323 3759 4396 Σημειω-

2198 4425 2316 4477 τέον
2353 4419 2445 4475 οὖν
2502 4422 2563 4475 τὸ
2606 4421 3072 4490 παρειλήφαμεν,
3125 4419 3218 4473 καὶ
3257 4419 3316 4470 τὸ
3386 4417 3534 4472 κατὰ
3571 4414 3758 4482 παρὰο

539 4509 594 4558 et
623 4503 778 4569 illud,
830 4504 978 4560 nobis
1021 4521 1104 4577 ex.
1129 4505 1413 4563 traditione
1466 4520 1782 4579 praeceptum
1813 4520 1909 4564 est.
1964 4511 2085 4564 Nan

2201 4516 2374 4568 δοσιν
2415 4513 2558 4582 ἡμῖν
2603 4512 3050 4582 προστέτακται.
3103 4510 3409 4564 Κάντεῦθεν
3443 4508 3548 4579 γὰρ
3581 4507 3760 4576 φαίνε-

539 4596 668 4652 hiuc
719 4613 937 4669 quoque
974 4608 1198 4670 apparet
1255 4599 1614 4656 inveteratam
1654 4601 2099 4658 consuetudinem

539 4703 640 4758 pro
682 4689 801 4760 lege
839 4689 1012 4747 fuisse
1039 4699 1338 4762 acceptam.
1387 4690 1612 4763 Magnus
1670 4708 1832 4763 porro
1867 4693 2099 4749 Basilius

539 4793 737 4835 causas
769 4796 985 4853 quoque
1009 4783 1267 4849 adnectit,
1296 4785 1366 4840 ob
1391 4801 1528 4855 quas
1554 4785 1837 4839 Dominica
1865 4786 1971 4850 die,
2002 4795 2098 4842 eta

541 4867 810 4928 Paschate
842 4874 911 4927 ad
946 4873 1317 4931 Pentecostem
1349 4891 1539 4946 usque,
1571 4892 1744 4947 genua
1769 4876 1983 4932 ﬂectere
2007 4894 2097 4932 vc-

542 4962 702 5016 titum
740 4972 845 5020 est.
875 4963 1016 5037 Lege
1073 4976 1126 5022 et
1149 4969 1549 5038 sexagesimum
1591 4977 1800 5024 sextum
1838 4970 2098 5038 apostoli-

540 5068 666 5111 cum
693 5071 954 5113 canonem
976 5067 1029 5113 et
1059 5062 1454 5131 sexagesimum
1486 5077 1709 5114 nonum.

2199 4625 2319 4670 ται,
2357 4605 2527 4660 ὅτιτὸ
2571 4607 2662 4658 ἐπὶ
2698 4605 2904 4675 μακρὸν
2954 4603 3235 4674 κρατῆσαν
3276 4601 3394 4663 ἔθος
3428 4600 3546 4654 ἀντὶ
3594 4598 3758 4668 νόμου

2201 4699 2520 4767 λελόγισται.
2560 4698 2616 4750 '0
2655 4696 2710 4750 δὲ
2762 4695 2934 4768 μέγας
2982 4694 3260 4756 Βασίλειος
3307 4694 3398 4745 καὶ
3443 4691 3540 4753 τὰς
3583 4690 3760 4752 αἰτίας

2203 4791 2538 4862 προστίθησι,
2560 4790 2624 4844 δι’
2650 4789 2716 4853 ἃς
2753 4788 3119 4860 ἀπηγόρευται
3159 4784 3357 4839 κλίνειν
3407 4786 3464 4836 ἐν
3507 4782 3760 4852 κυριακῇ

2201 4883 2326 4951 γόνυ
2357 4883 2450 4936 καὶ
2494 4883 2599 4936 ἀπὸ
2643 4880 2736 4934 τοῦ
2781 4881 2970 4950 Πάσχα
3017 4878 3176 4948 μέχρι
3223 4875 3322 4946 τῆς
3366 4871 3760 4944 Πεντηκοστῆς·

2213 4974 2507 5043 Ἀνάγνωθι
2538 4975 2630 5029 καὶ
2653 4975 2742 5027 τὸν
2772 4973 2853 5038 ξς
2883 4969 3237 5026 ἀποστολικὸν
3272 4968 3471 5021 κανόνα
3491 5005 3506 5030 ,
3543 4964 3636 5018 καὶ
3665 4963 3760 5029 ξθ¹.

1819 5177 2048 5244 νΑίὶῐΑΞ
2085 5177 2480 5235 LECTIONES.
2673 5215 2693 5244 ο

649 5265 695 5298 ⁸¹
712 5265 800 5320 διὰ
823 5267 883 5320 τὸ
906 5267 1225 5322 πεπονθέναι
1264 5269 1424 5324 αὐτὸν
1453 5269 1592 5339 ὑπὲρ
1614 5267 1788 5339 ἡμῶν.

612 5379 723 5450 (l8)
759 5380 968 5434 Κανὼν
1002 5389 1082 5433 ιε’.
1125 5380 1181 5433 1η
1209 5397 1310 5435 ms.
1345 5381 1494 5450 regio
1521 5381 1663 5436 2058
1699 5381 1990 5450 praefigitur
2018 5379 2105 5434 hic

540 5452 732 5515 titulus
766 5451 893 5504 huic
925 5452 1116 5504 canoni
1149 5470 1161 5505 :
1193 5450 1306 5504 Τοῦ
1339 5450 1525 5507 αὑτοῦ
1556 5452 1624 5504 ἐκ
1657 5451 1762 5505 τοῦ
1792 5453 1974 5521 λόγου
2002 5451 2106 5504 τοῦ

541 5525 624 5584 εις
659 5521 726 5573 τὸ
755 5521 990 5589 Πάσχα.
1035 5521 1334 5575 llmooum.

614 5591 726 5661 (l9)
766 5592 884 5660 Τὴν
895 5591 1011 5662 μὲν
1031 5593 1138 5662 γὰρ
1162 5608 1311 5658 τετρ.
1337 5590 1637 5646 Cotclerius
1659 5593 1722 5646 ad
1748 5593 1926 5647 Const.
1943 5601 2110 5658 apost.

545 5662 640 5714 lib.
686 5677 746 5732 Il,
777 5677 898 5731 cap.
943 5661 1046 5725 59,
1075 5664 1217 5716 hunc
1263 5676 1526 5732 canonem
1571 5679 1632 5716 cx
1674 5663 1836 5732 regiis
1874 5678 2005 5716 mss.
2040 5663 2109 5732 ita

547 5730 782 5798 complet
810 5730 1137 5804 acrestituit
1163 5753 1175 5786 :
1209 5731 1319 5802 Τὴν
1356 5732 1723 5804 μὲν-τετράδα
1743 5730 1838 5785 ’διὰ
1869 5733 1927 5784 τὸ
1959 5731 2110 5804 γενό-

557 5816 714 5863 μενον
746 5800 1061 5868 συμϐούλιον
1087 5803 1190 5857 ὑπὸ
1219 5800 1324 5857 τῶν
1359 5800 1619 5857 Ἰουδαίων
1646 5803 1736 5854 ἐπὶ
1762 5804 1824 5871 τῇ
1861 5800 2113 5870 προδοσίᾳ

2208 5381 2299 5434 τοῦ
2335 5381 2556 5452 Κυρίου·
2591 5375 2704 5452 τὴν,
2731 5377 2784 5428 δὲ
2833 5375 3202 5452 παρασκευῂςθ,
3243 5373 3416 5452 διὰτὸ
3450 5372 3772 5452 πεπονθέναι

2210 5452 2369 5525 eos?“
2419 5443 2555 5525 ὗῑτὲρ
2590 5443 2780 5525 hac?!“
2831 5443 2936 5525 Ρὴῆ
2972 5443 3400 5525 ﬂammma}!
3427 5445 3772 5525 χαρμοῖύγτς

2213 5522 2420 5592 ἡμέραν
2453 5505 2652 5592 άγὸμὲν
2679 5517 2767 5571 διὰ
2797 5505 2901 5592 16y:
2914 5505 3220 5592 ἀναστάντα
3247 5518 3302 5568 ἐν
3324 5505 3480 5592 αύτῇ·
3504 5505 3630 5592 ἐνῇ
3654 5505 3773 5564 οὐδὲ

2214 5583 2412 5659 γόνάτα
2449 5583 2643 5642 κλίνέιν
2684 5586 3108 5659 παρειλήφαμεν.
3147 5588 3323 5659 Atque
3366 5583 3678 5659 ita’pariier
3708 5598 3772 5659 ex

2475 5625 2621 5731 :eg'io
2663 5625 2850 5714 codice
2888 5625 3258 5732 éﬂﬁggetaliis
3292 5625 3509 5708 locum?
3507 5652 3779 5722 supplevit

2221 5732 2545 5788 Ilarduinus.
3001 5751 3004 5754 λ
