4088 6284
1708 404 2143 464 FRAGMENTA.

3459 410 3562 468 5l0

1553 724 1692 841 Β.
1769 726 2334 840 PETRI

1093 941 1479 1005 EPISTOLA
1521 943 1625 1003 AD
1655 941 2100 1006 ECCLESIAM
2136 939 2806 1004 ALEXANDRINAM.

1757 1105 1852 1161 (Ex
1874 1101 2167 1168 Gallandio.)

417 1384 612 1444 Petrus
649 1386 704 1442 in
736 1386 839 1444 ﬁde
876 1387 970 1443 Dei
999 1388 1255 1444 stabilitis
1281 1387 1496 1445 dilectis
1533 1389 1799 1446 fratribus
1842 1388 1901 1446 in
1985 1391 2190 1460 quibus
2233 1392 2560 1463 permissum
2595 1402 2712 1449 erat
2740 1401 2958 1464 egentes
2983 1392 3205 1449 visitare
3228 1432 3242 1457 ,
3275 1399 3564 1448 conaretur

333 1477 571 1540 Domino
613 1481 862 1535 salutem.
899 1479 1166 1546 Quoniam
1195 1479 1424 1551 cognovi
1459 1479 1728 1536 Meletium
1758 1480 1894 1536 nihil
1998 1497 2280 1553 separare;
2315 1491 2369 1538 et
2391 1483 2651 1540 indicium
2676 1500 2790 1540 sua
2813 1485 3128 1558 cupiditatis
3148 1485 3203 1539 in
3234 1484 3560 1556 principatu,

331 1584 440 1641 per
468 1569 757 1623 utilitatem
786 1568 896 1639 (20)
930 1571 1040 1640 (cui
1088 1586 1189 1626 uec
1221 1571 1660 1626 beatissimorum
1685 1572 1897 1642 episco-

1997 1575 2261 1644 quosdam
2315 1575 2418 1631 sibi
2477 1578 2762 1634 ordinasse
2818 1579 2874 1632 in
2921 1592 3184 1633 carcere:
3224 1577 3385 1630 modo
3429 1575 3562 1630 illud

339 1675 535 1732 porum
569 1676 631 1716 ac
660 1669 958 1733 martyrum
982 1662 1210 1734 epistola
1247 1661 1497 1735 placuit),
1531 1663 1626 1718 sed
1676 1663 1898 1734 insuper
1997 1667 2320 1734 observate,
2361 1683 2428 1724 ne
2465 1669 2513 1724 ei
2557 1670 3005 1734 communicetis,
3062 1669 3236 1724 donec
3272 1682 3558 1724 occurram

339 1751 648 1822 ingressum
678 1761 918 1808 nostram
950 1754 1265 1824 parmciam,
1289 1761 1498 1809 tantum
1532 1754 1633 1809 sibi
1656 1769 1901 1825 assump-
2003 1758 2076 1813 illi
2113 1775 2236 1813 cum
2272 1759 2610 1828 sapientibus
2632 1762 2787 1827 Viris,
2810 1768 2865 1816 et
2894 1759 3104 1816 videam
3135 1776 3256 1832 qua:
3284 1769 3410 1816 sunt
3436 1773 3556 1831 qua

339 1842 502 1908 sisse,
534 1849 594 1898 ut
624 1843 785 1898 etiam
835 1858 899 1897 ex
940 1858 1058 1898 mea
1084 1843 1411 1899 auctoritate
1431 1845 1777 1915 presbyteros
1799 1888 1813 1912 ,
1846 1851 1901 1900 et
2003 1848 2280 1919 cogitavit.
2307 1848 2512 1906 Valete.

1651 2157 2245 2274 ΠΕΤΡΟΥ

918 2367 1054 2422 ΤΟΥ
1082 2367 1465 2424 ΔΓΙΩΤΔΤΟΥ
1503 2369 1896 2424 ΕΠΙΣΚΟΠΟΥ
1924 2369 2438 2425 ΔΛΕΞΑΝΔΡΕῙΔΣ
2469 2373 2588 2426 ΚΑΙ
2623 2371 2992 2430 ΜΔΡΤΥΡΟΣ

1848 2525 1942 2576 Ἐκ
1968 2525 2062 2578 τοῦ

1249 2688 1498 2775 ΠΕΡΙ
1570 2689 2158 2778 ΘΕΟΤΗΤΟΣ
2231 2692 2664 2781 ΒΙΒΛΙΟΥ

618 2961 968 3052 PETRI
1049 2959 1788 3054 SANCTISSIMI
1864 2963 2672 3054 ALEXANDRIE.
2751 2960 3302 3056 EPISCOPI

1642 3156 1744 3217 ET
1803 3155 2220 3218 MARTYRIS

1127 3319 1318 3435 EX
1390 3321 1809 3438 LIBRO
1885 3323 2065 3435 DE
2154 3323 2776 3438 DEITATE

337 3539 646 3608 (Interprete
667 3542 816 3593 Mario
841 3541 1112 3594 Mercatore
1137 3541 1258 3606 (21).
1271 3569 1331 3580 -
1350 3542 1426 3594 Ex
1447 3540 1959 3666 actisac’oiubcia.lr’lrgieisé,2

2010 3539 2588 3666 ρὲῄοιηὸῌῗῗοηεϋ..
2607 3557 2656 3605 p.
2681 3541 2800 3594 1051
2828 3545 2909 3594 ed.
2935 3543 3112 3595 Venet.
3131 3543 3268 3606 1728,
3291 3549 3344 3595 et
3363 3551 3457 3596 act.
3484 3553 3565 3606 ru,

427 3868 640 3942 Ἐπειδὴ
667 3870 761 3924 καὶ
783 3869 996 3941 ἀληθῶς
1025 3868 1052 3940 ἡ
1083 3871 1240 3939 χάρις
1265 3871 1359 3922 καὶ
1384 3870 1416 3940 ἠ
1443 3869 1663 3939 ἀλήθεια
1685 3870 1772 3925 διὰ
1801 3873 1904 3942 Ἰη-
1932 3877 1959 3934 Α

2074 3868 2340 3937 Quoniam
2379 3874 2525 3922 certe
2560 3864 2732 3936 gratia
2759 3873 2813 3920 et
2841 3863 3042 3918 veritas
3081 3879 3178 3934 per
3200 3861 3383 3919 Iesum
3408 3863 3565 3920 Ciui-

349 3965 440 4020 σοῦ
465 3961 702 4042 Χριστοῦ
720 3961 934 4032 ἐγένετο
954 3977 967 3990 ·
999 3961 1118 4015 ὅθεν
1137 3961 1230 4014 καὶ
1248 3959 1428 4032 χάριτί
1449 3963 1612 4032 ἐσμεν
1634 3964 1906 4034 σεσωσμέ-

346 4072 444 4119 νοι,
480 4052 619 4107 κατὰ
650 4051 711 4106 τὸ
745 4047 1094 4105 ἁποστολικὸν
1126 4049 1284 4119 ῥητόν
1304 4065 1316 4079 ’
1352 4049 1461 4102 Καὶ
1493 4050 1687 4112 τοῦτο.
1722 4053 1906 4123 φησὶν,

344 4149 453 4201 οὐκ
483 4145 552 4211 ἐξ
577 4144 770 4215 ὑμῶν’
810 4143 956 4198 Θεοῦ
989 4142 1055 4195 τὸ
1087 4141 1278 4210 δῶρον
1302 4141 1432 4215 (22)·
1470 4145 1578 4198 οὐκ
1607 4143 1674 4208 ἐξ
1700 4145 1904 4214 ἕρπων,

346 4237 445 4292 ἵνα
471 4237 556 4308 μή
589 4256 678 4303 τις
713 4234 1106 4304 καυχήσηται·
1144 4233 1406 4305 θελήματι
1431 4233 1564 4287 Θεοῦ
1598 4235 1708 4306 (25)
1751 4237 1780 4288 ὁ
1808 4235 1910 4288 Λό-

334 4343 439 4396 ,γος
468 4327 602 4400 σὰρξ
623 4326 930 4397 γενόμενος,
961 4324 1057 4378 καὶ
1086 4325 1321 4396 σχήματι
1350 4324 1590 4396 εὑρεθεὶς
1609 4325 1683 4389 ὡς
1702 4324 1908 4398 ἄνθρω-

344 4439 464 4486 πος,
495 4422 556 4474 οὐ
583 4418 903 4490 κατελείφθη
938 4416 1049 4489 (24)
1083 4417 1179 4488 τῆς
1217 4417 1483 4490 θεότητος.
1522 4417 1657 4471 Οὐδὲ
1683 4418 1791 4491 γὰρ
1822 4419 1906 4473 ἵνα

344 4513 440 4583 τῆς
485 4513 763 4582 δύναμεως
815 4508 978 4563 αὑτοῦ
1031 4509 1066 4578 ἢ
1117 4508 1273 4578 δόξης
1299 4509 1478 4562 τέλεον
1502 4510 1732 4582 ἀποστῇ,
1768 4527 1910 4564 πτω⁸

345 4603 540 4674 χεύσας
567 4602 817 4665 πλούσιος
841 4599 934 4666 ὢν,
958 4599 1114 4653 τοῦτο
1139 4599 1350 4667 ἐγένετο
1369 4617 1381 4629 ·
1410 4598 1544 4652 ἀλλὰ
1584 4601 1670 4654 ἵνα
1697 4599 1788 4653 καὶ
1816 4600 1905 4654 τὸν

345 4693 570 4748 θάνατον
599 4693 738 4764 ὑπὲρ
767 4690 922 4762 ἡμῶν
950 4687 1054 4742 τῶν
1083 4688 1421 4758 ἁμαρτωλῶν
1459 4689 1796 4761 ἀναδέξηται,
1829 4689 1907 4742 δί-

346 4803 497 4849 καιος
525 4784 665 4856 ὑπὲρ
689 4783 908 4847 ἀδίκων,
941 4781 1090 4843 ὅπως
1121 4781 1266 4851 ἡμᾶς
1299 4781 1624 4852 προσαγάγῃ
1664 4781 1742 4851 τῷ
1769 4781 1907 4852 Θεῷ,

345 4871 671 4934 θανατωθεὶς
699 4870 796 4941 μὲν
823 4867 1002 4939 σαρκὶ,
1033 4865 1381 4937 ζωοποιηθεὶς
1403 4867 1457 4920 δὲ
1487 4871 1772 4940 πνεύματι.
1798 4871 1909 4926 Καὶ

342 4965 468 5033 μεθ’
497 4961 856 5032 ἔτερα·”Οθεν
893 4960 988 5013 καὶ
1032 4960 1060 5012 ὁ
1106 4960 1498 5031 εὐαγγελιστὴς
1541 4960 1793 5033 ἀληθεύει
1823 4962 1911 5014 λέ-

2011 3970 2154 4016 stum
2213 3959 2354 4014 facta
2385 3969 2468 4013 est
2503 3959 2518 3990 ¹
2567 3976 2580 4011 :
2634 3955 2778 4011 unde
2827 3962 2882 4012 et
2909 3956 3082 4026 gratia
3119 3971 3308 4010 sumus
3353 3955 3565 4021 salvati,

2008 4053 2161 4122 juxta
2196 4050 2551 4121 apostolicum
2605 4047 2859 4102 dictum’
2896 4065 2910 4102 :
2960 4044 3027 4100 Et
3059 4049 3176 4110 hoc,
3221 4046 3414 4116 inquit,
3457 4064 3562 4102 non

2010 4159 2074 4198 ex
2101 4142 2264 4206 vobis,
2284 4157 2442 4213 neque
2472 4157 2536 4196 ea:
2565 4140 2824 4210 operibus,
2866 4156 2929 4194 ne
2985 4141 3102 4209 quis
3153 4139 3420 4210 glorietur.
3457 4137 3563 4196 Vo-

2013 4235 2218 4289 luntate
2247 4232 2482 4289 Verbum
2517 4247 2646 4287 caro
2677 4231 2876 4286 factum
2902 4231 3051 4294 est',
3081 4237 3135 4285 et
3163 4230 3348 4285 habitu
3376 4231 3564 4286 inveno

2012 4335 2125 4384 tum
2150 4333 2207 4380 ut
2231 4324 2392 4379 homo
2420 4323 2461 4379 ‘.
2494 4321 2614 4378 Non
2643 4329 2726 4378 est
2752 4331 2974 4377 tamena
2993 4322 3192 4377 deitate
3220 4321 3561 4379 destitutum.

2013 4417 2195 4488 Neque
2229 4416 2371 4471 enim
2408 4421 2466 4469 ut
2520 4429 2550 4467 a
2590 4428 2687 4470 sua
2718 4415 2885 4483 gloria
2933 4422 2987 4468 et
3017 4414 3218 4468 virtute
3256 4413 3562 4476 desisteret,

2013 4524 2137 4563 cum
2189 4516 2334 4564 esset
2388 4507 2562 4570 dives,
2621 4521 2827 4576 pauper
2854 4511 2937 4560 est
2989 4504 3242 4571 factus';
3296 4504 3391 4560 sed
3425 4511 3560 4560 etut

2015 4608 2241 4655 mortem
2272 4615 2370 4671 pro
2401 4599 2562 4655 nobis
2593 4596 2973 4668 peccatoribus
3001 4597 3115 4668 ipse
3137 4595 3558 4666 sustineret,ju-

2010 4699 2128 4748 stus
2155 4707 2254 4762 pro
2286 4691 2522 4762 injustis,
2547 4699 2600 4745 et
2628 4699 2689 4745 ut
2726 4706 2828 4745 nos
2886 4688 3102 4744 oﬂ‘erret
3155 4688 3287 4753 Deo,
3319 4697 3566 4744 mortuus

2010 4781 2229 4852 quidem
2261 4797 2447 4846 carne,
2485 4782 2787 4837 viviﬁcatus
2825 4787 3004 4835 autem
3035 4779 3232 4848 spiritu
3261 4779 3300 4833 ⁸.
3344 4777 3408 4832 Et
3449 4788 3566 4847 post

2011 4873 2121 4926 alia
2146 4871 2330 4928 :Unde
2353 4881 2407 4928 et
2429 4873 2755 4944 evangelista
2784 4873 2980 4928 asserit
3010 4871 3292 4926 veritatem
3330 4871 3518 4928 dicens
3548 4891 3562 4926 :

2021 4961 2246 5018 Verbum
2279 4981 2402 5018 caro
2461 4965 2659 5032 factum
2701 4973 2798 5028 est,
2856 4975 2905 5017 et
2938 4962 3190 5016 habitavit
3246 4964 3298 5016 in
3348 4961 3496 5016 nobis
3520 4961 3564 5022 ',

337 5065 467 5117 των·
542 5057 594 5109 Ὀ
631 5056 819 5125 Λόγος
857 5052 1012 5121 σὰρξ
1048 5051 1302 5122 ἐγένετο,
1338 5052 1434 5104 καὶ
1461 5051 1810 5118 ἐσκήνωσεν
1845 5053 1915 5106 ἐν

2018 5053 2236 5110 Scilicet
2266 5071 2329 5111 ex
2363 5072 2471 5127 quo
2493 5057 2716 5127 angelus
2743 5055 3020 5127 Virginem
3048 5055 3324 5120 salutavit,
3344 5055 3562 5110 dicens:

417 5211 434 5242 ¹
457 5209 618 5272 Joan.
652 5226 689 5266 ι.
723 5209 805 5264 17.

347 5283 367 5314 ν
393 5279 553 5342 Ιοαη.
586 5280 739 5345 1,”.

416 5396 526 5465 (20)
555 5394 866 5449 Utilitatem.
896 5391 1273 5464 Suppl.agere.

915 5211 934 5239 '
959 5208 1146 5278 Ephes.
1180 5222 1242 5272 ll,
1276 5208 1330 5274 8,
1359 5207 1412 5261 9.

1515 5207 1718 5262 3Joau.
1753 5225 1789 5271 ι,
1828 5211 1907 5267 1-1.
1984 5209 2250 5286 εΡΙιὶιίρρ.
2286 5227 2345 5278 ιι,
2374 5211 2425 5266 7.
2501 5203 2599 5261 ⁸11
2615 5205 2866 5275 Cor.vm,
2896 5211 2948 5270 9.

3091 5211 3112 5239 ‘
3157 5209 3176 5244 ¹
3219 5211 3354 5264 Patr.
3383 5224 3444 5273 ll,
3479 5207 3564 5262 18.

2006 5393 2237 5467 fortasse
2268 5392 2493 5467 deerant
2525 5395 2578 5449 in
2603 5411 2701 5450 suo
2723 5395 3036 5467 exemplari,
3067 5404 3125 5450 ut
3149 5393 3470 5464 conjicimus
3497 5409 3565 5454 ex

417 5463 530 5532 (21)
568 5465 688 5519 Haec
729 5463 1099 5532 interpretatio
1142 5463 1683 5518 ΜΑιιιιΜειιοΑτοιιιε
1726 5472 1902 5516 cxslut

2010 5464 2120 5532 ejus
2150 5464 2418 5519 versione.

347 5553 470 5606 pag.
503 5535 624 5599 175,
654 5534 784 5606 edit.
810 5533 994 5606 Ijaluz.
1024 5534 1238 5606 integer
1267 5534 1567 5606 autem_liic_
1590 5534 1740 5588 locus
1763 5537 1897 5587 reei-

2072 5532 2182 5604 (23)
2219 5533 2508 5602 Θελήμιιτι
2543 5538 2604 5586 Θ.
2636 5535 2741 5588 Ista
2771 5542 2824 5590 et
2854 5537 3132 5604 sequentia
3171 5529 3403 5604 Grabius
3437 5531 3564 5604 illuc

347 5600 490 5659 tatur
533 5607 692 5659 etiam
727 5605 781 5657 iu
818 5602 987 5674 Cone.
1013 5600 1202 5656 (male.
1236 5611 1350 5674 act.
1383 5619 1417 5656 I.
1454 5602 1646 5674 Latine
1690 5612 1896 5657 tantum
2001 5613 2135 5661 strat
2165 5600 2218 5657 in
2247 5600 2446 5658 Aunut.
2479 5605 2544 5657 ad
2570 5604 2632 5658 ϐ.
2669 5605 2800 5658 Bulli
2827 5600 3156 5674 Deféus._/id.
3184 5601 3308 5674 Me.
3341 5617 3394 5670 p.
3434 5600 3554 5674 1ῗ2.

348 5691 411 5730 ex
443 5675 547 5729 alia
575 5682 753 5729 vetere
777 5673 1208 5742 versionc,tom.
1239 5671 1325 5735 IV,
1359 5687 1412 5742 p.
1448 5673 1600 5726 1138.

2071 5674 2182 5745 (24)
2219 5677 2300 5728 Οὐ
2344 5676 2716 5744 κατελείφθη.
2772 5677 2828 5728 In
2880 5670 2980 5727 ius.
3037 5670 3406 5742 Seguieriano.
3458 5671 3565 5733 οὐκ

417 5745 528 5809 (22)
561 5743 706 5816 Θεοῦ
728 5741 794 5796 τὸ
821 5741 1025 5810 δῶρον.
1061 5741 1182 5796 Haec
1224 5743 1446 5816 s_a_ue_in
1489 5749 1634 5795 textu
1669 5741 1894 5816 Paulino

2010 5741 2315 5816 Ξιπελείφθη.

353 5813 536 5882 Ephes.
579 5829 638 5880 ll,
671 5813 724 5880 8,
757 5827 875 5883 qua!
918 5821 1096 5869 tamen
1141 5813 1319 5868 omisit
1363 5813 1644 5882 interpres.
1691 5812 1794 5868 Sed
1832 5829 1894 5867 ea
