4088 6284
326 320 441 387 515

1772 331 2215 384 FRAGMENTA.

3457 330 3563 388 ιιιι

321 449 447 487 σαν.
494 432 595 491 me
635 437 747 509 γάρ
779 435 935 490 τοῦτο
970 436 1063 490 καὶ
1090 435 1123 488 ὁ
1143 434 1626 510 νενομοθετημένος
1659 437 1764 512 μὴν
1792 439 1890 493 τῶν

2001 446 2186 494 tatem.
2219 436 2344 493 ideo
2362 439 2564 509 quippe
2587 438 3081 495 mensisnovorum
3103 454 3135 495 a
3155 439 3281 513 iege
3301 438 3560 501 inductus

318 526 464 582 νέων
490 526 632 600 ἀρχὴ
664 528 869 599 μηνῶν,
910 529 1005 582 καὶ
1032 527 1244 600 πρῶτος
1271 530 1330 583 ὲν
1355 529 1468 592 τοῖς
1502 529 1637 601 μησὶ
1663 528 1756 583 τοῦ
1786 531 1894 584 ὲνι·

319 618 493 674 αυτοῦ
538 619 844 692 ιγνωρίσθη
876 622 1003 692 ἡμῖν
1022 637 1037 651 ο
1068 621 1162 676 καὶ⁸
1193 619 1297 674 ὑπὸ
1340 619 1449 674 τῶν
1488 620 1731 676 παλαιῶν
1764 638 1895 691 συγ-

319 711 585 783 γραφέων
615 712 724 767 τῶν
744 714 850 786 πρὸ
871 714 969 785 τῆς
988 712 1240 778 ἁλώσεως
1269 714 1369 785 τῆς
1412 715 1783 787 Ἰερουσαλὴμ,
1804 716 1896 770 καὶ

318 802 434 855 ὑπὸ
464 802 573 857 τῶν
602 802 741 857 νέων
783 803 893 857 τῶν
940 803 1075 873 μετά
1096 803 1194 875 τὴν
1223 804 1422 858 άλωσιν
1459 805 1673 877 ἐδείχθη
1711 806 1895 879 ὁροθε-

318 894 452 949 σίαν
480 897 624 965 ἔχειν
650 894 1127 968 είλικρινεστάτην,
1163 897 1257 949 καὶ
1285 900 1787 970 καταφανεστάτην,
1810 899 1896 953 διά

314 986 386 1040 τὸ
417 985 652 1057 μάλιστα
690 985 801 1043 ἔσθ’
833 988 922 1042 ὅτε
965 988 1063 1059 μὲν
1092 987 1161 1043 τά
1200 988 1295 1043 νέα
1326 989 1384 1045 εν
1412 1006 1522 1043 τισι
1547 990 1732 1055 τόποις
1759 1008 1894 1063 προ-

319 1076 625 1149 λαμϐάνειν
644 1118 659 1142 ,
685 1077 793 1132 ἔσθ’
824 1079 913 1133 ὅτε
932 1078 989 1133 δὲ
1019 1080 1260 1152 ὑστερεῖν
1285 1081 1348 1135 τὸ
1378 1082 1509 1136 ποτὲ
1536 1081 1778 1155 πρώϊμα,
1801 1100 1896 1137 πο-

316 1171 382 1224 τὲ
433 1169 605 1242 δψιμα
650 1170 932 1240 γενέσθαι·
990 1171 1271 1244 ὡσπεροῦν
1315 1174 1408 1228 καὶ
1452 1175 1567 1228 κατ’
1598 1173 1762 1246 αὐτὴν
1798 1174 1894 1246 τὴν

316 1262 502 1335 ἀρχὴν
518 1263 621 1334 τῆς
643 1262 748 1336 πρὸ
774 1263 868 1317 τοῦ
894 1264 1087 1335 Πάσχα
1114 1265 1432 1337 νομοθεσίας
1458 1266 1684 1337 ἐγίνετο,
1712 1266 1893 1333 καθὼς

314 1354 663 1426 γέγραπται·
698 1355 750 1408 '0
778 1354 846 1410 δὲ
871 1354 1061 1423 πυρὸς
1086 1356 1185 1413 καὶ
1216 1357 1259 1426 ή
1285 1356 1475 1426 ὄλυρα
1500 1359 1612 1414 οὐκ
1635 1357 1891 1430 ἐπλήγη,

315 1446 512 1517 Em
540 1446 650 1517 πσὰρ
690 1442 955 1519 ἦν.’¹οθεν
980 1446 1159 1512 καλῶς
1190 1449 1606 1522 νενομοθέτηται
1641 1449 1750 1504 άπὸ
1794 1452 1893 1523 τῆς

314 1538 546 1612 ιαρινῆς
572 1538 875 1611 ἰσημερίας,
902 1540 981 1605 είς
1006 1539 1198 1595 ὁποίαν
1226 1540 1271 1594 δ’
1295 1541 1361 1595 ἂν
1383 1542 1652 1614 ἑϐδομάδα
1677 1543 1893 1616 ἐμπέσῃ

316 1631 358 1699 ἡ
386 1629 1004 1702 τεσσαρεσκαιδεκαταία
1041 1628 1135 1684 τοῦ
1174 1630 1390 1703 πρώτου
1425 1632 1610 1703 μηνὸς,
1640 1634 1699 1687 ὲν
1755 1632 1893 1705 αὐτῇ

318 1722 592 1777 δπιτελεῖν
624 1721 683 1776 τδ
712 1721 923 1794 Πάσχα,
957 1723 1093 1794 μετὰ
1125 1722 1218 1778 τοῦ
1262 1725 1354 1779 καὶ
1392 1724 1643 1797 ἐγκώμια
1674 1742 1893 1797 πρεπω-

1997 530 2264 586 mensium
2289 529 2608 596 exordium,
2644 543 2709 585 ac
2749 531 2958 602 primus
2984 531 3127 587 inter
3170 530 3311 586 amri.
3343 548 3561 591 menses

1997 620 2156 677 nobis
2183 627 2348 676 notus
2377 618 2556 677 factus
2579 628 2665 676 est
2690 640 2703 675 :
2734 628 2790 676 et
2821 621 2891 676 ab
2928 621 3167 692 antiquis
3201 621 3560 693 scriptoribus

1995 710 2089 781 qui
2119 718 2269 774 ante,
2288 717 2342 766 et
2370 724 2401 764 a
2429 710 2824 781 posterioribus
2863 711 2957 782 qui
2986 721 3106 782 post
3142 698 3558 785 Hierosolymo-

1996 817 2117 857 rum
2140 800 2411 858 excidium
2444 802 2627 858 vixere
2647 842 2662 868 ,
2697 803 3132 875 sincerissimum
3166 818 3232 858 ac
3258 802 3558 878 evidentis-

1996 894 2194 948 simum
2222 892 2423 948 habere
2455 893 2745 949 terminum
2779 894 3209 951 demonstratum
3249 901 3337 949 est
3366 913 3381 949 :
3412 909 3555 965 pra~

1994 983 2216 1050 sertim,
2259 982 2402 1054 quod
2432 998 2571 1041 nova
2611 984 2883 1041 interdum
2930 985 3256 1057 quibusdam
3304 986 3362 1040 in
3419 986 3558 1042 locis

1994 1076 2243 1150 praeverti
2294 1095 2307 1132 :
2360 1076 2633 1132 interdum
2668 1077 2834 1133 etiam
2883 1077 3066 1143 refici,
3118 1079 3200 1134 vel
3232 1078 3410 1135 serius
3439 1078 3557 1135 ﬁeri

1992 1168 2259 1240 praecocia
2300 1170 2617 1240 contingat,
2667 1170 2939 1240 quomodo
2983 1178 3103 1226 erat
3140 1171 3197 1227 in
3254 1169 3374 1242 ipso
3430 1178 3558 1229 ante

1991 1260 2203 1316 Pascha
2253 1260 2612 1331 legislationis
2671 1260 2829 1317 initio
2864 1280 2878 1317 :
2907 1261 3071 1337 juxta,
3109 1262 3253 1337 quod
3286 1263 3556 1336 scriptum

1991 1359 2076 1409 est
2101 1351 2159 1409 ιι
2196 1350 2453 1407 Triticum
2495 1362 2668 1407 autem
2710 1361 2761 1407 et
2793 1353 2882 1422 [ar
2912 1370 3017 1409 non
3064 1350 3196 1409 sunt
3225 1355 3383 1419 Ima,
3430 1355 3558 1427 quia

1992 1445 2223 1501 serotina
2258 1454 2429 1500 erant.
2489 1443 2647 1501 Unde
2674 1453 2822 1501 recte
2845 1460 2874 1500 a
2906 1447 3024 1518 lege
3052 1449 3427 1518 praescriptum
3446 1455 3555 1514 est,

1994 1545 2099 1590 uta
2121 1551 2290 1591 verno
2304 1537 2651 1607 arquiuoctio,
2677 1539 2731 1592 in
2757 1554 3141 1609 quamcunque
3165 1537 3555 1595 bebdomadem

1994 1626 2199 1682 incidat
2249 1628 2656 1700 decimaquarta
2690 1630 2853 1702 primi
2888 1629 3114 1694 mensis,
3145 1630 3202 1685 in
3232 1631 3324 1685 illa
3348 1629 3556 1688 Pascha

1995 1727 2207 1790 agatur,
2239 1722 2471 1792 sumptis
2498 1722 2653 1791 prius
2686 1722 2754 1778 ad
2785 1720 2919 1777 illud
2943 1722 3330 1779 celebrandum
3357 1723 3557 1781 decen6

314 1814 554 1870 δέστατα
577 1814 670 1869 καὶ
694 1814 1141 1887 άρμοστικώτατα
1185 1817 1264 1882 εἰς
1292 1816 1449 1872 τοῦτο
1483 1817 1890 1890 παρειληφέναι.

1998 1809 2142 1865 tibus
2176 1826 2241 1866 ac
2270 1812 2651 1868 consentaneis
2674 1813 2958 1869 eueomiis.
3007 1811 3216 1869 Primus
3244 1815 3384 1870 enim
3408 1854 3424 1880 ,
3466 1814 3555 1871 in-

314 1905 560 1972 Πρῶτος
597 1905 728 1977 γὰρ,
757 1907 943 1980 φησὶν,
969 1903 1146 1975 οὗτος
1163 1908 1290 1978 μὴν
1315 1908 1457 1979 ὑμῖν
1488 1949 1503 1963 .
1528 1949 1540 1963 .
1569 1948 1582 1962 .
1618 1910 1717 1963 καὶ
1737 1908 1892 1978 ἀρχὴ

311 1998 528 2069 μηνῶν
546 1999 616 2053 ἐν
644 1999 769 2066 τοῖς
782 2001 976 2071 μησὶν
992 2000 1097 2056 τοῦ
1117 2000 1394 2058 ἐνιαυτοῦ
1415 2000 1735 2071 γέγραπται
1753 2018 1765 2031 ·
1804 2002 1893 2054 ὅτε

316 2092 351 2145 ὁ
387 2092 486 2163 μὲν
514 2092 663 2163 ἥλιος
694 2094 750 2145 ἐν
782 2092 930 2164 θέρει
961 2093 1249 2163 γενόμενος
1274 2092 1343 2148 τὰ
1370 2093 1523 2163 φῶτα
1555 2092 1771 2147 πλείονα
1800 2092 1893 2146 καὶ

316 2179 675 2252 λαμπρότερα
695 2180 1018 2236 ἀποδίδωσιν
1037 2198 1050 2212 ·
1084 2181 1200 2253 ἠδὲ
1240 2183 1419 2255 ἡμέρα
1451 2182 1888 2254 ὲπεκτεινομένη,

322 2271 699 2342 μεγεθύνεται,
727 2272 829 2343 τῆς
857 2271 1048 2337 νυκτὸς
1087 2272 1554 2344 ὑποστελλομένης
1579 2272 1674 2333 καὶ
1712 2289 1892 2343 μειου-

322 2360 525 2433 μένης·
554 2361 625 2414 τὰ
647 2361 703 2414 δὲ
731 2361 826 2414 νέα
859 2360 1148 2432 σπέρματα
1194 2361 1571 2433 ὲπανθήσαντα
1612 2359 1892 2414 διακαθαί-

321 2469 476 2526 ρεται
512 2453 591 2517 εις
635 2450 731 2516 τὰς
774 2452 985 2517 άλωνας
1024 2452 1476 2525 συγκομιζόμενα.
1508 2453 1581 2506 Οὐ
1614 2452 1721 2526 μὴν
1755 2452 1892 2508 me

317 2545 415 2597 καὶ
446 2541 623 2596 πάντα
658 2540 729 2596 τά
773 2542 1044 2616 ἀκρόδρυα
1086 2543 1370 2614 βλαστάνει
1403 2543 1495 2596 καὶ
1522 2543 1743 2597 ἐπανθεῖ
1766 2544 1889 2596 ἑπι-

317 2632 511 2706 χωρῆσ
543 2673 557 2687 .
585 2673 599 2687 .
624 2671 637 2686 .
670 2634 1001 2705 ὲπαγόμενα.
1028 2634 1247 2697 Εὐθέως
1273 2633 1401 2703 γοῦν
1445 2634 1891 2707 ἐπικαταλαμϐά-

319 2740 501 2778 νονται
551 2724 610 2778 ὲν
642 2722 961 2795 παραλλαγῇ
999 2724 1266 2795 διαφόρων
1313 2724 1407 2779 καὶ
1453 2725 1710 2780 ποικίλων
1750 2743 1888 2799 καρ-

316 2818 441 2872 πῶν
458 2834 471 2847 ·
506 2816 581 2881 ὡς
622 2817 716 2871 καὶ
757 2817 1030 2889 σταφυλήν
1055 2834 1183 2871 ποτε
1209 2818 1551 2888 εὑρίσκεσθαι
1580 2822 1701 2873 κατ’
1728 2819 1888 2873 αὑτὸν

312 2906 413 2959 τὸν
454 2907 662 2978 καιρὸν,
698 2904 879 2971 καθὼς
923 2907 1015 2962 καὶ
1058 2908 1086 2961 ὁ
1130 2907 1424 2981 νομοθέτης
1471 2910 1636 2981 φησὶ,
1682 2911 1793 2965 Καὶ
1826 2914 1888 2966 at

317 2997 537 3068 ἡμέραι
585 2998 778 3068 ἔαρος,
825 2984 1145 3070 πρόδρομοι
1186 3000 1524 3071 σταφυλῆς,
1577 3002 1741 3073 ἡνίκα
1779 3004 1885 3057 άπ-

324 3088 534 3142 έστειλε
565 3090 690 3154 τοὺς
718 3090 1251 3156 κατασκοπεύσοντας
1278 3092 1379 3165 τὴν
1391 3093 1511 3164 γῆν,
1527 3094 1763 3166 ἧνεγκαν
1793 3094 1884 3149 τὸν

317 3179 495 3285 μέγαν
510 3180 815 3285 ,βότρυνὶὲν
850 3182 1196 3256 άναφορεῦσι,
1230 3163 1341 3239 καὶὴ
1358 3163 1464 3239 άπδ
1491 3163 1600 3240 τῶν
1630 3187 1767 3259 ῥοῶν
1794 3187 1886 3242 καὶ
1912 3163 1954 3219 C

313 3269 427 3324 ἀπὸ
468 3269 575 3326 τῶν
622 3269 817 3327 συκῶν.
846 3273 977 3328 Τότε
1014 3272 1144 3345 γὰρ,
1172 3273 1247 3339 ὥς
1286 3291 1439 3344 φασι,
1466 3276 1561 3329 καὶ
1599 3278 1628 3330 ὀ
1665 3277 1887 3347 κτίστης

316 3364 414 3416 καὶ
454 3366 483 3418 ὁ
526 3364 854 3438 δημιουργὸς
881 3365 989 3420 τῶν
1030 3366 1284 3421 ἁπάντων
1307 3367 1439 3430 θεὸς
1464 3366 1619 3438 ἡμῶν
1651 3365 1883 3433 αἰώνιος,

317 3455 386 3510 τά
420 3457 594 3512 πάντα
628 3460 1010 3531 συνεστήσατο,
1040 3462 1120 3523 εἰς
1149 3458 1290 3531 άπερ
1317 3458 1591 3525 κατέλεξεν
1619 3462 1885 3530 Βλαστη-

318 3548 479 3602 σάτω
504 3549 542 3619 ἠ
570 3549 647 3620 τῆ
666 3549 939 3620 βοτάνην
965 3550 1202 3621 χόρτου,
1241 3551 1490 3621 σπεῖσον
1515 3553 1752 3621 σπέρμα
1777 3570 1885 3606 κα-

317 3638 392 3693 τὰ
415 3639 588 3709 γένος
624 3639 723 3693 καὶ
749 3640 876 3694 καθ’
900 3640 1232 3710 ὁμοιότητα,
1255 3642 1350 3695 καὶ
1380 3641 1570 3706 ξύλον
1594 3641 1887 3712 κάρπιμον

318 3728 532 3783 ποιοῦν
555 3729 804 3799 καρπὸν,
830 3725 902 3786 οὗ
944 3729 1010 3784 τὸ
1051 3732 1289 3801 σπέρμα
1324 3732 1508 3786 αὑτοῦ
1534 3734 1686 3789 κατὰ
1715 3732 1886 3803 γένος

316 3820 415 3874 ἐπὶ
440 3819 550 3890 τῆς
569 3820 701 3891 τῆς.
744 3821 854 3875 Καὶ
880 3822 1200 3894 ἐπήνεγκεν,
1230 3823 1331 3887 ὅτι,
1364 3823 1473 3877 Καὶ
1513 3823 1748 3893 ἐγένετο
1788 3824 1887 3877 οὔ·

316 3930 414 3969 τω.
444 3913 554 3969 Καὶ
589 3913 732 3986 μάλα
768 3912 946 3976 καλῶς
978 3911 1071 3966 καὶ
1110 3912 1332 3976 δικαίως
1367 3912 1591 3984 ὲξέφανε
1631 3912 1723 3966 τὸν
1756 3915 1885 3985 παρ’

328 4004 597 4077 Ἑϐραίοις
633 4004 1060 4078 νομοθετηθέντα
1093 4005 1308 4076 πρῶτον
1340 4005 1484 4077 μῆνα
1507 4024 1520 4038 ·
1549 4006 1607 4061 ὃν
1640 4006 1886 4078 ἔγνωμεν

317 4096 726 4169 πεφυλαγμένον
777 4097 926 4169 παρὰ
975 4095 1243 4161 Ἰουδαίοις
1286 4098 1448 4169 μέχρι
1490 4098 1590 4169 τῆς
1632 4098 1884 4163 ἁλώσεως

328 4188 695 4261 Ἰερουσαλὴμ,
727 4188 815 4244 διά
859 4189 919 4244 τὸ
967 4188 1198 4259 μάλιστα
1237 4189 1505 4259 Ἑϐραίοις
1527 4188 1667 4243 οὕτω
1707 4207 1885 4264 παρα-

314 4280 633 4334 δεδωκέναι·
684 4278 822 4353 μετά
871 4280 928 4334 δὲ
973 4282 1069 4353 τὴν
1106 4281 1302 4335 ἅλωσιν
1338 4281 1702 4354 λεληρημένον
1743 4284 1884 4338 κατά

314 4387 436 4424 τινα
474 4371 566 4425 καὶ
597 4372 654 4425 ὲν
688 4371 860 4444 τούτῳ
886 4369 1139 4443 πώρωσιν
1158 4389 1171 4403 ·
1203 4372 1369 4445 ὅνπερ
1409 4374 1570 4444 ἡμεῖς
1608 4371 1882 4445 ἑνθέσμως

316 4463 414 4516 καὶ
457 4461 757 4534 εἰλικρινῶς
805 4463 1186 4537 ἐπιτηροῦντες
1239 4462 1633 4535 παρελάϐομεν.
1669 4465 1777 4518 Καὶ
1823 4465 1880 4518 ὲν
1914 4504 1959 4560 D

315 4555 490 4627 τούτῳ
527 4554 667 4610 κατὰ
696 4596 710 4610 .
738 4596 755 4611 .
781 4596 796 4609 .
824 4557 1005 4629 ῥητὸν,
1029 4556 1202 4626 λέγων
1232 4596 1248 4613 .
1276 4599 1290 4612 .
1319 4597 1335 4612 .
1361 4556 1644 4631 διζομένην
1671 4560 1752 4623 είς
1781 4600 1793 4613 .
1822 4599 1836 4614 .
1863 4600 1877 4614 .

314 4664 374 4729 ον
402 4647 612 4721 ἡμέραν
650 4647 749 4719 τῆς
786 4648 945 4719 ἁγίας
981 4649 1172 4722 ἑορτῆς
1210 4650 1384 4722 ἡμῶν»
1414 4650 1649 4723 ἤνπερή
1683 4651 1879 4720 ἐκλογὴ

312 4739 573 4812 ἐπέτυχεν
594 4756 609 4770 ·
641 4740 690 4793 οἱ
730 4739 788 4793 δὲ
827 4739 1000 4794 λοιποὶ
1031 4739 1422 4814 ἐπωρώθησαν,
1457 4740 1640 4807 καθὼς
1664 4738 1814 4799 εἶπεν
1839 4744 1874 4797 ἡ

316 4816 525 4905 Γραφή.
557 4832 666 4888 Καὶ
690 4833 818 4904 μεθ’
846 4834 1040 4902 ἐτερω

384 4948 450 5000 lI.
491 4945 604 5000 Καὶ
632 4946 802 5000 ταῦτα
830 4947 939 5018 γάρ
976 4961 1135 5019 φησι·
1173 4944 1376 4999 Πάντα
1400 4944 1765 5014 ποιήσουσιν
1792 4946 1870 5012 είς

313 5039 499 5109 ὑμᾶς·
545 5039 637 5094 ὅτι
676 5041 788 5094 οὐκ
826 5039 1099 5109 ἔγνωσαν
1129 5038 1237 5093 τὸν
1268 5037 1587 5109 πέμψαντά
1609 5056 1704 5106 με.
1733 5038 1797 5091 Et
1824 5037 1880 5092 δὲ

315 5132 406 5187 τὸν
456 5130 765 5203 πέμψαντα,
804 5132 897 5186 καὶ
945 5131 1035 5185 τὸν
1083 5131 1400 5202 πεμφθέντα
1442 5129 1733 5201 ὴγνόησαν,
1782 5129 1881 5183 οὐκ

313 5224 459 5280 εστιν
481 5223 858 5297 άμφιϐάλλειν,
885 5224 967 5278 ὅτι
994 5223 1204 5295 καὶτῆς
1229 5221 1547 5295 νομοθεσίας
1566 5220 1659 5275 τοῦ
1688 5220 1880 5292 Πάσχα

314 5313 410 5386 τὴν
447 5302 733 5385 ἀγνωσίαν
763 5313 989 5385 ἔσχοσαν
1008 5330 1021 5343 ·
1050 5312 1126 5378 ὡς
1162 5312 1236 5384 μὴ
1276 5313 1435 5384 μόνον
1465 5312 1564 5384 τῆς
1590 5312 1705 5365 κατ’
1729 5311 1881 5365 ἐκλο-

314 5406 417 5477 γὴν
456 5405 773 5471 τοποθεσίας
814 5406 1084 5467 ἐκπεσεῖν,
1127 5404 1262 5458 ἀλλὰ
1310 5407 1404 5458 καὶ
1430 5403 1530 5475 τῆς
1560 5403 1733 5475 ἀρχῆς
1773 5402 1880 5457 τῶν

313 5494 501 5566 μηνῶν
531 5494 625 5549 τοῦ
654 5493 867 5566 πρώτου
896 5496 954 5548 ὲν
978 5496 1088 5557 τοῖς
1123 5493 1253 5564 μησὶ
1281 5492 1373 5546 τοῦ
1401 5491 1667 5557 ἐνιαυτοῦ,
1689 5486 1750 5547 οὗ
1780 5493 1879 5564 τὴν

317 5585 957 5659 τεσσαρεσκαιδεκαταιαν
975 5586 1024 5639 οἱ
1048 5584 1211 5640 πάλαι
1232 5583 1534 5657 εἰλικρινῶς
1556 5587 1713 5657 ἑπιτη
1723 5582 1813 5656 ροῦ
1826 5603 1877 5638 ι-

298 5806 321 5867 ὶ

1994 1901 2194 1972 quit’,
2244 1901 2328 1956 hic
2383 1904 2579 1958 mensis
2634 1902 2778 1958 vobis
2827 1905 3141 1974 principium
3198 1906 3456 1963 mensium
3500 1908 3555 1963 in

1994 1990 2257 2047 mensibus
2287 1994 2413 2046 anni
2438 1993 2664 2061 scriptus
2701 2000 2823 2048 est:
2859 2009 2983 2048 cum
3013 1994 3094 2049 sol
3118 1995 3327 2052 scilicet
3366 1998 3556 2053 ωδιίνο

1993 2091 2238 2154 tempore
2284 2084 2441 2154 plura
2483 2084 2641 2155 longe
2671 2086 2876 2140 lumina
2922 2094 2976 2141 et
3022 2087 3253 2142 clariora
3304 2088 3551 2145 emittit:

1992 2176 2109 2231 dies
2139 2191 2268 2230 vero
2296 2176 2638 2247 producitur,
2674 2176 2843 2247 ﬁtque
2872 2178 3069 2248 major,
3121 2179 3249 2234 dum
3282 2196 3389 2234 nox
3422 2195 3557 2236 con-

1992 2268 2229 2323 trahitur
2249 2283 2314 2323 ac
2342 2269 2610 2323 minuitur
2640 2287 2655 2324 :
2689 2284 2831 2324 nova
2862 2284 3027 2340 porro
3057 2271 3265 2326 semina
3300 2286 3423 2326 cum
3458 2270 3556 2327 tio-

1990 2361 2230 2425 rueriut,
2297 2368 2732 2432 perpurgantur,
2785 2368 2841 2416 et
2893 2361 2960 2415 all
2999 2376 3157 2417 areas
3211 2360 3549 2419 deferuntur.

1985 2449 2170 2522 Neque
2198 2459 2379 2506 tamen
2413 2450 2516 2505 ista
2562 2449 2847 2515 duntaxat,
2874 2448 2966 2504 sed
2997 2458 3051 2505 et
3089 2453 3341 2506 universa
3374 2453 3554 2522 pullu-

1982 2543 2099 2599 lant
2116 2543 2359 2608 arbusta,
2375 2550 2431 2598 et
2451 2540 2504 2596 in
2522 2538 2682 2597 ﬂores
2696 2541 2947 2596 evadunt.
2970 2539 3164 2596 Statim
3189 2541 3353 2611 igitur
3372 2543 3552 2598 varios

1988 2632 2340 2702 diversosque
2372 2631 2585 2687 fructus
2621 2630 2929 2686 alternatim
2976 2631 3223 2689 emittere
3254 2630 3555 2703 deprehen-

1986 2724 2222 2791 duntur;
2253 2724 2328 2778 ita
2363 2729 2422 2777 ut
2449 2722 2719 2778 interdum
2763 2722 2955 2778 botrus
2978 2763 2996 2788 ,
3040 2722 3312 2780 interdum
3341 2723 3556 2780 fructus

1988 2816 2128 2871 alius
2171 2830 2279 2869 uno
2306 2808 2606 2885 eodemque
2645 2822 2887 2885 tempore
2922 2815 3245 2885 reperiatur,
3292 2816 3555 2886 quemad-

1987 2907 2206 2963 modum
2243 2907 2317 2962 ait
2358 2907 2635 2977 legislator
2660 2906 2681 2937 ³
2710 2924 2725 2962 :
2759 2904 2829 2960 Et
2872 2906 2985 2961 dies
3021 2910 3156 2962 veris
3203 2923 3557 2977 prwcursores

1987 3000 2157 3064 botri,
2216 2997 2436 3071 quando
2489 2998 2639 3055 misit
2694 2999 2786 3070 qui
2838 2999 3253 3070 specularentur
3311 3009 3551 3066 terram,

1987 3089 2289 3146 attulerunt
2318 3089 2591 3161 ingentem
2630 3089 2849 3145 botrum
2897 3091 2952 3144 in
2983 3091 3263 3157 vectibus,
3297 3090 3366 3147 de
3395 3091 3557 3149 malis

1987 3183 2459 3254 quoquegranatis
2478 3190 2532 3237 et
2575 3181 2643 3236 de
2668 3179 3053 3237 licubus.Tum
3084 3182 3226 3237 enim
3269 3183 3346 3237 ait
3367 3182 3557 3240 condi-

1986 3283 2074 3329 tor
2106 3274 2598 3343 universorumque
2646 3271 2827 3342 opifex
2871 3270 3015 3328 Deus
3059 3281 3242 3328 noster
3277 3281 3550 3338 aeternus,

1986 3365 2169 3420 omnia
2212 3364 2422 3419 confert
2465 3363 2532 3417 ad
2580 3379 2642 3418 ea
2689 3378 2810 3433 quae
2848 3363 3011 3434 elegit
3042 3379 3054 3414 :
3089 3361 3358 3418 Germinet
3409 3374 3555 3419 terra

1986 3453 2199 3509 herbam
2220 3456 2467 3508 virentem
2498 3462 2548 3507 et
2578 3452 2778 3522 faciens
2812 3469 2984 3508 semen
3013 3452 3176 3523 juxta
3200 3470 3362 3523 genus
3397 3471 3553 3509 suum

1984 3555 2033 3600 et
2060 3544 2459 3601 similitudinem
2483 3561 2656 3608 suam,
2681 3554 2729 3598 et
2760 3544 2956 3615 lignum
2988 3544 3323 3615 fructiferum
3353 3545 3552 3615 faciens

1987 3636 2218 3706 fructum
2237 3679 2253 3704 ,
2289 3637 2438 3705 cujus
2484 3653 2657 3691 semen
2698 3638 2752 3691 in
2783 3652 2837 3690 se
2868 3637 2981 3706 ipso
3012 3636 3081 3690 sit
3106 3653 3259 3705 super
3280 3646 3474 3692 terram
3506 3637 3549 3695 ⁸.

1985 3727 2125 3784 Tum
2167 3729 2352 3785 subdit
2388 3729 2450 3784 ':
2513 3726 2582 3782 Et
2636 3728 2839 3799 factum
2886 3736 2964 3783 est
3006 3728 3083 3782 ita
3109 3737 3201 3783 :et
3241 3728 3369 3783 vidit
3409 3728 3555 3785 Deus

1984 3821 2123 3893 quod
2144 3832 2282 3877 esset
2315 3820 2528 3878 bonum.
2553 3818 2698 3887 Quin
2727 3820 2889 3875 etiam
2918 3820 3158 3875 ostendit
3197 3820 3432 3892 primum
3457 3820 3551 3892 qui

1985 3914 2127 3985 apud
2176 3912 2431 3969 Hebraeos
2483 3914 2603 3984 lege
2639 3912 2896 3968 inductus
2938 3919 3023 3967 est
3066 3927 3338 3979 mensem,
3390 3928 3550 3985 quem

1985 4006 2331 4061 observatum
2394 4003 2565 4061 fuisse
2620 4019 2651 4059 a
2699 4003 2903 4059 Judaeis
2944 4004 3197 4061 novimus
3255 4020 3431 4076 usque
3481 4005 3552 4061 ad

1983 4099 2484 4173 Hierosolymorum
2539 4099 2849 4162 excidium',
2903 4098 3030 4169 quia
3083 4097 3137 4152 id
3186 4100 3418 4155 maxime
3470 4100 3552 4156 sic

1983 4191 2221 4249 Hebraeis
2259 4192 2515 4248 traditum
2565 4198 2669 4246 est.
2714 4191 2849 4246 Post
2904 4189 3174 4245 excidium
3221 4206 3353 4246 vero
3405 4189 3550 4246 idem

1983 4283 2218 4339 ludibrio
2248 4289 2332 4339 est
2352 4283 2571 4339 habitus
2597 4297 2664 4338 ex
2690 4281 2924 4353 quadam
2956 4280 3138 4337 cordis
3167 4280 3547 4349 obduratione,

1982 4391 2143 4447 quem
2169 4391 2272 4432 nos
2302 4376 2541 4448 legitime
2588 4390 2653 4431 ac
2706 4375 2922 4431 sincere
2957 4374 3313 4433 observantes
3345 4375 3549 4447 recepi-

1982 4483 2127 4533 mus,
2162 4474 2217 4524 et
2249 4469 2302 4522 in
2334 4468 2438 4523 hoc
2465 4466 2761 4538 juxta......
2782 4462 3382 4529 verbum,cumait......
3405 4463 3551 4520 diem

1986 4568 2187 4616 sanctze
2208 4560 2524 4616 festivitatis
2557 4568 2789 4623 nostrae,
2834 4573 2995 4629 quem
3023 4557 3220 4614 electio
3255 4556 3547 4613 consecuta

1984 4658 2070 4708 est
2090 4652 2144 4706 ἐ
2167 4650 2349 4707 caeteri
2380 4667 2511 4707 vero
2528 4651 2885 4707 occaluerunt
2901 4692 2917 4718 ,
2939 4647 3396 4722 quemadmodum
3409 4647 3549 4705 dixit

1985 4742 2291 4815 Scriptura.
2324 4741 2393 4797 Et
2419 4751 2536 4813 post
2569 4743 2678 4796 alia
2711 4757 2730 4796 :

2051 4942 2117 4998 Ῐῐ.
2150 4940 2276 4997 Haec
2309 4942 2509 5013 quippe
2537 4940 2613 4994 ait
2647 4959 2659 4996 :
2696 4937 2888 4996 Omnia
2917 4937 3109 5008 facient
3134 4937 3280 4993 vobis
3307 4937 3552 5011 (propter

1982 5052 2167 5092 nomen
2202 5033 2411 5106 meum)
2455 5035 2703 5104 quoniam
2744 5046 2846 5086 non
2889 5039 3234 5100 cognoverunt
3272 5032 3363 5100 qui
3408 5031 3552 5086 misit

1982 5145 2063 5185 me
2083 5129 2127 5183 ⁷.
2159 5127 2218 5183 Si
2248 5134 2428 5183 autem
2460 5136 2515 5181 et
2546 5140 2670 5180 eum
2693 5123 2785 5195 qui
2817 5121 3003 5191 misit,
3031 5130 3085 5178 et
3109 5123 3205 5194 qui
3238 5122 3443 5179 missus
3467 5130 3552 5177 est

1982 5219 2330 5283 nescierunt,
2392 5214 2645 5271 dubitare
2690 5216 2838 5271 haud
2870 5216 3033 5285 licet;
3091 5215 3223 5285 quin
3275 5211 3486 5269 Pascha
3516 5225 3549 5266 ε

1980 5310 2100 5382 lege
2138 5318 2469 5381 praeceptum
2499 5308 2902 5380 ignoraverint,
2948 5317 3010 5363 ut
3052 5323 3164 5363 non
3204 5308 3260 5362 in
3301 5306 3408 5361 loci
3437 5304 3548 5360 ele-

1979 5401 2162 5455 ctione
2193 5398 2497 5463 duntaxat,
2548 5399 2644 5454 sed
2676 5399 2840 5454 etiam
2878 5400 2934 5455 in
2968 5400 3172 5455 mensis
3213 5396 3306 5469 qui
3336 5396 3547 5468 primus

1977 5501 2062 5549 est
2095 5492 2239 5548 inter
2271 5492 2401 5546 anni
2459 5509 2677 5551 menses
2699 5536 2715 5562 ,
2748 5492 2977 5551 exordio
3007 5487 3341 5555 erraverint,
3387 5488 3546 5547 cuius

1974 5584 2192 5639 decima
2215 5592 2408 5656 quarta
2430 5585 2643 5643 sincere
2669 5587 2976 5653 observata,
3006 5591 3129 5656 post
3156 5581 3471 5655 aquinoct't
3547 5590 3553 5596 '

376 5761 595 5850 .‘Ezod.
630 5780 706 5835 ix,
730 5765 822 5823 52.
893 5768 916 5802 ²
939 5763 1113 5822 Exod.
1139 5780 1236 5835 xu,
1254 5764 1311 5822 2.
1380 5762 1589 5840 "Num.
1615 5779 1713 5835 xu,
1745 5763 1833 5820 24.
1866 5834 1871 5839 μ
1915 5764 1935 5797 ⁸
1971 5762 2153 5820 Cenes.
2188 5779 2226 5836 ι,
2255 5765 2674 5824 li.'ibid.12.°
2702 5766 2854 5821 liam.
2883 5780 2960 5833 xi,
2990 5763 3041 5815 7.
3116 5761 3315 5821 ’Joan.
3350 5757 3540 5825 “.21.
