4088 6284
505 309 609 364 515

1567 303 1623 357 S.
1666 301 1867 357 PETRI
1897 297 2364 356 ALEXANDRINI
2403 293 2709 352 EPISCOPI

3626 293 3730 350 5l6

503 423 715 482 Pascha
765 433 974 482 veteres
1023 426 1368 481 celebrarunt
1415 423 1572 496 juxta
1623 424 1866 479 divinum
1921 438 2060 495 prae—

2165 439 2253 485 τες
2306 419 2440 492 μετὰ
2482 419 2579 491 τὴν
2627 417 2914 491 ἰσημερίαν
2933 417 3085 471 ἔθυον
3123 417 3182 470 τὸ
3213 416 3423 487 Πάσχα,
3454 415 3594 468 κατὰ
3633 414 3732 484 τὴν

505 526 722 588 ceptum
745 557 760 582 ,
812 532 935 571 cum
959 515 1094 570 illud
1132 515 1293 572 hodie
1323 523 1450 571 ante
1502 514 1887 585 aequinoctium
1917 528 2062 568 nunc

507 617 800 681 peragant,
847 624 910 662 ac
948 609 1284 680 negligenter
1311 607 1529 678 quidem
1582 616 1637 662 et
1667 621 1896 662 erronee
1950 621 2068 661 om-

508 703 674 768 nino;
725 699 1037 770 ignorantes
1097 700 1552 771 quemadmodum
1605 713 1704 754 sua
1763 699 1802 753 ii
1857 707 2068 770 tempe-

507 800 648 847 state
699 790 985 858 fecerunt,
1041 800 1102 846 ut
1156 793 1384 863 ipsemet
1440 789 1640 846 fatetur
1691 791 1786 862 qui
1835 793 1892 847 in
1946 793 2066 849 istis

506 883 816 953 descriptus
844 891 949 939 est.

575 997 663 1052 Ill.
700 997 826 1054 Sive
880 999 1044 1070 igitur
1091 1008 1336 1054 errantes
1386 997 1557 1053 Judaei
1609 999 1764 1068 juxta
1818 1001 2065 1056 lunarem

506 1107 726 1146 cursqu
771 1106 957 1148 mense
1006 1090 1347 1145 Phamenoth
1394 1107 1552 1146 suum
1586 1091 1863 1147 interdum
1904 1102 2064 1164 agant

504 1181 735 1246 Pascha,
770 1183 882 1237 sive
906 1183 1062 1251 juxta
1093 1197 1338 1238 mensem
1385 1183 1766 1240 intercalarem
1813 1200 2067 1255 unoquo-

504 1289 611 1344 que
640 1275 873 1329 triennio
899 1290 1086 1330 mense
1113 1273 1454 1341 Pharmuthi,
1472 1283 1660 1331 nostra
1684 1291 1793 1330 non
1815 1276 2064 1332 interest.

505 1361 651 1417 Nihil
683 1363 884 1434 quippe
922 1362 1068 1418 aliud
1106 1363 1265 1418 nobis
1295 1365 1632 1434 propositum
1662 1373 1776 1431 est,
1811 1382 1974 1437 quam
2008 1375 2069 1422 ut

505 1455 625 1526 ejus
655 1456 926 1526 passionis
956 1454 1276 1510 memoriam
1297 1471 1519 1526 agamus
1538 1496 1552 1520 ,
1598 1465 1760 1527 atque
1800 1458 1934 1513 adeo
1966 1457 2070 1512 hoc

507 1548 628 1618 ipso
658 1554 932 1618 tempore;
962 1547 1236 1617 quomodo
1265 1548 1356 1618 qui
1385 1549 1500 1603 suis
1524 1549 1626 1618 ipsi
1655 1550 1832 1604 oculis
1848 1561 2067 1620 specta-

505 1651 636 1692 vere
696 1637 1072 1704 tradiderunt,
1119 1639 1436 1708 priusquam
1479 1637 1715 1709 IEgyptii
1763 1640 2066 1696 crederent.

505 1726 692 1799 Neque
712 1728 855 1784 enim
891 1729 1179 1784 observato
1208 1729 1386 1782 lunari
1423 1743 1588 1783 cursu
1608 1769 1623 1796 ,
1656 1730 1789 1786 illud
1815 1747 2067 1787 necessa-

506 1820 588 1874 rio
638 1827 904 1890 peragunt
962 1836 1050 1875 ενι
1120 1820 1208 1876 die
1263 1818 1600 1875 Phamenoth
1633 1861 1649 1886 ,
1704 1823 1870 1877 semel
1939 1838 2065 1878 vero

507 1914 753 1983 quolibet
819 1914 1056 1970 triennio
1103 1931 1291 1972 mense
1343 1915 1665 1970 Pharmuthi
1725 1935 1738 1972 :
1797 1917 1864 1971 ab
1910 1917 2068 1972 initio

506 2006 706 2076 quippe
740 2012 794 2060 et
833 2014 960 2064 ante
989 2005 1194 2062 Christi
1232 2008 1662 2063 incarnationem
1694 2008 1768 2062 ita
1815 2008 2069 2063 videntur

504 2098 700 2165 egisse.
735 2095 885 2152 Unde
932 2112 1056 2151 cum
1093 2097 1216 2153 illos
1266 2099 1442 2169 arguit
1493 2098 1750 2154 Dominus
1796 2113 1893 2168 per
1933 2098 2068 2155 Pro-

505 2187 756 2256 phetam,
815 2189 938 2244 ait:
979 2187 1047 2241 Et
1093 2189 1205 2243 dixi
1245 2205 1263 2243 :
1303 2206 1503 2258 semper
1547 2189 1601 2242 lii
1645 2199 1826 2244 errant
1877 2190 2065 2256 corde,

503 2288 552 2332 et
610 2279 790 2348 juravi
849 2281 902 2334 in
961 2281 1044 2334 ira
1103 2298 1218 2334 utea
1267 2281 1314 2334 si
1368 2280 1663 2336 introibant
1725 2283 1781 2335 in
1839 2283 2065 2352 requiem

503 2386 670 2424 meam
716 2371 758 2424 ¹.

575 2481 663 2539 1V.
699 2483 854 2550 Quod
905 2485 1158 2554 quidem,
1215 2493 1275 2538 ut
1319 2485 1506 2551 vides,
1544 2486 1630 2540 vel
1682 2486 1737 2540 in
1783 2502 1850 2542 eo
1901 2487 2063 2542 etiam

505 2574 738 2632 maxime
772 2577 990 2631 mentiri
1038 2584 1292 2646 apparet,
1337 2593 1445 2631 non
1491 2577 1548 2633 in
1581 2578 1830 2634 homines
1866 2581 2062 2646 modo,

503 2658 601 2722 sed
623 2666 783 2720 etiam
829 2665 884 2718 in
913 2663 1102 2719 Deum.
1160 2666 1235 2719 Ac
1275 2666 1480 2736 primo,
1513 2683 1636 2722 cum
1681 2669 1736 2723 in
1781 2669 1883 2725 hoc
1925 2688 2068 2726 nun-

505 2771 668 2828 quam
699 2756 1001 2811 erraverint
1049 2755 1256 2823 Judaei,
1312 2765 1370 2811 ut
1403 2759 1496 2828 qui
1538 2774 1662 2814 cum
1707 2760 1775 2816 iis
1805 2763 1898 2832 qui
1951 2764 2066 2822 suis

504 2848 609 2919 ipsi
639 2847 813 2902 oculis
844 2845 1094 2903 viderunt
1119 2859 1171 2903 et
1206 2849 1443 2905 ministri
1487 2848 1742 2918 fuerunt,
1775 2869 2067 2910 conversa-

503 2942 724 3008 hantur,
778 2942 949 2996 multo
995 2944 1169 3014 magis
1218 2959 1396 3014 neque
1449 2945 1519 3000 ab
1569 2946 1724 3001 initio
1775 2954 2065 3018 antequam

502 3035 755 3091 Christus
787 3044 1126 3092 nasceretur.
1168 3036 1354 3109 Neque
1395 3038 1538 3094 enim
1575 3047 1797 3110 propter
1823 3041 1959 3112 legis
1998 3041 2067 3098 de

2170 513 2317 567 Θείαν
2349 511 2720 583 παραγγελίαν
2741 527 2754 541 ο
2807 510 2855 562 οἱ
2890 508 2998 579 γὰρ
3023 507 3117 561 νῦν
3151 508 3254 579 πρὸ
3289 507 3576 577 ἰσημερίας
3601 507 3736 560 αὐτὸ

2169 604 2399 668 ποιοῦσι,
2433 605 2574 658 πάνυ
2605 601 2818 674 ἀμελῶς
2850 601 2944 655 καὶ
2973 598 3447 669 κατεσφαλμένως,
3479 595 3730 666 ἀγνοοῦν-

2168 715 2276 760 τες·
2313 694 2595 768 ὼσπεροῦν
2645 695 2737 748 καὶ
2767 691 2957 757 ὲπέτος
2999 693 3279 762 ἐποίησαν,
3309 690 3383 753 ὡς
3433 689 3532 743 καὶ
3573 687 3735 752 αὐτὸς

2174 785 2544 857 συνομολογῶν
2568 787 2597 840 ὁ
2629 786 2686 838 ἐν
2716 784 2926 846 τούτοις
2954 782 3203 852 γραφείς.

2237 997 2326 1047 lll.
2352 993 2460 1064 (29)
2478 992 2601 1046 Εἴτε
2618 986 2709 1046 οὖν
2745 988 3095 1059 σφαλλόμενοι
3109 984 3349 1038 Ἰουδαῖοι
3376 982 3514 1037 κατὰ
3535 976 3629 1035 τὸν
3650 999 3735 1036 σο-

2165 1085 2417 1158 ληνιακὸν
2431 1085 2646 1157 δρόμον,
2673 1083 2801 1136 ποτὲ
2825 1081 2922 1152 μὲν
2941 1077 3200 1150 Φαμενὼθ
3222 1077 3412 1145 ἄγουσι
3439 1075 3498 1127 τὸ
3525 1072 3731 1127 ἑαυτῶν

2167 1179 2375 1248 Πάσχαο
2395 1176 2504 1230 εἴτε
2522 1176 2661 1230 κατὰ
2677 1175 2766 1228 τὸν
2781 1169 3106 1244 ὲμὸολισμὸν
3122 1168 3255 1239 (εον)
3279 1167 3422 1238 μῆνα
3433 1165 3570 1219 κατὰ
3584 1182 3731 1238 τριε-

2165 1271 2284 1323 τίαν
2328 1268 2407 1339 τῷ
2455 1267 2752 1340 Φαρμουθὶ,
2798 1265 2947 1318 οὐδὲν
2975 1265 3106 1333 ἡμῖν
3149 1258 3412 1331 διαφέρει.
3440 1257 3732 1329 Πρόκειται

2166 1361 2272 1432 γὰρ
2304 1363 2430 1432 ἡμῖν
2456 1359 2640 1429 ἓτερον
2687 1357 2720 1428 ἢ
2758 1356 2856 1427 τὴν
2885 1355 3185 1424 ἀνάμνησιν
3210 1350 3302 1404 τοῦ
3329 1350 3534 1413 πάθους
3565 1347 3729 1402 αὐτοῦ

2169 1452 2454 1515 ποιεῖσθαι,
2486 1451 2578 1504 καὶ
2607 1447 2744 1501 κατὰ
2762 1447 2946 1499 τοῦτον
2970 1445 3061 1497 τὸν
3098 1441 3286 1513 καιρόν
3301 1445 3322 1471 ·’
3345 1439 3420 1503 ὡς
3439 1440 3488 1493 οἱ
3513 1441 3607 1493 ἀπ’
3633 1439 3733 1510 ἀρε

2167 1547 2267 1617 χῆς
2299 1544 2559 1596 αὐτόπται
2588 1539 3017 1612 παραδεδώκασι,
3043 1535 3171 1608 πρὶν
3205 1532 3488 1602 Αἰγύπτιοι
3512 1529 3733 1584 πιστεῦ-

2171 1655 2276 1692 σαι.
2310 1636 2383 1689 Οὐ
2411 1635 2516 1706 γὰρ
2536 1633 2629 1686 νῦν
2660 1631 2874 1702 πρῶτον
2898 1625 3278 1698 ἐπιτηροῦντες
3300 1625 3391 1678 τὸν
3416 1621 3733 1688 σεληνιακὸν
3845 1667 3847 1670 .

2167 1728 2363 1800 δρόμον
2397 1726 2616 1793 ἄγουσιν
2658 1719 2789 1775 αὐτὸ
2835 1718 2893 1784 ἐξ
2931 1717 3172 1785 ἀνάγκης
3203 1719 3274 1777 ις’
3307 1711 3405 1783 μὲν
3443 1710 3522 1780 τῷ
3553 1710 3734 1778 Φαμε-

2167 1819 2296 1882 νὼθ,
2329 1815 2474 1880 ἅπαξ
2497 1816 2553 1869 δὲ
2579 1812 2717 1868 κατὰ
2745 1808 2983 1882 τριετίαν
3003 1807 3080 1878 τῷ
3100 1802 3373 1877 Φαρμουθί
3394 1819 3408 1832 ·
3436 1803 3531 1855 ἀπ’
3556 1801 3734 1872 ἀρχῆς

2167 1913 2275 1983 γὰρ
2321 1910 2414 1964 καὶ
2458 1906 2566 1980 πρὸ
2605 1905 2703 1976 τῆς
2727 1899 2960 1975 Χριστοῦ
3002 1897 3297 1971 παρουσίας
3328 1895 3558 1950 πάντοτε
3589 1891 3734 1946 οὕτω

2168 2003 2490 2072 ποιήσαντες
2523 1993 2988 2068 φαίνονται.Ὂθεν
3035 1992 3128 2047 καὶ
3170 1987 3486 2059 αἰτιώμενος
3533 1984 3734 2048 αὐτοὺς

2166 2100 2194 2150 ό
2246 2097 2376 2159 Θεὸς
2413 2094 2499 2147 διὰ
2535 2091 2626 2145 τοῦ
2661 2089 2938 2162 Προφήτου
2987 2086 3165 2154 ἔλεγε·
3217 2083 3326 2139 Καὶ
3365 2078 3566 2135 εἷπον·
3624 2077 3732 2132 Ἀεὶ

2167 2188 2506 2243 πλανῶνται
2531 2182 2605 2254 τῇ
2628 2174 2838 2252 καρδία
2854 2189 2874 2213 ·”
2903 2181 2982 2246 ὠς
3001 2177 3205 2249 ὤμοσα
3235 2177 3303 2229 ἐν
3333 2173 3407 2243 τῇ
3429 2171 3574 2244 ὀργῆ
3588 2187 3730 2241 μου,

2166 2285 2215 2337 εί
2241 2281 2686 2336 εἰσελεύσονται
2714 2279 2800 2343 είς
2827 2273 2940 2343 τὴν
2963 2269 3345 2326 κατάπαυσίν
3363 2284 3502 2338 μου.

2237 2477 2327 2533 1V.
2372 2478 2565 2547 Ὅπερ,
2589 2471 2663 2538 ὡς
2682 2474 2830 2544 ὁρᾷς,
2860 2471 2953 2524 καὶ
2975 2471 3031 2522 ὲν
3060 2467 3233 2538 τούτῳ
3255 2465 3417 2537 φαίνῃ
3434 2462 3502 2516 τὰ
3524 2461 3732 2533 μεγάλα

2166 2568 2536 2643 ψευδηγορῶν,
2559 2559 2618 2619 οὐ
2658 2566 2815 2636 μόνον
2845 2563 2986 2616 κατὰ
3017 2559 3336 2630 ἀνθρώπων,
3367 2555 3498 2608 ἀλλὰ
3524 2550 3615 2606 καὶ
3636 2570 3735 2605 καί

2165 2665 2233 2718 τὰ
2266 2662 2358 2716 τοῦ
2401 2661 2556 2716 Θεοῦ.
2605 2657 2824 2731 Πρῶτον
2862 2655 2981 2726 μὲν,
3033 2652 3153 2705 ἐπεὶ
3201 2649 3411 2702 οὐδέπω
3455 2647 3534 2709 εἰς
3579 2643 3736 2696 τοῦτο

2166 2755 2476 2810 ἐπλανῶντο
2515 2751 2774 2812 Ἰουδαῖοι,
2793 2747 2954 2818 ἡνίκα
2976 2743 3208 2813 συνῆσαν
3247 2741 3429 2803 αὐτοῖς
3449 2738 3504 2791 οἳ
3516 2736 3608 2790 ἀπ’
3631 2736 3731 2818 dp-

2165 2849 2265 2920 χῆς
2312 2844 2569 2899 αὐτόπται
2617 2841 2710 2894 καὶ
2761 2817 3052 2909 ὑπηρέται,
3087 2831 3261 2902 πολλῷ
3287 2831 3343 2884 δὲ
3374 2825 3568 2920 μᾶλλον
3610 2817 3735 2879 οὐδῖ

2283 2936 2456 3010 ἀρχῆς
2479 2934 2585 3005 πρὸ
2611 2933 2708 3001 τῆς
2733 2927 2967 3002 Χριστοῦ
2995 2923 3310 2997 παρουσίας.
3343 2919 3477 2973 Οὐδὲ
3504 2915 3612 2989 γὰρ
3632 2917 3732 3010 τὴν

2166 3007 2481 3102 νομοθεσίαν
2524 3024 2617 3078 τοῦ
2661 3022 2850 3092 Πάσχα
2871 3020 3021 3085 λέγει
3052 3015 3248 3077 αὐτοὺς
3274 3015 3302 3065 ὁ
3332 3011 3462 3073 Θεὸς
3486 3010 3580 3102 dial.
3602 3007 3734 3102 πλαδ

502 3127 768 3209 Paschate
797 3138 1127 3200 praeceptum
1163 3100 1284 3186 illos
1337 3131 1412 3184 ait
1460 3100 1602 3188 Deus
1644 3100 1861 3203 semper
1877 3100 2066 3190 “corde

2165 3100 2437 3195 νώμένους
2469 3121 2534 3190 τῇ
2558 3116 2773 3188 καρδίᾳ,
2795 3113 2980 3184 ὥσπερ
3012 3110 3165 3177 συνέγ
3180 3105 3376 3209 ραψας,
3406 3102 3539 3156 ἀλλὰ
3562 3100 3649 3209 διά
3669 3117 3728 3209 τε.

502 3236 749 3286 errasse,
815 3218 1270 3292 quemadmodum
1323 3224 1638 3294 scripsisti,
1692 3225 1786 3281 sed
1847 3235 2068 3296 propter

502 3315 665 3369 aliam
710 3310 1134 3371 inobedientiam
1185 3324 1240 3372 et
1291 3325 1512 3388 propter
1561 3318 1704 3373 mala
1759 3333 1824 3373 ac
1888 3319 2068 3389 turpia

501 3421 688 3461 eorum
739 3422 936 3478 opera,
983 3422 1108 3462 cum
1166 3408 1376 3463 scilicet
1423 3407 1490 3464 ad
1538 3409 1810 3464 idolorum
1859 3410 2066 3465 cultum

501 3506 558 3552 et
619 3497 686 3552 ad
733 3492 1121 3553 fornicationes
1164 3513 1287 3555 sese
1325 3499 1447 3554 illos
1487 3499 1822 3555 convertisse
1865 3499 2066 3556 adver-

506 3597 665 3644 teret.

576 3701 639 3758 ν.
683 3701 748 3756 Et
775 3711 890 3771 post
919 3699 1243 3770 pauca:Vel
1282 3700 1336 3756 in
1366 3701 1469 3756 hoc
1500 3703 1728 3759 multum
1750 3743 1766 3768 ,
1800 3704 2062 3758 multum~

501 3809 610 3865 que
665 3794 924 3855 omnino,
977 3793 1024 3848 si
1075 3793 1299 3863 quidem
1357 3794 1728 3863 dormitabas,
1785 3803 1838 3849 te
1886 3795 2065 3866 ipsum

503 3883 844 3941 Ecclesiasue
884 3883 1110 3954 ﬂagellis
1168 3885 1419 3940 excitasti
1449 3925 1464 3949 ,
1521 3900 1727 3940 memor
1764 3886 2065 3956 praesertim

506 3977 609 4032 loci
640 3977 817 4044 illius,
870 3977 961 4031 ubi
1011 3977 1121 4039 ait,
1154 3976 1332 4045 lapsus
1376 3993 1408 4030 a
1441 3985 1582 4031 terra
1619 3977 1697 4032 vel
1743 3994 1775 4030 a
1812 3978 1992 4048 lingua
2019 3979 2062 4034 ⁸.

503 4072 714 4142 Quippe
734 4114 749 4138 ,
784 4079 844 4124 ut
873 4086 1090 4124 rursum
1123 4070 1274 4125 vides
1296 4111 1312 4136 ,
1346 4070 1618 4139 objectum
1640 4078 1747 4126 ate
1775 4071 1982 4126 crimen
2007 4072 2064 4126 in

505 4165 720 4219 illorum
765 4164 932 4219 duces
980 4162 1276 4219 reflectitur
1328 4181 1342 4216 :
1406 4163 1539 4232 quin
1589 4163 1755 4218 etiam
1807 4179 2062 4234 magnum

505 4254 847 4322 subsequens
884 4253 1183 4322 periculum
1219 4251 1344 4306 licet
1377 4253 1680 4323 suspicari,
1714 4261 1900 4323 utpote
1938 4268 2063 4308 cum

504 4344 825 4410 audiamus,
853 4345 1083 4414 lapidem
1122 4356 1280 4413 quem
1321 4343 1444 4413 quis
1491 4343 1547 4397 in
1577 4344 1744 4398 altum
1774 4344 2064 4415 projecerit

507 4440 563 4495 in
585 4440 730 4495 illius
777 4446 940 4509 caput
993 4436 1255 4492 recidere.
1299 4435 1466 4490 Multo
1509 4437 1682 4506 magis
1740 4437 2062 4492 temerarius

505 4540 623 4599 est,
658 4533 751 4604 qui
778 4533 834 4587 in
873 4532 977 4587 hoc
1003 4528 1255 4602 Moysen,
1281 4529 1443 4584 talem
1478 4527 1573 4583 Dei
1608 4543 1855 4592 servum,
1896 4527 2058 4584 audet

504 4625 816 4691 criminari,
850 4625 935 4680 vel
959 4624 1051 4694 qui
1082 4623 1131 4678 ei
1165 4621 1434 4678 successit
1471 4619 1656 4677 Jesum
1689 4620 1857 4676 filium
1881 4618 2058 4687 Nave,

507 4717 589 4772 vel
609 4717 701 4788 qui
725 4717 921 4772 exinde
958 4716 1059 4772 hos
1085 4721 1232 4771 recte
1258 4723 1385 4769 sunt
1411 4713 1636 4777 sectati,
1677 4715 1762 4768 vel
1798 4713 1889 4783 qui
1937 4713 2062 4784 ipsi-

506 4811 614 4860 met
634 4804 912 4876 incepere;
934 4803 1147 4873 judices
1170 4844 1184 4870 ,
1218 4802 1439 4872 inquam
1457 4841 1472 4864 ,
1498 4815 1561 4855 ac
1592 4816 1748 4872 reges
1770 4840 1786 4866 ,
1819 4801 1903 4856 vel
1924 4817 2061 4873 quos

509 4895 742 4968 Spiritus
764 4904 988 4952 sanctus
1017 4894 1300 4967 inspiravit
1329 4893 1625 4964 prophetas
1644 4931 1661 4958 ,
1695 4893 1925 4964 illosque
1967 4895 2061 4964 qui

506 4991 648 5046 inter
671 5004 912 5045 summos
942 4988 1227 5059 pontifices
1249 4985 1510 5057 ineulpati
1542 4986 1828 5052 exsistere,
1862 4987 2062 5058 quique

503 5081 826 5137 traditiones
881 5081 1054 5137 secuti
1119 5079 1254 5135 nihil
1304 5079 1696 5141 immutarunt,
1756 5086 1941 5134 verum
2006 5079 2058 5130 in

503 5180 808 5246 opportuna
846 5173 1125 5228 Paschalis
1163 5173 1574 5237 observatione,
1629 5172 1688 5226 ut
1736 5175 1789 5226 et
1840 5170 1894 5225 in
1936 5160 2062 5224 aliis

505 5264 620 5320 suis
645 5263 1030 5320 festivitatibus
1048 5303 1064 5329 ,
1092 5275 1505 5320 consenserunt.

575 5474 593 5505 ¹
616 5473 770 5529 Ρεαι.
791 5489 937 5541 xulv,
968 5473 1060 5540 10,
1096 5473 1185 5529 Η.
1261 5475 1283 5505 ³
1309 5472 1476 5528 Eccli.
1507 5489 1599 5537 xx,
1625 5473 1716 5529 20.

2311 3213 2474 3284 ἄλλην
2515 3213 2692 3263 πᾶσαν
2719 3203 3019 3278 παρακοὴν,
3053 3199 3146 3254 καὶ
3172 3197 3263 3250 διὰ
3298 3195 3374 3290 τὰ.
3395 3190 3600 3290 πονηρά
3631 3190 3734 3290 καῖ

2169 3279 2322 3376 ἀειδῆ
2354 3279 2530 3360 αὐτῶν
2555 3301 2709 3374 ἔργα,
2735 3299 2829 3352 ὄιτε
2853 3294 2916 3366 δὴ
2943 3291 3095 3365 ὁρῶν
3127 3290 3328 3351 αὐτοὺς
3361 3287 3417 3338 ἐν
3445 3279 3734 3336 εἰδωλολααι

2167 3399 2372 3472 τρείαις
2401 3397 2493 3450 καὶ
2525 3392 2799 3465 πορνείαις
2829 3384 3340 3460 ἀναστρεφομένους.

2168 3786 2306 3840 πάνυ
2347 3793 2410 3854 γε
2453 3756 2607 3846 πολὺ,
2641 3778 2764 3834 ἐπεὶ
2814 3772 3199 3854 καθύπνωσας,
3235 3764 3499 3834 δίέγειρον
3540 3756 3731 3854 ἑαυτὸν

2165 3881 2276 3943 τοῖς
2319 3845 2413 3929 τοῦ
2485 3863 2908 3941 Ἐκκλησιαστοῦ
2963 3847 3334 3932 βουκέντροις,
3385 3845 3733 3943 μεμνημένος,

2171 3935 2400 4043 μάλιστα
2451 3952 2551 4019 τοῦ¹
2589 3935 2863 4043 λέξοντοςο
2909 3954 3210 4043 ὀλίσθημα
3406 3935 3730 4043 ἐδάφουςιῆ

2165 4029 2283 4118 απὸ
2318 4056 2619 4130 γλώσσης.
2662 4029 2772 4106 Kal.
2798 4048 2926 4119 γὰρ,
2959 4046 3034 4108 ὼς
3071 4040 3230 4132 πάλιν
3273 4029 3440 4132 ὁρᾷς,
3474 4029 3733 4132 ἐπὶιτούς

2167 4121 2662 4223 καθηνησαμένους
2686 4132 2862 4198 αὐτῶν
2889 4138 3077 4207 φθάνει
3103 4122 3164 4223 τὸ
3189 4127 3474 4223 ἐπενεχθὲν
3503 4121 3730 4223 dph-605

2166 4213 2412 4317 ἔγκλημα
2431 4260 2444 4272 ·
2463 4213 2574 4296 ’καὶ
2610 4239 2755 4291 ἔστιν
2782 4225 3078 4317 ὑφορᾶσθαι
3109 4214 3200 4279 τὸν
3227 4213 3732 4317 παρακολουθοῦντα

2169 4303 2351 4407 μέγὰξί
2368 4332 2606 4387 κίνδυνον
2628 4370 2640 4386 ,
2671 4326 2764 4380 ἆτε
2809 4312 2877 4393 δή.
2900 4308 3199 4374 ἀκουόντων
3427 4309 3516 4407 δτι
3544 4303 3732 4407 ἰξάλ-

2163 4396 2270 4482 λων
2298 4425 2441 4478 λίθον
2470 4424 2549 4484 είς
2583 4418 2712 4489 ὕψος
2743 4418 2835 4469 ἐπὶ
2871 4409 3104 4481 κεφαλὴν
3133 4403 3294 4491 αὐτοῦ
3329 4399 3528 4491 βάλλει.
3557 4396 3729 4491 Εὐχεῖ

2094 4473 2140 4533 D
2291 4473 2794 4582 -άλλοννῶώᾆαὶ
2821 4507 2925 4569 πᾶς
2949 4473 3103 4586 ’ὅστις
3121 4487 3319 4594 τολμᾷζ
3341 4495 3404 4594 ὲν
3429 4489 3603 4594 τούτιμ
3624 4479 3732 4594 ,καῖ

2167 4577 2396 4679 λίίυῦσῆ,
2429 4606 2518 4659 τὸν
2549 4598 2862 4672 τηλικοῦτον
2885 4583 3190 4667 θεράποντα
3229 4585 3320 4640 τοῦ
3363 4581 3518 4642 Θεοῦ,
3551 4577 3729 4668 αἰτιᾶ-

2170 4702 2312 4768 σθαι,
2342 4669 2492 4772 ⁴ΐξγτὸν
2517 4669 2891 4762 διαδεξάμενον
2913 4677 3074 4740 αὐτὸν
3105 4676 3310 4772 Ἰησοῦν
3330 4676 3421 4772 τὸν
3439 4669 3530 4727 τοῦ
3551 4669 3728 4772 Napi},

2165 4795 2198 4866 ἦ
2244 4763 2375 4854 τοὺς.
2416 4785 2648 4857 καθεξῆς
2689 4783 2813 4845 τοὺς
2851 4775 2910 4833 εὖ
2956 4766 3499 4847 παρηκολουθηκότας
3531 4763 3728 4822 αὐτῶν,

2167 4857 2260 4938 καὶ
2290 4881 2557 4954 ἄρξαντας
2579 4895 2593 4908 ο
2624 4877 2770 4944 λέγω
2798 4873 2876 4926 ἔτι
2905 4871 3027 4932 τούς
3053 4863 3261 4938 κριτὰς,
3286 4857 3524 4919 καὶτοὺς
3547 4866 3732 4954 φαινο-

2171 4947 2360 5051 μένους
2405 4961 2679 5046 βασιλέας,
2805 4964 2906 5038 [δὲ]
2935 4959 3048 5017 ¹καὶ.
3092 4960 3214 5020 τοὺς
3256 4947 3731 5051 πνευματοφόρρυς

2167 5037 2449 5142 ἔτροφῆτσὶς
2467 5085 2480 5096 ·
2508 5065 2602 5119 κα¹ι
2633 5062 2712 5116 ἔτι
2745 5037 2871 5121 τούς
2900 5052 3229 5142 γενομένους.
3252 5049 3308 5142 ὲν
3339 5037 3732 5142 αὐτοῖς-άμὲμο

2164 5130 2641 5232 πίπους-ἀρχιερέας
2663 5154 2796 5208 οἴσει
2812 5167 2824 5182 ο
2847 5149 2942 5204 καὶ
2962 5148 3082 5218 μη“
3101 5159 3182 5196 σιν
3211 5138 3464 5232 ἑπόμενοι
3488 5130 3732 5232 ἀλλοιοῦν

2163 5261 2247 5324 γε,
2300 5220 2357 5306 έν
2517 5220 2615 5303 τοῦ
2667 5246 2857 5314 Πάσχα
2897 5231 3338 5308 εὐκαιριμιιπὰτῃ
3366 5220 3752 5324 παραφυλακῇ-

2168 5320 2523 5418 συνεφώνουν,
2543 5334 2617 5406 ὥς
2643 5339 2700 5394 ὲν
2723 5339 2842 5401 ταῖς
2866 5332 3052 5395 ἄλλαις
3083 5324 3261 5382 αὐτῶν
3289 5320 3519 5392 ἑορταῖς.

631 5623 684 5693 9)
713 5622 912 5677 Eadem
943 5621 1149 5693 profert
1172 5618 1429 5693 Petavius
1454 5619 1529 5693 in“
1546 5615 1885 5693 Uranoiogio,
1918 5629 2038 5686 pag.
2063 5611 2171 5668 215
2193 5626 2311 5682 seq.

631 5623 684 5693 9)
713 5623 912 5677 Eadem
943 5623 1149 5692 profert
1173 5623 1429 5674 Petavius
1454 5623 1508 5672 in
1546 5623 1880 5685 Uranoiogio,

469 5701 476 5728 ι
561 5623 712 5829 ἕξεθ’)
757 5692 1164 5760 Ἐμϐολισμόν.
1197 5688 1358 5744 Forte
1379 5688 1692 5759 ἐμϐόλιμον.
1722 5687 1880 5740 Eun.

600 5759 688 5829 ὅθ)
732 5763 965 5816 Ἀλλον.
999 5760 1344 5829 Legamus;

600 5759 688 5830 ὅθ)
732 5759 965 5816 Ἀλλον.
999 5759 1136 5832 Leg.‘
1153 5760 1344 5823 άλλως.
