4088 6284
335 307 439 363 51³1

1727 299 2167 356 FRAGMENTA.

3465 302 3568 359 518

407 423 498 479 VI.
539 423 647 478 Kal
680 426 806 494 μεθ’
831 426 1032 492 ἕτερα·
1064 427 1221 478 Ὠστε
1263 425 1353 476 ἐπὶ
1400 423 1458 476 τὸ
1505 421 1903 492 ἀκινδυνότερον

2075 415 2165 472 Vl.
2206 417 2271 470 Et
2297 427 2411 486 post
2444 417 2595 470 alia:
2618 415 2723 470 Sed
2756 423 2812 472 et
2840 417 3011 473 tutius
3043 417 3375 488 suaviusque
3409 418 3568 492 longe

300 508 310 516 ’
339 516 557 588 μᾶλλον,
589 516 684 570 καὶ
711 518 1080 589 εὐφημότερον
1112 517 1273 588 ἐχρῆν
1298 515 1680 586 καταδραμεῖν,
1709 514 1800 566 καὶ
1827 513 1900 584 μὴ

337 607 720 680 ῥιψοκινδύνως
755 611 848 662 καὶ
874 609 1164 680 δυσφήμως
1198 607 1448 677 γράφειν,
1491 607 1572 659 ὅτι
1613 605 1706 658 ἀπ’
1729 605 1900 676 ἀρχῆς

335 703 430 755 καὶ
471 702 557 755 ἀεὶ
588 700 863 770 φαίνονται
897 703 1023 774 περὶ
1051 701 1109 754 τὸ
1140 701 1329 770 Πάσχα
1357 698 1724 769 πλανώμενοι·
1763 699 1900 767 ὅπερ

334 791 434 844 οὐκ
463 789 604 859 ἔχεις
649 790 836 856 δεῖξαι,
883 791 1054 843 ὁπόσα
1099 788 1199 843 κᾶν
1233 788 1391 859 θέλῃς
1433 787 1762 860 δημηγορεῖν
1789 790 1900 850 τοῖς

334 881 452 932 νυνὶ
499 881 638 934 κατὰ
681 881 880 951 πολλὴν
931 880 1158 950 πλάνην,
1204 880 1301 950 τῆς
1345 896 1402 931 τε
1453 878 1768 952 νομοθεσίας
1805 877 1898 930 τοῦ

335 972 526 1042 Πάσχα
566 973 659 1026 καὶ
701 972 809 1026 τῶν
853 972 1024 1027 ἄλλων
1063 969 1457 1025 ἐκπεπτωκόσι.
1486 969 1765 1022 Φαίνονται
1792 968 1898 1041 γὰρ

333 1065 382 1116 oi
429 1063 594 1118 πάλαι
649 1063 784 1134 μετὰ
827 1063 1044 1136 ἐαρινὴν
1098 1061 1381 1133 ἰσημερίαν
1413 1061 1543 1114 αὐτὸ
1582 1061 1856 1124 ποιοῦντες
1882 1079 1894 1090 ·

334 1161 470 1231 ὅπερ
522 1158 742 1213 δύνασαι
781 1159 981 1228 γνῶναι
1028 1155 1262 1228 ἐντυχὼν
1323 1157 1740 1228 συγγράμμασιν
1803 1157 1899 1227 ἀρ-

336 1252 529 1323 χαίοις,
577 1244 658 1314 οἷς
706 1249 936 1322 μάλιστα
983 1249 1353 1320 ἀνεγράψαντο
1399 1249 1446 1302 oi
1473 1249 1598 1319 παρ’
1635 1246 1899 1320 Ἑϐραίοις

337 1342 488 1414 σοφοί
522 1341 656 1414 (51).

409 1435 521 1488 VII.
566 1435 687 1487 Ὅτι
715 1433 808 1504 μὲν
831 1427 924 1486 οὖν
953 1434 1111 1506 μέχρι
1142 1433 1234 1487 τοῦ
1263 1432 1538 1504 Κυριακοῦ
1563 1431 1783 1496 πάθους,
1807 1431 1900 1484 άλ-

333 1527 402 1581 λὰ
433 1523 526 1580 καὶ
555 1526 647 1579 ἐπὶ
674 1525 770 1596 τῆς
808 1525 1043 1597 ὑστάτης
1075 1524 1327 1588 ἁλώσεως
1369 1522 1768 1596 Ἱεροσολύμων,
1798 1522 1898 1591 τῆς

334 1616 629 1687 γενομένης
676 1615 766 1669 ὲπὶ
816 1616 1222 1670 Οὐεσπασιανοῦ
1259 1612 1554 1686 ’βασιλέως
1591 1613 1895 1682 Ῥωμαίων,

335 1710 587 1772 ἀπλανῶς
613 1707 818 1761 τάττων
847 1709 944 1778 τὴν
974 1707 1029 1760 ιδ’
1061 1707 1154 1760 τοῦ
1184 1707 1399 1779 πρώτου
1431 1709 1598 1778 μηνὸς
1621 1709 1716 1780 τῆς
1751 1707 1899 1777 σελή-

334 1819 432 1873 νης
471 1803 499 1852 6
538 1799 872 1872 Ἰσραηλίτης
898 1800 1024 1864 λαὸς
1055 1800 1114 1852 τὸ
1157 1800 1376 1870 νομικὸν
1418 1798 1656 1871 ἑώρταζε
1685 1799 1894 1870 Πάσχα,
1927 1814 1969 1866 Β

335 1893 424 1948 διὰ
447 1888 646 1946 τούτων
673 1892 948 1962 συντόμως
976 1891 1370 1945 ἀποδέδεικται.
1391 1891 1510 1945 Τῶν
1540 1891 1699 1960 ἱερῶν
1719 1891 1898 1945 τοίνυν

337 1985 648 2056 προἊτῶν,
681 1985 776 2038 καὶ
798 1984 1031 2048 πάντων,
1054 1985 1127 2046 ὡς
1144 1983 1306 2056 ἔφην,
1337 1985 1469 2055 ὁμοῦ
1494 1983 1600 2037 τῶν
1629 1985 1788 2048 ὁσίως
1808 1984 1900 2037 καὶ

335 2075 556 2139 δικαίως
607 2077 665 2127 ὲν
714 2073 791 2144 τῷ
839 2074 988 2144 νόμῳ
1039 2072 1754 2144 Κυρίου’πολιτευσαμένων
1804 2074 1900 2127 σὺν

338 2164 498 2218 παντὶ
524 2163 600 2235 τῷ
630 2163 740 2233 λαῷ
767 2162 826 2216 τὸ
860 2161 1086 2215 τυπικδν
1115 2163 1209 2214 καὶ
1244 2161 1466 2224 σκιῶδες
1497 2163 1687 2231 Πάσχα
1717 2163 1903 2234 ἑορτα-

341 2257 556 2320 ζόντων,
584 2257 612 2308 6
655 2255 834 2324 πάσης
875 2252 1104 2324 ἀοράτου
1157 2251 1251 2304 καὶ
1293 2251 1493 2323 ὁρατῆς
1540 2250 1766 2316 κτίσεως
1811 2253 1902 2324 δη-

344 2347 596 2421 μιουργὸς
625 2348 718 2401 καὶ
743 2346 1026 2416 δεσπότης,
1061 2345 1088 2396 ὁ
1120 2344 1409 2415 μονογενὴς
1441 2342 1586 2408 Υἱὸς,
1614 2343 1706 2396 καὶ
1733 2343 1902 2411 Λόγος

339 2437 368 2490 6
410 2438 486 2508 τῷ
529 2437 704 2508 Πατρὶ
753 2437 845 2490 καὶ
893 2434 972 2505 τῷ
1010 2434 1150 2503 ἁγίῳ
1183 2431 1458 2501 Πνεύματι
1492 2431 1776 2495 συναῖδιος,
1811 2432 1905 2483 καὶ

339 2525 617 2597 ὁμοούσιος
662 2523 803 2577 κατὰ
851 2523 947 2593 τὴν
987 2523 1233 2592 θεότητα,
1273 2523 1301 2574 ό
1343 2521 1543 2592 Κύριος
1588 2520 1763 2590 ἡμῶν,
1810 2523 1905 2574 καὶ

339 2615 471 2679 Θεὸς
507 2601 709 2685 Ἰησοῦς
735 2615 762 2667 6
806 2613 1054 2684 Χριστὸς,
1108 2613 1198 2665 ἐπὶ
1243 2610 1518 2682 συντελείᾳ
1563 2609 1668 2663 τῶν
1697 2608 1904 2666 αἰώνων

341 2707 479 2762 κατὰ
513 2707 689 2778 σάρκα
716 2706 926 2776 τεχθεὶς
953 2708 1016 2758 ὲκ
1043 2704 1141 2775 τῆς
1175 2703 1335 2771 ἁγίας
1380 2702 1588 2768 ἐνδόξου
1622 2700 1903 2771 δεσποίνης

339 2800 495 2871 ἡμῶν
526 2799 785 2852 Θεοτόκου
817 2798 909 2850 καὶ
945 2793 1341 2865 Ἀειπαρθένου,
1372 2793 1464 2846 καλ⁹
1485 2792 1622 2845 κατὰ
1649 2791 1902 2861 ἀλήθειαν

341 2891 600 2944 Θεοτόκου
632 2888 865 2961 Μαρίας.
899 2888 991 2941 καὶ
1030 2887 1122 2940 ἐπὶ
1163 2885 1261 2954 τῆς
1293 2883 1397 2953 γῆς
1428 2883 1631 2952 ὀφθεὶς,
1665 2883 1759 2936 καὶ
1792 2885 1904 2945 τοῖς

342 2973 642 3052 ὁμοουσίοις
668 2979 807 3034 κατὰ
848 2977 941 3050 τὴν
965 2975 1349 3048 ἁνθρωπότητα
1374 2973 1677 3046 ἀνθρώποις
1710 2974 1784 3037 ὡς
1813 2973 1905 3026 ἄν-

343 3069 557 3142 θρωπος
583 3069 796 3143 άληθῶς
828 3066 1302 3138 συναναστραφεὶς,
1351 3065 1443 3118 καὶ
1492 3064 1651 3127 αὐτὸς
1698 3066 1793 3117 σὺν
1827 3063 1902 3135 τῷ

2007 508 2177 580 magis
2202 507 2530 563 currendum
2562 514 2708 575 erat,
2735 522 2845 562 non
2889 523 3018 562 vero
3048 515 3250 564 temere
3275 525 3340 564 ac
3377 525 3568 581 perpe-

2006 615 2120 653 ram
2153 597 2532 664 scribendum,
2569 599 2637 653 ab
2666 599 2822 653 initio
2853 608 2906 653 et
2943 614 3157 668 semper
3185 599 3330 654 circa
3355 598 3566 655 Pascha

2006 704 2219 746 errasse
2252 690 2455 755 videri,
2489 706 2614 745 cum
2664 690 2719 745 id
2760 690 2982 745 minime
3029 691 3209 760 possis
3243 693 3563 754 ostendere.

2005 781 2270 852 quidquid
2301 782 2545 853 ingerere
2575 783 2709 837 velis
2734 783 2834 848 iis,
2865 783 2956 853 qui
2982 797 3128 837 nunc
3173 797 3298 835 cum
3331 783 3564 853 plurimo

2004 886 2190 926 errore
2221 887 2252 925 a
2279 872 2412 941 legis
2454 881 2724 944 praecepto
2754 873 2821 928 de
2848 871 3114 928 Paschate
3155 879 3212 929 et
3253 874 3374 929 aliis
3414 875 3565 928 aber-

2005 972 2147 1019 rant.
2179 962 2445 1018 Videntur
2473 967 2616 1020 enim
2657 975 2868 1021 veteres
2901 965 3034 1020 illud
3070 966 3248 1036 egisse
3283 975 3408 1035 post
3443 982 3563 1021 ver-

2005 1071 2134 1109 num
2183 1056 2602 1126 aequinoctium,
2651 1057 2795 1126 quod
2848 1071 3009 1111 nosse
3038 1046 3136 1110 tibi
3169 1056 3351 1111 licebit
3393 1056 3563 1112 libros

2006 1155 2214 1201 veteres
2249 1145 2481 1216 legenti,
2507 1145 2737 1214 illosque
2765 1147 2999 1202 maxime
3033 1145 3127 1216 qui
3155 1161 3186 1200 a
3223 1145 3564 1216 sapientibus

2005 1235 2245 1293 Hebraeis
2274 1244 2403 1293 sunt
2421 1236 2738 1305 conscripti.

2076 1406 2185 1464 Vll.
2236 1405 2510 1460 Hactenus
2562 1404 2726 1474 igitur
2773 1419 2945 1475 usque
2975 1403 3040 1457 ad
3070 1403 3405 1458 Dominicam
3435 1419 3563 1477 pas-

2003 1499 2242 1561 sionem,
2279 1503 2442 1565 atque
2475 1495 2609 1548 adeo
2649 1495 2704 1546 in
2746 1499 3020 1561 postremo
3071 1491 3562 1564 Hierosolymitano

2001 1588 2241 1652 excidio,
2270 1586 2416 1656 quod
2439 1586 2541 1640 sub
2569 1582 2901 1654 Vespasiano
2932 1581 3300 1636 Romanorum
3335 1581 3562 1652 impera.

2003 1691 2119 1737 tore
2151 1681 2409 1750 contigit,
2439 1679 2694 1749 populum
2721 1675 3017 1731 lsraelitam
3050 1690 3142 1730 xw
3172 1673 3331 1744 primi
3357 1675 3562 1729 mensis

1999 1774 2142 1828 lunae
2167 1781 2315 1827 recte
2349 1778 2583 1832 statuta,
2632 1769 2801 1837 legale
2854 1767 3160 1822 celebrasse
3191 1765 3400 1820 Pascha
3434 1765 3560 1820 bre-

1998 1866 2138 1920 viter
2204 1864 2633 1924 demonstratum
2681 1869 2781 1917 est.
2863 1858 3046 1913 Sacris
3100 1872 3230 1928 ergo
3281 1855 3560 1927 prophetis

1997 1955 2392 2023 omnibusque,
2425 1960 2482 2006 ut
2512 1951 2655 2013 dixi,
2690 1957 2878 2005 sancte
2908 1949 3070 2004 simul
3104 1947 3324 2016 etjuste
3362 1948 3417 2001 in
3445 1948 3564 2018 lege

1999 2047 2211 2102 Domini
2239 2045 2608 2106 versantibus,
2643 2058 2765 2098 cum
2792 2041 3048 2095 universo
3073 2040 3292 2109 populo,
3317 2039 3562 2110 typicum

1999 2146 2052 2192 et
2082 2138 2367 2192 umbratile
2419 2135 2629 2191 Pascha
2671 2133 3076 2188 celebrantibus
3102 2171 3117 2195 ,
3169 2133 3458 2188 invisibilis
3505 2139 3562 2186 et

1998 2229 2228 2285 visibilis
2249 2229 2426 2283 omnis
2456 2235 2721 2282 creaturae
2741 2223 3007 2278 Conditor
3033 2237 3096 2276 ac
3133 2221 3411 2286 Dominus,
3439 2223 3564 2276 uni-

2000 2318 2216 2388 genitus
2245 2314 2437 2381 Filius,
2485 2325 2539 2370 et
2571 2313 2808 2369 Verbum
2841 2311 2988 2365 Patri
3027 2318 3080 2365 et
3115 2309 3341 2380 Spiritui
3371 2319 3562 2366 sancto

2000 2419 2327 2465 Comternum
2351 2450 2364 2475 ,
2403 2407 2758 2476 ejusdemque
2802 2405 3100 2459 secundum
3137 2402 3394 2455 deitatem
3427 2403 3560 2456 sub-

2001 2504 2213 2557 stantiae
2233 2541 2248 2566 ,
2278 2499 2539 2554 Dominus
2564 2508 2751 2552 noster
2780 2505 2834 2550 et
2865 2494 3009 2549 Deus
3034 2492 3192 2549 Jesus
3218 2493 3468 2547 Christus
3503 2493 3561 2547 in

2002 2597 2325 2652 smculorum
2360 2591 2829 2648 consummatione
2857 2587 3159 2644 secundum
3199 2601 3418 2641 carnem
3463 2600 3562 2638 na—

2000 2697 2110 2753 tus,
2131 2703 2197 2742 ex
2228 2692 2414 2741 sancta
2438 2683 2671 2752 gloriosa
2701 2682 2919 2736 domina
2951 2687 3137 2734 nostra
3163 2677 3255 2731 Dei
3289 2675 3565 2732 Genitricc

2001 2787 2054 2832 et
2085 2791 2297 2846 semper
2331 2774 2540 2842 virgine
2561 2811 2574 2836 ,
2610 2787 2674 2826 ac
2709 2785 2898 2824 revera
2928 2768 3021 2822 Dei
3051 2765 3325 2821 Genitrice
3351 2764 3519 2818 Maria
3541 2802 3558 2827 ,

2001 2876 2054 2923 et
2087 2869 2140 2922 in
2165 2876 2307 2922 terra
2339 2868 2491 2920 visus
2517 2905 2530 2926 .
2563 2870 2617 2918 et
2643 2861 2887 2931 ejusdem
2914 2860 3233 2914 substantiae
3262 2857 3564 2914 secundum

2006 2959 2395 3013 humanitatem
2428 2970 2550 3009 cum
2585 2951 2896 3006 hominibus
2919 2990 2934 3012 ,
2967 2957 3028 3003 ut
3058 2949 3219 3003 homo
3241 2986 3259 3014 ,
3281 2962 3406 3002 vere
3427 2962 3563 3001 con-

2004 3059 2272 3117 versatus,
2303 3049 2527 3118 ipseque
2548 3061 2671 3099 cum
2707 3043 2906 3114 populo
2939 3042 3098 3096 annis
3139 3050 3264 3095 ante
3301 3039 3567 3110 pradica-

341 3160 454 3232 λαῷ
482 3165 538 3215 ὲν
564 3127 685 3226 τοῖς.
697 3161 838 3214 ἔτεσι
862 3163 971 3224 τοῖς
1005 3160 1109 3230 πρὸ
1139 3155 1233 3210 τοῦ
1262 3157 1630 3228 κηρύγματος,
1665 3155 1758 3210 καὶ
1794 3158 1901 3218 τοῖς

2007 3143 2225 3206 tionem,
2255 3149 2308 3194 et
2337 3139 2393 3193 in
2421 3135 2802 3208 prazdicatione
2831 3132 2999 3203 legale
3021 3137 3074 3186 et
3101 3129 3338 3202 typicum
3358 3127 3567 3184 Pascha

341 3255 399 3308 ἐν
428 3254 504 3326 τῷ
540 3255 849 3326 κηρύγματι
875 3252 934 3305 τὺ
957 3245 1177 3323 νομικὸν
1201 3253 1292 3306 καὶ
1319 3251 1544 3314 σκιῶδες
1573 3250 1761 3319 Πάσχα
1809 3249 1906 3300 ὲπ-

344 3345 608 3410 ετέλεσεν,
649 3344 842 3397 ἐσθίων
862 3343 952 3396 τὸν
984 3343 1211 3396 τυπικὸν
1238 3343 1435 3414 ἀμνόν·
1473 3342 1585 3395 Ούκ
1608 3335 1768 3412 ἦλθον
1798 3338 1906 3410 γὰρ

344 3435 642 3490 καταλῦσαι
666 3435 757 3488 τὸν
781 3434 960 3506 Νόμον
986 3433 1019 3505 ἢ
1046 3433 1172 3498 τοὺς
1202 3435 1504 3506 προφήτας,
1529 3431 1663 3484 ἀλλὰ
1691 3430 1906 3501 πληρῶ-

346 3542 453 3588 σαι.
488 3527 644 3590 αὐτὸς
672 3529 729 3580 ὲν
756 3525 1103 3595 Εὗαγγελίοις
1145 3525 1363 3599 εἴρηκεν
1393 3529 1421 3580 6
1448 3527 1656 3597 Σωτήρ.
1676 3525 1825 3578 Ἐπεὶ
1852 3525 1906 3578 δὲ

344 3619 621 3690 ἐκήρυξεν,
646 3619 744 3672 οὐκ
770 3618 938 3687 ἔφαγε
959 3617 1050 3671 τὸν
1070 3618 1235 3688 ἀμνόν
1253 3634 1265 3647 ”
1294 3617 1407 3670 ἀλλ’
1432 3617 1590 3678 αὐτὸς
1610 3615 1807 3668 ἔπαθεν
1833 3615 1908 3678 ώς

344 3709 592 3781 ἀληθινὸς
617 3711 785 3781 ἀμνὸς
815 3711 872 3762 ἐν
903 3712 969 3780 τῇ
998 3709 1090 3762 τοῦ
1125 3709 1313 3779 Πάσχα
1338 3709 1518 3780 ἑορτῇ,
1560 3707 1739 3771 καθὼς
1762 3707 1907 3759 διδά-

346 3818 461 3854 σκει
510 3792 538 3854 6
584 3801 828 3870 Θεολόγος
877 3801 972 3854 καὶ
1020 3801 1409 3870 εὑαγγελιστὴς
1452 3800 1700 3868 Ἰωάννης
1731 3801 1787 3851 ἐν
1832 3799 1908 3869 τῷ

347 3893 465 3946 κατ’
489 3891 646 3944 αὑτὸν
675 3891 1006 3962 Εύαγγελίῳ,
1029 3890 1200 3959 λέγων
1223 3889 1395 3954 οὕτως
1414 3907 1428 3919 ⁸
1478 3892 1754 3959 Ἄγουσιν
1800 3885 1910 3944 οὖν

346 3983 453 4037 τὸν
491 3982 724 4050 Ἰησοῦν
754 3983 872 4037 ἀπὸ
920 3981 1026 4036 τοῦ
1056 3981 1288 4050 Κατάφα
1319 3983 1405 4048 εὶς
1438 3981 1502 4034 τὸ
1526 3979 1904 4049 πραιτώριον·

344 4070 424 4144 ἦν
452 4069 518 4127 δὲ
539 4076 705 4144 πρωῒ,
742 4075 838 4128 καὶ
876 4073 1041 4128 αὐτοὶ
1075 4076 1186 4127 οὐκ
1210 4073 1496 4142 εἰσῆλθον
1525 4076 1613 4139 εὶς
1648 4072 1713 4125 τὸ
1745 4089 1910 4142 πραι-

347 4164 572 4235 τώριον,
611 4167 711 4220 ἵνα
753 4165 839 4234 μὴ
867 4164 1216 4235 μιανθῶσιν,
1263 4163 1529 4218 ἀλλ’ἵνα
1575 4161 1804 4232 φάγωσι
1845 4162 1909 4215 τὸ

346 4260 581 4329 Πάσχα.
621 4259 730 4313 Καὶ
765 4258 879 4329 μετ’
918 4257 1102 4326 ὀλίγα·
1148 4257 1200 4310 '0
1240 4252 1354 4311 οὖν
1404 4254 1677 4320 Πιλάτος,
1729 4255 1904 4309 dicor}-

347 4363 462 4417 σας
489 4349 703 4403 τοῦτον
735 4348 840 4402 τὸν
865 4349 1069 4418 λόγον,
1110 4345 1332 4417 ἤγαγεν
1363 4344 1478 4410 ἔξω
1509 4343 1614 4397 τὸν
1658 4341 1908 4410 Ἰησοῦν,

348 4443 446 4496 καὶ
472 4441 749 4495 ἐκάθισεν
779 4439 875 4492 ἐπὶ
910 4439 1014 4493 τοῦ
1036 4437 1306 4506 βήματος
1335 4439 1421 4503 ἐὶς
1456 4439 1643 4490 τόπον
1672 4435 1910 4503 λεγόμε-

349 4552 460 4588 νον
495 4535 918 4600 Λιθόστρωτον,
947 4504 1234 4598 Ἐϐραῖστὶ
1281 4528 1349 4582 δὲ
1395 4531 1444 4582 Γ
1446 4526 1687 4582 αϐϐαθιῖ.
1705 4523 1814 4580 Ἦν
1847 4523 1913 4578 δὲ
1943 4504 1984 4556 D

343 4625 696 4696 Παρασκευὴ
715 4623 817 4678 τοῦ
837 4622 1070 4690 Πάσχαο
1099 4619 1218 4689 ὥρα
1241 4617 1317 4691 ἦν
1340 4620 1480 4673 ὡσεὶ
1504 4619 1666 4687 τρίτη
1688 4658 1702 4683 ,
1733 4615 1914 4679 καθὼς

351 4723 419 4776 τὰ
443 4721 645 4794 ἀκριϐῆ
674 4719 849 4791 βιϐλία
877 4716 1153 4789 περιέχει,
1182 4715 1312 4769 αὐτό
1342 4732 1401 4768 τε
1431 4713 1491 4767 τὸ
1525 4713 1800 4782 ίδιόχειρον
1820 4709 1911 4762 τοῦ

354 4807 751 4880 εὐαγγελιστοῦ,
773 4809 908 4876 ὅπερ
941 4806 1102 4877 μέχρι
1127 4802 1220 4857 τοῦ
1247 4802 1343 4860 νῦν
1368 4801 1704 4873 πεφύλακται
1733 4799 1914 4871 χάριτι

353 4903 485 4956 Θεοῦ
530 4902 588 4955 ὲν
634 4902 699 4972 τῇ
739 4897 997 4966 Ἐφεσίων
1031 4895 1308 4967 ἁγιωτάτῃ
1338 4893 1653 4965 Ἐκκλησία,
1675 4892 1768 4945 καὶ
1810 4890 1915 4942 ὑπὸ

355 4994 459 5046 τῶν
487 4991 690 5046 πιστῶν
730 4992 906 5044 ἐκεῖσε
943 4989 1342 5060 προσκυνεῖται.
1370 4984 1479 5037 Καὶ
1509 4983 1668 5038 πάλιν
1698 4985 1725 5035 6
1754 4982 1916 5043 αὐτός

357 5103 519 5156 φησιν
583 5083 968 5152 εὐαγγελιστής
994 5097 1009 5112 ·
1069 5083 1132 5133 Οἱ
1181 5073 1294 5133 οὖν
1328 5075 1611 5138 Ἰουδαῖοι,
1669 5075 1769 5127 ἵνα
1827 5071 1912 5141 μὴ

352 5177 525 5246 μείνῃ
568 5175 664 5228 ἐπὶ
708 5174 814 5228 τοῦ
854 5171 1114 5240 σταυροῦ
1150 5172 1222 5224 τὰ
1243 5167 1485 5238 σώματα
1505 5167 1574 5221 ἐν
1594 5165 1672 5230 τῷ
1694 5163 1912 5219 σαϐϐά-

357 5283 437 5329 τῳ
477 5264 621 5337 (ἐπεὶ
647 5263 1006 5332 Παρασκευὴ
1029 5257 1107 5330 ἦν
1123 5277 1136 5289 ·
1169 5257 1246 5329 ἦν
1282 5259 1388 5329 γὰρ
1412 5256 1643 5328 μεγάλη
1666 5257 1702 5323 ἡ
1727 5253 1914 5323 ἡμέρα

360 5357 556 5424 ἐκείνη
582 5355 692 5410 τοῦ
716 5352 1054 5423 σαϐϐάτου),
1071 5352 1385 5420 ἠρώτησαν
1411 5349 1516 5402 τὸν
1535 5345 1794 5401 Πιλάτον
1819 5347 1918 5399 ἵνα

365 5447 727 5519 κατεαγῶσιν
773 5445 968 5500 αὐτῶν
1014 5447 1088 5498 τὰ
1129 5443 1340 5510 σκέλη,
1387 5442 1487 5496 καὶ
1537 5439 1813 5509 ἀρθῶσιν.
1831 5439 1919 5491 Ἐν

367 5543 501 5613 αὐτῇ
546 5538 638 5595 οὖν
687 5542 752 5611 τῇ
796 5539 999 5609 ἡμέρᾳ,
1027 5536 1084 5586 ὲν
1175 5534 1393 5606 ἔμελλον
1428 5536 1476 5588 οἱ
1518 5532 1754 5586 Ἰουδαῖοι
1783 5530 1918 5602 πρὸς

2004 3233 2319 3294 celebravit,
2350 3229 2641 3284 comedens
2673 3239 2871 3295 agnum
2903 3222 3141 3293 typicum
3177 3241 3190 3275 :
3228 3237 3401 3291 neque
3421 3222 3567 3274 enim

2006 3341 2064 3382 se
2085 3324 2299 3380 venisse
2329 3329 2387 3376 ut
2415 3319 2609 3390 Legem
2646 3319 2879 3374 solveret
2906 3315 2986 3368 vel
3012 3311 3343 3382 Prophetas,
3387 3311 3480 3366 sed
3505 3317 3566 3364 ut

2006 3415 2358 3486 adimpleret,
2397 3413 2623 3480 ipsemet
2665 3409 2720 3462 in
2759 3404 3088 3482 Evangeliis.
3113 3403 3250 3456 dixit
3297 3400 3563 3454 Salvator.

2007 3509 2300 3577 Postquam
2327 3517 2455 3557 vero
2500 3499 2843 3570 praedicavit,
2889 3512 2998 3551 non
3047 3493 3284 3550 comedit
3326 3505 3526 3562 agnum
3544 3526 3565 3553 -,

2007 3601 2099 3657 sed
2153 3600 2269 3668 ipse
2319 3607 2516 3664 passus
2553 3597 2636 3646 est
2681 3598 2740 3643 ut
2785 3603 2950 3643 verus
2993 3600 3163 3656 agnus
3210 3583 3269 3638 in
3314 3579 3568 3637 Paschali

2008 3691 2321 3751 festivitate,
2347 3681 2802 3756 quemadmodum
2830 3679 2987 3734 docet
3011 3677 3295 3746 theologus
3323 3682 3376 3729 et
3401 3687 3571 3728 evan-

2007 3783 2195 3856 gelista
2222 3779 2459 3835 Joannes
2487 3776 2542 3830 in
2574 3773 2863 3844 Evangelio
2893 3771 2989 3826 abs
3023 3786 3080 3826 se
3111 3767 3441 3838 conscripto,
3473 3765 3569 3820 ubi

2010 3879 2086 3933 sic
2117 3875 2191 3928 ait
2224 3874 2239 3903 ¹
2278 3891 2291 3926 :
2329 3866 2612 3924 Adducunt
2641 3881 2761 3935 ergo
2794 3862 2978 3917 Iesum
3003 3879 3034 3916 a
3061 3859 3260 3929 Caipha
3294 3859 3347 3912 in
3375 3867 3570 3928 prato-

2010 3972 2168 4022 rium.
2226 3963 2360 4018 Erat
2407 3970 2581 4014 autem
2629 3973 2814 4020 mane,
2854 3965 2903 4008 et
2948 3955 3052 4023 ipsi
3097 3968 3197 4005 non
3256 3951 3572 4004 introierunt

2009 4059 2339 4130 prwtorium,
2369 4061 2426 4106 ut
2463 4067 2566 4105 non
2588 4048 3093 4108 contaminarentur,
3138 4041 3227 4096 sed
3261 4050 3317 4094 ut
3346 4039 3572 4094 mandu-

2009 4159 2186 4206 carent
2223 4147 2454 4201 Pascha.
2498 4141 2563 4196 Et
2591 4149 2713 4211 post
2738 4135 3193 4209 pauca':Pilatus
3242 4141 3416 4186 autem
3451 4146 3570 4184 cum

2013 4245 2241 4300 audisset
2265 4241 2356 4294 hos
2390 4251 2674 4297 sermones,
2701 4229 2924 4285 adduxit
2961 4228 3106 4296 {oras
3129 4223 3335 4287 Jesum,
3369 4231 3418 4276 et
3438 4221 3573 4276 sedit

2009 4353 2102 4406 pro
2123 4332 2377 4389 tribunali
2391 4331 2444 4384 in
2464 4330 2574 4383 loco
2596 4325 2686 4396 qui
2714 4323 2908 4376 dicitur
2921 4318 3288 4378 Lithastrotos,
3318 4314 3575 4368 Hebraice

2015 4439 2188 4485 autem
2237 4423 2528 4482 Gabbatha.
2578 4419 2712 4473 Erat
2765 4426 2938 4469 autent
2983 4411 3271 4466 Parasceve
3319 4407 3572 4470 Paschte,

2014 4525 2144 4577 hora
2172 4520 2325 4593 quasi
2365 4517 2521 4572 tertia
2571 4529 2590 4567 :
2639 4517 2699 4564 ut
2756 4505 2999 4562 accurati
3063 4503 3186 4557 libri
3239 4501 3570 4572 praeferunt,

2016 4591 2302 4682 ipsumque
2337 4602 2679 4674 evangelista:
2705 4612 2868 4651 manu
2911 4593 3243 4662 descriptum
3275 4591 3572 4662 exemplar,

2015 4703 2161 4776 quod
2189 4702 2373 4756 divina
2416 4694 2586 4768 gratia
2618 4690 2683 4744 ad
2713 4691 2826 4742 haec
2857 4701 3030 4756 usque
3060 4692 3304 4754 tempora
3350 4683 3403 4736 in
3447 4698 3575 4738 san-

2015 4773 2258 4850 ctissima
2284 4787 2642 4860 Ephesiorum
2673 4777 2917 4833 Ecclesia
2964 4781 3298 4839 asservatur,
3346 4781 3400 4828 et
3444 4788 3474 4827 a
3516 4773 3576 4827 ti-

2015 4888 2228 4941 dclibus
2257 4884 2328 4937 ibi
2361 4880 2579 4934 colitur.
2605 4873 2846 4926 Rursum
2875 4881 3040 4937 porro
3062 4865 3136 4919 ait
3166 4864 3307 4919 idem
3340 4880 3577 4936 evange-

2016 4973 2562 5039 lista‘Uudwiergo,
2593 4965 2840 5036 quoniam
2875 4958 3166 5011 Parasceve
3197 4966 3346 5023 erat,
3381 4965 3440 5010 ut
3473 4972 3574 5009 non

2021 5072 2342 5122 remanerent
2370 5062 2424 5113 in
2447 5073 2596 5112 cruce
2626 5067 2847 5120 corpora
2863 5047 3092 5103 Sabbato
3109 5062 3128 5111 ,'
3149 5055 3262 5100 erat
3295 5046 3432 5099 enim
3457 5061 3576 5099 ma-

2019 5177 2149 5231 gnus
2180 5157 2271 5212 ille
2293 5155 2402 5208 dies
2437 5148 2686 5210 Sabbati;
2719 5150 3030 5214 rogaverunt
3065 5139 3304 5194 Pilatum
3340 5146 3398 5190 ut
3425 5136 3578 5205 [ran-

2017 5225 2258 5324 aerentur
2288 5261 2468 5302 eorum
2493 5257 2652 5296 crura
2691 5247 2739 5292 et
2784 5235 3110 5291 tollerentur.
3158 5230 3270 5287 lsto
3301 5229 3467 5324 igitur:
3488 5225 3588 5280 die'

2021 5313 2129 5414 quo
2170 5339 2341 5397 Judaei
2387 5330 2766 5391 manducaturi
2799 5334 2956 5385 erant
2989 5322 3235 5388 Pascha,
3281 5313 3578 5373 cruciﬁxus

2019 5408 2105 5490 est
2137 5433 2400 5488 Dominus
2443 5435 2631 5482 noster
2666 5430 2729 5478 'et
2790 5419 3039 5475 Salvator
3089 5411 3250 5467 Iesus
3291 5408 3577 5472 Christus.

2019 5526 2196 5581 hostia
2227 5523 2404 5578 factus
2435 5520 2503 5576 iis
2529 5518 2622 5589 qui
2664 5509 2934 5583 sumpturi
2981 5512 3135 5560 erant
3181 5499 3338 5564 ﬁdei,
3382 5511 3580 5553 secun-

509 5654 702 5709 ‘Joan.
727 5668 880 5714 xvtu,
909 5651 1000 5704 28.
1075 5647 1095 5676 ²
1123 5643 1284 5698 Joan.
1313 5655 1425 5709 nx,
1456 5639 1546 5705 15,
1578 5637 1664 5692 id.
1741 5637 1761 5668 ³
1792 5636 1908 5690 ibid.

439 5706 1025 5820 (δη-ΠάρῖἙόραιοις
1059 5739 1255 5810 σοφοί.
1294 5735 1388 5791 Hic
1411 5706 1687 5816 interserit
1727 5738 1908 5786 auctor

2007 5729 2194 5783 ’trom'ci
2241 5724 2520 5790 Paschalis
2565 5721 2743 5775 locum
2785 5731 2852 5772 ex
2887 5707 3186 5767 Athanasio
3211 5706 3582 5775 desumptum.
