4088 6284
313 283 405 338 sat
1385 241 1400 246 “
1670 270 1927 325 FRAGMI

1913 267 2118 324 ENTA.
3424 252 3526 306 5‘22

309 421 394 467 τος
439 401 584 467 τινὸς
616 402 799 473 ἑτέρου
836 403 996 454 τόπου
1033 399 1159 468 (i’o'.
1189 397 1399 466 τύπου)
1436 393 1863 465 συνεληλυθότος,
1897 398 1923 452 Α

1935 389 2112 451 _unde
2161 382 2504 438 manifestum
2555 386 2657 443 est,
2697 378 2971 432 hominem
3014 392 3125 430 non
3177 391 3242 430 ex
3284 385 3549 443 coniunr

309 496 593 566 γεγένηται
617 512 630 524 ·
680 466 728 548 εί
776 494 882 564 γὰρ
914 493 981 546 τὰ
1011 466 1145 545 ἄλλα
1178 489 1291 554 ζῶα
1327 488 1464 541 κατὰ
1507 487 1751 539 κέλευσιν
1773 484 1870 554 ἐμ-

1975 481 2152 536 ctione
2177 476 2419 544 corporis
2443 487 2564 526 cum
2583 479 2710 542 typo
2733 470 2962 540 quodam
2985 469 3390 537 praeexsistente
3425 466 3527 519 for-

311 558 454 660 ίῐιυάα
486 558 750 657 ἐξήγαγεν
835 558 926 656 νῆ,
962 583 1138 653 πολλῷ
1174 581 1368 653 μᾶλλον
1390 578 1609 649 ληφθεὶς
1642 577 1745 630 ὑπὸ
1774 573 1866 628 τοῦ

1973 576 2176 624 matum
2222 564 2411 618 fuisse.
2469 563 2676 617 Etenim
2712 563 2757 617 si
2812 571 2956 616 terra
3008 570 3201 614 caetera
3243 558 3526 622 animalia,

307 653 442 733 Θεοῦ
472 653 606 749 χοῦς
628 653 735 733 ait?)
759 653 858 747 τῆς
893 653 1014 746 Ϋῆς,
1043 675 1267 745 δύναμιν
1286 674 1523 744 ἔμψυχον
1549 671 1701 740 ἔσχεν
1729 667 1868 723 κατὰ

1967 663 2122 731 juxta
2146 658 2446 727 jussionem
2472 655 2765 716 Creatoris,
2807 654 3043 708 animata
3073 654 3347 722 produxit,
3381 653 3524 706 mul-

317 745 565 840 βούλησιν
599 769 691 822 καὶ
721 745 994 838 ἐνέργειαν
1017 765 1170 819 Θεοῦ.

1968 762 2026 808 to
2057 752 2236 822 potius
2270 747 2446 818 pulvis
2464 763 2622 816 quem
2645 763 2674 802 e
2701 757 2843 802 terra
2866 747 3097 816 sumpsit
3134 745 3295 810 Deus,
3352 747 3530 799 νει-ιιι·
3551 783 3562 801 -η

1966 853 2075 899 tem
2123 842 2339 896 vitalem
2392 855 2426 890 a
2477 840 2752 893 voluntate
2801 847 2854 892 et
2878 837 3189 906 operatione
3230 835 3410 888 divina
3435 848 3530 888 ac-

1962 935 2131 1004 cepit.

327 1118 3510 1157 MM

836 1291 940 1341 EK
971 1287 1114 1342 ΤΗΣ
1157 1292 1295 1343 ΤΟΥ
1325 1289 1531 1342 ΑΓιοΥ
1565 1289 1860 1346 ΠΕΤΡΟΥ
1892 1288 2444 1342 ΑΛΕΞΑΝΔΡΕῙΑΣ
2483 1286 2967 1340 ΔΙΔΑΣΒἈΛΙΛΣ,

1295 1421 1385 1504 Ex.
1427 1447 1769 1505 DOCTRINA
1812 1447 2012 1502 PETRI
2049 1445 2533 1502 ALEXANDRINI.

871 1603 963 1664 (Ex
991 1602 1198 1652 Leontio
1219 1607 1270 1651 et
1287 1603 1474 1652 Joanne
1503 1602 1613 1650 Rer.
1643 1612 1768 1649 sacr.
1795 1598 1877 1648 lib.
1903 1612 1956 1659 ιι,
1982 1613 2043 1660 ap
2082 1599 2192 1659 Mn,
2221 1599 2395 1664 Script.
2421 1608 2485 1651 vet

1302 1603 1474 1651 loanne
1503 1602 1613 1650 Rer.
1643 1612 1768 1649 sacr.
1795 1598 1877 1648 lib.
1903 1612 1956 1659 ιι,
1982 1613 2043 1660 ap
2082 1599 2192 1659 Mn,
2221 1599 2395 1664 Script.
2421 1606 2508 1651 vel.
2535 1606 2571 1649 t.
2598 1601 2705 1661 Vit,
2740 1614 2788 1662 p.
2814 1600 2916 1662 96.)

381 1853 563 1914 Τάλας
607 1849 718 1918 ἐγὼ
761 1849 878 1903 οὐδὲ
905 1851 1177 1923 ἐμνήσθην
1207 1853 1287 1905 ὅτι
1309 1854 1338 1906 6
1367 1853 1498 1915 Θεὸς
1527 1852 1649 1904 νοῦν
1683 1855 1870 1924 ἐπιτη-

2050 1852 2210 1907 Miser
2239 1868 2357 1923 ego,
2391 1868 2497 1907 non
2539 1854 2779 1920 memini,
2800 1852 2964 1908 Deum
2999 1857 3228 1908 scrutari
3268 1865 3523 1926 mentem,

311 1949 406 2018 ρεί
433 1946 524 1998 καὶ
549 1943 724 2015 ψυχῆς
749 1943 931 1996 ἀκούει
956 1947 1164 2016 φωνήν*
1191 1947 1457 2013 συνέγνων
1477 1949 1553 2008 είς
1578 1947 1868 2017 ἁμαρτίαν,
1903 1937 1925 1990 Ῑ

1908 1937 1944 1990 Β
1973 1951 2027 1998 et
2059 1943 2245 1996 audire
2279 1957 2461 1996 vocem
2521 1942 2744 2009 animae;
2774 1958 2896 1996 cum
2937 1945 3271 1999 conscientia
3306 1962 3423 2001 mea
3454 1947 3522 2002 de

317 2037 454 2108 πρὸς
480 2035 709 2107 ἐμαυτὸν
736 2035 903 2103 λέγων
922 2052 935 2064 ·
960 2055 978 2086 ‹
1003 2035 1150 2107 Ἐλεή
1161 2054 1273 2106 μων
1291 2036 1482 2089 ἐστὶνὸ
1509 2035 1638 2100 Θεὸς
1664 2040 1757 2091 καὶ
1785 2039 1878 2090 ἀν-

1976 2041 2196 2104 peccato
2219 2041 2408 2102 pactus
2439 2049 2578 2099 sum,
2608 2033 2674 2086 ad
2701 2048 2784 2086 me
2807 2033 2983 2102 ipsum
3007 2034 3191 2089 dicens
3223 2053 3236 2088 :
3261 2055 3278 2086 ι
3313 2036 3525 2092 Miseri-

311 2129 496 2194 -έξεταί
527 2145 646 2199 μου·
672 2147 690 2178 ι
709 2128 800 2180 καὶ
817 2126 890 2198 μὴ
908 2126 1132 2197 πληγεὶς
1150 2129 1505 2199 παραχρῆμα,
1525 2129 1622 2181 οὐκ
1644 2129 1878 2184 ἐπαυσά-

1977 2142 2100 2183 cors
2154 2135 2237 2182 est
2286 2127 2428 2182 Deus
2471 2136 2522 2181 et
2575 2127 2864 2183 sustinebit
2910 2144 3031 2193 me;
3089 2148 3107 2180 ι
3137 2141 3190 2184 et
3225 2145 3349 2183 cum
3381 2132 3525 2185 illico

317 2235 450 2288 μην,
476 2217 609 2272 ἀλλὰ
635 2217 828 2289 μᾶλλον
856 2218 1228 2289 κατεφρόνησα
1261 2217 1602 2290 συγγνώμης,
1632 2220 1723 2272 καὶ
1754 2219 1873 2273 ἐδα-

1973 2233 2083 2272 non
2135 2233 2310 2271 essem
2344 2231 2658 2287 percussus,
2686 2233 2796 2271 non
2821 2219 3053 2282 cessavi,
3097 2220 3190 2273 sed
3242 2221 3411 2289 magis
3436 2223 3523 2276 di-

312 2311 539 2380 πάνησα
563 2307 695 2362 Θεοῦ
724 2308 1118 2381 μακροθυμίαν.

1971 2311 2151 2363 vinam
2169 2309 2504 2364 tolerantiam
2532 2312 2832 2379 contempsi
2855 2317 2910 2364 et
2938 2312 3396 2382 longanimitatem
3428 2312 3523 2368 Dei

1977 2397 2222 2451 cxhausL

349 2588 3512 2624 mm

1418 2754 1542 2840 IN
1597 2753 2341 2842 ΜΑΤΤΗλἘΠΜ.

761 2943 851 3007 (Ex
874 2943 1131 2994 Iustiniani
1154 2946 1269 3006 imp.
1303 2949 1509 2995 tractatu
1537 2952 1701 2997 contra
1725 2947 2096 3013 Honophysitas,
2123 2963 2199 3011 ap.
2225 2949 2336 3008 MAI,
2362 2948 2537 3013 Script.
2574 2955 2682 3010 vet,
2708 2952 2812 3011 νη,
2842 2953 2949 3014 506,
2973 2954 3108 3012 507.)

1914 3102 1982 3113 ...ιο

395 3202 504 3256 Καὶ
530 3203 586 3254 ὲν
612 3200 688 3271 τῷ
715 3200 849 3253 κατὰ
876 3200 1150 3254 Ματθαῖον
1182 3201 1210 3252 6
1238 3199 1438 3271 Κύριος
1466 3201 1610 3269 λέγει
1637 3200 1770 3272 πρὸς
1791 3201 1878 3253 τὸν

2057 3201 2122 3254 Et
2155 3203 2207 3255 in
2237 3201 2526 3275 Evangelio
2549 3208 2845 3262 secundum
2899 3209 3227 3276 Matthaeum,
3253 3215 3327 3267 ait
3350 3214 3532 3271 Domi-

322 3292 684 3365 παραδιδόντα
715 3292 893 3344 αὐτόν·
927 3290 1211 3361 Φιλήματι
1236 3293 1338 3346 τὸν
1373 3293 1506 3345 Υἱὸν
1535 3291 1642 3345 τοῦ
1665 3293 1880 3360 ἀνθρὼ-

1985 3309 2088 3348 nus
2119 3287 2184 3348 ad
2211 3309 2332 3348 eum
2357 3295 2448 3364 qui
2473 3297 2646 3366 ipsum
2683 3299 2923 3354 tradebat
2949 3321 2963 3355 :
3000 3301 3190 3355 Oscula
3222 3303 3417 3358 Filium
3441 3307 3533 3360 ho-

327 3405 442 3444 που
469 3387 839 3456 παραδίδως]
868 3386 1034 3440 Τοῦτο
1059 3387 1115 3439 δὲ
1140 3388 1338 3459 Πέτρος
1363 3391 1390 3441 ὁ
1421 3389 1627 3460 μάρτυς
1659 3388 1749 3443 καὶ
1779 3390 1874 3460 ἀρ·
1909 3425 1941 3483 c

1918 3425 1954 3483 Ε
1987 3387 2138 3439 mim’s
2174 3388 2339 3441 tradis
2353 3389 2375 3440 .'
2407 3389 2560 3453 Quod
2593 3405 2867 3459 exponens
2915 3393 3106 3448 Petrus
3136 3405 3337 3466 martyr
3366 3406 3420 3451 et
3442 3414 3532 3452 ar-

326 3481 672 3550 χιεπίσκοπος
706 3479 1100 3551 Ἀλεξανδρείας
1139 3478 1495 3552 ἐξηγούμενος
1532 3481 1679 3548 λέγει
1713 3478 1883 3534 ταῦτα
1919 3477 1940 3483 “

1921 3477 1954 3483 “
1987 3477 2363 3549 chiepiscopus
2409 3481 2766 3546 Alexandriae,
2826 3484 2938 3538 hac
2992 3497 3044 3539 et
3076 3487 3159 3541 his
3187 3488 3384 3542 similia
3412 3506 3535 3559 pro-

329 3570 421 3623 καὶ
438 3569 506 3623 τὰ
519 3570 724 3634 τούτοις
738 3572 915 3642 ὅμοια·
941 3591 959 3622 ‹
985 3572 1064 3625 Τά
1086 3589 1143 3623 τε
1165 3575 1362 3642 σημεῖα
1385 3572 1557 3625 πάντα
1587 3573 1686 3626 ὅσα
1711 3572 1886 3640 ἐποίη-

1991 3571 2091 3624 t‘crt
2125 3590 2137 3624 :
2171 3589 2189 3622 ‹
2232 3570 2395 3644 Signa
2419 3577 2621 3639 omnia,
2647 3592 2979 3646 quaecunque
3009 3577 3154 3640 fecit,
3196 3587 3249 3632 ct
3284 3581 3531 3648 virtutes,

325 3678 440 3728 σεν,
466 3665 558 3717 καὶ
571 3667 624 3717 αί
639 3664 908 3735 δυνάμεις,
923 3664 1185 3718 δείκνυσιν
1208 3665 1366 3718 αὐτὸν
1383 3665 1513 3718 Θεὸν
1535 3663 1882 3734 ἐνανθρωπή-

1989 3662 2055 3716 de
2079 3662 2168 3716 illo
2199 3671 2466 3718 testantur
2504 3665 2644 3735 quod
2683 3664 2823 3719 Deus
2842 3666 2912 3720 sit
2940 3667 3289 3720 incarnatus:
3321 3675 3533 3721 utrum-

327 3770 514 3806 σαντα’
545 3754 612 3808 τὰ
639 3757 1014 3827 συναμφότερα
1037 3756 1212 3809 τοίνυν
1245 3757 1534 3822 δείκνυται,
1556 3756 1635 3808 ὅτι
1659 3757 1790 3820 Θεὸς
1817 3752 1884 3826 ἦν

1989 3771 2095 3825 que
2127 3771 2256 3826 ergo
2285 3757 2444 3811 simul
2473 3757 2896 3824 demonstratur,
2947 3759 3094 3811 illum
3123 3774 3315 3828 nempe
3344 3769 3534 3813 natura

329 3843 510 3912 φύσει,
541 3847 632 3899 καὶ
655 3847 869 3915 ἐγένετο
893 3847 1170 3918 ἄνθρωπος
1199 3846 1378 3916 φύσει.
1422 3866 1439 3898 ι

1991 3847 2156 3902 Deum
2184 3864 2329 3912 esse,
2361 3856 2413 3903 et
2443 3850 2642 3904 factum
2674 3851 2840 3906 fuisse
2863 3860 3054 3905 natura
3091 3852 3382 3907 hominem.
3409 3871 3426 3904 ι

401 4143 674 4199 SANCTI
696 4143 919 4200 PETRI
947 4143 1529 4200 ARCHIEPISCOPI
1572 4145 1663 4200 ET
2103 4143 2201 4197 EX
2231 4143 2586 4199 SERMONE
2625 4145 2792 4215 (VEL
2821 4146 3064 4219 LIBRO)
3112 4148 3211 4202 DE
3242 4149 3468 4206 ΤΗΕο-

408 4448 626 4505 lnterim
666 4450 995 4521 evangelista
1040 4448 1265 4504 ﬁrmiter
1298 4449 1374 4503 ait
1406 4469 1418 4504 :
1463 4449 1684 4503 Verbum
1721 4465 1842 4502 caro
1874 4449 2075 4517 factum
2110 4454 2209 4513 est,
2243 4454 2291 4499 et
2326 4444 2581 4499 habitavit
2603 4445 2658 4498 in
2687 4444 2855 4497 nobis.
2884 4443 2960 4496 Ex
2991 4441 3094 4494 hoc
3127 4439 3532 4506 cognoscimus,

332 4545 585 4614 angelum
615 4558 741 4598 cum
785 4544 1044 4612 virginem
1083 4542 1338 4597 salutavit
1375 4541 1563 4596 dicens
1598 4541 1845 4604 :Gaude,
1879 4540 2077 4610 gaudio
2123 4540 2311 4608 plena,
2341 4537 2604 4593 Dominus
2641 4544 2861 4600 tecum;
2903 4535 3209 4606 signiﬁcare
3247 4532 3486 4586 voluisse
3518 4549 3533 4582 :

339 4639 480 4693 Deus
510 4637 742 4692 Verbum
772 4644 948 4691 tecum
981 4641 1064 4690 est
1093 4655 1106 4688 :
1152 4636 1389 4704 itemque
1436 4634 1718 4701 denotare,
1746 4633 1878 4690 illud
1905 4633 1970 4688 de
2021 4634 2144 4688 sinu
2171 4633 2290 4701 ejus
2335 4632 2623 4693 oriturum,
2658 4638 2712 4684 et
2743 4645 2960 4684 carnem
2990 4630 3192 4684 factum
3240 4629 3328 4690 iri,
3375 4635 3539 4696 prout

335 4737 597 4805 scriptum
627 4742 710 4790 est
742 4751 754 4786 :
782 4732 1010 4800 Spiritus
1038 4741 1251 4787 sanctus
1280 4731 1601 4799 superveniet
1625 4731 1678 4783 in
1711 4737 1776 4794 te,
1808 4738 1855 4783 et
1891 4729 2055 4782 virtus
2083 4727 2343 4781 Altissimi
2376 4744 2430 4779 ιη
2471 4737 2516 4781 te
2545 4727 2815 4780 descendet
2842 4741 2860 4787 ;
2891 4725 3103 4794 ideoque
3126 4732 3173 4776 et
3199 4722 3335 4792 quod
3358 4737 3540 4776 nasce-

289 4903 295 4916 ‘
339 4839 424 4881 tur
441 4845 504 4882 ex
527 4839 575 4881 te
593 4839 831 4882 sanctum
855 4826 1124 4882 vocabitur
1144 4824 1316 4879 Filius
1348 4824 1464 4879 Dei.

658 5761 927 5821 PA'mOL.
974 5759 1089 5820 Gn.
1122 5758 1351 5821 XVIII.
3202 5753 3282 5820 Π
