4088 6284
1662 561 1798 601 ΔιεΝο
1825 561 2010 601 υοκιιει
2050 563 2250 604 CCCXIII
2261 564 2444 604 -CCCXX
2455 566 2523 603 VI.

1117 740 1322 953 S.
1489 734 3082 948 ALEXANDEB

693 1091 1782 1256 'EPISCOPUS
1914 1091 3382 1258 ALEXANDRINUS

1796 1541 2392 1657 NOTITIA

1281 1769 1564 1832 (Gitana,
1587 1768 1820 1818 Veterum
1838 1766 2046 1814 Patrum
2071 1762 2297 1829 Biblioh.,
2325 1768 2406 1829 IV,
2431 1768 2649 1833 Proleg.,
2672 1783 2720 1833 p.
2747 1773 2868 1837 nx.)

482 1999 520 2054 I.
555 1997 849 2053 Alexander
893 1996 945 2049 in
967 1994 1083 2049 sede
1108 1994 1467 2047 Alexandrina
1515 2010 1780 2047 successor
1835 1992 2073 2048 Achillae.
2107 1992 2237 2062 Ejus
2289 1992 2496 2045 eximite
2543 1991 2709 2046 dotes.
2763 1991 2976 2046 Primus
3015 1991 3200 2045 Arium
3251 1990 3441 2046 detexit
3476 1990 3689 2050 damno-

548 2071 734 2138 aitque.

479 2161 545 2214 ll.
577 2158 867 2213 Alexandri
886 2158 1120 2213 studium
1152 2156 1208 2210 in
1232 2154 1419 2210 Iiwresi
1442 2155 1645 2209 Ariana
1668 2153 2024 2225 proﬂiganda.
2055 2150 2186 2224 Ejus
2219 2153 2327 2209 dies
2349 2162 2398 2208 et
2425 2170 2591 2207 annus
2621 2151 2928 2208 emortualis
2961 2153 3234 2208 statuitur.

477 2241 566 2310 Ill.
605 2254 734 2321 Qua:
773 2253 1038 2318 scripserit
1078 2248 1375 2304 Alexander
1425 2248 1492 2300 ad
1525 2249 1768 2303 htrresim
1800 2248 2060 2302 Arianam
2099 2247 2519 2317 oppugnandam.
2560 2247 2748 2302 Exstat
2785 2247 2897 2316 ejus
2945 2247 3187 2316 epistola,
3229 2245 3527 2301 Alexandro
3565 2243 3680 2299 (ΣΡ.

546 2329 781 2396 episcopo
820 2324 1091 2391 inscripta.

478 2417 567 2471 IV.
614 2416 684 2470 De
702 2416 798 2468 hac
827 2414 1047 2483 epistola
1085 2412 1348 2466 Holstenii
1385 2412 1659 2464 sententia.

476 2513 543 2568 Υ.
578 2512 766 2581 Agitur
805 2509 868 2562 de
907 2508 1143 2581 oratione
1183 2504 1471 2558 Alexandri
1507 2505 1572 2558 ad
1612 2501 2032 2581 presbyteroset
2071 2506 2317 2581 diaconos
2369 2507 2753 2562 Alexandrinos
2801 2516 2852 2560 et
2889 2505 3222 2562 Mareoticos.
3273 2505 3404 2561 Item
3443 2507 3504 2562 de
3539 2507 3686 2564 illius

541 2575 764 2651 epistola
801 2579 1083 2647 encyclica,
1120 2592 1234 2646 qum
1271 2591 1352 2628 res
1391 2585 1561 2644 gestas
1601 2575 1801 2629 exhibet
1841 2577 1894 2629 in
1937 2577 2153 2632 Arianae
2189 2579 2441 2633 haereseos
2479 2588 2686 2631 exortu.

546 2721 590 2777 1.
629 2719 853 2776 Achillae
871 2718 972 2789 qui
1000 2715 1194 2787 exiguo
1221 2726 1462 2786 tempore
1497 2729 1525 2768 a
1579 2713 1723 2771 Petri
1774 2719 2034 2788 martyrio
2063 2730 2106 2784 Α
2136 2734 2387 2789 magnum
2409 2719 2721 2785 concilium,
2755 2718 2810 2772 in
2842 2733 2950 2789 quo
2972 2718 3172 2788 impius
3221 2718 3311 2774 ille
3343 2720 3413 2774 ab
3443 2719 3688 2778 Ecclesia

479 2813 898 2870 Alexandrinam
947 2809 1240 2865 Ecclesiam
1289 2807 1728 2872 administravit,
1778 2808 2036 2866 suffectus

478 2913 562 2963 est
610 2903 917 2959 Alexander
958 2901 1106 2956 circa
1163 2915 1367 2954 annum
1424 2898 1627 2953 Christi
1683 2899 1806 2957 3-12.
1862 2900 2035 2971 Hujus

480 2996 728 3068 praesulis
763 2993 990 3050 eximias
1009 2991 1248 3046 virtutes
1297 3005 1434 3060 quas
1481 2990 1706 3044 omnino
1758 2993 2036 3062 praeterire

479 3089 639 3144 libuit
671 3085 930 3151 Eusebio,
959 3084 1098 3139 alios
1127 3083 1422 3152 scriptores
1449 3081 1853 3138 ecclesiasticos
1889 3085 2035 3140 omni

478 3181 638 3237 laude
680 3185 1000 3250 prosecutos
1047 3189 1170 3230 esse
1217 3173 1592 3244 intelligimus.
1627 3172 1838 3230 Passim
1891 3175 2035 3231 enim

479 3272 632 3327 audit
667 3289 688 3322 ‹
733 3268 1058 3338 evangelicae
1089 3265 1352 3322 doctrina:
1403 3273 1777 3336 propugnator
1835 3268 2037 3322 acerri-

479 3379 599 3418 mus
630 3360 728 3434 ta),
773 3381 790 3414 ι
833 3362 860 3414 ὁ
886 3362 1128 3428 γενναῖος
1166 3355 1532 3411 ἀποστολικῶν
1569 3356 1848 3427 δογμάτων
1887 3359 2037 3426 γενό-

481 3472 637 3526 μενος
670 3453 949 3525 πρόμαχος
984 3469 997 3481 '
1039 3470 1058 3502 τ
1104 3451 1526 3522 apostolicorum
1572 3448 1884 3520 dogmatum
1915 3451 2036 3505 vin-

479 3549 582 3602 dex
610 3553 664 3602 et
687 3553 945 3617 patronus
977 3542 1074 3617 (bl,
1113 3562 1131 3595 ι
1163 3544 1191 3595 ὁ
1221 3541 1327 3594 τῶν
1353 3539 1716 3595 ἀποστολικῶν
1752 3541 2036 3612 δογμάτων

479 3643 777 3713 συνήγορος
798 3655 812 3669 ·
847 3647 1010 3708 atque
1043 3636 1110 3707 (c)
1145 3636 1336 3690 divine:
1387 3634 1510 3705 ﬁdei
1556 3636 1888 3704 episcopus...
1919 3636 2032 3706 ple-

476 3749 573 3785 nus
606 3731 887 3800 sapientia,
935 3738 983 3782 et
1020 3728 1222 3797 Spiritu
1270 3734 1452 3780 sancto
1501 3726 1727 3794 fervens.
1767 3724 2034 3780 Nimirum

473 3825 777 3878 Alexander
799 3823 986 3876 Arium
1025 3821 1231 3891 primus
1276 3827 1331 3874 ct
1372 3819 1574 3875 detexit
1615 3829 1670 3874 et
1717 3819 2032 3885 damnavit;

476 3931 863 3984 sacrarumque
915 3915 1214 3967 litterarum
1262 3912 1505 3982 vestigiis
1548 3911 1830 3975 insistens,
1862 3917 1921 3964 ut
1961 3911 2036 3965 ait

475 4008 838 4062 Theodoritus
862 4004 962 4076 (ά),
996 4003 1192 4059 Filium
1220 4002 1334 4067 Dei,
1363 4018 1522 4073 quem
1551 4001 1838 4057 haereticus
1871 4001 2033 4056 homo

2137 2812 2456 2866 exturbatus
2506 2811 2608 2865 fuit
2650 2819 2812 2881 atque
2862 2812 3219 2882 proscriptus.
3249 2811 3315 2865 Et
3342 2815 3544 2870 multas
3574 2817 3691 2888 qui-

2137 2901 2257 2958 dem
2311 2903 2687 2957 aﬂlictationes
2748 2903 3055 2973 multosque
3117 2903 3327 2959 labores
3388 2905 3445 2959 in
3494 2905 3690 2963 haeresi

2135 2993 2335 3046 Ariana
2370 2989 2701 3063 proﬂiganda
2725 2993 2968 3061 pertulit,
2998 2993 3248 3062 quamvis
3274 3009 3460 3057 senex,
3486 2995 3691 3051 beatis-

2136 3083 2308 3138 simus
2329 3081 2664 3148 Alexander;
2693 3082 2890 3152 quibus
2916 3081 3131 3138 demum
3163 3083 3481 3153 perfunctus
3508 3085 3565 3139 in
3593 3101 3690 3142 ex-

2137 3183 2304 3229 trema
2349 3181 2628 3230 senectute
2679 3174 2962 3244 appositus
2992 3183 3076 3231 est
3116 3175 3184 3229 ad
3234 3185 3416 3246 patres
3443 3192 3592 3241 suos,
3618 3185 3688 3232 ut

2136 3265 2325 3321 scribit
2371 3271 2595 3322 sanctus
2636 3262 2966 3322 Athanasius
3021 3267 3123 3337 (e);
3171 3267 3262 3338 qui
3320 3275 3373 3322 et
3410 3268 3537 3326 alibi
3566 3267 3630 3339 (1)
3667 3289 3680 3324 :

2141 3373 2160 3406 τ
2199 3354 2475 3412 Mensibus
2503 3360 2764 3429 quinque,
2797 3359 2873 3412 ait
2900 3361 2953 3426 (a
2983 3357 3158 3414 reditu
3195 3357 3409 3429 Niceae),
3439 3357 3682 3414 nondum

2136 3448 2364 3510 exactis,
2395 3463 2708 3518 supremum
2740 3450 2880 3504 diem
2913 3450 3046 3504 obiit
3080 3451 3246 3504 beatae
3274 3451 3544 3506 memoriae
3564 3451 3686 3508 Ale-

2144 3538 2346 3593 xander
2375 3555 2388 3590 :
2431 3559 2449 3592 ›
2484 3539 2634 3593 οὔπω
2678 3538 2784 3611 γὰρ
2820 3539 2979 3593 πέντε
3014 3539 3188 3611 ,μῆνες
3231 3542 3529 3614 παρῆλθον,
3559 3550 3650 3602 καὶ
3671 3551 3701 3603 ὁ

2145 3630 2242 3701 μὲν
2291 3632 2596 3704 μακαρίτης
2645 3630 2984 3704 Ἀλέξανδρος
3008 3632 3406 3708 τετελεύτηκεν.
3437 3639 3612 3709 Atque
3645 3642 3702 3696 in

2135 3721 2378 3776 eamdem
2414 3723 2737 3778 sententiam
2768 3721 3128 3777 Theodoritus
3163 3723 3236 3793 lg)
3281 3742 3294 3776 :
3335 3741 3356 3774 ‹
3393 3723 3549 3787 Cum,
3598 3724 3686 3778 in-

2135 3813 2273 3882 quit,
2309 3813 2647 3869 admirabilis
2683 3815 2772 3869 ille
2801 3816 3091 3885 episcopus
3121 3814 3424 3870 Alexander
3449 3815 3541 3886 qui
3569 3815 3686 3869 Arii

2136 3903 2528 3974 blasphemiam
2575 3908 2923 3978 expugnavit,
2963 3915 3086 3978 post
3119 3908 3361 3978 quinque
3408 3923 3622 3964 menses
3653 3923 3685 3962 a

2137 3996 2342 4066 synodo
2370 3995 2584 4052 Nicaena
2605 3997 2817 4052 vivendi
2849 3997 3007 4052 linem
3038 3998 3278 4062 fecisset,
3307 3998 3686 4054 Alexandrina:

475 4108 785 4154 creaturam
819 4069 879 4151 et
915 4069 1179 4150 iacturam
1208 4069 1458 4159 vocabat,
1520 4093 1762 4163 ejusdem
1792 4109 1915 4149 esse
1942 4092 2026 4147 di-
2061 4069 2105 4123 Β
2136 4087 2392 4145 Ecclesiae
2431 4091 2779 4160 praesulatum
2820 4092 3154 4146 Athanasius
3190 4092 3450 4162 suscepit.
3492 4111 3510 4143 ι
3557 4090 3686 4145 Ηωο

476 4192 696 4263 gnitatis
723 4187 1046 4253 cum-Patre,
1079 4186 1430 4255 eamdemque
1454 4201 1574 4240 cum
1600 4185 1708 4241 Deo
1734 4185 1824 4256 qui
1856 4185 2030 4255 ipsum

475 4282 682 4353 genuit,
725 4280 921 4334 habere
944 4276 1303 4333 substantiam
1327 4275 1563 4330 edocuit.

547 4367 610 4424 II.
649 4367 714 4421 Et
746 4367 981 4438 primum
1035 4364 1250 4433 quidem
1303 4364 1523 4418 monitis
1571 4375 1625 4419 et
1661 4366 1906 4421 consiliis
1934 4366 2033 4420 ho-

473 4460 671 4515 minem
699 4459 767 4514 ab
812 4457 1063 4511 instituto
1107 4469 1365 4510 revocare
1411 4457 1641 4512 studuit.
1685 4457 1754 4510 At
1785 4458 1875 4511 ubi
1906 4473 2031 4513 eum

475 4548 714 4608 insanire
747 4564 1010 4618 suamque
1037 4548 1366 4617 impietatem
1398 4547 1573 4617 palam
1598 4549 1894 4618 praedicare
1917 4550 2033 4602 ani-

474 4643 759 4698 madvertit
777 4651 1001 4697 sanctus
1030 4640 1257 4694 antistes
1277 4678 1292 4703 ,
1334 4638 1676 4694 Alexandriae
1712 4651 1896 4693 coacta
1924 4655 2031 4693 una

470 4743 524 4789 et
555 4735 724 4789 altera
759 4732 966 4804 synodo
995 4731 1374 4802 episcoporum
1410 4729 1649 4802 Egypti,
1695 4745 1762 4785 ex
1797 4731 2030 4803 presby—

478 4836 720 4880 terorum
751 4826 940 4879 ordine
973 4825 1122 4878 illum
1170 4822 1437 4892 dcjectum
1478 4821 1735 4876 Ecclesiae
1789 4837 2029 4876 commu-

393 4982 398 4987 ~
475 4917 637 4970 nione
679 4914 928 4984 privavit.
970 4912 1107 4967 Tum
1151 4926 1280 4966 vero
1328 4911 1640 4981 hujusmodi
1692 4911 2031 4965 anathemate

473 5006 753 5075 perculsus
783 5003 1165 5066 haeresiarcha,
1198 5017 1323 5056 cum
1354 5002 1527 5070 magis
1551 5001 1728 5055 adhuc
1752 5001 2031 5071 magisque

469 5098 652 5151 furere
700 5102 966 5166 pergeret,
1011 5107 1153 5146 anno
1186 5093 1403 5147 tandem
1459 5091 1564 5147 525
1614 5091 1805 5146 Nicaeae
1836 5091 1891 5144 in
1940 5090 2030 5146 Bi-

390 5239 394 5245 .
462 5190 653 5262 .thynia
693 5204 755 5244 ex
783 5188 1039 5242 universo
1065 5185 1376 5240 Christiano
1405 5185 1536 5241 orbe
1552 5191 1915 5241 convocatum
1945 5190 2029 5238 est

538 5367 616 5449 (ᾳ)
649 5366 923 5449 integrior.
966 5364 1110 5420 Hist.
1141 5364 1291 5429 eccl.,
1315 5364 1412 5421 lib.
1447 5381 1487 5428 ι,
1515 5380 1634 5434 cap.
1665 5365 1720 5420 2.

641 5436 892 5562 iija'rézi‘ltf
906 5515 959 5578 et
988 5504 1176 5560 Faust.
1209 5504 1392 5559 Libell.
1417 5520 1579 5573 prec.,
1609 5504 1710 5560 sub
1734 5504 1853 5558 init.

539 5577 616 5649 (d)
648 5578 920 5649 Theodor.
950 5577 987 5631 l.
1016 5591 1067 5631 c.

537 5641 608 5719 (ei
637 5651 835 5775 Abl-ian.
860 5643 1030 5719 Epist.
1064 5645 1131 5700 ad
1160 5645 1319 5716 episc.
1345 5643 1582 5716 (Egypt,
1632 5643 1658 5715 ς
1688 5644 1778 5711 21,
1812 5650 1942 5700 tom.
1979 5641 2020 5710 I,

469 5724 647 5793 [aged
693 5737 750 5782 υ,

2135 4182 2244 4237 ille.
2279 4181 2450 4249 Quam
2474 4183 2691 4253 quidem
2716 4184 2973 4252 temporis
3004 4184 3360 4246 notationem,
3413 4191 3472 4236 ut
3498 4182 3687 4237 adver-

2133 4273 2198 4327 tit
2239 4275 2484 4331 eruditus
2531 4273 2858 4346 Lequienius
2891 4274 2988 4346 (Il),
3043 4277 3096 4329 in
3142 4276 3403 4346 singulari
3450 4274 3684 4346 quadam

2131 4365 2606 4422 dissertatiuucula
2626 4367 2929 4424 edisserens
2957 4367 3306 4422 doctissimus
3349 4365 3685 4421 Montfauco-

2131 4460 2277 4524 nius,
2308 4460 2545 4515 ostendit
2569 4459 2928 4514 Alexandrum
2958 4460 3160 4514 obiisse
3202 4460 3289 4514 die
3307 4456 3377 4512 22
3400 4458 3684 4512 Barmudae

2134 4567 2229 4607 seu
2278 4551 2618 4612 Pharmuthi,
2660 4550 2794 4605 feria
2834 4567 2894 4615 ιι,
2947 4551 3148 4622 Aprilis
3196 4551 3368 4605 nostri
3402 4550 3489 4614 l7,
3536 4566 3683 4605 anno

2133 4642 2361 4712 proinde
2409 4642 2581 4696 altero
2644 4651 2766 4712 post
2818 4641 3090 4697 Nicaenam
3158 4641 3464 4712 synodum,
3533 4640 3685 4696 scili-

2124 4740 2218 4788 cet
2248 4733 2372 4789 3‘26.

2201 4823 2289 4881 lll.
2334 4823 2564 4896 Scripsit
2613 4825 2916 4881 Alexander
2968 4825 3273 4896 encyclicas
3326 4824 3393 4878 ad
3439 4825 3684 4895 singulos

2129 4915 2412 4986 episcopos
2466 4917 2694 4980 litteras,
2737 4919 2846 4979 τοῖς
2891 4915 3199 4985 ἁπανταχοῦ
3232 4913 3372 4968 κατὰ
3403 4915 3575 4977 πόλιν,
3624 4927 3688 4971 ιιι

2129 5022 2194 5061 ex
2223 5004 2444 5060 Socrate
2469 5007 2833 5076 comperimus
2869 5005 2954 5078 (i),
2987 5008 3188 5077 quibus
3231 5007 3479 5061 haeresim
3527 5007 3688 5060 Aria-
3732 5035 3739 5076 ι

2129 5113 2253 5151 nam
2288 5098 2666 5169 oppugnabat;
2701 5114 2903 5169 easque
2929 5099 3096 5156 ferme
3142 5101 3483 5171 septuaginta
3513 5097 3687 5154 fuisse

2129 5185 2293 5243 refert
2317 5186 2653 5257 Epiphanius
2683 5187 2768 5260 υ).
2802 5188 2940 5245 Suas
2970 5205 3132 5260 porro
3163 5190 3420 5260 epistolas
3453 5189 3686 5260 vigilan-

2205 5364 2271 5436 (ι’)
2430 5365 2848 5438 Apolog_._contr.
2888 5367 3100 5438 Arium,
3138 5366 3279 5438 §59,
3309 5381 3429 5438 pag.
3464 5363 3583 5419 I78.

2205 5442 2277 5558 (Ζ)
2310 5435 2578 5516 Theodor.
2605 5435 2757 5491 Hist.
2789 5437 2938 5518 eccl.,
2969 5438 3066 5491 lib.
3091 5435 3269 5507 πίθοι).
3299 5435 3391 5493 25;

2205 5510 2217 5558 l
2265 5508 2280 5558 i
2312 5505 2571 5558 Leuulcn.
2615 5505 2710 5558 0r.
2746 5505 2968 5558 (Ζήν-ια..
3001 5516 3136 5558 tom-
3159 5507 3370 5558 ηυδε,

2203 5503 2280 5578 (lt)
2305 5505 2571 5578 Lequicp.
2615 5505 2710 5560 0r.
2746 5505 2968 5578 Christ,
3001 5516 3136 5563 tom.
3159 5503 3370 5578 Il,'pag.
3395 5503 3518 5562 599.

2201 5577 2266 5645 (i)
2299 5575 2453 5648 §ocr.
2491 5575 2636 5648 Hist.
2668 5579 2796 5633 eccl.
2834 5577 2926 5648 lib.
2963 5593 3000 5641 ι,
3027 5593 3147 5648 cap.
3181 5577 3233 5632 6.

2199 5649 2264 5718 (j)
2300 5645 2493 5716 Epiph.
2525 5647 2653 5702 baer.
2691 5663 2840 5714 Lxlx,
2873 5645 2899 5716 §
2931 5649 2983 5702 4.
