4088 6284
244 409 343 466 525

1215 415 1274 470 S.
1317 411 1734 472 ALEXANDER
1772 414 1978 472 ALEX.
2006 413 2398 473 —NOTITIA.

3352 424 3454 479 526

246 527 505 582 tissimum
548 529 842 598 praesulem
886 542 1010 584 cum
1051 526 1122 586 iis
1168 545 1305 600 quas
1359 531 1426 584 ad
1480 532 1658 602 ipsum
1707 547 1796 586 re-
1824 540 1874 598 Α
1901 532 2165 585 circulum
2196 532 2364 588 missa
2392 531 2696 587 ostendam.
2737 530 2920 603 Neque
2960 549 3060 604 ego
3090 534 3178 589 hic
3209 536 3458 596 Theodo-

246 617 574 686 scripserunt
589 619 839 688 episcopi
869 635 966 689 per
1014 620 1254 690 singulas
1294 621 1794 687 urbes'cons‘tituti,

245 725 335 780 pro
360 710 642 764 catholica:
665 713 948 766 sententiae
979 710 1293 766 defensione
1331 713 1388 767 in
1437 729 1604 767 unum
1638 715 1794 767 volu-

243 817 356 856 men
388 802 754 871 congessisse.
783 813 978 873 praeter
1009 800 1286 858 Socratem
1323 805 1400 875 (a)
1434 810 1665 859 testatur
1694 804 1796 860 So-

244 909 498 950 zomenus
521 893 623 966 (b).
650 895 720 950 At
739 911 808 949 ex
845 897 1098 952 omnibus
1125 897 1370 966 epistolis
1391 913 1529 966 quas
1558 898 1795 953 Alexan-

240 985 394 1040 drum
426 987 814 1058 perscripsisse
847 987 1015 1042 tradit
1041 990 1360 1059 an’tiquitas,
1403 991 1525 1045 duae
1553 998 1793 1044 tantum-

240 1080 395 1135 modo
408 1081 630 1152 integrae
645 1082 805 1138 hodie
822 1093 1100 1153 superant;
1115 1085 1312 1154 quibus
1330 1083 1536 1140 accedit
1549 1085 1794 1154 ejusdem

240 1171 528 1226 Alexandri
558 1174 740 1229 brevis
769 1175 1024 1229 allocutio
1054 1175 1121 1230 de
1148 1175 1262 1229 Arii
1296 1185 1351 1230 et
1379 1177 1650 1230 sociorum
1695 1177 1792 1232 de-

240 1264 505 1333 positione
526 1266 594 1317 ad
621 1266 968 1337 presbyteros
1001 1274 1055 1320 ct
1083 1267 1350 1322 diaconos
1372 1265 1710 1322 Alexandriae
1736 1275 1793 1322 et

236 1354 504 1411 Mareotin.
553 1357 914 1426 Epistolarum
949 1357 1131 1426 itaque
1165 1358 1313 1427 prior
1341 1373 1500 1428 quam
1543 1357 1794 1413 Theodo-

238 1447 336 1503 rito
357 1457 637 1519 acceptam
665 1448 955 1505 referimus
1002 1449 1095 1520 (ο),
1128 1449 1456 1520 homonymo
1485 1450 1792 1505 Alexandro

236 1540 832 1611 Constantinopolitano
857 1543 1113 1614 episcopo
1135 1530 1472 1598 inscribitur.
1500 1542 1648 1596 Hanc
1667 1557 1791 1596 vero

237 1634 522 1703 epistolam
555 1643 676 1704 post
699 1635 1026 1690 celebratam
1077 1633 1341 1706 synodum
1369 1634 1790 1716 Alexandrinam

237 1721 408 1777 fuisse
451 1731 752 1787 exaratam,
792 1739 858 1778 ex
898 1725 966 1779 iis
1005 1731 1340 1794 compertum
1377 1725 1638 1778 habemus
1669 1738 1790 1792 quae

233 1814 331 1869 sub
358 1815 572 1870 initium
602 1825 916 1872 occurrunt.
952 1816 1043 1871 Sic
1071 1819 1214 1897 enim
1240 1826 1462 1873 sanctus
1486 1816 1646 1870 Pater
1668 1814 1744 1887 (ά)
1772 1835 1784 1869 :

1901 623 2008 677 rito
2048 622 2258 679 futilem
2295 623 2496 679 Gelasii
2542 626 2793 697 Cyziceni
2843 626 3148 684 Diobolaris
3209 632 3457 704 ῥαψῳδοῢ

1898 717 2279 770 auctoritatem
2326 718 2690 786 opposuerim,
2741 719 2833 790 qui
2869 721 3236 777 Alexandrum
3289 727 3456 781 istum

1897 807 2002 861 hoc
2031 815 2274 877 tempore
2301 806 2406 862 CP.
2442 807 2699 865 Ecclesiae
2731 811 2964 867 necdum
3007 815 3290 883 praefuisse
3315 817 3459 870 allii--

1896 905 2046 966 ma’t;
2072 916 2344 970 quemque
2369 902 2532 971 paulo
2584 912 2708 974 post
2753 904 2975 960 Nicaeno
3004 909 3238 962 concilio
3277 911 3460 980 priva-

1895 997 2010 1044 tum
2044 991 2223 1045 adhuc
2251 994 2627 1064 presbyterum
2676 1013 2774 1067 pro
2824 1000 3172 1070 Metrophane
3212 1011 3457 1059 extrema

1896 1091 2176 1138 senectute
2211 1084 2460 1141 con'l'ecto
2505 1087 2821 1145 interfuisse
2853 1092 3064 1149 scribit.
3094 1091 3265 1162 Cujus
3300 1094 3458 1149 tidem

1897 1172 2091 1228 incerti
2117 1190 2332 1246 quoque
2357 1180 2862 1236 auctoris-narratio
2886 1184 2954 1238 de
2981 1198 3214 1239 cccxvm
3250 1185 3456 1241 Nicaani

1894 1266 2111 1321 concilii
2145 1266 2395 1323 Patribus
2426 1271 2693 1341 sequitur,
2724 1289 2844 1342 qua:
2873 1273 2926 1327 in
2975 1273 3219 1330 Historia
3247 1289 3458 1332 sancto-

1894 1375 2011 1410 rum
2038 1357 2325 1429 Lipomani
2351 1371 2563 1430 exstat;
2594 1365 2753 1434 cujus
2780 1367 3059 1437 exemplar
3087 1384 3154 1425 ex
3190 1373 3340 1441 regio
3359 1362 3457 1427 co-

1893 1447 2014 1502 dice
2039 1449 2094 1502 in
2125 1447 2316 1505 Galliis
2345 1452 2640 1523 aliquando
2660 1469 2746 1509 me
2768 1456 3186 1527 transcripsisse
3209 1460 3453 1516 memini.

1892 1537 2039 1606 Haec,
2072 1540 2316 1612 inquam,
2350 1545 2484 1598 tanti
2516 1559 2624 1599 non
2656 1553 2804 1609 sunt,
2845 1554 2906 1600 ut
2949 1545 3265 1603 Theodoriti
3314 1551 3454 1606 alio-

1892 1646 2123 1703 rumque
2151 1636 2440 1692 meliorum
2491 1645 2778 1692 auctorum
2829 1639 2991 1694 ﬁdem
3024 1642 3167 1712 apud
3207 1657 3310 1697 nos
3343 1644 3455 1698 ele-

1892 1732 2038 1780 vent.
2080 1746 2098 1777 I
2130 1725 2407 1784 Hactenus
2436 1727 2771 1786 Holstenius.
2814 1730 3002 1801 Neque
3046 1733 3142 1789 abs
3185 1749 3244 1789 re
3293 1735 3456 1790 fuerit

1893 1821 2178 1876 consulere
2229 1820 2714 1888 Montiauconium,
2765 1825 2860 1894 qui
2902 1826 3115 1879 erudite
3162 1826 3455 1881 admodum

237 1927 255 1956 ς
295 1909 377 1964 Ac
408 1925 508 1964 nos
543 1908 780 1981 quidem,
811 1912 1008 1982 inquit.
1044 1927 1166 1967 cum
1197 1927 1259 1965 ea
1309 1927 1428 1980 quae
1473 1911 1596 1964 vitae
1641 1911 1789 1978 ipso-
1821 1927 1860 1980 Β
1897 1907 2127 1978 inquirit
2156 1908 2241 1979 (ἱ),
2285 1911 2414 1979 quid
2447 1912 2519 1965 sit
2557 1912 2660 1966 hac
2689 1914 2808 1982 ipsa
2837 1912 2898 1967 in
2927 1913 3158 1983 epistoia
3192 1915 3256 1985 υ)
3289 1917 3454 1986 τόμος

229 2017 350 2057 rum
383 2002 752 2074 (Arianorum)
779 2019 842 2058 ac
873 2005 1094 2059 nefariis
1127 2004 1417 2058 conatibus
1447 2010 1782 2072 competunt,

231 2097 408 2153 serius
435 2105 653 2168 propter
686 2097 926 2167 ipsorum
950 2098 1182 2151 latebras
1205 2096 1783 2166 deprehendissemus;

231 2191 506 2244 communi
536 2190 778 2245 omnium
810 2188 1068 2260 suﬂ‘ragio
1098 2205 1164 2243 ex
1189 2197 1333 2243 coetu
1373 2187 1631 2242 Ecclesiae
1668 2203 1788 2256 qua:

231 2283 432 2339 Christi
461 2283 795 2339 divinitatem
827 2283 1034 2349 adorat,
1066 2298 1161 2338 eos
1185 2282 1467 2352 eiecimus.
1502 2301 1520 2332 ι
1557 2279 1786 2334 Praeter-

227 2392 314 2441 ea,
343 2386 404 2432 ut
436 2378 692 2434 observat
719 2377 789 2432 cl.
816 2373 1089 2441 Valesius,
1117 2392 1181 2431 ex
1230 2377 1336 2430 alio
1375 2375 1620 2445 ejusdem
1671 2372 1787 2444 epi-

223 2471 384 2524 stolae
414 2471 535 2525 loco
567 2469 635 2542 (ε)
657 2469 920 2526 discimus
950 2485 1069 2524 eam
1101 2470 1392 2539 scripsisse
1415 2468 1785 2537 Alexandrum

227 2569 354 2617 ante
389 2563 535 2617 illam
565 2577 728 2632 quam
753 2561 820 2615 ad
855 2576 1044 2616 omnes
1075 2560 1346 2616 Ecclesias
1364 2560 1578 2616 direxit.
1605 2558 1786 2630 Siqui-

219 2650 352 2706 dem
373 2668 450 2708 eo
479 2653 585 2708 loci
622 2654 703 2708 sic
733 2653 973 2722 loquitur
1003 2653 1195 2708 beatus
1231 2653 1497 2708 antistes:
1534 2672 1553 2704 ‹
1592 2651 1786 2709 Nescio

223 2761 338 2817 quo
366 2747 528 2802 modo
554 2746 787 2802 ordinati
808 2747 864 2801 in
888 2744 1043 2817 Syria
1065 2753 1175 2801 tres
1195 2745 1456 2816 episcopi,
1487 2745 1594 2801 illis
1619 2742 1787 2809 (Aria-

223 2835 340 2903 nis)
377 2837 789 2901 consentiendo,
817 2850 912 2891 eos
937 2835 1004 2890 ad
1027 2835 1212 2907 pejora
1239 2835 1485 2890 incitant.
1521 2855 1546 2885 -ι
1581 2835 1786 2889 Intelli-

220 2925 303 2994 git
330 2926 612 2990 nimirum,
643 2927 718 2980 ait
740 2927 822 2980 vir
843 2927 1066 2982 criticus
1089 2926 1178 2997 (Γ),
1206 2925 1499 2981 Eusebium
1520 2924 1785 2980 Caesarea:

225 3015 534 3072 Palasstinte
583 3018 936 3088 episcopum,
1005 3018 1343 3073 Theodotum
1391 3016 1676 3072 Laodiceae
1729 3025 1784 3072 et

221 3107 514 3165 Paulinum
546 3109 675 3182 Tyri
716 3130 730 3166 :
782 3112 880 3166 bos
919 3112 1067 3166 enim
1112 3111 1453 3165 anathemate
1499 3111 1782 3164 damnatos

224 3200 396 3256 fuisse
429 3216 458 3254 a
486 3210 678 3257 nostro
704 3203 940 3273 praesule
960 3203 1330 3260 Alexandrino
1360 3211 1589 3257 testatur
1621 3201 1783 3256 Arius

1891 2002 2007 2058 sive
2037 2009 2218 2056 tomus
2259 2005 2370 2068 ille,
2393 2019 2552 2073 quem
2573 2006 2841 2074 episcopis
2870 2021 2967 2074 per
2996 2007 3182 2061 orbem
3210 2009 3455 2063 subscri-

1885 2093 2129 2150 bendum
2172 2095 2480 2150 Alexander
2517 2097 2914 2153 Alexandrinus
2963 2100 3032 2153 ad
3081 2100 3451 2156 Alexandrum

1885 2186 2206 2258 Byzantium
2237 2188 2404 2244 misit.

1958 2279 2023 2332 V.
2067 2279 2141 2334 De
2189 2281 2415 2350 reliquis
2461 2282 2674 2339 duobus
2727 2285 3032 2339 litterarum
3081 2287 3448 2340 monumentis

1888 2387 2008 2440 quae
2056 2373 2307 2441 superius
2349 2375 2648 2443 excipiunt,
2683 2391 2806 2432 cum
2836 2392 2898 2432 ea
2936 2379 3046 2431 sint
3080 2393 3146 2431 ex
3187 2379 3451 2447 praeclara

1886 2461 2384 2518 Athanasianorum
2425 2465 2661 2521 editione
2703 2467 2998 2539 descripta,
3055 2477 3277 2538 praestat
3323 2485 3450 2538 pro-

1889 2561 2074 2621 pterea
2101 2555 2392 2624 ipsummet
2419 2559 2831 2614 celeberrimum
2859 2561 3122 2616 editorem
3169 2564 3242 2616 ita
3270 2562 3338 2618 de
3380 2564 3451 2619 iis

1887 2647 2308 2717 praloquentem
2337 2649 2524 2705 audire
2548 2649 2620 2723 (k)
2643 2670 2663 2706 :
2696 2670 2717 2703 ε
2746 2652 2993 2718 Edimus,
3025 2655 3218 2724 inquit,
3243 2656 3453 2709 Καθαί-

1878 2753 2056 2804 psam
2082 2753 2180 2792 seu
2212 2737 2600 2808 Depositionem
2632 2743 2743 2796 Arii
2771 2752 2823 2798 et
2841 2745 3142 2810 sociorum,
3176 2747 3251 2800 ita
3300 2748 3453 2803 scili-

1887 2838 1973 2887 cet
2002 2842 2368 2902 nuncupatam
2395 2832 2452 2886 in
2477 2833 2668 2888 codice
2687 2835 2849 2906 Regio
2877 2837 3022 2892 unde
3063 2853 3133 2892 ea
3158 2837 3453 2906 desumpta

1885 2929 1972 2976 est
1996 2939 2010 2988 ;
2043 2922 2168 2978 licet
2201 2924 2418 2994 proprie
2439 2923 2576 2979 nihil
2605 2926 2696 2979 illa
2728 2927 2799 2980 sit
2828 2927 2977 2982 aliud
3005 2929 3113 2982 nisi
3142 2930 3316 2984 oratio
3343 2945 3453 3000 qua

1887 3011 2195 3066 Alexander
2261 3013 2708 3085 archiepiscopus
2776 3017 2984 3072 accitos
3052 3017 3452 3077 Alexandrinos

1886 3101 2315 3174 Hareoticosque
2352 3107 2704 3177 presbyteros
2749 3119 2910 3180 atque
2939 3111 3220 3175 diaconos,
3265 3126 3454 3168 coram

1886 3193 2156 3259 hortatur,
2192 3203 2252 3250 ut
2282 3197 2611 3268 encyclicam
2632 3213 2799 3253 suam
2828 3200 3116 3270 epistolam
3166 3217 3272 3273 qua
3321 3220 3452 3259 nar-

223 3293 280 3346 in
300 3293 530 3363 epistola
556 3294 622 3348 ad
645 3262 1424 3350 Elisebiummcomediensem
1442 3296 1780 3366 episcopum,
1810 3262 1860 3324 ο
1890 3293 2044 3339 ratur
2089 3286 2204 3341 Arii
2236 3289 2620 3360 sociorumque
2643 3288 2942 3356 damnatio,
2970 3293 3224 3347 muniant
3255 3293 3454 3348 suifra-

224 3399 385 3455 quam
414 3386 606 3440 recitat
637 3385 1002 3442 Theodoritus
1029 3388 1126 3458 (9).
1158 3388 1326 3458 Cujus.
1368 3389 1588 3459 quidem
1623 3389 1785 3444 Nico-

225 3477 518 3533 mediensis
542 3477 783 3548 episc0pi
818 3479 1147 3534 mentionem
1183 3477 1361 3535 facere
1392 3481 1535 3535 haud
1562 3478 1784 3537 omisis-

225 3577 308 3622 set
338 3569 640 3625 Alexander
669 3571 724 3624 in
760 3571 866 3639 hac
905 3571 972 3624 ad
1011 3573 1384 3642 cognominem
1419 3573 1782 3629 Alexandrum

225 3662 473 3729 epistola,
509 3666 556 3718 si
579 3679 696 3718 eam
725 3664 848 3718 loco
864 3667 1169 3734 posteriore
1199 3666 1536 3736 scripsisset.

293 3753 381 3808 ιν..
419 3753 682 3810 Cteterum
710 3757 778 3811 ad
803 3757 1046 3826 ejusdem
1081 3759 1324 3827 epistola:
1369 3758 1780 3828 inscriptionem

224 3851 366 3921 quod
403 3853 614 3918 attinet,
663 3861 860 3924 praeter
889 3869 952 3909 ea
980 3870 1101 3924 quae
1147 3855 1213 3908 ad
1258 3856 1405 3909 illam
1438 3872 1504 3910 ex
1537 3855 1703 3927 Pagio
1728 3865 1783 3912 et

224 3943 445 3999 Baluzio
480 3947 883 4010 adnotavimus,
907 3948 1230 4002 sententiam
1257 3947 1525 4002 Holstenii
1555 3951 1656 4003 viri
1681 3949 1779 4003 du-

225 4037 455 4091 ctissimi
493 4038 598 4092 huc
629 4039 900 4094 adducere
925 4041 1148 4109 juverit.
1187 4039 1279 4094 Sic
1312 4041 1476 4110 igitur
1515 4042 1609 4095 ille
1645 4042 1722 4113 (Ii)
1765 4063 1776 4096 :

228 4144 247 4178 ι
281 4126 420 4182 Cum
466 4129 520 4182 in
573 4129 677 4184 hac
710 4130 959 4199 epistola,
1015 4147 1120 4184 non
1169 4147 1334 4184 unum
1388 4131 1644 4201 aliquem,
1686 4134 1777 4186 sed

225 4220 405 4288 plures
435 4221 666 4276 subinde
695 4223 1005 4292 alloquatnr
1023 4224 1453 4290 Alexander;....
1511 4225 1638 4276 mihi
1675 4226 1779 4278 lixa

193 4311 335 4366 haec
382 4314 531 4368 sedet
561 4315 848 4381 sententia,
901 4331 1010 4369 non
1063 4315 1324 4385 privatam
1377 4317 1611 4385 aliquam
1669 4317 1781 4371 sive

224 4406 592 4460 tractatoriam
642 4407 781 4461 hanc
825 4409 1107 4479 epistolam
1155 4425 1299 4472 esse,
1330 4409 1424 4462 sed
1456 4408 1778 4463 circularem

224 4511 284 4548 ac
313 4497 644 4566 generalem,
685 4499 906 4552 missam
933 4499 998 4551 ad
1024 4499 1271 4552 diversos
1305 4496 1534 4565 Europae
1564 4497 1778 4565 episco-

1888 3377 1977 3447 gio
2003 3393 2110 3432 suo
2142 3388 2304 3448 atque
2327 3381 2750 3450 subscriptione.
2786 3381 2900 3436 Hoc
2936 3385 3258 3453 opusculum
3291 3394 3452 3440 antea

1889 3471 2156 3526 i'neditum
2183 3471 2250 3526 ν.
2281 3472 2340 3528 C.
2371 3471 2676 3529 Cotelerius
2708 3475 2822 3530 suis
2845 3475 2912 3528 ad
2940 3474 3045 3530 PP.
3067 3477 3228 3546 primi
3263 3480 3451 3533 saeculi

1889 3567 2035 3622 notis
2070 3567 2298 3621 inseruit
2331 3564 2415 3635 (ι),
2449 3583 2520 3622 ne
2547 3567 2754 3622 scilicet
2778 3584 3004 3638 prorsus
3037 3569 3305 3627 interiret.
3342 3571 3451 3628 Sed

1887 3673 2010 3712 cum
2043 3664 2196 3712 extra
2241 3657 2521 3727 praprium
2575 3659 2755 3712 locum
2809 3660 2882 3713 ibi
2931 3660 3170 3731 positum
3213 3662 3307 3725 sit,
3340 3664 3450 3718 huc

1886 3751 2062 3804 visum
2091 3757 2174 3802 est
2207 3749 2465 3819 adjicere,
2498 3764 2620 3802 cum
2655 3752 2956 3820 praesertim
3001 3752 3452 3822 implicatissimis

1885 3844 2212 3898 Arianorum
2243 3843 2485 3898 exordiis
2519 3844 2659 3897 haud
2690 3859 2878 3913 parum
2910 3846 3048 3900 lucis
3071 3846 3276 3901 afferat.

1953 3933 2096 3988 Huic
2128 3935 2476 4005 adjungimus
2505 3936 2841 4006 encyclicam
2890 3937 3180 3992 Alexandri
3235 3939 3445 4009 episto-

1885 4027 2014 4089 lam,
2063 4042 2183 4096 quae
2233 4028 2307 4080 ita
2355 4026 2679 4096 praecedenti
2734 4027 3057 4098 Depositioui
3089 4031 3344 4096 cohaeret,
3387 4042 3447 4088 ut

1885 4119 2195 4174 nullatenus
2235 4119 2428 4174 debeat
2458 4120 2525 4174 ab
2557 4136 2621 4174 ea
2672 4122 2944 4192 segregari
2992 4142 3004 4175 :
3057 4139 3226 4194 quare
3270 4141 3448 4195 operae

1884 4209 2117 4277 pretium
2163 4210 2264 4262 fuit
2302 4210 2423 4264 illas
2449 4211 2681 4265 invicem
2735 4213 3013 4281 sejunctas
3044 4215 3132 4270 hic
3163 4218 3442 4285 ecpularc,

1882 4311 2042 4370 prout
2073 4303 2125 4354 iu
2151 4303 2339 4356 eodem
2360 4302 2518 4372 Hegio
2562 4304 2752 4359 codice
2787 4306 2990 4374 jacent.
3044 4305 3281 4362 Habetur
3331 4311 3445 4363 haec

1881 4393 2110 4461 epistola
2144 4395 2285 4462 apud
2314 4392 2593 4449 Socratem
2629 4396 2750 4466 (m),
2781 4397 2874 4450 sed
2903 4398 3092 4452 multis
3116 4400 3326 4453 mendis
3353 4416 3443 4455 re-

1883 4498 2092 4551 spersa,
2155 4485 2642 4554 desideranturque
2674 4487 2745 4540 ibi
2774 4489 3122 4543 Alexandrini
3154 4492 3282 4545 cleri
3311 4493 3442 4546 sub-

223 4603 338 4656 ροε,
369 4589 524 4656 Quod
553 4605 713 4644 nemo
741 4589 898 4644 facile
935 4593 1229 4662 negaverit,
1260 4591 1352 4660 qui
1384 4590 1546 4659 hujus
1570 4589 1774 4659 epis“)-
1809 4618 1856 4671 Β
1885 4577 2237 4647 scriptiones.
2266 4578 2397 4632 Item
2427 4580 2728 4650 leg-iturilla
2749 4581 2890 4649 apud
2914 4580 3188 4636 Gelasium
3218 4584 3294 4653 (η)
3319 4599 3444 4639 cum

226 4681 284 4735 lae
312 4691 518 4751 partem
553 4691 870 4744 extremam,
907 4692 960 4737 et
979 4684 1475 4737 ecclesiasticarum
1519 4682 1778 4751 epistola-

224 4788 340 4826 rum
375 4773 606 4827 formam
627 4775 954 4845 modumque
976 4790 1085 4828 non
1119 4776 1276 4845 plane
1307 4774 1634 4844 ignoret.....
1658 4772 1777 4827 Non

225 4873 281 4917 ut
338 4865 642 4920 Alexandro
694 4865 1276 4935 Constantinopolitano
1326 4866 1584 4935 episc0po
1636 4867 1778 4919 banc

224 4961 503 5028 epistolam
544 4958 805 5028 scriptam
839 4975 1061 5030 negem;
1090 4961 1184 5014 sed
1213 4968 1272 5013 ut
1308 4959 1375 5013 ad
1404 4961 1539 5013 alios
1563 4973 1780 5028 quoque

224 5053 431 5108 vicinos
481 5054 790 5123 episcopos,
834 5053 917 5108 vel
958 5053 1014 5106 in
1067 5053 1212 5121 regia
1255 5052 1390 5105 urbe
1439 5051 1776 5120 negotiorum

226 5156 384 5198 causa
412 5155 527 5198 tum
563 5152 864 5207 versantes,
896 5143 1138 5213 ejusdem
1164 5158 1378 5212 quoque
1407 5143 1653 5210 exempla
1684 5156 1779 5208 per

294 5321 369 5392 (a)
404 5321 558 5376 Socr.
593 5321 629 5376 ι.
662 5339 707 5375 c.
743 5322 845 5376 sub
873 5322 964 5392 tiu.

291 5388 365 5458 (ὁ)
400 5392 617 5446 Sozom.
647 5392 788 5445 Hist.
822 5391 945 5446 eccl.
975 5392 1064 5445 lib.
1094 5409 1132 5444 ι.
1161 5408 1280 5460 cap.
1310 5391 1358 5452 l,
1385 5389 1486 5444 sub
1509 5388 1595 5442 liti.

291 5462 362 5547 ξιξ)
395 5462 841 5547 ’ξξιεοάρῃμὶδμ
875 5463 999 5547 fcgl.
1033 5463 1127 5517 lib.
1160 5478 1198 5526 ι,
1230 5476 1348 5531 cap.
1374 5461 1430 5514 4.

290 5531 366 5603 (d)
400 5534 553 5588 Alex.
590 5533 754 5602 Epist.
792 5535 843 5596 1,
875 5531 902 5602 §
934 5531 985 5584 2.

295 5607 365 5674 (ε)
400 5603 477 5658 Id.
517 5603 728 5674 ibid.,i§
752 5605 802 5657 9.
851 5673 860 5674 ί

388 5674 576 5758 Υδιεῖε..
593 5675 658 5728 ad
683 5670 950 5758 :lili‘enodor.
977 5671 1119 5728 Hist.
1147 5673 1298 5737 e061,,
1317 5686 1436 5742 pag.
1465 5670 1550 5735 16,
1576 5679 1702 5726 note
1721 5672 1778 5739 2,

227 5745 354 5801 e'lit.
389 5745 648 5800 Cantabr.
678 5744 833 5799 1720.

295 5816 345 5884 (g
398 5814 666 5870 Theudor.
701 5816 837 5869 Hist.
871 5814 995 5868 eccl.
1032 5815 1122 5868 lib.
1159 5829 1196 5876 ι,
1222 5829 1342 5876 cap.
1366 5814 1419 5867 5.

297 5816 372 5956 (hi
404 5885 645 5941 llolsten.
672 5888 739 5942 ad
768 5884 1253 5956 calcemTheodor.
1283 5884 1460 5941 Vales.
1485 5883 1534 5939 di

297 5884 372 5956 (Ii)
404 5885 645 5941 llolsten.
672 5888 739 5942 ad
768 5884 1253 5956 calcem_The0dor.
1283 5884 1460 5941 Vales.
1485 5884 1701 5940 dissert.
1734 5901 1775 5949 l,

1886 4672 2407 4742 subscriptionibus,
2441 4672 2537 4726 sed
2572 4673 2784 4728 mendis
2816 4673 2980 4726 etiam
3031 4675 3206 4728 obsita
3247 4693 3260 4727 :
3310 4676 3445 4729 sub-

1884 4763 2320 4832 scriptionesque
2374 4763 2509 4816 adeo
2566 4762 2774 4816 mutilae
2843 4771 2992 4823 sunt,
3043 4774 3101 4816 ut
3160 4780 3444 4819 necessum

1882 4871 2109 4925 prorsus
2163 4855 2325 4910 fuerit
2384 4868 2578 4908 novam
2625 4853 2742 4921 ejus
2792 4852 3084 4907 editionem
3142 4869 3355 4925 parare,
3389 4867 3445 4908 ut

1884 4946 2193 5016 inspicienti
2226 4947 2424 5016 cuique
2451 4945 2628 5013 palam
2656 4946 2777 4996 erit.
2809 4941 3003 4995 Narrat
3028 4944 3116 4996 hic
3140 4944 3444 4998 Alexander

1884 5054 1971 5093 res
1995 5047 2177 5110 gestas
2209 5039 2264 5090 in
2290 5045 2484 5091 exortu
2528 5035 2745 5089 Arianae
2783 5034 3031 5098 haeresis,
3060 5034 3224 5104 inque
3251 5035 3363 5090 Arii
3393 5047 3441 5091 et

1884 5137 2216 5183 sectatorum
2268 5127 2652 5191 damnatione;
2705 5136 2998 5205 monetque
3040 5126 3328 5196 episcopos
3377 5143 3440 5181 ne

1885 5326 2006 5380 pag.
2040 5309 2164 5373 606,
2204 5309 2334 5380 edit.
2365 5309 2620 5364 Cantabr.

1955 5375 2012 5452 (ἱ)
2043 5379 2334 5452 Montfaue.
2393 5384 2602 5452 prastat.
2644 5378 2732 5452 Aad
2789 5389 2921 5434 tom.
2987 5378 3030 5432 Il
3069 5379 3288 5433 Cotlect.
3321 5375 3440 5431 PP.

1885 5450 2078 5514 eme,
2103 5451 2373 5504 anitnadv.
2404 5451 2457 5508 6.
2491 5465 2612 5518 pag.
2637 5450 2728 5502 20.

1954 5523 2018 5592 (ἰ)
2049 5520 2402 5592 AlexaEpist.
2446 5523 2497 5580 l.
2531 5520 2558 5591 §
2600 5522 2678 5574 14,

1955 5595 2028 5665 (Is)
2062 5591 2381 5658 Menti-aue,
2407 5592 2542 5662 Opp.
2578 5594 2805 5653 Atlian.,
2835 5601 2966 5644 tom.
2999 5591 3040 5651 l,
3075 5594 3214 5658 part.
3250 5603 3288 5650 ι,
3317 5601 3436 5657 pag,

1957 5735 2020 5802 (ι)
2050 5733 2222 5788 Cotel.
2259 5731 2322 5785 ad
2366 5733 2549 5786 Const.
2586 5741 2768 5800 θροεῖν
2798 5732 2892 5783 lib.
2921 5745 3039 5802 vin,
3072 5743 3192 5797 cap.
3227 5728 3320 5785 28.

1957 5800 2050 5874 (ηδ)
2087 5806 2240 5865 Socr.
2273 5803 2412 5874 Hist.
2445 5804 2570 5857 εισι,
2609 5805 2701 5854 lib.
2730 5818 2768 5865 t,
2793 5817 2911 5874 cap.

1959 5867 2044 5946 (in).
2072 5874 2251 5930 Gelas.
2277 5873 2407 5943 Cyz.
2443 5875 2584 5925 Hist.
2616 5888 2759 5924 conc.
2797 5867 2919 5924 Nic.
2951 5871 3048 5927 lib.
3081 5874 3138 5936 tt,
3167 5886 3286 5940 cap.
3315 5869 3369 5923 5.
