4088 6284
601 364 704 420 5'27

1658 370 1716 425 S.
1753 370 2167 429 ALEXANDER
2196 377 2758 437 ALEXANDRINUS.

598 481 835 538 Eusebio
861 481 1258 541 Nicomediensi
1289 485 1405 541 Arii
1436 496 1666 558 patrono
1706 505 1911 563 morem
1941 503 2151 563 gerant,
2183 503 2229 559 Α
2257 501 2554 570 politanum
2586 503 2923 572 episc0pum,
2971 514 3091 569 qute
3143 499 3283 569 apud
3338 506 3586 554 sanctum
3634 501 3813 557 Maxio

595 574 642 629 si
671 573 887 644 quidem
919 574 974 628 in
1006 574 1378 632 haeresiarchas
1402 580 1628 650 gratiam
1654 581 1858 637 litteras
1892 583 1979 639 ille
2016 587 2154 641 scri-

594 666 783 734 pserit.
838 685 857 717 ι
914 664 1031 720 Huc
1091 681 1265 738 usque
1310 669 1394 722 vir
1450 670 1666 727 doctus.
1737 671 1842 738 Qui
1898 675 2152 748 deinceps

596 766 885 827 utrumque
917 759 1244 827 opusculum
1279 761 1475 816 iterum
1526 763 1823 819 illustravit
1856 766 1931 837 (α)
1964 767 2152 823 adver-

592 864 685 903 sus
710 851 909 919 placita
940 848 1294 921 Tillemontii,
1328 855 1422 924 qui
1453 862 1575 909 acta
1625 856 1982 928 depositionis
2034 861 2151 915 Arii

588 950 641 996 et
672 942 943 997 sociorum
979 958 1139 1000 secus
1171 945 1505 1002 intellexisse
1532 948 1761 1002 videtur.

657 1033 754 1090 His
783 1051 949 1105 porro
987 1037 1162 1091 sancti
1194 1036 1370 1091 Patris
1424 1040 1645 1109 scriptis
1696 1041 1995 1112 fragmenta
2042 1045 2148 1099 duo

587 1127 918 1197 subjecimus
953 1144 1017 1183 ex
1044 1127 1285 1200 ejusdem
1316 1131 1542 1200 epistola
1575 1132 1639 1186 ad
1664 1131 1949 1204 Aiglonem
1979 1136 2148 1207 Cyno-

763 1278 1057 1369 Mongtﬁa-ue.
1107 1282 1617 1369 Prtei:tt..admtom.
1670 1285 1714 1339 ll
1753 1285 1971 1342 Collect.
2023 1287 2140 1343 PP.

586 1348 778 1414 Grata,
806 1350 1076 1404 animadv.
1103 1348 1157 1416 5,
1183 1368 1303 1423 pag.
1323 1352 1519 1420 16-20.

2261 607 2408 647 mum
2439 594 2805 650 confessorem
2834 593 3086 663 leguntur
3109 591 3206 664 (b).

2322 681 2606 740 Postremo
2650 685 2769 739 loco
2816 684 3067 738 lectorem
3103 682 3369 737 monitum
3418 683 3690 752 volumus,
3743 680 3813 739 ad

2255 774 2458 830 calcem
2491 774 2808 830 Theodoriti
2834 773 3109 830 Valesiani
3155 774 3293 831 duas
3336 783 3554 830 exstare
3604 776 3813 831 disser-

2256 864 2487 919 tationes
2552 864 2839 927 Holstenii,
2905 865 3103 934 quibus
3165 864 3249 918 vir
3320 864 3410 918 ille
3460 864 3811 920 doctissimus

2255 961 2544 1024 utramque
2595 952 2887 1008 Alexandri
2935 952 3177 1023 episcopi
3207 951 3559 1007 Alexandrini
3601 954 3808 1023 episto-

2254 1048 2384 1110 lam,
2409 1046 2471 1102 ut
2492 1050 2655 1116 paulo
2677 1059 2801 1103 ante
2828 1049 3127 1112 innuimus,
3155 1048 3368 1119 egregie
3391 1047 3645 1103 illustrat.

2320 1288 2396 1415 ἑὸ)
2425 1290 2566 1372 Max.
2592 1291 2730 1362 Opp.
2776 1299 2914 1351 tom.
2946 1288 3014 1358 ll,
3048 1306 3170 1363 pag.
3200 1291 3458 1356 152-155,
3482 1289 3613 1346 edit.
3643 1285 3807 1345 Com-

2345 1403 2357 1415 .
2383 1360 2557 1415 Paris.
2595 1364 2754 1415 1675.

2250 1360 2357 1417 bef.
2380 1360 2557 1427 Paris,
2595 1360 2754 1418 1675.

602 1504 3790 1543 ._________________________________________________________

1550 1664 1967 1780 LUCfE
2060 1665 2830 1783 HOLSTENII

913 1886 1592 1950 DISSERTATIONES
1628 1886 1810 1949 DILE
1841 1889 1950 1951 DE
1983 1888 2210 1953 LOClS
2255 1889 2714 1964 QUIBUSDAM
2746 1889 3093 1953 CONCILII
3124 1890 3421 1954 NICIENI

1486 2073 2277 2167 DISSERTATIO
2350 2060 2889 2165 PRIMA“).

573 2376 589 2390 .
668 2381 682 2392 .
762 2378 774 2392 .
863 2379 875 2391 .
957 2379 970 2392 .
1048 2381 1062 2394 .
1142 2378 1157 2392 .
1236 2381 1250 2395 .
1338 2379 1352 2393 .
1437 2380 1450 2394 .
1530 2380 1544 2395 .
1624 2380 1639 2394 .
1719 2382 1733 2396 .
1780 2344 1783 2347 λ
1825 2383 1839 2396 .
1918 2384 1931 2397 .
2011 2385 2024 2398 .
2105 2335 3799 2414 .Bquedivinitatismovere,etCreatoremincreaturaecen-

572 2431 754 2500 itaque
784 2431 854 2485 ab
913 2447 1034 2491 ovo.
1064 2432 1207 2502 quod
1271 2432 1444 2496 aiunt,
1485 2448 1600 2488 rem
1637 2435 1896 2500 exordiri,
1928 2444 1980 2490 et
2009 2453 2128 2507 qua:

570 2531 862 2592 supersunt
903 2524 1105 2579 Nicaaui
1143 2525 1360 2579 concilii
1405 2520 1831 2596 ἀποσπασμάτια
1869 2528 1969 2581 sub
2000 2543 2128 2583 exa-

570 2631 693 2669 men
737 2630 991 2670 revocare
1020 2617 1224 2685 placuit
1253 2637 1265 2671 :
1293 2616 1450 2687 cujus
1481 2617 1676 2687 privati
1707 2618 1908 2673 laboris
1935 2634 1998 2674 ac
2020 2628 2129 2674 stu-

567 2708 643 2762 dii
674 2710 947 2778 specimen
990 2709 1044 2762 in
1078 2709 1297 2779 publico
1344 2710 1448 2765 hoc
1483 2725 1743 2765 consessu
1787 2710 1943 2766 vobis
1974 2711 2128 2766 exhi-

567 2802 802 2858 bendum
831 2800 980 2863 duxi,
1022 2801 1461 2872 quandoquidem
1501 2802 1803 2859 disserendi
1830 2804 2128 2860 necessita-

564 2901 672 2949 tem
700 2901 881 2950 vestra
907 2892 1217 2963 benignitas
1241 2894 1372 2948 mihi
1394 2894 1668 2965 imposuit.
1692 2893 1781 2950 Eae
1801 2903 1979 2951 autem
2001 2905 2127 2952 sunt

562 2986 683 3041 dua:
713 2984 1001 3040 Alexandri
1019 2984 1360 3041 Alexandriae
1379 2985 1619 3058 episcopi
1643 2985 1903 3057 epistola),
1926 3004 2045 3059 qua:
2060 3005 2127 3044 ex

566 3077 803 3133 Socratis
818 3086 870 3133 et
891 3075 1215 3133 Theodoreti
1244 3077 1596 3133 ecclesiastica
1612 3077 1857 3134 Historia
1869 3080 2126 3151 deprom-

565 3176 665 3236 ptte
727 3159 1181 3239 προπαρασκενὴν
1247 3166 1464 3222 concilii
1518 3165 1723 3223 Nicami
1764 3169 2121 3228 constituunt.

555 3257 785 3329 Egregie
818 3275 950 3314 sane
990 3259 1093 3312 illae
1117 3269 1169 3314 et
1197 3259 1383 3323 δεινῶς
1421 3260 1659 3330 scriptae,
1695 3262 1894 3331 quibus
1932 3261 2125 3318 Latina

552 3349 1040 3419 'Christophorsoni
1073 3352 1252 3404 vcrsio
1281 3351 1632 3421 adjungitur;
1683 3354 1775 3407 sed
1807 3368 1834 3405 a
1858 3351 2121 3408 Romanis

557 3439 860 3498 editoribus
891 3442 1170 3497 nonnullis
1197 3442 1251 3495 in
1272 3442 1405 3495 locis
1437 3442 1776 3511 interpolata.
1807 3444 1883 3497 lta
1914 3445 2125 3500 scilicet

558 3545 666 3586 non
699 3531 872 3586 solum
900 3532 1168 3586 versionis
1200 3529 1574 3594 Conciliorum,
1619 3530 1712 3586 sed
1749 3532 2013 3587 universa:
2039 3534 2123 3586 hi-

557 3622 741 3675 storiae
767 3621 1150 3677 ecclesiasticae
1177 3628 1394 3690 gustum
1426 3622 1657 3691 aliquem
1687 3638 1773 3677 me
1798 3624 1956 3679 vobis
1983 3640 2121 3695 prae-

2235 2450 2354 2491 sum
2389 2434 2622 2503 dejicere
2657 2431 2977 2485 conabatur.
3019 2428 3077 2483 In
3132 2431 3327 2499 quibus
3375 2433 3633 2486 nonnulla
3665 2440 3797 2488 sunt

2234 2541 2423 2598 parum
2457 2535 2605 2579 recte
2642 2522 2936 2578 constituta
2981 2521 3037 2576 in
3076 2519 3263 2576 Graeco
3293 2530 3460 2585 textu,
3493 2524 3575 2577 vel
3614 2522 3799 2580 minus

2233 2622 2486 2670 accurate
2512 2613 2579 2667 ab
2611 2612 2904 2680 interprete
2932 2611 3235 2677 observata,
3268 2614 3351 2667 vel
3382 2614 3434 2667 in
3464 2613 3663 2682 quibus
3692 2627 3795 2666 an-

2231 2708 2415 2778 tiquus
2446 2706 2711 2775 interpres
2729 2702 3062 2774 Epiphanius
3088 2702 3482 2769 Scholasticus,
3513 2704 3672 2759 aliam
3696 2718 3797 2759 suo

2231 2809 2473 2872 tempore
2502 2798 2788 2854 lectionem
2821 2805 3042 2854 secutus
3070 2798 3300 2854 videtur.
3335 2797 3466 2864 Quae
3493 2814 3616 2853 eum
3638 2814 3796 2870 pres-

2233 2894 2395 2949 sioris
2436 2892 2546 2946 sint
2587 2889 3059 2953 considerationis,
3107 2904 3531 2946 commemorare
3579 2890 3793 2962 singula

2232 2984 2366 3038 nihil
2393 2983 2601 3037 attinet.
2639 2981 2771 3035 Illud
2808 2981 3182 3045 indicandum,
3221 2981 3583 3052 interrogatos
3603 2982 3792 3037 Arium

2231 3090 2297 3130 ac
2321 3073 2520 3138 socios,
2549 3072 2794 3142 nunquid
2819 3086 2947 3143 ergo
2968 3069 3205 3127 Verbum
3229 3069 3346 3135 Dei,
3373 3072 3514 3142 quod
3540 3071 3618 3125 illi
3640 3086 3793 3127 crea-

2229 3178 2345 3223 tum
2376 3167 2709 3230 asserebant,
2747 3164 2943 3219 mutari
2970 3170 3175 3233 posset,
3200 3162 3651 3232 quemadmodum
3679 3162 3792 3217 dia-

2229 3260 2384 3315 bolus
2408 3266 2644 3313 mutatus
2663 3257 2856 3322 fuerat,
2874 3269 2985 3309 non
3011 3254 3215 3309 veritos
3233 3253 3573 3324 respondere,
3599 3268 3782 3322 posse.

2231 3352 2449 3406 Addunt
2499 3351 2763 3403 rationem
2807 3346 2887 3401 sic
2918 3346 2975 3400 in
3009 3345 3250 3401 Romana
3282 3345 3515 3400 editione
3558 3359 3787 3414 expres-

2229 3459 2344 3500 sam
2373 3461 2386 3498 :
2409 3441 2659 3514 Τρεπτῆς
2682 3439 2787 3510 γὰρ
2804 3438 3014 3509 φύσεώς
3032 3440 3146 3492 ἐστι
3166 3438 3406 3509 γενητὸς,
3431 3437 3526 3490 καὶ
3549 3436 3784 3505 τρεπτὸς

2228 3535 2504 3609 ὑπάρχων.
2539 3531 2693 3601 Quod
2725 3538 2942 3587 vertunt
2977 3549 2991 3586 :
3028 3530 3172 3586 Nam
3203 3540 3253 3586 et
3286 3530 3549 3584 mutabilis
3576 3538 3785 3584 natura

2228 3629 2398 3698 factus
2426 3635 2523 3694 est,
2570 3636 2621 3681 et
2652 3626 2921 3681 mutabilis
2950 3625 3177 3681 exsistit.
3215 3622 3332 3691 Qua
3363 3624 3418 3678 in
3446 3637 3506 3676 re
3530 3631 3585 3678 et
3615 3622 3785 3677 inter-

556 3714 793 3769 biturum
829 3715 1032 3783 putavi.
1069 3712 1174 3768 Sed
1206 3714 1336 3768 mihi
1361 3725 1540 3768 vestra
1569 3715 1837 3784 principio
1864 3717 2123 3785 patientia
2152 3711 2193 3768 C
2229 3720 2397 3790 pretis
2424 3718 2666 3774 Britanni
2706 3728 2760 3775 et
2790 3719 3161 3773 Romanorum
3189 3717 3483 3773 editionem
3514 3712 3781 3784 judicium

555 3806 830 3860 exoranda
860 3813 962 3870 est,
998 3813 1057 3860 ut
1088 3821 1243 3876 aequo
1274 3806 1454 3860 animo
1488 3822 1585 3876 per
1613 3805 1945 3877 confragosae
1999 3823 2122 3861 ora-

556 3897 721 3954 tionis
754 3900 994 3954 salebras
1023 3898 1355 3969 aspirantem
1390 3899 1646 3969 subsequi
1695 3914 1803 3953 non
1838 3909 2116 3969 gravetur.

553 3991 697 4061 Cum.
722 3990 835 4045 sive
867 4005 1049 4055 casus,
1077 3991 1193 4046 sive
1224 3991 1512 4045 consilium
1547 4005 1667 4046 eam
1694 3990 1827 4045 mihi
1857 3992 2118 4057 obiecerit

553 4082 854 4145 materiam,
889 4097 1008 4152 quae
1040 4084 1301 4141 orationis
1331 4085 1535 4139 cultum
1562 4082 1980 4154 haudquaquam
2015 4086 2113 4141 ad-

553 4173 737 4237 mittit,
769 4182 820 4228 et
848 4174 992 4244 quod
1022 4184 1299 4230 oratorum
1329 4177 1580 4246 princeps
1610 4176 1677 4231 de
1708 4177 1871 4233 rebus
1896 4193 2116 4249 geogra-

552 4265 728 4336 phicis
756 4265 953 4327 aiebat,
976 4264 1518 4338 ἅνθηρογραφεῖσθαι,
1541 4270 1691 4324 nullo
1719 4269 1880 4323 modo
1911 4277 2106 4339 potest.

620 4356 702 4410 Ad
731 4356 845 4410 haec
873 4372 996 4409 cum
1028 4356 1082 4409 in
1107 4357 1282 4411 alieno
1316 4359 1498 4413 labore
1527 4359 1726 4430 ingenii
1752 4374 1976 4414 acumen
2009 4374 2105 4412 ex-

550 4447 713 4518 periri
746 4454 795 4502 et
820 4446 1011 4514 judicii
1042 4460 1327 4501 censuram
1356 4462 1611 4502 exercere
1655 4447 2003 4514 instituerim,
2048 4456 2107 4501 ut

549 4554 648 4610 ego
696 4554 955 4610 germano
1000 4539 1235 4594 Candore
1285 4553 1348 4594 ac
1390 4538 1494 4593 ﬁde
1522 4539 1729 4609 optima
1773 4540 2104 4594 calumniam

549 4633 722 4701 ejuro,
758 4632 832 4685 ita
858 4630 1116 4684 invidiam
1141 4629 1421 4699 deprecor,
1445 4645 1513 4685 ne
1538 4630 1660 4699 quis
1693 4630 1885 4684 alienis
1910 4629 2105 4685 erratis

549 4721 884 4790 exagitandis
918 4721 1180 4776 doctrinae
1217 4727 1310 4773 aut
1342 4717 1622 4775 industria:
1656 4720 1868 4775 laudem
1900 4736 1985 4775 me
2010 4735 2106 4773 au-

547 4813 730 4882 cupari
756 4814 1046 4869 existimet.
1082 4812 1300 4866 l‘ublica
1350 4811 1465 4867 haec
1500 4812 1678 4867 studia
1712 4821 1858 4877 sunt,
1905 4813 2102 4884 quibus

548 4907 926 4978 promovendis
987 4903 1253 4977 publicam
1305 4906 1617 4973 utilitatem,
1678 4924 1786 4962 non
1836 4909 2099 4978 privatam

547 5001 755 5056 laudem
781 4991 1088 5070 quaerimus.
1135 4994 1247 5052 Vos
1273 5014 1421 5061 vero,
1453 5000 1864 5054 eminentissimi
1891 5000 2096 5068 princi-

2223 3811 2461 3881 requiro.
2488 3808 2624 3863 Nam
2649 3819 2707 3863 ut
2737 3820 2941 3865 taceam
2964 3824 3184 3863 sensum
3209 3808 3312 3861 loci
3334 3807 3445 3876 jam
3472 3806 3598 3860 olim
3629 3820 3656 3857 a
3690 3820 3782 3857 ve-

2220 3904 2323 3959 teri
2347 3903 2639 3974 interprete
2668 3910 2816 3957 reete
2840 3916 3178 3971 expressum,
3207 3901 3332 3971 quis
3361 3897 3587 3953 rationis
3614 3895 3785 3965 hujus

2218 3995 2459 4064 pondera
2494 4009 2555 4047 ac
2598 4001 2869 4048 momenta
2924 3990 3297 4062 perpendens,
3340 3990 3421 4043 vel
3466 3987 3777 4042 Graecum

2218 4086 2444 4141 lectione
2475 4086 2638 4157 paulo
2663 4085 3031 4148 exercitatior,
3058 4098 3169 4138 non
3196 4081 3353 4138 facile
3391 4080 3779 4136 animadvertit

2213 4192 2280 4233 ex
2317 4178 2432 4248 ipsa
2476 4177 2727 4248 loquendi
2772 4175 3183 4239 consuetudine,
3210 4175 3390 4227 minus
3422 4181 3625 4228 rectam
3654 4171 3777 4227 dis-

2215 4269 2535 4323 tinetionem
2574 4268 2821 4323 vitiosam
2854 4268 3128 4338 peperisse
3158 4264 3505 4321 versionem?
3532 4262 3777 4318 Aliirma—

2211 4361 2302 4413 bat
2326 4359 2488 4414 Arius
2516 4359 2710 4414 Filium
2741 4359 2856 4424 Dei,
2890 4359 2982 4413 τὸν
3010 4359 3198 4427 Λόγον,
3227 4371 3387 4426 posse
3410 4355 3636 4421 mutari;
3671 4354 3773 4408 ad—
3814 4369 3823 4376 ‘

2203 4449 2437 4519 jungens
2478 4449 2763 4511 rationem,
2798 4448 3036 4519 τρεπτῆς
3075 4445 3182 4517 γὰρ
3215 4442 3426 4514 φύσεώς
3459 4445 3599 4500 ἐστι.
3633 4440 3772 4497 Nam

2207 4549 2414 4595 natura:
2440 4540 2713 4595 mutabilis
2745 4550 2847 4604 est,
2882 4540 2967 4594 vel
2996 4547 3244 4592 naturam
3280 4534 3597 4616 mutabilem
3625 4533 3771 4587 obti—

2204 4639 2317 4696 net,
2354 4630 2578 4702 γενητὸς
2601 4630 2935 4703 καὶτρεπτὸς
2949 4631 3229 4700 ὑπάρχων,
3252 4627 3448 4696 quippe
3472 4625 3563 4694 qui
3589 4622 3768 4679 factus

2205 4723 2320 4779 sive
2366 4735 2604 4787 creatus,
2650 4737 2714 4778 ac
2747 4720 2970 4793 proinde
3012 4720 3289 4775 mutabilis
3343 4725 3447 4773 est.
3492 4715 3765 4782 Quocirca

2205 4813 2624 4884 haudquaquam
2660 4813 2977 4884 negligenda
3008 4812 3112 4867 hoc
3141 4813 3260 4866 loco
3288 4826 3393 4865 vox
3423 4809 3668 4879 γενητός,
3704 4807 3766 4865 in

2202 4920 2306 4974 qua
2337 4904 2420 4960 vis
2453 4907 2631 4959 omnis
2685 4920 2749 4958 ac
2794 4919 2990 4959 nervus
3029 4903 3205 4972 impiae
3247 4901 3393 4955 illius
3441 4899 3763 4956 assertionis

2201 4997 2493 5053 consistit:
2530 5011 2692 5068 quam
2739 4997 2853 5066 ipse
2893 4995 3195 5050 Alexander
3236 4993 3483 5064 sequenti
3527 4991 3763 5062 epistola

544 5107 655 5160 pes,
675 5092 941 5147 submisse
967 5104 1100 5158 rogo
1124 5097 1183 5144 ut
1210 5106 1331 5145 cum
1354 5092 1603 5145 voluntas
1626 5098 1786 5161 atque
1805 5093 2101 5149 auctoritas
2136 5080 2178 5135 Β
2203 5090 2434 5160 repetit,
2486 5088 2580 5144 sed
2628 5088 2809 5143 verbis
2869 5088 3039 5156 magis
3088 5086 3392 5156 perspicuis
3442 5083 3757 5139 deductam.

534 5194 716 5239 vestra
743 5181 794 5234 in
818 5180 962 5235 hunc
984 5196 1068 5236 me
1088 5183 1415 5251 protraxerit
1437 5183 1635 5249 locum,
1661 5182 2009 5239 humanitatis
2035 5199 2097 5239 ac

543 5270 924 5325 nenevolentiaa
955 5279 1150 5326 vestrae
1187 5284 1348 5335 aura,
1385 5273 1650 5327 orationis
1689 5288 1911 5328 cursum
1954 5273 2093 5329 inter

536 5369 713 5435 syrtes
737 5369 793 5418 et
833 5362 1015 5418 brevia
1046 5369 1364 5417 aestuantem
1399 5364 1711 5439 sublevetis;

602 5453 800 5510 Narrat
831 5454 1134 5509 Alexander
1176 5454 1292 5507 Arii
1337 5456 1663 5523 apostasiam
1702 5463 1756 5510 et
1784 5456 2091 5525 blasphema

534 5544 782 5617 dogmata
819 5547 1020 5617 quibus
1065 5545 1341 5599 Christum
1375 5543 1661 5599 Dominum
1706 5554 1849 5600 statu
1887 5545 2088 5616 gradu-

2206 5183 2392 5246 Aiunt,
2427 5183 2621 5253 inquit,
2655 5180 2848 5236 Filium
2894 5180 2987 5237 Dei
3021 5197 3145 5237 cum
3186 5188 3343 5235 antea
3377 5194 3486 5233 non
3538 5177 3756 5239 fuisset,

2201 5282 2389 5344 postea
2434 5273 2657 5338 factum,
2704 5271 3015 5343 factumque
3047 5274 3230 5336 talem,
3274 5271 3365 5326 ubi
3418 5269 3596 5325 factus
3628 5267 3753 5329 fuit,

2193 5365 2380 5434 quales
2421 5363 2600 5419 caeteri
2628 5371 2756 5419 sunt
2792 5364 3058 5419 homines.
3090 5360 3658 5433 Συναναλαμϐάνοντες
3681 5359 3755 5429 τῇ

2190 5458 2299 5510 τῶν
2331 5452 2582 5512 ἁπάντων
2611 5459 2783 5511 κτίσει
2811 5459 2904 5512 καὶ
2930 5459 3020 5511 τὸν
3050 5458 3176 5511 Υἰὸν
3204 5456 3296 5510 τοῦ
3328 5455 3482 5520 Θεοῦ,
3524 5467 3759 5519 compre-

2190 5548 2464 5605 hendentes
2490 5552 2648 5606 etiam
2678 5549 2873 5605 Filium
2924 5551 3022 5613 Dei
3074 5551 3395 5620 reliquarum
3454 5556 3759 5606 creaturam

601 5718 677 5795 (ᾳ)
711 5716 903 5795 Habita
955 5716 1138 5795 Romae
1195 5717 1248 5795 in
1294 5716 1579 5795 Academia
1633 5717 1921 5782 Basiliana,
1969 5717 2124 5787 l655,
2166 5721 2512 5781 audientibus
2533 5725 2978 5783 eminentissimis
3022 5682 3472 5783 cardiu-alibusl.
3503 5725 3559 5780 Β.
3593 5724 3760 5778 Pam-

533 5787 719 5851 philio.
751 5786 837 5841 Fr.
866 5789 1178 5852 Barbcrino,
1211 5788 1562 5843 Brancaccio.
