4088 6284
305 330 404 387 5'23

1732 327 2032 387 NOTITIA.

3412 323 3512 384 551)

305 457 476 496 rerum
505 458 738 496 numero.
770 442 962 496 Statim
987 443 1301 514 subjungit:
1333 439 1425 508 Οἷς
1446 445 1746 508 ἀκολούθως
1767 445 1856 498 καί

1963 445 2202 512 adeoque
2241 439 2374 510 πρὸς
2426 437 2522 508 τὴν
2565 436 2951 506 ὀμοουσιότητα
2987 431 3082 487 καὶ
3125 431 3513 502 συναῖδιότητα,

305 551 464 606 φασιν
499 534 657 586 αὐτὸν
704 536 938 606 τρεπτῆς
975 531 1111 590 εἶναι
1158 536 1390 605 φύσεως,
1445 537 1642 608 ἀρετῆς
1676 553 1732 589 τε
1766 539 1856 590 καὶ

305 627 500 688 κακίας
528 625 793 678 δεκτικόνο
827 626 1026 692 Quibus
1055 628 1210 682 etiam
1240 637 1603 698 consequenter
1637 629 1855 694 addunt,

305 735 418 773 eum
452 717 720 771 mutabilis
751 734 863 771 esse
892 728 1116 782 naturw,
1152 728 1199 772 et
1232 720 1438 773 virtutis
1466 730 1515 774 et
1557 723 1670 774 vitii
1698 738 1857 789 capa-

305 823 432 860 cem.
469 805 676 860 Videtis
711 806 989 875 supposito
1022 807 1145 871 hoc,
1193 806 1387 862 Filium
1418 808 1509 864 Dei
1547 808 1745 864 factum
1776 812 1857 865 vel
1905 832 1909 835 ·

303 901 545 951 creatum
578 909 719 956 esse,
752 902 810 947 ut
853 897 1217 950 necessarium
1268 898 1392 953 inde
1430 897 1622 954 deduci
1663 916 1857 956 conse-

305 988 602 1057 quentiam,
630 987 876 1042 eumdem
914 1005 1128 1059 quoque
1155 993 1382 1061 τρεπτόν
1410 992 1520 1047 sive
1550 994 1856 1048 mutabilem

304 1095 443 1136 esse.
469 1078 645 1149 Atque
695 1080 774 1134 sic
805 1080 1158 1135 ratiocinatur
1189 1082 1554 1139 Damascenus
1611 1083 1704 1137 lib.
1741 1100 1754 1136 I
1787 1085 1860 1138 De

305 1171 507 1225 orthod.
546 1171 668 1240 ﬁde,
691 1185 809 1241 cap.
842 1171 874 1224 5
902 1189 916 1226 :
941 1172 1019 1226 Τὰ
1048 1173 1259 1237 κτιστὰ,
1285 1174 1496 1238 πάντως
1518 1175 1609 1227 καὶ
1630 1177 1854 1246 τρεπτά.

303 1254 401 1315 Ὧν
453 1262 561 1330 γὰρ
602 1260 662 1314 τὸ
711 1257 847 1314 εἶναι
895 1262 1000 1336 ἀπὸ
1067 1265 1270 1335 τροπῆς
1312 1264 1529 1335 ἤρξατο,
1573 1265 1743 1318 ταῦτα
1793 1269 1855 1336 τῇ

305 1353 475 1422 τροπῇ
537 1349 879 1405 ὑποκείσεται
922 1352 1156 1418 πάντως,
1199 1355 1230 1425 ἢ
1267 1356 1610 1427 φθειρόμενα,
1651 1353 1683 1423 ἢ
1722 1359 1857 1411 κατὰ

305 1441 620 1512 προαίρεσιν
678 1441 1048 1512 ἀλλοιούμενα.
1107 1442 1328 1510 Creata,
1387 1447 1592 1516 inquit,
1650 1449 1856 1502 omnino

301 1533 458 1586 etiam
492 1533 768 1586 mutationi
807 1533 1050 1588 obnoxia.
1087 1534 1318 1599 Quorum
1358 1539 1493 1591 enim
1530 1556 1640 1595 esse
1670 1557 1702 1593 a
1740 1556 1856 1592 mu-

313 1624 506 1677 tatione
535 1625 738 1694 incipit,
770 1641 832 1679 ea
869 1629 1160 1680 necessario
1185 1630 1464 1683 mutationi
1496 1613 1875 1700 subjacebunt;

301 1716 426 1768 dum
449 1714 525 1769 vel
553 1715 834 1780 intereunt,
864 1717 941 1770 vel
973 1718 1234 1773 voluntate
1261 1720 1572 1777 alterantur.
1604 1722 1681 1776 lta
1710 1724 1858 1778 scili-

1964 543 2150 590 contra
2195 533 2425 586 Arianos
2480 529 2881 600 exprimendam
2918 535 3002 582 est
3056 525 3514 596 percommodum.

1962 627 2085 681 [hec
2113 639 2283 696 pauca
2319 623 2383 678 ad
2422 625 2653 693 priorem
2698 618 2988 675 Alexandri
3038 617 3513 687 epistolam,ency-

1962 719 2150 773 clicam
2201 717 2344 771 illam
2387 702 2501 770 sive
2539 715 2858 768 catholicam
2912 712 3232 766 observasse
3265 709 3510 765 sufﬁciet.

2033 809 2288 880 Sequitur
2333 824 2475 862 nunc
2519 808 2684 862 altera
2729 805 3004 875 ejusdem,
3054 802 3420 871 ἀνεπίγραφος
3459 802 3511 855 in

1961 899 2204 954 Romana
2234 899 2488 960 editione,
2539 897 2680 967 quod
2715 897 2900 950 nescio
2928 910 3034 965 qua
3066 895 3275 948 incuria
3307 894 3360 945 in
3405 902 3510 946 tam

1960 992 2200 1063 diligenti
2236 1007 2398 1061 opere
2423 991 2715 1046 admissum
2743 989 2902 1042 fuerit
2933 1006 2945 1040 :
2973 1003 3094 1041 eum
3126 997 3178 1041 et
3205 985 3512 1039 Theodorev

1961 1093 2050 1140 tus
2112 1092 2167 1139 et
2216 1083 2496 1151 Tripartita
2556 1083 2859 1136 Alexandro
2915 1077 3512 1146 Constantinopolitano

1960 1176 2215 1245 episcopo
2240 1173 2551 1242 inscriptam
2577 1173 2906 1242 missamqne
2933 1177 3218 1227 testentur.
3251 1167 3510 1238 Equidem

1961 1281 2083 1320 eum
2117 1267 2352 1336 perlecta
2380 1263 2611 1332 primum
2652 1262 2754 1316 hac
2783 1262 3030 1330 epistola,
3076 1276 3183 1314 non
3214 1274 3378 1313 unum
3413 1258 3512 1310 ali-

1961 1374 2141 1428 quem,
2193 1358 2285 1412 sed
2318 1357 2499 1426 plures
2523 1353 2750 1409 subinde
2779 1352 3142 1406 Alexandrum
3187 1351 3386 1420 alloqui
3414 1349 3514 1404 ob-

1962 1465 2282 1514 servassem,
2331 1449 2494 1503 subiit
2531 1446 2798 1517 suspicio,
2838 1454 2986 1500 certo
3014 1444 3242 1499 consilio
3285 1447 3514 1514 ἐπιγρα.

1963 1544 2086 1614 φήν,
2119 1543 2171 1596 in
2197 1540 2437 1595 Romana
2467 1541 2702 1596 editione
2731 1541 3010 1594 omissam.
3045 1536 3201 1602 Quod
3241 1535 3514 1604 negligen-

1958 1639 2034 1692 tia
2057 1637 2273 1698 factum,
2293 1644 2478 1704 postea
2501 1649 2564 1687 ex
2588 1640 2886 1687 erratorum
2903 1629 3142 1683 indiculo
3163 1627 3507 1696 deprehendi.

1961 1727 2231 1797 Quidquid
2282 1727 2370 1788 sit,
2418 1725 2547 1778 mihi
2594 1725 2694 1778 lixa
2729 1725 2841 1778 hac
2893 1719 3044 1777 sedet
3093 1721 3379 1780 sententia,
3404 1733 3510 1773 non

302 1813 389 1859 cet
419 1804 581 1861 Arius
607 1803 800 1859 Filium
823 1805 916 1861 Dei
949 1807 1148 1879 ἀρετῆς
1166 1810 1258 1863 καὶ
1281 1811 1475 1875 κακίας
1493 1813 1734 1867 δεκτικὸν
1772 1829 1860 1868 as-

1963 1788 2220 1890 privaiam
2253 1819 2485 1886 aliquam
2517 1817 2628 1870 sive
2661 1816 3028 1868 tractatoriam
3060 1811 3202 1864 hanc
3230 1809 3510 1879 epistolam

302 1898 517 1952 serebat
540 1917 551 1952 :
576 1897 1029 1969 quandoquidem,
1044 1909 1101 1954 ut
1120 1900 1361 1958 Justinus
1376 1903 1573 1976 Martyr
1594 1906 1788 1961 alicubi
1805 1909 1860 1960 in

305 1987 687 2053 Qucestionibus
722 1989 908 2044 scribit
932 2009 944 2044 :
973 1992 1189 2063 Τροπῆς
1216 1993 1519 2065 γνώρισμα,
1542 1997 1602 2048 τὸ
1620 1997 1687 2048 τὰ
1726 1997 1863 2050 καλὰ

304 2081 397 2135 καὶ
443 2080 510 2134 τὰ
555 2080 698 2134 κακὰ
740 2080 1031 2152 λαμϐάνειν
1076 2085 1154 2146 εἰς
1195 2084 1417 2139 ἔννοιαν·
1455 2085 1766 2141 Mutationis
1791 2090 1864 2140 si—

303 2181 459 2242 gnum
506 2187 567 2224 ac
599 2182 723 2226 nota
759 2182 868 2241 est,
901 2177 1034 2229 bona
1085 2193 1148 2229 ac
1195 2177 1338 2230 mala
1381 2177 1438 2230 in
1486 2179 1718 2232 animum
1764 2181 1866 2234 sibi

303 2261 560 2319 inducere.

371 2352 641 2424 Expositis
671 2353 784 2408 Arii
813 2354 1174 2426 dogmatibus,
1200 2360 1475 2416 catholicae
1490 2361 1744 2419 Ecclesiae
1775 2380 1864 2418 or-

303 2445 595 2501 thodoxam
630 2448 954 2503 sententiam
985 2451 1292 2506 Alexander
1332 2455 1574 2523 Opponit,
1623 2465 1680 2510 ut
1726 2459 1865 2512 veri-

301 2540 430 2594 tatis
463 2539 584 2593 luce
617 2539 826 2609 prolata
875 2539 1056 2612 Stygis
1098 2545 1348 2600 tenebras
1390 2545 1666 2602 discutiat.
1702 2548 1866 2620 Urget

301 2628 710 2700 Χριστομάχους
737 2630 858 2686 illos
887 2631 949 2686 D.
979 2631 1204 2688 Joannis
1227 2637 1546 2693 auctoritate
1575 2658 1587 2692 :
1624 2641 1864 2710 quiVer-

302 2721 432 2776 bum
464 2722 521 2776 in
564 2723 831 2793 principio
871 2723 1073 2791 fuisse,
1120 2733 1281 2796 atque
1327 2730 1506 2785 omnia
1542 2747 1636 2802 per
1686 2734 1862 2803 ipsum

304 2811 444 2868 facta
476 2814 747 2883 praedicat.
783 2815 910 2871 Inde
952 2818 1254 2875 rationibus
1301 2821 1468 2876 instat
1497 2842 1508 2878 :
1546 2825 1592 2878 si
1625 2824 1860 2882 Verbum

303 2913 388 2958 est
418 2905 723 2976 unigenitus
751 2908 790 2962 F
794 2909 918 2964 ilius
938 2907 1046 2975 Dei,
1079 2914 1351 2978 quomodo
1379 2915 1751 2980 asseruntisti,
1783 2917 1861 2968 ὅτι

305 2990 386 3057 εἷς
416 2996 530 3050 ἐστι
558 2997 662 3051 τῶν
690 3000 1038 3070 ποιημάτων;
1072 3001 1242 3069 ipsum
1282 3019 1440 3056 unum
1479 3021 1589 3059 esse
1626 3022 1688 3060 ea:
1711 3023 1858 3061 crea-

1961 1927 2101 1975 esse,
2131 1913 2224 1966 sed
2253 1920 2307 1966 et
2334 1911 2504 1979 ipsam
2530 1924 2744 1979 quoque
2761 1906 3076 1962 circularem
3098 1919 3160 1956 ac
3185 1902 3509 1972 generalem,

1962 2003 2182 2056 missam
2215 2000 2277 2052 ad
2312 2001 2555 2056 diversos
2586 1999 2810 2068 Europa:
2837 1998 3141 2066 episcopos.
3170 1994 3326 2059 Quod
3353 2007 3514 2048 nemo

1965 2089 2122 2145 facile
2164 2091 2457 2161 negaverit,
2488 2090 2579 2160 qui
2613 2098 2664 2143 et
2707 2089 2869 2157 hujus
2901 2086 3140 2156 epistolte
3184 2093 3386 2153 partem
3417 2099 3513 2138 ex-

1961 2191 2190 2238 tremam
2231 2198 2352 2237 cum
2395 2197 2524 2236 cura
2552 2181 2759 2252 legerit,
2789 2187 2843 2235 et
2877 2177 3368 2234 ecclesiasticarum
3399 2177 3514 2246 epi-

1964 2276 2224 2330 stolarum
2273 2275 2495 2329 formam
2548 2273 2873 2342 modumque
2928 2287 3037 2325 non
3080 2270 3234 2340 plane
3281 2269 3510 2339 ignoret.

1962 2363 2097 2419 Nam
2123 2373 2176 2419 et
2203 2365 2443 2420 clausula
2469 2364 2660 2417 harum
2696 2363 2998 2416 litterarum
3037 2361 3196 2430 plane
3220 2359 3403 2414 eadem
3432 2367 3513 2414 est

1963 2471 2088 2527 quae
2107 2456 2521 2526 praecedentium
2549 2454 2966 2525 encycliearum,
3000 2466 3106 2522 qua
3135 2453 3345 2520 reliquo.
3370 2451 3516 2504 clero

1964 2562 2060 2616 per
2087 2548 2371 2616 episcopos
2415 2546 2644 2601 salutem
2689 2542 2995 2612 impertilur
3033 2563 3047 2596 ;
3087 2551 3199 2594 tum
3231 2549 3288 2593 ιιι
3317 2540 3512 2608 srepius

1963 2635 2018 2688 in
2053 2634 2260 2703 reliquo
2289 2633 2528 2702 epistolae
2557 2639 2830 2694 contextu,
2863 2631 2936 2683 ita
2967 2631 3018 2683 in
3053 2629 3157 2684 fine
3178 2630 3360 2698 plures
3391 2643 3514 2682 ora-

1963 2723 2108 2778 tione
2137 2737 2195 2776 se
2213 2720 2366 2774 aﬂari
2393 2720 2652 2776 ostendit.
2679 2718 2831 2774 Unde
2853 2719 2918 2773 ad
2942 2720 3126 2789 plures
3153 2735 3368 2788 quoque
3386 2720 3516 2773 scri-

1962 2826 2106 2884 ptam
2136 2813 2292 2868 fateri
2322 2828 2605 2868 necessum
2636 2819 2736 2867 est.
2767 2811 2902 2865 Cum
2933 2811 3214 2866 verissime
3247 2811 3375 2863 illud
3407 2825 3512 2864 non

1965 2905 2143 2960 minus
2171 2920 2332 2975 quam
2375 2905 2531 2959 docte
2563 2919 2592 2956 a
2639 2902 2929 2957 Francisco
2959 2902 3290 2956 Bernardino
3326 2900 3516 2955 Ferra—

1964 2999 2046 3053 rio
2073 2999 2164 3053 ιιι).
2197 3014 2260 3052 ιιι
2315 2997 2392 3052 De
2421 2998 2634 3067 antiquo
2677 2997 3013 3065 epistularum
3045 2993 3512 3048 ecclesiasticarum

305 3088 481 3142 turis?
507 3087 574 3141 Et
606 3092 649 3145 si
677 3091 856 3144 omnia
885 3107 980 3160 per
1007 3092 1182 3162 ipsum
1213 3092 1352 3148 facta
1385 3103 1532 3162 sunt,
1564 3098 1679 3161 πῶς
1701 3097 1858 3152 δύνα-
1888 3123 1930 3183 C
1963 3107 2160 3160 genere,
2186 3091 2535 3146 observatum
2570 3090 2660 3152 sit,
2694 3104 2898 3142 morem
2931 3088 3228 3157 antiquitus
3260 3087 3515 3141 invaluis-

303 3195 392 3230 ται
428 3178 538 3243 ἴσος
572 3177 706 3237 εἶναι
737 3182 842 3235 τῶν
879 3184 946 3237 δι’
978 3185 1138 3238 αὐτοῦ
1176 3188 1510 3258 γενομένων;
1550 3190 1638 3260 qui
1672 3193 1858 3260 poterit

306 3269 413 3338 ipse
438 3287 536 3340 par
578 3289 685 3327 esse
715 3275 864 3329 rebus
895 3291 1009 3345 quw
1034 3292 1126 3345 per
1154 3278 1323 3346 ipsum
1363 3279 1518 3347 [actae
1546 3284 1712 3336 sunt?
1743 3281 1860 3347 Quo

307 3370 576 3430 postremo
610 3365 727 3419 loco
773 3365 1019 3424 Gelasius
1063 3368 1393 3441 Cyzicenus,
1444 3383 1496 3425 et
1528 3370 1859 3442 Epiphanius

307 3452 572 3523 interpres
612 3456 813 3512 rectius
838 3457 948 3526 jam
979 3460 1105 3513 olim
1146 3461 1338 3528 legere,
1375 3460 1493 3525 πῶς
1535 3461 1754 3516 δύναται
1783 3459 1860 3526 εἷς

307 3536 476 3607 εἶναι;
514 3544 770 3612 quomodo
800 3555 964 3613 potest
995 3564 1128 3602 unus
1158 3565 1266 3602 esse
1289 3549 1494 3614 horum,
1521 3567 1636 3621 quae
1661 3567 1750 3619 per
1780 3553 1859 3620 ip-

306 3648 425 3686 sum
464 3632 608 3702 facta
653 3639 978 3691 noscuntur?
1007 3635 1177 3702 Quam
1209 3634 1494 3693 lcetionem
1544 3641 1714 3695 Graeci
1745 3657 1859 3696 ser-

309 3725 484 3780 monis
519 3728 854 3783 constructio
883 3736 1066 3798 aperte
1094 3731 1338 3801 requirit.
1364 3731 1622 3797 Quamvis
1648 3734 1714 3787 ad
1737 3748 1861 3787 sen-

310 3831 429 3871 sum
459 3817 563 3873 loci
594 3819 730 3872 nihil
763 3819 997 3885 intersit,
1031 3829 1206 3874 utrum
1231 3821 1340 3884 ῐσος
1363 3837 1485 3876 cum
1521 3824 1759 3893 vulgato,
1792 3839 1858 3878 an

309 3905 389 3973 εἷς
427 3925 551 3964 cum
584 3913 750 3966 veteri
776 3911 1066 3982 interprete
1101 3913 1266 3982 legas.
1311 3912 1366 3966 Si
1409 3921 1586 3968 tamen
1629 3916 1739 3978 ἴσος
1780 3932 1862 3970 re-

311 4002 564 4068 tineatur,
587 4003 842 4057 mutanda
859 4003 960 4058 hoc
986 4005 1144 4058 modo
1165 4005 1526 4060 constructio:
1555 4006 1675 4068 Πῶς
1699 4006 1755 4059 δὲ
1775 4006 1862 4059 δύ-

310 4109 466 4147 ναται
494 4093 606 4156 ἴσος
644 4089 778 4146 εἶναι
827 4096 938 4157 τοῖς
965 4094 1030 4148 δι’
1073 4094 1233 4147 αὑτοῦ
1266 4097 1593 4166 γενομένοις,
1629 4113 1732 4150 ιιοιι
1767 4114 1863 4150 au-

309 4192 438 4251 tem,
470 4185 575 4237 τῶν
599 4185 662 4237 δι’
706 4185 865 4240 αὑτοῦ
897 4188 1215 4256 γενομένων.
1250 4185 1326 4239 ita
1389 4187 1450 4240 D.
1497 4186 1694 4242 Paulus
1722 4187 1859 4242 Phil.

312 4291 374 4339 ιι,
404 4276 459 4341 6,
493 4275 767 4332 Christum
801 4278 874 4331 ait
898 4293 1006 4333 non
1037 4279 1380 4335 existimasse
1401 4279 1664 4349 rapinam,
1699 4279 1760 4331 τὸ
1783 4275 1860 4332 εἷα

310 4385 396 4422 ναι
426 4365 517 4422 ἶσα
549 4368 685 4442 Θεῷ,
717 4386 826 4424 esse
856 4387 909 4424 se
936 4372 1184 4441 aequalem
1214 4371 1341 4426 Deo.
1373 4371 1446 4425 Ita
1481 4377 1594 4441 ipse
1629 4371 1865 4426 Alexan-

1963 3199 2040 3247 se,
2075 3192 2134 3237 ut
2171 3183 2332 3238 iidem
2361 3184 2627 3237 honorum
2660 3181 2798 3234 tituli
2830 3180 2932 3234 sub
2973 3181 3132 3233 tinem
3163 3179 3513 3248 epistolarum

1961 3277 2306 3339 iterarentur,
2359 3275 2556 3344 quibus
2608 3273 2764 3326 initio
2794 3272 2990 3341 singuli
3029 3271 3093 3324 ad
3144 3285 3279 3339 quos
3312 3269 3518 3324 scribe-

1961 3369 2110 3430 bant,
2146 3367 2356 3421 fuerant
2384 3365 2654 3434 appellati.
2687 3362 2792 3417 Sed
2823 3377 3078 3430 quorsum
3102 3363 3235 3425 inec,
3270 3360 3518 3429 inquies?

1961 3457 2080 3512 Non
2130 3466 2188 3512 ut
2232 3457 2538 3511 Alexandro
2607 3455 3205 3523 Constantinopolitano
3263 3455 3516 3524 episeopo

1963 3553 2103 3605 hanc
2140 3549 2421 3620 epistolam
2478 3549 2732 3617 scriptam
2775 3563 2997 3617 negem;
3035 3546 3128 3602 sed
3179 3554 3234 3599 ut
3282 3546 3356 3599 ad.
3380 3546 3514 3600 alios

1962 3658 2175 3713 quoque
2221 3641 2428 3695 vicinos
2459 3641 2766 3710 episcopos,
2810 3640 2893 3694 vel
2932 3641 2986 3693 in
3017 3643 3160 3707 regia
3192 3637 3324 3692 urbe
3353 3652 3516 3707 nego-

1964 3739 2160 3791 tiorum
2189 3748 2352 3789 causa
2380 3741 2489 3786 tum
2515 3743 2813 3794 versantes,
2837 3730 3077 3801 ejusdem
3100 3743 3313 3800 quoque
3333 3744 3516 3784 exem-

1964 3831 2049 3899 pla
2095 3843 2189 3899 per
2221 3827 2484 3880 circulum
2525 3825 2688 3878 missa
2729 3823 3032 3878 ostendam.
3068 3821 3251 3892 Neque
3299 3822 3515 3891 egO'hic

1965 3920 2300 3974 Theodoreto
2327 3917 2532 3971 futilem
2563 3914 2761 3971 Gelasii
2792 3915 3040 3986 Cyziceni
3085 3914 3386 3969 Diobolaris
3417 3917 3513 3984 ῥα-

1961 4008 2134 4079 ψῳδοῦ
2170 4007 2545 4062 auctoritatem
2596 4004 2969 4075 opposuerim,
3019 4005 3109 4073 qui
3151 4004 3515 4058 Alexandrum

1965 4102 2122 4155 istum
2178 4101 2278 4154 hoc
2325 4106 2566 4167 tempore
2607 4096 3218 4167 Constantinopolitanae
3263 4095 3515 4151 Ecclesia:

1963 4189 2192 4244 necdum
2238 4187 2516 4258 praefuisse
2561 4184 2829 4239 afﬁrmat:
2867 4201 3131 4255 quemque
3182 4186 3342 4254 paulo
3394 4194 3515 4254 post

1963 4281 2180 4335 Niczeno
2215 4280 2447 4334 concilio
2486 4279 2754 4347 privatum
2796 4279 2972 4332 adhuc
3000 4278 3366 4348 presbyterum
3419 4293 3516 4348 pro

1966 4373 2332 4442 Metrophanc,
2357 4385 2593 4428 extren'ia
2616 4380 2892 4425 senectute
2909 4372 3177 4435 contecto,
3206 4371 3516 4426 interfuisse

311 4463 406 4518 der
432 4464 660 4533 epistola
706 4463 954 4533 sequenti
1005 4463 1236 4519 Arianos
1284 4463 1610 4532 praedicasse
1647 4464 1861 4530 scribit,
1893 4465 1942 4524 D
1967 4465 2176 4521 scribit.
2207 4464 2375 4533 Cujus
2407 4463 2560 4518 fidem
2592 4463 2784 4516 incerti
2826 4479 3039 4532 quoque
3067 4462 3303 4518 auctoris
3329 4476 3520 4515 nat-ra-

309 4555 587 4611 Christum
613 4558 724 4620 τοῖς
748 4559 911 4609 πᾶσιν
943 4555 1053 4610 ἴσον
1084 4552 1252 4609 εἶναι·
1291 4557 1432 4625 quod
1461 4557 1637 4610 versio
1665 4555 1865 4610 Roma-

312 4663 402 4713 na,
434 4647 702 4704 Christum
735 4649 935 4703 caneris
973 4647 1266 4702 hominibus
1297 4648 1424 4701 nihil
1452 4651 1864 4716 praestantiorem

310 4758 440 4805 esse,
473 4741 652 4796 reddit
681 4760 694 4796 :
729 4742 892 4796 nimis
922 4756 1053 4797 sane
1091 4749 1335 4812 anguste.
1379 4740 1562 4812 Neque
1607 4743 1748 4796 enim
1797 4744 1864 4798 ad

313 4839 458 4893 solos
483 4837 726 4892 homines
745 4836 1105 4907 aequalitatem
1128 4835 1273 4890 illam
1303 4838 1657 4908 restriagebat
1679 4839 1859 4903 Arius,

312 4929 405 4984 sed
441 4927 508 4982 ad
537 4938 840 4983 creaturam
871 4942 1085 4998 quoque
1116 4941 1328 4981 omnem
1372 4927 1475 4981 τῶν
1511 4928 1739 4996 λογικῶν
1775 4932 1866 4983 καὶ

312 5019 524 5088 ἀλόγων
560 5028 879 5073 creaturam.
907 5016 1089 5088 Neque
1115 5021 1258 5073 enim
1289 5020 1431 5073 aliud
1455 5019 1614 5074 isthic
1637 5021 1737 5074 loci
1761 5029 1862 5086 est,

311 5114 423 5175 τοῖς
454 5113 621 5165 πᾶσιν
667 5111 778 5165 ἴσον
819 5107 975 5174 εἶναι,
1009 5125 1171 5182 quam
1212 5111 1300 5166 hic
1327 5115 1439 5176 τοῖς
1477 5113 1608 5165 πᾶσι
1648 5130 1864 5185 συναρι-

313 5203 586 5274 Θμεῖσθαι,
611 5204 712 5258 hoc
740 5212 842 5268 est,
872 5201 1104 5258 Verbum
1134 5218 1199 5257 ex
1229 5204 1468 5274 ipsorum
1497 5206 1763 5260 sententia
1787 5204 1867 5260 fa-

316 5305 460 5351 ctum
499 5303 555 5352 et
589 5306 827 5353 creatum
883 5312 950 5350 ex
1002 5295 1202 5357 nihilo,
1254 5296 1582 5367 reliquarum
1627 5298 1902 5351 omnium-

315 5396 684 5444 creaturarum
727 5401 954 5442 numero
999 5387 1367 5453 inserendum,
1401 5397 1588 5459 utpote
1645 5389 1866 5460 reliquis

316 5480 565 5534 omnibus
590 5480 855 5534 creaturis
880 5478 1186 5534 conditione
1215 5487 1375 5550 atque
1412 5481 1646 5536 essentia
1689 5495 1786 5550 par
1815 5489 1868 5536 et

313 5572 538 5642 aequale.
572 5571 827 5637 Quamvis
853 5585 950 5640 ego
979 5571 1038 5624 τὸ
1062 5570 1192 5635 ἴσον,
1229 5573 1282 5625 in
1309 5572 1455 5627 hisce
1479 5573 1633 5636 locis,
1671 5571 1868 5642 aequale

321 5663 497 5730 potius
526 5677 686 5731 quam
721 5677 818 5729 par
851 5669 1057 5717 vertere
1087 5663 1290 5726 malim,
1335 5678 1442 5732 quo
1465 5663 1624 5716 etiam
1655 5662 1865 5732 profani

324 5761 570 5809 auctores
615 5767 712 5822 pro
756 5759 1023 5807 coaetaneo
1069 5760 1120 5808 et
1171 5768 1348 5807 coaevo
1375 5753 1578 5822 passim
1623 5762 1864 5820 utuntur,

1965 4560 2040 4613 tio
2097 4559 2163 4614 de
2191 4572 2419 4612 cccxvm
2450 4556 2681 4611 Nieamis
2722 4554 2937 4610 concilii
2974 4553 3224 4609 Patribus
3255 4554 3517 4622 sequitur,

1965 4667 2083 4722 quae
2117 4652 2170 4704 in
2201 4649 2456 4704 Historiis
2485 4661 2784 4702 sanctorum
2815 4646 3131 4714 Lipomanni
3173 4653 3390 4711 exstat;
3423 4660 3521 4698 cu-

1960 4746 2050 4813 jus
2082 4743 2354 4812 cxcmplar
2387 4757 2450 4796 ex
2465 4742 2627 4811 Regio
2671 4739 2860 4794 codice
2898 4739 2951 4791 in
2987 4738 3174 4793 Galliis
3230 4737 3521 4808 aliquando

1966 4851 2050 4889 me
2073 4833 2482 4902 transcripsisse
2515 4832 2752 4886 memini.
2795 4829 2940 4894 llaec,
2977 4830 3218 4899 inquam,
3253 4830 3386 4883 tanti
3411 4844 3519 4882 non

1966 4933 2092 4980 sunt
2125 4934 2184 4978 ut
2210 4924 2530 4978 Theodoreti
2565 4924 2899 4988 aliorumque
2930 4921 3208 4974 meliorum
3238 4930 3518 4975 auctorum

1965 5018 2122 5072 fidem
2154 5017 2292 5086 apud
2324 5031 2422 5069 nos
2453 5015 2686 5068 elevent.
2725 5011 2828 5065 Sed
2865 5026 3008 5064 nunc
3039 5011 3320 5080 epistolam
3349 5013 3519 5080 ipsam

1965 5109 2304 5180 aggredimur
2355 5125 2366 5159 :
2415 5107 2470 5158 in
2514 5104 2672 5172 cujus
2721 5103 2902 5156 limine
2959 5101 3233 5157 Romanos
3287 5102 3521 5158 editores

1966 5200 2268 5273 προθέσεως
2299 5213 2397 5251 vox
2427 5195 2672 5258 oﬂ'endit,
2708 5194 2796 5249 cui
2832 5195 3006 5251 obolis
3037 5196 3301 5251 confossa:
3334 5191 3522 5262 προαί-

1969 5308 2112 5364 ρεσιν
2145 5290 2500 5346 substituunt.
2533 5286 2639 5344 Sed
2666 5289 2877 5344 nescire
2910 5304 2995 5344 me
3021 5287 3191 5342 fateor
3237 5285 3365 5354 quid
3393 5298 3520 5336 cau—

1967 5401 2040 5440 sa:
2085 5383 2370 5438 habuerint
2416 5396 2513 5434 cur
2554 5397 2737 5436 vocem
2784 5381 3210 5452 ἐλληνικωτάτην
3259 5374 3519 5430 Grarismi

1967 5491 2133 5531 censu
2179 5475 2551 5544 expunxeriut.
2600 5472 2816 5535 Vocem,
2868 5474 3106 5541 inquam,
3147 5469 3390 5538 probam,
3423 5480 3522 5518 nec

1967 5569 2141 5624 solum
2170 5566 2409 5637 Polybio,
2442 5574 2499 5620 ut
2525 5582 2591 5620 ex
2611 5564 2777 5618 Suida
2809 5571 3053 5632 apparet,
3074 5565 3164 5614 sel
3194 5568 3245 5611 et
3272 5558 3329 5611 ι).
3351 5558 3522 5610 Paulo

1967 5661 2131 5714 semel
2153 5658 2455 5726 iterumque
2473 5663 2806 5725 usurpatam.
2825 5653 2980 5706 Rom.
3003 5667 3119 5712 vin,
3139 5650 3227 5712 28,
3248 5651 3358 5710 τοῖς
3383 5648 3522 5701 κατὰ

1973 5752 2221 5820 πρόθεσιν
2263 5749 2494 5817 κλητοῖς,
2531 5748 2720 5802 vocatis
2766 5742 3043 5798 secundum
3090 5741 3435 5807 propositum,
3471 5745 3525 5795 et
