4088 6284
1399 233 1437 241 vv.

530 293 628 350 53!

1621 288 1676 344 S.
1717 290 2133 345 ALEXANDER
2169 287 2728 346 ALEXANDRINUS.

3650 288 3757 347 532

528 414 730 484 Ephes.
763 429 801 477 ι,
839 415 924 478 Η,
959 409 1365 483 προορισθέντες
1393 409 1532 463 κατὰ
1581 408 1853 479 πρόθεσιν,
1883 409 2082 478 praede-

2189 409 2267 462 Ac
2285 408 2514 471 primum
2536 406 2750 476 quidem
2769 403 2863 459 Dei
2881 403 3066 459 hostes
3089 401 3341 458 Ecclesiae
3351 404 3548 459 castris
3568 403 3760 474 ejecti,

528 507 712 560 stinati
757 502 1035 559 secundum
1066 504 1420 571 propositum,-
1470 511 1523 555 et
1561 508 1684 569 post
1712 499 1958 562 Paulum,
1991 500 2089 554 doc

528 598 776 664 ctissimo
798 597 992 666 cuique
1023 594 1121 649 SS.
1148 593 1390 649 Patrum.
1413 593 1663 649 Clemens
1688 591 2092 648 Alexandrinus.

527 694 654 747 item
702 691 795 744 lib.
843 704 926 755 ιιι,
975 689 1253 758 εὐνουχιας
1286 688 1555 758 πρόθεσιν,
1596 687 1918 756 propositum
1945 687 2088 740 caeli-

525 782 698 848 batus,
739 787 793 834 et
821 780 914 833 lib.
944 795 1040 842 vu,
1071 781 1196 841 τοὺς
1221 777 1362 832 κατὰ
1389 777 1640 848 πρόθεσιν
1666 776 1920 839 δικαίους,
1951 792 2088 846 prae-

525 875 826 930 destinatos
847 873 1161 942 Apostolum
1187 879 1406 928 secutus
1426 871 1658 924 vocavit.
1676 869 1922 924 Justinus
1947 869 2088 922 Mar-

525 974 612 1037 tyr
637 980 728 1020 xix
749 970 1036 1036 quwstione
1055 963 1122 1017 ad
1149 962 1490 1026 orthodoxos,
1519 962 1924 1032 palpitationes,
1947 970 2086 1018 ster-

522 1066 844 1112 nutamenta
888 1066 940 1111 et
971 1057 1203 1110 tinnitus
1239 1055 1452 1110 aurium
1493 1053 1643 1124 παρὰ
1673 1053 1770 1124 τὴν
1818 1052 2085 1124 ἡμετέραν

519 1149 799 1220 πρόθεσιν,
834 1149 946 1203 fieri
997 1148 1206 1203 scribit.
1235 1145 1437 1202 Omitto
1468 1146 1623 1200 alios.
1655 1145 1796 1200 Sane
1820 1143 2085 1200 Constan—

519 1242 668 1307 tinus
712 1240 947 1310 Magnus.
974 1241 1171 1294 litteris
1219 1240 1313 1293 ad~
1339 1239 1709 1294 Alexandrum.
1753 1247 1995 1292 nostrum
2032 1246 2086 1293 et

519 1330 709 1384 Arium
763 1331 904 1386 datis
963 1331 1089 1402 μίαν
1131 1331 1308 1401 ψυχῆς
1365 1330 1621 1402 πρόθεσιν
1667 1330 1900 1400 scripsit.
1943 1329 2084 1396 Quid

520 1423 690 1477 vero?
728 1438 906 1476 nonne
959 1423 1071 1492 ipse
1110 1421 1413 1477 Alexander
1479 1439 1603 1476 mox
1676 1425 1778 1478 hac
1826 1424 1940 1494 ipsa
1990 1439 2087 1493 pa-

525 1514 654 1583 gina
715 1515 816 1584 τὴν
848 1513 1121 1584 μοχθηρὰν
1170 1512 1426 1584 πρόθεσιν
1468 1516 1694 1585 repetit?
1723 1514 1877 1581 Quod
1911 1523 1964 1570 et
2002 1517 2083 1583 ip-

527 1621 647 1658 sum
677 1619 746 1659 ne
772 1619 1030 1659 censores
1055 1605 1386 1674 jugularent,
1423 1606 1630 1660 salvum
1653 1615 1813 1677 atque
1836 1607 2086 1662 indemne

526 1705 786 1769 praestare
813 1705 1020 1765 poterat
1047 1699 1191 1766 quod
1215 1698 1353 1752 infra
1377 1714 1434 1752 se
1454 1700 1770 1770 cpisc0poru
1781 1717 1829 1754 ιιι
1851 1703 1918 1756 ad
1947 1717 2084 1773 quos

2169 499 2263 575 ad
2330 473 2570 568 gentiles
2610 504 2664 552 et
2711 495 2926 551 Judaeos
2970 493 3348 564 transfugere,
3381 508 3504 547 cum
3549 473 3637 549 his
3689 497 3760 550 ad

2193 589 2558 644 Christianam
2589 587 2904 658 religionem
2936 584 3356 641 exscimlendam
3397 583 3618 640 foederis
3665 601 3760 642 so-

2193 681 2386 734 cietate
2418 694 2538 734 sese
2565 679 2892 747 conjungere
2921 695 2935 730 :
2967 676 3108 746 apud
3137 676 3236 731 hos
3265 675 3493 746 gratiam
3513 675 3760 732 laudem-

2193 793 2297 848 que
2319 778 2421 832 sibi
2446 790 2710 846 quaerere,
2739 775 2867 829 dum
2907 773 3339 829 Christianorum
3384 773 3635 844 dogmata
3689 791 3755 826 ac

2193 884 2370 934 sacra,
2419 885 2540 938 quae
2585 866 2787 923 Judaeis
2815 865 3153 926 scandalum,
3196 865 3447 936 gentibus
3480 865 3708 920 stultitia
3736 864 3754 897 ¹

2193 978 2368 1028 erant,
2395 967 2529 1022 risui
2555 982 2618 1021 ac
2639 966 2872 1020 ludibrio
2886 965 3588 1033 eorumdem,exponerent;
3609 963 3756 1018 unde

2194 1059 2470 1129 religionis
2509 1058 2731 1113 exitium
2763 1057 2916 1126 sequi
2961 1070 3182 1110 necesse
3212 1062 3346 1110 erat.
3388 1052 3523 1124 Ipsis
3553 1054 3754 1111 deinde

2192 1151 2434 1207 veritatis
2462 1149 2948 1220 propugnatoribus
2976 1149 3182 1210 turbas,
3213 1146 3504 1201 seditiones
3534 1161 3596 1200 ac
3624 1162 3756 1219 per-

2193 1244 2497 1300 secutiones
2513 1243 2857 1312 gravissimas
2877 1241 3186 1295 excitabant
3209 1258 3222 1292 :
3247 1239 3455 1294 scilicet
3474 1248 3530 1292 ut
3547 1239 3639 1293 Dei
3657 1239 3759 1294 Ec-

2192 1336 2354 1391 clesia
2385 1335 2578 1388 horum
2609 1334 2856 1405 praesidio
2893 1334 3104 1393 orbata,
3136 1332 3270 1402 ipsis
3299 1331 3494 1401 praedae
3513 1331 3750 1386 cederet.

2192 1425 2316 1479 Haec
2328 1425 2434 1479 duo
2452 1423 2813 1479 accusationis
2833 1424 3028 1492 capita.
3054 1422 3293 1488 Quorum
3316 1430 3607 1493 utrumque
3628 1423 3755 1491 qui-

2191 1516 2293 1570 bus
2322 1515 2498 1572 modis
2515 1514 2723 1570 eilicere
2754 1524 3081 1568 conarentur
3108 1513 3319 1577 Ariani,
3341 1529 3464 1566 ΠιοΧ
3491 1514 3749 1569 ostendit.

2191 1607 2472 1664 Posterius
2513 1609 2750 1678 quidem,
2789 1608 2984 1677 inquit,
3031 1605 3329 1660 seditiones.
3380 1612 3435 1660 et
3489 1620 3749 1674 persecu-

2192 1704 2370 1757 tiones
2419 1702 2628 1758 scilicet
2664 1702 2932 1766 excitant,
2995 1697 3298 1754 divexando
3326 1697 3649 1763 catholicos,
3695 1708 3753 1753 et

527 1791 719 1846 scribit
750 1790 881 1864 ὀρθῇ
913 1791 1184 1862 προθέσει,
1213 1789 1483 1846 confidere
1525 1793 1619 1847 ait.
1667 1792 1894 1857 Videtis,
1930 1803 2082 1878 ppto,
2117 1788 2159 1843 Β
2190 1793 2311 1846 lites
2335 1791 2528 1846 iisdem
2569 1790 2906 1856 intentando,
2940 1805 3036 1860 per
3080 1789 3526 1844 muliercularum
3557 1790 3749 1844 amici-

526 1884 825 1950 auditores,
856 1899 1017 1953 quam
1066 1889 1226 1937 caute
1257 1890 1310 1936 et
1342 1883 1592 1953 religiose
1642 1886 1697 1939 in
1738 1886 2085 1956 antiquorum

525 1976 742 2046 scriptis
761 1973 1086 2029 versandum
1122 1974 1213 2037 sit,
1243 1988 1404 2043 quam
1437 1990 1544 2028 non
1571 1985 1774 2030 temere
1793 1979 2085 2048 quidquam

523 2066 862 2121 mutandum.
894 2069 1160 2122 Caeterum
1185 2067 1232 2122 si
1265 2064 1650 2135 quisGraecum
1693 2068 1855 2139 hujus
1883 2070 2086 2140 episto-

520 2159 586 2213 ιω
617 2160 898 2214 exordium
919 2174 1038 2213 cum
1070 2160 1236 2214 veteri
1267 2158 1549 2228 Epiphanii
1581 2160 1831 2217 versione
1861 2171 2086 2219 conten-

519 2250 632 2314 dat,
667 2250 830 2322 longe
848 2249 1116 2306 diversam
1147 2249 1268 2320 ejus
1299 2252 1542 2308 codicem
1575 2254 1899 2309 sententiam
1940 2271 2082 2326 pra:-

525 2342 717 2399 tulvisse
744 2343 999 2413 reperiet.
1765 2377 1782 2403 κ

587 2434 666 2489 llli
692 2443 872 2490 autem
908 2435 1177 2490 malorum
1215 2435 1520 2500 hominum,
1550 2451 1715 2506 quam
1758 2437 1924 2492 modo
1947 2437 2082 2505 dixi,

519 2525 778 2597 προθέσει
809 2526 1101 2597 respondet
1134 2525 1278 2596 quod
1313 2527 1580 2597 sequitur,
1625 2542 1720 2584 eos
1741 2528 1945 2585 diaboli
1981 2531 2084 2584 im-

519 2614 686 2683 pulsu.
709 2614 873 2668 veluti
900 2622 1070 2670 cestro
1107 2615 1342 2685 percitos
1371 2613 1499 2671 ferri
1533 2619 1614 2681 ei;
1647 2618 1748 2688 τὴν
1790 2619 2084 2691 προκειμέ-

517 2721 616 2776 νην
645 2707 824 2770 αὐτοῖς
852 2707 1063 2780 ἡδονήν.
1119 2707 1239 2773 Quo
1266 2724 1390 2766 cum
1423 2719 1633 2767 certum
1660 2720 1715 2769 et
1748 2713 2080 2769 destinatum

519 2798 683 2854 animi
722 2799 1008 2854 consilium
1055 2800 1409 2871 signiﬁcetur,
1461 2806 1664 2860 rectius
1716 2820 1747 2859 a
1780 2807 1948 2860 veteri
1997 2804 2079 2859 in-

516 2895 770 2959 terprete,
801 2891 1122 2959 propositam
1165 2892 1340 2946 animo
1383 2893 1672 2959 libidinem,
1703 2911 1867 2965 quam
1912 2910 1942 2949 a
1976 2894 2082 2951 Ca-

515 2981 774 3047 merario,
804 2981 1006 3037 obuiam
1032 2984 1370 3051 voluptatem,-
1398 2996 1490 3042 aut
1524 3003 1552 3041 a
1578 2997 1763 3044 nostro
1787 2989 2080 3058 interprete

515 3070 806 3139 Britanno,
840 3073 1130 3144 uoluptates
1160 3091 1276 3146 qua:
1307 3076 1446 3146 forte
1474 3095 1528 3132 se
1557 3079 1802 3148 oﬁ'erunt,
1835 3077 2077 3133 converti

514 3167 790 3221 existimo.
820 3165 954 3233 Quis
977 3168 1123 3222 enim
1146 3184 1255 3224 non
1277 3169 1442 3235 videt,
1460 3171 1559 3242 τὴν
1578 3170 1844 3242 τυχοῦσαν
1864 3169 2076 3242 ἡδονὴν,

515 3257 608 3309 καὶ
632 3257 731 3328 τὴν
769 3259 1151 3328 προκειμένην,
1186 3259 1500 3329 longissime
1547 3261 1688 3315 inter
1729 3277 1788 3316 se
1825 3261 2078 3329 diﬂerre;

515 3365 640 3403 cum
664 3349 755 3403 illa
779 3365 988 3415 casum,
1014 3351 1127 3406 haec
1150 3352 1442 3406 consil-ium
1458 3360 1512 3407 et
1527 3353 1844 3419 voluntatis,
1869 3361 1926 3407 ut
1943 3353 2075 3426 disi,

514 3444 854 3513 propositum
879 3444 1230 3512 conjunctum
1251 3445 1487 3501 habeat?

587 3533 752 3588 Addit
779 3535 920 3589 hanc
945 3537 1222 3592 scribendi
1255 3552 1476 3592 causam
1514 3538 1617 3593 sibi
1648 3538 1837 3604 fuisse,
1876 3547 1934 3594 ut
1963 3554 2082 3594 mo-

516 3634 670 3682 neret
697 3635 925 3684 carteros
957 3628 1310 3694 orthodoxos,
1347 3629 1624 3699 improbos
1657 3631 1781 3685 illos
1809 3632 2080 3688 cavendos

515 3734 657 3782 esse,
708 3720 796 3790 Μὴ
823 3737 906 3786 τις
947 3720 1125 3774 αὐτῶν
1153 3721 1416 3795 τολμήσῃ,
1447 3723 1643 3791 inquit,
1677 3724 1770 3776 καὶ
1800 3727 1918 3787 ταῖς
1949 3726 2082 3795 ὑμε-

515 3812 701 3884 τέραις
733 3814 1046 3884 παροικίαις
1077 3813 1350 3883 ὲπιόἦναι.
1399 3812 1483 3869 Ne
1509 3816 1625 3884 quis
1657 3826 1858 3868 uestras
1885 3832 2082 3886 quoque

515 3907 811 3973 provincias
834 3905 1076 3960 invadere
1112 3906 1323 3960 audeat.
1359 3905 1514 3972 Quod
1544 3916 1603 3962 ut
1628 3918 1779 3963 vetus
1798 3917 1851 3964 et
1876 3923 2082 3978 germa-

516 4013 623 4052 nus
655 3990 969 4053 't'heodoriti
1014 4001 1279 4069 interpres
1327 4009 1472 4056 recte
1518 4009 1571 4056 et
1617 4001 1932 4071 simpliciter
1957 4017 2082 4056 ver-

517 4096 674 4156 tunt,
720 4090 792 4143 ita
822 4090 1028 4161 Anglus
1072 4101 1256 4146 noster
1295 4107 1426 4148 sane
1455 4109 1650 4164 magno
1683 4102 1737 4148 et
1771 4096 2081 4164 importuno

515 4182 808 4238 verborum
852 4186 1077 4252 ambitu,
1109 4189 1305 4240 erroris
1339 4187 1422 4240 sui
1451 4188 1667 4257 uestigia
1698 4185 1948 4241 Ecclesiis
1983 4188 2082 4240 im-

516 4277 740 4345 primere
771 4276 969 4332 reddit.
1000 4276 1131 4342 Quae
1157 4293 1222 4333 eo
1248 4294 1278 4332 a
1307 4295 1392 4334 me
1435 4277 1712 4343 dicuntur,
1741 4280 1887 4350 quod
1924 4279 2081 4336 fucos

518 4376 572 4422 et
606 4367 858 4439 phaleras
895 4368 1058 4439 longe
1097 4384 1128 4421 a
1156 4377 1305 4424 casta
1347 4378 1660 4425 sanctorum
1693 4370 1915 4425 Patrum
1958 4385 2081 4425 ora-

2189 1886 2317 1939 tiam
2348 1894 2403 1938 et
2434 1885 2808 1954 prensationes
2839 1901 2852 1936 :
2896 1882 3373 1938 Christianismum
3406 1897 3534 1936 vero
3560 1881 3751 1935 tradu-

2186 1985 2392 2042 cerent,
2442 1976 2570 2030 dum
2615 1977 2856 2046 ipsorum
2884 1975 3187 2044 juvenculae
3232 1974 3400 2028 libere
3438 1974 3556 2028 sine
3583 1972 3747 2028 modo

2185 2081 2240 2126 et
2289 2069 2574 2134 modestia,
2617 2069 2951 2140 vagabunda:
3000 2084 3096 2138 per
3141 2069 3391 2124 civitates
3437 2068 3691 2151 oberrant
3724 2086 3742 2123 :

2185 2179 2416 2235 quorum
2466 2171 2756 2231 utrumque
2786 2171 2869 2217 est
2907 2169 3098 2218 contra
3126 2161 3370 2232 Apostoli
3409 2159 3740 2223 doctrinam,

2184 2258 2276 2326 qui
2311 2255 2477 2324 priori
2503 2253 2574 2308 ad
2605 2253 2948 2310 Timotheum
2982 2271 3036 2322 v,
3071 2255 3138 2308 19
3163 2293 3180 2317 ,
3232 2251 3420 2308 viduas
3457 2251 3744 2321 sexaginta

2184 2361 2450 2402 annorum
2489 2345 2786 2416 eligendas,
2819 2345 3274 2402 adolescentiores
3300 2350 3478 2398 autem
3513 2341 3633 2397 sive
3649 2341 3750 2412 ju-

2183 2439 2440 2496 venculas
2469 2439 2789 2495 devitandas
2836 2437 3098 2514 praecipit.
3144 2434 3282 2490 Tum
3307 2449 3436 2490 vero
3467 2447 3612 2488 vers.
3644 2432 3746 2488 de-

2184 2534 2328 2588 cimo
2352 2532 2513 2589 tertio
2545 2531 2791 2603 ejusdem
2823 2531 3016 2602 capitis
3064 2535 3271 2594 monet,
3318 2542 3389 2582 ne
3425 2525 3617 2581 otiosae
3656 2524 3741 2579 di-

2183 2632 2309 2679 cant
2347 2624 2581 2696 qircuire
2612 2625 2823 2688 domos,
2853 2625 3098 2678 verbosa:
3131 2630 3187 2676 et
3221 2622 3474 2684 curiosae,
3505 2625 3616 2674 etc.
3637 2616 3750 2674 Ne—

2181 2733 2286 2788 que
2309 2719 2456 2773 euim
2473 2717 2699 2773 dubium
2733 2717 2864 2772 illud
2912 2723 3016 2782 est,
3048 2716 3178 2786 quin
3213 2730 3281 2770 ex
3317 2714 3468 2770 hisce
3499 2709 3747 2782 Apostoli

2181 2811 2362 2864 verbis
2394 2818 2540 2865 totus
2564 2809 2654 2864 hic
2685 2809 2836 2864 locus
2856 2807 3238 2878 intelligendus
3271 2806 3342 2876 sit
3380 2813 3544 2875 atque
3566 2802 3744 2874 expli-

2181 2901 2407 2956 candus.
2440 2900 2498 2955 ln
2527 2901 2685 2971 cujus
2702 2916 2864 2956 sensu
2879 2899 3229 2970 exprimendo
3257 2899 3526 2968 interpres
3555 2904 3746 2951 noster

2181 2997 2317 3051 mire
2356 3010 2583 3051 securus
2622 3003 2728 3058 est,
2778 2995 3040 3050 divellens
3090 3003 3144 3048 et
3175 2994 3517 3049 confundens
3561 2990 3745 3047 omnia

2182 3100 2280 3154 pro
2310 3085 2482 3140 libito.
2519 3084 2671 3140 Unde
2703 3100 2799 3154 pro
2833 3100 2940 3152 una
2988 3087 3244 3139 continua
3289 3083 3583 3139 Alexandri
3616 3096 3745 3137 sen-

2182 3176 2365 3236 tentia.
2389 3190 2570 3231 meras
2604 3176 2763 3230 nobis
2797 3190 2992 3245 scopas
3028 3174 3318 3228 dissolutas
3350 3171 3586 3235 exhibet,
3617 3185 3738 3241 quae

2181 3268 2394 3338 singula
2422 3269 2674 3338 prosequi
2724 3268 3002 3324 taediosum
3057 3265 3215 3322 foret.
3251 3263 3310 3320 Id
3348 3265 3534 3327 miror,
3562 3270 3616 3317 et
3649 3276 3741 3318 ve-

2181 3368 2345 3415 terem
2379 3367 2433 3414 et
2459 3375 2656 3416 novum
2685 3359 3054 3430 interpretem,
3087 3360 3301 3414 inverso
3342 3360 3501 3412 unius
3533 3354 3738 3414 Graece

2180 3453 2331 3507 vocis
2356 3452 2574 3523 spiritu,
2593 3461 2854 3523 tanquam
2885 3452 3276 3507 vehementiori
3306 3449 3541 3521 procella
3583 3449 3744 3504 abre-

2179 3551 2323 3613 ptos,
2346 3543 2400 3597 in
2440 3545 3054 3615 scopulumjmpegisse.
3072 3540 3361 3596 Alexandri
3386 3540 3550 3595 verba
3573 3547 3703 3595 sunt
3727 3559 3742 3594 :

2181 3635 2291 3706 Τὴν
2312 3635 2440 3704 γοῦν
2476 3636 2738 3707 Ἐλλήνων
2763 3653 2820 3690 τε
2846 3636 2938 3690 καὶ
2983 3635 3246 3688 Ἰουδαίων
3271 3633 3440 3704 ἀσεϐῆ
3462 3633 3590 3703 περὶ
3611 3633 3747 3702 Χρι-

2183 3726 2308 3779 στοῦ
2334 3727 2489 3794 δόξαν
2523 3727 2888 3800 κρατύναντες
2911 3770 2926 3793 ,
2950 3728 3040 3780 τὸν
3070 3726 3200 3797 παρ’
3231 3725 3406 3780 αὐτῶν
3429 3724 3645 3779 ἔπαινον
3668 3723 3745 3786 ὡς

2181 3821 2258 3874 ἔνι
2295 3820 2526 3892 μάλιστα
2553 3818 2844 3890 θηρῶνται.
2900 3817 2998 3873 Ubi
3051 3827 3242 3873 neuter
3284 3814 3578 3886 perspexit,
3613 3814 3746 3885 παρ’

2183 3912 2358 3968 ἀυτῶν
2389 3913 2492 3966 leni
2518 3911 2710 3981 spiritu
2741 3907 3062 3980 legendum;
3099 3914 3153 3960 et
3185 3922 3292 3960 non
3320 3907 3468 3976 ipsos
3488 3904 3744 3968 Arianos,

2183 4007 2276 4061 sed
2307 4003 2523 4059 Graecos
2554 4011 2608 4058 et
2634 4000 2850 4057 Iudaeos
2907 4000 3152 4070 intelligi,
3200 3997 3344 4067 apud
3393 4011 3530 4068 quos
3582 3995 3744 4051 Chri-

2182 4105 2326 4154 stum
2357 4097 2628 4151 communi
2675 4109 2839 4166 opera
2868 4093 3247 4162 oppugnando,
3283 4092 3496 4146 laudem
3529 4089 3737 4145 studio-

2184 4188 2399 4242 sissime
2430 4186 2718 4256 captabant
2747 4184 2954 4236 Ariani.
2975 4181 3130 4248 Quod
3158 4189 3336 4236 tamen
3362 4181 3734 4236 Camerarium

2184 4277 2531 4344 Theodoreti,
2567 4285 2620 4333 et
2650 4278 2894 4346 Langum
2933 4274 3219 4344 Nicephorj
3245 4278 3596 4343 interpretem
3630 4287 3743 4326 non

2185 4369 2342 4440 fugit.
2379 4370 2637 4434 Quamvis
2683 4369 2825 4439 apud
2889 4368 3034 4421 hunc
3084 4382 3190 4421 non
3218 4365 3346 4436 παρ’
3398 4365 3596 4428 αὐτῶν,
3647 4363 3746 4420 scd

515 4460 663 4517 tione
684 4461 962 4516 amandari
984 4461 1142 4516 velim
1167 4480 1181 4515 :
1209 4477 1428 4532 easque,
1457 4469 1517 4516 ut
1542 4463 1643 4532 ipsi
1663 4463 1903 4520 studiose
1927 4478 2084 4518 cave-
2113 4485 2158 4539 Β
2187 4463 2316 4534 παρ’
2340 4463 2521 4526 αὐτοῖς
2544 4464 2772 4533 legatur.
2801 4461 3063 4517 Caeterum
3089 4469 3148 4516 ut
3176 4459 3372 4530 reliqui
3403 4475 3590 4514 omnes
3633 4457 3745 4514 has-

518 4561 666 4614 runt.
699 4555 770 4609 ita
800 4570 900 4610 nec
925 4555 980 4609 in
1007 4554 1286 4610 versiones
1310 4570 1500 4610 eorum
1522 4556 1688 4609 menti
1718 4555 2082 4626 exprimendae

519 4647 884 4702 admittendas
907 4662 1123 4704 censeo.
1155 4646 1234 4702 lta
1263 4648 1364 4702 sub
1390 4647 1656 4718 principio
1695 4663 1816 4718 pag.
1847 4664 1958 4719 seq.
1990 4665 2083 4704 ve-

517 4746 608 4794 tus
637 4740 924 4810 interpres,
971 4742 1069 4813 τὴν
1101 4742 1365 4814 σωτήριον
1387 4741 1624 4813 Χριστοῦ
1654 4741 1962 4812 οἰκονομίαν
1990 4744 2082 4796 καὶ

516 4831 584 4884 δι’
621 4834 767 4902 ἡμᾶς
811 4833 1164 4904 ταπείνωσινξ,
1210 4835 1498 4888 salutarem
1542 4833 1979 4902 dispensationem
2032 4842 2082 4889 et

517 4922 868 4976 humilitatem
897 4939 990 4990 pro
1036 4923 1182 4978 nobis
1216 4935 1530 4994 susceptam,
1567 4924 1748 4988 vertit,
1782 4935 1841 4978 ut
1888 4926 2082 4995 reliqui

520 5013 727 5068 Latinae
761 5014 1017 5071 Ecclesiae
1053 5016 1264 5080 Patres,
1304 5025 1359 5071 et
1390 5018 1641 5088 vulgatus
1665 5018 1961 5074 Bibliorum
1993 5022 2080 5075 in-

517 5113 729 5176 terpres
764 5107 913 5179 loqui
942 5119 1154 5177 amant;
1196 5111 1286 5166 ubi
1335 5121 1520 5166 noster
1548 5113 1885 5166 teconomiam
1911 5122 1959 5168 et
1999 5113 2085 5168 ab-

517 5198 812 5261 iectiunem,
858 5200 1040 5268 potius
1085 5217 1248 5272 quam
1275 5202 1690 5259 bumiliationem
1723 5205 1987 5276 probavit.

589 5288 848 5360 Sequitur
874 5293 1071 5348 deinde
1102 5294 1254 5351 locus
1303 5311 1435 5352 sane
1482 5297 1730 5369 insignis,
1766 5314 1875 5369 quo
1920 5299 2081 5354 Alex-

517 5389 690 5443 ander
735 5391 949 5461 egregie
998 5391 1258 5447 describit
1314 5394 1484 5448 malas
1531 5393 1858 5450 Arianorum
1912 5408 2078 5461 artes,

519 5479 717 5549 quibus
761 5481 1042 5537 veritatem
1088 5483 1315 5554 ejusque
1363 5487 1699 5551 defensores,
1737 5504 1842 5559 qua
1891 5498 2080 5558 aperta

518 5573 592 5638 vi,
617 5588 722 5644 qua
758 5573 948 5630 fraude
976 5577 1207 5643 occulta,
1241 5593 1335 5648 per
1361 5581 1644 5636 cuniculos
1674 5581 2076 5652 oppugnabant.

587 5732 603 5762 ί
636 5733 658 5786 Ι
691 5730 812 5786 Cor.
842 5751 883 5801 ι,
926 5732 1016 5792 23.

489 5835 524 5857 TI

2184 4557 2355 4621 retici,
2399 4557 2476 4611 ita
2503 4555 2666 4612 Arius
2697 4571 2911 4626 quoque
2966 4555 3211 4626 parentis
3235 4554 3322 4609 sui
3351 4553 3551 4608 diaboli
3585 4552 3740 4622 inge-

2186 4651 2334 4704 nium
2363 4657 2616 4719 artesque
2638 4650 2902 4713 imitatus,
2923 4649 3045 4702 ficta
3077 4646 3294 4718 pietatis
3321 4644 3499 4716 specie
3525 4645 3746 4714 sequio-

2185 4742 2262 4797 ris
2285 4757 2449 4798 sexus
2471 4743 2805 4812 simplicitati
2833 4742 3020 4797 illusit.
3044 4739 3291 4810 Cumque
3311 4737 3584 4793 Christum
3603 4737 3752 4791 divi-

2187 4833 2376 4888 nitatis
2403 4833 2574 4904 gloria
2597 4834 2902 4904 spoliasset,
2944 4831 3349 4888 sanctissimum
3375 4844 3590 4900 quoque
3618 4827 3742 4897 ejus

2190 4927 2458 4996 peculium
2498 4927 2750 4981 invadere
2808 4940 2871 4979 ac
2905 4925 3255 4979 intervertere
3311 4936 3421 4976 non
3453 4920 3742 4976 dubitavit.

2189 5021 2289 5088 Qui
2317 5021 2682 5091 septingentas
2700 5018 2935 5088 virgines
2957 5015 3174 5072 Christo
3193 5023 3540 5071 consecratas
3567 5013 3747 5085 primo

2187 5115 2429 5170 omnium
2462 5114 2518 5167 in
2552 5128 2679 5168 suas
2727 5119 2908 5182 partes
2937 5109 3233 5180 pertraxit,
3263 5123 3386 5163 cum
3408 5107 3626 5162 interim
3652 5107 3747 5161 vix

2187 5217 2389 5278 septem
2416 5206 2757 5277 presbyteros
2780 5213 2835 5259 et
2854 5203 3117 5258 diaconos
3162 5198 3450 5255 duodecim
3477 5197 3584 5253 sibi
3602 5212 3746 5253 con~

2183 5301 2442 5356 ciliasset.
2487 5297 2565 5352 Ita
2618 5297 2845 5360 scilicet,
2884 5294 3152 5348 εὐόλισθον
3197 5293 3290 5346 καὶ
3331 5288 3596 5362 σφαλερὸν
3653 5291 3748 5347 καὶ

2184 5392 2575 5463 εὐπαράγωγον
2631 5388 2692 5441 τό
2739 5387 2845 5442 τῶν
2896 5385 3164 5455 γυναικῶν
3209 5383 3380 5454 γένος.
3443 5380 3549 5438 Sed
3619 5395 3744 5437 cum

2185 5483 2490 5541 Alexander
2527 5481 2630 5536 hoc
2664 5482 2784 5535 loco
2810 5479 3097 5536 mulierum
3131 5492 3292 5548 opera
3325 5473 3623 5531 Ecclesiam
3676 5473 3748 5530 ab
3775 5521 3782 5526 .

2187 5577 2316 5632 Ario
2342 5575 2542 5633 scribat
2561 5581 2942 5644 oppugnatam,
2978 5569 3303 5626 dubitaverit
3328 5571 3452 5638 quis
3487 5565 3633 5623 haud
3662 5565 3749 5624 in-
