4088 6284
336 411 442 468 εδδ

1777 397 2070 457 NOTITIA.

3453 392 3550 447 551

332 527 498 600 juria,
540 520 979 583 num-seductas
1011 522 1133 579 illas
1190 528 1242 577 et
1285 519 1462 576 fatuas
1519 519 1777 590 virgines,
1826 535 1893 573 an
1924 525 1968 580 Α
1995 533 2146 588 aeque
2165 509 2478 581 obscurum,
2531 516 2756 586 parique
2805 509 3233 600 investigatione;
3273 509 3544 600 inquiren-

337 619 483 674 aliud
514 619 694 688 potius
747 617 1068 672 feminarum
1103 629 1274 686 genus
1304 614 1387 667 vir
1441 619 1665 667 sanctus
1695 611 1897 665 intelli-

345 721 480 782 gat:
528 725 665 780 quas
718 710 937 780 quidem
975 709 1090 778 ipse
1147 705 1485 760 mulierculas
1539 705 1797 775 impuras,
1851 703 1898 760 si

338 803 511 874 Angl'o
538 802 822 872 interpreti
851 801 1121 856 credimus
1147 838 1167 864 ,
1196 807 1250 853 et
1297 797 1522 853 tenellas
1582 795 1900 850 meretricu-

340 897 427 952 las
469 901 664 950 vocat:
713 893 804 949 sed
840 907 1029 948 vereor
1058 891 1320 963 profecto.
1358 904 1426 944 ne
1464 888 1554 942 ille
1609 883 1899 941 Alexandri

345 993 577 1042 mentem
608 1000 671 1040 ac
715 985 880 1040 verba
927 983 1094 1038 nimis
1153 982 1506 1036 inclementer
1547 977 1894 1047 expresserit.

341 1078 486 1145 Quas
527 1077 672 1132 enim
721 1078 953 1146 impurus
985 1075 1076 1130 ille
1110 1074 1292 1138 vertit,
1347 1069 1672 1142 γυναικάρια
1693 1069 1900 1122 ἄτακτα

341 1169 644 1223 Alexander
695 1183 826 1224 voce
865 1183 894 1220 a
927 1166 990 1220 D.
1024 1165 1194 1220 Paulo
1237 1170 1484 1218 mutuata
1532 1161 1782 1232 appellat.
1824 1159 1900 1214 ita

344 1259 489 1314 enim
530 1258 820 1329 Apostolus
867 1255 933 1309 ΙΙ
962 1253 1201 1310 Thessal.
1255 1269 1338 1318 ιιι,
1373 1252 1429 1318 6,
1485 1259 1668 1307 monet
1713 1258 1772 1305 ut
1800 1267 1900 1307 nos

344 1351 724 1407 subtrahamus
750 1349 858 1404 ἀπὸ
903 1347 1102 1410 παντός
1127 1345 1353 1416 ἀδελφοῦ
1399 1344 1647 1407 ἀτάκτως
1675 1359 1902 1414 περιπα-
1929 1358 1935 1363 ·

341 1441 578 1506 τούντος,
610 1441 674 1496 ab
724 1441 864 1495 omni
895 1440 1062 1510 fratre
1100 1439 1395 1492 inordinate
1443 1435 1762 1489 ambulante.
1799 1431 1901 1488 Ubi

342 1536 554 1607 egregie
597 1534 916 1589 scho-liastes
942 1529 1162 1586 Graecus
1195 1549 1208 1584 :
1245 1528 1517 1592 Ἀτακτός·
1540 1530 1686 1580 ἐστιν
1717 1528 1744 1578 ὁ
1781 1525 1900 1596 δίχα

343 1627 546 1692 τάξεως
593 1627 686 1680 καὶ
707 1624 815 1678 τῶν
861 1623 955 1677 τοῦ
1011 1621 1144 1675 Θεοῦ
1174 1621 1353 1692 νόμων
1381 1618 1714 1692 περιπατῶν.
1747 1616 1902 1683 Quod

342 1717 593 1788 equidem
633 1717 713 1772 sic
743 1714 1150 1785 explicaverim,
1211 1711 1443 1765 ἄτακτον
1487 1711 1602 1766 sive
1635 1709 1904 1763 inordina-

345 1821 452 1865 tum
484 1811 613 1875 dici,
645 1811 737 1881 qui
785 1824 898 1865 suae
949 1807 1253 1864 vocationis
1303 1807 1548 1862 ordinem
1592 1807 1843 1876 legesque
1871 1818 1902 1856 a

1999 610 2126 664 dum
2158 609 2387 664 videtur.
2413 607 2475 663 D.
2502 605 2865 677 Hieronymus
2903 601 3130 674 epistola
3171 598 3239 654 ad
3278 597 3553 653 Salvinam

1999 698 2076 754 De
2104 699 2354 753 viduitate
2373 697 2649 764 servanda,
2697 696 2844 750 hunc
2883 689 3128 762 Apostoli
3176 689 3355 746 locum
3385 688 3557 758 expli-

1999 803 2154 852 cans,
2185 788 2252 843 de
2280 788 2506 859 collegio
2529 788 2633 853 vel,
2673 797 2732 840 ut
2787 797 2934 839 nunc
2975 781 3269 850 loquimur,
3320 779 3556 849 hospitio

1998 878 2281 934 viduarum
2313 878 2530 947 accipit,
2564 893 2683 948 quae
2714 877 2941 947 publicis
2969 875 3223 932 Ecclesia:
3252 871 3558 941 sumptibus

2000 971 2280 1026 alebantur
2317 968 2511 1034 :Illas,
2540 970 2734 1040 inquit,
2783 969 2893 1023 vult
2944 968 3193 1023 Ecclesia:
3232 963 3414 1034 opibus
3439 978 3560 1016 sus-

2002 1062 2212 1125 tentari,
2257 1076 2374 1130 qute
2405 1063 2628 1128 propriis
2659 1061 2898 1114 manibus
2930 1077 3034 1115 non
3059 1066 3250 1129 queunt
3270 1055 3510 1110 laborare
3537 1068 3559 1107 :

1999 1169 2114 1222 qua:
2136 1168 2246 1206 vere
2294 1151 2467 1206 vidua:
2494 1163 2634 1216 sunt,
2666 1169 2795 1224 quas
2823 1164 2872 1208 et
2908 1163 3038 1209 wtas
3091 1151 3276 1222 probat
3321 1159 3371 1204 et
3427 1149 3553 1202 vita.

2003 1243 2109 1300 Sed
2141 1261 2328 1300 vereor
2352 1253 2410 1300 ut
2449 1245 2693 1316 Apostoli
2751 1261 2904 1302 mens
2954 1248 3018 1301 ad
3051 1246 3220 1301 solam
3254 1245 3395 1298 hanc
3423 1259 3558 1315 pau-

2000 1353 2189 1408 perqu
2245 1345 2299 1394 et
2327 1346 2484 1393 aetate
2537 1338 2905 1394 confectarum
2956 1339 3242 1393 viduarum
3279 1345 3556 1392 sustenta-

2001 1431 2203 1487 tionem
2253 1433 2506 1504 restringi
2534 1434 2725 1504 possit.
2772 1432 2905 1488 Nam
2939 1434 3244 1488 ministerio
3301 1432 3560 1487 Ecclesiae

2001 1526 2293 1582 virtutibus
2314 1534 2367 1581 et
2389 1535 2546 1582 aetate
2577 1528 2830 1596 probatas
2877 1527 3000 1598 eligi
3036 1526 3343 1596 praeﬁcique
3370 1526 3558 1580 solitas

2000 1617 2086 1672 vel
2107 1617 2238 1671 illud
2266 1625 2582 1689 argumento
2616 1627 2720 1682 est,
2747 1618 2890 1689 quod
2935 1606 3124 1673 viduas
3175 1618 3294 1671 illas
3326 1617 3556 1686 primum

2001 1710 2211 1766 discere
2234 1711 2388 1780 jubet
2418 1711 2728 1781 Apostolus,
2768 1710 2862 1781 qui
2883 1710 3153 1780 propriam
3183 1710 3402 1764 domum
3423 1709 3560 1761 bene

2003 1812 2191 1874 regant
2223 1823 2236 1856 :
2268 1805 2697 1859 Μανθανέτωσαν
2750 1804 2982 1877 πρῶτον,
3027 1804 3200 1874 inquit
3238 1843 3252 1865 ,
3293 1801 3382 1854 τὸν
3432 1800 3561 1854 ἴδιον

344 1901 451 1957 Deo
483 1903 791 1971 propositas
812 1915 921 1956 non
969 1899 1225 1954 observat
1261 1915 1274 1950 :
1308 1899 1397 1951 cui
1453 1897 1652 1968 impuri
1704 1911 1903 1950 nomen

2006 1891 2150 1949 οἷκον
2183 1897 2441 1952 εὐσεϐεῖν.
2477 1896 2716 1952 Similem
2751 1898 2894 1952 enim
2931 1897 3127 1966 publici
3161 1897 3402 1951 muneris
3436 1893 3563 1965 πρό-

342 1993 557 2062 proprie
603 1991 948 2047 tribuendum
1009 1989 1153 2045 haud
1194 1997 1348 2060 puto.
1387 1988 1738 2044 Mulierculas
1774 2003 1905 2043 vero

342 2083 585 2153 impuras
617 2099 798 2150 nemo,
831 2083 1013 2146 credo,
1050 2082 1342 2152 intelliget,
1375 2081 1478 2136 nisi
1511 2095 1632 2150 quae
1660 2079 1907 2149 voluptas

343 2180 458 2228 tum
485 2189 550 2230 ac
586 2173 873 2230 libidinum
900 2187 1057 2228 cceno
1088 2171 1377 2236 immersae,
1412 2170 1612 2226 foedam
1660 2172 1909 2241 corporis

344 2265 426 2320 sui
459 2265 668 2336 copiam
726 2265 851 2320 aliis
915 2262 1144 2320 faciunt.
1176 2263 1314 2319 illud
1361 2277 1490 2318 vero
1541 2261 1762 2334 gravius
1799 2269 1904 2326 est,

349 2373 483 2428 quas
518 2356 826 2414 Alexander
854 2357 976 2414 loco
1016 2357 1266 2429 superius
1297 2371 1328 2411 a
1353 2355 1511 2412 nobis
1558 2354 1741 2421 allato,
1777 2354 1910 2410 sim-

345 2451 560 2519 pliciter
585 2449 852 2520 νεωτέρας
879 2456 1058 2514 vocat,
1095 2446 1310 2502 tenellas
1338 2445 1698 2501 meretriculas
1751 2442 1908 2500 verti.

347 2539 503 2608 Quod
531 2538 761 2596 Romani
788 2541 1026 2597 editores
1074 2539 1180 2595 hoc
1227 2540 1348 2595 loco
1393 2538 1805 2609 interpolantes,
1833 2545 1908 2591 te-

347 2632 514 2687 nellas
531 2631 839 2702 juvenculas
862 2632 1266 2688 substituerunt
1299 2647 1312 2683 :
1346 2630 1670 2710 clementius
1691 2627 1908 2696 quidem

349 2724 506 2790 illud,
539 2725 633 2781 sed
664 2723 850 2780 nescio
880 2733 1062 2780 tamen
1095 2739 1164 2778 an
1194 2724 1328 2780 satis
1357 2724 1424 2779 ad
1449 2721 1741 2778 Alexandri
1758 2736 1906 2776 men-

351 2823 482 2870 tem.
515 2813 689 2882 Quam
745 2821 804 2868 ut
850 2813 1064 2884 planius
1116 2815 1438 2886 pleniusque
1491 2815 1904 2886 perspiciamus,

349 2905 628 2975 copiosius
661 2906 906 2961 nonnihil
938 2905 1293 2962 diﬁ'erendum
1325 2908 1429 2962 erit
1482 2907 1548 2963 de
1587 2906 1906 2962 mulieribus

355 2992 464 3050 illis
515 3010 635 3065 qua:
655 2995 883 3067 gradum
934 3005 1028 3051 aut
1048 2997 1292 3053 ordinem
1341 3006 1435 3051 aut
1468 2993 1754 3052 ministerii
1799 2996 1909 3052 olli-

352 3085 497 3140 cium
524 3087 581 3141 in
608 3087 848 3144 Ecclesia
877 3088 1006 3144 olim
1053 3089 1404 3145 obtinuerunt
1435 3105 1447 3140 :
1490 3103 1718 3160 quarum
1750 3089 1906 3159 origi-

351 3193 472 3232 nem
501 3195 568 3234 ex
596 3181 771 3236 sacris
824 3181 1020 3236 litteris
1047 3197 1156 3236 una
1197 3181 1494 3252 eademque
1514 3197 1675 3251 opera
1735 3181 1906 3236 dedu-

347 3276 492 3323 ctam
517 3271 930 3340 explicabimus.
982 3271 1047 3325 Et
1096 3272 1229 3326 mihi
1274 3272 1492 3343 quidem
1539 3282 1685 3327 recte
1714 3277 1776 3327 ad
1803 3273 1905 3326 tria

348 3375 546 3430 genera
595 3363 839 3416 revocari
876 3361 1150 3417 videntur.
1207 3362 1449 3428 Quorum
1493 3362 1752 3433 dignitate
1796 3365 1908 3434 pri-

350 3466 496 3506 mum
527 3459 610 3508 est
635 3453 902 3525 virginum
931 3453 1259 3519 institutum,
1314 3470 1424 3509 non
1473 3453 1590 3509 heri
1623 3461 1716 3508 aut
1749 3454 1908 3511 hodie

349 3542 740 3610 introductum,
790 3555 851 3600 ut
894 3545 1132 3601 barretici
1191 3547 1364 3602 nostri
1419 3547 1678 3618 temporis
1733 3548 1908 3617 impu-

349 3635 538 3692 denter
594 3637 754 3692 simul
803 3646 858 3694 et
892 3639 1139 3708 imperite
1167 3638 1470 3693 afﬁrmant:
1501 3639 1595 3696 sed
1644 3655 1749 3694 una
1785 3655 1908 3694 cum

352 3731 590 3787 Ecclesia
619 3740 828 3795 natum,
870 3732 1139 3787 autetiam
1171 3730 1410 3786 Ecclesia
1444 3731 1565 3802 ipsa
1593 3731 1905 3802 antiquius:

349 3823 548 3892 quippe
568 3823 726 3892 cujus
754 3823 996 3892 exempla
1019 3828 1112 3876 aut
1136 3821 1394 3892 praeludia
1425 3821 1480 3875 in
1505 3821 1671 3877 veteri
1696 3837 1912 3891 quoque

352 3903 557 3970 lmd'ere
601 3914 971 3985 agnoscimus.
1033 3911 1290 3978 Quamvis
1348 3912 1518 3966 multo
1577 3911 1910 3981 splendidior

351 4007 469 4076 ejus
501 4007 672 4079 gloria
703 4008 759 4061 in
785 4022 927 4061 novo
979 4004 1254 4062 refulserit
1281 4023 1294 4059 :
1329 4005 1420 4059 ubi
1454 4002 1691 4074 Virginis
1717 4002 1906 4070 Filius,

275 4144 282 4151 .
354 4098 608 4154 Ecclesia:
658 4105 821 4153 castae
856 4095 1082 4169 virginis
1125 4111 1396 4167 sponsus,
1444 4095 1809 4166 virginitatem
1857 4105 1911 4152 et

351 4193 600 4248 doctrina
622 4201 674 4247 et
693 4191 941 4261 exemplo
987 4205 1088 4246 suo
1132 4189 1422 4261 gloriosius
1455 4189 1792 4244 consecravit
1819 4197 1910 4245 :et

351 4282 644 4354 Apostolus
674 4281 800 4354 napi.
836 4283 1119 4352 ἰσαγγέλου
1141 4281 1419 4346 ιπολιτεῖας
1441 4297 1598 4338 suum
1621 4281 1909 4338 consilium

353 4376 565 4447 prolixe
587 4373 892 4429 Corinthiis.
920 4373 975 4427 iu
1010 4370 1312 4442 l‘Eptstola,
1343 4385 1466 4442 cap.
1509 4385 1608 4437 vn,
1638 4371 1905 4441 exposuit.

361 4466 741 4538 Virginitatem
767 4463 964 4520 deinde
1005 4464 1251 4534 sequitur
1298 4461 1573 4527 viduatus,
1606 4470 1665 4516 ut
1696 4461 1910 4518 Tertul-

2008 2004 2200 2059 πειραν
2229 1987 2282 2041 in
2305 1989 2558 2058 episcopo
2591 1989 2750 2059 paulo
2778 1999 2901 2042 ante
2929 1989 3103 2042 eidem
3140 1985 3422 2041 Timotheo
3451 1993 3564 2038 tra-

2007 2079 2107 2144 dit,
2140 2085 2340 2133 rectam
2373 2079 2581 2134 scilicet
2609 2078 2830 2148 privata:
2849 2079 3064 2132 familiae
3091 2079 3560 2149 gubernationem.

2009 2171 2116 2228 Sed
2137 2171 2268 2242 quid
2303 2171 2622 2226 circuitione
2647 2186 2784 2241 opus
2812 2179 2918 2237 est,
2953 2185 3080 2224 cum
3119 2180 3172 2226 et
3189 2171 3399 2240 privata
3432 2183 3562 2222 san-

2007 2273 2218 2322 ctorum
2247 2264 2488 2330 Patrum,
2521 2274 2574 2321 et
2603 2265 2816 2335 publica
2845 2263 3202 2320 conciliorum
3242 2263 3565 2318 auctoritate

2007 2355 2409 2428 ἀναπιρρήτως
2433 2356 2715 2411 evincatur
2760 2355 2950 2410 viduas
2975 2355 3064 2410 hic
3087 2356 3154 2408 ah
3198 2354 3457 2424 Apostolo
3481 2353 3565 2407 in-

2007 2447 2175 2519 telligi
2234 2448 2489 2504 mulieres
2541 2447 2664 2503 illas
2725 2460 2862 2518 quas
2915 2461 2946 2500 a
2995 2445 3337 2500 ministrandi
3391 2445 3566 2501 cilicio

2007 2540 2179 2596 Graeci
2217 2539 2516 2606 διακόνους,
2576 2538 2755 2593 Latini
2814 2539 2977 2593 etiam
3031 2539 3301 2592 ministras
3329 2581 3342 2605 ,
3407 2545 3463 2590 ut
3497 2552 3566 2592 ex

2007 2630 2166 2686 Plinii
2188 2629 2431 2687 Junioris
2468 2631 2671 2687 celebri
2715 2631 2806 2686 illa
2839 2631 2909 2687 de
2957 2629 3280 2685 Christianis
3333 2628 3564 2699 epistola

2006 2731 2238 2786 constat,
2270 2730 2324 2778 et
2344 2723 2680 2778 diaconissas
2706 2723 3080 2793 appellarunt?
3108 2721 3182 2776 De
3211 2721 3408 2792 quibus
3431 2720 3568 2792 Apo-

2007 2816 2178 2873 stolus
2199 2815 2440 2871 disertim
2471 2823 2614 2881 ante,
2654 2815 2748 2870 sed
2776 2815 2964 2884 paucis
3009 2814 3328 2869 meminerat
3355 2829 3475 2883 cap.
3506 2829 3566 2867 Ill

2005 2907 2248 2977 ejusdem
2273 2905 2544 2977 Epistolaz.
2578 2905 2712 2960 Nam
2759 2907 2850 2961 ubi
2882 2907 2948 2962 de
2999 2905 3243 2961 diaconis
3271 2905 3568 2976 probaudis

2007 2999 2476 3071 suscipiendisque
2496 3000 2626 3069 agit,
2677 2998 2954 3068 subiungit
2992 3006 3084 3051 aut
3115 2997 3430 3068 interjungit
3478 3011 3568 3066 po-

2005 3092 2134 3157 tius,
2157 3092 2424 3154 Γυναϊκας
2442 3090 2699 3154 ὡσαύτως
2722 3090 2943 3161 σεμνάς,
2974 3097 3104 3152 elc.,
3125 3089 3363 3143 mulieres
3385 3087 3570 3142 simili-

1931 3222 1974 3278 ε
2008 3198 2086 3241 ter
2108 3185 2470 3255 pudicas,ete.;
2489 3186 2773 3248 Γυναῖκας,
2794 3183 2967 3252 inquit
2984 3182 3204 3237 Graecus
3220 3181 3562 3244 scholiastes,

2007 3281 2066 3333 οὐ
2095 3280 2191 3342 τὰς
2211 3280 2547 3350 οἱασδήποτε,
2575 3278 2706 3332 ἀλλὰ
2723 3277 2820 3340 τὰς
2851 3277 3146 3340 διακόνους·
3166 3274 3288 3329 Νοη
3314 3292 3571 3346 quoscun-

2008 3381 2123 3436 que,
2156 3365 2354 3435 inquit,
2381 3366 2620 3420 mulieres
2651 3365 2918 3435 intelligit,
2959 3364 3048 3419 sed
3079 3365 3426 3418 diaconissas.
3458 3363 3569 3418 Cur

2010 3455 2154 3508 enim
2174 3453 2316 3509 inter
2338 3456 2566 3510 clericos
2598 3456 2911 3522 quarumvis
2966 3455 3033 3510 de
3073 3455 3231 3526 vulgo
3277 3454 3566 3508 mulierum

2010 3546 2334 3602 mentionem
2364 3547 2650 3617 injiceret?
2679 3545 2864 3616 Neque
2911 3548 3068 3601 aliter
3101 3545 3164 3601 D.
3209 3546 3568 3618 Hieronymus

2012 3640 2068 3694 in
2094 3639 2397 3697 Comment.
2452 3641 2518 3696 ad
2550 3641 2694 3694 hunc
2721 3642 2920 3694 locum.
2965 3641 3233 3704 Mulieres,
3271 3639 3467 3710 inquit,
3495 3640 3569 3693 si-

2012 3732 2206 3786 militer
2223 3741 2280 3786 ut
2303 3733 2548 3786 diacones
2571 3731 2693 3802 eligi
2724 3731 2892 3800 jubet.
2923 3731 3069 3786 Unde
3098 3731 3406 3801 intelligitur
3431 3731 3568 3802 quod

2011 3821 2074 3876 de
2098 3821 2178 3876 his
2212 3822 2354 3877 dicat
2386 3840 2515 3894 quas
2540 3821 2708 3876 adhuc
2737 3822 2887 3876 hodie
2907 3823 2960 3876 in
2997 3822 3206 3878 Oriente
3237 3822 3568 3877 diaconissas

2013 3915 2299 3984 appellant.
2329 3915 2562 3984 Apparet
2584 3931 2712 3985 ergo
2731 3913 2990 3968 διακόνων
3019 3928 3248 3978 nomen,
3285 3913 3570 3983 utriusque

2013 4021 2176 4060 sexus
2199 4007 2446 4076 personis
2469 4006 2722 4062 Ecclesiae
2750 4006 3184 4062 ministrantibus
3217 4007 3273 4060 in
3295 4006 3397 4062 hoc
3425 4005 3569 4076 Apo-

2010 4098 2135 4154 stoli
2171 4099 2291 4155 loco
2312 4114 2433 4154 esse
2459 4112 2745 4154 commune
2778 4114 2791 4150 :
2825 4097 2969 4168 quod
2997 4099 3052 4153 in
3079 4099 3353 4163 διακόνους
3383 4106 3436 4154 et
3457 4098 3572 4152 δια-

2011 4190 2263 4254 κονίσσας
2283 4201 2466 4261 postea
2509 4189 2828 4246 distinctum
2876 4191 2991 4246 luit.
3043 4190 3214 4247 Hasce
3245 4200 3424 4246 autem
3453 4192 3570 4246 dia-

2011 4285 2280 4348 conissas,
2309 4283 2596 4338 viduarum
2645 4299 2862 4355 quoque
2902 4284 3121 4340 nomine
3145 4300 3175 4338 a
3206 4283 3268 4337 D.
3293 4283 3460 4338 Paulo
3487 4285 3570 4339 in-

2012 4375 2178 4447 telligi
2230 4382 2462 4431 testatur
2517 4376 2658 4432 idem
2716 4377 3094 4448 Hieronymus,
3147 4376 3238 4446 qui
3293 4376 3359 4430 ad
3407 4376 3569 4430 verba

2011 4466 2257 4536 Apostoli
2290 4466 2356 4522 de
2374 4467 2547 4522 viduae
2570 4468 2851 4532 electione,
2883 4467 2962 4522 sic
2995 4473 3179 4521 notat:
3211 4465 3362 4520 Tales
3410 4467 3570 4520 voluit

354 4561 482 4616 liani
511 4573 645 4614 voce
675 4564 818 4621 utar,
843 4556 957 4612 sive
975 4556 1109 4611 ordo
1139 4555 1446 4622 viduarum,
1481 4570 1600 4626 (λειω
1651 4562 1770 4626 post
1803 4556 1914 4626 pri-
1943 4572 1988 4628 υ
2015 4560 2137 4630 eligi
2172 4559 2497 4615 diaconissas
2559 4578 2674 4631 quw
2735 4560 2973 4616 omnibus
3027 4569 3196 4614 essent
3253 4559 3565 4628 exemplum.

354 4667 472 4706 mas
506 4648 740 4720 nuptias,
782 4647 917 4712 sive,
948 4654 1005 4702 ut
1049 4646 1189 4702 idem
1240 4646 1607 4702 Tertullianus
1653 4647 1907 4717 loquitur,

354 4749 477 4814 post
504 4755 670 4795 unum
705 4737 1110 4793 matrimonium
1139 4739 1517 4808 interceptum,
1541 4737 1736 4792 exinde
1757 4739 1910 4794 sexui

353 4841 406 4888 et
429 4832 630 4888 saeculo
689 4831 1096 4885 renuntiabant.
1153 4829 1228 4886 De
1286 4831 1369 4885 his
1396 4845 1612 4900 quoque
1666 4829 1912 4901 Apostoli

357 4932 680 4997 praeceptum
706 4929 882 4978 exstat
909 4921 975 4976 ad
1009 4921 1348 4977 Timotheum
1382 4921 1549 4992 priori
1570 4922 1740 4992 Epist.
1784 4939 1906 4993 cap.

355 5034 410 5084 v,
434 5035 487 5071 v.
520 5015 592 5071 9:
642 5015 809 5069 Vidua
858 5015 1085 5084 eligatur
1115 5031 1217 5068 non
1253 5015 1426 5068 minus
1453 5029 1710 5068 annorum
1757 5030 1913 5069 sexa-

353 5110 519 5180 ginta.
553 5107 672 5174 Quo
702 5107 818 5161 loco
865 5105 1156 5176 Apostolus
1180 5113 1233 5160 et
1275 5105 1502 5160 virtutes
1533 5105 1588 5160 in
1631 5105 1793 5160 vidua
1825 5121 1912 5160 re-

355 5201 588 5272 quisitas
624 5207 890 5263 recenset,
917 5206 970 5254 et
999 5206 1213 5253 aetatem
1246 5209 1502 5270 praeterea
1531 5198 1790 5269 eligenda:
1824 5199 1913 5252 de-

359 5294 494 5349 ﬁnit.
536 5293 642 5349 Sed
673 5293 761 5348 cui
789 5292 904 5356 lini,
933 5291 1020 5346 cui
1051 5292 1222 5362 operi,
1253 5292 1360 5346 -cui
1407 5291 1708 5347 ministerio
1743 5292 1915 5362 eligea

359 5386 550 5440 batur?
577 5382 906 5440 Scholiastes
929 5381 1171 5448 Graecus,
1206 5384 1298 5453 qui
1327 5385 1382 5438 in
1427 5383 1545 5439 aliis
1593 5398 1816 5438 succum
1857 5389 1912 5438 et

359 5477 622 5532 medullas
675 5474 774 5530 SS.
831 5474 1052 5528 Patrum
1085 5474 1339 5530 exhibere
1373 5476 1529 5538 solet,
1577 5475 1773 5530 dubius
1811 5475 1912 5530 hie-

360 5585 479 5625 rere
504 5568 718 5624 videtur
743 5587 755 5621 :
786 5569 920 5620 Φασὶ
937 5566 1106 5631 δὲτὰς
1132 5569 1209 5629 εἰς
1239 5566 1300 5618 τὸ
1325 5566 1548 5637 χηρικόν
1575 5569 1910 5639 τεταγμένας

361 5661 555 5727 λέγειν·
582 5659 761 5725 Aiunt,
797 5660 991 5730 inquit,
1027 5657 1334 5728 Apostolum
1383 5660 1522 5728 loqui
1572 5658 1634 5714 de
1666 5661 1772 5714 illis
1795 5677 1910 5730 qua:

361 5754 428 5805 ad
457 5751 757 5806 viduitatem
789 5751 1043 5806 ordinata:
1065 5759 1234 5806 erant.

431 5842 537 5902 Sed
559 5843 688 5915 quid
715 5843 1168 5921 ipsescholiastcs
1195 5858 1289 5916 per
1312 5845 1374 5900 τὸ
1401 5842 1620 5915 κηρικόν
1650 5843 1910 5915 intelligat

2015 4649 2268 4707 Testatur
2291 4663 2344 4708 et
2369 4652 2702 4724 Epiphanius
2727 4654 2781 4707 in
2814 4653 3306 4724 Collyridianorum
3338 4651 3562 4716 haeresi,

2012 4757 2130 4813 cap.
2171 4744 2225 4808 4,
2252 4744 2340 4799 ubi
2373 4745 2770 4800 observandum
2801 4752 3003 4808 mouet,
3032 4745 3092 4798 τὸ
3123 4744 3566 4816 ἐκκλησιαστικὸν

2012 4835 2221 4908 τάγμα,
2273 4834 2506 4890 ordinem
2547 4835 2992 4901 ecclesiasticum,
3038 4850 3148 4890 non
3204 4835 3345 4890 ultra
3395 4836 3572 4892 diaco-

2014 4930 2194 4984 nissas
2223 4927 2469 4994 extendi;
2497 4926 2700 4981 addens
2721 4947 2733 4980 :
2753 4928 2938 4998 Χήρας
2959 4943 3018 4978 τε
3039 4927 3307 4998 ὠνόμασε,
3333 4929 3425 4981 καὶ
3451 4929 3541 4982 τού
3558 4959 3574 4970 -

2013 5034 2118 5072 των
2165 5018 2265 5082 τὰς
2316 5017 2405 5070 ἔτι
2439 5017 2741 5088 γραοτέρας
2783 5015 3142 5088 πρεσϐύτιδας
3167 5057 3182 5082 ,
3246 5018 3478 5090 οὐδαμοῦ
3516 5020 3572 5073 δὲ

2015 5107 2436 5179 πρεσϐυτερίδας
2471 5109 2503 5179 ἢ
2544 5107 2802 5179 ἱερίσσας.
2862 5107 3030 5173 Quas,
3065 5095 3262 5180 inquit,
3287 5109 3568 5177 Apostolus

2013 5199 2172 5252 etiam
2203 5199 2386 5253 viduas
2415 5199 2714 5269 appellavit,
2742 5216 3020 5272 earumque
3046 5211 3200 5258 letale
3225 5202 3570 5274 provectiores

2015 5288 2374 5361 πρεσϐύτιδας
2403 5289 2542 5363 [sive
2577 5290 2850 5363 seniores],
2876 5308 3134 5364 nusquam
3156 5303 3329 5348 autem
3353 5289 3570 5361 presby-
3618 5320 3642 5362 ,έ

2017 5381 2210 5436 teridas
2235 5383 2312 5437 vel
2339 5381 2738 5438 sacerdotissas.
2763 5383 2881 5450 Quo
2905 5387 3010 5441 telo
3028 5384 3424 5457 Collyridianas
3447 5383 3574 5454 Epi-
3620 5365 3626 5371 ’

2016 5474 2247 5544 phanius
2295 5474 2526 5545 jugulat,
2568 5491 2688 5545 qua:
2729 5478 2846 5532 suis
2877 5479 2981 5534 sibi
3009 5478 3216 5532 maritis
3246 5476 3569 5546 conjunctae,

2014 5567 2118 5622 hoc
2165 5576 2267 5634 est,
2302 5567 2524 5638 ἕνγαμοι
2554 5568 2647 5622 καὶ
2673 5569 2950 5642 ὕπανδροι,
2983 5569 3242 5625 οποτοηᾶί
3283 5583 3482 5624 munus
3516 5569 3570 5623 in

2015 5661 2260 5716 Ecclesia
2290 5661 2452 5731 impie
2481 5661 2584 5718 sibi
2619 5662 2964 5733 arrogabant.
2990 5661 3124 5715 Cum
3155 5660 3447 5730 Apostolus
3493 5664 3573 5716 ul-

2016 5760 2100 5805 tra
2136 5751 2499 5817 diaconatum,
2544 5752 2788 5808 altiorem
2815 5750 3038 5822 gradum
3065 5748 3281 5808 feminis
3313 5753 3366 5807 in
3398 5751 3574 5808 Eccle-

2016 5841 2094 5899 sia
2118 5858 2226 5900 non
2263 5843 2613 5908 concesserit,
2671 5856 2901 5910 eumque
2956 5857 3067 5899 non
3123 5843 3446 5916 conjugatis,
3479 5842 3570 5898 sed
