4088 6284
499 358 606 413 555

1547 358 1603 412 ὃ.
1647 356 2061 410 ALEXANDER
2101 353 2657 410 ALEXANDRINUS.

3609 364 3720 418 536

499 475 682 530 viduis
705 475 932 530 voluerit
960 472 1214 527 conferri.
1246 472 1361 538 Quo
1409 473 1524 526 loco
1561 470 1893 540 Epiphanius
1939 469 2046 524 olli-
2075 475 2116 528 Α
2147 469 2476 538 virginitatis.
2539 466 2707 520 Pudet
2738 468 2928 531 dicere,
2963 469 3156 538 inquit,
3177 471 3307 539 proh
3330 473 3513 542 nefas!
3540 480 3715 545 "me,
3761 535 3770 550 '

503 568 650 622 cium
675 565 1103 619 diaconissarum
1154 563 1453 617 luculenter
1472 561 1748 623 describit,
1786 562 1862 614 uti
1895 563 2055 616 etiam

501 660 557 712 in
592 654 1071 726 Expositione/Mei
1092 655 1386 716 catholica,
1419 667 1578 722 quam
1614 654 1763 722 operi
1796 653 2056 709 adversus

502 751 737 804 haereses
768 747 1063 816 subiunxit.
1101 746 1200 800 Ubi
1255 755 1308 801 et
1338 746 1440 799 hoc
1481 744 1716 806 additur,
1751 761 1814 797 ex
1841 761 1948 813 quo
1972 761 2058 815 ge-

499 855 630 894 nere
664 838 767 908 legi
796 846 850 892 et
882 840 937 892 in
966 838 1219 892 Ecclesia:
1259 837 1615 890 ministerium
1650 835 1892 904 adoptari
1923 851 2057 889 con-

499 932 818 989 sueverint:
874 931 1225 990 Diaconissw,
1291 928 1486 996 inquit,
1551 925 1684 979 hunc
1740 936 1942 979 tantum
2000 928 2056 978 in

497 1043 652 1081 usum
677 1026 1088 1088 constituuntur,
1114 1032 1170 1075 ut
1202 1021 1503 1075 mulieribus
1526 1021 1726 1075 decoris
1743 1030 1791 1074 et
1811 1022 2056 1075 honesta-

498 1121 564 1172 tis
592 1135 754 1171 causa
786 1117 1072 1171 inserviant
1093 1155 1107 1178 ,
1151 1114 1238 1167 ubi
1268 1114 1321 1166 id
1354 1113 1636 1167 necessitas
1671 1114 1906 1183 requirit.
1939 1113 2058 1168 Sive

495 1227 613 1264 cum
651 1209 898 1279 baptismi
939 1209 1148 1262 lavacro
1185 1205 1480 1269 initiandaz,
1517 1204 1621 1258 sive
1657 1220 1841 1272 corpus
1873 1221 2056 1257 earum

491 1302 869 1371 inspiciendum
901 1303 966 1354 sit
991 1317 1008 1354 :
1033 1301 1126 1353 καὶ
1157 1293 1314 1353 αὗται
1351 1299 1407 1352 δὲ
1443 1299 1737 1370 μονόγαμοι
1758 1299 2054 1367 ἐγκρατευ-

494 1391 748 1462 σάμεναι·
779 1402 998 1458 suntque
1027 1391 1155 1452 illm,
1195 1390 1388 1458 inquit,
1420 1389 1638 1442 univira:
1684 1390 2052 1442 continentiam

491 1483 744 1550 professa:
758 1501 777 1546 ;
793 1483 826 1554 ἢ
844 1483 1176 1554 χηρεύσασαι
1194 1481 1300 1534 ἀπὸ
1321 1481 1675 1552 μονογαμίας,
1698 1482 1775 1534 vel
1792 1491 1906 1548 post
1923 1499 2053 1534 unas

498 1575 708 1638 nuptias
739 1573 940 1638 viduaz,‘
965 1574 998 1643 ἦ
1041 1573 1402 1645 ἀειπάρθενοι,
1431 1573 1508 1626 vel
1534 1584 1789 1641 perpetua:
1811 1575 2048 1643 virgines.

500 1663 603 1719 Ubi
627 1667 731 1718 tria
752 1672 1101 1720 recensentur
1117 1663 1608 1718 sanctimonialium
1631 1679 1846 1733 genera,
1861 1679 1924 1718 ex
1942 1664 2056 1733 qui-

499 1756 602 1813 bus
622 1755 1048 1810 diaconissarum
1071 1752 1205 1809 ordo
1233 1753 1516 1807 constabat
1542 1773 1553 1806 :
1585 1753 1788 1823 primae,
1819 1754 2053 1822 virgines

500 1851 619 1906 sine
648 1848 992 1901 matrimonio
1029 1861 1060 1898 a
1103 1847 1399 1906 nativitate;
1433 1846 1702 1905 secundae,
1739 1846 1973 1914 virgines
2000 1848 2052 1900 in

498 1940 843 1994 matrimonio
863 1954 926 1993 ex
945 1952 1210 1993 consensu
1228 1938 1307 1990 vel
1323 1937 1601 2000 condicto;
1627 1938 1839 1990 tertium
1861 1953 2054 2007 genus,

495 2031 670 2086 viduae
701 2031 1036 2084 continentes
1059 2037 1183 2098 post
1209 2029 1439 2098 primum
1461 2027 1862 2081 matrimonium
1885 2044 1946 2081 ex
1967 2043 2056 2080 ar-

495 2124 687 2178 bitrio:
711 2131 770 2175 ut
804 2121 1166 2177 Tertullianus
1189 2123 1243 2175 in
1261 2120 1636 2174 Exhortatione
1668 2122 1926 2174 castitatis
1947 2121 2054 2174 ele-

491 2226 683 2287 ganter
699 2217 1002 2286 distinguit,
1019 2225 1071 2270 et
1084 2214 1472 2269 Tertullianum
1491 2223 1707 2269 secutus
1721 2212 1778 2266 Ι).
1796 2211 2054 2282 Hierony-

492 2323 616 2362 mus
650 2309 704 2360 in
733 2310 956 2378 epistola
982 2311 1048 2364 ad
1071 2309 1427 2380 Agerucbiam
1459 2307 1532 2360 De
1566 2306 1913 2375 monogamia.
1944 2303 2052 2359 Ve-

493 2415 638 2464 rum,
657 2401 990 2469 utprincipio
1007 2402 1138 2464 dixi,
1155 2416 1274 2454 cum
1292 2401 1523 2454 maxima
1538 2397 1698 2468 hujus
1709 2397 1916 2452 ordinis
1928 2411 2052 2466 pars

494 2506 557 2545 ex
588 2492 765 2544 viduis
798 2501 1088 2555 constaret,
1123 2492 1298 2546 vidua!
1315 2500 1368 2546 et
1389 2490 1708 2546 diaconissm
1742 2491 2051 2559 promiscuo

496 2584 668 2639 ferme
699 2585 917 2640 nomine
952 2585 1175 2640 fuerunt
1209 2586 1506 2654 appellata).
1558 2582 1636 2637 lta
1671 2583 1901 2638 Basilius
1934 2581 2048 2634 Ma-

492 2688 636 2744 gnus
667 2675 721 2727 in
751 2675 980 2743 epistola
1011 2675 1272 2731 canonica
1327 2674 1393 2728 ad
1440 2674 1894 2743 Amphilochium,
1927 2688 2046 2741 cap.

493 2763 565 2818 24
599 2783 612 2818 :
654 2764 875 2818 Viduam
897 2782 1012 2835 qua:
1041 2767 1093 2818 in
1116 2765 1391 2818 viduarum
1429 2780 1699 2818 numerum
1753 2765 1922 2816 relata
1948 2773 2046 2826 est,

494 2857 598 2910 hoc
616 2868 716 2920 est,
740 2874 855 2926 quae
883 2858 946 2910 ab
972 2857 1208 2912 Ecclesia
1234 2859 1286 2910 in
1320 2857 1653 2910 diaconatum
1687 2864 1924 2924 suscepta
1949 2866 2047 2918 est,

494 2949 692 3001 censuit
736 2949 1015 3018 Apostolus
1064 2948 1334 3002 nubentem
1390 2949 1602 3014 despici.
1645 2945 1746 3000 Sed
1806 2947 2046 2999 omnium

495 3038 798 3107 clarissime
821 3039 1038 3091 concilii
1068 3037 1402 3108 Epaonensis
1430 3053 1603 3091 canon
1635 3037 1925 3091 vicesimus
1947 3036 2050 3104 pri-

493 3145 618 3182 mus
637 3129 881 3184 ordinem
910 3131 1053 3185 hunc
1072 3132 1129 3185 in
1153 3131 1391 3186 Ecclesia
1409 3131 1674 3200 abrogaus
1704 3147 1716 3184 :
1761 3127 2047 3180 Viduarum

494 3223 688 3290 inquit,
754 3224 1214 3283 consecrationem,
1254 3239 1384 3292 quas
1438 3222 1685 3274 diaconus
1733 3230 1938 3282 vocant,
1983 3217 2046 3270 ab

492 3313 634 3366 omni
684 3315 887 3382 regione
937 3325 1117 3368 nostra
1153 3314 1354 3381 penitus
1401 3311 1734 3380 abrogamus.
1791 3308 2048 3373 Quamvis

486 3404 601 3472 jam
632 3413 758 3458 ante
783 3405 1183 3459 Arausionense
1240 3404 1472 3473 primum
1524 3402 1838 3463 sustulerat,
1891 3400 2046 3469 cujus

491 3496 815 3549 sententiam
850 3505 1040 3564 praeter
1069 3495 1401 3565 Epaonense,
1458 3494 1620 3546 etiam
1659 3491 2047 3546 Aurelianeuse

491 3589 790 3644 secundum
822 3587 1180 3642 conﬁrmavit.
1207 3586 1462 3653 Quamvis
1494 3601 1559 3640 ex
1591 3585 1768 3639 verbis
1820 3583 1881 3636 Ι).
1930 3583 2049 3636 Hie-

490 3682 703 3752 ronymi
739 3681 900 3750 paulo
943 3690 1067 3735 ante
1113 3680 1312 3744 allatis,
1376 3680 1430 3733 in
1457 3677 1646 3731 Latina
1687 3675 1925 3731 Ecclesia
1962 3675 2047 3728 vel

492 3787 768 3841 nunquam
793 3782 1086 3842 receptum,
1119 3772 1201 3827 vel
1224 3772 1337 3842 jam
1385 3769 1682 3826 exolevisse
1711 3768 1856 3821 hunc
1905 3765 2048 3820 ordi-

489 3880 613 3919 nem
639 3873 913 3936 appareat.

565 3955 825 4025 Superest
852 3957 1067 4010 tertium
1121 3956 1406 4010 mulierum
1439 3953 1928 4008 ecclesiasticarum
1954 3965 2047 4020 ge-

492 4063 618 4110 nus,
655 4062 766 4100 non
798 4048 1072 4116 publicum
1120 4047 1271 4110 illud,
1303 4045 1396 4100 sed
1444 4047 1734 4114 privatum,
1786 4044 1831 4097 si
1864 4050 2045 4094 tamen

492 4137 922 4193 ecclesiasticum
952 4139 1058 4193 dici
1109 4139 1190 4192 fas
1239 4140 1310 4193 sit
1348 4154 1518 4208 genus
1559 4139 1868 4199 mulierum,
1898 4136 2042 4205 quod

491 4229 582 4282 ille
611 4229 676 4284 de
698 4231 1093 4286 mathematicis
1121 4231 1215 4293 ait,
1234 4230 1456 4285 vetitum
1483 4246 1694 4301 semper
1725 4231 1778 4283 in
1804 4228 2044 4282 Ecclesia

492 4336 808 4391 semperque
832 4330 1117 4376 retentum.
1150 4321 1351 4386 Genus,
1375 4325 1615 4393 inquam,
1649 4323 1953 4382 mulierum,
1988 4328 2046 4373 ut

492 4406 690 4476 reipsa,
732 4409 804 4461 ita
845 4418 900 4463 et
933 4409 1150 4464 nomine
1206 4410 1492 4474 incertum,
1526 4411 1732 4464 varium
1765 4426 1828 4464 ac
1858 4410 2042 4464 multi-

2155 559 2243 614 sed
2271 576 2442 613 verum
2472 569 2568 612 est.
2607 557 2752 612 Unde
2797 561 2846 612 in
2891 559 3153 614 Ecclesias
3190 575 3532 633 agapetarum
3552 573 3722 636 pestis

2154 656 2400 708 introiit?
2437 653 2581 706 Unde
2625 653 2735 706 sine
2784 655 2977 717 nuptiis
3027 655 3173 707 aliud
3221 675 3405 712 nomen
3444 665 3720 718 urorum?
3759 650 3764 714 ξ

2155 749 2257 801 imo
2285 748 2420 799 unde
2463 763 2644 798 novum
2675 745 3085 801 concubinarum
3127 753 3332 818 genus?
3371 749 3516 806 Unde
3549 771 3717 808 mere-

2155 840 2308 892 trices
2342 837 2558 891 univira:
2579 840 2604 892 ?
2655 836 2848 889 Eadem
2882 837 3057 902 domo,
3118 857 3221 893 uno
3284 843 3543 908 cubiculo,
3575 861 3720 916 saepe

2154 947 2256 982 uno
2296 938 2532 982 tenentur
2559 936 2607 980 et
2625 927 2836 992 lectulo,
2866 938 2914 982 et
2955 931 3273 998 suspiciosos
3305 949 3397 985 nos
3428 945 3633 1000 vocant,
3665 937 3717 990 si

2153 1019 2352 1090 aliquid
2386 1020 2712 1072 extimemus.

2221 1111 2379 1166 Ridet
2426 1119 2480 1166 et
2527 1112 2866 1182 Cyprianus,
2907 1114 2993 1168 vel
3041 1115 3290 1183 quisquis
3337 1131 3537 1186 suppar
3575 1134 3723 1174 sane

2152 1202 2417 1272 Cypriano
2433 1213 2619 1257 auctor
2633 1213 2712 1259 est
2744 1205 2865 1258 libri
2887 1203 2958 1258 De
2987 1206 3355 1274 singularitate
3375 1208 3713 1264 clericorum.

2153 1292 2222 1345 Et
2251 1291 2438 1356 adhuc,
2471 1293 2663 1362 inquit,
2694 1293 2757 1346 de
2784 1293 3041 1346 charitate
3067 1305 3374 1359 causantur,
3401 1298 3490 1365 qui
3523 1315 3711 1352 secun-

2156 1385 2279 1439 dum
2307 1386 2514 1441 verbum
2545 1386 2724 1451 Isaiae,
2757 1388 3162 1441 amaritudinem
3193 1405 3286 1456 pro
3315 1389 3585 1445 dulcedine
3611 1391 3712 1446 de-

2153 1488 2410 1545 eorantes,
2461 1479 2655 1532 nudam
2694 1477 2980 1547 foeditatem
3009 1481 3294 1534 velamento
3332 1481 3452 1534 boni
3480 1484 3714 1538 nominis

2155 1577 2328 1638 tegunt
2359 1587 2376 1622 :
2405 1570 2527 1624 dum
2555 1570 2694 1638 apud
2715 1587 2800 1624 eos
2828 1569 2921 1623 sub
2953 1569 3096 1637 falsa
3143 1568 3419 1625 dilectione
3463 1589 3583 1626 vera
3621 1573 3710 1624 di-

2156 1667 2305 1720 lectio
2333 1667 2577 1722 violatur.
2615 1665 2796 1735 Neque
2823 1665 3048 1720 dilectas
3081 1673 3312 1728 tantum,
3350 1665 3444 1720 sed
3465 1673 3518 1721 et
3551 1682 3715 1720 soro-

2155 1773 2242 1812 res
2271 1759 2563 1828 appellatas
2599 1767 2809 1812 constat
2841 1773 2904 1812 ex
2952 1757 3219 1828 Ancyrani
3251 1758 3467 1811 concilii
3499 1772 3714 1813 canone

2083 1815 2127 1868 Β
2159 1849 2245 1910 l8,
2274 1815 2430 1912 cuius
2453 1850 2562 1904 haec
2599 1857 2724 1904 sunt
2764 1850 2923 1904 verba
2951 1869 2963 1903 :
2993 1815 3103 1911 Τὰξ
3125 1849 3518 1918 συνερχομένας
3561 1865 3713 1920 παρ-

2157 1939 2338 2004 θένους
2368 1942 2524 2005 τισὶν,
2559 1941 2631 2002 ὡς
2665 1941 2895 2008 ἀδελφὰς
2925 1940 3296 2011 ἐκωλύσαμενο
3355 1940 3588 2011 Virgines
3625 1958 3713 1997 so-

2157 2049 2333 2084 rorum
2387 2033 2556 2085 instar
2583 2031 2892 2101 quibusdam
2939 2029 3293 2084 cohabitantes
3349 2032 3702 2098 prohibemus.

2155 2122 2444 2177 Testantur
2492 2123 2653 2176 etiam
2711 2124 3062 2192 imperatores
3118 2123 3384 2178 Arcadius
3425 2123 3701 2186 etgﬂono-

2153 2221 2269 2274 rius
2291 2222 2391 2290 leg.
2429 2221 2514 2285 l9,
2546 2221 2666 2275 cod.
2690 2221 2762 2275 De
2789 2222 3038 2290 episcopis
3067 2231 3114 2274 et
3145 2221 3369 2276 clericis.
3430 2224 3584 2286 Eum,
3617 2227 3700 2278 in~

2153 2313 2288 2381 quit,
2317 2313 2405 2381 qui
2431 2311 2746 2380 probabilem
2784 2312 2976 2367 saeculo
3027 2311 3356 2382 disciplinam
3385 2316 3514 2383 agit,
3547 2316 3704 2369 deco-

2154 2404 2317 2457 lorari
2339 2405 2602 2458 consortio
2651 2404 2868 2458 sororiw
2895 2405 3261 2473 appellationis
3284 2422 3386 2459 non
3411 2406 3571 2460 decet.
3595 2407 3700 2461 Sed

2150 2492 2487 2563 frequentius
2541 2503 2624 2548 est
2670 2493 3053 2557 συνεισάκτων,
3110 2494 3223 2548 sive
3274 2495 3710 2550 subintroducta-

2150 2601 2270 2638 rum
2299 2600 2516 2648 nomen,
2547 2599 2655 2654 quo
2712 2583 3078 2639 Antiochenos
3109 2584 3260 2638 Pauli
3307 2583 3708 2645 Samosatensis

2151 2677 2350 2732 etcleri
2383 2678 2528 2731 illius
2577 2685 2830 2746 agapetas
2859 2678 2973 2736 sive
3018 2677 3242 2732 dilectas
3286 2681 3708 2737 contubernales

2149 2785 2372 2825 vocasse
2403 2809 2418 2832 ,
2481 2777 2644 2823 testes
2699 2775 2827 2824 sunt
2877 2769 3197 2824 Antiocheni
3247 2772 3465 2824 concilii
3517 2770 3706 2828 Patres

2151 2862 2290 2932 apud
2313 2861 2531 2922 Euseb.,
2564 2861 2658 2914 lib.
2697 2877 2790 2924 vn,
2845 2875 2964 2931 cap.
2995 2861 3097 2916 24:
3135 2863 3273 2916 unde
3313 2879 3475 2932 porro
3495 2865 3549 2918 in
3583 2865 3704 2918 uni-

2150 2971 2306 3008 versa
2336 2953 2578 3008 Ecclesia
2597 2962 2872 3022 receptum
2899 2953 3132 3008 videtur.
3175 2954 3278 3008 Sed
3323 2963 3610 3026 antequam
3640 2973 3706 3012 ex

2151 3047 2252 3100 hoc
2279 3046 2598 3100 diverticulo
2621 3046 2676 3098 in
2704 3046 2846 3098 viam
2881 3046 3116 3111 redeam,
3156 3049 3392 3103 nominis
3423 3050 3627 3118 pariter
3643 3065 3705 3103 ac

2149 3136 2226 3190 rei
2252 3137 2511 3204 originem
2545 3137 2788 3205 pressius
2808 3136 3133 3207 investigare
3159 3138 3306 3202 libet,
3339 3154 3461 3193 cum
3477 3148 3702 3208 utraque

2146 3229 2301 3298 juxta
2332 3229 2384 3282 in
2422 3229 2654 3284 obscuro
2710 3232 2812 3286 sita
2861 3233 2950 3287 sit.
3021 3231 3087 3285 Et
3139 3233 3424 3288 Balsamon
3483 3235 3696 3303 quidem

2148 3322 2534 3374 commentario
2574 3322 2639 3376 ad
2683 3323 2717 3376 5
2747 3323 2965 3377 concilii
3017 3323 3218 3378 Nicaani
3256 3340 3535 3389 canonem,
3565 3325 3699 3397 Περὶ

2151 3411 2329 3480 μέντοι
2349 3412 2455 3464 τῶν
2478 3413 2858 3482 συνεισάκτων,
2892 3415 3088 3486 inquit,
3121 3415 3272 3486 λόγος
3299 3416 3462 3479 πολὺς
3485 3415 3700 3486 ἐγένετο

2147 3502 2286 3554 κατὰ
2309 3503 2590 3576 διαφόρους
2618 3505 2854 3576 καιρούς·
2895 3505 2970 3558 De
3017 3506 3445 3570 subintroductis,
3479 3506 3700 3560 diversis

2147 3597 2459 3663 temporibus
2495 3600 2676 3651 crebra
2719 3598 2863 3666 facta
2903 3608 2979 3652 est
3023 3601 3236 3663 mentio,
3282 3607 3336 3655 et
3374 3600 3464 3653 alii
3485 3599 3702 3670 quidem

2145 3685 2396 3739 dixerunt
2418 3687 2732 3740 ἐπείσακτον
2771 3689 2852 3742 vel
2893 3689 3240 3743 συνείσακτον
3274 3705 3396 3744 esse
3436 3690 3534 3761 τὴν
3583 3692 3704 3743 ἀντὶ

2145 3779 2373 3847 νομίμου
2419 3780 2669 3847 γυναικὸς
2722 3780 3153 3849 συνεισαχθεῖσαν
3216 3782 3307 3834 καὶ
3353 3780 3700 3835 συνοικοῦσάν

2145 3883 2248 3918 τινι
2282 3868 2569 3937 πορνικῶς,
2598 3886 2711 3938 qua:
2743 3871 2982 3938 legitima:
3008 3872 3186 3923 uxoris
3211 3873 3323 3925 loco
3355 3873 3702 3926 introducitur

2145 3965 2192 4008 et
2224 3959 2512 4010 meretricio
2552 3958 2888 4012 contubernio
2938 3960 3098 4013 alicui
3129 3961 3416 4015 eohabitat.
3447 3962 3553 4016 Alii
3603 3977 3700 4015 au-

2144 4054 2251 4101 tem
2271 4049 2342 4102 ita
2373 4051 2552 4105 vocari
2583 4051 2855 4115 dixerunt,
2888 4055 3064 4105 πᾶσαν
3095 4056 3326 4123 γυναῖκα
3355 4054 3700 4108 συνοικοῦσάν

2145 4151 2247 4186 τινι
2278 4135 2560 4206 ἀλλοτρίαν
2587 4140 2817 4202 πάντως,
2841 4141 2942 4193 κᾶν
2969 4140 3270 4206 ἀνύποπτός
3293 4145 3428 4207 ἐστι,
3452 4146 3700 4214 quamvis

2145 4223 2422 4277 mulierem
2463 4227 2622 4280 alicui
2650 4229 3046 4282 cohabitantem
3067 4269 3081 4292 ,
3114 4231 3338 4284 omnino
3365 4240 3700 4302 extraneam,

2147 4315 2258 4367 sive
2293 4317 2441 4370 nullo
2475 4319 2754 4388 sanguinis
2780 4329 2870 4373 aut
2893 4321 3311 4376 necessitudinis
3347 4325 3700 4395 vinculojun—

2145 4411 2320 4467 ctam,
2376 4408 2587 4462 etiamsi
2630 4409 2699 4462 ab
2747 4411 2895 4463 omni
2945 4413 3251 4482 suspicione
3299 4415 3370 4469 sit
3421 4416 3696 4472 immunis.

489 4498 633 4566 plex.
687 4499 1113 4556 Contubernales
1154 4500 1259 4556 illa:
1300 4501 1656 4567 clericorum,
1691 4517 1866 4570 neque
1913 4501 2040 4556 tecti
2071 4509 2116 4562 1)
2144 4495 2319 4566 Atque
2361 4500 2498 4552 hanc
2538 4501 2892 4568 posteriorem
2947 4507 3267 4559 sententiam
3308 4508 3385 4560 uti
3432 4509 3702 4563 veriorem

489 4590 773 4657 duntaxat,
798 4593 890 4648 sed
930 4594 1127 4664 sa3pius
1161 4595 1321 4649 etiam
1369 4593 1492 4648 lecti
1543 4595 1722 4649 sociae.
1749 4593 1892 4659 Quas
1927 4593 2042 4661 qui-

489 4680 611 4735 dem
638 4684 740 4752 ipsi
775 4693 1028 4754 agapetas
1057 4688 1169 4742 sive
1207 4687 1455 4741 dilectas.
1487 4695 1540 4740 et
1567 4701 1780 4740 sorores
1813 4705 1827 4742 :
1861 4685 2040 4738 caeteri

491 4778 864 4842 συνεισάκτους
894 4781 971 4833 vel
1003 4781 1372 4843 ἐπεισάκτους,
1399 4777 2042 4834 hocestsubintroductas

488 4875 544 4922 et
603 4882 908 4931 extraneas.
972 4874 1330 4942 appellabant.
1391 4870 1710 4940 Huiusmodi
1783 4869 2041 4926 mulieres

489 4969 668 5022 omnis
714 4967 922 5021 ordinis
955 4967 1136 5021 clerici
1181 4967 1292 5036 jmt‘i
1344 4966 1469 5019 olim
1497 4965 1549 5018 in
1597 4963 1736 5017 mdes
1780 4963 2036 5030 recipere,

488 5076 688 5130 easque
752 5060 836 5115 vel
889 5057 1125 5128 virgines
1187 5057 1596 5112 sanctimoniam
1650 5054 1922 5124 professas
1973 5056 2038 5110 ad

488 5161 696 5215 mutua,
724 5163 781 5205 ut
810 5151 1042 5215 aiebant,
1070 5150 1281 5220 pietatis
1312 5152 1523 5215 solatia,
1559 5151 1643 5203 vel
1673 5149 1894 5204 orbatas
1952 5164 2042 5219 pa-

485 5244 736 5299 rentibus
777 5243 1004 5314 puellas,
1051 5243 1381 5312 proindcque
1437 5244 1521 5312 pia
1557 5253 1608 5296 et
1640 5243 1829 5312 pudica
1861 5243 2040 5313 aliqua

489 5336 653 5390 tutela
694 5333 973 5399 lovendas,
1010 5336 1090 5387 vel
1127 5334 1336 5402 privato
1373 5333 1585 5387 familia:
1613 5332 1916 5402 domusque
1945 5336 2041 5387 mi-

489 5427 718 5483 nisterio
746 5426 1107 5488 necessarias,
1139 5425 1252 5479 sive
1306 5425 1600 5494 ingenuas,
1633 5426 1745 5478 sive
1788 5425 2034 5478 ancillas.

397 5565 404 5574 .
487 5521 601 5576 Hoc
655 5531 964 5589 suspectum
999 5529 1050 5574 et
1079 5517 1386 5588 pudendum
1436 5517 1882 5582 contubernium,
1918 5531 2039 5585 spe-

487 5612 639 5666 cioso
688 5613 994 5667 dilectionis
1037 5618 1090 5666 et
1145 5609 1516 5680 germanitatis
1567 5608 1890 5664 Christiana:
1919 5610 2038 5664 velo

489 5701 834 5770 obtegebant.
899 5703 1002 5758 Sed
1052 5703 1191 5758 ridet
1240 5702 1363 5756 vani
1399 5701 1635 5756 nominis
1671 5701 1851 5756 fucum
1882 5701 2038 5754 divus

443 5861 447 5868 ⁸
491 5790 847 5864 Hieronymus
893 5797 1116 5866 epistola
1154 5796 1219 5851 ad
1269 5794 1615 5850 Eustochium
1673 5793 1748 5848 De
1797 5792 2038 5849 custodia

2147 4589 2358 4657 probat,
2390 4589 2548 4659 idque
2565 4593 2888 4648 auctoritate
2922 4597 3163 4665 epistolae
3197 4600 3473 4653 canonica
3505 4599 3565 4652 Ι).
3596 4598 3701 4652 Ba-

2148 4678 2252 4733 silii
2282 4677 2454 4748 Magni
2489 4681 2555 4734 ad
2607 4681 2921 4752 Gregorium
2973 4686 3367 4756 presbyterum,
3415 4702 3573 4757 quem
3607 4689 3700 4742 ille

2145 4772 2270 4826 licet
2300 4774 2632 4843 septuaginta
2663 4790 2925 4828 annorum
2944 4791 3122 4832 senem
3143 4778 3477 4847 ajuvencula
3509 4780 3700 4835 subin-

2145 4861 2413 4926 troducta',
2447 4863 2706 4920 intentata
2737 4868 2897 4920 etiam
2923 4871 3494 4926 excommunicationis
3512 4887 3694 4941 paena,

2147 4955 2384 5024 separari
2412 4959 2670 5026 prazcipit.
2716 4957 2882 5012 Multa
2934 4960 2986 5013 in
3045 4971 3331 5031 utramque
3374 4962 3698 5033 originatio—

2145 5064 2266 5102 nem
2289 5048 2463 5102 all‘erri
2487 5059 2704 5119 possent
2732 5051 2797 5105 de
2827 5052 3184 5116 ἐπεισάκτοις,
3216 5055 3329 5108 sive
3369 5055 3698 5111 introductis

2145 5142 2284 5210 apud
2309 5152 2514 5198 veteres
2543 5145 2878 5201 concubinis.
2915 5145 2988 5200 De
3008 5147 3202 5215 quibus
3234 5147 3397 5200 etiam
3449 5149 3695 5217 Vulgatus

2147 5250 2314 5288 sacrae
2371 5234 2662 5305 Scriptura:
2711 5239 2978 5306 interpres
3015 5241 3105 5308 qui
3139 5239 3696 5308 superintroductionis

2147 5343 2275 5382 voce
2309 5329 2476 5382 utitur
2498 5329 2694 5385 Gcnes.
2724 5347 2867 5397 xxxi,
2903 5348 2950 5382 v.
2987 5332 3073 5386 50.
3113 5331 3278 5386 Multa
3315 5349 3532 5403 quoque
3565 5349 3697 5402 sup—

2145 5429 2384 5488 peterent
2435 5423 2677 5491 exempla
2729 5423 3054 5491 optimorum
3111 5428 3440 5488 auctorum,
3493 5425 3694 5495 quibus

2139 5513 2476 5577 ἐπείσακτον,
2525 5530 2622 5584 pro
2670 5523 2892 5569 externo
2933 5517 3014 5570 vel
3044 5517 3327 5588 peregrino
3371 5524 3692 5586 usurpatum

2143 5606 2336 5660 docere
2363 5606 2504 5660 haud
2530 5606 2742 5662 dillicile
2760 5607 2915 5673 foret,
2945 5609 3050 5662 nisi
3084 5608 3294 5677 longius
3320 5608 3430 5678 jam
3467 5616 3520 5662 et
3539 5617 3697 5662 extra

2142 5698 2287 5752 oleas
2319 5699 2671 5753 oberrassem.
2699 5697 2801 5753 Sed
2834 5712 2891 5754 ut
2932 5715 3104 5754 meam
3134 5701 3200 5755 de
3227 5700 3560 5755 ἐπεισάκτων
3581 5701 3694 5754 ori-

2143 5793 2263 5864 gine
2294 5790 2480 5861 paucis
2513 5793 2774 5861 explicem
2810 5793 3150 5861 sententiam,
3199 5792 3418 5846 tertium
3471 5807 3695 5864 quoque
