4088 6284
287 387 397 446 537

1723 385 2024 442 ΝΟΤΙΤΙΑ.

3398 388 3500 442 5'38

284 499 388 554 hoc
413 496 697 552 mulierum
729 497 842 552 sive
884 515 1132 554 sororum
1161 516 1330 570 genus
1364 498 1678 568 κακοζηλία,
1711 514 1844 566 qua-
1870 511 1912 560 Α
1939 491 2349 562 juvencularum
2376 492 2974 549 eireumcursitattones
3002 495 3348 553 immodestas
3371 501 3500 552 Ale-

283 589 404 644 dam
448 589 679 658 apostoli
708 588 944 643 instituti
980 591 1035 644 in
1082 590 1376 646 Ecclesiam
1409 592 1490 645 vel
1532 591 1710 660 potius
1733 592 1842 643 cle-

283 682 522 734 ricorum
587 680 730 734 aedes
792 681 1083 750 irrepsisse
1160 689 1334 751 puto;
1397 697 1540 744 cum,
1610 688 1842 735 testante

281 766 346 824 Ι).
385 765 554 821 Paulo
577 767 599 818 l
626 768 691 822 ad
716 767 1054 833 Corinth.tx,
1081 770 1135 834 5,
1161 771 1330 824 moris
1366 769 1523 824 fuerit
1547 769 1834 838 plerisque,

278 868 331 914 et
361 858 581 930 quidem
613 860 898 930 praecipuis
929 862 1317 929 apostolorum,
1348 861 1574 931 ἀδελφὴν
1606 862 1837 929 γυναῖκα

278 950 582 1020 περιάγειν,
603 967 832 1004 sororem
860 953 1224 1006 mulierculam
1245 951 1646 1006 circumducere.
1666 951 1836 1017 Quem

278 1042 458 1095 locum
488 1050 713 1096 uxorata
745 1043 1124 1098 haereticorum
1167 1044 1467 1098 ministeria
1493 1045 1834 1114 propudiosis

277 1132 394 1186 suis
437 1132 704 1201 conjugiis
759 1132 962 1188 frustra
993 1135 1312 1189 obtendunt.
1349 1135 1699 1188 Constantem
1739 1135 1835 1188 nd-

275 1221 480 1277 versus
503 1223 666 1277 hosce
723 1222 822 1277 SS.
858 1224 1076 1278 Patrum
1134 1225 1475 1284 sententiam,
1515 1222 1830 1277 Tertulliani

270 1311 455 1365 verbis
475 1312 848 1382 consignatam
870 1313 1131 1384 accipite:
1156 1312 1276 1366 Non
1302 1329 1486 1367 uxores
1508 1314 1829 1367 demonstrat

269 1400 336 1455 ab
387 1403 643 1470 apostolis
676 1404 1079 1470 circumductos,
1123 1405 1212 1458 sed
1241 1405 1547 1473 simpliciter
1588 1406 1827 1457 mulieres

267 1507 386 1561 qua
416 1491 525 1546 illis
553 1492 728 1546 eodem
748 1495 986 1548 instituto
1006 1512 1105 1563 quo
1131 1504 1180 1548 et
1221 1495 1493 1550 Dominum
1521 1498 1826 1551 comitantes

268 1583 661 1638 ministrabant.
695 1583 785 1638 Sic
817 1585 907 1641 ille
962 1586 1100 1641 libro
1158 1585 1234 1640 De
1266 1589 1612 1658 monogamia.
1643 1587 1826 1658 Neque

268 1676 428 1729 aliter
465 1674 770 1746 Cyprianus
790 1675 884 1731 lib.
918 1676 994 1731 De
1028 1678 1218 1747 singml.
1254 1679 1452 1742 cleric.,
1485 1680 1820 1746 Ambrosius,

266 1772 320 1818 et
369 1763 578 1819 Latinis
616 1764 871 1826 Patrihus,
928 1767 1284 1838 astipulantes
1337 1769 1542 1834 Grzeei,
1594 1767 1824 1841 Chryso-

1944 583 2144 637 xander
2175 583 2276 635 hoc
2311 582 2428 635 loco
2463 581 2805 636 intellexerit.
3535 629 3537 655 τ

2009 673 2341 728 Proferimus
2368 688 2512 726 nunc
2545 672 2770 742 gradum
2811 687 2931 726 cum
2958 673 3142 728 eodem
3171 677 3500 741 Alexandro,

1937 766 2029 834 qui
2058 764 2288 817 Arianos
2313 762 2530 817 concilii
2560 763 2884 817 auctoritate
2927 763 3210 819 damnatos
3238 767 3500 823 eireuisse

1935 856 2142 910 vicinas
2201 855 2505 923 provincias
2567 861 2619 906 et
2680 853 3070 908 catholicorum
3119 857 3494 926 episcoporum

1936 949 2144 1003 animos
2192 955 2429 1000 tentasse
2472 944 2684 1010 scribit,
2733 946 2969 1016 σχήματι
3005 946 3103 1015 μὲν
3145 949 3365 1019 εἰρήνης
3403 952 3496 1004 καὶ

1933 1037 2172 1101 ὲνὼσεως
2203 1037 2422 1101 ἀξίωσιν
2452 1038 2932 1108 ὑποκρινομένους.
2961 1037 3114 1103 Quod
3157 1039 3280 1092 cum
3327 1041 3497 1093 inter-

1933 1146 2057 1199 pres
2106 1137 2288 1184 noster
2336 1139 2528 1193 vertat,
2581 1131 2746 1199 specie
2778 1129 2985 1198 quidem
3008 1131 3153 1198 pacis
3201 1139 3250 1183 et
3279 1146 3496 1184 concor-

1930 1220 2032 1272 dia:
2065 1219 2337 1279 simulata,
2384 1219 2584 1271 veniam
2624 1228 2790 1285 petere
2818 1233 2927 1284 pra:
2966 1235 3020 1271 se
3051 1219 3224 1286 ferre;
3259 1228 3493 1274 mentem

1928 1311 2048 1378 ejus
2095 1309 2512 1377 haudquaquam
2557 1325 2642 1362 me
2697 1308 3003 1377 perspicere
3048 1309 3250 1373 fateor,
3285 1312 3359 1363 uti
3392 1328 3494 1366 nec

1926 1402 2225 1455 Camerarii
2266 1400 2397 1453 illud
2427 1417 2438 1450 :
2472 1399 2694 1453 Consilii
2719 1402 2922 1471 quidem
2945 1405 3088 1466 pacis
3114 1411 3162 1454 et
3198 1404 3492 1457 concordia:

1925 1495 2091 1561 specie
2121 1493 2394 1545 simulata.
2424 1491 2656 1556 Quinam
2703 1492 2857 1552 enim
2878 1493 3037 1546 nobis
3066 1494 3488 1558 persuadebunt,

1923 1582 2146 1648 ἀξίωσιν
2177 1582 2260 1636 vel
2310 1582 2482 1636 veniae
2535 1581 2874 1649 petitionem,
2927 1582 3011 1634 vel
3075 1582 3362 1635 consilium
3398 1589 3491 1635 aut

1924 1673 2025 1728 hoc
2059 1674 2175 1742 ipso
2219 1681 2309 1726 aut
2360 1672 2552 1740 quovis
2589 1673 2694 1727 alio
2741 1672 2882 1740 apud
2923 1669 3139 1726 Grzecos
3195 1674 3490 1740 scriptores

1928 1765 2048 1818 1000
2101 1764 2453 1834 signiﬁcare?
2503 1763 2567 1816 Et
2618 1765 2665 1818 si
2722 1763 2804 1817 vel
2864 1763 3096 1817 maxime
3139 1763 3490 1833 signiﬁcaret,

267 1863 504 1919 stomus,
563 1854 939 1914 Theodoretus
971 1835 1282 1916 et—Grmcus
1332 1863 1680 1931 epistolarmn
1706 1835 1824 1916 vdivi
1855 1835 1900 1888 Β
1925 1856 2142 1924 quinam
2169 1855 2220 1908 id
2251 1856 2333 1909 vel
2389 1856 2465 1908 rei
2500 1855 2600 1924 ipsi
2644 1855 2724 1908 vel
2753 1853 3042 1908 Alexandri
3091 1856 3256 1908 menti
3286 1870 3490 1910 conve-

265 1942 421 1998 Pauli
455 1945 778 2001 scholiastes
805 1963 1082 2016 nunquam
1115 1965 1211 2019 pro
1241 1952 1434 2004 merito
1450 1951 1583 2006 satis
1610 1950 1826 2004 laudan-

264 2035 391 2102 dus,
430 2037 560 2091 dum
611 2039 685 2090 ait
726 2057 739 2091 :
775 2038 840 2092 At
895 2039 1111 2111 εὔποροι
1164 2045 1419 2110 γυναῖκες
1475 2043 1822 2094 πιστεύουσαι

263 2126 590 2195 ἠκολούθουν
619 2128 780 2192 ἐνίοις
806 2127 914 2182 τῶν
943 2131 1270 2192 ἀποστόλων,
1297 2133 1376 2194 εἰς
1405 2132 1504 2195 τὰς
1524 2133 1823 2200 ἀναγκαίας

263 2219 443 2272 αὐτῶν
491 2218 679 2289 χρείας
727 2217 1077 2291 χορηγοῦσαι,
1113 2221 1188 2283 ὡς
1226 2221 1419 2283 αὐτοὺς
1461 2220 1642 2274 λοιπὸν
1666 2221 1822 2284 ὄντας

262 2311 390 2380 περὶ
409 2310 596 2362 τούτου
616 2310 969 2382 ἀμερίμνους,
989 2312 1134 2382 μόνῳ
1151 2311 1228 2380 τῷ
1249 2312 1561 2383 κηρύγματι
1582 2315 1824 2381 άπασχο-

261 2399 488 2455 λεῖσθαι.
532 2401 644 2456 Hoc
672 2411 775 2468 est,
809 2402 1024 2456 ditiores
1068 2403 1308 2456 mulieres
1341 2403 1517 2470 ﬁdeles
1541 2402 1818 2456 nonnullos

260 2494 526 2561 apostolos
552 2494 914 2563 sequebantur,
941 2502 1173 2560 sumptus
1199 2494 1516 2546 necessarios
1536 2494 1661 2561 ipsis
1691 2493 1816 2546 sub-

259 2581 634 2645 ministrando,
667 2591 725 2634 ut
754 2583 836 2636 illi
859 2582 957 2634 hac
978 2599 1104 2634 cura
1150 2582 1395 2646 liberati,
1437 2583 1538 2636 soli
1560 2583 1820 2648 prwdica-

258 2671 395 2722 tioni
423 2672 762 2724 attenderent.
808 2670 911 2726 Sed
947 2671 1090 2740 quod
1120 2671 1184 2724 ad
1230 2681 1474 2726 nostrum
1509 2674 1817 2728 institutum

255 2759 410 2824 facit,
442 2762 650 2816 habetis
677 2763 763 2816 hic
787 2763 1098 2832 religiosum
1131 2765 1446 2817 comitatum
1476 2804 1490 2827 ,
1521 2773 1574 2818 et
1603 2766 1817 2833 pietatis

255 2851 469 2918 glutine
525 2853 871 2922 eonjunctum
931 2855 1387 2921 contubernium;
1438 2856 1646 2912 habetis
1690 2874 1813 2910 11111-

255 2940 421 2996 lieres
454 2959 562 2998 non
595 2959 826 3001 uxores:
864 2943 1072 2999 habetis
1112 2945 1377 2999 sororium
1411 2947 1510 3014 piae
1540 2949 1812 3016 germani-

252 3027 387 3084 tatis
428 3031 676 3098 titulum;
735 3031 946 3089 habetis
1006 3034 1446 3088 circumducendi
1491 3037 1810 3090 vocabulum

1927 1947 2045 2001 nire
2097 1945 2330 2014 poterit?
2387 1945 2720 2014 Epiphanius
2764 1953 2920 1999 vetus
2970 1945 3259 2013 interpres,
3316 1948 3492 2016 ﬁgura

1921 2041 2064 2106 pacis
2082 2049 2129 2090 et
2159 2039 2379 2090 unitatis
2409 2037 2716 2105 dignitatem
2742 2053 2795 2089 se
2815 2052 3050 2089 exercere
3073 2038 3295 2106 ﬁngunt.
3342 2038 3491 2112 Sane

1922 2130 2141 2195 ἀξίωσιν
2168 2129 2482 2198 dignitatem
2522 2127 2830 2197 signiﬁcare
2857 2126 3051 2182 Suidas
3074 2129 3280 2196 aliquot
3303 2145 3489 2186 exem-

1921 2222 2024 2290 plis
2053 2221 2210 2274 docet
2241 2238 2254 2272 :
2291 2229 2342 2272 et
2361 2220 2521 2288 vulgo
2547 2217 2772 2278 Graecis,
2797 2219 2845 2270 οἱ
2867 2219 2955 2270 ἐπ’
2985 2218 3280 2284 ἀξιώσεως,
3313 2221 3404 2289 qui
3430 2223 3484 2276 in

1919 2311 2178 2381 dignitate
2205 2317 2332 2365 sunt
2361 2310 2662 2364 constituti.
2720 2308 2822 2363 Sed
2853 2310 2974 2378 quis
3005 2309 3285 2378 dignitatis
3324 2326 3482 2365 exer-

1919 2401 2103 2456 cenda:
2134 2403 2283 2455 locus
2320 2400 2609 2456 erronibus
2664 2401 2784 2455 istis
2827 2402 2881 2454 in
2929 2401 3104 2454 aliena
3162 2403 3485 2470 prouincia?

1919 2493 2029 2562 Ego
2063 2493 2284 2558 ἀξίωσιν
2315 2493 2419 2545 1100
2449 2493 2570 2546 loco
2602 2492 2865 2562 βούλημα,
2896 2493 3029 2545 1111111
3075 2493 3218 2561 quod
3250 2494 3484 2560 petimus

1919 2598 1982 2637 ac
2009 2584 2367 2652 postulamus,
2399 2598 2494 2638 seu
2520 2582 2676 2636 ﬁnem
2711 2591 2766 2637 et
2791 2598 3012 2652 scopum
3045 2599 3152 2652 quo
3176 2583 3347 2638 tendit
3380 2600 3477 2638 vo-

1917 2676 2116 2738 luntas,
2138 2689 2404 2742 quemque
2428 2673 2530 2728 sibi
2554 2673 2832 2742 obtingere
2861 2673 3154 2734 desiderat,
3196 2675 3476 2744 explican-

1916 2763 2043 2816 dum
2067 2772 2215 2828 puto,
2241 2780 2363 2817 cum
2398 2765 2614 2818 verbum
2635 2761 2818 2827 ἀξιοῦν
2836 2771 3014 2833 petere
3033 2780 3096 2818 ac
3126 2766 3400 2833 postulare
3419 2774 3481 2820 ut

1917 2854 2204 2922 plurimum
2235 2853 2521 2924 signiﬁcet.
2557 2853 2633 2906 lta
2689 2860 2748 2904 ut
2779 2852 2880 2906 loci
2913 2868 3106 2907 sensus
3139 2854 3229 2916 sit,
3255 2869 3480 2908 errones

1915 2945 2036 2999 illos
2087 2946 2234 3014 pacis
2286 2956 2340 2998 et
2397 2944 2616 2999 unionis
2667 2944 2849 3013 specie
2902 2944 3067 2998 animi
3108 2944 3191 2998 sui
3217 2953 3476 3010 mentem,

1912 3036 2147 3105 quidque
2171 3044 2351 3105 petant
2386 3051 2450 3090 ac
2480 3035 2823 3104 pet-tendant,
2855 3042 2930 3098 et,
2954 3045 3011 3088 ut
3035 3051 3157 3088 eum
3189 3037 3346 3103 vulgo
3395 3037 3475 3089 lo—

251 3121 623 3186 apostolorum
672 3124 937 3196 περιόδοις
983 3126 1412 3182 accommodum.
1461 3126 1561 3181 Cui
1596 3127 1651 3182 in
1707 3129 1810 3182 lixa
1837 3164 1880 3222 C
1912 3144 2168 3197 quamur,
2202 3129 2552 3182 intentionem
2591 3143 2744 3181 suam
2805 3127 3181 3193 dissimulare;
3219 3143 3339 3180 cum
3391 3144 3476 3182 re-

249 3218 508 3281 certaque
526 3214 844 3270 clericorum
870 3221 1294 3274 commoratione
1325 3221 1386 3273 τὸ
1437 3225 1771 3290 συνεισάγειν
1790 3263 1805 3288 ,

247 3302 355 3356 1100
386 3310 470 3357 est
504 3320 606 3358 una
641 3321 822 3361 secum
859 3307 1205 3366 introducere
1237 3313 1320 3366 vel
1365 3315 1807 3369 contubernalem

249 3395 470 3460 habere,
490 3396 633 3451 haud
662 3401 800 3455 male
825 3403 1138 3472 respondet.
1164 3403 1299 3458 Nam
1332 3413 1386 3460 et
1421 3406 1522 3460 hoc
1554 3407 1807 3476 loquendi

250 3488 412 3542 modo
443 3487 633 3546 Patres
658 3492 738 3545 illi
781 3494 1103 3550 Antiocheni
1130 3499 1271 3567 apud
1331 3499 1619 3554 Eusebium
1643 3508 1806 3553 utun-

249 3583 359 3642 tur,
378 3579 506 3633 dum
560 3598 678 3636 sese
721 3582 864 3636 haud
907 3584 1156 3654 ignorare
1202 3588 1371 3650 aiunt,
1425 3590 1538 3640 ὅσοι
1572 3589 1676 3642 ὑπὸ
1710 3587 1801 3642 τοῦ

249 3669 588 3737 συνεισάγειν
613 3672 824 3736 ἑαυτοῖς
867 3677 1099 3742 γυναῖκα
1144 3677 1415 3742 ἐξέπεσον,
1452 3696 1609 3747 quam
1652 3680 1804 3731 multi

247 3760 546 3826 ceciderint,
593 3761 720 3816 dum
747 3764 989 3818 mulieres
1037 3767 1137 3820 sibi
1183 3769 1517 3822 contubernio
1551 3771 1798 3839 jungunt.

246 3846 358 3907 Nec
383 3854 614 3908 absimili
654 3856 863 3910 ratione
913 3857 1053 3911 idem
1083 3859 1375 3927 Apostolus
1417 3861 1484 3914 ad
1532 3859 1704 3916 Galat.
1740 3878 1799 3924 u,

247 3945 645 4016 παρεισάκτους
665 3947 1075 4016 ψευδαδέλφους,
1107 3949 1208 4003 1100
1237 3958 1320 4004 est
1344 3951 1496 4018 juxta
1529 3951 1802 4020 vulgatum

247 4033 621 4105 interpretem,
679 4035 1100 4092 subintroductos
1151 4039 1315 4108 falsos
1379 4041 1570 4109 fratres
1643 4041 1797 4095 dixit.

249 4121 401 4179 Unde
431 4124 571 4179 haud
589 4126 750 4180 dubie
771 4129 826 4180 in
847 4125 1037 4182 Latina
1067 4126 1304 4183 Ecclesia
1326 4129 1566 4191 inolevit,
1592 4145 1800 4180 συνεισ-

247 4215 443 4278 άκτους
499 4231 714 4286 quoque
774 4223 828 4272 et
885 4218 1270 4285 ἐπεισάκτους,
1332 4217 1796 4283 subintroductas,

247 4320 416 4360 sacra:
450 4304 744 4374 Scriptura:
773 4322 902 4362 voce
922 4309 1200 4378 appellari,
1232 4323 1368 4378 quas
1409 4308 1797 4362 cointroductas

246 4398 326 4453 vel
360 4397 778 4464 superinductas,
811 4401 1010 4455 rectius
1032 4408 1335 4455 vocassent.
1369 4400 1471 4455 Sed
1491 4401 1650 4455 redeo
1677 4383 1799 4454 ιῗιη-

1912 3233 2038 3272 vera
2095 3219 2197 3272 hoc
2237 3219 2548 3282 moliantur,
2576 3223 2633 3269 ut
2665 3231 2759 3270 eos
2792 3215 2857 3268 ad
2890 3231 3027 3284 quos
3069 3214 3336 3268 accedunt
3388 3232 3474 3272 se-

1909 3308 2130 3370 dueant,
2172 3320 2225 3362 et
2263 3313 2314 3360 in
2337 3320 2515 3376 partes
2548 3323 2676 3361 suas
2703 3308 3036 3376 pertraltant.

1977 3397 2105 3452 Inde
2139 3399 2414 3452 utleviora
2437 3399 2680 3467 quaedam
2737 3409 3065 3466 praeteream,
3099 3397 3240 3451 infra
3266 3398 3472 3468 princi-

1907 3491 1996 3560 pio
2038 3489 2314 3558 Evangelii
2365 3487 2595 3542 Joannis
2647 3489 2796 3543 varie
2828 3489 3055 3543 Ariauos
3113 3491 3330 3558 premit.
3364 3488 3470 3554 Qui

1905 3597 2030 3636 cum
2071 3582 2251 3635 omnia
2301 3597 2396 3651 per
2455 3579 2688 3634 Verbum
2742 3579 2885 3633 facta
2932 3579 3149 3644 dixerit,
3189 3581 3469 3650 subjungit

1904 3674 2019 3742 ipse
2053 3692 2066 3727 :
2106 3672 2167 3726 Si
2191 3689 2310 3742 ergo
2339 3673 2514 3726 omnia
2537 3687 2625 3740 per
2647 3672 2816 3738 ipsum
2862 3672 3005 3740 facta
3040 3683 3181 3735 sunt,
3209 3673 3468 3742 quomodo

1903 3765 1948 3818 is
1991 3765 2081 3834 qui
2109 3764 2366 3816 omnibus'
2392 3761 2544 3816 rebus
2597 3761 2782 3814 creatis
2821 3761 3100 3814 essentiam
3145 3761 3323 3814 tribuit
3354 3764 3468 3831 ipse

1903 3863 2183 3932 aliquando
2215 3880 2317 3916 non
2349 3861 2503 3921 fuerit
2528 3863 2552 3915 7
2576 3861 2646 3913 Οὐ
2680 3859 2786 3929 γάρ
2807 3876 2921 3921 πως
2941 3859 2970 3910 ὁ
2996 3859 3166 3926 Λόγος
3195 3859 3256 3912 τὸ
3275 3859 3464 3912 ποιοῦν

1899 3959 2009 4017 τοῖς
2033 3953 2342 4025 γενομένοις
2389 3951 2486 4019 τῆς
2517 3950 2684 4018 αὐτῆς
2703 3943 2838 4000 εἶναι
2891 3947 3102 4017 φύσεως
3146 3947 3457 4017 διορίζεται.

1901 4045 2028 4107 Quae
2053 4042 2269 4111 quidem
2297 4041 2457 4094 verba
2479 4048 2531 4091 et
2565 4045 2717 4091 vetus
2753 4045 2807 4088 et
2841 4037 2964 4089 novi
2998 4035 3320 4105 interpretes
3343 4052 3462 4090 ver-

1901 4134 2063 4187 tendo
2100 4133 2180 4186 sic
2215 4139 2570 4202 pervertunt:
2623 4127 2790 4180 Nulla
2836 4128 2975 4180 enim
3036 4128 3173 4180 ratio
3227 4127 3355 4191 vult,
3400 4135 3460 4180 ut

1897 4223 2032 4294 quod
2083 4231 2223 4275 creat
2265 4219 2498 4282 eiusdem
2550 4219 2617 4272 sit
2669 4234 2786 4270 cum
2833 4218 3022 4270 creatis
3054 4226 3296 4280 naturaz;
3329 4232 3455 4272 cum

1897 4317 1925 4368 ὁ
1950 4315 2120 4382 Λόγος
2144 4313 2558 4380 haudquaquam
2601 4310 2701 4362 1100
2733 4310 2787 4362 111
2833 4309 2950 4364 1000
2991 4308 3056 4362 de
3085 4309 3297 4362 ratione
3325 4325 3458 4378 apo—

1897 4405 2113 4467 dictica,
2145 4404 2240 4458 sed
2272 4402 2338 4456 de
2363 4410 2566 4456 aeterno
2591 4399 2766 4454 Verbo
2787 4399 2958 4468 accipi
2995 4400 3217 4455 omnino
3238 4400 3453 4454 debeat.

246 4487 364 4543 dem
402 4487 543 4543 unde
574 4489 852 4558 digressus
873 4505 1013 4544 sum.
1065 4491 1142 4544 Ex
1176 4493 1241 4547 iis
1269 4507 1389 4561 quae
1442 4492 1702 4546 hactenus
1731 4490 1798 4546 de
1828 4507 1870 4561 ι)
1901 4495 2082 4563 Itaque
2111 4492 2428 4546 vertendum
2462 4510 2474 4544 z
2528 4489 2702 4558 Neque
2728 4491 2866 4542 enim
2903 4486 3126 4541 Verbum
3154 4488 3288 4557 quod
3311 4497 3456 4541 creat

246 4580 443 4648 triplici
498 4582 780 4636 mulierum
835 4598 1028 4651 genere
1069 4583 1324 4647 disserui,
1355 4585 1487 4640 satis
1541 4593 1794 4640 constare

245 4670 536 4737 existimo,
598 4671 758 4725 rebus
820 4673 1104 4728 turbandis
1149 4675 1382 4729 maxime
1431 4683 1793 4744 opportunum

246 4759 411 4818 fuisse
441 4764 657 4817 tertium
691 4764 793 4818 hoc
841 4781 1031 4833 genus,
1061 4763 1159 4828 τὰς
1183 4766 1537 4828 ἐπεισάκτους
1565 4766 1791 4830 scilicet,

245 4870 377 4923 quas
399 4856 700 4912 Alexander
751 4857 974 4926 proinde
1000 4855 1208 4910 ἄτακτα
1248 4858 1571 4928 γυναικάρια
1616 4867 1792 4920 vocat,

245 4945 385 5014 quod
414 4948 590 5001 nullas
618 4947 892 5002 modestiae
920 4948 1064 5016 leges
1087 4959 1461 5017 agnoscerent,
1492 4950 1640 5004 nullo
1688 4967 1788 5020 pu—

245 5035 388 5093 doris
444 5038 596 5092 freno
661 5039 1066 5093 cohiberentur.
1115 5039 1367 5104 Quiuimo
1415 5049 1617 5109 pestem
1653 5041 1793 5094 hanc

245 5125 533 5184 Ecclesiam
563 5130 898 5199 potissimum
929 5131 1182 5187 aillixisse
1201 5133 1506 5187 certissimo
1528 5132 1650 5186 inde
1678 5132 1790 5186 col-

246 5219 424 5290 ligitur
445 5230 778 5290 argumento,
810 5223 950 5291 quod
983 5222 1180 5277 Niczeni
1208 5222 1412 5288 Patres,
1447 5233 1504 5276 ut
1536 5222 1790 5278 Ecclesia:

246 5310 394 5365 malis
449 5311 810 5376 mederentur,
865 5313 988 5366 huic
1017 5313 1371 5367 carcinomati
1403 5314 1575 5383 primo
1623 5312 1789 5368 ferme

247 5415 356 5455 .oco
399 5410 731 5456 censuerunt
757 5405 1171 5461 occurrendum.
1209 5404 1358 5458 Unde
1395 5405 1556 5459 tertio
1582 5420 1790 5460 canone

247 5494 581 5550 severissime
608 5496 861 5549 omnibus
909 5495 962 5548 in
1005 5498 1150 5551 clero
1197 5513 1518 5567 quocunque
1571 5497 1786 5552 tandem

248 5583 403 5650 gradu
435 5597 498 5638 ac
526 5585 744 5640 nomine
775 5585 1108 5654 degentibus,
1141 5586 1248 5640 τῶν
1276 5587 1635 5641 συνεισάκτων
1657 5603 1788 5640 0011-

250 5676 520 5730 1110111111110
566 5677 976 5731 interdixerunt.
1007 5678 1180 5746 Atque
1210 5677 1336 5731 hinc
1389 5679 1594 5748 liquere
1642 5680 1787 5734 arbi-

250 5780 369 5835 tror,
392 5768 694 5839 cujusmadi
728 5769 1009 5825 mulierum
1048 5770 1506 5841 prehensatioues,
1551 5787 1782 5841 quarum

1894 4585 2125 4654 ejusdem
2149 4601 2264 4637 cum
2285 4583 2475 4636 creatis
2509 4591 2712 4634 natura:
2747 4597 2857 4634 esse
2885 4580 3104 4643 dicitur,
3144 4581 3227 4634 vel
3254 4580 3451 4633 statui-

1896 4687 2000 4739 tur,
2027 4677 2232 4731 scilicet
2261 4690 2290 4728 a
2335 4674 2540 4729 Joanne
2572 4673 2903 4742 evangelista
2929 4673 3086 4740 cujus
3121 4672 3282 4725 verba
3311 4687 3456 4740 pra:-

1893 4768 2057 4822 misit.
2089 4765 2239 4832 Quod
2265 4765 2512 4834 quamvis
2546 4763 2748 4817 nemini
2783 4778 2888 4815 11011
2915 4779 3008 4831 per
3031 4777 3089 4816 se
3121 4761 3455 4818 manifestis-

1894 4861 2108 4922 simum,
2167 4859 2284 4928 ipsa
2345 4858 2444 4910 loci
2509 4854 2814 4916 ἀκολουθία,
2861 4861 2914 4909 et
2964 4853 3135 4907 Graeci
3183 4856 3460 4909 sermonis

1892 4951 2224 5004 constructio
2282 4950 2494 5019 probat.
2555 4947 2846 5018 Subjungit
2877 4947 3021 5000 enim
3072 4947 3340 5000 rationem
3383 4963 3455 5000 ex

1893 5039 2164 5108 Evangelii
2190 5041 2370 5094 verbis
2416 5040 2660 5109 petitam,
2697 5054 2794 5090 cur
2825 5039 2852 5090 ὁ
2879 5037 3048 5106 Λόγος
3084 5037 3326 5105 ejusdem
3355 5052 3455 5091 na—

1892 5138 2026 5183 turae
2063 5146 2185 5184 cum
2225 5131 2387 5186 rebus
2439 5130 2636 5184 creatis
2695 5145 2816 5184 esse
2863 5141 3118 5199 nequeat,
3155 5131 3269 5199 εἴγε
3292 5131 3458 5193 αὐτὸς.

1894 5221 1992 5291 μὲν
2023 5217 2090 5290 ἦν
2139 5225 2195 5273 ὲν
2231 5223 2397 5292 ἀρχῇ,
2456 5221 2726 5290 siquidem
2763 5223 2877 5292 ipse
2901 5261 2917 5286 ,
2965 5223 3174 5278 scilicet
3200 5225 3228 5275 ὁ
3256 5223 3451 5290 Λόγος,

1890 5319 2004 5365 erat
2034 5313 2088 5364 in
2114 5312 2379 5382 principio
2407 5331 2419 5367 :
2449 5313 2653 5382 reliqua
2701 5323 2878 5368 autem
2922 5315 3104 5369 omnia
3134 5328 3229 5383 per
3270 5315 3450 5382 ipsum

1890 5404 2028 5460 facta
2051 5412 2199 5460 sunt.
2238 5405 2343 5460 Sed
2375 5407 2643 5476 interpres
2696 5416 2900 5469 noster,
2934 5423 3056 5460 cum
3097 5406 3452 5476 przecedenti-

1889 5497 1990 5552 bus
2017 5499 2196 5553 verbis
2225 5497 2364 5554 male
2385 5499 2668 5554 Conversis
2693 5514 2798 5552 non
2825 5499 3046 5552 haberet
3072 5513 3180 5565 quo
3224 5503 3452 5549 rcterret

1891 5605 2070 5644 vocem
2097 5591 2274 5654 αὐτός,
2311 5593 2632 5645 sententiam
2665 5593 2801 5646 male
2825 5590 3044 5653 laxavit,
3071 5604 3245 5656 neque
3282 5587 3446 5640 ullam

1888 5681 1943 5734 in
1966 5681 2312 5748 sequentibus
2335 5683 2570 5750 periodis
2587 5698 2772 5738 sanam
2804 5680 3069 5748 expressit
3096 5677 3441 5734 sententiam.

1889 5771 1990 5826 Sed
2033 5773 2349 5840 interposita
2385 5773 2697 5844 παρενθέσει
2733 5771 2898 5824 miras
2939 5769 3039 5822 sibi
3070 5769 3170 5838 ipsi
3211 5769 3444 5840 aliisque
