4088 6284
526 412 637 472 539-
1573 416 1628 472 s.
1669 417 2091 473 ALE‘XANDER‘
2133 419 2685 477 ALEXANDR‘INUS.
3067 389 3071 396 ἐ
3630 420 3737 477 sto
3775 372 3788 377 ’

525 529 717 586 otiudit
749 532 1019 588 tenebras.
1066 530 1297 586 Romani
1321 547 1448 587 vero
1476 532 1734 596 editores,
1766 533 2081 603 interpretis
2111 545 2158 601 Α
2185 552 2315 593 sane
2341 546 2394 591 et
2417 537 2639 593 crebros
2663 544 2718 591 et
2747 534 2954 591 validos
2991 532 3367 589 sanctissimus
3396 530 3485 587 hic
3519 531 3740 602 episco-

521 640 765 680 errorern
825 624 907 678 vel
954 623 1356 679 ﬂuctuationem
1385 623 1600 694 prolata,
1646 624 1862 694 longius
1887 640 2082 694 paren-
2187 641 2291 696 pus
2322 626 2377 680 in
2407 626 2640 680 Arianos
2672 631 2908 692 torquet.
2963 619 3069 675 Sed
3098 636 3218 675 cum
3245 629 3298 676 et
3333 638 3431 677 vos
3452 623 3736 693 patientia,

525 713 663 767 thesi
694 728 802 766 non
845 727 1036 782 parum
1084 722 1362 784 augentes,
1399 714 1671 768 rationum
1737 721 1901 784 atque
1921 729 2082 784 argu-
2187 725 2243 772 et
2266 732 2353 771 me
2382 717 2611 770 laterum
2646 716 2789 770 vires
2815 714 3132 779 destituant,
3156 723 3350 768 caetera
3381 714 3748 770 commodiori.

523 812 828 859 mentorum
857 805 966 861 vim
1007 823 1072 861 ac
1099 822 1296 862 nervos
1330 806 1487 876 plane
1527 805 1896 872 succiderunt,
1944 822 2092 877 quos.
2186 806 2414 876 tempori
2445 804 2864 860 reservabimus.

3373 962 3721 985 -----.

523 963 3370 990 W

1349 1159 1678 1248 DISSE
1701 1155 2131 1250 RTATIO
2201 1157 2739 1250 S—ECUNDA
2787 1144 2923 1240 (ο).

595 1470 895 1542 Abruptum
918 1471 1103 1541 prima:
1126 1470 1533 1527 Dissertationis
1555 1471 1704 1526 tilum
1719 1472 1784 1526 ad
1816 1472 2088 1540 reliquam

2189 1463 2276 1518 τοῦ
2303 1462 2518 1527 παντὸς,
2575 1461 2625 1514 εί
2651 1458 2869 1528 γέγονεν
2916 1459 2950 1529 ἦ
3009 1457 3199 1528 ἁγενὲς
3239 1460 3406 1514 ἐστιν.
3453 1458 3764 1518 Ρὰεταηυτα

528 1563 790 1619 institutae
819 1579 1063 1618 censurae
1119 1572 1325 1632 partem
1359 1563 1738 1633 pertexendam
1795 1573 2086 1618 eonnecto-

533 1653 696 1724 Urget
724 1661 912 1708 contra
943 1655 1056 1707 Arii
1100 1655 1466 1725 blasphemias
1518 1655 1824 1710 Alexander
1867 1655 2081 1725 episco-

527 1761 650 1814 pus,
670 1759 926 1800 aeternam
951 1744 1111 1800 Verbi
1141 1745 1232 1801 Dei
1261 1763 1326 1802 ex
1360 1746 1518 1802 Patre
1551 1748 1811 1818 originem
1844 1748 2084 1802 auclori-
2112 1722 2154 1777 Β

528 1848 638 1895 tate
667 1840 897 1895 Joannis
945 1842 1309 1911 evangelistaa,
1339 1843 1431 1911 qui
1464 1842 1515 1894 in
1552 1843 1670 1909 ipso
1691 1842 1875 1896 limine
1904 1841 2081 1896 Evan-

529 1933 652 2003 gelii
682 1933 792 1996 sui,
827 1931 1063 1987 Verbum
1096 1934 1148 1986 in
1179 1933 1440 2002 principio
1490 1933 1692 1997 fuisse,
1731 1940 1923 1987 caetera
1953 1949 2091 1989 vero

527 2027 710 2080 omnia
736 2024 930 2080 deinde
956 2041 1050 2096 per
1079 2024 1321 2079 Verbum
1349 2024 1490 2078 facta
1531 2033 1781 2080 testatur.
1807 2025 1926 2091 Quo
1962 2026 2081 2080 loco

526 2115 912 2185 evangelistam
941 2129 1143 2168 arcano
1172 2122 1227 2168 et
1281 2115 1534 2185 religioso
1573 2115 1806 2185 quodam
1852 2117 2094 2172 consilio

524 2205 748 2259 verbum
771 2200 861 2276 ἦν,
893 2204 1008 2259 sive
1033 2213 1167 2268 erat,
1208 2205 1554 2272 adhibuisse;
1599 2205 1868 2275 γενέσεως
1900 2215 2079 2262 autem

524 2303 579 2348 et
599 2294 865 2364 ποιήσεως
895 2293 1112 2348 nomine
1161 2294 1487 2349 abstinuisse
1530 2295 1703 2351 docet.
1761 2296 1963 2361 Primo,
2014 2313 2084 2352 ne

525 2385 719 2440 iisdem
746 2386 968 2440 vocibus
1017 2383 1085 2439 de
1110 2385 1368 2440 Creatore
1421 2393 1476 2441 et
1518 2394 1766 2442 creatura
1818 2396 2084 2443 uteretur.

529 2472 800 2538 Secundo,
823 2473 969 2539 quod
997 2471 1160 2528 Verbi
1197 2473 1382 2528 aiterni
1414 2475 1825 2543 productionem
1851 2491 1956 2534 non
1993 2491 2090 2531 so-

528 2563 640 2616 lum
667 2563 1142 2634 evangelistarum,
1173 2563 1269 2618 sed
1299 2571 1354 2618 et
1403 2565 1714 2635 angelorum
1752 2565 2088 2621 intellectum

525 2657 791 2712 excedere
812 2658 1091 2723 crederet;
1127 2656 1307 2721 tertio,
1333 2656 1477 2727 quod
1499 2656 1722 2727 impium
1747 2657 2084 2713 existimaret

529 2762 728 2802 arcana
758 2748 846 2801 illa
903 2747 1209 2804 Divinitatis
1239 2749 1513 2818 mysteria,
1544 2748 1762 2802 curiosa
1820 2749 2085 2819 pervesti-

526 2839 744 2910 gatione
774 2839 1027 2895 subtilius
1060 2840 1312 2896 scrutari.
1362 2839 1421 2894 in
1469 2839 1629 2908 cujus
1661 2841 1767 2895 loci
1794 2857 1956 2896 sensu
1985 2857 2084 2895 ex-

529 2931 814 3000 primendo
847 2947 951 2984 non
977 2933 1141 2986 semel
1166 2931 1506 2987 offenderunt
1537 2933 1880 3001 interpretes,
1911 2949 2082 3002 quan-

530 3023 822 3093 doquidem
881 3021 1067 3078 Graeca
1122 3024 1283 3078 verba
1342 3023 1468 3078 vitio
1525 3040 1632 3079 non
1694 3032 1898 3080 carent.
1949 3023 2086 3077 illud

530 3125 741 3168 tantum
777 3114 1106 3178 indicavero,
1141 3116 1230 3169 ubi
1260 3117 1370 3170 ait:
1396 3116 1456 3169 τὸ
1487 3113 1584 3186 ἦν,
1641 3115 1954 3188 ὑπεραίρειν
1991 3117 2089 3186 τῆς

528 3207 636 3260 τῶν
657 3207 926 3277 γεννητῶν
962 3207 1218 3271 διανοίας,
1272 3223 1456 3262 vocem
1503 3209 1646 3262 illam
1710 3219 1845 3274 erat,
1876 3208 2092 3264 univer-

529 3311 644 3350 sam
667 3305 1039 3350 creaturarum
1078 3295 1485 3367 intélligentiam
1517 3298 1922 3360 transcendere,
1947 3298 2092 3352 haud

528 3388 692 3442 dubie
729 3389 991 3459 γενητῶν,
1036 3404 1144 3441 non
1179 3386 1455 3459 γεννητῶν
1481 3388 1792 3458 legendum;
1855 3405 2086 3459 quorum

531 3480 635 3534 hoc
661 3481 769 3532 ἀπὸ
789 3480 887 3534 τοῦ
905 3480 1213 3550 γεννᾶσθαι,
1236 3481 1366 3535 illud
1393 3481 1502 3534 ἀπὸ
1526 3479 1619 3533 τοῦ
1651 3480 1895 3548 γίνεσθαι
1920 3481 2094 3535 dedu-

528 3574 689 3628 citur.
717 3571 862 3639 Quas
914 3574 1131 3643 quidem
1180 3588 1362 3640 voces,
1393 3574 1518 3629 licet
1545 3575 1754 3644 origine
1799 3583 1853 3630 et
1882 3575 2091 3644 signiﬁ-

529 3674 656 3718 catu
687 3665 892 3729 amnes,
925 3665 1068 3720 sacri
1092 3673 1144 3719 et
1183 3664 1395 3735 profani
1429 3673 1679 3720 auctores
1706 3681 1865 3721 caute
1895 3667 2090 3721 distin-

529 3761 722 3826 guunt,
755 3771 877 3810 cum
911 3762 1092 3810 tamen
1126 3757 1180 3809 in
1215 3756 1447 3823 vulgatis
1488 3755 1689 3811 Justini
1721 3755 1816 3824 M.,
1852 3756 2088 3825 Eusebii,

532 3845 840 3916 Epiphanii,
874 3845 1213 3915 aliorumque
1237 3844 1588 3909 editionibus,
1637 3847 1909 3901 sexcentis
1956 3847 2090 3902 locis

531 3937 788 3992 confusas
818 3937 1105 3991 observare
1154 3937 1334 3991 liceat.
1381 3936 1597 4000 Γένεσις
1625 3937 1770 3990 enim
1825 3945 1880 3992 et
1932 3955 2091 4008 γενη-

530 4029 644 4092 τόν,
688 4036 746 4081 ut
783 4028 1010 4082 Proclus
1049 4027 1190 4082 libro
1246 4041 1287 4081 tt
1316 4027 1369 4080 in
1427 4026 1682 4081 Timazum
1733 4029 1829 4093 ait,
1857 4029 1953 4099 τὴν
1983 4029 2090 4082 ἀπὸ

531 4118 628 4173 τοῦ
705 4115 1043 4192 Δημιουργοιῖ
1115 4119 1336 4190 πρόοδον
1397 4120 1667 4190 signiﬁcat
1721 4140 1736 4176 :
1795 4121 1899 4178 hoc
1965 4130 2088 4190 est,

533 4213 864 4267 creationem
897 4220 950 4267 et
984 4210 1390 4282 productionem
1429 4228 1495 4267 ex
1534 4213 1726 4268 nihilo.
1797 4213 1967 4278 Unde,
2030 4224 2092 4269 ut

531 4303 783 4360 Justinus
835 4302 1037 4374 Martyr
1079 4305 1155 4357 ait
1220 4304 1276 4356 in
1328 4301 1765 4372 Responsionibus
1819 4307 1887 4360 ad
1944 4308 2092 4361 Grat-

2185 1557 2254 1611 sit
2280 1555 2595 1617 universum,
2627 1569 2697 1605 an
2720 1568 2819 1605 non
2874 1551 3093 1620 factum.
3128 1549 3239 1606 Hoc
3277 1559 3380 1616 est,
3412 1560 3470 1607 ut
3517 1551 3749 1610 Proclus

2185 1648 2442 1718 explicat,
2492 1647 2540 1698 ei
2571 1644 2860 1716 γενητὸςῆ
2914 1645 3173 1714 ἀγένητος
3220 1646 3248 1697 ὁ
3283 1645 3504 1715 κόσμος.
3569 1647 3746 1716 Atque

2186 1742 2262 1795 ita
2317 1740 2730 1810 antiquissimus
2780 1738 2872 1793 ille
2922 1737 3086 1792 Italia:
3122 1737 3475 1808 philosophus
3523 1738 3757 1796 Ocellus.

2189 1832 2442 1886 Lucanus
2469 1830 2668 1901 insigni
2689 1845 2852 1900 opere
2877 1834 3106 1900 probare
3131 1830 3386 1895 instituit,
3419 1831 3480 1883 τὺ
3504 1833 3612 1884 πᾶν
3649 1833 3745 1884 ἀν-

2185 1926 2415 1996 ώλεθρον
2439 1920 2576 1977 εἶναι
2604 1923 2696 1976 καὶ
2713 1922 2991 1991 ἀγένητον,
3018 1920 3270 1974 mundum
3291 1931 3411 1975 ortu
3431 1923 3750 1993 interitqu

2186 2035 2381 2072 carere.
2409 2016 2564 2083 Quod
2599 2015 2745 2070 enim
2799 2014 2960 2084 vulgo
3015 2013 3305 2084 ἀγέννητον
3348 2017 3546 2084 passim
3599 2017 3755 2086 apud.

2185 2110 2426 2166 Ocellum
2455 2108 2732 2170 scribitur,
2761 2105 2818 2160 id
2846 2115 3038 2161 contra
3061 2106 3296 2176 optimos
3321 2105 3612 2162 Vaticanos
3641 2123 3752 2163 co-

2186 2203 2346 2258 dices.
2370 2215 2493 2256 esse
2543 2199 2904 2268 deprehendi,
2921 2212 3049 2251 cum
3104 2198 3306 2266 quibus
3349 2213 3570 2254 aureum
3605 2197 3753 2264 illud.

2185 2293 2508 2364 opusculum
2541 2291 2824 2361 diligenter
2863 2290 3154 2360 aliquando
3181 2291 3404 2346 contuli.
3446 2290 3609 2347 Recte
3640 2291 3748 2362 ἱεῖσι

2189 2398 2275 2442 tur
2288 2386 2598 2441 universum
2616 2383 2738 2446 hoc,
2764 2391 2818 2438 et
2834 2382 3096 2453 quidquid
3108 2397 3290 2437 rerum
3308 2390 3608 2438 ercatarum
3627 2385 3751 2439 uni,

2187 2495 2343 2535 verso
2355 2477 2684 2543 continetur,
2703 2474 2911 2529 ratione
2931 2474 3118 2544 prima:
3131 2473 3500 2545 productionis
3519 2477 3754 2547 γενητόνι

2187 2571 2580 2642 appellabimus
2595 2585 2609 2620 :
2623 2567 2879 2638 γεννητόν
2890 2582 3016 2621 vero
3032 2567 3445 2638 haudquaquam
3468 2587 3481 2623 :
3495 2569 3637 2639 quod
3651 2569 3742 2623 uni

2187 2663 2369 2719 Vel-bo
2385 2669 2588 2717 aeterno
2607 2660 2885 2726 convenit,
2895 2659 2982 2715 cui
3002 2660 3102 2715 soli
3124 2658 3282 2714 Pater
3302 2660 3440 2714 dixit
3463 2679 3476 2714 :
3498 2660 3625 2724 Υἱός
3643 2678 3755 2732 μου

2186 2753 2238 2809 εἴ
2285 2755 2372 2820 σὺ,
2418 2752 2526 2821 ἐγὼ
2559 2755 2794 2823 σήμερον
2815 2753 3119 2822 γεγέννηκά
3147 2766 3234 2803 σε’
3263 2749 3438 2804 Filius
3500 2768 3642 2806 meus
3690 2769 3757 2806 es

2188 2857 2369 2914 tu,ego
2391 2843 2542 2896 hodie
2568 2841 2720 2912 genui
2743 2851 2808 2894 te.
2843 2838 3048 2894 Caetera
3075 2846 3250 2893 autem
3275 2838 3558 2900 omnia,8t’
3579 2834 3758 2893 αὐτοῦ.

2187 2937 2420 3004 ἐγένετο,
2463 2934 2554 2987 καὶ
2594 2933 2762 3003 χωρὶς
2785 2930 2948 2985 αὑτοῦ
2965 2930 3178 2999 ἐγένετο
3207 2929 3325 2983 οὐδὲ
3355 2929 3432 2990 ἓν,
3455 2929 3483 2982 ὃ
3502 2931 3756 3000 γέγονεν..

2192 3024 2345 3081 Unde
2363 3034 2417 3080 et
2441 3024 2648 3080 Psaltes
2670 3023 2848 3094 regius
2883 3041 2898 3077 :
2927 3022 3098 3086 Αὐτὸς
3143 3018 3316 3087 εἶπεν,
3367 3023 3462 3075 καὶ
3491 3023 3754 3096 ἐγενήθη-

2193 3133 2290 3170 σαν
2313 3133 2326 3146 ο
2360 3115 2485 3185 Ipse
2505 3115 2662 3180 dixit,
2691 3125 2740 3169 et
2765 3115 2908 3184 facta
2937 3125 3078 3169 sunt.
3104 3113 3304 3170 Contra
3339 3116 3572 3170 mundus
3599 3125 3760 3173 recte-

2191 3209 2501 3278 ἁγέννητος,
2543 3222 2648 3260 non
2683 3215 2862 3261 autem
2890 3207 3169 3277 ἀγένητος.
3203 3205 3370 3260 Filius
3419 3215 3594 3262 autem
3645 3206 3755 3262 Dei:

2191 3299 2475 3369 ἀγένητος,
2511 3313 2620 3352 non
2650 3298 2961 3368 ἀγέννητος.
2995 3297 3123 3364 Quae
3153 3296 3396 3353 fortassis
3423 3298 3556 3352 levia
3571 3297 3754 3352 videri.

2191 3400 2434 3460 possent,
2471 3389 2576 3444 nisi
2619 3390 2779 3444 unius
2833 3389 3028 3444 litterae
3058 3390 3368 3453 interstitio,
3423 3396 3603 3444 rectus
3647 3403 3757 3443 ca--

2191 3481 2402 3536 tholicae
2451 3481 2691 3535 veritatis
2721 3488 2922 3535 trames
2948 3497 2980 3534 a
3011 3481 3450 3551 gravissimorum
3493 3496 3757 3535 errorum,

2189 3574 2502 3643 praecipitiis
2530 3575 2948 3643 dispesceretur.
2983 3571 3136 3627 Unde
3177 3571 3433 3627 Joannem
3457 3571 3757 3626 Damasce-

2191 3680 2321 3719 num
2352 3665 2490 3719 libro
2520 3681 2558 3731 ι,
2588 3681 2706 3734 cap.
2741 3664 2796 3730 9,
2827 3680 3022 3735 magno
3055 3664 3170 3719 hac
3218 3665 3400 3718 studio
3457 3663 3761 3718 adnotasse

2188 3757 2435 3812 videmus
2455 3798 2470 3822 ,
2501 3768 2553 3812 et
2582 3756 2916 3827 Epiphanius
2944 3757 3136 3812 haeresi
3193 3773 3316 3810 Lm
3367 3757 3597 3810 Arianos
3633 3757 3746 3811 haec

2191 3851 2411 3904 nomina
2441 3850 2838 3905 confundentes
2870 3850 3189 3920 gravissime
3215 3849 3548 3918 perstrinxit.
3573 3849 3760 3913 Quam-

2187 3940 2326 3995 bene
2347 3949 2525 3995 autem
2559 3942 2825 4010 interpres
2853 3941 3062 4010 Anglus
3092 3940 3160 3993 τὰ
3183 3941 3385 4010 γενητὰ
3444 3940 3759 3993 mortalimw

2190 4033 2408 4089 nomine
2439 4035 2690 4104 explicet,
2726 4051 2853 4091 mox
2883 4033 3238 4090 commodiori
3268 4033 3393 4087 loco
3420 4031 3745 4086 videbimus.

2191 4123 2435 4196 Ineptum
2462 4141 2697 4195 quoque,
2732 4126 2875 4196 quod
2908 4125 3048 4180 idem
3093 4133 3280 4179 noster
3322 4124 3588 4194 interpres
3614 4119 3756 4177 Ver.

2192 4219 2319 4275 bum
2349 4229 2632 4286 aeternum,
2659 4234 2877 4274 causam
2905 4216 3228 4272 eﬂicientem
3246 4231 3426 4271 rerum
3477 4215 3752 4278 omnium,

2197 4311 2254 4364 τὸ
2280 4309 2486 4396 ξοιοῦν,
2520 4312 2729 4381 gignens
2764 4309 2994 4379 appellat
3019 4326 3033 4375 ;
3057 4323 3177 4363 cum
3209 4307 3386 4362 omnis
3419 4306 3745 4361 Arianorum

529 4413 618 4450 eos
669 4411 686 4448 :
748 4395 820 4447 Τὸ
873 4393 1124 4463 γενέσθαι
1174 4394 1268 4447 καὶ
1331 4394 1391 4446 τὸ
1449 4395 1716 4448 ποιεῖσθαι
1779 4395 1921 4462 λέξει
1994 4400 2090 4469 μὲν

2194 4393 2392 4455 astutia
2425 4402 2478 4455 in
2534 4401 2845 4470 hujusmodi
2901 4400 3190 4455 verborum
3226 4397 3543 4454 confusione
3566 4413 3750 4453 verse-

529 4489 590 4543 οὐ
660 4488 855 4542 ταυτὸν
883 4528 897 4553 ,
971 4486 1114 4559 ἔργῳ
1158 4485 1214 4539 δὲ
1277 4486 1487 4541 ταυτόν.
1533 4486 1711 4542 Verbo
1759 4489 1976 4556 differt,
2031 4507 2091 4545 re

533 4583 650 4650 ipsa
709 4580 851 4635 idem
901 4587 1004 4635 est.
1050 4577 1302 4650 Γέννησις
1342 4589 1520 4634 autem
1568 4579 1804 4652 προϐολὴ
1865 4582 2090 4636 ἀπὸτοῦ

531 4673 778 4743 Πατρός,
835 4671 937 4725 hoc
981 4678 1064 4726 est
1110 4670 1428 4740 generatio,
1483 4671 1616 4736 sive,
1655 4681 1712 4726 ιιι
1761 4688 1884 4727 cum
1929 4675 2091 4744 vulgo

530 4765 902 4834 theologorum
954 4764 1166 4832 loquar,
1201 4763 1485 4833 productio
1514 4764 1745 4820 viventis
1776 4780 1807 4818 a
1853 4765 2087 4832 vivente,

531 4854 727 4909 similis
761 4854 1076 4924 producenti
1109 4855 1162 4908 in
1199 4855 1503 4909 substantia
1531 4862 1584 4912 et
1628 4864 1840 4911 natura.
1871 4855 1939 4911 Et
1966 4874 2091 4926 γεν-

531 4945 710 5015 νητόν,
736 4954 793 4999 ut
817 4945 957 5014 apud
981 4946 1229 5001 eumdem
1283 4945 1557 5002 Justinum
1588 4946 1836 5012 habetur,
1879 4946 1940 5000 τὸ
1968 4965 2091 5016 γεν-

529 5037 704 5106 νητῶς
732 5037 1031 5108 γινόμενον,
1080 5040 1194 5094 sive
1251 5037 1314 5093 τὸ
1369 5039 1641 5110 γεννητῶς
1667 5040 1728 5094 τὺ
1770 5035 1909 5095 εἶναι
1945 5041 2086 5112 ἔχον,

529 5129 667 5199 quod
696 5146 787 5200 per
819 5132 1030 5184 modum
1070 5133 1422 5202 generationis
1458 5133 1720 5188 subsistit.
1772 5132 1926 5190 Unde
1968 5136 2091 5192 Cle-

530 5239 685 5278 mens
710 5222 1136 5285 Alexandrinus,
1197 5239 1319 5278 cum
1347 5226 1610 5293 γενέσεως
1652 5243 1849 5282 nomen
1890 5229 2091 5296 promi-

529 5325 662 5365 scue
691 5310 865 5381 accipi
919 5311 1126 5366 videret
1154 5313 1316 5366 etiam
1356 5329 1452 5382 pro
1478 5317 1844 5384 generatione,
1893 5327 2088 5386 quarto

533 5399 862 5456 Stromatum
893 5402 1032 5456 libro
1058 5402 1132 5456 ita
1162 5416 1281 5457 eam
1306 5403 1609 5473 distinguit,
1645 5415 1704 5460 ut
1747 5408 1851 5460 alia
1888 5411 1958 5462 sit
1982 5407 2090 5459 τῶν

533 5494 904 5564 γεννωμένων,
940 5494 1045 5548 alia
1093 5493 1201 5548 τῶν
1256 5495 1576 5566 γινομένων,
1612 5499 1818 5553 scilicet
1871 5515 1939 5553 ne
1966 5501 2089 5570 quis

531 5584 595 5637 τὸ
656 5588 879 5657 γενητὸν
934 5589 1028 5641 καὶ
1081 5587 1335 5656 γεννητόν
1397 5589 1769 5646 confunderet.
1831 5590 1983 5648 Unde
2037 5601 2090 5646 ct

536 5672 685 5732 Plato
717 5679 980 5750 principio
1012 5679 1617 5752 Timwidisquirendum
1638 5685 1920 5754 proponit:
1957 5687 2090 5758 Περὶ

610 5829 688 5902 (ai
716 5831 904 5888 Habita
927 5835 1128 5905 Romai,
1159 5849 1216 5892 ttt
1245 5853 1428 5909 supra.

2194 4503 2302 4554 tur,
2357 4508 2476 4560 quae
2515 4492 2895 4546 sanctissimus
2935 4490 3021 4545 hic
3047 4497 3234 4543 auctor
3274 4499 3462 4544 contra
3517 4487 3759 4556 diligat--

2192 4587 2399 4641 tissime
2427 4584 2727 4654 distinguit.
2759 4582 2953 4638 Tutius
2981 4598 3112 4638 sane
3142 4598 3264 4637 cum
3295 4581 3508 4651 vulgato
3541 4578 3749 4633 Biblio-

2191 4692 2311 4731 rum
2367 4675 2679 4745 interprete,
2731 4672 2957 4745 faciendi
2987 4681 3042 4728 et
3069 4674 3287 4743 factoris
3331 4670 3590 4726 vocabqu
3631 4678 3751 4724 ute-

2190 4773 2360 4832 retur,
2411 4765 2567 4820 novis
2626 4765 2734 4820 illis
2786 4764 3074 4820 verborum
3111 4761 3593 4825 lauticiisrelictis,
3624 4776 3752 4831 quae

2189 4859 2373 4913 animo
2430 4857 2602 4914 sacris
2629 4855 2825 4912 litteris
2877 4854 3142 4910 innutrito
3195 4869 3455 4910 nauseam
3505 4867 3750 4908 commo—

2188 4960 2333 5007 vent.
2385 4949 2462 5005 Ita
2507 4951 2562 5005 in
2609 4949 2872 5006 orationis
2921 4963 3208 5020 progressu
3234 4984 3252 5011 ,
3309 4944 3401 5002 ubi
3445 4943 3760 5000 Alexander

2189 5044 2329 5102 ﬁlios
2359 5060 2455 5116 per
2486 5044 2712 5115 gratiam
2743 5041 3047 5112 adoptatos,
3087 5056 3118 5094 a
3144 5039 3322 5094 Verbo
3349 5048 3572 5101 aeterno,
3615 5052 3756 5091 vero

2190 5147 2244 5193 et
2263 5140 2482 5208 proprio
2535 5135 2627 5191 Dei
2675 5134 2812 5189 Filio
2869 5148 3028 5203 quam
3086 5133 3402 5203 longissime
3449 5139 3688 5186 removet
3730 5149 3745 5192 ;

2189 5229 2448 5298 quoniam
2480 5227 2570 5281 hic
2605 5235 2799 5280 natura
2853 5224 2944 5278 Dei
2970 5218 3142 5278 Filius
3169 5223 3282 5290 ;illi
3322 5236 3471 5286 vero,
3503 5219 3754 5289 deposito

2191 5320 2383 5389 spiritu
2423 5319 2718 5381 servitutis,
2743 5316 2802 5369 τὸ
2824 5316 2921 5387 τῆς
2945 5315 3213 5378 υἱοθεσίας
3230 5313 3482 5374 λαϐόντες
3511 5303 3750 5379 πνεὶμα.

2191 5411 2304 5467 Hoc
2339 5419 2442 5476 est,
2476 5417 2534 5463 ut
2572 5417 2757 5464 noster
2786 5409 3051 5478 interpres
3097 5407 3348 5469 reddidit,
3384 5404 3586 5473 Spiritu
3619 5400 3752 5453 ado-

2189 5506 2380 5574 ptionis
2435 5503 2667 5573 ﬁliorum
2719 5509 3008 5565 assumpto,
3040 5499 3134 5552 filii
3189 5497 3426 5568 adoptivi
3484 5493 3745 5549 evadunt.

2191 5597 2390 5662 Quidni
2449 5595 2628 5666 potius
2677 5609 2798 5648 cum
2855 5593 2980 5646 divo
3018 5591 3186 5645 Paulo
3214 5589 3279 5644 ad
3311 5589 3468 5643 Rom.
3497 5601 3615 5647 vui,
3659 5581 3752 5645 15,

2194 5689 2394 5759 Spiritu
2450 5685 2742 5754 adoptionis
2797 5694 3023 5752 accepto,
3061 5684 3140 5737 vel
3193 5681 3446 5750 Spiritum
3511 5675 3757 5746 adoptio-—
