4088 6284
321 353 423 411 5M

1753 343 2030 401 NOTlTlA
2041 387 2057 402 .

3448 355 3555 397 οη

323 476 405 530 nis
437 472 675 543 ﬁliorum
730 470 1060 540 accipientes,
1115 468 1344 526 dixerim
1367 469 1395 524 ἰν
1427 466 1562 524 Cum
1625 468 1878 536 accipere,
1908 475 1954 527 Α
1982 473 2160 535 ptam,
2203 463 2345 517 nihil‘
2370 470 2550 519 tamen
2595 464 2711 519 haec
2745 462 2958 519 destina
2981 465 3304 520 sententiam
3339 461 3494 516 fulcit
3535 479 3552 514 :

320 567 546 636 gratiam
589 563 903 633 donumque
958 561 1054 618 Dei
1085 569 1489 633 praesupponat,
1541 577 1744 613 sumere
1782 573 1881 613 au-

320 667 447 719 tem,
488 656 604 711 sive
632 671 917 717 assumere,
948 653 1220 724 propriam
1252 652 1652 724 quodammodo
1695 659 1881 707 aucto-

316 749 530 804 ritatem
557 747 903 803 subindicare
923 746 1189 801 videatur.
1227 745 1381 812 Quod
1409 745 1554 801 enim
1584 744 1881 815 Apostolus

317 842 393 895 ait
423 840 491 895 ad
516 837 678 894 Hebr.
703 855 755 903 v,
778 839 812 893 4
843 858 856 892 :
895 837 1016 892 Non
1041 837 1141 891 sibi
1168 838 1269 906 ipsi
1290 838 1562 908 quisquam
1603 838 1762 890 sumit
1785 835 1874 889 lto-

315 949 515 994 norcm,
539 930 629 986 sed
660 931 749 1002 qui
775 941 990 986 vocatur
1019 949 1051 985 a
1084 930 1211 994 Deo,
1266 930 1340 984 ita
1374 947 1474 986 nec
1501 931 1726 1001 gratiam
1752 928 1878 1001 Spi-

313 1025 459 1079 ritus
484 1024 658 1079 sancti
689 1023 978 1093 quisquam
1015 1022 1118 1077 sibi
1142 1023 1245 1092 ipsi
1277 1023 1461 1084 sumit,
1495 1022 1600 1078 nisi
1635 1023 1720 1076 cui
1751 1023 1878 1078 data

314 1116 477 1172 fuerit
504 1115 735 1184 desuper
758 1131 788 1168 a
817 1113 977 1170 Patre
1006 1115 1294 1179 luminum,
1319 1130 1348 1167 a
1376 1131 1484 1183 quo
1509 1130 1668 1170 omne
1689 1115 1876 1171 datum

314 1210 603 1280 optimum,
621 1217 676 1263 et
697 1223 857 1263 omne
879 1207 1080 1262 donum
1101 1206 1400 1279 perfectum
1417 1206 1749 1262 descendit‘.
1773 1206 1876 1262 Cui

313 1303 369 1352 et
397 1296 526 1350 illud
545 1295 868 1361 addiderim,
883 1295 1027 1366 quod
1049 1312 1169 1350 mox
1189 1296 1301 1349 Arii
1326 1296 1561 1352 asseclas
1577 1314 1711 1368 πονη
1721 1314 1874 1370 ρευο-

315 1389 494 1459 μένων
509 1387 745 1451 σύνοδον,
762 1389 1118 1456 improborum
1132 1388 1359 1452 turbam,
1379 1391 1560 1461 potius
1575 1408 1736 1461 quam
1753 1410 1878 1447 con-

309 1481 493 1534 cilium
506 1479 1223 1552 malignaatiumﬁcripturaa
1237 1483 1416 1538 verbis
1430 1482 1652 1539 reddere
1665 1484 1872 1540 maluit.

385 1572 488 1628 Sed
519 1573 734 1642 longum
763 1572 899 1628 foret
929 1574 1137 1644 singula
1165 1576 1449 1646 persequi,‘
1475 1578 1686 1646 quoties
1704 1578 1874 1632 inter-

309 1680 439 1734 pres
462 1665 701 1719 auctoris
727 1673 964 1720 mentem
1014 1667 1098 1722 vel
1123 1667 1364 1732 divellat,
1390 1669 1476 1725 vel
1504 1669 1758 1734 invertat,
1788 1669 1872 1724 vel

308 1772 410 1826 pro
429 1756 592 1812 claris
617 1762 672 1812 et
700 1755 1004 1814 manifestis
1026 1759 1192 1814 dubia
1218 1769 1274 1815 et
1295 1760 1530 1816 obscura
1560 1760 1718 1816 nobis
1744 1776 1875 1830 sup-

307 1856 494 1918 ponat.
524 1846 760 1918 Pr0pero
789 1849 852 1903 ad
885 1850 1063 1904 locum
1115 1852 1283 1906 totius
1300 1851 1562 1921 epistolae,
1595 1867 1716 1908 meo
1744 1852 1871 1921 qui-

306 1938 432 1994 dem
454 1938 664 2009 judicio
693 1939 1088 2003 diﬂicillimum,
1107 1941 1199 2012 qui
1225 1943 1494 2013 principio
1514 1959 1635 2013 pag.
1666 1943 1733 1997 15
1763 1943 1873 1999 Ro-

307 2045 487 2084 manae
521 2030 780 2085 editionis
831 2031 1049 2102 legitur.
1081 2033 1295 2099 Ariani,
1338 2035 1515 2105 inquit
1543 2035 1868 2102 Alexander,

309 2129 372 2176 ut
393 2122 666 2177 Christum
701 2122 919 2180 deitatis
948 2125 1121 2195 gloria
1173 2126 1494 2196 spoliarent,
1526 2141 1620 2181 eas
1683 2141 1867 2189 voces,

306 2229 480 2283 eaque
507 2212 803 2284 Scriptura:
834 2215 952 2270 loca
979 2231 1194 2286 semper
1228 2218 1283 2272 in
1315 2233 1410 2273 ore
1431 2217 1721 2280 habebant,
1751 2233 1872 2286 qua:

309 2302 379 2356 ad
417 2304 726 2372 passionem
752 2311 807 2360 et
849 2305 1273 2363 exinanitionem
1306 2307 1429 2377 ejus
1454 2307 1746 2378 pertinent,
1777 2323 1876 2377 pe-

286 2393 456 2451 nitus
483 2395 638 2452 obliti
678 2396 929 2462 istorum.
961 2413 1085 2469 quae
1103 2399 1171 2454 ad
1201 2399 1426 2468 gloriam
1449 2407 1505 2455 et
1529 2399 1870 2469 majestatem

310 2493 367 2541 et
398 2488 763 2556 aequalitatem
812 2504 936 2544 cum
975 2488 1137 2546 Patre
1182 2491 1592 2562 signiﬁcandam
1642 2491 1868 2547 faciunt.

306 2575 383 2633 De
408 2593 638 2649 quorum
661 2595 889 2636 numero
913 2589 997 2636 est
1023 2581 1156 2637 illud
1184 2580 1344 2640 Joan.
1375 2599 1409 2638 x
1435 2601 1450 2639 :
1491 2581 1601 2654 Ego
1635 2592 1684 2637 et
1713 2582 1876 2652 Pater

304 2680 466 2719 unum
501 2683 704 2723 sumus.
733 2668 905 2738 Cujus
925 2668 1032 2724 loci
1063 2672 1386 2726 sententiam
1414 2673 1741 2728 catholicam
1774 2674 1871 2728 ad-

305 2769 499 2812 versus
521 2757 705 2811 Arium
737 2757 1108 2828 explicaturus
1140 2759 1464 2827 Alexander,
1519 2763 1658 2818 hanc
1685 2763 1872 2837 ἐπεξή-

305 2864 466 2919 γησιν
493 2849 795 2920 subjungit.
827 2848 983 2916 Quod
1011 2850 1230 2920 quidem
1282 2849 1545 2910 Dominus
1577 2854 1732 2919 dicit,
1760 2872 1866 2910 non

307 2934 520 2992 Patrem
553 2939 793 3009 seipsum
823 2941 1184 3010 procemtians
1226 2961 1238 2996 :
1263 2942 1397 2996 Οὐδὲ
1423 2944 1522 3008 τὰς
1546 2949 1613 3017 τῇ
1635 2946 1870 3001 ὑποστά-

308 3029 510 3083 σειδύο
555 3031 743 3101 φύσεις
775 3031 904 3104 μίαν
933 3028 1070 3089 εἶναι
1122 3035 1451 3107 σαφηνιζων.
1511 3035 1625 3093 Hoc
1679 3047 1784 3105 est,
1808 3048 1869 3095 ut

1981 571 2105 611 cum
2137 555 2252 625 ipse
2285 555 2500 624 φύσεως
2560 571 2758 612 nomen
2813 557 3022 628 passim
3067 558 3268 611 usitato
3294 554 3555 610 Ecclesiae

1981 663 2143 703 sensu
2214 657 2438 717 usurpet
2505 649 2709 719 :idque
2775 648 3052 705 mordicus
3108 655 3296 703 contra
3359 646 3552 700 Arium

1980 747 2227 804 tueatur,
2292 755 2454 794 unam
2507 756 2629 796 esse
2676 742 3034 813 eamdemque
3091 739 3270 794 Patris
3336 753 3401 792 ac
3456 736 3553 792 Fi-

1979 831 2038 884 lii
2083 840 2332 885 naturam
2353 872 2367 896 ,
2398 841 2451 886 et
2479 831 2716 888 Verbum
2749 834 2906 903 φύσει
2941 831 3136 886 Filium
3183 829 3363 884 Patris
3426 844 3550 884 esse

1979 919 2140 975 sicuti
2168 936 2199 974 e
2231 929 2421 974 contra
2456 923 2737 977 contendit
2772 923 2967 978 Filium
3009 937 3118 976 non
3163 936 3285 976 esse
3310 919 3411 989 τῆς
3459 916 3550 973 αὖ·

1977 1013 2074 1084 τῆς
2147 1012 2360 1081 φύσεως
2433 1017 2547 1078 τοῖς
2598 1017 2930 1084 γενομένοις.
3008 1014 3190 1081 Quare
3257 1019 3544 1083 superest,

1979 1113 2037 1158 ut
2068 1105 2250 1158 ’verba
2290 1101 2498 1168 Graeca,
2564 1107 2640 1160 uti
2677 1123 2825 1161 nunc
2889 1107 3110 1176 quidem
3160 1106 3322 1174 vulgo
3356 1104 3549 1173 legun-

1977 1202 2087 1256 tur,
2133 1195 2216 1250 vel
2277 1194 2656 1250 haareticorum
2705 1197 2930 1264 malitia,
2981 1197 3068 1250 vel
3109 1196 3327 1251 inscitia
3376 1195 3547 1249 libra-

1975 1286 2182 1340 riorum
2215 1298 2472 1355 corrupta
2525 1286 2793 1342 dicamus.
2850 1285 3006 1353 Quod
3058 1285 3216 1341 facile
3258 1286 3543 1351 concedet,

1975 1377 2224 1449 quisquis
2255 1387 2492 1432 vestrum
2521 1394 2632 1433 non
2679 1380 2913 1449 ignorat,
2947 1378 3248 1442 auditores,
3281 1387 3543 1448 quantum

1975 1468 2300 1524 calamitatis
2352 1476 2407 1523 et
2453 1484 2702 1523 errorum
2761 1478 2990 1540 utraque
3021 1470 3188 1540 pestis
3232 1476 3544 1525 sanctorum

1975 1559 2194 1613 Patrum
2227 1561 2445 1632 scriptis
2479 1561 2725 1618 intulerit
2758 1582 2771 1617 ε
2807 1578 2927 1632 qua:
2963 1578 3163 1633 gressu.
3184 1562 3346 1618 nimis
3372 1562 3554 1615 libero

1974 1667 2071 1721 per
2098 1652 2377 1708 Orientem
2403 1654 2698 1724 aliquando
2741 1655 3121 1725 grassabatur,
3153 1668 3280 1708 cum
3306 1653 3548 1708 dissecta

1975 1744 2032 1798 in
2061 1745 2294 1801 haereses
2317 1754 2372 1801 et
2402 1747 2640 1817 partium
2666 1747 2846 1802 studia
2874 1746 3140 1809 Ecclesia,
3168 1748 3327 1802 malis
3350 1746 3544 1816 hujus-

2433 1017 2547 1078 τοῖς
2598 1017 2930 1086 γενομένοις.

1903 1817 1946 1871 Β
1973 1835 2119 1890 modi
2143 1837 2378 1900 artibus,
2424 1853 2536 1892 sua:
2564 1839 2797 1908 quisque
2823 1855 3001 1894 causa:
3019 1824 3378 1909 patrocinium
3404 1852 3551 1908 quae.

1971 1934 2136 1982 reret.
2177 1927 2316 1981 lluic
2348 1937 2531 1984 autem
2562 1931 2684 1984 loco
2711 1930 2901 1985 vitium
2923 1930 3129 1985 factum
3154 1932 3410 2001 antiquus
3457 1931 3550 1985 hi-

1972 2017 2154 2072 storize
2170 2013 2558 2074 ecclesiasticae
2584 2021 2855 2092 interpres
2879 2021 3217 2092 Epiphanius
3243 2022 3545 2080 Scholasti-

1971 2121 2070 2161 cus
2104 2108 2312 2178 liquido
2353 2109 2593 2165 ostendit
2625 2131 2638 2166 :
2673 2127 2834 2182 quem
2879 2112 3064 2166 Graeca
3093 2113 3254 2167 verba
3277 2129 3387 2167 non
3420 2115 3546 2184 qui-

1971 2195 2093 2251 dem
2131 2206 2355 2262 mutata,
2409 2200 2502 2255 sed
2556 2202 2891 2272 transposito
2939 2203 3188 2269 articulo,
3247 2203 3350 2258 hoc
3381 2206 3553 2260 modo.

1971 2289 2100 2343 olim
2147 2289 2341 2360 legisse
2388 2301 2610 2361 apparet
2647 2312 2660 2348 :
2696 2293 2830 2347 Οὐδὲ
2876 2296 2941 2366 τῇ
2989 2294 3283 2348 ὑποστάσει
3313 2295 3404 2348 δύο
3442 2296 3544 2367 φύ-

1972 2394 2085 2442 σεις
2114 2379 2210 2451 τὴν
2238 2381 2366 2450 μίαν
2409 2379 2544 2436 εἶναι
2569 2384 2896 2456 σαφηνέζων,
2942 2386 3070 2440 dum
3111 2388 3272 2440 vertit
3307 2403 3324 2440 :
3362 2385 3543 2458 Neque

1970 2468 2393 2525 substantialiter
2412 2470 2544 2526 duas
2568 2483 2787 2528 naturas
2826 2491 2944 2544 quae
2980 2485 3056 2530 est
3077 2492 3204 2541 una,
3239 2477 3538 2533 declarans.

1970 2558 2140 2629 Quem
2169 2577 2356 2617 verum
2389 2570 2444 2618 et
2471 2564 2802 2620 catholicum
2834 2565 2998 2638 hujus
3029 2567 3135 2622 loci
3166 2583 3388 2623 sensum
3419 2584 3542 2626 esse

1970 2653 2125 2709 facile
2155 2655 2468 2726 perspiciet,
2500 2657 2752 2728 quisquis
2805 2658 2909 2714 hoc
2959 2660 3120 2714 modo
3155 2675 3273 2716 rem
3325 2677 3541 2717 mecum

1969 2746 2416 2802 consideraverit.
2446 2746 2738 2804 Catholica:
2764 2748 3022 2806 Ecclesia:
3039 2751 3195 2817 ﬁdes,
3225 2768 3346 2822 qua:
3371 2769 3541 2808 unum

1968 2837 2138 2894 Deum
2171 2841 2224 2894 in
2247 2839 2536 2905 Trinitate,
2561 2850 2614 2897 et
2643 2841 2963 2898 Trinitatem
2996 2843 3051 2898 in
3083 2845 3289 2900 unitate
3322 2862 3544 2902 venera-

1970 2939 2079 2996 tur,
2116 2933 2258 2986 inter
2284 2934 2566 3004 oppositus
2595 2950 2844 2990 errorum
2879 2937 3156 3006 scopulos,
3193 2947 3243 2994 et
3279 2939 3540 3008 multipli-

1967 3034 2060 3075 ces
2089 3022 2494 3078 mendaciorum
2519 3025 2797 3096 ambages,
2826 3026 2989 3097 regia:
3020 3027 3119 3082 via:
3139 3027 3331 3092 instar,
3362 3031 3540 3085 medio

305 3115 574 3188 interpres
601 3120 668 3175 ad
693 3121 917 3176 verbum
947 3121 1123 3177 reddi;
1151 3141 1165 3176 ε
1199 3120 1378 3192 Neque
1417 3124 1553 3180 άααε
1584 3128 1866 3183 secundum
1893 3154 1936 3213 ϐ
1973 3112 2095 3167 loco
2121 3113 2345 3177 incedit,
2374 3114 2621 3213 devitans
2647 3116 2776 3172 hinc
2809 3116 2937 3213 inde
2971 3120 3313 3174 imminentia
3364 3121 3538 3177 haere-

306 3209 632 3274 hypostasim
656 3219 881 3266 naturas
910 3227 1073 3265 unam
1111 3229 1221 3268 esse
1246 3213 1524 3270 declarans
1554 3232 1573 3270 :
1599 3219 1692 3273 sed
1721 3221 1868 3290 quod

304 3295 496 3365 Filius,
521 3301 715 3373 inquit,
742 3306 982 3375 perfecte
1002 3310 1281 3378 paternam
1311 3309 1726 3367 similitudinem
1754 3329 1870 3370 ser-

307 3400 418 3448 vat.
468 3394 768 3462 Quaesitum
804 3415 834 3454 a
865 3417 951 3458 me
980 3402 1082 3457 fuit
1109 3403 1233 3472 quis
1271 3419 1468 3459 sensus
1499 3404 1713 3459 illorum
1748 3421 1870 3462 ver-

301 3488 494 3542 borum
529 3509 544 3544 :
579 3491 714 3545 Οὐδὲ
761 3493 860 3558 τὰς
903 3497 969 3566 τῇ
1016 3495 1310 3550 ὑποστάσει
1350 3495 1444 3551 δύο
1488 3496 1679 3564 φύσεις
1739 3497 1868 3570 μίαν

200 3621 206 3629 .
301 3572 438 3633 εἶναι
467 3584 796 3654 σαφηνιξων,
832 3603 990 3656 neque
1026 3587 1160 3643 duas
1217 3590 1500 3643 secundum
1538 3590 1864 3660 hypostasim

302 3680 550 3726 naturam
591 3692 752 3730 unam
777 3693 888 3732 esse
910 3677 1210 3736 declarans.
1267 3680 1403 3736 Cum
1456 3682 1602 3737 enim
1651 3682 1740 3739 hic
1771 3699 1867 3740 ne-

301 3777 572 3833 quaquam
598 3765 665 3821 de
686 3765 1101 3833 incarnationis,
1116 3771 1230 3826 sive
1248 3774 1554 3845 οἰκονομίας
1584 3779 1864 3848 mysterio,

301 3855 356 3903 et
382 3851 720 3923 hypostatica
767 3854 929 3910 Verbi
959 3859 1249 3929 carnisque
1282 3863 1483 3918 unione
1521 3875 1740 3936 agatur;
1770 3868 1865 3923 sed

302 3938 371 3994 ad
402 3942 766 3999 sanctissimae
797 3943 1082 4004 Trinitatis
1132 3951 1476 4020 mysterium,
1518 3956 1634 4010 sive
1655 3957 1723 4012 ad
1751 3957 1866 4014 θεο-

301 4031 488 4101 λογίαν
522 4035 676 4090 locus
702 4038 988 4107 pertineat,
1020 4042 1308 4100 manifeste
1360 4045 1498 4102 duas
1524 4046 1768 4105 diversas
1811 4059 1866 4106 et

303 4121 592 4181 distinctas
629 4125 806 4184 Patris
839 4138 894 4184 et
949 4128 1071 4186 Filii
1100 4141 1326 4191 naturas
1355 4153 1558 4207 ponere
1593 4138 1805 4194 videtur
1845 4160 1858 4196 :

303 4215 448 4286 quod
475 4215 701 4287 impium
727 4219 843 4274 Arii
881 4220 1076 4293 dogma
1108 4231 1245 4288 erat,
1305 4227 1394 4281 cui
1428 4227 1725 4284 refellendo
1750 4238 1862 4286 tota

300 4307 416 4363 haec
445 4311 674 4380 epistola
709 4314 961 4382 opposita
994 4323 1098 4371 est.
1127 4315 1266 4382 Quid
1301 4318 1505 4389 igitur?
1556 4336 1685 4375 num
1723 4321 1862 4377 forte

299 4400 473 4455 ἄλλων
505 4403 688 4474 ἰητρὸς
711 4405 874 4470 αὐτὸς
892 4404 1073 4460 ἕλκεσι
1106 4407 1292 4478 βρύεις
1329 4411 1424 4467 sed
1453 4411 1612 4478 absit,
1645 4420 1704 4468 ut
1733 4430 1860 4470 san-

1970 3222 2091 3261 sum
2121 3216 2387 3273 monstra,
2437 3223 2556 3278 qua:
2589 3209 2781 3264 insano
2810 3211 3048 3266 clamore
3089 3213 3370 3267 veritatem
3406 3216 3540 3269 alla-

1969 3305 2151 3352 trant:
2187 3307 2244 3352 ut
2272 3314 2446 3368 neque
2476 3316 2739 3369 personas
2768 3317 2893 3356 cum
2931 3301 3170 3358 Sabellio
3200 3303 3531 3371 confundat,

1968 3405 2144 3461 neque
2160 3405 2283 3444 cum
2306 3390 2437 3446 Ario
2465 3393 2829 3448 substantiam
2861 3403 3096 3466 separet.
3127 3393 3282 3450 llanc
3307 3396 3538 3450 catholi-

1968 3498 2044 3537 ca:
2063 3483 2304 3540 veritatis
2334 3499 2659 3556 cynosuram
2677 3486 3046 3540 Alexandrum
3069 3503 3284 3558 quoque
3298 3487 3403 3543 hoc
3417 3490 3537 3544 loco

1967 3582 2214 3630 secutum
2234 3585 2471 3640 constat,
2497 3577 2589 3648 qui
2615 3578 2910 3648 propositis
2939 3576 3144 3634 Christi
3167 3578 3370 3645 verbis,
3397 3579 3536 3636 duos

1969 3666 2096 3722 hinc
2143 3666 2269 3722 inde
2315 3667 2651 3723 adulterinos
2705 3684 2899 3724 sensus
2955 3685 3262 3735 removens,
3312 3671 3538 3726 tertium

1965 3757 2161 3814 deinde
2192 3774 2382 3814 verum
2411 3766 2465 3814 et
2496 3759 2790 3830 genuinum
2827 3761 3127 3832 subjungit.
3157 3760 3291 3832 Ego,
3334 3763 3532 3832 inquit,

1964 3861 2012 3908 et
2032 3851 2194 3906 Pater
2220 3867 2380 3906 unum
2397 3868 2602 3916 sumus,
2625 3867 2731 3906 non
2759 3859 2817 3907 ut
2833 3868 2892 3908 se
2913 3852 3126 3908 Patrem
3158 3869 3279 3910 esse
3297 3855 3534 3910 allirma-

1967 3949 2067 3998 ret.
2101 3955 2208 4010 quo
2240 3954 2593 4010 personarum
2616 3939 3014 4007 confusionem,
3031 3949 3086 3995 et
3109 3939 3328 3996 Sabellii
3346 3941 3535 3994 υἱοπά-

1963 4049 2093 4104 τορα
2125 4032 2285 4087 tollit.
2327 4031 2511 4102 Neque
2541 4041 2598 4086 ut
2627 4031 3060 4087 substantialiter
3107 4031 3245 4088 duas
3282 4035 3530 4098 naturas,

1963 4140 2082 4195 qua:
2108 4132 2190 4180 est
2219 4140 2345 4189 una,
2376 4123 2676 4180 declararet
2717 4142 2732 4180 :
2769 4125 2873 4179 hoc
2901 4132 3009 4191 est,
3040 4141 3149 4180 non
3193 4131 3250 4178 ut
3283 4140 3445 4178 unam
3465 4141 3532 4180 ac

1963 4217 2427 4287 simplicissimam
2454 4215 2635 4272 Patris
2666 4215 2898 4287 Filiique
2917 4225 3169 4272 naturam
3199 4218 3256 4272 in
3287 4217 3425 4273 duas
3448 4217 3533 4272 di-

1962 4309 2167 4364 videret
2199 4324 2348 4380 :quo
2400 4309 2717 4366 substantia:
2760 4310 3158 4380 separationem
3189 4311 3258 4365 ab
3285 4309 3418 4365 Ario
3445 4311 3531 4365 in-

1964 4402 2271 4458 troductam
2301 4413 2560 4459 removet.
2584 4400 2848 4466 Tandem,
2879 4402 3110 4459 sublatis
3139 4403 3268 4458 hinc
3285 4401 3411 4458 inde
3440 4417 3530 4457 er-

301 4493 610 4549 ctissimum
658 4495 836 4550 virum
872 4496 1188 4567 hujusmodi
1218 4502 1340 4558 labe
1389 4518 1676 4575 aspergere
1706 4508 1859 4577 quis-
1892 4495 1940 4554 D
1963 4511 2146 4550 rorum
2176 4495 2457 4562 extremis,
2491 4495 2815 4561 catholicam
2845 4494 2966 4564 ejus
2992 4495 3097 4550 loci
3129 4502 3367 4550 mentem
3393 4496 3526 4550 sub-

300 4602 464 4654 quam
515 4595 744 4642 conetur
779 4585 790 4635 !
820 4588 947 4645 Mihi
1008 4606 1138 4647 vero
1179 4593 1284 4648 loci
1313 4594 1476 4663 hujus
1535 4599 1856 4654 sententiam

300 4679 482 4733 animo
506 4680 746 4734 versanti
805 4679 926 4737 duae
969 4685 1332 4740 occurrebant
1360 4689 1621 4755 rationes,
1656 4693 1856 4762 quibus

300 4771 347 4828 si
380 4788 493 4828 non
515 4772 798 4843 explicari,
843 4775 1034 4831 saltem
1055 4779 1305 4833 excusari
1360 4795 1520 4850 posse
1548 4783 1854 4840 videbatur.

299 4859 568 4919 Videlicet
618 4868 919 4928 auctorem,
951 4871 1012 4918 ut
1041 4865 1372 4924 Arianorum
1422 4872 1748 4929 sententiam
1777 4890 1857 4931 re-

300 4953 470 5016 fellat,
497 4953 742 5024 ipsorum
765 4955 870 5010 sibi
897 4971 1060 5012 voces
1090 4973 1154 5012 ac
1209 4958 1471 5018 formulas
1498 4965 1718 5020 mutari.
1760 4965 1858 5022 Vel

298 5044 347 5101 si
367 5059 468 5100 suo
487 5060 673 5111 sensu,
692 5046 914 5117 suisque
930 5048 1110 5104 verbis
1136 5051 1378 5109 locutum
1405 5055 1655 5120 velimus,
1673 5057 1855 5128 φύσιν,

297 5135 413 5190 sive
444 5143 690 5193 naturam
713 5151 812 5206 pro
840 5137 1130 5196 ὑποστάσει
1175 5146 1450 5214 accepisse
1483 5166 1494 5199 :
1542 5148 1689 5218 quod
1715 5149 1858 5206 forte

295 5225 798 5296 antiquissimorum
826 5235 1108 5285 auctorum
1131 5235 1392 5306 exemplis
1412 5253 1522 5293 non
1545 5247 1713 5294 caret.
1749 5240 1855 5296 Sed

295 5317 422 5370 dum
454 5317 699 5386 pressius
732 5319 948 5390 singula
995 5325 1261 5392 expende,
1286 5335 1538 5384 neutrum
1580 5331 1714 5387 mihi
1747 5332 1853 5387 loci

294 5421 489 5464 sensus
519 5407 804 5464 admittere
831 5410 1060 5468 videtur.
1088 5414 1330 5474 Primum
1379 5422 1522 5476 enim
1570 5424 1706 5488 suis,
1737 5440 1850 5482 non

293 5499 620 5553 Arianorum
636 5500 838 5570 verbis,
864 5519 988 5560 eum
1011 5509 1156 5578 loqui
1196 5511 1698 5570 manifestissimum
1739 5525 1844 5574 est.

293 5583 494 5643 Deinde
555 5593 830 5662 utcunque
869 5598 1113 5667 exempla
1163 5601 1285 5671 quis
1322 5603 1564 5672 proferat
1609 5605 1842 5676 φύσεως,

293 5677 403 5735 sive
442 5684 647 5730 natura!
676 5699 863 5742 vocem
892 5703 993 5760 pro
1021 5691 1314 5750 ὑποστάσει
1361 5697 1652 5770 aliquando
1690 5715 1843 5758 acce-

393 5829 551 5889 ‘Jac.
595 5853 632 5906 I,
671 5839 753 5895 Π.

1957 4587 2100 4658 jicit,
2130 4586 2382 4642 videlicet
2413 4584 2609 4641 Filium
2637 4597 2834 4642 natura
2865 4585 3014 4641 Patri
3046 4601 3144 4658 per
3166 4587 3351 4641 omnia
3376 4587 3531 4643 simi-

1961 4681 2086 4745 lem,
2121 4686 2175 4734 et
2203 4677 2524 4732 invariatam
2548 4675 2726 4733 Patris
2777 4679 3065 4752 imaginem
3094 4693 3216 4734 esse
3247 4697 3260 4734 :
3294 4695 3404 4750 quo
3437 4680 3528 4736 ille

1957 4780 2012 4828 et
2065 4788 2228 4827 unam
2285 4770 2637 4842 eamdemque
2689 4769 2867 4826 Patris
2894 4779 2948 4827 et
2979 4770 3101 4825 Filii
3145 4779 3419 4838 naturam,
3472 4782 3528 4829 et

1959 4867 2251 4922 distinctas
2277 4865 2546 4937 prototypi
2569 4871 2623 4919 et
2651 4863 2902 4936 imaginis
2928 4863 3253 4936 hypostases
3297 4866 3527 4922 conﬁte-

1961 4968 2068 5015 tur.
2095 4958 2200 5016 Sed
2230 4959 2319 5013 hic
2347 4959 2480 5013 mihi
2507 4973 2694 5013 aurem
2722 4959 2846 5029 quis
2883 4958 3121 5023 vellicet,
3151 4969 3207 5013 el.
3252 4960 3383 5033 quid
3429 4960 3526 5014 δύο

1959 5055 2026 5124 τῇ
2062 5053 2358 5106 ὑποστάσει
2413 5051 2603 5120 φύσεις
2656 5050 2757 5105 sibi
2822 5050 3007 5116 velint,
3058 5051 3203 5105 haud
3255 5053 3528 5110 immerito

1958 5153 2187 5217 quaerat,
2209 5161 2334 5200 cum
2362 5143 2520 5214 apud
2556 5152 2782 5199 caeteros
2826 5142 3082 5201 Ecclesia:
3132 5144 3322 5203 Patres
3380 5146 3524 5201 haud

1959 5238 2117 5294 facile
2141 5236 2455 5307 hujusmodi
2481 5235 2738 5306 loquendi
2768 5236 2989 5291 modum
3020 5237 3094 5293 sit
3129 5239 3390 5308 reperire.
3417 5237 3524 5293 Sed

1957 5347 2068 5387 non
2092 5345 2200 5385 uno
2226 5330 2390 5400 hujus
2413 5328 2653 5398 epistola:
2682 5328 2801 5382 loco
2828 5329 3038 5384 ostendi
3059 5338 3238 5399 potest
3290 5329 3523 5383 ὑποστά-

1959 5439 2093 5486 σεως
2119 5420 2438 5476 vocabulum
2461 5432 2568 5474 non
2589 5424 2698 5474 tam
2725 5417 3063 5474 individuum
3091 5435 3185 5475 seu
3207 5419 3522 5474 distinctum

1955 5513 2328 5585 personalibus
2349 5510 2767 5585 proprietatibus
2801 5512 3126 5581 subjectum,
3155 5512 3239 5565 vel
3261 5526 3520 5580 persona-

1950 5606 2056 5660 lcm
2103 5602 2509 5660 subsistentiam
2550 5604 2761 5657 auctori
2796 5611 2983 5658 nostro
3005 5600 3329 5671 significare,
3355 5617 3519 5671 quam

1950 5698 2170 5755 modum
2195 5695 2547 5764 subsistendi,
2576 5711 2735 5767 quem
2767 5694 3012 5752 Justinus
3040 5692 3264 5763 Martyr,
3322 5695 3524 5766 aliique
