4088 6284
470 362 575 417 543

1521 362 1578 417 S.
1621 363 2039 418 ALEXANDER
2072 363 2619 419 ALEXANDBINUS.

3569 367 3676 424 5M

466 469 641 532 Graeci
665 474 894 545 theologi
915 475 1002 527 τὸν
1034 474 1228 546 τρόπον
1250 476 1345 546 τῆς
1376 475 1678 546 ὑπάρξεως,
1727 477 1811 531 vel
1863 477 2023 532 etiam

2126 487 2332 550 terpres
2365 477 2568 533 recedit
2601 497 2612 531 :
2658 475 2928 547 Tanquam
2973 491 3062 545 per
3106 477 3295 546 ipsum,
3325 475 3459 531 velut
3486 478 3676 533 imma-

468 565 809 635 simpliciter,
848 564 943 634 τὴν
1001 562 1230 637 ὕπαρξιν
1283 567 1575 637 appellant.
1628 566 1706 620 lta
1764 568 2022 624 Joannem

465 656 854 726 evangelistam
902 656 1170 712 dicentem
1203 676 1217 712 :
1245 657 1310 720 In
1345 658 1599 727 principio
1632 668 1743 711 erat
1778 658 2022 725 Verbum,

467 755 523 803 et
585 746 761 799 omnia
820 762 912 817 per
963 749 1133 815 ipsum
1160 749 1327 819 facta
1375 758 1517 813 sunt,
1562 750 1658 822 τὴν
1729 753 2027 824 ἰδιότροπον

470 842 633 896 αὑτοῦ
665 841 979 908 ὑπόστασιν,
1002 844 1282 913 proprium
1324 841 1445 913 ejus
1495 845 1860 916 subsistentia:
1914 865 2029 905 mo-

468 932 618 997 dum,
644 934 778 1001 sive,
804 944 861 987 ut
886 932 1216 1003 Epiphanius
1239 936 1420 1001 vertit,
1449 938 1722 1007 propriam
1752 938 1869 1008 ejus
1898 941 2029 996 sub-

469 1024 724 1080 stantiam
767 1023 1079 1094 designasse
1100 1025 1176 1077 ait
1217 1043 1230 1077 :
1277 1024 1454 1094 ipsum
1501 1027 1710 1081 scilicet
1764 1026 2023 1092 Verbum,

467 1129 565 1188 per
589 1115 732 1187 quod
758 1115 896 1170 facta
925 1125 1051 1169 sunt
1081 1116 1285 1181 omnia,
1311 1116 1481 1172 fuisse
1500 1120 1814 1173 anteomnia
1837 1128 1889 1174 et
1907 1136 2028 1176 esse

467 1207 584 1264 sive
611 1207 909 1263 subsistere
947 1205 1222 1262 diversum
1254 1206 1384 1277 quid
1432 1223 1463 1262 a
1496 1208 1707 1264 caeteris
1733 1196 2022 1266 omnibus:

467 1313 631 1369 quam
662 1298 752 1351 ille
798 1296 1096 1366 signanter,
1149 1297 1445 1370 ίδιότροπον
1498 1297 1790 1352 ὑπόστασιν
1847 1306 2023 1353 vocat.

466 1389 677 1456 Quibus
725 1389 886 1459 paulo
943 1397 1065 1457 post
1121 1388 1419 1459 subjungit,
1468 1389 1726 1443 mundum
1764 1405 1829 1443 ex
1857 1390 2028 1444 nihilo

465 1476 823 1550 productum,
876 1475 1143 1548 νεωτέραν
1183 1475 1325 1544 ἔχειν
1386 1476 1486 1546 τῆς
1530 1476 1875 1540 ὑποστάσεως
1938 1478 2028 1531 καὶ

466 1569 776 1643 πρόσφατον
803 1569 1035 1637 γένεσιν,
1073 1570 1410 1623 recentiorem
1453 1569 1695 1623 habuisse
1732 1572 2025 1640 generatio-

468 1678 607 1726 nem,
634 1663 768 1726 sive,
798 1669 857 1715 ut
881 1659 1215 1730 Epiphanius
1241 1662 1307 1715 ad
1350 1660 1574 1715 verbum
1605 1660 1801 1726 reddit,
1856 1662 2028 1715 novel-

466 1752 575 1807 lam
592 1752 779 1806 habere
803 1753 1110 1807 substantia:
1138 1763 1488 1823 recentemque
1542 1753 1885 1806 nativitatem.
1926 1751 2027 1808 Ubi

2126 570 2359 623 calatum
2383 579 2432 623 et
2457 567 2683 622 animale
2713 568 2973 637 speculum
3003 567 3193 621 divina:
3241 566 3484 636 imaginis
3514 566 3677 622 Pater

2126 662 2521 731 conspiceretur.
2572 660 2697 716 Haec
2744 661 3084 730 interpretes.
3118 657 3359 726 Quorum
3406 661 3676 715 neminem

2127 753 2367 807 auctoris
2411 758 2645 807 mentem
2675 759 2988 821 penetrasse
3012 750 3372 819 praeﬁdenter,
3424 750 3520 806 sed
3550 765 3680 806 vere

2126 841 2499 897 aﬂirmaverim
2528 862 2541 897 :
2571 858 2691 897 cum
2722 842 3050 912 transposita
3072 842 3353 897 distinctio
3395 842 3679 913 glaucoma

2125 933 2262 1003 ipsis
2298 931 2568 987 offuderit.
2605 931 2711 987 Sed
2742 947 2864 987 cum
2893 947 2958 987 ex
2992 932 3097 986 levi
3137 933 3343 987 erroris
3391 933 3689 989 occasione

2125 1023 2342 1095 elegans
2370 1022 2672 1078 disserendi
2701 1024 2956 1077 materies
2988 1036 3046 1077 se
3073 1020 3287 1084 otl'erat,
3311 1020 3443 1076 illud
3474 1023 3683 1092 princi-

2127 1116 2216 1182 pio
2242 1114 2565 1177 monuerim,
2594 1112 3045 1183 quemadmodum
3072 1112 3463 1167 nobilissimam
3490 1112 3680 1168 Corin-

2127 1202 2225 1256 thii
2255 1202 2379 1257 aeris
2409 1203 2712 1267 tuisturam,
2743 1217 2810 1256 ex
2832 1202 2950 1255 auri
2980 1201 3315 1271 aliorumque
3340 1202 3683 1259 metallorum

2127 1295 2509 1364 colliquatione
2534 1301 2746 1349 enatam
2776 1300 2984 1349 veteres
3016 1292 3299 1363 prodidere
3333 1311 3346 1347 :
3378 1292 3451 1347 ita
3476 1309 3542 1348 ex
3577 1308 3677 1347 va-

2126 1387 2226 1441 riis
2256 1385 2561 1440 divinorum
2590 1386 2675 1440 elo
2695 1384 2928 1452 guiorum
2960 1382 3207 1439 conﬂatis
3232 1383 3372 1437 inter
3390 1398 3450 1439 se
3462 1391 3516 1438 et
3546 1398 3681 1441 con-

2128 1478 2419 1533 tessellatis
2453 1477 2608 1540 locis,
2659 1486 2912 1546 tanquam
2941 1491 3006 1531 ex
3036 1490 3170 1530 auro
3199 1476 3425 1545 probato
3454 1477 3681 1546 septies,

2128 1569 2548 1640 pulcherrimum
2576 1568 2725 1623 illum
2750 1575 2804 1624 et
2831 1583 2959 1624 vere
2980 1583 3200 1623 aureum
3230 1576 3539 1623 sanctorum
3574 1567 3679 1623 Pa-

2129 1669 2271 1714 trum
2295 1659 2549 1730 loquendi
2579 1660 2951 1713 characterem
2983 1658 3264 1713 exsistere.
3299 1657 3469 1724 Quem
3497 1660 3589 1729 qui
3621 1660 3679 1714 in

2128 1766 2310 1806 rerum
2332 1764 2606 1806 sacrarum
2633 1749 2953 1803 tractatione
2983 1749 3278 1818 negligunt,
3311 1748 3389 1802 illi
3438 1751 3678 1819 plerum-

464 1845 601 1900 nihil
632 1844 776 1899 aliud
807 1844 1157 1908 ὑποστάσεως
1184 1860 1315 1900 voce
1364 1813 1587 1914 intelligi
1635 1853 1834 1914 potest,
1863 1859 2024 1914 quam
2058 1813 2100 1870 Β
2127 1858 2231 1913 que
2248 1813 3248 1913 persuasibilibushumanaesapientite
3264 1813 3678 1912 verbis-turgidi,

466 1937 584 2008 ipsa
625 1936 855 2009 ὑπαρξις
876 1945 930 1991 et
959 1938 1296 1993 exsistentia.
1328 1935 1479 1991 Unde
1533 1953 1695 2006 quam
1741 1936 1900 1990 modo
1928 1936 2027 2007 τῆς

466 2028 812 2089 ὑποστάσεως
843 2027 1075 2095 γένεσιν,
1100 2027 1490 2093 productionem
1544 2027 1611 2079 ad
1669 2026 2026 2081 exsistendum

465 2119 623 2184 dixit,
648 2134 774 2174 mox
804 2119 1167 2189 aequipollenti
1201 2119 1464 2173 vocabulo
1490 2119 1744 2173 οὑσίωσιν
1770 2118 2023 2188 appellat.

465 2208 532 2262 Et
564 2210 752 2281 paucis
788 2209 1089 2280 interjectis
1146 2208 1267 2264 Filii
1326 2208 1590 2280 unigeniti
1643 2211 2026 2283 ἀνεκδιήγητον

465 2301 758 2355 ὑπόστασιν
788 2309 983 2369 vocat;
1019 2301 1085 2356 de
1110 2317 1215 2371 qua
1248 2302 1485 2372 Spiritus
1540 2311 1763 2358 sanctus
1793 2303 2025 2375 prephe—

465 2393 577 2447 tico
602 2394 822 2448 oraculo
869 2393 1078 2447 dixerat
1112 2411 1125 2446 -.
1156 2392 1265 2465 Τὴν
1319 2394 1511 2463 γενεὰν
1558 2393 1717 2448 αὑτοῦ
1775 2395 1855 2458 τίς
1908 2395 2026 2465 διη-

463 2480 725 2554 γῆσεται;
782 2481 1176 2536 Geuerationem
1226 2483 1339 2551 ejus
1391 2484 1508 2554 quis
1560 2484 1867 2540 enarrabit?
1925 2484 2024 2540 [lbi

467 2573 758 2627 ὑπόστασιν
792 2579 846 2626 et
866 2573 1057 2641 γενεάν
1092 2576 1398 2642 promiscue
1423 2588 1522 2643 pro
1570 2588 1679 2628 uno
1730 2575 2027 2646 eodemque

466 2663 598 2736 poni
629 2664 752 2734 quis
781 2679 890 2718 non
916 2663 1095 2718 videt?
1116 2665 1246 2729 Quae
1274 2664 1398 2719 licet
1421 2664 1475 2718 in
1502 2665 1702 2720 divinis
1741 2666 1851 2720 sint
1879 2667 2018 2721 inse-

466 2755 755 2827 parabilia,
788 2756 842 2809 in
872 2758 1082 2810 caeteris
1116 2764 1295 2810 tamen
1327 2760 1571 2828 γενητοῖς
1612 2757 1792 2825 γενεά,
1824 2760 1907 2811 via
1957 2758 2024 2823 rd

466 2845 765 2900 ὑπόστασιν
792 2861 913 2900 esse
946 2845 1178 2901 videtur.
1202 2844 1404 2901 Verum
1427 2858 1481 2902 et
1516 2847 1646 2902 illud
1674 2864 1741 2902 ex
1774 2848 1908 2904 locis
1940 2849 2027 2902 ha-

466 2946 664 2993 ctenus
697 2953 728 2992 a
772 2954 859 2994 me
888 2939 1168 3009 productis
1225 2956 1322 2996 vos
1372 2940 1715 3011 perspexisse
1767 2940 2021 3003 arbitror,

470 3029 829 3100 Epiphanium
854 3039 1086 3085 veterem
1124 3032 1491 3101 interpretem,
1536 3031 1737 3101 ubique
1793 3030 2026 3084 ὑποστά-

2126 1934 2443 1989 ostensione
2463 1940 2641 1988 autem
2694 1931 2921 2002 spiritus
2957 1939 3011 1985 et
3037 1929 3257 1985 virtutis
3301 1930 3566 1993 destituti,
3602 1947 3680 1989 aes

2125 2040 2344 2085 sonans,
2363 2034 2421 2078 ut
2435 2023 2675 2093 Apostoli
2693 2022 2871 2078 verbis
2884 2026 3022 2084 utar,
3037 2030 3088 2076 et
3102 2021 3403 2091 cymbalum
3416 2023 3677 2078 tinniens‘

2124 2118 2376 2174 evadunt.
2413 2116 2543 2171 Mihi
2598 2123 2776 2171 autem
2822 2116 2965 2169 inter
3001 2121 3194 2168 caetera
3223 2122 3530 2169 sant-torum
3573 2112 3677 2168 Pa-

2124 2217 2264 2263 trum
2300 2216 2666 2273 monumenta,
2697 2222 2817 2277 qua}
2837 2221 2983 2261 nunc
3012 2205 3079 2259 ad
3109 2220 3325 2259 manum
3380 2213 3505 2260 sunt
3547 2205 3677 2261 Alc-

2124 2301 2315 2355 xandri
2346 2300 2587 2370 epistolae
2607 2298 3027 2369 pulcherrimam
3055 2296 3391 2352 vermiculati
3437 2298 3523 2352 vel
3554 2313 3676 2352 mu-

2125 2393 2225 2449 sivi
2257 2393 2435 2463 operis
2467 2392 2699 2460 speciem
2732 2390 2934 2446 referre
2962 2389 3234 2443 videntur.
3280 2388 3356 2442 lta
3400 2390 3676 2459 perpetuis

2124 2497 2293 2538 sacrae
2334 2481 2626 2553 Scriptum
2667 2481 3004 2537 emblematis
3040 2482 3392 2536 interstincta;
3415 2482 3672 2536 relucent.

2123 2573 2277 2638 Quod
2306 2588 2415 2643 prae
2445 2573 2676 2637 caeteris,
2724 2571 2809 2626 vel
2866 2585 3009 2625 unus
3042 2570 3133 2625 hic
3179 2571 3332 2625 locus
3379 2562 3682 2626 luculenter

2123 2666 2381 2722 ostendit.
2412 2665 2546 2721 Cum
2589 2667 2732 2720 enim
2765 2663 3056 2735 Sapientia:
3106 2677 3227 2732 cap.
3270 2678 3369 2725 vn,
3404 2663 3545 2718 inter
3563 2664 3681 2718 alia

2124 2761 2402 2814 innumera
2431 2757 2623 2828 elogia,
2660 2755 2933 2827 Sapientia
2966 2753 3146 2807 divina
3177 2763 3398 2808 vocetur
3433 2754 3683 2824 ἀπαύγα-

2125 2866 2235 2917 σμα
2287 2850 2458 2918 φωτὸς
2515 2849 2705 2914 ἀῖδίου,
2764 2847 2857 2900 καὶ
2893 2845 3149 2915 ἔσοπτρον
3200 2845 3529 2916 ἀκηλίδωτον
3577 2847 3681 2918 τῆς

2121 2941 2214 2994 τοῦ
2268 2940 2400 2994 Θεοῦ
2458 2940 2753 3011 ἐνεργείας,
2815 2939 2909 2992 καὶ
2963 2936 3124 2990 εἰκὼν
3184 2937 3283 3007 τῆς
3348 2937 3680 3010 ἀγαθότητος

2123 3032 2284 3087 αὑτοῦ
2316 3049 2328 3061 ·
2354 3033 2457 3087 hoc
2492 3038 2595 3097 est,
2644 3030 2841 3085 candor
2886 3028 3018 3083 lucis
3061 3037 3301 3092 (sternte,
3329 3038 3381 3084 et
3413 3032 3679 3098 speculum

473 3137 614 3184 σεως
640 3136 846 3185 vocem,
879 3137 986 3175 non
1012 3122 1421 3178 subsistentiam
1451 3140 1517 3178 ex
1543 3131 1758 3192 recepta
1806 3133 2025 3178 sancto-
2054 3156 2096 3213 ρ
2127 3125 2238 3179 sine
2257 3124 2464 3177 macula
2502 3123 2594 3177 Dei
2620 3122 2937 3191 majestatis,
2959 3130 3008 3175 et
3030 3121 3202 3191 imago
3225 3119 3473 3176 bonitatis
3504 3122 3672 3188 illius,

470 3225 592 3265 rum
621 3210 835 3265 Patrum
868 3219 923 3265 et
959 3211 1170 3265 Scholaa'
1208 3212 1622 3278 consuetudine,
1657 3212 1751 3267 sed
1773 3212 2028 3267 substan-

468 3300 599 3353 tiam
628 3315 752 3353 cum
783 3299 996 3370 vulgato
1039 3300 1334 3357 Bibliorum
1381 3304 1671 3372 interprete
1711 3303 2026 3359 reddidisse.

468 3387 625 3445 Unde
644 3397 696 3444 et
723 3390 823 3444 hoc
845 3392 982 3457 loco,
1005 3392 1103 3458 τὰς
1125 3397 1191 3465 τῇ
1221 3395 1513 3448 ὑποστάσει
1532 3394 1623 3447 δύο
1646 3395 1853 3463 φύσεις,
1878 3394 2030 3450 subs-

468 3482 764 3537 tantiaﬁter
783 3480 917 3537 duas
936 3493 1154 3538 naturas
1173 3486 1364 3553 vertit;
1389 3486 1493 3540 hoc
1515 3494 1598 3541 est
1623 3501 1852 3556 quarum
1882 3494 2030 3541 utra-

467 3586 575 3641 que
603 3569 871 3626 diversam
901 3573 1260 3629 substantiam
1292 3574 1407 3631 sive
1434 3574 1769 3631 subsistendi
1809 3576 2027 3632 modum

468 3660 684 3719 habeat.

541 3752 721 3825 Atque
748 3759 863 3813 hac
894 3758 1111 3828 quidem
1145 3756 1211 3811 ad
1229 3755 1519 3821 diﬂicilem,
1545 3766 1598 3811 et
1623 3772 1746 3812 vere
1768 3754 2027 3812 Gordium

469 3844 636 3916 hujus
654 3850 894 3919 epistolae
924 3850 1149 3914 nodum,
1178 3850 1261 3905 vel
1292 3849 1632 3913 solvendum,
1661 3849 1744 3904 vel
1781 3849 2030 3905 scinden-

469 3935 600 3992 dum
632 3940 807 3995 attuli.
828 3941 958 4007 Quae
979 3956 1078 4011 ego
1103 3942 1408 3996 doctiorum
1448 3940 1653 4009 judicio
1676 3939 1873 3995 lubens
1907 3940 2032 3996 sub-

472 4030 646 4083 mitto.
673 4028 746 4085 De
770 4047 878 4102 quo
896 4032 1020 4087 loco
1053 4034 1099 4088 si
1120 4033 1243 4103 quis
1271 4031 1505 4104 certiora
1538 4046 1623 4086 me
1648 4029 1915 4096 docuerit,
1947 4046 2030 4086 me

472 4117 565 4174 ille
593 4135 839 4191 magnam
863 4122 965 4178 sibi
994 4124 1184 4194 gratiae
1211 4122 1512 4177 mercedem
1537 4120 1675 4192 apud
1698 4137 1783 4178 me
1814 4137 2031 4192 promea

471 4212 665 4265 ruerit.

545 4301 623 4357 Ex
660 4305 918 4374 praedicto
957 4302 1329 4370 divionannis
1372 4304 1491 4359 loco
1536 4307 1868 4377 probaturus
1906 4304 2030 4359 Ale-

469 4393 677 4450 xander
702 4393 897 4449 Filium
925 4394 1018 4449 Dei
1055 4409 1151 4464 per
1187 4394 1368 4449 omnia
1406 4396 1710 4464 exprimere
1739 4405 1793 4450 et
1826 4393 2029 4450 referre

2129 3216 2252 3286 quis
2271 3231 2377 3270 non
2405 3215 2548 3269 videt
2567 3214 2677 3269 divi
2716 3212 2869 3267 Pauli
2893 3215 3138 3284 exemplo
3161 3215 3337 3268 locum
3372 3213 3516 3268 hunc
3548 3214 3675 3268 inde

2128 3306 2266 3361 vivis
2321 3305 2593 3359 coloribus
2650 3303 3066 3358 adumbratum?
3110 3302 3275 3372 Cujus
3345 3318 3444 3374 ego
3505 3304 3672 3359 ductu

2128 3407 2181 3454 et
2207 3398 2484 3467 auspiciis,
2503 3397 2610 3451 duo
2632 3397 2719 3450 illa
2735 3396 2964 3466 epitheta
2997 3395 3199 3465 Speculi
3228 3393 3553 3465 ἀκηλιδώτου
3576 3396 3674 3451 καὶ

2128 3488 2392 3560 ἐμψύχου,
2422 3488 2561 3543 male
2583 3487 2650 3542 ab
2696 3485 3085 3556 interpretibus
3141 3486 3433 3554 conjuncta
3479 3484 3682 3540 distin-

2128 3580 2307 3635 ctione
2330 3579 2647 3650 interposita
2674 3577 2952 3632 diviserim
2978 3595 2992 3632 :
3022 3583 3076 3631 et
3127 3577 3396 3647 posterius
3429 3577 3496 3631 ad
3537 3576 3678 3631 divi-

2128 3686 2252 3727 nam
2282 3671 2567 3741 imaginem
2590 3668 2898 3725 retulerim:
2933 3667 3141 3740 Ὦσπερ
3165 3669 3230 3722 δι’
3257 3669 3517 3740 ἐσόπτρου
3542 3670 3679 3739 ἀκη-

2127 3761 2367 3827 λιδώτου,
2403 3762 2497 3816 καὶ
2529 3760 2768 3833 ἐμψύχου
2815 3758 2963 3822 θείας
3007 3759 3211 3822 εἰκόνος
3241 3758 3405 3812 αὑτοῦ
3447 3758 3679 3830 θεωρου-

2131 3857 2292 3926 μένου
2312 3854 2404 3908 τοῦ
2428 3854 2656 3925 Πατρόςο
2691 3852 2954 3918 Quoniam
2986 3867 3077 3921 per
3117 3852 3289 3920 ipsum
3311 3860 3557 3921 tanquam
3586 3867 3679 3919 per

2128 3947 2391 4017 speculum
2421 3945 2533 3999 sine
2551 3942 2779 4008 macula,
2802 3950 2854 3996 et
2880 3958 3055 4001 ueram
3081 3943 3187 3996 sive
3209 3941 3502 3995 animatum
3541 3940 3677 3995 divi-

2128 4056 2251 4094 nam
2277 4036 2557 4108 imaginem
2580 4036 2688 4103 ipse
2718 4034 2877 4088 etiam
2907 4033 3071 4088 Pater
3096 4033 3434 4103 conspicitur.
3466 4031 3675 4088 Etenim

2128 4147 2251 4187 cum
2282 4130 2571 4201 Apostolus
2595 4127 2661 4181 ad
2684 4125 2898 4182 Coloss.
2920 4140 2961 4188 ι,
2985 4140 3129 4180 vers.
3154 4124 3239 4187 15,
3284 4122 3475 4178 Filium
3496 4124 3679 4177 εἰκόνα.

2126 4220 2220 4275 τοῦ
2251 4218 2780 4293 ἀοράτου,ἱηια9ὶησηι
2813 4214 2911 4269 Dei
2945 4214 3218 4268 invisibilis
3253 4214 3594 4283 appellasset,
3622 4221 3679 4267 et

2127 4315 2291 4370 Arius
2317 4311 2557 4382 improbe
2577 4309 2642 4363 ad
2673 4306 3056 4363 stabiliendum
3113 4320 3353 4361 errorem
3391 4320 3551 4360 suum
3608 4319 3678 4360 eo

2131 4406 2251 4460 loco
2283 4404 2612 4467 abuteretur,
2640 4396 2872 4470 eleganti
2896 4411 3029 4452 sane
3048 4395 3307 4466 adjuncto
3339 4408 3529 4451 noster
3577 4409 3679 4448 au-

470 4483 646 4541 Patris
675 4494 947 4549 naturam,
978 4485 1206 4556 ejusque
1237 4484 1670 4556 ἀπαράλλακτον,
1709 4488 1827 4543 sine
1875 4487 2025 4541 iuva-

2128 4505 2246 4552 ctor
2295 4494 2555 4566 ἔμψυχον,
2600 4491 2715 4546 sive
2754 4489 3046 4542 auimatam
3091 4487 3376 4558 imaginem
3428 4484 3679 4541 eumdem

469 4581 662 4635 riatam
692 4582 979 4652 imaginem
1029 4582 1304 4649 exhibere,
1351 4581 1523 4651 ipsius
1571 4582 1768 4638 Christi
1812 4582 2026 4638 Domini

470 4672 652 4727 verbis
680 4687 747 4726 ex
777 4674 962 4729 eodem
993 4675 1320 4745 evangelista
1349 4675 1401 4729 id
1422 4671 1725 4737 conﬁrmat,
1759 4671 1862 4738 Qui
1891 4673 2026 4727 videt

470 4778 572 4827 me,
603 4764 736 4819 uidet
760 4776 809 4819 et
848 4765 1082 4832 Patrem,
1127 4774 1181 4822 et
1219 4766 1537 4837 subjungit:
1575 4766 1783 4837 Ὥσπερ
1817 4764 1884 4818 δι’
1910 4766 2023 4832 ,έσ-

465 4850 671 4926 6πτρου
702 4857 1028 4929 ἀκηλιδώτου
1062 4859 1154 4912 καὶ
1176 4857 1437 4930 ἐμψύχου,
1463 4856 1611 4921 θείας
1634 4857 1837 4920 εἰκόνος
1856 4856 2018 4910 αὑτοῦ

466 4943 839 5019 θεωρουμένου
888 4948 979 5003 τοῦ
1014 4951 1244 5022 Πατρός.
1282 4949 1713 5021 Quandoquidem
1739 4947 1901 5005 Pater
1929 4966 2021 5020 per

467 5038 641 5109 ipsum
678 5040 810 5093 uelut
830 5057 920 5111 per
945 5043 1208 5112 speculum
1247 5045 1585 5113 purissimum
1636 5042 1871 5113 idemque
1899 5043 2010 5096 ani-

470 5137 693 5194 matum,
752 5131 805 5185 in
850 5149 950 5202 quo
1001 5133 1095 5187 Dei
1142 5129 1466 5202 exprimitur'
1505 5145 1557 5190 et
1616 5137 1781 5191 elucet
1822 5137 2018 5206 imago,

470 5222 747 5292 manifeste
775 5225 1005 5277 cernitur
1034 5241 1052 5278 :
1087 5226 1159 5279 ita
1201 5242 1396 5297 magno
1444 5228 1733 5283 verborum
1762 5236 2021 5298 apparatu

470 5316 742 5385 interpres
764 5323 950 5370 noster
972 5316 1195 5388 Anglus.
1222 5316 1318 5373 Vel
1348 5327 1403 5373 ut
1436 5319 1765 5390 Epiphanius
1796 5321 1863 5375 ad
1906 5335 2023 5375 ver-

469 5404 600 5462 bum
631 5421 645 5456 :
680 5404 952 5474 Tanquam
970 5420 1060 5473 per
1079 5408 1338 5475 specu'um
1372 5409 1481 5461 sine
1510 5411 1737 5474 macula,
1796 5419 1847 5464 et
1906 5411 2023 5463 ani—

472 5507 691 5562 matum,
721 5512 813 5566 per
855 5496 1084 5550 diuinam
1113 5497 1225 5561 eius
1269 5499 1542 5569 imaginem
1589 5502 2025 5572 contemplaretur

473 5585 708 5642 Patrem.
733 5587 779 5639 A
807 5586 1002 5657 quibus
1057 5601 1156 5643 nec
1197 5587 1539 5646 Camerarius
1588 5591 1909 5649 Theodoreti
1940 5591 2024 5646 in.

545 5748 562 5805 ι
596 5745 627 5804 1
663 5739 784 5793 Cor.
826 5742 1017 5813 mhi.

2130 4590 2382 4664 appellat,
2400 4594 2458 4641 ut
2478 4582 2883 4642 similitudinem
2917 4579 3367 4650 perfectissimam
3392 4580 3533 4634 inter
3567 4577 3677 4632 Pa-

2127 4697 2265 4742 trem
2297 4682 2601 4751 Filiumque
2633 4674 3133 4749 signiﬁcantissima
3177 4687 3313 4728 voce
3352 4681 3540 4727 contra
3570 4671 3679 4725 hah

2126 4781 2420 4836 reticorum
2447 4772 2672 4827 oﬂ‘ucias
2726 4775 2965 4831 tueatur,
3029 4774 3085 4821 et
3135 4763 3310 4829 ζῶντα
3357 4763 3528 4832 Λόγον
3568 4760 3679 4815 ἀπὸ

2118 4869 2313 4937 ζῶντος
2358 4862 2569 4934 Harpe;
2589 4858 2855 4930 prodiisse
2893 4856 3105 4911 doceat.
3134 4854 3270 4910 Cum
3301 4855 3443 4909 enim
3478 4853 3676 4922 duplex

2119 4965 2191 5019 sit
2240 4960 2417 5027 imago
2450 4960 2508 5009 ut
2538 4949 2986 5009 scholasticorum
3025 4945 3415 5017 antesignanus
3452 4954 3606 5016 parte
3633 4959 3675 5009 r,

2119 5072 2173 5126 q.
2203 5052 2292 5115 '55,
2320 5056 2373 5104 et
2398 5047 2508 5116 jam
2535 5044 2664 5099 olim
2692 5040 3024 5112 Epiphanius
3057 5039 3115 5093 in
3146 5037 3535 5092 Anommorum
3564 5036 3679 5092 ba:-

2119 5145 2249 5208 resi,
2280 5156 2399 5210 cap.
2434 5139 2488 5201 5,
2520 5137 2703 5191 docuit
2730 5152 2743 5188 :
2768 5134 2937 5187 altera
2969 5132 3025 5185 in
3071 5144 3132 5185 re
3171 5130 3419 5200 ejusdem
3441 5138 3672 5195 natum,

2123 5242 2182 5289 ut
2215 5234 2392 5301 imago
2416 5228 2579 5298 Regis
2628 5227 2685 5281 in
2721 5222 2890 5289 Filio;
2919 5224 3090 5278 altera
3130 5222 3187 5276 in
3224 5237 3285 5275 re
3320 5221 3546 5275 diversa:
3572 5235 3676 5273 na-

2120 5331 2255 5376 turae
2281 5331 2559 5391 expressa,
2591 5314 2768 5385 qualis
2795 5319 2880 5367 est
2920 5312 3095 5381 imago
3132 5309 3399 5381 principis
3422 5311 3477 5364 in
3507 5324 3674 5364 num-

2122 5428 2231 5475 mo,
2290 5410 2376 5465 vel
2427 5406 2629 5470 tabula,
2676 5411 2769 5458 aut
2824 5411 3023 5458 statua.
3083 5401 3227 5467 Sive,
3270 5411 3329 5455 ut
3384 5398 3675 5472 Epiphanii

2119 5500 2301 5555 verbis
2323 5505 2467 5562 utar,
2510 5497 2698 5560 altera,
2727 5493 2815 5548 διὰ
2845 5493 2946 5563 τῆς
2974 5493 3294 5563 γεννητικῆς
3323 5491 3675 5563 ὁμοουσιότη-

2122 5607 2230 5656 τος,
2262 5589 2430 5644 altera
2459 5586 2548 5641 διὰ
2575 5586 2877 5657 χρωμάτων
2898 5585 3241 5655 εἰκαζομένη,
3277 5586 3356 5639 vel
3386 5598 3482 5653 per
3509 5582 3677 5637 aliam
