4088 6284
389 354 494 403 545

1828 364 2126 422 NOTITIA.

3516 386 3622 443 διο

387 478 772 536 quamcunque
839 471 1120 525 materiam
1201 471 1512 540 diversam,
1583 487 1636 533 et
1695 481 1908 552 ἀνομοοι

2012 484 2366 574 LAlexander
2400 485 2595 544 Filium
2626 489 2718 545 Dei
2760 493 3001 565 ἔμψυχον
3048 497 3195 552 θείαν
3233 501 3414 554 εἰκόνα
3441 509 3625 574 appel-

386 572 500 608 σιον
547 572 842 627 expressa,
905 562 1066 617 Arius
1125 567 1350 638 ejusque
1402 577 1698 626 sectatores
1748 571 1944 628 Filium

381 644 563 700 Patris
617 649 906 721 imaginem
957 659 1244 726 posteriori
1303 661 1462 715 modo
1509 664 1840 727 intellexere,
1889 676 1948 721 ut

380 738 614 794 diversa:
646 757 674 795 a
709 741 870 800 Patre
901 757 1106 804 natura;
1136 766 1258 805 eum
1288 768 1409 808 esse
1450 756 1778 813 evincerent.
1804 759 1944 827 Quin

379 832 493 886 imo
537 832 638 892 hoc
686 835 804 904 ipso
857 836 1052 894 Filium
1112 844 1372 900 minorem
1439 847 1598 904 Patre
1657 853 1946 909 ostendere

371 931 560 984 conati
593 940 738 995 sunt,
768 935 894 1004 quia
927 936 1100 995 Patris
1133 941 1309 1012 imago
1335 955 1576 1000 vocatur.
1612 945 1684 1001 Ita
1722 947 1946 1004 Marce'-

377 1021 465 1077 lus
500 1023 642 1093 apud
693 1023 980 1082 Eusebium
1012 1030 1148 1085 libro
1183 1049 1222 1095 ι,
1254 1049 1316 1088 ex
1359 1035 1560 1091 Asterii
1591 1049 1769 1095 mente
1795 1041 1938 1096 aliir—

373 1123 510 1180 mat,
543 1115 790 1170 τοσοῦτον
819 1119 909 1174 τὸν
930 1120 1058 1174 Θεὸν
1083 1123 1174 1176 τοῦ
1193 1126 1363 1195 Λόγου
1384 1128 1677 1200 διαφέρειν,
1703 1133 1823 1186 ὅσον
1850 1135 1940 1187 καὶ

369 1205 655 1278 ἄνθρωπος
683 1211 780 1281 τῆς
823 1212 1014 1266 ἑαυτοῦ
1058 1216 1264 1281 εἰκόνος
1308 1219 1581 1292 διαφέρειν
1617 1223 1796 1278 δοκεῖ’
1833 1226 1936 1281 hoc

371 1307 459 1354 est
497 1313 511 1350 :
547 1298 688 1354 Deus
719 1301 772 1354 in
807 1311 1008 1357 tantum
1053 1322 1086 1359 a
1141 1307 1303 1362 Verbo
1338 1327 1433 1363 suo
1472 1313 1683 1380 di/ferre
1713 1315 1932 1378 videtur,

368 1390 426 1443 in
459 1400 708 1461 quantum
735 1393 886 1448 homo
926 1395 990 1449 ab
1041 1399 1269 1468 imagine
1305 1419 1423 1457 sua.
1456 1405 1600 1459 ldem
1649 1407 1934 1464 Marcellus

367 1483 694 1538 catholicam
761 1487 959 1542 Asterii
1033 1492 1392 1548 assertionem
1460 1497 1760 1566 exagitans,
1826 1516 1931 1571 qua

366 1571 606 1628 V'crbum
660 1578 978 1632 invari'atam
1047 1579 1221 1638 Patris
1279 1584 1566 1655 imaginem
1624 1588 1932 1647 afﬁrmave-

367 1675 472 1726 rat,
511 1668 694 1722 multis
748 1669 1133 1739 debacchatur,
1189 1691 1309 1745 qua:
1351 1684 1405 1730 et
1446 1680 1586 1748 apud
1637 1679 1927 1737 Eusebium

363 1767 423 1810 et
470 1756 826 1827 Epiphanium
894 1762 1088 1819 haeresi
1147 1779 1297 1820 Lxxu
1345 1782 1411 1822 ex
1474 1770 1674 1826 Acacio
1724 1773 1930 1829 haben-

2059 573 2151 635 lct,
2205 582 2258 628 et
2287 591 2446 644 quam
2479 594 2540 632 ea
2576 596 2676 634 vox
2710 585 2843 638 nihil
2878 587 3079 642 humile
3108 597 3160 643 et
3197 573 3487 661 indignum,
3514 573 3626 651 Deo

2054 667 2298 735 tribuat;
2333 671 2427 724 sed
2453 687 2740 739 summam,
2773 687 2826 731 et
2849 679 2914 732 ad
2931 681 3108 733 vivum
3133 696 3444 751 expressam
3461 695 3625 741 natu-

2053 774 2126 812 rae
2156 761 2451 832 gloriaeque
2465 774 2702 834 paternae
2723 768 3135 826 similitudinem
3166 775 3324 831 nobis
3350 777 3621 848 designet.

2123 849 2251 904 Eam
2281 868 2443 922 porro
2469 871 2657 911 vocem
2690 874 2754 912 ex
2788 861 2965 914 medio
2995 859 3216 918 Graeciae
3248 883 3348 921 usu
3395 868 3619 924 desum-

2049 950 2218 1010 ptam,
2264 946 2449 1000 nescio
2481 949 2637 1018 cujus
2673 935 2870 1005 veteris
2900 955 3140 1010 auctoris
3172 959 3442 1012 sententia
3473 961 3616 1031 apud

2051 1031 2324 1090 Stobaeum
2368 1045 2621 1107 testatur,
2683 1044 2770 1097 cui
2819 1059 2911 1098 rex
2972 1044 3210 1119 ἔμψυχος
3260 1049 3422 1104 εἰκὼν
3481 1053 3615 1106 Θεοῦ

2047 1125 2270 1184 dicitur.
2316 1130 2391 1183 lta
2434 1130 2712 1201 Longinus
2751 1137 3040 1192 notissimo
3083 1140 3176 1194 illo
3221 1141 3396 1211 elogio
3428 1142 3614 1197 Euna-

2043 1217 2118 1287 pii
2167 1237 2179 1271 :
2229 1219 2550 1292 Βιϐλιοθήκη
2599 1224 2836 1296 ἔμψυχος
2881 1229 2974 1280 καὶ
3020 1229 3352 1297 περιπατοῦν
3401 1236 3614 1302 μουσεῖ-

2041 1323 2120 1360 ον.
2172 1307 2238 1360 Et
2298 1307 2587 1367 Marcellus
2655 1313 2873 1369 Arcadii
2939 1317 3284 1387 imperatoris
3329 1323 3608 1391 magister,

2043 1392 2226 1450 Suidze
2286 1397 2685 1470 lexicographo,
2749 1404 2930 1460 minus
2954 1405 3091 1462 forte
3142 1418 3296 1474 noto,
3347 1414 3441 1466 sed
3493 1430 3607 1469 non

2038 1487 2220 1576 minus
2247 1489 2476 1559 eleganti
2502 1494 2751 1548 encomio
2779 1513 2791 1549 :
2820 1495 3030 1566 Κόσμος
3052 1499 3252 1572 ἀρετῆς
3281 1503 3518 1574 ἁπάσης,
3548 1506 3607 1576 ἢ,

2037 1575 2096 1627 τό
2115 1593 2177 1644 γε
2199 1579 2634 1652 ἁρμονικὼτερον
2662 1585 2852 1650 εἰπεῖν,
2878 1587 3044 1658 ἀρετή
3075 1606 3158 1651 τις
3191 1589 3447 1661 ἔμψυχος·
3477 1593 3606 1648 0m-

2036 1669 2117 1720 nis
2148 1669 2355 1724 uirtutis
2392 1685 2777 1738 ornamentum,
2812 1679 2888 1730 vel
2928 1680 3101 1746 potius
3141 1669 3256 1734 viva
3288 1693 3335 1735 et
3366 1685 3603 1740 animata

2033 1760 2273 1828 quieti-am
2316 1764 2499 1819 virtus.
2553 1767 2771 1824 Graecas
2822 1770 2984 1825 hasce
3029 1775 3296 1829 sermonis
3351 1776 3602 1834 lauticias

361 1856 473 1903 tur.
518 1849 620 1905 Sed
667 1851 883 1909 fanatici
942 1855 1174 1912 hominis
1227 1858 1416 1914 deliria
1475 1863 1750 1932 castigans
1789 1866 1908 1918 Aca-

2033 1851 2266 1908 feliciter
2306 1869 2694 1925 expresserunt
2743 1860 2944 1916 Latini.
2990 1862 3131 1928 Quid
3164 1867 3308 1920 enim
3339 1869 3600 1936 spirantia

362 1943 484 1996 cius
525 1962 536 1996 :
585 1962 602 1994 ι
649 1943 763 2011 Τιι,
807 1947 1015 2016 inquit,
1054 1947 1147 2004 Dei
1207 1951 1495 2021 imaginem
1549 1955 1723 2026 ἀζωῖᾳ
1776 1975 1924 2029 περι-

359 2033 596 2107 γράψας,
637 2037 773 2102 sive,
827 2039 929 2092 vita
967 2041 1082 2102 ipsa
1123 2041 1356 2109 privans,
1396 2059 1568 2113 neque
1615 2043 1919 2113 Dominum,

363 2140 538 2195 neque
596 2126 764 2182 Deum
807 2145 928 2186 esse
972 2134 1257 2210 concedis;
1294 2135 1386 2189 sed
1431 2136 1759 2190 immobilem
1790 2138 1923 2192 dun-

359 2227 508 2273 taxat
539 2219 848 2292 imaginem,
891 2226 1050 2278 οἱονεὶ
1078 2215 1280 2296 ἄψυχον
1312 2225 1405 2280 καὶ
1430 2225 1622 2291 ᾶζωον,
1653 2233 1712 2281 ιιι
1739 2227 1920 2283 anima

359 2312 576 2382 vitaque
607 2313 918 2370 destitutam
963 2337 975 2373 :
1008 2317 1240 2374 viventis
1287 2327 1466 2374 autem
1499 2319 1767 2374 viventem
1823 2319 1918 2375 Dei

361 2401 645 2474 imaginem
700 2423 821 2462 esse
876 2424 1059 2480 negas.
1110 2409 1253 2466 ldem
1312 2427 1529 2482 quoque
1581 2411 1917 2484 Epiphanius

359 2495 484 2549 haer.
523 2512 706 2562 Luxu,
765 2511 953 2554 contra
1003 2502 1216 2556 Aetium
1279 2501 1666 2558 Anommorum
1714 2505 1917 2574 princi-

353 2602 497 2658 pem,
525 2586 717 2642 Filium
773 2607 837 2644 ex
886 2589 1045 2646 Patre
1089 2600 1274 2646 natum
1310 2595 1607 2658 contendit,
1643 2602 1702 2648 ut
1746 2594 1912 2650 Deum

352 2682 420 2736 de
454 2679 581 2742 Deo,
615 2682 794 2736 lumen
840 2682 908 2736 de
947 2683 1170 2748 lumine,
1213 2686 1473 2754 aequalem
1521 2701 1614 2754 per
1652 2688 1832 2740 omnia
1863 2697 1914 2742 et

353 2774 867 2830 consubstantialem
883 2773 1059 2842 Patri;
1085 2775 1262 2844 cujus,
1289 2776 1484 2845 inquit,
1509 2777 1687 2846 imago
1714 2787 1796 2833 est
1813 2780 1911 2832 οὐκ

354 2863 574 2933 ἄψυχος,
627 2865 761 2918 ἀλλὰ
803 2865 1010 2937 Πατρὸς
1060 2865 1537 2938 χαρακτηρίζουσα
1589 2869 1773 2934 γένος·
1807 2885 1909 2922 non

348 2971 529 3023 ea‘pers
552 2959 760 3021 animm,
797 2957 884 3012 sed
933 2965 1208 3027 paternum
1243 2974 1401 3029 genus
1447 2959 1758 3027 exprimens.
1783 2959 1907 3015 Hazc

349 3047 700 3118 Epiphanius.
757 3049 940 3121 Neque
992 3051 1243 3106 dissentit
1291 3049 1582 3118 Eusebius,
1641 3053 1732 3122 qui
1780 3069 1903 3108 cum

349 3145 485 3198 libro
530 3161 567 3198 ιι
621 3146 912 3215 Tlteologite
970 3145 1152 3199 eccles.
1204 3145 1353 3200 varia
1405 3145 1720 3214 protulisset
1762 3146 1900 3210 loca,

2026 1945 2197 2014 signa,
2227 1955 2281 1999 et
2313 1950 2571 2016 spirantia
2603 1952 2812 2007 mollius
2843 1972 2975 2020 trra,
3020 1964 3074 2010 et
3108 1958 3204 2010 vivi
3232 1958 3293 2012 de
3336 1978 3599 2019 marmore

2023 2037 2196 2091 uultus
2255 2038 2538 2095 Maronis?
2594 2042 2734 2108 Quid
2792 2044 3082 2116 Propertii,
3145 2050 3314 2104 vivida
3376 2065 3425 2108 et
3478 2060 3596 2110 ani-

2019 2145 2169 2200 mosa
2219 2131 2418 2200 signa?
2479 2131 2617 2198 Quid
2676 2137 2947 2190 Ammiani
3001 2142 3264 2207 spirantia
3325 2146 3596 2215 signorum

2021 2220 2290 2290 ﬁgmenta,
2335 2224 2436 2278 nisi
2495 2225 2746 2297 ἔμψυχαῖ
2797 2226 2903 2282 Sed
2955 2239 3172 2299 portum
3214 2234 3282 2290 de
3344 2239 3593 2306 proximo

2019 2315 2313 2384 prospicio,
2338 2332 2498 2386 quem
2537 2319 2752 2386 subibo,
2790 2321 2836 2375 si
2867 2337 2930 2376 ex
2962 2325 3128 2380 variis
3159 2341 3280 2396 qua:
3303 2329 3404 2383 sub
3429 2329 3591 2397 linem

2019 2406 2180 2474 hujus
2207 2409 2452 2477 epistolae
2491 2411 2760 2481 interpres
2792 2422 2999 2481 peccat,
3031 2433 3196 2471 unum
3233 2419 3410 2476 adhuc
3435 2423 3590 2478 addi-

2016 2496 2166 2553 dero.
2187 2498 2508 2565 Alexander,
2530 2509 2590 2554 ιιι
2622 2502 2999 2558 luereticorum
3032 2509 3399 2566 curiositatem
3435 2513 3589 2569 freno

2015 2588 2212 2657 injecto
2251 2599 2582 2660 compescat,
2621 2593 2917 2648 ὑπόστασιν
2942 2594 3084 2661 Filii,
3134 2599 3249 2653 sive
3287 2603 3586 2659 exsislendi

2013 2683 2252 2749 modum,
2287 2691 2345 2736 ut
2373 2685 2506 2748 dixi,
2535 2685 2682 2758 πάσῃ
2716 2689 2781 2758 τῇ
2817 2691 3017 2759 γενητῇ
3057 2689 3215 2758 φύσει
3244 2693 3587 2764 impervesti-

2013 2771 2241 2841 gabilem
2270 2777 2494 2840 asserit;
2532 2793 2705 2845 neque
2725 2779 2824 2849 τὴν
2846 2779 2954 2832 τῶν
2979 2779 3211 2848 λογικῶν
3248 2785 3410 2852 φύσιν
3432 2801 3586 2842 com-

2010 2864 2346 2933 prehendere
2387 2883 2548 2937 posse
2603 2871 2880 2939 quomodo
2913 2869 3074 2926 Pater
3113 2876 3299 2943 genuit
3323 2875 3580 2937 Verbum.

2010 2957 2071 3011 In
2129 2967 2360 3028 utroque
2417 2961 2782 3016 hallucinatur
2832 2979 3005 3020 novus
3052 2977 3238 3023 noster
3287 2969 3578 3042 interpres.

2007 3047 2246 3104 Primum
2296 3053 2510 3122 quidem
2541 3054 2688 3124 quod
2746 3055 2844 3126 τὴν
2877 3056 3108 3129 γενητὴν
3147 3059 3326 3128 φύσιν,
3372 3061 3438 3118 de
3468 3080 3577 3134 qua

2009 3144 2260 3213 superius
2277 3145 2381 3214 egi,
2402 3155 2644 3200 naturam
2663 3148 2937 3202 mortalem
2960 3149 3212 3206 reddidit.
3229 3151 3414 3224 Neque
3433 3160 3574 3211 enim

343 3254 464 3308 qua:
491 3237 668 3294 Patris
697 3240 1031 3294 divinitatem
1078 3239 1415 3310 gloriamque
1455 3233 1902 3309 praedicant,ad-
1931 3231 1972 3289 C
2007 3242 2115 3287 tam
2151 3236 2400 3306 angustis
2450 3238 2712 3295 limitibus
2755 3249 2935 3295 creata
2987 3250 3182 3298 natura
3227 3245 3575 3303 circumscri-

345 3332 423 3384 dit
454 3330 668 3394 deinde,
696 3331 887 3385 horum
917 3331 1159 3385 omnium
1201 3331 1537 3400 unigenitum
1582 3330 1672 3384 Dei
1707 3331 1904 3385 Filium

347 3419 632 3489 imaginem
690 3419 1034 3486 cogitandum
1084 3436 1205 3475 esse
1237 3438 1250 3471 :
1287 3422 1397 3490 Οὐχ
1445 3421 1518 3484 ὡς
1543 3421 1732 3492 ἀψύχῳ
1781 3421 1902 3494 ὕλῃ,

343 3506 453 3559 ἀλλ’
481 3508 555 3572 ὡς
585 3511 642 3562 ὲν
675 3508 788 3579 Υἱῷ
817 3508 976 3573 ζῶντι
1016 3510 1472 3580 μεμορφωμένην.
1504 3509 1625 3564 Νοη
1653 3519 1903 3580 tanquam

343 3602 396 3655 in
431 3604 651 3656 materia
678 3604 920 3664 inanimi,
955 3603 1044 3656 sed
1076 3613 1132 3655 ut
1174 3604 1227 3656 in
1270 3601 1414 3656 Filio
1444 3604 1636 3657 virente
1688 3619 1900 3672 expres-

340 3710 474 3748 sam.
519 3694 725 3760 Quibus
766 3695 944 3749 verbis
973 3694 1186 3764 egregie
1208 3693 1782 3764 duplexillaimaginis
1814 3710 1902 3748 ra-

343 3787 418 3839 tio
440 3802 504 3840 ex
531 3785 836 3856 Epiphanio
864 3794 918 3840 et
946 3785 1008 3838 Ι).
1026 3785 1232 3838 Thoma
1264 3801 1292 3838 a
1324 3788 1480 3841 nobis
1501 3789 1778 3856 proposita
1807 3803 1902 3842 ex-

340 3881 571 3948 plicatur
600 3895 612 3929 :
636 3893 864 3948 quarum
893 3879 1060 3931 altera
1089 3877 1312 3947 ἄψυχος,
1345 3895 1411 3932 ex
1454 3880 1636 3933 Acacii
1663 3887 1715 3933 et
1740 3879 1901 3934 Euse-

339 3970 412 4024 bii
435 3971 635 4034 verbis,
665 3970 830 4024 altera
865 3966 1015 4033 ζῶσα
1045 3969 1137 4022 καὶ
1168 3968 1426 4049 ἔμῲοχος,
1476 3986 1543 4024 ex
1597 3979 1843 4026 correcta
1867 3988 1898 4026 a

338 4064 495 4119 nobis
544 4062 838 4117 Alexandri
892 4064 1010 4117 loco
1062 4063 1243 4115 vocari
1291 4063 1508 4132 poterit.
1546 4062 1685 4128 Quin
1732 4065 1894 4118 etiam

336 4172 400 4211 ex
451 4159 568 4226 ipso
597 4156 832 4212 Eusebio
862 4157 1001 4210 libro
1031 4172 1048 4210 ι
1085 4165 1272 4209 contra
1325 4155 1632 4210 Marcellum
1657 4155 1892 4227 Ancyra-

335 4265 479 4310 num,
513 4248 603 4302 ubi
630 4247 1066 4302 commemoratis
1084 4247 1202 4315 ejus
1223 4247 1450 4311 deliriis,
1479 4263 1707 4317 quorum
1737 4247 1895 4303 modo

333 4341 698 4402 meminimus,
730 4339 1000 4393 hominem
1034 4339 1187 4394 valde
1217 4340 1468 4394 caacutire
1500 4340 1596 4403 ait,
1628 4355 1727 4394 nec
1758 4354 1892 4394 con-

332 4433 571 4488 sulerare
601 4452 614 4487 :
644 4432 718 4495 ὡς
737 4433 830 4485 καὶ
851 4434 878 4484 ὁ
911 4431 1036 4495 Υἱὸς
1062 4430 1282 4484 δύναται
1301 4430 1539 4502 ἔμψυχός
1573 4449 1701 4485 ποτε
1732 4433 1892 4488 εἰκὼν

334 4526 465 4580 ἰδίου
494 4525 702 4597 Πατρὸς
725 4523 974 4594 λεχθῆναι
1013 4543 1025 4578 :
1060 4523 1223 4578 Posse
1271 4525 1430 4576 etiam
1471 4523 1672 4578 Filium
1724 4526 1890 4580 vivam

329 4614 508 4668 Patris
526 4615 804 4684 imaginem
833 4613 956 4680 dici,
975 4629 1091 4666 cum
1115 4613 1181 4666 sit
1213 4611 1367 4666 Patri
1387 4629 1542 4682 quam
1561 4614 1885 4672 simillimus.

329 4707 501 4773 Quam
540 4708 627 4762 ille
658 4707 978 4762 sententiam
1025 4706 1196 4760 multo
1225 4707 1503 4776 copiosius
1532 4708 1768 4777 explicat
1791 4708 1885 4762 lib.

330 4804 578 4868 vaang.
625 4802 940 4862 demonstr.,
972 4796 1146 4865 capite
1185 4796 1240 4858 4,
1266 4796 1355 4850 ubi
1397 4795 1574 4863 docet,
1603 4798 1762 4852 sicuti
1801 4813 1888 4853 re-

250 4898 252 4900 ”
325 4892 406 4961 gis
440 4891 728 4959 imaginem
764 4896 982 4959 propter
1022 4889 1197 4958 ipsum
1223 4904 1402 4959 regem
1438 4905 1780 4954 veneramur,
1812 4890 1887 4943 ita

326 4983 491 5038 etiam
523 4981 720 5036 F-ilium
759 4981 1095 5052 unigenitum
1136 4981 1350 5036 unicam
1393 4981 1485 5036 Dei
1530 4982 1707 5038 Patris
1744 4983 1886 5037 invi-

325 5077 500 5133 sibilis
549 5076 855 5146 imaginem,
896 5071 1121 5128 Deitatis
1168 5073 1373 5128 honore
1424 5073 1876 5144 prosequendum,

325 5178 528 5240 utpote,
555 5170 648 5239 qui
701 5175 894 5221 natura
932 5164 1074 5221 Deus
1106 5174 1191 5221 est
1231 5167 1298 5222 de
1335 5166 1466 5230 Deo,
1500 5167 1591 5219 καὶ
1642 5165 1710 5219 δι’
1757 5165 1879 5218 ὅλου

326 5261 483 5328 σώζει
509 5261 601 5314 τοῦ
637 5261 794 5332 μόνου
831 5257 965 5312 Θεοῦ
994 5256 1089 5329 τὴν
1105 5257 1338 5329 ἔμψυχον
1369 5259 1460 5312 καὶ¹
1487 5257 1663 5322 ζῶσαν
1692 5256 1878 5328 γοερὰν

323 5355 524 5419 εἰκόνα,
568 5353 708 5407 κατὰ
748 5353 924 5406 πάντα
952 5350 1031 5420 τῷ
1069 5348 1244 5421 Πατρὶ
1277 5351 1766 5423 παρωμοιωμένην·
1811 5347 1876 5401 Et

323 5461 411 5516 per
441 5447 618 5500 omnia
647 5444 743 5499 Dei
767 5444 946 5499 Patris
991 5446 1280 5500 animatum
1309 5454 1356 5498 et
1394 5445 1581 5506 uiuam,
1611 5451 1659 5497 et
1683 5441 1878 5496 intelli-

322 5549 519 5610 gentem
553 5539 849 5609 imaginem,
890 5535 1142 5606 Patrique
1190 5539 1244 5590 iu
1278 5533 1514 5589 omnibus
1547 5533 1874 5588 simillimam

321 5641 610 5689 conservat.
640 5631 867 5700 Videtis,
905 5633 958 5688 ni
993 5632 1168 5698 fallor,
1200 5629 1496 5686 auditores.
1534 5640 1696 5695 quam
1737 5625 1876 5680 bene

2006 3327 2203 3394 benda,
2229 3343 2351 3382 cum
2380 3338 2433 3384 et
2459 3332 2634 3401 angeli
2675 3333 2788 3386 sint
2824 3335 3040 3403 γενητοὶ
3069 3337 3182 3391 sive
3214 3340 3401 3404 creati,
3435 3357 3574 3410 quos

2005 3423 2186 3471 tamen
2250 3420 2505 3474 mortales
2557 3436 2682 3474 cum
2743 3422 2950 3476 saniori
2997 3422 3373 3496 theologorum
3419 3441 3573 3499 parte

2005 3507 2427 3577 haudquaquam
2465 3510 2872 3578 appellaverim.
2924 3510 3110 3582 Neque
3154 3517 3348 3571 melius
3393 3517 3449 3572 in
3485 3535 3572 3574 se-

2003 3600 2182 3654 cundo
2237 3601 2476 3654 membro
2507 3603 2538 3671 ἡ
2570 3600 2675 3654 τῶν
2717 3601 2950 3670 λογικῶν
2995 3605 3178 3674 φύσις.
3224 3615 3418 3663 natura
3469 3591 3576 3666 hu;

2003 3706 2161 3746 mana
2188 3692 2525 3763 rationisque
2559 3695 2828 3764 particeps
2851 3697 3174 3766 explicatur.
3208 3698 3323 3753 Nisi
3355 3703 3477 3770 quis
3508 3703 3568 3757 ἓν

2001 3782 2087 3836 διὰ
2115 3783 2259 3836 δυοῖν
2309 3784 2652 3854 interpretem
2702 3785 2976 3842 addidisse
3006 3788 3295 3843 existimet.
3328 3789 3469 3847 Sane
3497 3795 3565 3849 ad

2000 3883 2248 3929 naturam
2299 3875 2408 3928 τῶν
2455 3875 2688 3946 λογικῶν
2756 3880 2919 3932 etiam
2965 3882 3208 3950 angelos,
3254 3891 3308 3937 et
3343 3885 3563 3953 quidem

2000 3968 2272 4037 praecipuo
2301 3967 2424 4036 jure
2455 3969 2725 4038 pertinere
2784 3971 2908 4040 quis
2954 3972 3203 4027 dubitet?
3239 3976 3446 4040 Quibus
3481 3987 3561 4032 ta-

2000 4074 2120 4112 men
2159 4075 2309 4128 aeque
2362 4074 2425 4113 ac
2465 4059 2791 4127 hominibus,
2837 4062 3031 4118 divinae
3067 4067 3432 4135 generationis
3473 4085 3562 4122 ar-

1997 4163 2192 4202 canum
2247 4149 2488 4220 ignotum
2515 4158 2569 4204 et
2621 4151 2894 4206 ineffabile
2937 4168 3076 4216 esse,
3126 4163 3356 4211 testatur
3395 4159 3559 4213 etiam

1997 4242 2112 4309 ipse
2175 4240 2477 4296 Alexander
2540 4245 2809 4312 superius.
2872 4242 3136 4315 Unigeniti
3195 4247 3556 4315 subsistentia,

1997 4333 2192 4402 inquit,
2223 4350 2323 4386 non
2355 4335 2525 4386 solum
2547 4337 2983 4405 evangelistarum
3009 4337 3305 4404 solertiam,
3327 4338 3417 4392 sed
3447 4341 3557 4409 [or-

1995 4425 2154 4478 tassis
2210 4425 2368 4479 etiam
2424 4427 2729 4496 angelorum
2783 4429 3099 4481 intellectum
3150 4441 3382 4499 superat.
3449 4431 3554 4487 Sed

1993 4516 2136 4584 quod
2168 4528 2352 4571 noster
2384 4519 2437 4570 in
2463 4519 2628 4571 dubio
2664 4519 2970 4589 relinquere
3003 4520 3240 4584 videtur,
3287 4522 3338 4574 id
3367 4523 3550 4578 caeteri

1993 4606 2182 4664 Patres
2228 4610 2471 4664 disertim
2511 4619 2564 4664 et
2601 4619 2917 4666 constanter
2961 4611 3252 4668 afﬁrmant.
3290 4612 3356 4666 Et
3407 4631 3554 4670 nunc

1990 4702 2210 4771 quidem
2245 4719 2310 4757 ex
2346 4701 2550 4757 Graecis
2591 4718 2730 4756 unus
2758 4703 2890 4757 mihi
2935 4702 3199 4758 Eusebius
3239 4706 3552 4762 testimonio

1989 4795 2225 4849 dicundo
2269 4795 2433 4850 adsit.
2473 4795 2521 4850 Is
2558 4794 2696 4848 lib.t
2740 4794 2916 4849 Theol.
2952 4797 3102 4862 eccl.,
3142 4811 3260 4866 cap.
3296 4798 3383 4865 12,
3416 4797 3551 4854 Uni-

1989 4888 2154 4957 geniti
2195 4889 2598 4958 generationem
2628 4903 2736 4941 non
2771 4889 2932 4943 nobis
2982 4889 3156 4944 Solum
3208 4890 3550 4960 impervesti-

1984 4981 2219 5050 gabilem
2260 4981 2516 5044 afﬁrmat,
2548 4981 2682 5035 ἀλλὰ
2713 4982 2804 5036 καὶ
2848 4982 3046 5046 πάσαις
3086 4985 3204 5048 ταῖς
3247 4984 3548 5055 κρείττοσιν

1987 5073 2019 5143 ἢ
2047 5073 2166 5127 καθ’
2191 5075 2333 5144 ἡμᾶς
2351 5074 2628 5145 δυνάμεσι,
2655 5074 2746 5129 sed
2767 5076 2925 5129 etiam
2963 5077 3162 5131 cunctis
3191 5078 3545 5146 superioribus

1987 5165 2283 5218 virtutibus.
2317 5165 2552 5220 Accedat
2578 5181 2641 5220 ex
2675 5165 2881 5222 Latinis
2911 5167 3256 5234 Ambrosinus,
3282 5170 3374 5224 lib.
3412 5185 3425 5222 l
3465 5167 3543 5222 De

1985 5256 2108 5324 ﬁde,
2141 5272 2262 5326 cap.
2288 5259 2320 5311 5
2349 5276 2361 5312 :
2395 5256 2528 5310 Milli
2576 5258 2892 5328 impossibile
2925 5269 3001 5312 est
3044 5260 3387 5329 generationis
3409 5259 3545 5313 scire

1983 5357 2256 5402 secretum.
2298 5348 2445 5403 Mens
2475 5350 2674 5420 deﬁcit,
2718 5366 2814 5404 uox
2849 5350 2986 5407 silet.
3014 5367 3117 5405 non
3166 5367 3280 5403 mea
3313 5359 3540 5417 tantum,

1983 5439 2071 5494 sed
2099 5449 2147 5494 et
2168 5440 2488 5511 angelorum.

1973 5590 1976 5593 _
2052 5529 2153 5597 Qui
2196 5532 2345 5588 locus
2383 5540 2437 5587 et
2480 5549 2565 5588 me
2607 5542 2911 5604 opportune
2941 5532 3139 5588 silentii
3169 5529 3442 5592 admonet,
3480 5538 3539 5583 ut

1982 5622 2213 5680 decurso
2241 5625 2639 5682 dissertationis
2665 5627 2840 5684 stadio
2877 5622 3119 5692 lampada
3149 5621 3271 5676 aliis
3302 5620 3533 5676 tradam.
