4088 6284
454 385 568 442 $47

1575 381 1632 434 S.
1674 375 2069 432 ALEXANDRI
2110 372 2566 431 ALEXANDRINI

1377 734 1542 889 S.
1649 733 2749 888 ALEXANDRI

1635 1004 1946 1061 EPISCOPI
1983 1004 2454 1061 ALEXANDRINI

927 1182 1662 1300 EPISTOL/E
1754 1181 1932 1294 DE
2012 1182 2546 1296 ARIANA
2649 1183 3201 1298 HZERESI

1227 1421 1623 1526 DEQUE
1698 1420 1949 1508 ARII
2029 1418 2894 1514 DEPOSITIONE.

927 1572 955 1612 δ

1397 1723 1553 1794 Apud
1584 1722 1996 1792 Tneonomruu,
2022 1727 2168 1782 Hist.
2203 1722 2331 1780 eccl.
2361 1723 2460 1777 lib.
2485 1738 2522 1786 ι,
2559 1735 2679 1792 cap.
2707 1722 2761 1776 4.

454 1869 696 1942 Epistola
718 1863 1380 1942 Alemandri‘Alexandrite
1408 1865 1632 1942 episcopi
1665 1865 1733 1919 ad
1776 1867 2008 1922 Alexan-

2127 1862 2523 1942 ,Αλεξάνᾷρῳ
2539 1861 2877 1942 ἐπιςκόποι)
2909 1858 3349 1942 ᾈλεξανδρξίας
3375 1862 3666 1942 ἐπιστολὴ

802 1937 955 1989 drum
1002 1933 1659 2003 Constantinopolitanum.

529 2117 566 2175 l.
604 2114 960 2178 Charissimo,
985 2121 1038 2169 et
1067 2112 1308 2167 unanimi
1338 2109 1494 2166 fratri
1529 2110 1862 2181 Alexandro,
1885 2114 2013 2170 Ale-

454 2213 657 2267 xander
691 2211 748 2264 in
778 2208 1002 2262 Domino
1031 2206 1279 2262 salutem.

521 2302 890 2372 [inproborum
913 2298 1194 2352 hominum
1232 2296 1506 2361 voluntas,
1540 2294 1924 2355 dominationis
1958 2307 2014 2356 et

453 2394 694 2466 pecuniae
712 2389 888 2454 avida,
918 2389 1219 2458 majoribus
1249 2386 1509 2442 Ecclesiis
1538 2402 1751 2457 semper
1768 2389 2012 2443 insidiari

452 2488 610 2549 solet,
643 2485 770 2540 dum
802 2482 876 2536 illi
905 2497 1000 2551 per
1031 2479 1212 2534 varias
1239 2478 1557 2534 occasiones
1582 2480 2010 2535 ecclesiasticam

449 2583 705 2652 pietatem
739 2580 1070 2646 oppugnant.
1106 2570 1318 2626 Etenim
1340 2585 1373 2624 a
1396 2569 1616 2624 diabolo
1639 2571 1734 2639 qui
1779 2571 1833 2625 in
1880 2571 2014 2641 ipsis

453 2674 710 2736 operatur
734 2704 751 2730 ,
795 2663 863 2718 ad
887 2661 1219 2734 propositam
1267 2659 1400 2729 ipsis
1453 2658 1730 2715 libidinem
1765 2661 2011 2730 incitati,

451 2759 662 2826 abjecta
715 2756 862 2811 omni
895 2754 1176 2825 religione,
1207 2752 1378 2807 divini
1416 2751 1608 2821 judicii
1649 2763 1851 2808 metum
1881 2767 2014 2808 con-

453 2849 690 2902 culcant.
722 2846 798 2903 De
827 2847 1024 2917 quibus
1052 2861 1152 2916 ego
1183 2845 1277 2916 qui
1311 2846 1489 2916 patior
1511 2885 1529 2910 ,
1577 2861 1801 2902 necesse
1850 2847 2014 2902 habui

449 2941 761 3011 signiﬁcare
792 2939 979 3011 pietati
1015 2948 1227 3002 vestrae,
1245 2945 1306 2991 ut
1341 2939 1410 2994 ab
1437 2939 1747 3009 hujusmodi
1781 2939 2016 2994 homini-

449 3035 558 3088 bus
590 3033 848 3094 caveatis,
876 3047 944 3086 ne
971 3032 1094 3100 quis
1143 3030 1358 3084 illorum
1388 3031 1444 3085 in
1471 3040 1682 3088 vestras
1710 3033 1874 3087 etiam
1912 3033 2015 3088 Ec-

454 3127 650 3181 clesias
683 3125 874 3198 pedem
905 3124 1108 3178 inferre
1151 3133 1475 3194 praesumat,
1522 3127 1635 3181 sive
1671 3142 1768 3196 per
1797 3140 1857 3180 se
1901 3125 2018 3181 sive

2181 1935 2332 2057 πὲιές
2393 1930 2784 2073 ’.ἲῧὲξανδρον
2835 1932 3172 1986 ἐπίσκοπον
3211 1930 3665 1991 Κωνσταντίνού

2182 2021 2226 2057 π
2261 2044 2273 2057 .
2295 2021 2410 2067 -εως
2504 2041 2519 2057 .

2182 2021 2410 2067 natator;
2425 2021 2472 2067 μ
2481 2021 2519 2067 ).

2182 2121 2227 2173 I.
2259 2117 2350 2188 Τῷ
2382 2117 2692 2188 τιμιωτάτῳ
2718 2116 2951 2188 ἀδελφῷ,
2987 2119 3080 2171 καὶ
3122 2117 3378 2190 ὁμοψύχῳ
3423 2121 3666 2188 Ἀλεξᾶν.

2111 2211 2240 2281 δρψ,
2286 2207 2626 2280 Ἀλέξανδρος
2656 2211 2715 2260 ὲν
2739 2208 2927 2278 Κυρίῳ
2975 2209 3204 2280 χαίρειν.

2193 2303 2256 2354 Ἡ
2297 2299 2554 2370 φίλαρχος
2579 2298 2686 2352 τῶν
2720 2299 3003 2370 μοχθηρῶν
3031 2299 3327 2370 ἀνθρώπων
3354 2301 3446 2354 καὶ
3475 2301 3666 2374 φιλάρ-
3758 2335 3768 2343 -

2111 2406 2277 2460 γυρος
2310 2387 2594 2458 πρόθεσις,
2639 2390 2758 2450 ταῖς
2793 2387 3072 2452 δοκούσαις
3105 2389 3192 2442 ἀεὶ
3239 2390 3439 2460 μείζοσι
3471 2407 3662 2462 παροι-

2111 2481 2256 2544 κίαις
2285 2479 2523 2547 πέφυκεν
2559 2474 2936 2543 ἐπιϐουλεύειν,
2962 2479 3049 2533 διὰ
3073 2481 3326 2535 ποικίλων
3346 2483 3665 2552 προφάσεων

2110 2573 2217 2626 τῶν
2253 2570 2506 2625 τοιούτων
2533 2570 2919 2641 ἐπιτιθεμένων
2952 2573 3018 2643 τῇ
3059 2571 3479 2645 ὲκκλησιαστικῇ
3514 2575 3668 2626 εὐσε-

2113 2663 2252 2735 ϐείᾳ.
2281 2661 2802 2734 Οξστρηλατούμενοι
2841 2662 2948 2733 γὰρ
2973 2663 3076 2714 ὑπὸ
3111 2663 3203 2718 τοῦ
3235 2663 3581 2734 ἐνεργοῦντος
3614 2666 3672 2716 ἐν

2115 2756 2295 2818 αὐτοῖς
2320 2753 2594 2820 διαϐόλου,
2625 2756 2704 2817 εἰς
2729 2754 2824 2823 τὴν
2859 2755 3218 2826 προκειμένην
3253 2757 3431 2818 αὐτοῖς
3456 2751 3670 2826 ἡδονὴν,

2114 2845 2291 2914 πάσης
2321 2844 2603 2907 εὐλαϐείας
2644 2844 3156 2914 ἀποσκιρτήσαντες,
3194 2843 3420 2896 πατοῦσι
3456 2841 3555 2909 τὸν,
3573 2843 3672 2912 τῆς

2115 2937 2343 3007 κρίσεως
2364 2935 2458 2988 τοῦ
2480 2935 2612 3000 Θεοῦ
2636 2935 2816 3002 φόϐον.
2842 2935 2976 3006 Περὶ
2995 2929 3068 2988 ὧν
3089 2935 3377 3004 ἀναγκαῖον
3398 2933 3465 3006 ἦν
3488 2934 3672 3005 μοιτῷ

2113 3027 2393 3098 πάσχοντι,
2420 3025 2656 3098 δηλῶσαι
2685 3029 2750 3097 τῇ
2780 3026 3020 3098 ὑμετέρᾳ
3049 3023 3320 3097 εὐλαϐείᾳ,
3357 3026 3442 3078 ἵνα
3473 3024 3675 3094 φυλάτ-

2115 3118 2280 3188 τησθε
2297 3119 2424 3181 τοὺς
2454 3116 2743 3181 τοιούτους,
2773 3121 2843 3190 μή
2865 3135 2950 3181 τις
2974 3115 3149 3170 αὐτῶν
3175 3116 3416 3189 τολμήσῃ
3438 3117 3531 3168 καὶ
3551 3118 3673 3178 ταῖς

449 3229 554 3284 per
585 3215 722 3270 alios
757 3233 770 3269 :
803 3214 1002 3268 callent
1027 3211 1172 3268 enim
1212 3213 1441 3267 maleﬁci
1476 3214 1818 3269 simulatione
1842 3215 1914 3270 uti
1947 3215 2016 3270 ad

2120 3209 2408 3281 ὑμετέραις
2441 3209 2750 3282 παροικίαις
2777 3209 3050 3279 ἐπιϐῆναι,
3077 3209 3194 3279 ἦτοι
3220 3209 3277 3278 (f.
3305 3209 3436 3280 εἴτε)
3456 3209 3522 3262 δι’
3545 3209 3668 3260 ἐαυ-

449 3305 699 3360 fraudem
729 3304 1062 3360 faciendam:
1093 3313 1147 3359 et
1177 3319 1274 3374 per
1309 3305 1514 3362 litteras
1545 3307 1844 3362 mendaciis
1870 3323 2019 3363 com-

455 3397 660 3466 positas
687 3403 850 3467 atque
878 3397 1200 3458 adornatas,
1246 3410 1367 3465 quae
1394 3397 1664 3453 hominem
1710 3398 1779 3452 ad
1809 3399 2020 3470 simpli-

455 3501 572 3541 cem
600 3501 663 3542 ac
693 3486 963 3541 sinceram
989 3485 1146 3540 ﬁdem
1173 3485 1438 3539 intentum
1480 3487 1692 3557 possint
1745 3487 2015 3558 decipere.

456 3576 616 3631 Arius
663 3577 826 3648 igitur
869 3586 924 3632 et
962 3578 1199 3633 Achillas
1237 3594 1410 3648 nuper
1437 3577 1812 3648 coniuratione
1844 3580 2016 3648 facta,

449 3665 692 3720 Colluthi
732 3666 1076 3721 ambitionem
1102 3667 1445 3730 aemulantes,
1480 3665 1637 3736 longe
1667 3665 1877 3736 pejores
1918 3667 2012 3721 illo

455 3756 799 3812 exstiterunt.
835 3755 969 3810 Nam
1005 3755 1292 3812 Collnthus
1317 3757 1534 3828 quidem
1575 3755 1666 3828 qui
1717 3757 1816 3812 bos
1863 3755 2012 3827 ipsos

457 3851 821 3920 reprehendit,
855 3851 981 3904 mali
1017 3851 1279 3921 propositi
1319 3849 1402 3904 sui
1450 3856 1768 3918 praetextum
1819 3858 2014 3904 nactus

527 4009 605 4078 (l)
640 4008 1094 4078 Κωνσταντίνου
1131 4009 1380 4073 πόλεως.
1432 4005 1524 4061 Hae
1557 4007 1677 4061 duae
1715 4021 1876 4062 voces
1909 4022 2019 4062 non

455 4077 756 4147 occurrunt
796 4077 852 4130 in
890 4078 1161 4147 aliquibus
1205 4085 1352 4147 vett.
1388 4093 1545 4139 mss.,
1607 4086 1676 4147 ut
1731 4093 1902 4147 neque
1959 4079 2015 4131 in

460 4148 644 4203 Graaca
661 4146 971 4217 Theodoriti
985 4146 1323 4215 editioneper
1342 4146 1632 4217 Robertum
1655 4146 2013 4217 Stephanum,

460 4227 522 4272 ut
549 4219 802 4271 observat
851 4216 1049 4285 Pagius
1101 4219 1166 4270 ad
1214 4233 1341 4271 ann.
1394 4218 1518 4277 517,
1551 4215 1577 4285 §
1607 4218 1658 4271 9.
1693 4215 1826 4272 Vide
1853 4218 2016 4272 etiam

465 4288 741 4342 Baluzinm
789 4287 856 4340 ad
889 4303 1008 4357 cap.
1041 4288 1074 4340 5
1102 4287 1193 4340 lib.
1228 4303 1255 4339 v
1283 4285 1426 4340 Petri
1457 4287 1524 4340 de
1552 4287 1732 4342 Marca
1783 4288 1852 4342 De
1890 4304 2016 4340 con-

461 4361 668 4412 cordia.

533 4428 608 4501 (Ξ)
642 4428 776 4501 Eine
799 4426 873 4480 δι’
905 4427 1125 4501 ἄλλων.
1158 4424 1280 4479 [late
1321 4424 1482 4501 verba
1516 4425 1572 4501 in
1620 4441 1718 4501 sua
1768 4427 2017 4501 versione

462 4493 1240 4566 omisitChristophorsonns,
1277 4503 1332 4548 et
1380 4493 1615 4550 Jacobns
1652 4495 1976 4550 Sirnnmdns
1999 4535 2013 4557 ,

465 4586 566 4624 nec
597 4569 859 4623 habentur
905 4565 1044 4636 apud
1079 4565 1478 4635 Nicephorum,
1527 4581 1626 4636 nec
1679 4567 1731 4618 in
1781 4567 2018 4620 editione

467 4638 769 4692 llasuiensi.
805 4635 981 4702 Quare
1030 4652 1137 4690 non
1194 4636 1390 4690 mirmn
1421 4643 1505 4689 est
1561 4635 1928 4689 Camerar-inm
1960 4637 2014 4688 in

463 4726 562 4762 sua
598 4708 1039 4778 interpretatione
1075 4724 1138 4778 ea
1182 4705 1454 4778 omisisse.
1503 4703 1778 4778 [labentur
1837 4717 2016 4778 tamen

467 4779 521 4831 in
557 4774 779 4846 reliquis
802 4777 1220 4846 exemplaribus,
1255 4774 1430 4846 Regio
1463 4776 1708 4846 scilicet,
1743 4776 2017 4828 Saviliano

465 4859 521 4902 et
548 4843 749 4902 Allatii.
802 4847 907 4902 Sed
949 4843 1003 4902 et
1033 4847 1128 4918 Epi
1176 4843 1366 4899 itanius
1399 4843 1772 4899 Sclwlasticus
1829 4847 1881 4898 in
1916 4860 2018 4898 suo

465 4919 760 4970 exemnlari
791 4933 852 4970 ea
887 4919 1106 4970 legerat.
1137 4863 1230 4970 gic
1258 4916 1401 4970 enim
1425 4916 1586 4969 vertit
1612 4933 1624 4968 :
1651 4911 1731 4967 Ne
1747 4915 1862 4970 auis
1886 4915 2018 4970 forte

465 4919 760 4986 exemplari
791 4933 852 4971 ea
887 4911 1106 4988 legerat.
1139 4911 1235 4988 Sic,
1258 4916 1401 4970 enim
1425 4916 1586 4969 vertit
1612 4933 1624 4968 :
1651 4911 1731 4988 Ne
1747 4915 1862 4984 quis
1885 4915 2018 4988 forte

467 4984 750 5058 prwsumat
773 4984 960 5040 eoruni
973 4989 1023 5040 in
1047 4987 1301 5057 paraecias
1330 4994 1525 5039 vestras
1545 4984 1806 5050 accedere,
1832 4987 1907 5038 vel
1928 5000 2018 5053 per

471 5075 544 5124 se,
574 5059 652 5112 vel
677 5073 768 5126 per
791 5060 944 5111 alios.
1437 5124 1460 5126 _
1913 5098 1919 5126 ί

541 5129 617 5197 (5)
654 5124 879 5195 ’Ἄρειος
905 5127 1052 5197 γοῦν
1080 5127 1177 5180 καὶ
1216 5124 1514 5195 Ἀχιλλᾶς.
1544 5126 1602 5180 In
1649 5125 2018 5197 mapuscripto

467 5195 656 5254 codice
703 5195 922 5251 Henrici
973 5197 1194 5259 Savilii,
1240 5205 1296 5251 et
1353 5198 1408 5249 in
1462 5197 1699 5249 editione
1736 5195 2019 5252 Basiliehsi

476 5268 793 5338 Ἀχιλλεύς
827 5267 1105 5338 scribitur,
1139 5266 1410 5335 quomodo
1436 5267 1595 5338 etiam
1633 5266 1760 5338 legit
1786 5265 2020 5336 Epipha-

469 5335 594 5392 nius
630 5337 1017 5392 Scholasticus.
1049 5335 1123 5391 Ita
1159 5351 1371 5406 quoque
1402 5336 1796 5406 scribiturboc
1824 5335 2019 5391 nomen

470 5409 521 5462 in
549 5409 774 5478 epistola
812 5407 1102 5461 Alexandri
1133 5405 1372 5476 episcopi
1402 5405 1739 5478 Alesandriae
1781 5406 1849 5458 ad
1895 5409 2018 5478 uni-_

469 5475 656 5534 versas
711 5478 1023 5538 Ecclesias.
1075 5475 1384 5531 ubi’omnes
1432 5475 1546 5527 Arii
1585 5484 1880 5529 sectatores
1926 5476 2019 5545 qui

418 5611 424 5618 ι
469 5549 923 5602 excommunicati
985 5547 1232 5607 fuerant,
1279 5545 1470 5618 ordine
1517 5554 1895 5618 recensentur;
1958 5561 2020 5618 ac

470 5619 676 5684 primus
705 5619 943 5672 omnium
975 5619 1285 5671 nominatur
1303 5614 1554 5669 Achilles.
1589 5614 1678 5668 Sic
1709 5617 1851 5669 enim
1884 5616 2022 5670 scri-

471 5687 617 5809 gitm‘
660 5689 712 5740 in
760 5690 943 5743 multis
975 5686 1413 5756 exemplaribus,
1471 5693 1524 5737 et
1556 5686 1697 5754 apud
1746 5686 2020 5740 Gelasium

497 5771 816 5809 .vzicenum.

497 5771 738 5810 .vzlcenn
746 5773 794 5810 m
803 5797 816 5810 .

515 5812 615 5894 “(4)
648 5827 708 5878 '0
725 5826 838 5894 μὲν
864 5827 971 5898 γὰρ
989 5828 1187 5895 αὐτοῖς
1215 5829 1442 5894 τούτοις
1467 5824 1753 5895 ἐγκαλῶν.
1780 5822 2022 5879 Christo-

2114 3302 2240 3364 τῶν,
2265 3302 2370 3354 εἴτε
2400 3302 2466 3354 δι’
2497 3301 2668 3356 ἄλλων
2687 3301 2783 3371 (2)·
2812 3300 2983 3354 ἱκανοὶ
3006 3298 3113 3372 γὰρ
3134 3298 3513 3372 ὑποκρίνασθαι
3532 3298 3668 3371 πρὸς

2115 3395 2328 3465 ἀπάτην
2358 3395 2407 3447 οἱ
2431 3393 2623 3465 γόητες
2643 3411 2655 3423 ·
2687 3394 2720 3464 ἢ
2745 3393 2833 3446 διὰ
2862 3393 3202 3463 γραμμάτων
3231 3391 3436 3462 ψευδῶς
3467 3407 3670 3460 κεκομ-

2113 3487 2412 3558 ψευμένων,
2448 3486 2542 3540 καὶ
2577 3484 2884 3555 δυναμένων
2932 3484 3249 3556 ὑφαρπάσαι
3284 3483 3371 3537 τὸν
3401 3483 3542 3555 ἁπλῇ
3580 3483 3669 3535 πί-

2117 3595 2229 3631 στει
2274 3579 2368 3631 καὶ
2416 3578 2655 3648 ἀκεραίῳ
2701 3577 3128 3648 προσεσχηκότα.
3167 3578 3381 3649 Ἄρειος
3423 3575 3549 3644 γοῦν
3574 3577 3671 3628 καὶ

2129 3667 2372 3737 Ἀχιλλᾶς
2406 3668 2505 3737 (ὅ),
2543 3665 2880 3737 συνωμοσίαν
2919 3667 3142 3736 ἔναγχος
3180 3667 3548 3736 ποιησάμενοι,
3574 3664 3670 3736 τὴν

2117 3757 2415 3812 Κολλούθου
2463 3760 2749 3831 φιλαρχίαν
2782 3760 2914 3812 πολὺ
2949 3762 3126 3830 χεῖρον
3158 3759 3190 3828 ἢ
3226 3759 3430 3821 ἐκεῖνος
3470 3756 3670 3827 ἐζήλω-

2121 3867 2241 3905 σαν.
2288 3851 2347 3903 '0
2391 3852 2487 3921 μὲν
2526 3852 2634 3924 γὰρ
2683 3851 2862 3914 αὐτοῖς
2908 3849 3116 3914 τούτοις
3165 3849 3408 3918 ἐγκαλῶν
3433 3849 3529 3920 (4),
3573 3849 3668 3918 τῆς

2125 4009 2432 4079 phorsonus
2457 4010 2570 4064 haec
2596 4011 2759 4065 verba
2780 4050 2794 4072 ,
2826 4011 3007 4073 αὐτοῖς
3035 4008 3240 4072 τούτοις
3275 4009 3329 4062 in
3363 4018 3554 4063 neutro
3581 4023 3673 4078 ge-

2126 4095 2256 4134 nere
2283 4083 2507 4149 accepit.
2535 4079 2624 4134 Sic
2656 4081 2796 4133 enim
2829 4081 3030 4134 vertit':
3062 4080 3163 4133 Ille
3197 4081 3334 4133 enim
3372 4095 3670 4149 quanquam

2116 4166 2208 4204 eas
2239 4152 2381 4217 ipsas
2413 4167 2492 4204 res
2521 4167 2650 4220 quas
2674 4151 2784 4210 isti,
2818 4167 3095 4219 coarguere
3131 4151 3422 4203 conabatur
3443 4189 3457 4208 .
3497 4159 3669 4220 tamen

2119 4221 2340 4287 improbi
2371 4221 2452 4274 sui
2491 4222 2716 4272 instituti
2759 4237 2972 4273 causam
3018 4222 3202 4274 saltem
3231 4220 3534 4272 simulatam
3575 4219 3673 4271 hac

2123 4291 2296 4344 buisse
2331 4292 2469 4344 visus
2512 4300 2608 4344 est.
2641 4288 2851 4358 Reliqui
2886 4307 3012 4344 vero
3046 4293 3400 4358 interpretes,
3438 4289 3674 4357 Epipha-

2119 4361 2243 4414 nius
2271 4362 2477 4414 scilicet
2512 4359 2897 4420 Scholasticns,
2923 4359 3159 4414 Joannes
3188 4358 3424 4428 Langns,
3453 4358 3673 4412 .Ioachi-

2119 4445 2239 4485 mus
2268 4431 2610 4484 Camerarius
2643 4446 2705 4483 ac
2729 4428 3073 4493 Sirmnndns,
3100 4431 3153 4483 in
3185 4430 3484 4484 masculino
3515 4443 3673 4481 acce-

2119 4507 2352 4569 perunt,
2385 4499 2531 4569 etde
2562 4499 2780 4552 Arianis
2811 4500 3190 4554 intellexerunt
3236 4516 3374 4569 quos
3417 4499 3674 4566 culpabat

2117 4568 2422 4624 Colluthns.
2442 4568 2682 4634 Quorum
2707 4569 2920 4638 quidem
2945 4568 3267 4624 sententiam
3288 4570 3458 4636 magis
3479 4569 3671 4638 probo.

2117 4638 2251 4694 Nam
2309 4641 2364 4692 in
2401 4639 2900 4709 Christophorsoni
2954 4640 3396 4708 interpretatione
3462 4639 3673 4692 nullum

2119 4725 2338 4764 sensum
2364 4708 2536 4764 video.
2562 4707 2691 4775 Quin
2719 4718 2846 4765 sunt
2864 4709 3006 4762 enim
3050 4707 3153 4763 illa:
3178 4725 3262 4763 res
3284 4749 3298 4772 ,
3343 4724 3479 4778 quas
3507 4709 3673 4762 Arius

2119 4789 2173 4834 et
2199 4779 2483 4833 Collutbus
2510 4780 2873 4833 accusabant?
2897 4779 3086 4835 Verius
3111 4779 3335 4833 omnino
3362 4788 3463 4841 est,
3487 4778 3672 4832 Collu-

2122 4849 2273 4902 thum
2308 4864 2599 4903 accusasse
2646 4849 2828 4901 Arium
2861 4855 2915 4901 et
2955 4857 3253 4904 sectatores
3307 4849 3474 4903 illius.
3534 4847 3672 4900 Nam

2121 4934 2244 4972 enm
2263 4926 2407 4989 esset
2435 4921 2714 4989 presbyter
2746 4920 2996 4989 unius‘ex
3021 4919 3272 4988 parmciis
3297 4917 3636 4973 Alexandriae
3669 4957 3684 4981 ,

2121 4987 2570 5059 quemadmodum
2601 4987 2765 5043 Arius
2809 4999 2863 5042 et
2908 4987 3187 5058 Cal-ponas
3245 5005 3309 5041 ac
3359 4990 3682 5059 Sarmatas,

2123 5056 2238 5129 ipse
2267 5059 2320 5112 in
2351 5060 2588 5128 parmcia
2634 5076 2731 5113 sua
2774 5056 3084 5129 perversam
3130 5059 3420 5128 quamdam
3443 5056 3675 5129 doctri-

2121 5126 2268 5190 nam,
2295 5126 2516 5199 perinde
2551 5145 2614 5184 ac
2636 5126 2822 5188 Arius,
2857 5126 3168 5198 pnndicavit
3188 5167 3204 5188 .
3257 5137 3314 5180 ut
3342 5126 3506 5181 tradit
3533 5126 3674 5199 lapi-

2122 5196 2354 5270 phanius
2384 5201 2436 5252 in
2469 5201 2659 5254 haeresi
2691 5196 3033 5270 Arianorum.
3085 5199 3236 5270 Unde
3268 5207 3386 5250 orta
3417 5205 3500 5250 est
3532 5196 3676 5250 inter

2121 5268 2216 5325 eos
2245 5271 2547 5330 aemulatio,
2590 5284 2710 5321 cum
2745 5269 2940 5336 singuli
2982 5283 3140 5322 suum
3187 5268 3380 5336 dogma
3427 5273 3675 5320 astruere

2123 5349 2469 5394 conarentur.
2514 5337 2568 5391 ιιι
2611 5339 2752 5392 enim
2785 5338 3002 5392 evenire
3046 5339 3183 5392 solet
3217 5338 3355 5391 inter
3389 5336 3674 5390 haereticos

2122 5410 2460 5479 diversarum
2484 5417 2773 5463 sectarum.
2804 5408 3090 5479 Colluthus
3112 5408 3294 5479 igitur,
3322 5423 3452 5479 cum
3484 5405 3672 5479 Arium

2123 5476 2379 5548 tanquam
2398 5480 2616 5546 impium
2644 5487 2802 5547 atque
2825 5476 3292 5546 haereticum'apud
3306 5476 3672 5548 Alexandrum

2126 5544 2457 5613 accusasso't,
2478 5544 2533 5602 et
2552 5544 3046 5603 AlexanderArium
3069 5544 3335 5616 depunere
3361 5544 3674 5616 aliquandiu

2123 5618 2456 5684 distulisset;
2501 5620 2787 5674 occasione
2831 5626 3081 5687 arrepta,
3107 5613 3226 5672 sese
3256 5617 3324 5668 ab
3367 5613 3676 5670 Alexandro

2124 5692 2358 5754 scjunxit
2378 5729 2392 5750 ,
2440 5698 2500 5758 et
2518 5706 2612 5757 pri
2640 5691 2895 5758 episcopo
2924 5703 3120 5758 agens,
3155 5687 3498 5758 presbyteros
3517 5687 3678 5758 ordia

2125 5760 2293 5812 navit.
2323 5757 2452 5812 Vide
2483 5756 2770 5812 Barcini—um
2808 5756 2874 5813 ad
2903 5756 3028 5811 ann.
3061 5757 3190 5812 Chr.
3217 5757 3340 5823 515,
3369 5771 3487 5826 cap.
3513 5756 3603 5808 28.
