4088 6284
257 345 375 401 349

1672 347 2049 406 EPISTOLE.

3396 359 3494 416 550

266 460 472 516 ἑαυτοῦ
504 463 780 536 μοχθηρᾶς
811 466 1178 537 προαιρέσεως
1214 462 1337 540 εὗρε
1366 468 1632 540 πρόφασιν
1653 485 1666 496 ·
1700 469 1749 522 οε
1781 469 1810 522 δ

1911 476 2058 535 ,est;
2097 469 2185 524 isti
2216 483 2364 533 vero,
2405 469 2624 540 impiam
2662 471 2807 527 illius
2852 489 2917 528 ex
2948 474 3171 529 Christo
3219 477 3493 532 nundina--

262 550 366 620 τὴν
439 555 646 609 ἐκείνου
692 559 1162 631 Χριστεμπορείαν
1205 561 1282 632 (5)
1324 561 1670 634 θεωροῦντες,
1704 565 1833 617 οὐκ·

259 647 351 699 ἑτι
395 646 493 717 τῆς
528 647 850 721 Ἐκκλησίας
886 651 1182 725 ὑποχείριοι
1232 654 1412 722 μένειν
1443 656 1828 728 ἐκαρτέρησαν·

255 735 381 788 ἀλλ’
411 737 622 802 ἑαυτοῖς
647 741 883 812 σπήλαια
911 743 1120 816 λῃστῶν
1160 745 1627 818 οἰκοδομήσαντες,
1681 748 1832 802 ἀδια-

247 823 504 892 λείπτως
541 831 599 882 ἐν
639 832 822 895 αὐτοῖς
875 833 1148 890 ποιοῦνται
1191 837 1468 903 συνόδους,
1519 839 1729 912 νύκτωρ
1771 857 1831 894 τε

259 917 359 970 καὶ
414 920 532 990 μεθ’
566 923 775 996 ἡμέραν
819 925 879 978 ἐν
926 929 1045 990 ταῖς
1077 929 1218 983 κατά
1260 931 1491 1002 Χριστοῦ
1537 934 1631 986 καὶ
1675 933 1830 1004 ἡμῶν

248 1008 540 1076 ’διαϐολαῖς
583 1015 925 1086 ἀσκούμενοι.
985 1021 1048 1072 Οἰ
1101 1022 1279 1093 πάσης
1324 1022 1424 1094 τῆς
1472 1024 1829 1097 ἀποστολικῆς

261 1101 528 1167 εὐσεϐοῦς
568 1105 725 1176 δόξης
768 1108 1228 1180 κατηγοροῦντες,
1268 1113 1539 1184 Ἰουδαῖκῷ
1590 1117 1828 1187 προσχή-

263 1208 402 1261 ματι
450 1195 825 1269 Χριστομάχον
866 1201 1258 1274 συνεκρότησαν
1309 1205 1683 1277 ἐργαστήριον,
1729 1206 1828 1280 τὴν

247 1283 499 1358 Ὀεότητα
557 1285 651 1340 τοῦ
695 1291 944 1362 Σωτῆρος
989 1293 1143 1364 ἡμῶν
1187 1295 1526 1367 ἀρνούμενοι,
1578 1299 1672 1352 καὶ
1715 1302 1826 1364 τοῖς

254 1375 433 1430 enim;
484 1377 597 1430 ῐσον
634 1373 770 1433 εἶναι
813 1381 1195 1453 κηρύσσοντες.
1225 1387 1412 1441 Πᾶσάν
1445 1405 1504 1442 τε
1535 1388 1697 1443 αὐτοῦ
1729 1391 1826 1462 τῆς

257 1468 537 1540 σωτηρίου
604 1472 911 1544 οἰκονομίας
966 1477 1060 1530 καὶ
1122 1479 1191 1532 δι’
1253 1481 1398 1551 ἡμᾶς
1451 1481 1826 1548 ταπεινώσεως

254 1559 449 1631 φωνὴν
490 1561 854 1635 ἐκλεξάμενοι,
886 1565 1143 1632 ἐξαύτῶν
1173 1572 1506 1644 συναγείρειν
1531 1575 1824 1646 πειρῶνται

254 1652 362 1721 τῆς
391 1652 647 1718 ἀσεϐείας
681 1656 888 1710 ἑαυτῶν
917 1657 976 1712 τὸ
1003 1663 1281 1732 κήρυγμα,
1313 1663 1411 1734 τῆς
1434 1664 1671 1736 ἀρχῆθεν
1709 1665 1824 1721 θεό-

244 1758 430 1812 τητος
477 1744 640 1798 αὐτοῦ
675 1747 770 1800 καὶ
811 1748 960 1820 παρά
991 1750 1070 1821 τῷ
1094 1753 1266 1824 Πατρὶ
1298 1753 1452 1827 δόξης
1491 1755 1716 1811 ἀλέκτου
1743 1756 1820 1830 (6)

1933 559 2135 615 tionem
2178 569 2480 624 cernentes,
2512 577 2620 616 non
2651 565 2883 633 amplius
2916 564 3170 621 Ecclesia:
3214 567 3495 638 subjacere

1931 652 2257 718 voluerunt;
2295 651 2390 706 sed
2444 653 2717 722 speluncis
2771 655 3040 711 latronum
3097 657 3199 712 sibi
3239 667 3492 714 constru-

1927 739 2034 796 ctis
2056 783 2070 803 ,
2104 740 2223 796 sine
2272 740 2673 798 intermissione
2701 752 3002 801 conventus
3035 746 3092 800 in
3129 747 3236 802 illis
3281 761 3448 820 agunt
3477 791 3493 813 ,

1928 841 2094 889 noctu
2126 841 2288 903 atque
2314 831 2550 888 interdiu
2579 838 2881 893 calumnias
2921 840 3180 894 adversus
3212 839 3490 896 Christum

1925 928 1980 974 et
2009 921 2292 977 adversum
2338 936 2438 978 nos
2463 925 2956 982 comminiscentes.
2986 927 3089 994 Qui
3121 945 3243 983 cum
3275 945 3489 985 onmem

1926 1009 2069 1078 piam
2123 1019 2177 1065 et
2226 1013 2578 1082 apostolicam
2609 1015 2910 1070 doctrinam
2944 1018 3226 1082 incusent,
3259 1019 3490 1074 Judaico

1927 1113 2077 1154 more
2121 1099 2186 1154 ad
2235 1101 2656 1172 inipugnandum
2702 1105 2976 1162 Christum
3020 1108 3294 1164 officinam
3328 1111 3489 1166 insti-

1925 1199 2167 1254 tuerunt,
2196 1193 2502 1251 Servatoris
2524 1197 2695 1253 nostri
2718 1189 2978 1256 deitatem.
3003 1212 3285 1274 negantes,
3313 1213 3368 1261 et
3400 1223 3489 1262 re-

1925 1281 2088 1352 liquis
2136 1285 2391 1341 omnibus
2441 1290 2702 1358 aqualem
2757 1307 2878 1345 eum
2935 1309 3055 1350 esse
3106 1297 3482 1366 praedicantes.

1922 1371 2287 1444 Collectisque
2317 1379 2571 1433 omnibus
2606 1379 2739 1437 locis
2764 1382 2819 1436 in
2859 1385 3060 1454 quibus
3095 1403 3276 1442 sermo
3306 1399 3390 1445 est
3417 1392 3485 1446 de

1923 1463 2148 1519 salutari
2183 1465 2301 1534 ejus
2334 1467 2742 1538 dispensatione
2786 1481 2840 1528 et
2873 1474 2940 1529 de
2972 1476 3276 1546 abjectione
3306 1484 3482 1538 nostri

1921 1568 2087 1610 causa
2115 1557 2182 1611 ab
2206 1572 2272 1612 eo
2299 1571 2570 1631 suscepta,
2609 1564 2901 1634 impietatis
2931 1582 3043 1622 suae
3069 1568 3370 1626 doctrinam
3396 1590 3487 1628 eoo

1923 1658 2042 1698 rum
2068 1648 2389 1704 auctoritate
2436 1653 2756 1709 conlirmare
2795 1655 3075 1724 nituntur,
3122 1659 3240 1714 loca
3280 1662 3480 1732 quibus

1920 1744 2121 1792 aeterna
2144 1739 2386 1808 ejusdem
2415 1741 2672 1800 divinitas
2700 1754 2754 1801 et
2777 1747 3176 1819 inexplicabilis
3205 1755 3348 1825 apud
3375 1754 3479 1810 Pa-

251 1833 388 1896 τοὺς
417 1834 609 1904 λόγους
641 1837 1120 1911 ἀποστρεφόμενοι.
1150 1842 1258 1914 Τὴν
1285 1844 1414 1912 γοῦν
1455 1845 1715 1918 Ἑλλήνων
1759 1865 1813 1900 τε

1917 1834 2054 1883 trem
2085 1830 2255 1900 gloria
2288 1834 2574 1899 astruitur,
2601 1847 2934 1896 aversantes.
2969 1840 3103 1896 Cum
3147 1844 3314 1916 igitur
3345 1863 3478 1918 gen-

241 1925 357 1978 ·καὶ
401 1925 668 1982 Ἰουδαίων
706 1929 875 2001 ἀσεϐῆ
910 1932 1037 2003 περὶ
1077 1933 1310 2004 Χριστοῦ
1341 1937 1498 2000 δόξαν
1531 1938 1821 2008 κρατύνον-

232 2033 374 2080 κτες,
400 2017 494 2070 τὸν
520 2020 647 2091 παρ’
680 2019 854 2074 αὐτῶν
886 2021 1104 2077 ἔπαινον
1142 2025 1217 2089 ὡς
1247 2025 1324 2080 ἔνι
1356 2027 1588 2098 μάλιστα
1614 2029 1822 2101 θηρῶν-

240 2125 352 2161 ·ται
377 2126 392 2139 ·
434 2110 609 2164 πάντα
636 2111 735 2182 μὲν
765 2113 864 2166 ὅσα
896 2113 1018 2166 καθ’
1039 2115 1195 2186 ήμῶν
1230 2119 1360 2188 παρ’
1382 2119 1563 2183 αὐτοῖς
1598 2120 1818 2188 γελᾶται

255 2201 766 2272 πραγματευόμενοι
791 2220 804 2235 ·
847 2204 1060 2267 στάσεις
1090 2205 1147 2258 δὲ
1173 2207 1302 2276 ήμῖν
1327 2207 1446 2260 καθ’
1485 2209 1696 2280 ἡμέραν
1727 2213 1818 2264 καὶ

247 2289 533 2362 ’διωγμοὺς
577 2293 967 2366 ἐπεγείροντες.
1007 2297 1116 2350 Καὶ
1149 2296 1305 2350 τοῦτο
1346 2299 1462 2370 μὲν,
1501 2299 1819 2374 δικαστήρια

255 2383 703 2455 συγκροτοῦντες,
741 2385 808 2439 δι’
850 2388 1097 2458 ἐντυχίας
1143 2391 1509 2462 γυναικαρὶων
1566 2393 1642 2462 (7)
1688 2395 1818 2449 ἀτά-

250 2485 403 2522 κτων
438 2470 474 2524 ἃ
501 2473 815 2544 ἠπάτησαν·
853 2475 1010 2528 τοῦτο
1041 2477 1120 2540 δὲ,
1150 2478 1238 2531 τὸν
1259 2479 1672 2553 Χριστιανισμδν
1699 2483 1815 2537 δια-

256 2560 558 2634 σύροντες,
628 2565 693 2618 ἐκ
747 2564 840 2618 τοῦ
896 2570 1305 2640 περιτροχάζειν
1383 2576 1564 2628 πᾶσαν
1620 2577 1815 2645 ἀγυιὰν

247 2653 516 2724 ’ἀσέμνως
554 2654 668 2718 τὰς
692 2657 822 2728 παρ’
857 2658 1036 2722 αὐτοῖς
1078 2662 1364 2732 νεωτέρας.
1408 2664 1564 2718 Ἀλλά
1595 2667 1684 2721 καὶ
1725 2667 1815 2720 τὸν

256 2743 536 2816 ἄρρηκτον
581 2745 672 2798 τοῦ
695 2747 928 2819 Χριστοῦ
973 2749 1199 2818 χιτῶνα,
1230 2752 1287 2804 δν
1319 2755 1367 2806 οἰ
1405 2754 1585 2826 δήμιοι
1625 2755 1814 2812 διελεῖν

253 2835 365 2887 οὐκ
400 2836 802 2900 ἐϐουλεύσαντο,
839 2839 990 2892 αὐτοὶ
1028 2840 1208 2909 σχίσαι
1249 2843 1567 2917 ἐτόλμησαν.

331 3099 397 3151 ΙΙ.
438 3099 638 3171 ’Ἡμεῖς
688 3103 786 3174 μὲν
817 3098 930 3169 οὖν,
961 3105 996 3160 ἃ
1019 3107 1109 3160 καὶ
1130 3107 1207 3179 τῷ
1248 3107 1348 3180 βίῳ
1397 3113 1573 3167 αὐτῶν
1611 3117 1703 3170 καὶ
1740 3135 1770 3171 τ

333 3120 397 3151 ιι.
465 3120 638 3171 ιιμεις
688 3120 786 3174 μεν
817 3120 930 3169 ουν,
961 3120 996 3160 α
1019 3120 1109 3160 και
1130 3120 1207 3179 τῳ
1248 3120 1348 3180 βίῳ
1397 3120 1573 3167 αὐτῶν
1611 3120 1703 3170 καὶ
1740 3120 1806 3190 τῇ
1835 3164 1880 3226 c

249 3187 453 3260 ἀνοσίῳ
495 3191 828 3264 ἐπιχειρήσει
878 3195 1098 3266 πρέπει,
1134 3197 1222 3251 διὰ
1245 3198 1304 3252 τὺ
1341 3198 1638 3267 λανθάνειν,
1675 3204 1804 3277 βρα-

235 3277 387 3341 ’δὲως
443 3281 858 3352 ἐπιστήσαντες,
911 3284 1202 3356 παμψηφεὶ
1247 3288 1344 3360 τῆς
1402 3294 1809 3366 προσκυνούσης

246 3367 486 3436 Χριστοῦ
535 3370 636 3442 τὴν
673 3371 901 3444 θεότητα
971 3375 1292 3450 Ἐκκλησίας
1337 3380 1672 3456 ἐξηλάσαμεν
1709 3386 1804 3457 (8).

262 3459 652 3533 Ἐπεχείρησαν
681 3463 740 3517 δὲ
773 3467 1124 3539 περιδρομαῖς
1169 3473 1436 3544 χρώμενοι
1477 3477 1598 3532 καθ’
1632 3480 1804 3549 ήμῶν,

238 3551 634 3622 ·’παρεκϐαίνειν
675 3557 808 3628 πρὸς
839 3561 964 3623 τοὺς
1003 3561 1308 3633 ὁμόφρονας
1349 3566 1804 3641 συλλειτουργοὺς,

249 3643 491 3713 σχήματι
536 3646 633 3715 μὲν
673 3648 893 3719 εἰρήνης
930 3651 1022 3703 καὶ
1054 3651 1296 3718 ἐνώσεως
1326 3657 1546 3722 ἀξίωσιν
1583 3661 1808 3735 ὑποκρι-

234 3733 462 3803 νόμενοι
483 3753 496 3766 ο
531 3737 592 3790 τὸ
623 3738 679 3790 δέ
708 3739 930 3810 ἀληθὲς,
967 3747 1306 3816 συναρπάσαι
1339 3751 1488 3815 τινὰς
1519 3753 1696 3808 αὐτῶν
1727 3733 1808 3818 εἰς

231 3825 347 3895 τὴν
378 3826 512 3880 ἰδίαν
540 3828 691 3881 νόσον
717 3829 804 3884 διά
838 3835 1225 3904 χρηστολογίας
1264 3841 1648 3908 σπουδάζοντες
1667 3862 1680 3875 ·
1715 3848 1806 3899 καὶ

236 3915 650 3988 ’στωμυλώτερα
681 3919 980 3990 γράμματα
1026 3925 1154 3994 παρ’
1185 3925 1360 3978 αὐτῶν
1395 3928 1686 3997 αἰτοῦντες,
1721 3933 1806 3986 ἵνα

237 4007 820 4077 παραναγινώσκοντες
861 4013 998 4066 αὐτὰ
1033 4017 1144 4078 τοῖς
1181 4017 1270 4070 ὑπ’
1303 4019 1480 4072 αὐτῶν
1519 4021 1805 4096 ἠπατημέ-

247 4113 382 4161 νοις,
411 4098 806 4171 ἀμετανοήτους
832 4104 917 4172 ἐφ’
946 4093 1026 4168 οἷς
1057 4105 1361 4178 ἐσφάλησαν
1391 4093 1807 4178 κατασκευάζω-

249 4203 354 4252 σιν,
389 4191 828 4263 ἐπιτριϐομένους
857 4197 936 4258 εἰς
974 4196 1241 4264 ἀσέϐειαν,
1271 4199 1348 4264 ὡς
1387 4201 1453 4255 ἂν
1485 4204 1806 4277 συμψήφους

243 4280 427 4345 αὐτοῖς
450 4283 542 4334 καὶ
573 4284 877 4356 ὁμόφρονας
904 4286 1113 4358 ἔχοντες
1145 4291 1490 4358 ἐπισκόπους.
1527 4296 1636 4367 Ούχ
1663 4296 1803 4370 άπερ

248 4369 378 4436 γοῦν
417 4373 545 4443 παρ’
582 4375 714 4446 ἡμῖν
760 4378 1009 4448 πονηρῶς
1058 4380 1298 4446 ἐδίδαξαν
1347 4401 1404 4436 τε
1449 4386 1542 4438 καί
1585 4369 1804 4459 διεπρά-

1921 1918 2097 1972 tilium
2129 1935 2191 1976 ac
2217 1919 2523 1978 Iudaeorum
2555 1926 2773 1996 impiam
2810 1930 2878 1986 de
2904 1931 3122 1989 Christo
3151 1938 3478 1994 sententiam

1920 2011 2261 2077 conﬁrment,
2291 2014 2502 2070 laudem
2539 2017 2608 2072 ab
2656 2019 2765 2076 illis
2809 2023 2953 2076 omni
3011 2033 3126 2080 arte
3154 2041 3220 2082 ac
3265 2030 3478 2086 ratione

1919 2110 2299 2172 aucupentur:
2331 2121 2395 2161 ea
2423 2107 2642 2177 quidem
2669 2125 2792 2181 quae
2819 2112 2898 2167 illi
2945 2115 3000 2170 in
3035 2117 3197 2174 nobis
3227 2119 3476 2177 deridere

1915 2193 2124 2256 solent,
2171 2196 2351 2250 omnia
2413 2198 2814 2270 contingentes;
2877 2203 3169 2262 seditiones
3201 2215 3378 2264 autem
3409 2225 3474 2264 ac

1916 2284 2322 2352 persecutiones
2357 2287 2617 2344 adversus
2655 2305 2756 2347 nos
2780 2293 3021 2361 quotidie
3041 2297 3362 2353 excitantes.
3401 2298 3468 2354 Et

1916 2389 2062 2428 nunc
2116 2375 2330 2445 quidem
2378 2377 2444 2432 ad
2479 2379 2721 2448 judicum
2767 2385 3056 2440 tribunalia
3105 2403 3205 2443 nos
3251 2391 3473 2446 trahunt

1917 2479 2012 2534 per
2035 2463 2493 2536 interpellationes
2533 2472 2816 2528 mulierum
2845 2474 3187 2546 disciplinam
3218 2495 3327 2535 non
3353 2497 3471 2538 ser-

1915 2556 2179 2620 vantinm,
2213 2572 2350 2627 quas
2399 2558 2502 2628 ipsi
2557 2560 2610 2614 in
2665 2577 2902 2620 errorem
2932 2567 3294 2636 induxerunt;
3326 2587 3471 2627 nunc

1912 2645 2234 2704 Christiana:
2251 2651 2495 2720 religioni
2521 2654 2775 2723 probrum
2805 2658 3257 2728 atqueinfamiam
3289 2678 3470 2734 asper-

1911 2748 2046 2810 gunt
2065 2781 2080 2806 ,
2124 2741 2250 2796 dum
2273 2743 2581 2812 juvenculaa
2609 2745 2850 2817 ipsorum
2880 2765 2975 2819 per
3020 2764 3210 2809 omnes
3237 2754 3384 2810 vicos
3414 2765 3469 2812 et

1911 2833 2145 2901 compita
2182 2835 2412 2904 turpiter
2463 2835 2913 2894 circumcursant.
2948 2839 3054 2897 Sed
3087 2849 3142 2897 et
3174 2844 3468 2902 indissolu-

1909 2921 2069 2978 bilem
2103 2924 2306 2980 Chriin
2347 2927 2582 2982 tunicam
2607 2968 2624 2995 ,
2671 2946 2832 3000 quam
2859 2934 3143 2991 carniﬁces
3170 2936 3299 2992 olim
3328 2939 3467 2993 divi-

1908 3012 2038 3070 dere
2069 3017 2380 3083 noluerunt,
2415 3019 2504 3075 isti
2526 3021 2644 3077 ausi
2671 3029 2797 3077 sunt
2824 3022 3151 3082 discindere.

1979 3105 2042 3161 ll.
2083 3106 2162 3162 Ac
2194 3123 2294 3165 nos
2325 3109 2542 3180 quidem
2581 3127 2702 3167 eum
2733 3129 2796 3169 ea
2837 3130 2958 3186 qua:
2987 3119 3107 3172 vitae
3136 3118 3374 3189 ipsorum
3401 3135 3465 3176 ac

1910 3197 2131 3252 nefariis
2156 3200 2442 3255 conatibus
2480 3211 2793 3272 competunt
2812 3246 2828 3267 ,
2873 3207 3052 3262 serius
3080 3217 3297 3278 propter
3319 3211 3466 3280 ipso-

1906 3305 2026 3343 rum
2055 3290 2290 3346 latebras
2311 3291 2852 3362 deprehendissemus
2873 3336 2888 3361 ,
2923 3304 3196 3354 communi
3221 3305 3462 3358 omnium

1907 3377 2164 3449 sulfragio
2193 3395 2260 3435 ex
2283 3389 2425 3436 cmtu
2450 3382 2704 3441 Ecclesiae
2733 3402 2852 3456 quae
2890 3387 3091 3446 Christi
3124 3391 3461 3449 divinitatem

1905 3473 2115 3535 adorat,
2143 3489 2237 3530 eos
2273 3475 2554 3544 ejecimus.
2608 3477 2716 3549 Ipsi
2757 3495 2885 3536 vero
2911 3491 3101 3538 contra
3135 3501 3236 3542 nos
3275 3488 3380 3542 huc
3407 3497 3462 3544 et

1906 3565 2033 3621 illuc
2054 3565 2444 3631 discurrentes,
2477 3569 2544 3624 ad
2581 3572 2816 3643 collegas
2858 3582 3078 3632 nostros
3103 3577 3244 3634 idem
3275 3580 3461 3636 nobis-

1906 3672 2027 3712 cum
2055 3658 2347 3714 sentientes
2374 3659 2643 3730 proﬁcisci
2696 3662 3084 3722 instituerunt:
3130 3668 3310 3737 specie
3339 3671 3460 3740 qui-

1904 3747 2025 3802 dem
2056 3762 2241 3817 pacem
2271 3755 2325 3804 et
2356 3751 2703 3806 concordiam
2741 3761 2991 3824 expetere
3015 3772 3074 3812 se
3103 3758 3456 3829 simulantes;

1906 3849 1964 3890 re
1992 3839 2107 3906 ipsa
2137 3852 2265 3893 vero
2293 3839 2556 3908 quosdam
2585 3856 2771 3898 eorum
2799 3843 3008 3900 blandis
3033 3849 3376 3906 sermonibus
3401 3851 3456 3907 in

1903 3943 2144 3984 errorem
2175 3946 2332 3985 suum
2361 3931 2645 3988 traducere
2672 3944 2950 3992 conantes.
2987 3940 3030 3991 A
3058 3940 3257 4009 quibus
3289 3945 3456 3999 etiam

1903 4020 2242 4076 verbosiores
2272 4023 2528 4091 epistolas
2577 4024 2845 4096 ﬂagitant,
2883 4036 2942 4083 ut
2971 4045 3062 4086 eas
3091 4032 3330 4103 legentes
3358 4035 3456 4091 bo-

1904 4110 2141 4168 minibus
2173 4127 2312 4182 quos
2341 4114 2442 4184 ipsi
2465 4115 2792 4186 deceperunt
2811 4159 2828 4181 ,
2879 4135 2974 4176 eos
3020 4123 3367 4190 pertinaciter
3397 4126 3454 4182 in

1903 4219 2088 4261 errore
2122 4223 2466 4277 perseverare
2497 4212 2696 4267 faciant
2742 4213 2946 4284 absque
2985 4209 3096 4270 ullo
3125 4218 3455 4288 pmnitentia:

1904 4317 2067 4358 sensu
2101 4305 2154 4358 in
2207 4305 2480 4375 impietate
2515 4309 2829 4376 obduratos,
2860 4313 3017 4381 quasi
3051 4313 3145 4384 qui
3171 4314 3454 4385 episcopos

1905 4394 2042 4448 idem
2071 4411 2255 4451 secum
2285 4399 2578 4456 sentientes
2596 4416 2660 4457 ac
2689 4402 2790 4457 sibi
2819 4403 3175 4474 sutl‘ragantes
3196 4405 3450 4461 habeant.

241 4462 428 4529 -ξαντο,
479 4465 828 4535 ὁμολογοῦσιν
890 4471 1089 4536 αὐτοῖς,
1138 4472 1203 4526 δι’
1243 4473 1278 4528 ἃ
1325 4477 1415 4530 καὶ
1455 4478 1795 4553 ἐξώσθησαν·

1911 4485 1978 4539 Ea
2009 4501 2171 4556 porro
2214 4505 2333 4559 qua:
2390 4491 2532 4561 apud
2580 4507 2680 4548 nos
2731 4462 3017 4563 perperan;
3053 4494 3352 4551 docuerunt
3398 4504 3452 4551 et

322 4662 395 4744 (5)
415 4663 531 4732 Τὴν
552 4665 1320 4744 ῥκείνομΧριστεμπορείαν.
1351 4676 1798 4744 Colluthus,’cum

242 4740 394 4816 esset
421 4737 705 4816 presbyter
732 4737 1100 4816 Aleiandriaa,
1130 4737 1446 4816 arrogantia
1493 4765 1554 4803 ac
1584 4737 1800 4808 temeri-

245 4809 359 4855 tate
380 4807 559 4892 ι(ςιίξιιιε
582 4848 597 4871 ,
642 4823 760 4892 pro_
787 4812 1041 4883 episcopo
1073 4828 1132 4892 _s_e
1175 4807 1448 4892 gesserat,
1493 4807 1800 4892 multosque

252 4873 597 4964 presbyteros
627 4873 1358 4964 aediac'onos'ordinaVerat.
1389 4873 1598 4964 Verum
1613 4873 1800 4964 inist

250 4942 392 5026 nodo
418 4942 759 5026 Alexandria
805 4960 1128 5026 congregata
1161 4966 1373 5010 cunctae
1419 4959 1538 5026 ejus
1561 4942 1823 5016 hilaria»

247 5016 645 5097 tionespostea
686 5016 936 5097 rescissa?
975 5016 1132 5088 sunt;
1175 5033 1228 5097 et
1265 5016 1574 5097 quicunque
1617 5033 1685 5086 ab
1733 5047 1798 5087 eo

247 5081 476 5166 ordinati
501 5085 734 5166 fuerant,
768 5090 822 5143 in
849 5081 1374 5166 laicoﬁrum'ordin'em
1406 5081 1536 5152 sunt
1553 5081 1795 5166 redacti,

251 5158 308 5203 ut
349 5159 578 5235 testatur
604 5157 933 5235 Athanasius
980 5165 1033 5215 in
1061 5163 1391 5235 Apologelico
1435 5171 1659 5224 secundo
1701 5157 1799 5225 ad;

250 5223 701 5301 eersus__Arianos.
730 5227 870 5283 Hinc
908 5240 1129 5301 apparet
1167 5223 1265 5288 cuvr
1286 5236 1586 5293 Alexander
1614 5223 1801 5295 Collu-

250 5290 399 5374 thum
424 5294 841 5374 Χριστέμπορον
872 5290 1044 5362 vocet,
1069 5317 1134 5356 eo
1164 5306 1306 5374 quod
1339 5290 1798 5365 scilicet—ordina-

250 5361 424 5445 tiones
446 5361 824 5445 venderet,:et
847 5385 910 5424 ex
941 5361 1198 5426 manuuui
1232 5361 1798 5445 impositione'acure-

250 5429 799 5512 liqluils‘saeramentis
829 5449 1097 5512 quaestum
1126 5429 1390 5512 captar'et.

312 5500 595 5584 (ϐξ-ᾁόξης
609 5500 885 5584 desum}.
916 5509 974 5562 In
987 5500 1368 5584 _ma_nuscripto
1380 5500 1564 5572 codice
1582 5516 1798 5575 Henrici

252 5567 464 5648 Siavilii,
485 5567 556 5648 in
571 5567 737 5648 :regio
763 5578 952 5634 codice
973 5577 1028 5648 il.
1055 5567 1183 5636 Pini'
1201 5621 1216 5648 ,
1246 5567 1302 5639 οἷ
1319 5567 1796 5644 fin—editione};

250 5641 454 5728 siliensi
485 5641 678 5728 legitur
690 5645 944 5728 ἀλήκτου.
973 5641 1252 5728 Vulgatain
1271 5661 1449 5728 tamen
1467 5641 1795 5728 scripturam

251 5715 724 5792 tuenturgreliquin
758 5715 1009 5792 codices,
1051 5715 1104 5776 et
1137 5721 1421 5792 Epiphanii
1471 5715 1795 5786 Scholastiei

251 5779 647 5852 interpretatio:
691 5785 795 5844 Sed
821 5797 874 5847 et
906 5791 962 5846 in
988 5779 1224 5851 editione
1238 5779 1795 5870 'Basiliensivpronhis-

1896 4686 2077 4768 verbis
2107 4683 2255 4768 παρὰ
2275 4688 2351 4759 τῷ
2381 4691 2574 4768 ῌατρί,
2613 4692 2986 4768 κείων-παρά
3006 4694 3107 4768 τοῦ
3123 4695 3353 4768 Πατρός.

1968 4757 2042 4827 (7)
2073 4757 2166 4834 _At’
2192 4757 2470 4834 ἐντψιίας
2503 4757 2929 4834 ’γυναῖκᾱρίωνξ
2958 4757 3262 4834 Amplectoi'
3287 4757 3454 4822 inter-

1897 4827 2595 4906 pretationemCamerarii,
2628 4834 2720 4902 qui
2751 4827 3173 4906 si_c_vertit.'per
3199 4837 3450 4906 interpel-
3533 4886 3537 4890 .

1899 4897 2117 4976 lationes
2155 4897 2762 4976 ptulierqutqrunt,_'etc.
2798 4902 2905 4957 Nec
2939 4897 3451 4976 male'Epiphanius

1900 4965 2272 5046 §_ch_olasticus
2301 4968 2592 5046 additiones
2615 4973 3016 5046 interpretatur.
3039 4965 3448 5046 Intelligitenim

1899 5036 2110 5111 libellos
2164 5039 2572 5111 accusationum
2597 5080 2610 5101 ,
2644 5036 2782 5111 quos
2817 5043 3070 5100 mulieres
3122 5046 3190 5099 ab
3214 5036 3452 5104 'Arianis

1901 5105 2211 5179 subornata:
2243 5107 2588 5178 porrigebant
2605 5105 2879 5179 ju'dicibus
2930 5114 3189 5170 adversus
3217 5117 3450 5172 Alexan-

1897 5174 2053 5256 drum
2099 5174 2420 5256 episcopum
2465 5174 2818 5256 Alexandriae:
2873 5181 3016 5238 Sane
3073 5187 3293 5256 ἐντυχία
3353 5202 3452 5256 pro

1897 5245 2080 5321 libello
2104 5247 2334 5321 supplici
2360 5248 2595 5321 sumitur
2625 5251 2698 5321 ab
2728 5247 3046 5321 Athanasio,
3073 5264 3132 5311 ut
3159 5245 3447 5311 observavi

1897 5315 1954 5369 in
1971 5313 2411 5372 adnotationibus
2439 5316 2782 5376 Eusebianis.

1966 5384 2040 5455 (⁸)
2053 5385 2547 5473 Παμψηφξές-εῖῆς
2560 5389 3352 5473 Ἐῖικλησίαςιέξηλάοῐφμενο
3371 5391 3449 5473 βξ

1895 5453 2001 5532 his_
2033 5453 2214 5510 verbis
2260 5453 2567 5526 colligitur,
2627 5453 2775 5516 hanc
2817 5453 3100 5532 epiStol'ain
3155 5453 3448 5518 Alexandri

1896 5525 2154 5594 scriptam
2174 5541 2296 5581 esse
2323 5525 2446 5596 post
2472 5532 2734 5599 synodum
2769 5525 3186 5587 Alexandrinam
3214 5571 3228 5594 ,
3261 5533 3314 5585 in
3338 5547 3446 5600 qua

1896 5593 2184 5672 damnatus
2211 5603 2328 5651 erat
2347 5597 2522 5672 Arius_
2535 5615 2669 5672 cum,
2689 5603 2871 5672 sociis.
2894 5600 3038 5656 Duas
3063 5609 3264 5672 autem,
3284 5615 3448 5672 syno-

1897 5664 2008 5740 dos_
2049 5665 2426 5740 episcoporum
2457 5667 2676 5740 Egypti
2717 5671 2976 5726 adversus
3004 5670 3189 5723 Arium
3220 5664 3448 5740 ejusque

1897 5735 2078 5811 socios
2107 5735 2322 5811 collegit
2348 5735 2652 5811 Alexander
2673 5743 2961 5811 episcopus
2992 5735 3332 5796 Alexandriae
3349 5735 3372 5807 ζ
3389 5746 3450 5796 ut

1898 5805 2039 5860 infra
2071 5805 2317 5878 pluribus
2343 5805 2714 5866 ostendemus.
