4088 6284
352 329 459 383 557

1775 325 2152 385 EPISTOL/E.

3485 330 3586 386 553

361 458 514 511 γειν;
558 441 888 514 ’Δδιανὸητον
918 442 1023 513 γὰρ
1055 443 1164 509 (20)
1197 445 1286 498 καὶ
1320 445 1496 514 πάσης
1532 444 1768 513 ἀμαθίας
1798 447 1927 500 ἀνά-

2035 456 2379 518 tempestates
2430 446 2689 510 condidit,
2746 448 2797 500 in
2851 446 3046 516 quibus
3093 445 3245 512 illud,
3302 462 3402 499 non
3454 454 3584 498 erat.

362 537 562 602 πλεων,
596 536 689 592 τὸν
730 538 897 591 αἴτιον
931 539 1217 609 γενόμενόν
1254 556 1414 606 τινος,
1457 541 1616 595 αὐτὸν
1647 544 1931 612 μεταγενὲ-

366 642 554 700 στερον
577 626 755 697 λέγειν
791 629 890 699 τῆς
931 631 1136 683 ἐκείνου
1164 632 1442 699 γενέσεως.
1477 634 1799 705 Προηγεῖται
1825 635 1931 706 γὰρ

364 722 486 774 κατ’
511 719 706 784 αὐτοὺς
735 721 832 792 τῆς
860 721 927 775 τά
955 722 1051 775 ὅλα
1090 723 1521 797 δημιουργούσης
1560 726 1652 780 τοῦ
1679 726 1813 781 Θεοῦ
1844 745 1931 781 σο-

362 811 493 879 φίας
522 811 697 865 ἐκεῖνο
735 811 794 865 τὸ
821 811 1113 883 διάστημα,
1154 815 1212 868 ὲν
1251 807 1297 883 ᾧ
1325 832 1456 885 φασι
1503 817 1575 889 μὴ
1606 817 1929 889 γεγενῆσθαι

359 905 452 959 τὸν
480 905 606 959 Υίὸν
650 905 753 959 ὑπὸ
802 905 896 960 τοῦ
939 907 1170 979 Πατρός·
1213 910 1546 983 ψευδομένης
1586 917 1703 967 κατ’
1738 915 1930 977 αὐτοὺς

361 996 574 1068 καὶτῆς
593 999 971 1066 Πρωτότοκον
987 1000 1145 1054 αὑτὸν
1168 996 1303 1055 εἶναι
1319 1002 1521 1072 πάσης
1538 1006 1784 1074 κτίσεως
1804 1009 1930 1063 ἀνα-

359 1088 694 1162 γορευούσης
729 1090 969 1161 Γραφῆς.
1020 1090 1289 1162 Σύμφωνα
1316 1094 1445 1163 γοῦν
1473 1097 1679 1162 τούτοις
1714 1097 1813 1169 βοᾷ
1839 1100 1929 1152 καὶ

356 1183 389 1236 6
417 1182 924 1254 μεγαλοφωνότατος
945 1184 1172 1250 Παῦλος,
1206 1187 1427 1257 φάσκων
1458 1190 1584 1261 περὶ
1610 1190 1792 1244 αὑτοῦ·
1831 1192 1931 1243 Ὃν

356 1275 537 1345 ἔθηκε
573 1279 950 1348 κληρονόμον
990 1277 1248 1341 πάντων.
1274 1280 1350 1334 δι’
1375 1278 1447 1337 οὗ
1491 1283 1587 1337 καὶ
1626 1284 1767 1350 τοὺς
1799 1283 1930 1338 αἰῶ-

356 1385 473 1435 νας
524 1369 829 1439 ἐποίησεν.
894 1370 1052 1424 Ἀλλὰ
1093 1372 1187 1424 καὶ
1235 1370 1303 1423 ἐν
1352 1371 1512 1437 αὐτῷ
1559 1374 1804 1444 ἐκτίσθη
1860 1376 1929 1429 τὰ

359 1460 578 1527 πάντα,
606 1460 681 1515 τὰ
716 1460 787 1515 ἐν
819 1461 941 1528 τοῖς
968 1460 1244 1530 οὐρανοῖς
1275 1463 1372 1516 καί
1414 1462 1484 1517 τὰ
1528 1463 1628 1518 ἐπὶ
1659 1464 1768 1533 τῆς
1798 1465 1925 1534 γῆς,

357 1551 435 1605 τὰ
461 1552 642 1620 ὁρατὰ
679 1552 778 1606 καὶ
808 1553 880 1607 τὰ
918 1554 1160 1621 ἀόρατα,
1200 1553 1320 1608 εἴτε
1367 1555 1574 1623 ἀρχαὶ,
1614 1556 1733 1609 site
1762 1557 1931 1622 ἐξου-

358 1642 509 1704 σίαι,
543 1641 661 1695 εἴτε
690 1644 1064 1711 κυριότητες,
1094 1644 1213 1699 εἴτε
1246 1646 1464 1715 θρόνοιι
1494 1647 1690 1702 πάντα
1720 1649 1793 1703 δι’
1826 1653 1930 1705 αὺ-

358 1732 468 1786 τοῦ
507 1732 605 1787 καὶ
647 1733 945 1820 είς-αὐτὸν
988 1734 1272 1791 ἔκτισταιο
1308 1738 1406 1791 καί
1439 1741 1620 1805 αὐτός
1657 1740 1786 1795 ἐστι
1816 1743 1927 1811 πρὸ

360 1823 620 1879 πάντων.

434 2000 546 2057 VII.
590 2002 976 2076 Ἀσεὸεστάτης
1009 2001 1100 2060 οῦν
1127 2008 1385 2079 φανείσης
1421 2009 1519 2079 τῆς
1540 2008 1597 2075 ἐξ
1641 2009 1740 2063 οὐκ
1764 2009 1930 2064 ὄντων

359 2092 686 2160 ὑποθέσεως,
719 2093 927 2167 ἀνάγκη
967 2096 1058 2151 τὸν
1104 2098 1321 2169 Πατέρα
1358 2099 1446 2151 ἀεὶ
1485 2095 1625 2153 εἶναι
1676 2101 1894 2173 Πατέρα
1914 2121 1926 2133 ·

358 2182 474 2237 ἐστι
581 2184 771 2257 Πατὴρ
802 2186 889 2240 ἀεὶ
921 2186 1183 2259 παρόντος
1208 2186 1303 2241 τοῦ
1336 2186 1490 2253 Υίοῦ,
1522 2188 1589 2241 δι’
1621 2188 1679 2242 ὂν
1719 2207 1932 2263 χρημα-

358 2274 497 2340 τίζει
532 2277 721 2350 Πατήρ
748 2278 882 2351 (21).
926 2280 1034 2334 Ἀεὶ
1071 2280 1129 2335 δὲ
1179 2282 1442 2353 παρόντος
1480 2281 1627 2352 αὐτῷ
1659 2283 1750 2337 τοῦ
1779 2284 1929 2348 Υίοῦ,

360 2368 445 2422 ἀεί
484 2370 630 2423 ἐστιν
650 2370 679 2422 6
730 2370 920 2443 Πατὴρ
959 2371 1182 2435 τέλειος,
1219 2371 1507 2445 ἀνελλιπὴς
1543 2376 1824 2445 τυγχάνων
1872 2380 1930 2430 ὲν

358 2458 436 2529 τῷ
470 2458 650 2530 καλῷ·
686 2459 746 2513 οὑ
776 2460 1059 2532 χρονικῶς,
1088 2462 1206 2516 οὐδὲ
1233 2464 1298 2517 ἐκ
1324 2464 1704 2537 διαστήματος,
1726 2468 1846 2522 οὐδὲ
1872 2467 1932 2533 ἐξ

358 2550 457 2603 οὑκ
500 2550 667 2604 όντων
710 2553 973 2622 γεννήσας
1020 2553 1111 2606 τὸν
1162 2556 1421 2627 μονογενῆ
1456 2557 1601 2611 Υἱόν.
1633 2559 1697 2611 Τί
1741 2558 1797 2612 δὲ
1832 2560 1931 2613 οὐκ

358 2640 572 2694 ἀνόσιον
614 2640 677 2694 τὸ
717 2641 927 2710 λέγειν,
976 2643 1108 2695 ποτὲ
1154 2643 1229 2714 μὴ
1272 2640 1410 2700 εἶναι
1456 2646 1554 2719 τὴν
1609 2650 1807 2719 Σοφίαν
1838 2650 1930 2704 τοῦ

359 2732 516 2797 θεοῦ,
546 2731 643 2805 τὴν
686 2732 967 2802 λέγουσαν
1016 2735 1163 2806 Ἐγὼ
1201 2735 1362 2805 ἤμην
1393 2741 1526 2807 παρ’
1563 2741 1723 2808 αὐτῷ
1756 2743 1932 2812 ἁρμό-

356 2821 561 2892 ζουσα,
606 2824 721 2895 ἐγὼ
766 2825 927 2896 ἥμην
952 2820 994 2898 ᾗ
1024 2825 1422 2896 προσέχαιρεν
1443 2846 1456 2859 ·
1493 2829 1526 2901 ἢ
1575 2832 1673 2903 τὴν
1709 2832 1931 2905 δύναμιν

357 2917 453 2971 τοῦ
504 2916 637 2978 Θεοῦ
691 2918 765 2989 μὴ
814 2918 1076 2991 ὑπάρχειν
1121 2920 1277 2973 ποτέ·
1318 2921 1351 2991 ἢ
1410 2920 1499 2976 τὸν
1549 2924 1720 2992 Λόγον
1768 2925 1931 2981 αὑτοῦ

359 3011 800 3082 ὴκρωτηριᾶσθαι
828 3011 959 3065 ποτε
976 3028 989 3041 ·
1029 3010 1062 3084 ἢ
1086 3011 1153 3065 τὰ
1187 3012 1319 3067 ἄλλα
1343 3012 1401 3079 ἐξ
1424 3007 1496 3069 ὧν
1521 3016 1549 3069 6
1582 3015 1705 3082 Υἱὸς
1733 3020 1932 3091 γνωρί-

2032 538 2318 594 confusum
2357 547 2459 603 est,
2501 542 2675 608 ipsum
2724 539 3015 609 aliquando
3049 553 3157 592 non
3200 537 3477 593 exstitisse
3506 536 3590 589 di-

2033 633 2191 688 cere?
2239 632 2331 688 Est
2362 632 2504 688 enim
2551 630 2787 687 alienum
2825 648 2854 685 a
2877 647 3040 687 sensu
3083 631 3339 700 omnique
3369 631 3587 700 plenum

2035 725 2266 789 inscitia,
2293 740 2414 779 eum
2454 724 2546 794 qui
2587 722 2819 793 alicujus
2850 723 2925 778 rei
2955 730 3144 777 auctor
3187 723 3278 786 sit,
3311 722 3497 777 eadem
3530 736 3591 777 re

2033 818 2388 888 posteriorem
2421 814 2708 869 amrmare.
2747 813 2956 883 Quippe
2999 812 3154 881 juxta
3200 812 3416 867 illorum
3459 827 3587 867 sen-

2033 910 2280 975 tentiam,
2321 910 2552 980 spatium
2589 908 2850 978 temporis
2879 921 2987 977 quo
3040 906 3227 960 dicunt
3268 902 3463 958 Filium
3493 903 3588 958 Dei

2032 1017 2140 1057 non
2170 1003 2444 1056 exstitisse
2488 1016 2550 1056 ex
2602 997 2782 1063 Patre,
2824 997 3104 1068 praecessit
3135 995 3455 1065 sapientiam
3494 993 3588 1049 Dei

2032 1092 2271 1149 omnium
2314 1107 2496 1147 rerum
2546 1090 2941 1146 conditricem:
2974 1087 3340 1157 mentiturque
3388 1099 3587 1141 secun-

2031 1185 2158 1238 dum
2186 1198 2280 1238 eos
2312 1180 2614 1251 Scriptura.
2640 1196 2759 1250 qua:
2798 1179 3207 1249 Primogenitum
3236 1177 3404 1230 omnis
3436 1191 3587 1230 crea-

2033 1286 2166 1330 tura:
2195 1275 2346 1328 illum
2386 1283 2542 1328 vocat
2568 1274 2630 1327 ".
2676 1270 2884 1338 Quibus
2914 1285 3154 1327 consona
3198 1278 3472 1341 suntquae
3503 1285 3589 1325 vo-

2030 1364 2340 1419 calissimus
2388 1361 2587 1417 Paulus
2615 1360 2683 1417 de
2729 1361 2820 1415 illo
2851 1360 3132 1431 praedicat,
3181 1360 3255 1414 ita
3288 1360 3477 1417 dicens
3504 1360 3584 1416 "z

2034 1456 2196 1523 Quem
2220 1455 2487 1511 constituit
2514 1452 2765 1508 liceredem
2797 1454 3155 1507 universorum
3182 1468 3309 1522 :per
3337 1470 3487 1524 quem
3509 1453 3588 1523 fe-

2033 1547 2099 1600 cit
2132 1556 2181 1600 et
2213 1545 2428 1601 secula.
2462 1543 2567 1599 Sed
2597 1552 2650 1600 et
2675 1544 2718 1575 “
2748 1544 2801 1597 in
2828 1544 2938 1613 ipso
2968 1542 3180 1597 condita
3207 1553 3328 1598 sunt
3350 1547 3591 1601 universa

2031 1638 2088 1692 in
2113 1639 2256 1693 caelis
2281 1646 2331 1691 et
2364 1638 2419 1691 in
2455 1645 2616 1700 terra,
2654 1633 2883 1689 visibilia
2903 1643 2951 1688 et
2990 1633 3295 1699 invisibilia,
3319 1637 3423 1689 sive
3444 1638 3592 1705 prin-

2034 1729 2275 1799 cipatus,
2332 1729 2437 1783 sive
2493 1735 2805 1796 potestates,
2860 1725 2963 1780 sive
3014 1725 3431 1792 dominationes,
3489 1728 3592 1782 sive

1961 1803 2002 1856 Β
2035 1817 2247 1873 throni:
2276 1818 2451 1873 omnia
2491 1834 2582 1886 per
2626 1816 2791 1885 ipsum
2841 1823 3016 1870 creata
3067 1825 3230 1870 sunt:
3279 1826 3328 1872 et
3371 1817 3478 1887 ipse
3514 1826 3592 1872 est

2034 1920 2153 1966 ante
2178 1912 2375 1966 omnia.

2104 2003 2213 2059 νη.
2236 2002 2472 2059 Proinde
2500 2018 2623 2058 cum
2656 2003 2724 2057 ab
2752 2003 2899 2057 omni
2946 2001 3147 2072 pietate
3203 2000 3590 2057 alienissimam

2033 2112 2155 2154 esse
2175 2104 2435 2169 appareat
2467 2095 2789 2151 sententiam
2819 2094 2966 2147 illam
2988 2092 3055 2147 de
3083 2107 3193 2146 non
3225 2092 3588 2153 exstantibus,

2033 2187 2345 2243 necessario
2366 2186 2654 2243 dicendum
2686 2194 2790 2252 est,
2824 2183 3039 2239 Patrem
3079 2198 3294 2255 semper
3339 2198 3464 2239 esse
3492 2181 3592 2236 Pa-

2034 2288 2190 2334 trem.
2239 2277 2401 2334 Pater
2448 2288 2629 2334 autem
2669 2285 2773 2342 est,
2804 2282 3071 2347 praesente
3098 2289 3311 2345 semper
3332 2272 3490 2340 Filio,
3522 2275 3592 2329 ob

2033 2387 2193 2443 quem
2226 2370 2430 2426 dicitur
2453 2368 2632 2425 Pater.
2678 2368 2947 2436 Quocirca
2981 2383 3105 2423 cum
3139 2382 3352 2438 semper
3379 2368 3431 2423 ei
3458 2382 3591 2437 prae-

2035 2480 2162 2521 sens
2191 2464 2262 2520 sit
2286 2462 2479 2529 Filius,
2510 2477 2723 2533 semper
2752 2472 2836 2519 est
2856 2462 3128 2533 perfectus
3155 2459 3339 2526 Pater,
3364 2462 3511 2515 nulla
3532 2477 3591 2514 re

2034 2559 2325 2616 destitutus
2354 2559 2410 2612 in
2428 2559 2570 2613 bono
2590 2576 2601 2612 :
2618 2556 2710 2627 qui
2729 2572 2837 2611 non
2856 2556 2908 2610 in
2931 2563 3192 2625 tempore,
3224 2569 3401 2625 neque
3421 2554 3560 2611 exin
3576 2584 3590 2595 -

2034 2652 2510 2723 tervallo,nequee
2536 2666 2644 2705 non
2667 2650 3030 2712 exstantibus.
3050 2648 3267 2703 unicum
3287 2646 3478 2702 Filium
3504 2662 3582 2719 ge-

2034 2742 2172 2799 nuit.
2188 2741 2471 2809 Quomodo
2497 2750 2677 2795 autcm
2698 2740 2919 2811 impium
2938 2754 3046 2793 non
3064 2738 3346 2804 sitdicere,
3363 2738 3589 2809 Sapien-

2035 2835 2164 2890 tiam
2179 2833 2275 2890 Dei
2307 2832 2599 2904 aliquando
2622 2847 2730 2887 non
2752 2832 3174 2902 exstitisse,qu:e
3190 2832 3257 2887 de
3290 2846 3348 2887 se
3376 2831 3492 2901 ipsa
3518 2833 3593 2885 ita

2035 2924 2276 2996 loquitur
2289 2924 2333 2955 ³⁵
2355 2942 2370 2980 :
2389 2922 2499 2993 Ego
2518 2940 2663 2977 eram
2685 2923 2824 2994 apud
2842 2923 3013 2993 ipsum
3043 2932 3231 2977 cuncta
3249 2939 3556 2994 componens
3573 2939 3593 2979 :

2033 3032 2125 3087 ego
2162 3031 2310 3069 eram
2353 3015 2437 3069 cui
2488 3013 2861 3086 adgaudebat.’
2926 3021 3018 3069 aut
3064 3014 3317 3070 virtutem
3354 3012 3448 3070 Dei
3499 3015 3597 3067 ali-

361 3103 530 3169 ζεται,
571 3104 666 3158 καὶ
699 3106 728 3159 6
768 3103 956 3176 Πατὴρ
996 3105 1585 3178 χαρακτηρίζεται;Τὸ
1610 3110 1717 3184 γὰρ
1750 3112 1928 3168 ἀπαύ-

2033 3107 2252 3178 quando
2279 3121 2385 3162 non
2410 3106 2688 3162 exstitisse
2720 3123 2733 3159 :
2768 3112 2860 3160 aut
2888 3102 3123 3161 Verbum
3154 3105 3272 3175 ejus
3304 3103 3596 3175 aliquando

359 3210 545 3266 γασμα
570 3196 667 3266 τῆς
696 3195 854 3269 δόξης
895 3198 970 3268 μὴ
1002 3193 1138 3252 εἶναι
1178 3198 1374 3269 λέγειν,
1404 3205 1714 3273 συναναιρεί
1738 3206 1832 3259 καὶ
1866 3204 1927 3259 τὸ

359 3285 707 3358 πρωτότυπον
746 3287 881 3357 φῶς,
921 3284 983 3345 οὗ
1021 3291 1167 3345 ἐστιν
1189 3292 1548 3365 ἀπαύγασμα.
1577 3296 1640 3349 Et
1679 3295 1737 3350 δὲ
1769 3299 1863 3351 καὶ
1893 3301 1926 3370 ἠ

359 3376 520 3431 εἰκὼν
543 3378 638 3432 τοῦ
678 3378 812 3433 Θεοῦ
843 3378 943 3432 οὑκ
975 3375 1043 3452 ἦν
1083 3382 1189 3450 ἀεὶ,
1218 3383 1376 3455 δῆλον
1414 3387 1496 3439 ὅτι
1527 3387 1634 3440 οὐδ’
1672 3383 1734 3443 οὗ
1782 3391 1926 3444 ἐστιν

359 3469 540 3536 εἰκὼν,
561 3470 707 3525 ἔστιν
729 3472 835 3526 ἀεί.
875 3471 1034 3531 Ἀλλὰ
1052 3475 1148 3529 καὶ
1170 3475 1247 3548 τῷ
1276 3477 1351 3549 μὴ
1374 3475 1509 3533 εἶναι
1555 3480 1645 3535 τὸν
1673 3483 1771 3552 τῆς
1800 3484 1929 3536 ὑπο-

361 3562 599 3627 στάσεως
638 3562 731 3616 τοῦ
768 3563 902 3617 Θεοῦ
935 3566 1273 3638 χαρακτῆρα,
1309 3575 1709 3645 συναναιρεῖται
1737 3576 1926 3628 κακεῖ-

359 3666 469 3716 νος,
492 3654 521 3704 ὁ
559 3653 773 3716 πάντως
798 3656 926 3724 παρτ
964 3654 1126 3708 αὐτοῦ
1159 3660 1708 3734 χαρακτηριζόμενος·
1754 3665 1843 3731 Ἐξ
1862 3660 1928 3737 ἦς

358 3741 507 3794 ἔστιν
534 3740 660 3796 ίδεῖν
686 3742 782 3815 τὴν
816 3744 1034 3816 υίότητα
1058 3748 1152 3801 τοῦ
1197 3751 1445 3823 Σωτῆρος
1474 3753 1653 3823 ἡμῶν,
1679 3755 1928 3827 οὐδεμίαν

360 3829 589 3901 ἔχουσαν
614 3832 894 3887 κοινωνίαν
923 3835 1059 3920 πρὸς
1076 3836 1173 3908 τὴν
1207 3838 1314 3894 τῶν
1339 3839 1539 3896 λοιπῶν
1570 3844 1809 3915 υἰότητα.
1835 3848 1929 3901 Ὃν

360 3922 559 3994 τρόπον
585 3923 692 3996 γὰρ
727 3925 760 3995 ὴ
799 3925 1033 3998 ἄῤῥητος
1075 3929 1238 3983 αὑτοῦ
1270 3931 1579 3999 ὑπόστασις,
1616 3936 1929 4010 ἁσυγκρίτῳ

239 4090 245 4097 .
361 4014 600 4088 ὑπεροχῇ
644 4016 855 4089 ἐδείχθη
901 4018 1266 4094 ὑπερκειμένη
1302 4023 1515 4080 πάντων
1565 4022 1645 4091 οἷς
1678 4028 1841 4091 αὐτὸς
1871 4031 1930 4084 τὸ

361 4104 501 4162 εῖναι
523 4109 831 4181 ἐχαρίσατο,
858 4109 1030 4176 οὕτως
1064 4115 1156 4168 καὶ
1176 4116 1424 4189 quidam;
1454 4118 1618 4173 αὐτοῦ
1656 4120 1797 4174 κατὰ
1826 4122 1907 4191 φύ-

361 4212 447 4252 σιν
467 4198 801 4270 τυγχάνουσα
820 4200 918 4272 τῆς
950 4204 1218 4280 πατρικῆς
1249 4204 1519 4277 θεότητος,
1537 4208 1745 4281 ἁλέκτῳ
1764 4211 1931 4285 ὑπερ-

361 4295 461 4364 οχῇ
513 4292 758 4364 διαφέρει
802 4294 908 4348 τῶν
960 4294 1025 4350 δι’
1073 4297 1240 4352 αὑτοῦ
1288 4298 1433 4353 θέσει
1493 4301 1925 4373 υἱοθετηθέντων.

375 4384 433 4437 '0
465 4384 561 4456 μὲν
587 4383 697 4457 γὰρ
737 4385 1008 4456 ἀτρέπτου
1056 4388 1269 4459 φύσεως
1296 4393 1582 4463 τυγχάνει,
1616 4393 1816 4460 τέλειος
1854 4395 1928 4450 ὢν

2036 3201 2206 3257 fuisse
2234 3200 2543 3256 mutilatum
2583 3218 2595 3253 :
2621 3206 2714 3253 aut
2751 3199 2854 3252 alia
2893 3198 3216 3268 quandoque
3243 3196 3505 3263 defuisse,
3528 3213 3596 3252 ex

2036 3293 2234 3364 quibus
2274 3291 2446 3347 Filius
2480 3291 2827 3361 cognoscitur
2857 3299 2910 3345 et
2964 3289 3123 3345 Pater
3164 3289 3519 3360 designatur?
3547 3287 3597 3343 is

2034 3384 2179 3441 enim
2210 3385 2303 3455 qui
2333 3389 2495 3455 negat
2537 3382 2883 3453 splendorem
2911 3381 3095 3451 gloriae
3120 3381 3402 3446 exsistere,
3434 3379 3599 3435 simul

2036 3476 2178 3532 tollit
2213 3475 2548 3546 primitivum
2586 3476 2766 3530 lumen
2811 3473 2970 3544 cujus
3014 3480 3099 3529 est
3146 3472 3420 3543 splendor.
3455 3470 3521 3525 Et
3550 3472 3597 3527 si

2036 3569 2213 3640 imago
2240 3568 2333 3624 Dei
2357 3584 2579 3638 semper
2607 3583 2718 3622 non
2742 3566 2862 3631 fuit,
2883 3582 2983 3621 nec
3005 3566 3156 3621 illum
3186 3580 3400 3636 semper
3427 3564 3599 3621 fuisse

2036 3661 2207 3731 liquet
2246 3661 2405 3732 cujus
2450 3644 2627 3732 imago
2659 3667 2764 3716 est.
2806 3658 3047 3729 Denique
3089 3659 3336 3730 negando
3370 3658 3597 3730 ﬁguram

2037 3753 2355 3808 substantiae
2406 3751 2501 3807 Dei
2538 3766 2750 3821 semper
2799 3750 3001 3817 fuisse,
3036 3751 3198 3805 simul
3251 3751 3462 3805 tollitur
3508 3750 3598 3806 ille

2037 3844 2129 3915 qui
2167 3844 2406 3917 perfecte
2439 3845 2508 3899 ab
2554 3859 2617 3898 eo
2649 3843 2993 3913 exprimitur.
3025 3843 3101 3897 Ex
3140 3857 3250 3914 quo
3293 3844 3417 3898 licet
3445 3857 3597 3914 pers-

2037 3939 2243 4010 picere,
2277 3936 2588 3992 ﬁliationem
2622 3934 2926 3991 Servatoris
2959 3936 3133 3991 nostri
3190 3935 3327 3989 nihil
3375 3951 3596 4006 prorsus

2036 4029 2237 4084 habere
2261 4043 2549 4083 commune
2577 4043 2700 4081 cum
2746 4028 3080 4097 reliquorum
3133 4026 3410 4083 ﬁliatione.
3462 4026 3595 4081 Nam

2036 4121 2493 4194 quemadmodum
2565 4121 2993 4191 inexplicabilem
3049 4120 3168 4191 ejus
3236 4121 3595 4176 substantiam

2037 4212 2447 4284 incomparabili
2498 4212 2818 4267 excellentia
2876 4219 3138 4282 praestare
3186 4220 3462 4267 ostensum
3513 4220 3597 4267 es‘t

2036 4304 2262 4376 reliquis
2292 4304 2548 4360 omnibus
2583 4304 2782 4374 quibus
2809 4304 2900 4359 ille
2928 4304 3222 4360 essentiam
3265 4303 3482 4369 tribuit;
3517 4303 3597 4358 sic

2035 4409 2089 4457 et
2126 4399 2248 4469 ejus
2284 4398 2494 4464 ttliatio,
2526 4414 2647 4468 quae
2671 4399 2826 4468 juxta
2858 4404 3110 4452 naturam
3141 4405 3225 4453 est
3253 4406 3489 4468 paterna:
3516 4397 3598 4450 di-

363 4477 458 4532 καὶ
487 4478 574 4533 διὰ
608 4479 823 4535 πάντων
846 4482 1097 4554 ἀνενδεής
1120 4500 1134 4514 ’
1169 4485 1218 4538 οἱ
1245 4485 1323 4551 δὲ,
1356 4488 1420 4559 τῇ
1445 4487 1526 4551 είς
1555 4489 1788 4561 ἑκάτερα
1807 4507 1928 4562 τρο-

2032 4490 2298 4555 vinitatis,
2324 4489 2582 4545 ineffabili
2612 4490 2847 4560 quadam
2872 4491 3187 4560 praestantia
3218 4499 3439 4559 superat
3461 4489 3598 4544 filia-

363 4571 438 4640 πῇ
466 4569 829 4640 ὑποκείμενοι,
862 4571 960 4642 τῆς
1012 4573 1161 4645 παρὰ
1194 4575 1382 4629 τούτου
1424 4576 1671 4650 βοηθείας
1701 4580 1928 4636 δέονται.

364 4660 428 4713 Τί
462 4659 573 4733 γὰρ
592 4660 658 4716 ἂν
687 4662 781 4715 καὶ
807 4663 1077 4734 προκόψαι
1107 4665 1218 4738 ἔχοι
1243 4669 1277 4740 ἡ
1305 4668 1399 4722 τοῦ
1429 4670 1564 4724 Θεοῦ
1595 4672 1772 4742 σοφία,
1806 4673 1840 4745 ἢ
1878 4675 1930 4727 τί

363 4751 687 4824 προσλαϐεῖν
714 4754 748 4824 ἡ
787 4753 1164 4828 αὑτοαλήθεια,
1195 4759 1229 4830 ἢ
1268 4760 1297 4812 ὁ
1324 4760 1456 4825 Θεὸς
1481 4763 1684 4832 Λόγος;
1712 4764 1836 4830 Πῶς
1863 4763 1931 4819 ἂν

363 4836 475 4910 ἔχοι
519 4837 868 4911 βελτιωθῆναι
916 4844 950 4913 ἡ
1009 4843 1142 4917 ζωὴ,
1172 4846 1234 4900 τὸ
1286 4847 1535 4920 ἀληθινὸν
1589 4853 1733 4923 φῶς;
1767 4855 1831 4909 Ei
1875 4855 1932 4910 δὲ

361 4932 537 4996 τοῦτο,
567 4930 719 5003 πόσῳ
750 4931 911 4986 πλέον
941 4935 1204 5005 ἀφύσικον
1243 4941 1518 5012 τυγχάνει,
1556 4946 1768 5017 μωρίας
1800 4947 1930 5000 ποτὲ

361 5022 613 5097 δεκτικὴν
644 5024 894 5096 γενέσθαι
923 5027 1021 5099 τὴν
1050 5030 1262 5100 σοφίαν,
1293 5034 1327 5105 ἦ
1357 5036 1454 5106 τὴν
1477 5036 1571 5090 τοῦ
1600 5037 1735 5092 Θεοῦ
1770 5038 1928 5093 δύνα-

366 5134 456 5189 μιν
478 5119 730 5193 ἀσθενείᾳ
748 5122 1176 5197 προσπλακῆναι,
1199 5127 1233 5199 ἢ
1256 5126 1448 5200 ἀλογίᾳ
1467 5130 1559 5184 τὸν
1579 5128 1736 5200 λόγον
1762 5131 1932 5203 ἀμαυ-

366 5210 619 5281 ρωθῆναι,
654 5211 686 5284 ἢ
724 5212 804 5285 τῷ
840 5213 1075 5287 ἀληθινῷ
1118 5217 1256 5286 φωτὶ
1309 5218 1661 5293 ὲπιμιχθῆναι
1707 5223 1927 5291 σκότος;

359 5301 454 5356 τοῦ
488 5304 586 5373 μὲν
623 5306 944 5362 Ἀποστόλου
974 5310 1197 5367 αὐτόθεν
1219 5313 1464 5385 λέγοντος
1482 5334 1496 5348 ο
1533 5318 1629 5386 Τίς
1653 5322 1930 5376 κοινωνία

2034 4585 2238 4639 tionem
2266 4596 2453 4637 eorum
2485 4582 2581 4652 qui
2629 4596 2727 4651 per
2772 4581 2950 4651 ipsum
3003 4580 3244 4650 adoptati
3308 4589 3436 4635 sunt
3481 4581 3596 4634 lilii.

2032 4676 2168 4730 Nam
2195 4675 2312 4746 ipse
2349 4674 2568 4746 quidem
2622 4674 2978 4729 immutabilis
3021 4681 3106 4729 est
3157 4679 3390 4738 naturze,
3428 4673 3599 4729 unde-

2032 4782 2249 4837 cunque
2301 4766 2615 4837 perfectus,
2671 4779 2773 4820 nec
2813 4764 2979 4820 ullius
3030 4764 3109 4819 rei
3169 4764 3417 4834 indigens
3465 4783 3480 4820 :
3544 4764 3598 4817 lii

2035 4874 2185 4917 vero.
2206 4872 2329 4912 cum
2379 4858 2663 4912 mutationi
2702 4857 2758 4912 in
2792 4866 3081 4928 utramque
3113 4870 3325 4927 partem
3362 4857 3476 4913 sint
3502 4858 3599 4914 ob-

2037 4950 2207 5017 noxii,
2237 4965 2375 5021 opus
2410 4949 2611 5005 habent
2641 4951 2790 5005 illius
2819 4950 3039 5004 auxilio.
3077 4949 3252 5016 Quem
3297 4951 3443 5004 enim
3475 4965 3597 5020 pro-

2037 5043 2239 5098 fectum
2270 5041 2450 5097 facere
2477 5050 2656 5113 potest
2683 5040 2778 5096 Dei
2806 5041 3110 5111 sapientia?
3133 5041 3288 5109 Quod
3338 5057 3596 5113 augmen:

2036 5144 2151 5189 tum
2185 5134 2434 5205 accipere
2463 5140 2646 5205 potest
2680 5134 2799 5204 ipsa
2832 5133 3035 5190 veritas
3065 5142 3119 5188 et
3147 5133 3293 5189 Deus
3324 5132 3596 5189 Verbum?

2037 5227 2153 5294 Qua
2191 5227 2404 5283 ratione
2433 5227 2626 5282 melior
2680 5226 2793 5282 ﬁeri
2841 5227 3016 5297 possit
3055 5227 3164 5282 vita
3214 5236 3268 5283 et
3307 5227 3398 5280 lux
3432 5224 3601 5282 vera?

2037 5317 2192 5386 Quod
2227 5319 2275 5373 si
2303 5319 2376 5373 ita
2410 5333 2469 5374 se
2507 5317 2689 5383 habet,
2731 5326 2932 5390 quanto
2981 5318 3274 5374 absurdius
3296 5323 3399 5381 est,
3432 5322 3491 5368 ut
3509 5330 3598 5369 sa-

469 5463 512 5495 ²¹
544 5460 711 5518 Eceli.
750 5480 909 5533 xxiv,
940 5465 995 5519 5.
1076 5469 1120 5501 ¹⁸
1151 5469 1359 5528 Coloss.
1402 5488 1442 5538 l,
1475 5475 1562 5541 l5;
1586 5472 1745 5530 Hebr.
1765 5478 1873 5541 1,2.
1916 5479 1928 5508 ¹

2032 5475 2200 5535 οίοεδ.
2231 5492 2271 5542 1,
2304 5474 2393 5541 16,
2431 5475 2518 5530 17.
2599 5475 2640 5507 ¹³
2681 5474 2834 5530 Prov.
2868 5490 2985 5541 vm,
3012 5475 3099 5530 50.

430 5594 544 5678 (g0)
590 5598 971 5678 Ἀδιανόητον
1012 5606 1142 5676 γάρ.
1191 5604 1248 5659 In
1283 5608 1471 5665 codice
1504 5609 1701 5665 Leonis
1740 5611 1922 5666 Allatii

362 5673 632 5751 scriptum.
655 5678 740 5751 est
767 5673 1196 5751 eammeam
1222 5681 1403 5751 magis
1420 5682 1608 5749 probo.
1645 5682 1819 5751 Atque
1849 5685 1921 5736 ita
2028 5673 2149 5738 dice

2030 5754 2160 5835 legit
2185 5747 2945 5835 Epiplianius‘Scluilasticus.
2984 5749 3041 5805 ln
3070 5747 3216 5822 regio
3241 5748 3289 5805 J.
3322 5747 3442 5805 Pini
3469 5751 3593 5806 cod.

362 5738 490 5821 legit
538 5738 897 5821 Epiphanius
928 5738 1341 5804 scholasticus."
1389 5738 1479 5804 Sic
1528 5753 1672 5808 enim
1722 5738 1918 5809 {'ertit:

366 5806 601 5865 summ
623 5806 700 5868 est
729 5817 889 5881 enim,
919 5827 966 5870 et
1000 5822 1142 5874 omni
1171 5830 1378 5887 peccato
1401 5806 1630 5892 plenum,
1662 5832 1765 5879 Ltc.

2103 5611 2214 5736 (2|?
2246 5613 2309 5665 Δι
2360 5611 2391 5665 ὃ
2420 5612 2753 5681 χρηματίζει
2782 5612 3000 5678 Πατήρ.
3035 5609 3091 5664 1η
3110 5607 3481 5677 manuscripto
3502 5623 3597 5664 co-

2103 5698 2149 5736 :e
2214 5682 2411 5736 ‘lenrici
2455 5683 2641 5736 Savilii
2680 5685 2876 5736 lenitur
2903 5683 2969 5735 δι’
3000 5683 3080 5736 ὃν.
3111 5679 3384 5736 quomodo
3430 5680 3595 5733 etiam

2214 5679 2641 5759 ‘_|e_nl'_ici';Sai'ilii
2680 5685 2876 5759 legitur
2903 5683 2969 5735 δι’
2985 5683 3080 5759 ῥν,
3111 5679 3384 5759 quomodo
3426 5680 3595 5759 etiam

2032 5821 2498 5892 scriptuiii'inveni
2527 5825 2592 5878 δι’
2626 5821 2705 5881 οὑ.
