4088 6284
495 322 602 379 5ἴῖ9

1615 313 1670 368 S.
1715 310 2108 368 ALEXANDRI
2147 309 2606 372 ALEXANDBINI

3622 317 3728 372 560

500 437 705 508 pientia
735 430 1022 506 aliquando
1051 428 1294 486 stultitiae
1332 443 1498 500 capax
1547 427 1729 486 fuerit.
1778 434 1838 482 ut
1883 427 2036 482 virtu:

2158 426 2300 496 φωτί
2348 426 2495 495 πρὸς
2540 428 2776 495 σκότος,
2828 428 2866 498 ἣ
2921 407 3016 496 τίς,
3053 432 3448 502 συμφώνησις
3496 437 3732 507 Χριστῷ

498 527 590 586 Dei
622 524 920 583 inﬁrmitati
953 521 1248 592 conjuncta
1278 521 1368 586 sit,
1406 527 1498 574 aut
1533 528 1592 573 ιιι
1623 518 1760 572 ratio
1790 517 2055 573 obscura-

494 629 548 674 ta
581 620 744 677 fuerit
772 615 1045 679 vecordia,
1074 622 1167 668 aut
1197 613 1431 670 tenebrae
1457 627 1581 666 cum
1618 625 1741 664 vera
1771 610 1892 665 luce
1929 623 2056 680 per-

493 712 708 768 mixtae?
728 725 848 765 cum
869 707 1160 778 Apostolus
1189 706 1390 762 diserte
1411 703 1558 758 dicat
1576 703 1619 734 ¹⁶
1646 721 1658 756 :
1682 701 1813 768 Quae
1833 703 2054 757 societas

493 807 598 861 luci
618 823 736 860 cum
765 802 1006 861 tenebris.
1033 810 1122 854 aut
1151 815 1264 871 qua:
1284 795 1548 851 conventio
1570 793 1778 850 Christo
1809 811 1926 849 cum
1954 793 2054 850 Be—

493 899 628 956 lial?
661 904 713 954 et
748 897 1005 951 Salomon
1027 897 1068 931 '7
1096 899 1252 962 neget
1280 891 1396 946 ﬁeri
1426 904 1606 960 posse,
1633 895 1690 942 ut
1725 888 2054 960 cogitatione

490 987 982 1062 comprehendatur
1032 986 1114 1040 via
1173 981 1374 1038 colubri
1434 997 1587 1050 super
1634 991 1878 1049 petram,
1933 995 2054 1050 quae

488 1080 741 1136 Christus
787 1085 870 1134 est
925 1078 1081 1147 juxta
1139 1072 1466 1130 sententiam
1527 1070 1678 1124 Pauli
1702 1071 1763 1124 ’⁸.
1793 1068 2051 1124 Homines

489 1187 618 1228 vero
649 1179 704 1226 ct
727 1170 926 1241 angeli,
957 1169 1049 1238 qui
1081 1177 1206 1223 sunt
1239 1167 1359 1235 ejus
1389 1170 1673 1226 creatura},
1711 1162 2047 1217 benedictio-

489 1281 610 1320 nem
659 1270 987 1334 acceperunt
1031 1269 1090 1315 ut
1136 1258 1479 1330 proﬁcerent,
1509 1256 1563 1310 in
1599 1256 1817 1311 virtutis
1868 1257 2050 1311 studio

487 1359 612 1414 etin
645 1357 917 1412 mandatis
948 1355 1080 1426 legis
1111 1369 1231 1408 sese
1256 1358 1597 1413 exercentes,
1626 1365 1693 1403 ne
1718 1350 1774 1404 in
1812 1349 1938 1402 vitia
1967 1348 2050 1402 di-

489 1450 760 1505 labantur.
784 1447 1147 1513 Quamobrem
1182 1443 1443 1498 Dominus
1472 1447 1679 1502 noster,
1705 1455 1829 1493 cum
1853 1447 2048 1493 natura

486 1544 557 1598 sit
589 1542 761 1596 Filius
793 1539 1076 1602 Patris,ab
1105 1537 1358 1592 omnibus
1388 1536 1665 1590 adoratur.
1701 1531 1765 1586 lli
1796 1547 1926 1587 vero
1953 1532 2048 1588 de-

2161 519 2309 586 πρός
2355 519 2604 588 Βελίαρς
2643 520 2737 573 τοῦ
2762 521 2820 575 δὲ
2865 522 3223 594 Σολομῶντος,
3247 527 3326 578 ὅτι
3375 526 3632 582 ἀδύνατον
3662 531 3732 584 ἂν

2160 609 2245 682 εἴη
2291 610 2392 664 κᾶν
2449 611 2608 683 μέχρι
2652 613 2786 686 πρὸς
2835 615 3040 680 ἑννοίας
3221 618 3506 692 εὑρεθῆναι
3551 622 3732 692 ὀδοὺς

2162 701 2350 770 ὄφεως
2369 702 2468 756 ἐπὶ
2493 705 2732 773 πέτρας,
2763 707 2883 777 ἥτις
2911 707 3051 762 κατὰ
3085 708 3296 764 Παῦλόν
3329 713 3478 766 ἐστιν
3521 717 3551 768 ὁ
3590 717 3728 788 Χρι-

2165 795 2305 860 στός.
2333 797 2394 850 Oi
2420 796 2474 850 δὲ
2493 796 2766 868 κτίσματα
2783 799 2943 852 αὑτοῦ
2969 801 3345 872 τυγχάνοντες,
3367 803 3643 877 ἄνθρωποί
3669 826 3729 862 τε

2161 889 2253 942 καὶ
2272 889 2511 957 ἄγγελοι,
2540 891 2632 944 καὶ
2661 891 2908 960 εὐλογίας
2944 893 3192 965 εἰλήφασι
3225 895 3572 966 προκόπτειν,
3603 901 3731 973 ἀρε.

2158 982 2274 1044 ταῖς
2318 981 2640 1053 ἀσκούμενοι
2678 986 2772 1038 καὶ
2811 985 3058 1056 νομίμοις
3097 987 3332 1052 ἐντολαῖς
3359 989 3470 1062 (25)
3505 992 3640 1064 πρὸς
3665 994 3728 1047 τὸ

2159 1071 2234 1142 μὴ
2259 1073 2606 1144 ἁμαρτάνειν.
2639 1077 2726 1128 Διὸ
2753 1075 2815 1147 δὴ
2843 1078 2871 1130 ὁ
2897 1076 3100 1148 Κύριος
3129 1079 3283 1149 ἡμῶν
3311 1079 3469 1149 φύσει
3497 1082 3587 1135 τοῦ
3620 1085 3728 1139 Πα-

2155 1163 2281 1233 τρὸς
2320 1163 2446 1227 Υίὸς
2487 1166 2789 1235 τυγχάνων,
2818 1166 2922 1220 ὑπὸ
2956 1168 3170 1221 πάντων
3205 1171 3604 1240 προσκυνεῖται.
3658 1175 3724 1225 οι

2155 1254 2232 1318 δὲ,
2255 1256 2577 1327 ἀποθέμενοι
2609 1257 2668 1309 τὸ
2699 1257 2912 1329 πνεῦμα
2951 1259 3048 1330 τῆς
3073 1259 3332 1325 δουλείας,
3358 1260 3416 1327 ἐξ
3457 1262 3723 1333 ἀνδραγα-

2157 1347 2410 1418 θημάτων
2440 1350 2532 1402 καὶ
2585 1351 2866 1422 προκοπῆς
2906 1352 2967 1404 τὸ
3016 1352 3116 1422 τῆς
3160 1352 3430 1418 υἱοθεσίας
3471 1354 3723 1419 λαϐόντες

2157 1439 2390 1510 πνεῦμα,
2420 1441 2508 1496 διὰ
2534 1443 2627 1496 τοῦ
2658 1443 2813 1511 φύσει
2852 1445 2982 1498 Υίοῦ
3013 1446 3472 1518 εὐεργετούμενοι,
3515 1449 3722 1518 γίγνον-

2153 1553 2242 1590 ται
2271 1539 2422 1592 αὐτοὶ
2448 1539 2595 1594 θέσει
2628 1542 2750 1595 υίοί.
3590 1527 3593 1532 Ι

489 1635 667 1705 posito
700 1632 896 1703 spiritu
951 1630 1252 1692 servitutis,
1291 1628 1383 1683 ubi
1424 1643 1485 1682 ex
1531 1625 1760 1680 fortibus
1795 1623 1971 1688 factis,
2003 1632 2057 1679 et
2085 1641 2148 1679 ex
2183 1629 2444 1685 continuo
2475 1649 2768 1704 progressu
2820 1635 3073 1704 spiritum
3135 1633 3440 1706 adoptionis
3494 1651 3718 1708 accepe-

483 1729 619 1792 rint,
654 1726 916 1783 beneﬁcio
939 1725 1057 1795 ejus
1094 1722 1186 1794 qui
1213 1730 1406 1790 natura
1439 1729 1523 1775 est
1551 1718 1742 1782 Filius,
1771 1716 1864 1771 ﬁlii
1893 1716 2025 1770 ﬁunt
2057 1717 2311 1788 adoptivi.

556 1822 692 1879 Vill.
723 1821 802 1878 Ac
834 1834 1147 1892 germanam
1175 1817 1395 1888 quidem
1431 1823 1486 1870 et
1518 1815 1800 1885 propriam
1853 1828 1916 1867 ac
1947 1828 2036 1866 na-

2220 1817 2350 1873 VHI.
2377 1821 2486 1893 Τὴν
2529 1821 2626 1892 μὲν
2669 1817 2761 1875 οὖν
2791 1823 3018 1894 γνησίαν
3062 1823 3226 1876 αὑτοῦ
3268 1824 3362 1876 καὶ
3398 1823 3714 1893 ἰδιότροπον,

487 1917 738 1978 turalem,
761 1914 1124 1980 eximiamque
1153 1910 1271 1980 ejus
1300 1908 1609 1963 ﬁliationem
1633 1905 1836 1961 Paulus
1865 1906 2050 1962 decla-

485 2009 647 2067 ravit,
681 2007 754 2060 ita
785 2005 971 2060 dicens
1003 2003 1071 2058 de
1101 2001 1211 2057 Deo
1248 2003 1289 2035 ¹⁹
1326 2021 1338 2056 :
1378 2001 1482 2068 Qui
1528 2001 1739 2070 proprio
1774 1997 1916 2052 Filio
1948 2017 2049 2053 non

481 2100 727 2170 pepercit,
785 2095 876 2152 sed
929 2112 1024 2165 pro
1073 2095 1242 2158 nobis,
1287 2109 1395 2148 non
1444 2091 1787 2148 naturalibus
1840 2091 2049 2146 scilicet

485 2193 630 2257 ﬁliis,
661 2173 816 2244 illum
843 2187 1083 2244 tradidit.
1117 2185 1249 2241 Nam
1283 2196 1340 2240 ut
1380 2185 1529 2239 illum
1579 2183 1938 2253 distingueret
1979 2183 2049 2238 ab

483 2286 550 2341 iis
579 2284 671 2356 qui
700 2299 807 2338 non
841 2290 970 2338 sunt
1000 2280 1217 2351 proprie
1253 2277 1654 2347 ﬁlii,proprium
1687 2273 1889 2330 Filium
1921 2291 2047 2331 esse

480 2393 604 2432 enim
647 2375 806 2431 dixit.
854 2373 928 2429 In,
961 2371 1254 2443 Evangelio
1299 2385 1428 2426 vero
1476 2369 1736 2440 legitur"
1776 2389 1789 2424 :
1840 2367 1940 2423 Hic
1969 2380 2047 2424 est

486 2465 659 2521 Filius
686 2482 829 2520 meus
861 2464 1104 2525 dilectus,
1149 2461 1203 2515 in
1245 2477 1346 2532 quo
1386 2460 1514 2513 mihi
1543 2460 1858 2530 complacui.
1902 2458 2047 2514 Prat-

482 2567 629 2614 tcrea
659 2558 712 2611 in
739 2556 971 2612 Psalmis
1006 2552 1264 2608 Servator
1295 2552 1431 2605 ait“
1471 2571 1485 2604 :
1522 2549 1775 2605 Dominus
1819 2551 1954 2606 dixit
1977 2551 2046 2604 ad

481 2663 597 2702 me:
628 2645 803 2700 Filius
832 2663 976 2700 meus
1009 2661 1063 2699 es
1095 2653 1170 2697 tu.
1201 2641 1305 2697 Ubi
1329 2657 1388 2697 se
1410 2655 1729 2713 germanum
1763 2657 1826 2697 ac
1856 2644 2046 2713 genui-

480 2752 612 2793 num
657 2751 780 2792 esse
829 2735 1229 2796 demonstrans,
1263 2731 1400 2786 alios
1441 2739 1636 2802 praeter
1678 2747 1737 2787 se
1782 2732 2044 2803 genuinos

481 2845 592 2886 non
621 2845 743 2885 esse
775 2827 1065 2898 signiﬁcat.
1099 2823 1218 2878 Jam
1248 2839 1377 2878 vero
1405 2822 1664 2894 quidnam
1690 2822 1821 2877 illud
1855 2829 1939 2878 est
1959 2824 2002 2864 '-'
2027 2841 2040 2878 :

484 2920 568 2976 Ex
603 2931 752 2976 utero
785 2929 905 2975 ante
932 2918 1232 2988 Luciferum
1277 2917 1429 2989 genui
1462 2919 1551 2972 te?
1589 2915 1675 2971 An
1718 2933 1827 2972 non
1862 2929 2044 2989 aperte

481 3013 684 3069 indicat
711 3013 1015 3067 naturalem
1051 3010 1265 3081 paterni
1294 3021 1483 3079 partus
1520 3008 1854 3075 ﬁliationem,
1880 3026 2040 3080 quam

480 3120 590 3159 non
617 3108 871 3158 accurata
903 3117 1116 3156 morum
1143 3100 1522 3168 castigatione,
1557 3115 1665 3154 non
1695 3101 2042 3156 exercitatio-

480 3212 550 3252 ne
588 3195 850 3250 virtutum
905 3209 970 3248 ac
1011 3191 1275 3264 profectu,
1311 3191 1404 3247 sed
1459 3201 1665 3246 natura:
1715 3193 2041 3263 proprietate

479 3290 705 3344 sortitus
737 3287 859 3342 est?
890 3284 1255 3351 Quamobrem
1292 3283 1604 3354 unigenitus
1630 3283 1848 3353 quidem
1871 3283 2042 3341 Filius

478 3379 653 3436 Patris
685 3379 892 3434 ﬁrmam
932 3392 995 3431 ac
1027 3377 1273 3431 stabilem
1298 3376 1536 3446 possidet
1571 3375 1881 3432 ﬁliationem
1908 3395 1921 3430 :
1953 3392 2040 3430 ra-

475 3473 759 3528 tionalium
779 3484 908 3525 vero
931 3468 1165 3523 ﬁliorum
1201 3467 1546 3538 ad0ptionem
1579 3481 1689 3522 non
1712 3475 1903 3523 natura
1932 3469 2038 3524 illis

474 3571 805 3634 competere,
842 3561 937 3617 sed
983 3574 1196 3614 morum
1247 3559 1515 3630 probitate
1555 3566 1610 3612 ct
1646 3557 1742 3613 Dei
1776 3559 2036 3614 beneﬁcio

475 3656 690 3724 parari,
755 3651 1184 3720 mutabilemque
1236 3663 1379 3712 esse,
1437 3648 1684 3717 agnoscit
1733 3645 2032 3718 Scriptura.

484 3744 725 3799 Videntes
763 3743 901 3797 enim
950 3741 1052 3811 ﬁlii
1089 3739 1185 3793 Dei
1222 3739 1364 3808 ﬁlias
1402 3737 1699 3802 hominum,
1729 3749 2034 3806 acceperunt

472 3833 575 3889 sibi
600 3850 788 3888 uxores
817 3832 886 3896 ³³,
917 3838 972 3886 et
1004 3846 1124 3901 qua‘
1143 3837 1466 3898 sequuntur.
1497 3826 1564 3880 Et
1600 3827 1728 3882 alibi
1757 3828 1834 3882 ’δε
1860 3827 2031 3884 Filios

469 3927 625 3997 genui
658 3935 706 3980 et
746 3924 998 3990 exaltari,
1029 3923 1128 3991 ipsi
1161 3931 1334 3974 autem
1385 3929 1683 3989 spreverunt
1710 3935 1830 3985 nte;
1861 3919 2028 3976 Deum

463 4033 566 4088 per
599 4016 793 4072 Isaiam
817 4016 1132 4086 prophetam
1164 4013 1369 4070 dixisse
1392 4014 1721 4084 accepimus.

539 4107 632 4164 IX.
657 4108 818 4162 Plura
841 4121 964 4160 cum
993 4104 1195 4176 possim
1232 4106 1432 4169 dicere,
1473 4106 1668 4161 fratres
1691 4105 2022 4172 charissimi,

537 4269 584 4299 ’⁸
618 4267 678 4321 II
703 4267 826 4320 Cor.
861 4283 936 4329 vl,
964 4266 1046 4326 14,
1084 4264 1166 4318 15.

469 4354 544 4405 ιι,
575 4339 624 4392 7.
693 4341 737 4370 “
769 4337 918 4391 Psal.
944 4351 1064 4398 cux,
1098 4335 1148 4389 5.
1225 4335 1270 4365 ⁸³
1306 4332 1430 4388 Gen.
1459 4351 1508 4389 νι
1532 4375 1546 4399 ,
1576 4335 1632 4390 2.

2149 1911 2242 1965 καὶ
2275 1913 2526 1984 φυσικὴν,
2557 1914 2650 1966 καὶ
2679 1913 3056 1986 κατεξαίρετον
3097 1916 3318 1987 νεότητα
3340 1917 3368 1968 ὁ
3394 1915 3600 1979 Παῦλος
3626 1915 3720 1970 οὕ-

2147 2021 2254 2068 τως
2287 2005 2619 2076 ἀπεφήνατο,
2654 2011 2780 2080 περὶ
2807 2008 2942 2062 Θεοῦ
2975 2007 3140 2062 εἰπών
3159 2025 3172 2038 ·
3210 2009 3317 2073 ’Ὀς
3342 2025 3408 2076 γε
3433 2006 3539 2061 τοῦ
3563 2009 3715 2064 ἰδίου

2157 2095 2291 2149 Υίοῦ
2329 2099 2439 2150 οὐκ
2475 2098 2774 2166 ἐφείσατο.
2797 2101 2934 2154 ἀλλ’
2962 2099 3112 2167 ὑπὲρ
3132 2099 3318 2167 ἡμῶν,
3349 2099 3583 2170 δηλονότι
3603 2099 3714 2152 τῶν

2151 2191 2224 2262 μὴ
2243 2192 2400 2259 φύσει
2429 2191 2582 2256 υἱῶν,
2602 2192 2940 2260 παρέδωκεν
2954 2196 3154 2248 αὐτόν.
3189 2195 3331 2267 Πρὸς
3353 2193 3457 2266 γὰρ
3479 2193 3711 2247 ἀντιδια-

2149 2275 2336 2348 στολὴν
2363 2276 2472 2330 τῶν
2494 2279 2593 2332 οὐκ
2617 2279 2779 2340 ἰδίων,
2807 2281 2964 2334 αὑτὸν
2989 2281 3142 2335 ῑδιον
3171 2283 3305 2335 Υἱόν
3327 2282 3522 2353 ἔφησεν
3550 2279 3709 2338 εἶναι.

2162 2369 2244 2422 Ἐν
2271 2369 2327 2423 δὲ
2356 2369 2433 2441 τῷ
2478 2372 2822 2444 Εὑαγγελίῳυ
2853 2369 3040 2439 Οὗτός
3077 2374 3246 2426 ἐστιν
3273 2378 3306 2428 ὁ
3360 2375 3490 2441 Υἱός
3517 2392 3634 2443 μου
3677 2377 3710 2428 ὁ

2145 2462 2471 2532 ἀγήπητός,
2517 2464 2586 2518 ὲν
2613 2458 2661 2531 ᾧ
2689 2467 3010 2534 εὐδόκησα.
3052 2466 3140 2519 Ἐν
3180 2465 3428 2536 Ψαλμοῖς
3458 2467 3486 2518 ὁ
3520 2467 3711 2539 Σωτήρ

2146 2573 2334 2626 φησιν’
2365 2557 2580 2626 Κύριος
2600 2555 2728 2612 εἶπε
2755 2557 2904 2626 πρὸς
2923 2557 3021 2628 μὲ,
3061 2561 3194 2625 Υἱός
3217 2575 3334 2628 μου
3363 2556 3418 2614 εἳ
3443 2560 3552 2614 σύ’
3576 2575 3711 2631 γνη-

2145 2649 2366 2721 σιότητα
2418 2651 2746 2720 ἐμφανίζων,
2785 2651 3035 2722 σημαίνει
3069 2651 3142 2724 μὴ
3190 2646 3328 2705 εἶναι
3377 2651 3538 2705 αὐτοῦ
3577 2669 3712 2724 γνη-

2145 2741 2290 2805 σίους
2315 2742 2462 2805 υἱοὺς
2490 2738 2679 2806 ἄλλους
2717 2743 2869 2808 τινὰς
2911 2745 3042 2815 παρ’
3079 2745 3260 2798 αὐτόν.
3292 2744 3356 2796 Τί
3401 2743 3458 2797 δὲ
3494 2745 3587 2798 καὶ
3626 2744 3710 2809 τδ,

2155 2831 2256 2884 Ἐκ
2285 2831 2541 2901 γαστρὸς
2570 2833 2683 2900 πρὸ
2721 2834 3064 2903 Ἑωσφόρου
3103 2834 3403 2905 ἐγέννησα
3445 2849 3553 2898 σε;
3575 2836 3712 2906 Οὑχ¹1⁸

2142 2922 2398 2996 ἄντικρυς
2424 2927 2521 2996 τῆς
2549 2927 2822 2998 πατρικῆς
2861 2928 3162 2998 μαιεύσεως
3191 2929 3422 3001 φυσικὴν
3446 2931 3712 2984 ἐνδείκνυ-

2143 3035 2230 3070 ται
2283 3018 2534 3088 υεότητα,
2595 3019 2653 3072 οὐ
2702 3021 2916 3091 τρόπων
2967 3019 3252 3092 ἐπιμελείᾳ
3296 3021 3388 3074 καὶ
3430 3021 3710 3093 προκοπῆς

2144 3110 2394 3181 ἀσκήσει,
2445 3110 2577 3164 ἀλλὰ
2624 3111 2838 3180 φύσεως
2884 3111 3136 3183 ἰδιώματι
3174 3113 3375 3184 ταύτην
3420 3113 3706 3183 λαχόντος;

2148 3197 2306 3250 ’Ὅθεν
2335 3199 2428 3251 καὶ
2453 3200 2838 3270 ἀμετάπτωτον
2857 3202 2968 3272 ἔχει
2991 3202 3089 3272 τὴν
3117 3203 3335 3274 υίότητα
3361 3205 3389 3256 ὁ
3415 3204 3704 3274 μονογενὴς

2147 3287 2274 3351 Υίὺς
2299 3287 2392 3340 τοῦ
2432 3290 2641 3360 Πατρός
2660 3308 2672 3320 °
2707 3289 2804 3364 τὴν
2834 3292 2889 3345 δὲ
2927 3293 3035 3346 τῶν
3067 3292 3292 3360 λογικῶν
3324 3293 3608 3357 υἱοθεσίαν,
3638 3293 3702 3347 οὐ

2145 3379 2282 3433 κατὰ
2313 3380 2470 3450 φύσιν
2506 3383 2852 3454 ὑπάρχουσαν
2881 3385 3081 3448 αὐτοῖς,
3116 3383 3246 3437 ἀλλὰ
3270 3383 3483 3455 τρόπων
3509 3385 3700 3455 ἐπιτη-

2142 3470 2372 3543 δειότητι
2396 3473 2487 3526 καὶ
2515 3473 2689 3545 δωρεᾷ
2715 3474 2870 3539 Θεοῦ,
2905 3477 2996 3530 καὶ
3025 3473 3373 3546 μεταπτώτην
3401 3471 3538 3528 οἶδεν
3567 3476 3596 3526 ὁ
3613 3474 3702 3527 λὸι

2141 3577 2255 3628 γος.
2303 3561 2555 3628 Ἰδόντες
2585 3563 2692 3632 γὰρ
2721 3567 2775 3617 οί
2803 3565 2918 3618 υἱοὶ
2948 3565 3054 3618 τοῦ
3083 3565 3228 3619 Θεοῦ
3251 3566 3353 3631 τὰς
3375 3565 3700 3634 θυγατέρας

2139 3653 2256 3707 τῶν
2285 3655 2625 3723 ἀνθρώπων,
2651 3657 2866 3710 ἔλαϐον
2903 3657 3136 3724 ἑαυτοῖς
3167 3659 3470 3727 γυναῖκας,
3509 3659 3601 3711 καὶ
3632 3659 3700 3712 τὰ

2137 3744 2281 3816 ἐξῆςο
2312 3746 2424 3812 καὶ,
2457 3747 2627 3813 Υἱοὺς
2664 3745 2961 3819 ἐγέννησα
3001 3749 3098 3803 καὶ
3133 3751 3386 3818 ὕψωσαο
3424 3750 3590 3805 αὐτοὶ
3629 3750 3697 3803 δέ

2131 3854 2208 3905 με
2228 3836 2550 3908 ἠθέτησαν,
2585 3839 2670 3894 διὰ
2705 3839 2925 3894 Ἦσαῖου
2953 3841 3230 3913 εἰρηκέναι
3258 3843 3346 3896 τὸν
3375 3843 3505 3897 Θεὸν
3527 3842 3695 3896 ἐδιδά-

2136 3930 2361 4002 χθημεν.

2204 4102 2290 4160 ΙΧ.
2333 4102 2505 4159 Πολλὰ
2546 4105 2721 4176 λέγειν
2763 4106 2919 4176 ἔχων,
2973 4106 3263 4176 ἀγαπητοὶ,
3325 4106 3688 4178 παρέρχομαι.

1245 4265 1284 4294 ¹⁷
1320 4263 1467 4318 Prov.
1500 4281 1624 4330 xxx,
1657 4266 1741 4320 19.
1812 4267 1853 4296 ¹⁸
1886 4265 1916 4318 Ι
1949 4265 2036 4320 σοι

1245 4335 1270 4365 η³
1306 4332 1430 4388 Gen.
1459 4351 1508 4389 νι
1532 4375 1546 4391 .
1576 4335 1632 4390 2.
1707 4335 1752 4366 ’⁸
1791 4334 1902 4390 Isa.
1936 4353 1988 4391 ι.
2035 4355 2036 4359 ‘

2140 4269 2215 4332 ,4.
2297 4269 2338 4299 ¹⁹
2371 4269 2518 4325 Itoni.
2557 4285 2682 4334 νιιι,
2710 4267 2797 4322 52.
2875 4269 2918 4299 ²⁰
2947 4266 3138 4323 Matth.
3175 4283 3265 4328 ιιι.
3304 4267 3390 4322 l7.
3468 4267 3683 4324 "Psal.

537 4455 1029 4538 (Ὦ),Μέγριιπρᾴς
1066 4453 1319 4533 ἑννοίας.
1351 4451 1408 4507 In
1437 4452 1628 4538 codice
1668 4453 2028 4538 Allatiiﬁlegi-

2139 4463 2309 4537 tamen
2352 4457 2772 4538 minimecapax
2798 4454 3230 4538 videtur‘eorum
3279 4451 3686 4538 natura.lTotos

465 4523 558 4583 tur
615 4523 810 4602 μέχρίξ
851 4524 1091 4589 ἐννοίας,
1148 4523 1352 4579 omissa
1403 4524 1572 4578 altera
1620 4524 2022 4648 praepositione.

467 4598 762 4648 Utramaue
784 4605 965 4648 tamen
997 4609 1184 4648 vocem
1212 4593 1458 4648 agnoscit
1483 4592 1618 4648 Enio
1662 4597 1817 4648 anius
1847 4594 2022 4648 Scho-

467 4592 762 4668 Utrar'nq'u'e
784 4605 965 4668 tamen
997 4609 1184 4668 vocem
1212 4593 1458 4668 agnoscit
1478 4592 1817 4668 Epiphanius
1847 4594 2024 4668 Schof

465 4663 709 4733 lasticus,
740 4667 831 4738 qui
867 4668 946 4722 sic
968 4666 1128 4722 vertit
1158 4683 1173 4718 :
1208 4663 1540 4738 [inpossibile
1564 4663 1641 4718 est
1670 4665 1747 4719 vel
1772 4681 1932 4735 usque
1955 4666 2022 4718 ad

465 4735 1004 4808 opinionem'invenire
1024 4738 1133 4791 vias
1165 4735 1439 4808 serpentis.

537 4809 646 4880 (23)
680 4808 798 4880 Kal
833 4809 1098 4877 νομίμοις
1141 4802 1433 4880 ἐντολαῖς.
1482 4805 1540 4858 111
1582 4803 1780 4880 codice
1824 4802 2021 4880 Leonis

461 4874 644 4933 Allatii
693 4874 1087 4948 scriptum—rest
1131 4878 1223 4929 καὶ
1269 4875 1527 4948 νομίμους
1579 4874 1813 4948 ὲντολάιςΣ
1848 4875 2020 4948 Quam

461 4951 789 5019 scripturam
809 4943 879 5002 ἰιι
930 4947 1178 5019 editione
1213 4962 1310 5001 sua
1335 4943 1640 5019 amplexus
1672 4943 2020 5019 estAJacobus

434 5013 822 5094 'Sirmundus,
873 5026 927 5072 et
981 5019 1122 5071 hunc
1169 5017 1346 5094 locum
1379 5013 1474 5094 ita
1511 5016 1712 5070 vertit:
1747 5013 1853 5094 Qui
1918 5033 2018 5094 au-

436 5087 561 5145 !tem
603 5090 716 5159 ejus
765 5099 884 5142 sunt
917 5098 1192 5149 creatum,
1251 5088 1482 5159 homines
1527 5096 1574 5141 et
1611 5087 1797 5159 angeli.
1843 5095 1892 5140 et
1934 5088 2018 5140 be-

431 5177 434 5180 '
457 5158 800 5216 nedictionem
827 5167 1152 5223 acceperunt,
1179 5167 1236 5209 ut
1269 5158 1574 5226 proﬁcerent
1605 5158 1843 5210 virtutem
1868 5173 2018 5211 exer-

456 5242 647 5295 centes,
705 5239 754 5284 et
800 5228 1171 5282 mandatorum
1224 5227 1353 5298 leges
1412 5245 1473 5282 ne
1517 5238 1804 5298 peccarent.
1841 5227 2017 5295 Atque

458 5304 599 5359 hanc
646 5301 952 5362 lectionem,
985 5314 1044 5353 re
1077 5299 1334 5352 attcntius
1382 5300 1708 5362 examinata,
1750 5299 2016 5352 veriorem

496 5381 606 5428 uto.
631 5372 719 5425 Ait
746 5371 890 5425 enim
916 5368 1235 5431 Alexander,
1267 5367 1430 5422 Deum
1455 5369 1590 5423 duas
1614 5383 1701 5422 res
1728 5367 2016 5422 tradidisse

496 5389 606 5428 uto.
631 5389 719 5425 Alt
746 5389 890 5425 enim
916 5389 1235 5431 mexanuer,
1267 5389 1430 5422 ueum
1455 5389 1590 5423 uuas
1615 5389 1701 5422 res
1729 5389 2012 5422 trutumssc

455 5389 768 5496 ﬂuminibus
801 5448 854 5496 et
902 5439 1128 5508 angelis,
1162 5445 1220 5490 ut
1255 5437 1307 5490 in
1354 5438 1550 5492 virtute
1585 5447 1907 5507 progressus
1934 5436 2012 5490 fa-

454 5529 576 5568 cere
598 5521 838 5583 possent.
866 5509 933 5583 Et
975 5508 1227 5583 mandata
1264 5508 1478 5583 quidem
1512 5510 1642 5578 legis
1671 5508 1742 5583 ad
1763 5509 1863 5583 hoc
1892 5523 2017 5576 pro-

455 5579 695 5647 sunt,'ne
721 5582 949 5636 crimina
981 5580 1264 5633 admittant
1288 5593 1406 5646 qua:
1430 5579 1541 5647 lege
1572 5579 1840 5647 prohibita
1863 5584 2010 5632 sunt.

453 5652 765 5706 Benedictio
785 5665 914 5705 vero
941 5650 1005 5702 ad
1037 5650 1137 5704 hoc
1161 5648 1398 5718 prodest,
1435 5660 1494 5701 ut
1526 5651 1578 5702 in
1609 5649 1824 5702 virtutis
1855 5663 2014 5702 exer-

453 5721 710 5774 citatione
743 5721 981 5790 quotidie
1009 5719 1312 5788 proﬁciant.
1352 5718 1456 5772 Sed
1497 5720 1735 5773 occurrit
1763 5719 1863 5771 hoc
1895 5721 2008 5790 loco

453 5789 773 5846 diﬁicultas.’
789 5790 1006 5860 Angelis
1038 5791 1179 5846 enim
1222 5791 1522 5860 profectum
1551 5790 1816 5852 attribuit,
1853 5789 2008 5857 cujus

2128 4527 2270 4597 enim
2300 4542 2418 4582 sese
2450 4524 2722 4597 applicant
2760 4525 2932 4596 angeli
2964 4525 3031 4579 ad
3076 4524 3302 4597 id__quod
3354 4524 3518 4597 sc_m_e_l
3568 4539 3685 4597 am:

2125 4595 2265 4666 plexi
2291 4604 2446 4663 sunt;
2477 4593 2578 4650 nec
2614 4593 2869 4664 paulatim
2914 4593 3332 4666 progrediuntur
3363 4594 3428 4666 ad
3457 4593 3684 4666 id_quod

2123 4662 2360 4736 eligunt;
2407 4662 2503 4722 sed
2546 4662 2720 4736 primo
2752 4662 2951 4735 impetu
2981 4662 3048 4719 ad
3097 4679 3368 4736 summum
3406 4662 3682 4735 fastigium

2123 4735 2465 4806 perveniunt,
2505 4735 2580 4790 ita
2610 4745 2795 4806 utnec
2825 4736 3051 4791 ulterius
3098 4735 3369 4806 progredi,
3410 4749 3510 4789 nec
3539 4743 3684 4789 retro

2123 4805 2316 4862 reverti
2351 4808 2580 4862 valeant.
2635 4805 2867 4862 Materiae
2908 4807 3053 4861 enim
3097 4805 3346 4875 expertes
3385 4813 3532 4869 sunt,
3562 4820 3683 4875 qua:

2123 4877 2490 4932 inﬁrmitatem
2517 4885 2572 4932 et
2605 4878 3022 4932 inconstantiam
3053 4872 3244 4945 gignit.
3277 4872 3682 4945 Dicendum'ta-

2119 4963 2244 5002 men
2273 4958 2377 5012 est,
2411 4949 2631 5018 angelos
2660 4948 2734 5001 ita
2757 4949 2990 5018 primum
3023 4943 3234 5000 creatos
3257 4943 3590 5018 esseaDeo,
3623 4953 3684 4999 ut

2119 5016 2635 5081 essent-mutabiles,
2669 5027 2723 5072 et
2751 5017 2966 5073 virtutis
2997 5029 3223 5084 capaces
3258 5031 3322 5070 ac
3353 5016 3486 5079 vitii,
3515 5023 3682 5084 utque

2120 5091 2379 5158 prolicere
2420 5097 2642 5159 possent
2684 5089 2739 5159 in
2783 5088 2998 5149 melius,
3037 5093 3131 5140 aut
3164 5087 3220 5139 in
3261 5086 3500 5159 deterius
3548 5085 3674 5140 labi.

2119 5157 2268 5215 Hanc
2302 5157 2470 5216 fuisse
2509 5158 2829 5215 sententiam
2858 5167 3098 5212 veterum
3135 5157 3530 5226 theologorum,
3567 5165 3677 5209 tum

2117 5247 2181 5285 ex
2217 5232 2523 5286 Alexandro
2555 5237 2723 5299 patet,
2758 5237 2874 5299 tum
2911 5243 2976 5299 ex
3008 5242 3072 5282 eo
3099 5225 3244 5299 quod
3287 5225 3448 5281 A’rius
3481 5240 3543 5280 ac
3576 5241 3681 5299 cae-

2119 5303 2220 5355 teri
2246 5297 2579 5365 asserebant,
2616 5299 2813 5352 Filium
2853 5297 2944 5352 Dei
2979 5297 3290 5352 mutabilem
3312 5311 3456 5362 esse,
3485 5303 3540 5350 et
3569 5297 3680 5352 vir-

2117 5373 2248 5427 tutis
2287 5388 2349 5427 ac
2377 5371 2494 5425 vitii
2523 5383 2796 5439 capacem.
2839 5367 2949 5423 Nec
2991 5369 3136 5423 ullus
3167 5366 3567 5439 Catholicorum
3598 5367 3680 5423 eis

2115 5458 2351 5511 unquam
2382 5438 2604 5509 objecit,
2624 5440 2842 5511 angelos
2865 5455 2971 5493 non
2998 5454 3120 5494 esse
3142 5438 3418 5511 mutabilis
3441 5447 3675 5511 naturae.

2117 5508 2372 5567 Sciebant
2403 5508 2547 5566 cnim
2593 5509 2642 5564 id
2679 5508 2954 5579 proprium
2993 5524 3114 5564 esse
3149 5509 3317 5563 solius
3362 5508 3477 5572 Dei.
3499 5509 3588 5577 qui
3621 5509 3678 5561 in

2115 5583 2287 5637 sacris
2340 5583 2534 5636 litleris
2559 5581 2762 5636 diserte
2810 5581 2885 5633 ait
2919 5599 2930 5633 :
2967 5579 3075 5649 Ego
3100 5596 3236 5642 sum,
3263 5589 3310 5631 et
3342 5595 3446 5632 non
3483 5587 3677 5632 mutor.

2114 5653 2299 5723 Angeli
2325 5668 2452 5706 vero
2479 5653 2602 5708 licet
2623 5651 2836 5706 dillicile
2859 5657 3157 5716 mutentur,
3186 5650 3474 5704 mutationi
3499 5659 3679 5704 tamen

2113 5724 2332 5778 obnoxii
2361 5730 2506 5777 sunt.
