4088 6284
352 428 448 482 561

1743 429 2117 486 EPISTOLA'].

3478 444 3578 501 562

350 544 606 616 φορτικὸν
624 539 762 602 εἶναι
787 545 1032 617 νομίσας,
1054 547 1142 604 διὰ
1163 545 1418 602 πλειόνων
1433 546 1776 614 διδασκάλους
1795 549 1902 620 ὁμό

2021 558 2272 609 consulto
2323 562 2606 625 praetereo,
2659 556 2854 628 quippe
2901 559 2992 628 qui
3043 557 3411 630 importunum
3456 579 3576 621 esse

351 651 550 705 φρονας
575 634 1028 708 ὑπομιμνήσκειν.
1056 637 1218 690 Αὐτοὶ
1265 635 1376 709 γὰρ
1413 635 1738 691 θεοδίδακτοί
1773 639 1915 704 ἐστε,

348 727 448 782 οὐκ
475 726 793 795 ἀγνοοῦντες
807 728 890 783 ὅτι
923 729 957 799 ή
994 727 1216 800 ἔναγχος
1247 730 1596 783 ἐπαναστᾶσα
1629 731 1694 800 τῇ
1725 728 1919 800 ἐκκλη-

352 821 600 890 σιαστικῇ
650 818 897 891 εὐσεϐείᾳ
947 820 1290 886 διδασκαλία,
1358 820 1606 884 Ἑϐίωνός
1655 823 1770 874 ἐστι
1826 821 1918 874 καὶ

363 909 614 980 Ἀρτεμᾶ,
638 910 730 962 καὶ
755 909 914 980 ζῆλος
941 909 1033 964 τοῦ
1057 911 1196 965 κατὰ
1235 911 1560 982 Ἀντιόχειαν
1583 910 1793 964 Παύλου
1821 910 1916 965 τοῦ

349 1000 723 1070 Σαμοσατέως,
760 1003 960 1073 συνόδῳ
994 1003 1088 1057 καὶ
1121 1002 1297 1076 κρίσει
1326 1003 1434 1056 τῶν
1467 1001 1775 1072 ἁπανταχοῦ
1799 1005 1916 1056 ἐπι-

350 1094 564 1148 σκόπων
601 1095 1075 1166 ἀποκηρυχθέντος
1108 1096 1210 1168 τῆς
1247 1095 1573 1168 Ἐκκλησίας
1593 1113 1606 1126 ·
1657 1095 1715 1150 ὃν
1743 1095 1916 1149 διαδε-

349 1184 576 1256 ξάμενος
601 1185 912 1253 Λουκιανὸς,
940 1189 1363 1257 ἀποσυνάγωγος
1394 1187 1572 1258 ἔμεινε
1606 1187 1770 1260 τριῶν
1797 1188 1916 1241 ἑπι-

347 1278 560 1332 σκόπων
589 1275 702 1348 (24)
746 1277 1018 1343 πολυετεῖς
1072 1279 1315 1351 χρόνους.
1387 1275 1486 1333 Ὧν
1527 1281 1626 1350 τῆς
1665 1280 1915 1344 ἀσεϐείας

348 1369 442 1442 τὴν
489 1369 666 1442 τρύγα
693 1371 1080 1443 ἐρροφηκότες,
1114 1371 1208 1426 νῦν
1253 1374 1383 1444 ἡμῖν
1411 1375 1459 1426 οί
1501 1371 1560 1438 ἐξ
1604 1373 1702 1426 οὐκ
1747 1373 1914 1426 ὅντων

349 1465 692 1535 ἐπεφύησαν,
744 1463 814 1518 τά
850 1465 1072 1518 ἐκείνων
1126 1466 1482 1537 κεκρυμμένα
1538 1466 1910 1538 μοσχεύματα,

352 1555 562 1628 Ἀρειὰ
592 1572 652 1608 τε
693 1555 788 1609 καὶ
824 1556 1089 1626 Ἀχιλλᾶς,
1120 1557 1211 1610 καὶ
1250 1557 1284 1627 ή
1321 1556 1429 1610 τῶν
1467 1558 1562 1612 σὺν
1605 1559 1787 1622 αὐτοῖς
1816 1576 1912 1612 πο-

350 1648 718 1721 νηρευομένων
769 1647 1000 1713 σύνοδος.
1046 1649 1154 1703 Καὶ
1201 1649 1300 1702 οὐκ
1339 1646 1432 1704 οἷδ’
1477 1651 1622 1715 ὅπως
1664 1654 1722 1705 ἐν
1745 1652 1914 1724 Συρίᾳ

350 1740 804 1812 χειροτονηθέντες
847 1740 1134 1795 ἐπίσκοποι
1163 1743 1308 1812 τρεῖς
1331 1742 1442 1813 (25)
1475 1742 1564 1797 διὰ
1603 1741 1696 1797 τοῦ
1733 1759 1914 1806 συναι-

351 1837 453 1888 νεῖν
486 1835 686 1898 αὐτοῖς,
731 1834 825 1886 ἐπὶ
866 1834 927 1887 τὸ
973 1836 1150 1906 χεῖρον
1182 1835 1536 1889 ὑπεκκαίουσι
1557 1853 1571 1866 ·
1615 1836 1743 1907 περὶ
1775 1829 1908 1906 ὧνή

2019 643 2238 714 ducam,
2273 646 2526 704 doctores
2556 650 2650 719 qui
2690 652 2976 705 uobiscum
2999 653 3368 722 consentiunt,
3403 657 3575 725 pluri-

2019 739 2122 794 bus
2153 740 2467 797 admonere.
2504 742 2612 812 Ipsi
2667 745 2810 799 enim
2865 760 2894 798 a
2946 743 3055 800 Deo
3086 745 3233 800 docti
3277 748 3444 804 estis:
3477 764 3577 806 nec

2017 829 2303 899 ignoratis,
2339 846 2460 885 eam
2489 833 2794 888 doctrinam
2844 849 2964 904 quae
3013 835 3274 890 adversus
3319 838 3575 894 ecclesia-

2016 921 2211 985 sticam
2245 923 2502 991 pietatem
2543 940 2717 994 nuper
2755 935 2918 996 caput
2945 927 3156 990 extulit,
3189 926 3410 984 Ebionis
3455 945 3576 986 esse

2015 1017 2070 1065 et
2095 1011 2330 1067 Artema:
2355 1031 2370 1067 :
2401 1029 2501 1069 nec
2523 1011 2670 1069 aliud
2699 1030 2841 1082 esse,
2863 1031 3024 1086 quam
3049 1017 3400 1072 imitationem
3421 1017 3586 1073 Pauli.

2019 1098 2383 1168 Samosateni,
2412 1102 2716 1159 Antiochiae
2747 1106 3011 1176 episcopi,
3054 1109 3146 1176 qui
3181 1108 3422 1163 omnium
3456 1110 3575 1164 ubi-

2015 1207 2123 1263 que
2157 1193 2540 1264 episcoporum
2589 1198 2822 1252 concilio
2863 1212 2927 1252 ac
2975 1198 3182 1268 judicio
3222 1199 3288 1256 ab
3333 1198 3572 1255 Ecclesia

2015 1293 2261 1342 remotus
2291 1295 2396 1342 est.
2428 1286 2530 1342 Cui
2564 1289 2861 1345 succedens
2887 1289 3183 1357 Lucianus,
3208 1291 3453 1360 pluribus
3485 1307 3575 1345 an-

2015 1377 2101 1432 nis
2124 1394 2154 1431 a
2183 1380 2750 1433 communionetrium
2774 1380 3148 1450 episcoporum
3168 1397 3288 1438 sese
3304 1383 3570 1453 abjunxit.

2014 1464 2224 1522 Horum
2280 1469 2573 1540 impietatis
2621 1469 2806 1526 fiecem
2842 1485 2964 1526 cum
3022 1472 3352 1538 hausissent,
3401 1468 3575 1545 nuper

2013 1560 2174 1616 nobis
2208 1561 2313 1616 orti
2336 1570 2463 1616 sunt
2493 1562 3038 1629 Exucontii,occulta
3069 1565 3284 1619 illorum
3306 1569 3569 1636 germina,

2013 1653 2177 1710 Arius
2208 1655 2500 1722 scilicet‘et
2528 1654 2794 1723 Achillas,
2815 1664 2870 1709 et
2899 1655 3106 1726 reliqua
3138 1657 3426 1726 impiorum
3452 1659 3574 1714 istis

2014 1749 2404 1805 adhaerentium
2451 1750 2628 1805 turba.
2678 1750 2755 1804 Ac
2804 1751 2991 1806 nescio
3013 1765 3124 1821 quo
3149 1751 3312 1806 modo
3341 1751 3574 1808 ordinati

2015 1837 2070 1890 in
2103 1835 2260 1907 Syria
2283 1849 2395 1894 tres
2418 1839 2678 1909 episcopi,
2703 1839 2812 1896 illis
2831 1841 3240 1906 consentiendo,
3263 1857 3359 1899 eos
3386 1842 3457 1897 ad
3483 1859 3580 1913 pe.

354 1927 518 1998 ιρίσις
559 1924 939 1979 ὐπανακείσθω
967 1925 1077 1998 (26)
1102 1928 1166 1997 τῇ
1218 1925 1458 1997 ὑμετέρᾳ
1501 1926 1812 1998 δοκιμασίᾳ.
1845 1927 1902 1980 Ol

2011 1928 2132 1998 jora
2161 1929 2408 1984 incitant.
2442 1928 2682 1996 Quorum
2710 1931 2975 2002 judicium
3013 1940 3195 1988 vestro
3219 1934 3457 1988 examini
3483 1951 3578 1992 re-

352 2021 438 2084 τὰς
471 2020 567 2092 μὲν
603 2020 697 2072 τοῦ
745 2020 1012 2091 σωτηρίου
1044 2019 1266 2086 πάθους,
1313 2019 1693 2082 ταπεινώσεως
1726 2036 1784 2072 τε
1814 2021 1908 2074 καὶ

356 2111 624 2177 (ενὼσεως
655 2112 748 2166 καὶ
777 2113 873 2184 τῆς
915 2112 1252 2183 καλουμένης
1276 2111 1440 2165 αὑτοῦ
1471 2113 1770 2182 πτωχείας,
1815 2115 1909 2167 καὶ

352 2199 417 2259 Iw
445 2206 766 2276 ἐπικτήτους
811 2207 840 2258 6
869 2203 1058 2276 Σωτὴρ
1093 2203 1160 2257 δι’
1186 2204 1332 2274 ἡμᾶς
1377 2203 1659 2268 ἀνεδέξατο
1703 2204 1904 2273 φωνὰς,

350 2298 428 2351 διὰ
461 2299 679 2370 μνήμης
723 2296 965 2369 ἔχοντες,
1014 2295 1399 2368 παρατίθενται
1431 2295 1523 2348 ἐπὶ
1575 2299 1905 2368 παραγραφῇ

348 2389 438 2460 τῆς
485 2388 741 2442 ἀνωτάτω
777 2389 870 2442 καὶ
918 2388 1154 2460 ἀρχῆθεν
1189 2387 1354 2442 αὐτοῦ
1399 2386 1665 2458 θεότητος.
1703 2387 1822 2440 Τῶν
1851 2387 1906 2441 δὲ

346 2483 436 2554 τῆς
468 2481 702 2551 φυσικῆς
742 2479 905 2534 αὐτοῦ
929 2480 1085 2552 δόξης
1106 2499 1165 2533 τε
1197 2481 1290 2534 καὶ
1334 2480 1609 2548 εὐγενείας
1637 2480 1730 2534 καὶ
1756 2479 1905 2551 παρὰ

345 2572 414 2644 τῷ
435 2572 608 2641 Πατρὶ
632 2571 795 2641 μονῆς
823 2570 1167 2640 σημαντικῶν
1184 2569 1357 2638 λόγων
1376 2568 1733 2639 ἐπιλήσμονες
1759 2567 1907 2636 γεγό-

347 2680 525 2720 δασιν·
572 2657 682 2717 οἷόν
717 2665 831 2715 ἐστι
853 2661 934 2728 τὸ,
977 2662 1123 2733 Ἐγὼ
1165 2663 1319 2717 καίό
1346 2663 1550 2732 Πατὴρ
1597 2663 1666 2716 ἓν
1697 2664 1900 2732 ἐσμεν.

339 2759 517 2830 Ὅπερ
532 2756 695 2827 φησὶν
717 2759 746 2809 6
761 2756 981 2826 Κύριος,
1003 2755 1063 2808 οὐ
1093 2756 1307 2828 Πατέρα
1323 2755 1512 2809 ἐαυτὸν
1539 2756 1900 2828 ἀναγορεύων,

346 2849 459 2902 λύδὲ
489 2849 587 2912 τὰς
614 2851 682 2919 τῇ
733 2849 1024 2903 ὑποστάσει
1075 2848 1166 2901 δύο
1224 2848 1413 2917 φύσεις
1449 2848 1560 2920 (27)
1599 2847 1725 2919 μίαν
1765 2843 1903 2902 εῖναι

343 2941 675 3010 σαφηνίζων·
709 2940 821 2993 ἀλλ’
850 2943 930 2993 ὅτι
975 2941 1072 3010 τὴν
1106 2939 1370 3012 πατρικὴν
1413 2939 1708 3011 ἐμφέρειαν
1749 2941 1905 3012 ἀκρι-

343 3031 451 3096 ϐῶς
500 3035 705 3103 πέφυκε
763 3027 952 3097 σώζεῖν
989 3037 1017 3087 6
1047 3033 1171 3097 Υἱὸς
1214 3033 1306 3085 τοῦ
1353 3032 1586 3104 Πατρὸς,
1622 3033 1720 3104 τὴν
1764 3034 1904 3087 κατά

342 3123 516 3176 πάντα
561 3123 850 3194 ὁμοιότητα
893 3122 1056 3176 αὐτοῦ
1088 3125 1152 3175 ἐκ
1195 3123 1408 3192 φύσεως
1453 3123 1898 3196 ἀπομαξάμενος,

341 3210 434 3265 καὶ
463 3211 874 3282 ἀπαράλλακτος
899 3211 1062 3265 εἰκὼν
1097 3211 1190 3266 τοῦ
1230 3212 1442 3283 Πατρὸς
1475 3214 1774 3284 τυγχάνων,
1810 3216 1902 3267 καὶ

2014 2029 2281 2077 servetur.
2317 2020 2421 2088 Qui
2455 2023 2714 2078 salutaris
2755 2025 3024 2093 passionis
3057 2032 3111 2078 et
3143 2023 3462 2094 abjectionis
3491 2038 3578 2080 ar-

2015 2127 2120 2182 que
2136 2112 2521 2170 exinanitionis
2543 2124 2597 2170 et
2615 2115 2946 2185 paupertatis
2964 2132 3122 2185 quam
3146 2125 3359 2182 vocant,
3381 2133 3570 2172 eorum

2013 2203 2248 2274 denique
2278 2205 2524 2260 omnium
2546 2221 2666 2276 quae
2698 2204 2952 2261 Servator
2977 2215 3161 2262 nostra
3189 2221 3354 2262 causa
3385 2221 3571 2264 susce-

2013 2295 2114 2364 pit,
2148 2293 2417 2350 ascititias
2448 2309 2608 2351 voces
2636 2297 2896 2351 memoria
2924 2298 3239 2364 retinentes,
3261 2313 3353 2353 eas
3373 2297 3440 2352 ad
3473 2315 3567 2354 su—

2013 2400 2258 2454 premam
2281 2393 2650 2457 aeternamque
2677 2387 2823 2443 illius
2849 2387 3186 2444 divinitatem
3221 2387 3572 2444 refellendam

2013 2475 2265 2532 aﬂ‘erunt.
2313 2476 2510 2534 Eorum
2565 2488 2744 2534 autem
2773 2481 3059 2535 verborum
3098 2495 3219 2550 qua:
3269 2482 3568 2536 naturalem

2011 2569 2128 2639 ejus
2151 2569 2376 2640 gloriam
2404 2585 2468 2625 ac
2501 2570 2836 2626 nobilitatem
2877 2581 2931 2626 et
2977 2570 3118 2642 apud
3158 2570 3372 2627 Patrem
3411 2588 3567 2627 man-

2011 2662 2220 2724 sionem
2245 2661 2550 2732 designant,
2568 2677 2794 2733 prorsus
2823 2663 3166 2719 immemores
3196 2671 3340 2720 sunt.
3372 2663 3570 2734 Cujus-

2010 2754 2156 2809 modi
2179 2761 2262 2810 est
2295 2755 2425 2809 illud
2446 2755 2490 2786 ³⁸
2525 2775 2540 2809 ;
2574 2754 2684 2825 Ego
2709 2765 2757 2810 et
2794 2754 2974 2820 Pater,
2999 2772 3159 2808 unum
3187 2772 3390 2811 sumus.
3413 2755 3569 2823 Quod

2009 2848 2228 2918 quidem
2278 2847 2539 2904 Dominus
2584 2849 2736 2913 dicit,
2760 2865 2867 2902 non
2920 2864 3028 2918 quo
3059 2865 3116 2904 se
3146 2849 3321 2918 ipsum
3352 2849 3570 2905 Patrem

2010 2939 2302 3005 renuntiet,
2336 2954 2437 2994 nec
2483 2955 2593 3010 quo
2644 2939 2784 2994 duas
2816 2954 3080 3009 personas
3109 2954 3273 2994 unam
3306 2955 3428 2994 esse
3471 2940 3569 2994 de-

2009 3041 2311 3099 monstret;
2359 3031 2456 3088 sed
2505 3032 2759 3102 quoniam
2807 3030 2982 3086 Patris
3039 3029 3206 3087 Filius
3257 3046 3575 3101 expressam

2009 3123 2192 3180 Patris
2221 3123 2636 3181 similitudinem
2661 3125 3006 3179 exactissime
3025 3133 3223 3189 servat,
3251 3125 3452 3194 quippe
3475 3125 3568 3193 qui

2008 3216 2373 3270 omnimodam
2418 3216 2538 3287 ejus
2581 3215 2984 3272 similitudinem
3035 3230 3066 3268 a
3111 3221 3304 3269 natura
3337 3215 3568 3284 impres-

341 3300 430 3355 τοῦ
475 3277 828 3374 πρωτοτύπου
883 3303 1114 3367 ἔκτοπος
1163 3277 1466 3376 χαρακτήρ.
1692 3306 1784 3358 καὶ
1827 3304 1902 3376 τῷ

2007 3322 2122 3360 sam
2153 3308 2372 3376 habeat,
2408 3277 2587 3378 sitque
2618 3309 2793 3378 imago
2808 3306 2985 3360 Patris
3018 3305 3162 3359 nulla
3192 3310 3246 3360 in
3279 3321 3338 3361 re
3361 3277 3568 3360 discre-

339 3396 632 3467 τηνικαῦτα
660 3395 908 3450 ποθοῦντι
933 3397 1056 3450 ίδείν
1087 3396 1336 3466 Φιλίππῳ
1373 3396 1617 3465 ἀφθόνως
1646 3399 1674 3451 6
1703 3398 1904 3469 Κύριος

339 3488 643 3560 ἐμφανίζει,
678 3489 814 3560 πρὸς
857 3489 915 3542 ὃν
948 3489 1171 3556 λέγοντα
1195 3503 1207 3517 ·
1245 3486 1450 3552 Δεῖξον
1475 3489 1634 3557 ¹ἡμῖν
1660 3489 1767 3542 τὸν
1786 3492 1904 3544 Πα-

341 3577 496 3647 τέρα,
526 3579 673 3648 λέγει
692 3597 705 3611 ο
746 3581 810 3633 '0
833 3578 1103 3648 ἑωρακὼς
1122 3577 1247 3649 ἐμὲ,
1267 3577 1486 3647 ἑώρακε
1505 3578 1612 3632 τὸν
1636 3580 1863 3648 Πατέρα
1883 3599 1895 3610 ·

339 3669 523 3742 ὥσπερ
551 3670 616 3723 δι’
661 3671 922 3742 ἐσόπτρου
956 3669 1287 3742 ἀκηλιδώτου
1325 3670 1417 3724 καὶ
1463 3668 1703 3740 ἐμψύχου
1752 3670 1903 3736 θείας

338 3762 560 3825 εἰκόνος,
595 3761 758 3814 αὑτοῦ
791 3762 1162 3833 θεωρουμένου
1200 3760 1295 3816 τοῦ
1329 3761 1557 3832 Πατρός.
1593 3757 1692 3822 Ὧν
1717 3764 1899 3834 ὅμοιον

340 3855 398 3907 ἐν
427 3854 676 3924 Ψαλμοῖς
711 3857 760 3908 οἱ
795 3853 1083 3924 ἀγιώτατοί
1127 3871 1318 3922 φασιν·
1367 3855 1469 3906 Ἐν
1496 3850 1574 3917 τῷ
1597 3855 1744 3924 φωτί
1786 3871 1901 3910 σου

446 4013 492 4043 ’⁸
520 4009 682 4065 Joan.
720 4027 775 4075 ι,
813 4010 900 4065 50.
979 4009 1208 4064 “Joan.
1250 4025 1362 4074 xw,
1391 4011 1446 4075 8,
1481 4009 1534 4065 9.

409 4189 520 4262 (24)
565 4189 1047 4262 Ἀξιοσυνάγωγος
1085 4191 1277 4260 ἔμεινε
1320 4189 1494 4258 τριῶν
1532 4191 1896 4262 ἐπισκόπων.

339 4259 512 4330 Hujus
531 4261 684 4315 verbi
705 4263 811 4314 vim
837 4259 1353 4331 llOllillleIIeer'UIlI.
1380 4262 1722 4331 interpretes.
1749 4260 1896 4326 Quos

338 4337 558 4386 secutus
587 4331 852 4386 Baronius
883 4330 949 4385 ad
982 4347 1180 4386 annum
1214 4332 1318 4387 5I8
1357 4330 1565 4394 scribit,
1601 4330 1898 4386 Lucianum

339 4401 572 4472 artribus
603 4402 876 4472 episcopis
908 4401 1013 4456 sibi
1047 4403 1305 4457 continue
1333 4402 1768 4472 succedentibus,
1795 4399 1895 4454 Ec-

339 4471 507 4542 clesia
535 4472 766 4542 ejectum
794 4471 1006 4542 fuisse.
1031 4472 1193 4542 Atqui
1224 4488 1332 4527 non
1369 4473 1469 4526 hoc
1497 4473 1629 4527 dicit
1660 4471 1896 4525 Alexano

339 4541 456 4603 der,
489 4541 581 4596 sed
634 4551 842 4596 tantum
885 4543 960 4595 ait
988 4541 1286 4597 Lucianum
1337 4543 1574 4597 schisma
1613 4542 1805 4596 fecisse
1842 4542 1896 4594 in

341 4611 691 4667 Antiochensi
717 4611 980 4675 Ecclesia,
1010 4623 1063 4666 et
1095 4613 1198 4669 sub
1227 4612 1402 4668 tribus
1426 4613 1696 4682 episcopis
1725 4612 1901 4666 conti-

341 4697 444 4736 nue
465 4683 568 4736 sibi
598 4682 1016 4738 succedentibus
1039 4685 1294 4739 collectas
1311 4699 1554 4738 seorsum
1573 4683 1896 4750 celebrasse.

342 4750 393 4822 Id
439 4751 582 4805 enim
611 4753 896 4822 significat
945 4769 1050 4810 vox
1093 4753 1534 4822 ἀποσυνάγωγος.
1565 4754 1749 4822 Itaque
1773 4752 1898 4822 Epi-

341 4821 570 4890 phanius
602 4821 976 4879 Scholasticus
1020 4840 1129 4878 non
1170 4827 1310 4879 male
1345 4821 1487 4878 hunc
1516 4821 1690 4877 locum
1733 4821 1899 4877 inter-

341 4901 580 4959 pretatus
631 4895 868 4961 esthoc
922 4895 1102 4959 modo,
1162 4895 1246 4947 cui
1285 4894 1559 4948 succedens
1611 4892 1894 4958 Luciauus,

340 4973 488 5015 extra
537 4980 834 5035 syngnogas
869 4967 1060 5018 mansit
1099 4967 1255 5018 trium
1284 4967 1638 5035 episcoporum
1672 4965 1898 5032 plurimo

339 5041 582 5106 tempore.
626 5033 858 5090 Basilius
885 5035 938 5087 in
965 5035 1192 5104 epistola
1224 5033 1396 5106 prima
1441 5036 1507 5106 ad
1548 5035 1897 5106 Amphibolof

338 5103 520 5176 cilium
574 5103 1048 5176 παρασυναγωγῆν
1102 5103 1331 5176 usurpat
1365 5104 1552 5160 eodem
1584 5121 1769 5168 sensu,
1805 5104 1894 5156 tibi

339 5172 620 5246 distinguit
653 5172 790 5231 inter
821 5172 1091 5242 haeresim,
1134 5185 1187 5230 et
1221 5172 1478 5246 schisma,
1513 5182 1566 5229 et
1591 5191 1898 5246 παρασυνα-

342 5244 540 5314 γωγήν.
573 5245 1051 5317 Παρασυναγωγάς
1083 5253 1272 5317 autem
1311 5245 1385 5298 ait
1424 5260 1547 5300 esse
1587 5244 1896 5317 illegithnos

339 5315 782 5386 conventus,‘qui
815 5316 950 5370 ﬁunt
968 5319 1046 5386 ab
1079 5316 1436 5386 immorigeris
1462 5315 1792 5386 presbyteris
1815 5315 1895 5386 vel

339 5384 610 5456 episcopis
650 5384 722 5441 ef
756 5387 929 5441 laicis.
967 5385 1128 5441 Verbi
1161 5384 1356 5456 gratia,
1409 5384 1894 5455 siquis—criminis

340 5454 643 5518 convictus,
674 5463 728 5510 et
756 5472 786 5510 a
821 5457 1122 5527 ministerio
1145 5454 1302 5511 sacro
1331 5454 1652 5527 suspensus,
1688 5456 1896 5524 judicio

340 5540 448 5579 con
492 5533 698 5592 pareat,
745 5525 840 5580 sed
887 5527 1250 5583 ministerium
1291 5525 1449 5582 suum
1482 5527 1632 5581 obire
1663 5527 1813 5589 velit,
1844 5536 1898 5580 et

343 5595 594 5668 populum
647 5597 887 5668 colligat.
931 5597 1075 5662 Inter
1106 5597 1578 5668 παρασυναγωγήν
1627 5605 1807 5668 autem
1843 5605 1896 5652 et

342 5665 804 5738 schismaparuni
833 5667 1016 5738 distat.
1051 5665 1222 5738 Porro
1254 5683 1418 5724 causa
1451 5665 1758 5722 schismatis
1791 5665 1895 5720 Lu-

342 5736 497 5806 ciano
531 5735 633 5792 fuit
675 5736 920 5792 doctrina
969 5737 1124 5796 Pauli
1173 5736 1572 5793 Samosatensis
1605 5753 1765 5806 quam
1796 5738 1891 5792 de-

345 5804 612 5878 fendebat,
644 5817 702 5862 ut
739 5809 896 5863 docet
934 5810 1260 5864 Alexander.
1300 5809 1471 5878 Cujus
1493 5804 1667 5878 gratia
1690 5807 1780 5861 diu
1804 5822 1892 5862 se-

347 5877 552 5945 paravit
598 5894 655 5934 se
703 5895 734 5934 a
787 5881 961 5936 tribus
1001 5880 1294 5954 episc0pis,
1322 5875 1552 5946 Domni),
1586 5875 1801 5948 Tymaco
1831 5894 1893 5936 ac

2009 3413 2167 3468 pans,
2195 3407 2248 3452 et
2271 3398 2530 3467 primitivi
2560 3398 2886 3466 exemplaris
2915 3411 3171 3467 expressa
3194 3396 3383 3466 figura.
3413 3393 3568 3454 Unde

2003 3491 2168 3546 etiam
2195 3487 2444 3560 Philippo
2477 3498 2606 3544 tunc
2627 3489 2807 3545 videre
2835 3491 3074 3560 cupienti
3106 3489 3365 3546 Dominus
3395 3488 3567 3543 abun-

2004 3582 2072 3637 de
2099 3589 2511 3642 commonstrat.
2548 3581 2758 3636 Dicenti
2789 3581 2932 3636 enim
2960 3600 2974 3636 :
3021 3579 3246 3635 Ostende
3272 3578 3418 3633 nobis
3450 3579 3562 3632 Pa-

2007 3681 2160 3738 trem,
2199 3671 2491 3742 respondet
2519 3689 2532 3725 :
2579 3671 2684 3736 Qui
2718 3669 2842 3726 vidit
2873 3687 2972 3736 me,
3003 3670 3129 3724 vidit
3166 3679 3215 3724 et
3246 3669 3459 3724 Patrem
3478 3670 3522 3701 ²⁶
3549 3685 3568 3724 ;

2007 3765 2205 3836 quippe
2234 3779 2357 3818 curn
2383 3779 2478 3834 per
2508 3761 2857 3833 purissimum
2878 3768 2931 3816 et
2961 3763 3255 3815 animatum
3285 3759 3564 3831 speculum

2009 3855 2206 3911 divinae
2257 3856 2508 3927 imaginis
2560 3855 2674 3924 ipse
2703 3852 3092 3923 conspiciatur.
3133 3851 3341 3920 Quibus
3387 3852 3566 3910 simile

2002 4188 2223 4260 Cyrillo.
2248 4189 2478 4260 Tantum
2503 4203 2632 4260 vero
2657 4188 2720 4242 ad
2748 4189 3006 4243 unitatem
3031 4187 3283 4260 Ecclesia:
3308 4207 3561 4254 reversus

2003 4257 2107 4320 est.
2152 4272 2210 4313 ut
2243 4275 2321 4330 ex
2366 4257 2672 4330 Alexandro
2707 4260 3001 4329 colligitur.
3038 4259 3219 4330 Neque
3247 4264 3392 4317 enim
3434 4280 3559 4322 eum

2004 4345 2173 4399 usque
2193 4329 2256 4382 ad
2277 4330 2480 4384 exitum
2500 4330 2621 4382 vitae
2642 4329 2696 4384 in
2717 4330 3007 4384 schismate
3040 4329 3308 4386 mansisse
3336 4335 3562 4389 Alexam

2002 4399 2099 4472 der
2147 4400 2358 4472 scribit,
2392 4399 2483 4454 sed
2517 4406 2725 4472 tantum
2761 4401 2919 4472 longo
2967 4407 3207 4472 tempore
3249 4413 3558 4472 separatum

2003 4469 2188 4526 fuisse.
2229 4469 2490 4524 Caeterum
2521 4468 2660 4524 hanc
2683 4468 2872 4525 vocem
2901 4468 3326 4538 ἁποσυῇοάγωγοξ
3345 4483 3560 4528 mutua-

1931 4526 1972 4580 D
2003 4551 2090 4595 tus
2119 4551 2202 4595 est
2234 4540 2534 4612 Alexander
2563 4539 2892 4612 exiloannis
2926 4526 3250 4612 Evangelia;
3292 4526 3557 4612 ὲθρῖίῦί,

2004 4612 2095 4665 ubi
2142 4611 2393 4665 Christus
2438 4609 2684 4679 praedicit
2728 4611 2990 4680 apostolis
3033 4613 3169 4674 suis,
3207 4609 3561 4678 quod'Judaei

2005 4681 2152 4750 ipsos
2176 4697 2206 4735 e
2235 4680 2523 4753 synagogis
2557 4681 2670 4753 suis
2696 4681 2924 4750 ejecturi
2964 4688 3167 4747 essent,
3210 4681 3562 4753 ἀποσυναγώ-

2003 4769 2128 4820 γους
2157 4751 2466 4823 ποιήσουσιν
2495 4751 2657 4823 ὑμᾶς.

2074 4824 2195 4896 (ἐξ)
2229 4821 2542 4896 ἘνὴΣυρίςι
2583 4830 2728 4896 χεὶρ.
2760 4821 3074 4896 ἐπίσκοποι
3107 4822 3277 4889 τρεῖς.
3313 4823 3562 4896 intelligit

2002 4891 2293 4962 Eusebium
2325 4891 2584 4962 Ciesarea:
2618 4891 2918 4962 Palaestina:
2948 4893 3282 4962 episcOpum,
3314 4891 3560 4949 Theodo-

2002 4971 2115 5014 tum
2143 4961 2420 5015 Laodiceze
2447 4969 2500 5014 et
2531 4960 2816 5015 Paulinum
2842 4960 2990 5030 Tyri.
3026 4960 3302 5017 llos—cnim
3335 4966 3557 5020 anathe-

2001 5042 2144 5087 mate
2192 5031 2475 5085 damnatos
2523 5032 2689 5086 fuisse
2743 5031 2810 5083 ab
2861 5031 3168 5086 Alexandro
3223 5034 3560 5090 Alexandria:

2001 5103 2275 5173 episcopo,
2307 5108 2539 5155 testatur
2583 5103 2744 5156 Arius
2795 5101 2848 5154 in
2892 5103 3118 5169 epistola
3159 5105 3226 5157 ad
3268 5103 3558 5160 Eusebium

2002 5171 2466 5242 l‘iicoriiediettseiii
2510 5173 2846 5242 episcopum,
2886 5187 3006 5240 qua:
3048 5173 3283 5228 refertur
3322 5191 3351 5227 a
3383 5173 3559 5230 Theo-

2001 5243 2200 5307 dorito,
2237 5241 2378 5296 Hist.
2405 5244 2531 5295 ecct.
2549 5241 2652 5296 lib.
2688 5257 2875 5311 1,7cap.
2913 5241 2963 5296 5.

2071 5313 2183 5382 ('26)
2228 5312 2678 5382 Ὑπρινακείσθω.
2720 5310 2777 5366 In
2807 5310 3008 5382 codice
3041 5313 3238 5369 Leonis
3273 5313 3475 5374 Allatii,
3508 5323 3560 5367 et

2003 5384 2056 5438 in
2083 5380 2267 5452 ‘I‘tegio
2309 5380 2358 5436 J.
2393 5381 2536 5447 Pini,
2568 5389 2622 5436 et
2653 5384 2708 5438 in
2753 5381 2992 5438 editione
3038 5383 3318 5438 Basiliensi
3365 5383 3560 5448 legitur

2001 5453 2325 5509 ἀνακείσθω.
2369 5453 2649 5518 Quomodo
2695 5453 2858 5509 etiam
2909 5455 3168 5509 scribitur
3219 5453 3361 5523 apud
3401 5453 3558 5506 Nice-

2039 5527 2250 5578 horuuu

2000 5541 2339 5667 Ρηῗὲἓίιῖτάς
2364 5592 2435 5667 τῇ
2463 5591 2797 5667 ὑποστάσει
2837 5592 2945 5667 δύο
2969 5595 3200 5667 φύσεις.
3229 5591 3374 5649 θυθδ
3399 5600 3558 5667 "tm"

1999 5664 2090 5721 ras
2133 5666 2266 5720 dicit
2317 5664 2636 5729 Alexander,
2689 5681 2798 5718 non
2843 5665 3158 5733 simpliciter
3204 5672 3257 5716 et
3311 5664 3557 5718 absolute

2001 5739 2154 5800 duas,
2204 5736 2299 5790 sed
2346 5737 2700 5804 personaliter
2735 5735 2892 5800 duas,
2940 5749 3009 5804 eo
3055 5733 3197 5803 quod
3246 5734 3299 5786 in
3344 5735 3557 5788 duabus

2001 5803 2503 5878 personisrexsislat
2535 5821 2638 5860 una
2684 5813 2894 5858 natura.
2927 5803 3102 5870 Quare
3143 5804 3299 5872 φύσις
3341 5809 3396 5861 ἐν
3427 5806 3557 5858 ὑπο-

2002 5877 2184 5934 στάσει
2211 5877 2351 5934 idem
2374 5885 2454 5934 est
2480 5879 2619 5938 quod
2651 5888 2900 5936 persona.
