4088 6284
480 419 584 473 εδδ
1569 418 1625 472 s.
1662 370 2055 470 ALEXANom
2091 410 2552 468 ALEXANDRINI
3588 406 3691 463 set

480 541 564 590 est
602 532 653 586 id
696 532 838 603 quod
881 529 1057 587 sancti
1085 530 1277 586 dicunt
1331 532 1383 585 in
1424 528 1653 585 Psalmis
1686 548 1700 582 :
1731 527 1799 583 In
1839 530 2025 583 lumine

2133 528 2395 597 ὀψόμεθα
2425 524 2567 595 φῶς.
2615 525 2705 577 Aio
2736 523 2800 595 δὴ
2849 524 2942 577 καὶ
2967 523 2996 575 ὁ
3028 520 3198 592 τιμῶν
3226 520 3315 574 τὸν
3350 520 3507 587 Υίὸν,
3558 522 3693 591 τιμᾷ

480 634 571 679 tuo
593 622 876 679 videbimus
911 622 1085 677 lumen
1111 623 1177 679 ν’.
1209 621 1474 690 Quocirca
1504 622 1596 692 qui
1641 621 1844 677 honore
1874 619 2025 676 allicit

2134 619 2222 673 τὸν
2277 618 2494 690 Πατέρα
2529 616 2662 689 (28),
2714 616 2808 669 καὶ
2862 613 3103 677 εἰκότως
3148 613 3296 666 πᾶσα
3340 610 3448 684 γὰρ
3491 611 3693 682 ἀσεϐὴς

481 715 697 778 Filium,
755 713 918 768 simul
967 713 1175 769 honore
1211 713 1371 768 afﬁcit
1417 712 1668 778 Patrem;
1721 722 1775 767 et
1802 713 1896 783 qui
1936 712 2033 767 ho-

478 811 638 858 norat
680 801 917 866 Patrem,
948 803 1179 858 honorat
1199 804 1359 859 etiam
1388 801 1585 858 Filium
1611 803 1657 836 ³⁸
1690 821 1705 859 :
1744 802 2033 873 etquidem

478 895 693 951 merito.
718 893 890 951 Omne
918 895 1061 951 enim
1092 895 1317 965 impium
1345 895 1569 951 verbum
1591 894 1737 965 quod
1764 894 2036 966 profertur

479 982 531 1036 in
569 980 784 1050 Filium,
815 981 884 1037 ad
914 998 1198 1053 personam
1227 982 1405 1039 Patris
1432 985 1684 1055 pertinet.

545 1072 613 1129 Χ.
655 1073 784 1130 Post
814 1075 928 1129 haec
956 1089 1102 1140 vero,
1133 1074 1329 1132 fratres
1360 1076 1690 1142 charissimi,
1723 1077 1811 1133 cui
1840 1077 2034 1133 mirum

476 1167 725 1222 videatur
765 1166 821 1222 id
855 1168 998 1240 quod
1028 1171 1330 1240 scripturus
1360 1185 1514 1237 sum,
1558 1171 1603 1226 si
1630 1171 1930 1228 calumnias
1966 1172 2035 1226 ab

478 1258 586 1314 illis
610 1258 870 1315 confictas
888 1260 1149 1317 adversus
1169 1277 1256 1317 me
1300 1272 1354 1318 et
1397 1264 1657 1322 adversus
1684 1265 2034 1338 religiosissi-

477 1361 623 1402 mam
656 1348 865 1418 plebem
887 1353 1223 1421 exposuero?
1254 1351 1387 1409 Nam
1415 1356 1507 1426 qui
1545 1356 1883 1413 divinitatem
1909 1356 2032 1412 Filii

477 1430 573 1488 Dei
594 1450 907 1506 oppugnare
934 1441 1174 1509 aggressi
1211 1450 1379 1507 sunt,
1415 1459 1515 1500 nos
1561 1460 1776 1517 quoque
1818 1447 2033 1518 ingrato

479 1526 661 1581 animo
691 1529 952 1586 conviciis
977 1539 1230 1601 appetere
1255 1548 1361 1588 non
1384 1545 1660 1592 verentur.
1692 1537 1797 1604 Qui
1825 1554 1924 1594 nec
1949 1540 2032 1595 ul—

478 1616 560 1672 los
585 1632 652 1672 ex
683 1620 919 1690 antiquis
951 1621 1053 1677 sibi
1077 1625 1379 1694 comparari
1411 1628 1629 1682 volunt:
1661 1644 1761 1685 nec
1785 1645 1879 1687 eos
1910 1632 2030 1702 qui.

478 1706 582 1764 bus
617 1724 718 1764 nos
744 1710 811 1765 ab
842 1711 1059 1767 ineunte
1090 1721 1246 1768 aetate
1286 1717 1557 1787 magistris
1585 1719 1669 1775 usi
1698 1734 1908 1785 sumus,
1938 1737 2031 1778 ex-

477 1800 681 1870 aequari
710 1800 813 1857 sibi
848 1803 1142 1872 patiuntur.
1175 1804 1280 1862 Sed
1326 1823 1426 1863 nec
1465 1809 1632 1865 ullum
1660 1825 1727 1866 ex
1778 1814 2030 1869 omnibus

478 1890 570 1959 qui
595 1890 754 1946 hodie
784 1901 910 1948 sunt
939 1895 1157 1966 collegae
1184 1899 1376 1963 nostri,
1401 1900 1468 1955 ad
1497 1901 1823 1957 mediocrem
1853 1905 2030 1961 scien-
2060 1893 2102 1947 Β

477 1981 605 2036 tiam
633 1983 942 2053 pervenisse
965 1996 1227 2045 censent:
1280 1992 1424 2047 solos
1473 1994 1743 2064 sapientes
1784 2010 1849 2052 ac
1896 1998 2030 2053 nihil

472 2073 834 2143 possidentes,
859 2078 1005 2134 solos
1036 2078 1346 2151 dogmatum
1377 2084 1685 2143 inventores
1712 2103 1770 2144 se
1801 2104 1921 2145 esse
1946 2089 2031 2160 ja-

472 2170 705 2230 ctantes,
738 2167 949 2238 sibique
980 2170 1113 2226 solis
1147 2187 1210 2227 ea
1240 2175 1474 2230 revelata
1506 2192 1647 2242 esse,
1673 2194 1793 2249 quae
1829 2181 2028 2237 nemini

478 2270 713 2325 unquam
741 2272 928 2313 eorum
966 2261 1058 2329 qui
1089 2262 1189 2317 sub
1233 2265 1371 2320 coelo
1413 2276 1560 2333 sunt,
1591 2269 1647 2324 in
1676 2278 1912 2328 mentem
1942 2289 2030 2329 ve-

472 2350 672 2404 nerint.
697 2348 743 2405 0
770 2350 988 2422 impiam
1022 2358 1417 2426 arrogantiam!
1452 2376 1485 2416 ο
1512 2364 1787 2419 vesaniam
1809 2365 2030 2421 immen-

472 2443 620 2496 sam!
648 2456 684 2496 o
732 2442 947 2500 inanem
987 2448 1233 2518 gloriam,
1269 2458 1386 2505 atra
1433 2453 1539 2509 bile
1580 2456 1801 2525 percitis
1830 2473 2028 2516 conve—

474 2534 740 2588 nientem!
774 2550 807 2590 ο
837 2539 1090 2607 superbia
1121 2538 1354 2608 Satanat,
1387 2560 1507 2615 quae
1535 2547 1815 2603 sceleratis
1838 2564 2025 2605 eorum

474 2626 746 2684 mentibus
776 2628 1004 2685 insedit!
1036 2630 1155 2688 Non
1180 2634 1287 2691 illis
1325 2637 1583 2706 pudorem
1624 2640 1855 2696 incussit
1881 2650 2029 2697 vetc-

473 2732 593 2772 rum
628 2717 1029 2791 Seripturarum
1074 2728 1434 2798 perspicuitas
1466 2730 1753 2801 religiosa:
1785 2747 1886 2789 nec
1914 2734 2028 2788 col—

470 2810 710 2882 legarum
743 2823 1053 2871 nostrorum
1083 2821 1430 2878 consentiens
1472 2823 1539 2878 de
1577 2823 1794 2880 Christo
1821 2825 2029 2882 doctri-

470 2917 538 2957 na
579 2904 862 2961 audaciam
892 2923 1080 2965 eorum
1110 2910 1370 2968 adversus
1401 2912 1550 2968 illum
1585 2916 1861 2985 repressit.
1893 2917 2030 2982 Quo

468 3011 591 3049 rum
640 2997 969 3067 impietatem
1031 3017 1100 3058 ne
1156 3004 1258 3074 ipsi
1314 3004 1531 3074 quidem
1566 3004 1839 3062 daemones
1863 3007 2028 3062 laturi

469 3096 619 3155 sunt,
652 3092 850 3162 quippe
878 3093 971 3163 qui
1004 3103 1216 3161 cavent,
1245 3112 1313 3152 ne
1340 3112 1504 3167 quam
1536 3098 1797 3156 adversus
1828 3098 2025 3157 Filium

468 3179 563 3236 Dei
591 3182 809 3253 impiam
840 3199 1026 3241 vocem
1058 3187 1326 3243 emittant.

2135 711 2283 783 φωνὴ
2304 713 2381 776 εἰς
2415 712 2506 765 τὸν
2538 709 2664 764 Υἱδν
2691 707 2942 778 λέγεσθαι
2984 704 3326 780 τολμωμένη,
3354 706 3433 768 είς
3456 704 3549 759 τὸν
3579 705 3692 758 Πα·

2134 801 2265 872 τέρα
2290 801 2386 873 τὴν
2412 799 2683 872 ἀναφορὰν
2708 797 2838 870 ἔχει.

2202 1073 2270 1128 Χ.
2311 1072 2420 1127 Καὶ
2446 1073 2496 1127 τί
2524 1074 2703 1130 λοιπὸν
2739 1073 2818 1127 ἔτι
2849 1073 3155 1147 θαυμαστὸν
3178 1072 3206 1128 ὃ
3236 1072 3414 1145 μέλλω
3438 1071 3688 1143 γράφειν,

2134 1167 2422 1237 ἀγαπητοὶ,
2451 1167 2499 1219 εί
2524 1165 2620 1231 τὰς
2644 1168 2763 1221 κατ’
2790 1166 2922 1238 ἐμοῦ
2958 1165 3169 1236 ψευδεῖς
3195 1163 3446 1228 διαϐολὰς
3476 1164 3570 1218 καὶ
3594 1161 3689 1216 τοῦ

2134 1257 2518 1312 εὐσεϐεστάτου
2551 1258 2705 1329 ἡμῶν
2745 1258 2873 1313 λαοῦ
2917 1257 3246 1330 ἐκθήσομαι;
3288 1258 3350 1311 Ui
3396 1255 3505 1327 γὰρ
3549 1253 3691 1308 κατά

2134 1351 2230 1421 τῆς
2260 1349 2507 1423 θεότητος
2537 1351 2628 1405 τοῦ
2658 1350 2788 1405 Υίοῦ
2810 1349 2901 1405 τοῦ
2926 1349 3058 1404 Θεοῦ
3094 1348 3551 1421 παραταξάμενοι,
3572 1346 3692 1401 οὐδὲ

2132 1439 2231 1504 τὰς
2268 1439 2389 1493 καθ’
2416 1439 2569 1511 ἡμῶν
2610 1440 2933 1512 ἀχαρίστους
2978 1438 3258 1510 παροινίας
3304 1435 3690 1508 παραιτοῦνται

2133 1532 2327 1601 λέγειν·
2357 1532 2407 1586 οἵ
2430 1549 2493 1602 γε
2517 1531 2635 1586 οὐδὲ
2654 1531 2761 1586 τῶν
2789 1531 3026 1605 ἀρχαίων
3055 1530 3204 1595 τινὰς
3232 1529 3538 1601 συγκρίνειν
3568 1531 3694 1583 ἐαυ-

2132 1624 2244 1685 τοῖς
2275 1620 2534 1689 ἀξιοῦσιν,
2568 1622 2688 1676 οὐδὲ
2716 1616 2796 1686 οἷς
2822 1624 2980 1694 ἡμεῖς
3013 1623 3078 1675 ἐκ
3105 1621 3308 1674 παίδων
3340 1620 3694 1692 ὡμιλήσαμεν

2131 1711 2487 1777 διδασκάλοις,
2540 1711 2845 1778 ἐξισοῦσθαι
2890 1712 3179 1783 ἐνέχονται.
3235 1711 3372 1766 Ἀλλ’
3418 1711 3538 1764 οὐδὲ
3583 1710 3694 1764 τῶν

2134 1800 2229 1855 νῦν
2261 1802 2535 1873 πανταχοῦ
2571 1802 2991 1874 συλλειτουργῶν
3013 1819 3132 1857 τινα
3158 1802 3239 1868 εἰς
3279 1801 3473 1874 μέτρον
3501 1802 3692 1870 σοφίας

2130 1890 2405 1961 ἡγοῦνταν
2451 1893 2597 1962 μόνοι
2631 1893 2781 1963 σοφοὶ
2812 1894 2906 1947 καὶ
2930 1894 3251 1965 ἀκτήμονες,
3285 1893 3379 1947 καὶ
3409 1892 3693 1964 δογμάτων

2132 1983 2348 2054 εὑρεταὶ
2367 1983 2611 2053 λέγοντες
2631 1981 2789 2049 εἶναι,
2817 1985 2910 2038 καὶ
2933 1985 3113 2048 αὐτοῖς
3139 1982 3579 2054 ἀποκεκαλύφθαι
3601 1983 3694 2053 μό-

2132 2092 2261 2139 νοις,
2295 2075 2436 2145 ἂπερ
2462 2076 2633 2131 οὐδενὶ
2661 2076 2767 2130 τῶν
2801 2076 2903 2129 ὐπὸ
2935 2076 3026 2130 τὸν
3066 2076 3212 2147 ἥλιον
3252 2075 3419 2147 ἑτέρῳ
3447 2075 3689 2144 πέφυκεν

2131 2166 2301 2221 ἐλθεῖν
2323 2169 2401 2231 είς
2424 2167 2648 2226 ἔννοιαν.
2676 2169 2739 2221 Ὢ
2767 2168 2978 2223 ἀνοσίου
3010 2168 3177 2238 τύφου
3210 2168 3300 2222 καὶ
3326 2168 3559 2239 ἀμέτρου
3583 2186 3686 2239 μα-

2131 2258 2265 2322 νίας,
2291 2261 2383 2312 καὶ
2407 2260 2795 2332 μελαγχολικῆς
2822 2261 3170 2333 ἡρμοσμένης
3192 2259 3347 2332 δόξης
3364 2260 3477 2333 (9.9)
3502 2261 3682 2333 κενῆς,

2130 2352 2223 2404 καὶ
2265 2351 2550 2406 σατανικοῦ
2590 2354 2954 2423 φρονήματος,
2991 2355 3070 2417 είς
3101 2353 3195 2416 τὰς
3232 2353 3476 2418 ἀνοσίους
3505 2352 3685 2416 αὐτῶν

2128 2442 2305 2515 ψυχὰς
2339 2444 2816 2516 ἀποσκιρώσαντος
2837 2445 2979 2517 ('50)!
3014 2447 3088 2499 Οὐ
3119 2446 3408 2518 κατῄδεσεν
3433 2447 3624 2510 αὐτοὺς
3650 2448 3684 2516 ἡ

2128 2534 2234 2590 τῶν
2267 2536 2506 2608 ἀρκαίων
2537 2536 2764 2608 Γραφῶν
2792 2536 3031 2606 φιλόθεος
3061 2539 3339 2611 σαφήνεια·
3366 2539 3486 2592 οὐδὲ
3515 2540 3550 2610 ἡ
3578 2537 3686 2592 τῶν

2131 2627 2549 2700 συλλειτουργῶν
2581 2630 2865 2700 σύμφωνος
2888 2632 3016 2703 περ)⁵
3053 2629 3287 2702 Χριστοῦ
3312 2630 3559 2686 εὐλάϐεια
3589 2630 3688 2702 τὴν

2130 2720 2246 2773 κατ’
2283 2719 2446 2773 αὐτοῦ
2496 2720 2802 2794 θρασύτητα
2843 2723 3018 2775 αὐτῶν
3059 2723 3386 2794 ἠμαύρωσεν
3416 2722 3548 2793 (5i).
3588 2717 3688 2778 Ὧν

2129 2813 2246 2865 οὐδὲ
2283 2811 2351 2866 τὰ
2379 2813 2627 2884 δαιμόνια
2668 2813 2766 2884 τῆς
2807 2813 3183 2887 ἀνοσιουργίας
3213 2814 3478 2884 ἀνέξεται,
3507 2814 3687 2886 φωνὴν

2131 2905 2443 2977 βλάσφημον
2476 2905 2618 2962 κατὰ
2649 2905 2738 2959 τοῦ
2772 2905 2902 2959 Υἱοῦ
2930 2906 3022 2960 τοῦ
3051 2905 3184 2960 Θεοῦ
3219 2908 3391 2989 εἰπεῖν
3424 2907 3686 2977 φυλαττό-

2132 3011 2282 3065 μενα.

533 3270 625 3325 XI.
655 3273 833 3344 Atque
865 3275 978 3331 haec
1005 3293 1104 3347 pro
1130 3280 1273 3335 virili
1305 3290 1459 3351 parte
1488 3298 1634 3339 nunc
1671 3299 1702 3338 a
1724 3284 1882 3341 nobis
1910 3284 2024 3341 dis-

2195 3273 2285 3328 ΧΙ.
2328 3275 2512 3331 Ταῦτα
2546 3277 2646 3349 μὲν
2666 3271 2756 3331 οὗν
2785 3278 2913 3349 ἡμῖν
2942 3275 3082 3331 κατά
3101 3276 3197 3348 τὴν
3220 3274 3498 3348 παροῦσαν
3521 3275 3682 3356 δύνᾳ-

467 3366 799 3434 ριηειιαηείηι
838 3367 1101 3425 adversus
1150 3387 1243 3427 eos
1281 3373 1373 3443 qui
1408 3374 1463 3428 in
1512 3374 1758 3446 imperita
1796 3378 2025 3433 materia

465 3460 720 3522 tanquam
758 3453 813 3509 in
840 3456 1060 3526 pulvere
1083 3460 1304 3516 volutati
1328 3503 1342 3528 ,
1388 3462 1664 3520 Christum
1706 3468 2025 3540 impugnare

465 3547 701 3616 aggressi
734 3559 873 3616 sunt,
899 3559 954 3607 et
992 3560 1238 3609 nostram
1278 3572 1404 3629 erga
1438 3559 1587 3615 illum
1631 3561 1884 3630 pietatem
1932 3578 2023 3617 ca-

465 3637 721 3693 lumniari
766 3640 1135 3700 instituerunt.
1175 3648 1341 3704 Aiunt
1376 3653 1521 3707 enim
1573 3654 1664 3708 isti
1714 3654 2018 3724 ineptarum

465 3731 770 3789 fabularum
800 3737 1108 3795 inventores
1136 3756 1256 3804 nos,
1280 3743 1372 3813 qui
1398 3745 1614 3815 impiam
1631 3747 1848 3801 etnullo
1872 3745 2021 3802 Scri-

463 3826 746 3890 pturarum
784 3826 1091 3884 testimonio
1134 3829 1323 3885 fultam
1372 3833 1762 3904 blasphemiam
1815 3852 1879 3891 ex
1912 3853 2019 3893 non

463 3913 807 3971 exstantibus
839 3932 1174 3987 aversamur,
1192 3922 1301 3978 duo
1324 3923 1560 3994 ingenita
1588 3941 1851 3984 asserere.
1876 3928 2020 3985 Duo-

465 4017 587 4056 rum
621 4005 763 4059 enim
795 4005 1021 4063 alterum
1053 4015 1365 4070 necessario
1399 4031 1519 4073 esse
1559 4018 1845 4076 dicendum
1880 4022 2020 4077 amr-

466 4101 615 4148 mant
637 4094 869 4166 imperiti
897 4116 909 4153 :
944 4107 1038 4154 aut
1068 4101 1216 4157 illum
1252 4120 1318 4159 ex
1368 4122 1477 4161 non
1507 4112 1849 4168 exstantibus
1876 4129 2016 4179 esse,

464 4193 559 4242 aut
600 4198 746 4243 certe
776 4188 884 4244 duo
919 4205 1038 4246 esse
1068 4194 1303 4262 ingenita
1331 4216 1343 4251 :
1378 4214 1476 4254 nec
1522 4201 1828 4273 intelligunt
1856 4206 2018 4260 rudes

463 4285 627 4346 atque
656 4279 863 4350 ignari,
902 4283 1130 4338 multum
1176 4286 1435 4345 interesse
1463 4291 1605 4348 inter
1627 4292 1842 4352 Patrem
1870 4297 2019 4368 inge-

464 4368 658 4434 nitum,
689 4377 741 4425 et
772 4386 861 4428 res
891 4373 959 4428 ab
1002 4373 1095 4429 illo
1141 4384 1353 4434 creatas
1381 4395 1445 4435 ex
1477 4382 1664 4450 nihilo,
1701 4395 1808 4440 tam
1840 4388 2014 4441 ratio-

537 4554 578 4585 ’⁷
614 4553 761 4609 Ρδιιι.
790 4571 951 4621 xxxv,
987 4557 1071 4613 10.
1149 4561 1194 4591 ’⁸
1224 4560 1384 4618 Joan.
1408 4581 1460 4628 v,
1490 4565 1579 4619 25.

2134 3386 2224 3439 μιν
2272 3370 2671 3442 ἐπαπορείσθω,
2724 3370 2859 3441 πρὸς
2909 3373 3035 3434 τούς
3075 3369 3381 3441 ἀπαιδεύτῳ
3425 3368 3527 3442 ὕλῃ
3568 3367 3681 3439 (52)

2129 3460 2270 3515 κατὰ
2309 3461 2402 3515 τοῦ
2443 3462 2679 3535 Χριστοῦ
2721 3462 3121 3533 κονισαμένους,
3164 3461 3256 3515 καὶ
3282 3461 3382 3532 τὴν
3414 3461 3491 3524 εἰς
3520 3460 3682 3514 αὐτὸν

2128 3553 2404 3609 εὐσέϐειαν
2440 3552 2596 3627 ἡμῶν
2632 3557 2978 3624 συκοφαντεῖν
3012 3552 3392 3625 προθεμένους.
3419 3553 3552 3605 Φασὶ
3574 3552 3685 3624 γὰρ

2130 3651 2274 3721 ἡμᾶς
2304 3650 2353 3703 οἱ
2387 3649 2678 3719 φληνάφων
2708 3648 2994 3719 ἐφευρεταὶ
3036 3645 3238 3717 μύθων,
3277 3646 3685 3715 ἀποστρεφομέ-

2126 3756 2248 3803 νους
2274 3739 2373 3810 τὴν
2395 3738 2454 3803 ἐξ
2479 3738 2580 3792 οὐκ
2602 3738 2767 3791 ὄντων
2793 3737 2963 3806 ἀσεϐῆ
2996 3736 3089 3790 καὶ¹
3120 3735 3361 3808 ἄγραφον
3388 3735 3529 3790 κατὰ
3553 3737 3685 3807 Χρι-

2129 3828 2254 3883 στοῦ
2281 3829 2646 3903 βλασφημίαν,
2681 3828 2948 3900 ἀγέννητα
2978 3827 3244 3883 διδάσκειν
3274 3826 3386 3882 δύο.
3412 3829 3564 3880 Δυοῖν
3589 3827 3685 3880 θά-

2126 3938 2278 3993 τερον
2307 3921 2551 3991 λέγοντες
2579 3921 2687 3974 δεῖν
2724 3915 2862 3973 εἶναι
2893 3920 2942 3972 οἱ
2970 3918 3296 3984 ἀπαίδευτοι,
3325 3919 3355 3989 ἦ
3388 3919 3446 3983 ἐξ
3475 3920 3572 3973 οὐκ
3598 3919 3684 3972 δν-

2126 4032 2230 4068 των
2257 4013 2417 4068 αὐτὸν
2444 4009 2580 4066 εἶναι
2617 4015 2853 4085 φρονεῖν,
2893 4012 2925 4083 ἢ
2965 4010 3181 4073 πάντως
3215 4011 3483 4081 ἀγέννητα
3506 4009 3683 4079 λέγειν

2125 4104 2235 4157 δύου
2272 4102 2589 4173 ἀγνοοῦντες
2628 4103 2675 4155 οἱ
2712 4102 3017 4165 ἀνάσκετοι,
3050 4101 3126 4163 ὼς
3154 4100 3360 4171 μακρὸν
3384 4099 3448 4153 ἂν
3473 4100 3556 4171 εἴη
3585 4116 3681 4170 με-

2128 4196 2255 4259 ταξύ
2285 4195 2497 4267 Πατρὸς
2524 4195 2838 4264 ἀγεννήτου,
2864 4193 2956 4247 καὶ¹
2978 4192 3085 4245 τῶν
3117 4190 3439 4245 κτισθέντων
3469 4192 3561 4244 ὐπ’
3584 4191 3683 4244 αὐ-

2125 4287 2216 4340 τοῦ
2250 4286 2310 4352 ἐξ
2333 4289 2433 4341 οὐκ
2462 4287 2649 4350 ὄντων,
2683 4285 2914 4355 λογικῶν
2940 4302 3000 4338 τε
3022 4285 3115 4338 καὶ
3142 4282 3369 4352 ἀλόγων.
3398 4278 3499 4335 Ὧν
3530 4299 3682 4353 μεσι-

2122 4381 2350 4435 τεύουσα
2384 4381 2542 4451 φύσις
2587 4381 2874 4453 μονογενὴς
2895 4379 3026 4450 (55),
3069 4378 3135 4431 δι’
3163 4372 3231 4448 ἧς
3268 4376 3337 4430 τὰ
3372 4376 3468 4431 ὅλα
3498 4375 3554 4442 ἐξ
3582 4375 3682 4429 οὐκ

535 4667 647 4753 (ἓξ)
682 4668 819 4753 Τιμᾷ
849 4671 1230 4753 τριςματέρα.
1270 4676 1610 4753 Epiphanius
1646 4678 2014 4753 scholasticus

2127 4681 2351 4753 phanius
2387 4680 2757 4753 scholasticus
2781 4679 2973 4753 legisse
3012 4679 3221 4753 videtur
3244 4681 3677 4753 ἀποσκιρτήσαν-

461 4737 826 4819 quaedamliie
848 4742 998 4819 addit
1027 4737 1147 4814 quzé
1174 4762 1285 4802 non
1316 4737 1566 4819 leguntur
1598 4750 1652 4803 in
1682 4747 1887 4804 Graeco.
1926 4748 2016 4806 Sic
2047 4737 2081 4742 ⁷
2118 4737 2227 4814 τος.
2262 4750 2352 4805 Sic
2385 4751 2528 4805 enim
2572 4751 2729 4805 vertit
2757 4770 2771 4804 :
2808 4737 3078 4819 gapientia
3123 4749 3338 4804 Satame
3376 4751 3427 4804 in
3448 4737 3677 4806 'au'imas

461 4807 604 4888 enim
651 4807 1235 4888 habeL_:__Quaﬁropler
1283 4828 1332 4870 et
1366 4807 1461 4888 ’ίμιὶ
1510 4819 1731 4874 honorat
1777 4819 2011 4884 Patrem,

462 4879 686 4959 honorat
713 4890 761 4932 et
788 4879 1223 4959 Filium,’e_t'qui
1268 4879 1489 4959 honérat
1539 4890 1585 4942 F
1588 4892 1757 4955 ilium,
1795 4879 2015 4944 honorat

458 4958 510 5003 et
533 4947 770 5029 Patrem,
794 4962 843 5005 et
874 4947 1028 5014 recte.
1062 4947 1234 5029 Quam
1267 4958 1549 5013 lectionem
1580 4947 1900 5014 confirmant
1932 4976 2017 5014 sc-

461 5019 699 5098 quentia.
737 5019 918 5099 Itaque
940 5019 1328 5099 error—videtur
1355 5029 1722 5092 librariorum,
1758 5030 1849 5099 qui
1876 5030 2016 5086 hanc

460 5092 1082 5166 perieopeiromiscrunt
1112 5092 1318 5166 decepti
1354 5115 1548 5155 vocum
1582 5092 1954 5156 similitudine.

529 5157 643 5283 ἐξ)
663 5160 774 5213 Καὶ
788 5157 1631 5253 ιεελίιγχολικῆςῆἱρμοσμένιῃς
1651 5170 1851 5238 δόξης.
1878 5170 2018 5253 Lego

611 5229 884 5283 .γολικοις.
932 5238 1382 5283 aliemmlmmlnm
1429 5241 1595 5283 edulii
1641 5241 1874 5283 hmth
1903 5240 2017 5283 Rw-

461 5229 884 5314 μελαγχολικοῖς,
932 5229 1384 5314 quemadmodum
1429 5229 1874 5314 edidit'Jacob'us
1903 5229 2017 5295 sai--

462 5299 698 5376 mundus
727 5319 741 5355 :
770 5299 1138 5381 _cu_jus_'tamcn
1169 5305 1366 5381 factum
1387 5311 1616 5379 probare
1637 5327 1743 5365 non
1771 5327 2014 5381 possum,

459 5372 522 5449 in
543 5385 609 5449 eo
642 5372 785 5449 quod
827 5373 1111 5449 lectionem
1152 5378 1353 5449 nullius
1382 5372 1566 5449 scripti
1596 5372 1801 5437 codicis
1826 5372 2015 5437 aucto;

458 5442 620 5493 ritate
641 5442 909 5496 firmatam
940 5445 994 5499 in
1027 5454 1231 5499 textum
1262 5442 1544 5505 admittere
1572 5467 1680 5505 non
1709 5451 1972 5506 dubitavit
1998 5470 2008 5506 :

457 5510 725 5589 quaniad
756 5513 894 5589 latus
922 5516 1178 5589 editionis
1208 5533 1320 5571 suae
1352 5519 1593 5587 rejicerc.
1628 5530 1721 5576 aut
1756 5522 1811 5574 in
1844 5523 2023 5575 adnov'

458 5581 757 5660 tationibus
800 5583 1001 5660 referre
1043 5587 1222 5655 potius
1255 5581 1623 5660 conveniebat.
1659 5590 1812 5660 Apud
1849 5591 2005 5647 Nice-

461 5647 710 5732 phorum,
733 5652 786 5706 in
819 5654 911 5732 lib_.
952 5647 1069 5718 vui,
1100 5672 1219 5732 cap.
1264 5656 1314 5720 7,
1352 5658 1542 5732 legitur
1569 5662 1662 5714 καὶ
1699 5647 2011 5732 μελαγχολι-

458 5718 764 5799 κῆς-δόξῃς,
789 5724 987 5799 omissa
1016 5743 1148 5781 voce
1168 5718 1541 5799 ἡρμοσμένης.

531 5786 643 5865 (5Q)
665 5786 1264 5868 ⁸’Ᾱηποοςκιμὸοναντοξῖ.⁹
1295 5786 1368 5851 In.
1399 5786 1768 5868 manuscripto
1827 5803 2010 5859 codice

462 5852 678 5913 licttrici
719 5852 1213 5940 Smilii'scriptuui
1258 5879 1337 5925 cst
1384 5852 1835 5941 ἐνσκηνώσᾶντος.
1880 5852 2008 5945 Epi:

2122 4838 2301 4875 corum
2328 4820 2671 4891 nequissimos
2698 4820 3012 4891 vehementer
3032 4819 3300 4891 insiliens.

2191 4892 2299 4961 (5|)
2342 4889 2732 4960 Ἡμαύρωσεν.
2791 4889 3237 4961 Οοιιοχίιθοῃίε
3278 4891 3457 4946 Allatii
3514 4891 3677 4961 habet

2124 4959 2428 5033 ἡμέρωσεν.
2452 4959 2627 5032 Atque
2649 4963 2723 5015 ita
2746 4976 2969 5033 prorsus
2996 4960 3125 5030 legit
3148 4959 3480 5033 Epiphanius
3510 4960 3679 5033 Scho-

2120 5030 2365 5092 lu‘sti‘cus,
2411 5039 2467 5085 ut
2511 5030 2578 5086 ex
2628 5032 3072 5100 interpretatione
3126 5030 3245 5099 ejus
3293 5040 3534 5100 apparet.
3583 5030 3676 5085 Sic

2120 5103 2263 5156 enim
2295 5102 2494 5156 vertit:
2533 5100 2656 5155 Non
2690 5100 3167 5155 comministrorum
3201 5116 3416 5154 concors
3445 5117 3675 5156 reveren-

2121 5174 2197 5226 tia
2223 5171 2286 5234 de
2312 5170 2544 5231 Christo.
2577 5171 2901 5240 ferocitatem
2929 5185 3109 5240 eorum
3137 5170 3501 5240 mansuefecit.

2191 5242 2304 5311 (52)
2347 5239 2693 5309 ὶὶπαιδεύτῳ
2727 5242 2867 5309 ὕλῃ.
2913 5239 3003 5311 Sic
3045 5240 3553 5311 vocatdialeeticas
3588 5256 3675 5294 ar-

2156 5310 2570 5383 umentationes,
2629 5311 2828 5383 quibus
2886 5310 3141 5383 utebatur
3196 5310 3672 5383 Ariusadversus

2117 5380 2321 5438 Christi
2344 5380 2698 5454 divinitatem.
2730 5380 2793 5454 ln_
2813 5381 3001 5435 codice
3029 5390 3206 5454 tamen
3237 5380 3419 5435 Allatii
3449 5397 3549 5454 pro
3576 5380 3675 5454 ὕλη

2118 5451 2537 5524 Ιεείιυτῌύλακῇ,
2574 5451 2625 5504 id
2657 5459 2740 5524 est
2776 5450 2994 5524 latratu,
3025 5449 3171 5519 quod
3201 5465 3311 5504 non
3341 5449 3533 5524 probo.

2188 5518 2298 5594 (55)
2321 5518 2429 5594 Ὧν
2441 5518 2844 5594 μὲσιτεύουοζιι
2862 5518 3411 5594 φύσιςίιιονογενῆς.
3440 5520 3675 5594 Benigne

2118 5590 2537 5663 intelligendum
2555 5600 2637 5646 est
2663 5592 2814 5663 quod
2834 5592 2935 5646 hoc
2969 5590 3089 5644 loco
3112 5591 3193 5663 ait
3222 5592 3542 5663 Alexander,
3575 5590 3676 5644 na-

2118 5659 2655 5730 turam‘unigenitam
2682 5659 2928 5715 'mediam
2957 5675 3080 5715 esse
3110 5660 3250 5714 inter
3277 5659 3492 5716 Patrem
3525 5662 3677 5730 inge~

2118 5734 2374 5802 nitumiet
2407 5741 2704 5786 creaturas.
2754 5730 2855 5785 Ubi
2906 5740 3157 5802 naturain
3207 5732 3373 5802 sumit
3419 5746 3518 5802 pro
3555 5747 3677 5800 per-

2121 5820 2273 5858 sona.
2306 5801 2560 5872 lnlclligit
2591 5802 2733 5857 cnim
2782 5802 2938 5870 φύσιν
2984 5802 3052 5872 ἐν,
3074 5800 3384 5872 ὑποστάσει,
3414 5800 3478 5867 ut
3514 5803 3679 5868 paulo

2122 5881 2243 5929 ante
2275 5869 2596 5944 loculus'cst
2638 5869 2958 5928 Alexander.
3012 5869 3240 5925 Mediam
3293 5880 3470 5927 autem
3521 5883 3681 5927 vocat
