4088 6284
404 377 508 436 ὕϐὕ

1794 369 2177 428 ΕΡΙΕΤΟῙΑΕ.

3515 370 3617 427 5ῧϐ

404 490 569 545 ὅντων
597 486 848 564 ἐποίησεν
874 487 903 540 ό
932 486 1119 559 Πατὴρ
1140 486 1235 540 τοῦ
1265 485 1615 555 ΘεοῦΛόγου·
1644 483 1678 555 ἢ
1715 484 1775 549 ἐξ
1798 484 1962 539 αὑτοῦ
1991 524 2001 547 λ

2082 484 2216 540 ialcs
2249 497 2411 556 quam
2438 482 2664 538 rationis
2694 491 2966 555 expertes.
3004 482 3143 554 Inter
3178 497 3298 553 qua:
3351 482 3457 538 duo
3510 501 3620 539 me-

406 579 496 634 τοῦ
527 578 678 641 ὄντος
707 577 915 649 [ἰατρὸς
945 577 1283 649 γεγέννηται·
1313 577 1388 641 ὡς
1416 577 1511 631 mi.
1537 577 1697 642 αὐτός
1727 593 1830 631 που
1857 577 1963 631 διε-

411 670 721 744 μαρτύρατο
744 669 918 738 λέγων
942 671 970 720 ὁ
997 668 1218 741 Κύριος,
1252 668 1305 722 '0
1328 668 1573 739 ἀγαπῶν
1589 668 1697 722 τὸν
1714 668 1960 738 Πατέρα,

406 761 603 836 ἀγαπᾷ
632 761 730 816 καὶ
758 761 866 815 τὸν
900 763 1036 815 Υὶὸν
1063 760 1172 814 τὸν
1200 759 1632 830 γεγεννημένον
1662 760 1731 825 ἐξ
1757 761 1960 818 αὑτοῦ.

474 1031 591 1083 ΧΠ.
633 1028 767 1101 Περὶ⁵
788 1023 862 1083 ὧν
885 1029 1042 1100 ἡμεῖς
1067 1026 1238 1091 οὕτως
1263 1026 1605 1097 πιστεύομεν,
1637 1026 1711 1089 ὡς
1739 1026 1804 1096 τῇ
1836 1025 1967 1078 ἀπο-

409 1120 622 1193 στολικῇ
672 1120 964 1192 Ἐκκλησία
1003 1119 1165 1173 δοκεῖ·
1206 1120 1301 1184 Εἰς
1346 1118 1502 1190 μόνον
1533 1118 1822 1189 ἀγέννητον
1860 1118 1967 1169 Πα-

405 1212 559 1286 τέρα,
579 1213 769 1267 οὐδένα
791 1211 885 1265 τοῦ
920 1209 1055 1265 εἶναι
1083 1210 1232 1282 αὐτῷ
1256 1212 1346 1265 τὸν
1371 1212 1540 1266 αῐτιον
1570 1209 1780 1281 ἔχοντα,
1809 1208 1968 1280 ἄτρε-

408 1286 538 1359 πτόν
561 1322 620 1358 τε
638 1305 731 1358 καὶ
751 1303 1125 1368 ἀναλλοίωτον,
1151 1304 1238 1357 ἀεὶ
1257 1302 1399 1357 κατά
1422 1303 1491 1357 τὰ
1508 1302 1646 1356 αύτά
1669 1302 1762 1357 καὶ
1787 1301 1967 1355 ὡσαύ-

407 1414 512 1460 τως
541 1395 749 1466 ἔχοντα,
781 1394 903 1449 οὔτε
928 1395 1227 1468 προκοπὴν,
1251 1392 1376 1447 οὔτε
1405 1393 1630 1465 μείωσιν
1654 1392 1971 1462 ἐπιδεχόμε-

408 1505 512 1543 νον·
542 1489 724 1559 Νόμου
765 1488 858 1542 καὶ
901 1487 1201 1561 Προφητῶν
1233 1488 1327 1541 καὶ
1363 1486 1708 1556 Εὐαγγελίων
1750 1486 1967 1556 δοτῆρα,

410 1578 755 1651 πατριαρχῶν
783 1579 876 1632 καὶ
903 1578 1231 1644 ἀποστόλων,
1260 1578 1355 1633 καὶ
1378 1578 1631 1632 ἀπάντων
1664 1576 1831 1646 ἀγὶων
1856 1576 1970 1630 Κύσ

2065 577 2212 633 dium
2267 575 2519 631 obtinens
2572 574 2849 646 unigenita
2902 581 3093 630 natura
3156 574 3248 628 Dei
3310 573 3466 630 Verbi
3526 592 3620 645 per

2064 680 2224 737 quam
2259 663 2419 720 Pater
2451 665 2705 720 universa
2751 664 2991 719 condidit
3037 680 3098 719 ex
3151 664 3321 720 nihilo
3346 708 3359 732 ,
3396 681 3459 720 ex
3504 666 3621 735 ipso

2065 770 2195 812 vero
2222 754 2380 811 Patre
2406 756 2686 826 progenita
2716 766 2815 812 est.
2849 756 3002 812 Sicut
3047 757 3163 827 ipse
3189 755 3448 812 Dominus
3487 773 3623 828 quo-

2066 847 2189 902 dam
2217 848 2336 903 loeo
2361 854 2590 904 testatus
2621 856 2705 904 est
2730 849 2815 905 his
2844 850 3023 905 verbis
3049 850 3095 881 "
3126 865 3140 902 ς
3178 848 3282 915 Qui
3313 849 3484 921 diligit
3515 849 3624 905 Pa-

2070 946 2221 1001 trem,
2250 936 2425 1008 diligit
2456 937 2616 991 etiam
2650 937 2849 993 Filium
2884 939 2972 1010 qui
3015 956 3077 993 ea:
3106 957 3162 994 eo
3189 940 3390 1009 genitus
3419 952 3517 995 est.

2140 1027 2253 1084 XII.
2296 1028 2371 1085 De
2400 1029 2596 1100 quibus
2618 1046 2718 1086 nos
2754 1032 2829 1085 ita
2854 1032 3146 1097 credimus,
3172 1032 3623 1104 quemadmodum

2068 1120 2361 1190 apostolica
2397 1121 2563 1177 sentit
2597 1120 2839 1179 Ecclesia
2869 1144 2881 1178 :
2914 1123 2973 1178 In
3011 1141 3176 1179 unum
3206 1125 3499 1197 ingenitum
3524 1125 3626 1180 Pa--

2068 1223 2223 1281 trem,
2257 1215 2349 1286 qui
2378 1230 2408 1268 a
2451 1214 2601 1269 nullo
2632 1230 2854 1271 causam
2880 1217 3039 1273 habet
3067 1218 3315 1274 essentia-
3346 1234 3456 1273 sua:
3485 1237 3496 1271 :
3528 1234 3626 1273 nee

2069 1305 2409 1360 conversioni
2441 1304 2741 1360 obnoxium
2772 1321 2871 1362 nec
2910 1308 3232 1372 mutationi,
3278 1307 3369 1379 qui
3416 1324 3627 1378 semper

2069 1397 2259 1453 eodem
2295 1397 2457 1452 modo
2486 1413 2546 1454 se
2578 1398 2761 1463 habet,
2787 1414 2887 1454 nec
2934 1399 3232 1469 profectum
3269 1417 3366 1456 nec
3393 1402 3628 1456 diminu-

2070 1487 2271 1543 tionem
2307 1489 2577 1544 admittit:
2614 1491 2703 1561 qui
2735 1489 2929 1561 Legem
2958 1500 3011 1547 et
3038 1490 3336 1561 Prophetas
3372 1502 3424 1547 et
3454 1493 3628 1548 Evan-

2071 1578 2207 1647 gelia
2237 1578 2394 1633 nobis
2430 1578 2609 1633 dedit:
2646 1580 2736 1649 qui
2771 1579 3032 1635 Dominus
3082 1590 3163 1636 est
3202 1582 3626 1651 patriarcharum

412 1688 540 1743 ριον.
580 1672 691 1725 Καὶ
730 1673 809 1735 εἰς
845 1671 942 1726 ἕνα
977 1670 1179 1743 Κύριον
1226 1669 1429 1741 Ἰησοῦν
1454 1669 1708 1742 Χριστὸν,
1734 1670 1824 1722 τὸν
1845 1669 1971 1722 Υἱὺν

2082 1677 2125 1724 et
2159 1672 2527 1741 apostolorum
2559 1680 2980 1742 sanctorumque
3004 1673 3266 1727 omnium.
3296 1672 3360 1727 Et
3384 1675 3440 1727 in
3462 1691 3627 1728 unum

408 1762 499 1817 τοῦ
533 1761 668 1816 Θεοῦ
707 1764 797 1817 τὸν
840 1763 1122 1834 μονογενῆ,
1150 1762 1476 1834 γεννηθέντα
1517 1762 1617 1815 οὐκ
1648 1763 1712 1815 ὲκ
1751 1759 1845 1815 τοῦ
1895 1760 1970 1832 μὴ

2082 1757 2364 1816 Dominum
2398 1760 2582 1818 Iesum
2607 1762 2905 1829 Christum,
2925 1761 3120 1817 Filium
3144 1761 3238 1818 Dei
3267 1764 3594 1834 unigenitum
3617 1780 3630 1815 :

408 1853 575 1919 ὄντος,
603 1854 716 1908 ἀλλ’
749 1855 813 1907 ὲκ
832 1854 924 1907 τοῦ
945 1854 1095 1918 ὄντος
1117 1854 1351 1925 Πατρὸς,
1378 1855 1436 1908 ού
1461 1852 1603 1908 κατά
1621 1853 1719 1916 τάς
1743 1852 1850 1907 τῶν
1874 1869 1968 1905 σω-
1999 1850 2001 1904 ἶ

2082 1868 2178 1908 non
2209 1869 2276 1908 ex
2313 1854 2486 1908 nihilo
2514 1855 2753 1926 genitum
2783 1896 2797 1919 ,
2849 1855 2943 1912 sed
2980 1872 3046 1911 ex
3073 1871 3138 1911 eo
3167 1857 3258 1925 qui
3310 1854 3468 1912 Pater
3506 1864 3629 1922 cst;

413 1945 594 2016 μάτων
626 1945 968 2016 ὁμοιότητας,
988 1948 1109 2009 ταῖς
1132 1948 1324 2016 τομαῖς
1354 1944 1387 2016 ἢ
1418 1947 1538 2008 ταῖς
1567 1945 1631 1997 ὲκ
1658 1943 1969 2015 διαιρέσεων

409 2035 741 2108 ἀπορροίαις,
786 2036 972 2104 ὥσπερ
1009 2036 1281 2105 Σαϐελλίῳ
1321 2035 1416 2089 καὶ
1460 2035 1758 2105 Βαλεντίνῳ
1803 2035 1966 2088 δοκεῖ·

410 2129 520 2182 ἀλλ’
545 2131 797 2201 ἀρρήτως
830 2131 923 2183 καὶ
961 2129 1385 2201 ἀνεκδιηγήτως,
1420 2127 1558 2182 κατά
1600 2127 1690 2179 τὸν
1727 2127 1970 2191 εἰπόντα,

410 2220 481 2285 ὡς
516 2222 774 2295 ἀνωτέρω
810 2221 1218 2294 παρεθήκαμεν,
1268 2220 1387 2289 Τὴν
1424 2220 1637 2289 γενεὰν
1669 2220 1853 2274 αὐτοῦ
1885 2221 1974 2285 τίς

411 2312 789 2385 Sinnianae;
830 2314 943 2385 Τῆς
984 2314 1332 2377 ὑποστάσεως
1372 2312 1535 2368 αὐτοῦ
1576 2313 1724 2385 πάσῃ
1756 2314 1820 2383 τῇ
1853 2328 1975 2379 γεν-

412 2409 540 2479 νητῇ
574 2406 731 2476 φύσει
753 2404 865 2477 (Si)
894 2405 1326 2477 ἀπερωργάστου
1364 2402 1753 2475 τυγχανούσης,
1793 2400 1975 2465 καθὼς

412 2499 502 2551 καὶ
544 2499 707 2562 αὐτὸς
746 2500 775 2551 ό
820 2498 1008 2570 Πατὴρ
1050 2498 1479 2571 ἀπεριέργαστός
1516 2500 1651 2565 ἐστι,
1685 2497 1771 2553 διὰ
1806 2498 1867 2551 τὸ
1901 2498 1975 2570 μὴ

413 2591 606 2662 χωρεῖν
633 2590 732 2660 τὴν
752 2590 862 2642 τῶν
895 2588 1128 2659 λογικῶν
1159 2591 1338 2660 φύσιν,
1371 2591 1469 2662 τῆς
1498 2590 1772 2662 πατρικῆς
1801 2590 1978 2659 θεογο-

415 2681 527 2745 via;
550 2680 647 2752 τήν
678 2680 901 2750 εἴδησιν·
934 2679 1078 2752 ἀπερ
1118 2681 1179 2734 οὐ
1221 2682 1347 2752 παρ’
1377 2680 1510 2752 ἐμοῦ
1538 2681 1617 2735 δεῖ
1661 2681 1851 2752 μαθεῖν
1888 2679 1979 2734 ἀν-

414 2772 543 2844 δρας
585 2771 663 2844 τῷ
698 2772 799 2843 τῆς
833 2771 1091 2843 ἀληθείας
1130 2772 1398 2844 πνεύματι
1439 2774 1805 2845 κινουμένους,
1836 2774 1977 2845 ὑπη-

417 2860 612 2932 χούσης
643 2862 790 2932 ἡμᾶς
818 2862 909 2914 καὶ
933 2861 1034 2932 τῆς
1061 2860 1343 2933 φθασάσης
1368 2862 1605 2933 Χριστοῦ
1636 2862 1762 2933 περὶ
1789 2862 1976 2915 τούτου

418 2954 599 3025 φωνῆς
644 2955 739 3009 καλ⁵
791 2954 1165 3026 διδασκούσης·
1217 2954 1426 3021 Οὐδεὶς
1467 2951 1590 3008 οἵδε
1629 2955 1720 3021 τίς
1757 2955 1926 3008 ἐστιν
1947 2958 1979 3008 ό

419 3043 636 3113 Πατὴρ,
672 3047 725 3099 εὶ
752 3045 838 3114 μὴ
871 3047 905 3100 ό
944 3044 1094 3111 Υἱός·
1122 3044 1218 3098 καὶ
1247 3044 1445 3111 οὐδεὶς
1476 3041 1599 3098 οἵδε
1628 3045 1719 3111 τίς
1751 3045 1920 3099 ἐστιν
1948 3047 1980 3097 ό

426 3134 575 3200 Υἱὸς,
609 3138 660 3189 εὶ
692 3134 777 3205 μὴ
806 3139 840 3189 ό
872 3136 1093 3203 Πατήρ.
1140 3135 1440 3207 Ἀτρεπτον
1472 3135 1657 3189 τοῦτον
1698 3136 1791 3189 καὶ
1819 3135 1978 3189 ἀναλ⁹

417 3224 632 3279 λοιωτον
659 3226 733 3291 ὼς
763 3226 853 3280 τὸν
882 3226 1124 3298 Πατέρα,
1159 3226 1453 3298 ἀπροσδεῆ,
1486 3228 1580 3281 καὶ
1603 3228 1803 3281 τέλειον
1834 3226 1979 3293 Υἱὸν,

416 3318 624 3390 ἐμφερῆ
659 3317 737 3390 τῷ
762 3319 937 3391 Πατρὶ
973 3318 1390 3391 μεμαθήκαμεν,
1421 3320 1564 3391 μόνῳ
1599 3319 1677 3391 τῷ
1708 3321 1983 3392 ἀγεννήτῳ

419 3408 731 3478 λειπόμενον
757 3410 985 3463 ἐκείνου.
1020 3409 1196 3463 Εἰκὼν
1222 3411 1329 3479 γάρ
1357 3411 1502 3463 ἐστιν
1531 3410 1982 3482 ἀπηκριϐωμένη,

424 3499 511 3553 καὶ
538 3500 951 3569 ἀπαράλλακτος
976 3500 1068 3554 τοῦ
1094 3500 1326 3572 Πατρός.
1357 3500 1579 3555 Πάντων
1604 3501 1710 3572 γὰρ
1732 3497 1870 3555 εἶναι
1890 3501 1984 3573 τὴν

421 3593 600 3648 εἰκόνα
624 3594 735 3665 (55)
762 3593 962 3666 πλήρη,
1004 3594 1071 3648 δι’
1110 3586 1185 3649 ὧν
1219 3596 1253 3666 ἡ
1289 3595 1489 3665 μείζων
1511 3595 1779 3666 ὲμφέρεια
1805 3594 1982 3664 δῆλον,

420 3686 494 3750 ὡς
527 3686 688 3749 αὐτὸς
718 3686 1032 3740 ἐπαίδευσεν
1064 3688 1092 3739 ό
1124 3686 1345 3758 Κύριος·
1397 3687 1451 3739 Ὁ
1491 3686 1691 3756 Πατήρ
1717 3706 1857 3758 μου,
1902 3687 1985 3741 λέ-

422 3793 552 3844 γων,
582 3776 794 3845 μείζων
823 3795 943 3847 μου
983 3778 1131 3833 ἐστι.
1163 3779 1273 3832 Καὶ
1298 3778 1455 3845 κατὰ⁸
1478 3779 1635 3833 τοῦτο
1674 3780 1765 3833 καὶ
1802 3780 1862 3833 τὸ
1900 3778 1987 3833 ἀεὶ

423 3865 561 3922 εἶναι
585 3868 674 3923 τὸν
703 3870 832 3925 Υἱὸν
862 3872 926 3925 ὲκ
951 3870 1044 3924 τοῦ
1069 3871 1281 3945 Πατρὸς
1313 3870 1661 3942 πιστεύομεν.
1704 3871 1986 3941 Ἁπαύγα-

424 3974 545 4028 σμα
584 3960 692 4032 γάρ
728 3960 860 4015 ἐστι
896 3959 1008 4030 τῆς
1044 3961 1249 4029 δόξης,
1290 3962 1385 4015 καὶ
1415 3961 1721 4031 χαρακτὴρ
1749 3961 1858 4032 τῆς
1884 3980 1987 4015 πα-

431 4052 614 4124 τρικῆς
635 4052 1041 4120 ὑποστάσεως.
1081 4053 1239 4108 Ἀλλά
1265 4054 1339 4125 μή
1362 4071 1447 4120 τις
1480 4053 1540 4108 τὸ
1572 4054 1664 4109 ἀεὶ
1693 4053 1827 4126 πρὸς
1858 4055 1989 4107 ὑπό-

428 4161 572 4199 νοιαν
612 4145 931 4216 Ἀγεννήτου
957 4144 1298 4216 λαμϐανέτω,
1334 4146 1410 4210 ὡς
1429 4144 1629 4199 οἴονται
1649 4147 1697 4199 οἱ
1718 4146 1788 4199 τὰ
1809 4144 1986 4216 ψυχῆς

426 4236 750 4307 αἰσθητήρια
793 4236 1197 4309 πεπηρωμένοι.
1246 4237 1381 4291 Οὔτε
1412 4237 1519 4308 γὰρ
1552 4238 1613 4291 τὸ
1636 4234 1734 4309 ἦν,
1777 4235 1898 4289 οὔτε
1928 4237 1986 4290 τὸ

427 4327 539 4391 ἀεὶ,
564 4328 693 4385 οὒτε·
711 4328 771 4382 τὸ
797 4328 908 4396 πρὸ
932 4328 1177 4393 αἰώνων,
1207 4329 1401 4383 ταύτόν
1422 4330 1537 4382 ἐστι
1558 4329 1636 4401 τῷ
1669 4330 1985 4401 ’Δγεννήτιμ

440 4417 575 4470 Ἀλλ’
606 4418 713 4472 οὐδ’
753 4418 927 4473 ὁτιοῦν
971 4418 1268 4490 ἀνθρώπιον
1321 4420 1492 4474 ἔννοια
1539 4421 1989 4494 ὀνοματοποιῆσαι

2073 1960 2181 2001 non
2208 1960 2493 2015 corporum
2528 1961 2715 2010 more,
2765 1963 2859 2015 per
2906 1946 3198 2003 incisiones
3251 1955 3343 2001 aut
3387 1946 3631 2003 defluxus

2073 2036 2424 2099 divisionum,
2458 2037 2911 2105 quemadmodum
2950 2035 3185 2092 Sabellio
3211 2038 3422 2091 videtur
3455 2047 3509 2094 et
3531 2037 3631 2090 Va—

2074 2128 2307 2192 lentino,
2361 2127 2454 2182 sed
2513 2127 2874 2198 inexplicabili
2915 2136 2966 2183 et
3012 2129 3361 2183 inenarrabili
3398 2130 3630 2200 quodam

2075 2220 2256 2287 modo,
2299 2220 2454 2289 juxta
2488 2220 2761 2290 propheta:
2792 2220 2953 2275 verba
2995 2219 3041 2253 ³⁰
3076 2236 3195 2291 quae
3245 2236 3407 2290 supra
3443 2223 3633 2276 retuli-

2076 2326 2195 2367 mus
2230 2332 2241 2365 :
2276 2310 2668 2366 Generationem
2727 2311 2838 2380 ejus
2902 2312 3016 2381 quis
3046 2311 3379 2366 'enarrabit?
3428 2311 3637 2382 Quippe

2077 2418 2197 2457 cum
2231 2402 2350 2472 ejus
2374 2402 2780 2457 subsistentiam
2819 2402 2966 2455 nulla
3001 2401 3245 2456 mortalis
3274 2410 3467 2454 natura
3512 2418 3631 2471 per.-

2077 2494 2343 2564 vestigare
2366 2492 2560 2563 possit,
2586 2491 2728 2548 sicut
2762 2507 2861 2547 nec
2889 2491 3046 2547 Pater
3078 2492 3146 2546 ab
3179 2491 3287 2545 ullo
3325 2490 3634 2562 investigari

2077 2586 2294 2650 potest;
2334 2586 2618 2649 propterea
2674 2581 2818 2651 quod
2864 2580 3145 2635 rationalis
3179 2589 3369 2635 natura
3418 2581 3635 2636 modum

2078 2672 2272 2727 divinze
2302 2673 2449 2728 illius
2472 2688 2537 2728 ex
2560 2671 2719 2728 Patre
2750 2673 3115 2745 generationis
3147 2674 3421 2744 percipere
3458 2672 3637 2729 haud-

2078 2780 2350 2836 quaquam
2384 2765 2543 2820 valet.
2578 2764 2778 2820 Verum
2812 2765 3059 2821 homines
3088 2765 3179 2835 qui
3213 2763 3416 2834 Spiritu
3438 2766 3638 2821 verita.

2080 2859 2150 2913 tis
2183 2868 2496 2925 moventur,
2538 2873 2647 2913 non
2698 2872 2833 2927 opus
2864 2857 3065 2913 habent
3095 2859 3197 2913 ista
3226 2874 3255 2911 a
3286 2874 3370 2913 me
3396 2858 3602 2917 discere
3624 2903 3636 2923 ,

2081 2966 2203 3005 cum
2238 2951 2462 3005 auribus
2505 2949 2725 3017 nostris,
2770 2951 3022 3007 insonent
3058 2952 3216 3007 verba
3264 2953 3373 3022 jam
3431 2953 3555 3007 olim
3610 2972 3638 3005 a

2082 3040 2298 3096 Christo
2325 3041 2428 3097 hac
2456 3042 2522 3097 de
2545 3057 2602 3097 re
2638 3042 2869 3113 prolata,
2894 3058 3103 3113 nosque
3132 3043 3203 3096 ita
3230 3044 3455 3099 doceant
3481 3064 3492 3099 :
3532 3042 3640 3097 Ne-

2084 3148 2166 3186 mo
2199 3135 2338 3187 novit
2370 3133 2584 3188 Patrem
2613 3134 2719 3188 nisi
2751 3133 2944 3201 Filius,
2976 3147 3023 3189 et
3051 3152 3196 3189 nemo
3228 3138 3365 3190 novit
3407 3137 3522 3207 quis
3573 3137 3640 3189 sit

2085 3222 2259 3279 Filius
2289 3225 2391 3279 nisi
2426 3224 2586 3278 Pater
2624 3224 2687 3281 ⁸¹.
2725 3222 2879 3280 Hunc
2907 3226 3279 3281 conversionis
3307 3242 3371 3280 ac
3396 3227 3642 3281 mutatio-

2084 3321 2171 3372 nis
2196 3325 2471 3386 expertem
2508 3316 2732 3387 perinde
2758 3330 2820 3371 ac
2860 3316 3094 3382 Patrem,
3128 3318 3329 3373 nullius
3374 3326 3639 3387 egentem,

2084 3418 2136 3461 et
2168 3408 2462 3477 perfectum
2488 3407 2704 3471 Filium,
2729 3406 3011 3477 Patrisque
3042 3408 3268 3463 similem
3294 3425 3415 3464 esse
3441 3408 3631 3463 didici:

2086 3514 2226 3563 mus,
2261 3500 2363 3554 hoc
2395 3500 2512 3555 solo
2535 3498 2846 3555 inferiorem
2868 3499 3046 3566 Patre,
3071 3499 3215 3569 quod
3253 3501 3642 3570 ingenitusnon

2083 3598 2184 3647 est.
2223 3591 2317 3648 Est
2336 3592 2483 3647 enim
2520 3592 2697 3663 imago
2728 3591 2905 3646 Patris
2936 3592 3285 3647 exactissima
3312 3601 3367 3647 et
3408 3594 3460 3646 in
3494 3594 3641 3647 nullo

2086 3683 2420 3756 discrepans.
2448 3685 2659 3755 Quippe
2687 3686 2875 3755 liquet,
2907 3700 3030 3739 eum
3065 3685 3354 3756 imaginem
3376 3701 3497 3741 esse
3529 3687 3637 3757 ple-

2088 3789 2155 3829 ne
2184 3777 2364 3829 omnia
2394 3760 3010 3846 continentem,quihus
3067 3777 3297 3830 maxima
3350 3775 3645 3832 similitudo

2088 3864 2426 3931 declaratur,
2457 3867 2599 3922 sicut
2640 3868 2756 3936 ipse
2782 3866 3041 3922 Dominus
3088 3867 3306 3932 docuit,
3359 3882 3481 3922 eum
3525 3868 3596 3921 ait
3630 3888 3642 3922 :

2092 3956 2251 4012 Pater
2278 3958 2451 4028 major
2483 3974 2561 4012 me
2587 3967 2664 4013 est
2690 3958 2753 4011 δ’.
2806 3958 2871 4013 Ει
2921 3960 3215 4015 secundum
3263 3959 3366 4013 hoc
3393 3957 3585 4013 Filium
3618 3976 3649 4015 e

2090 4048 2248 4103 Patre
2274 4064 2487 4120 semper
2516 4050 2782 4107 exsistere
2814 4050 3109 4107 credimus.
3144 4049 3239 4106 Est
3289 4051 3433 4106 enim
3478 4051 3650 4120 spieu-

2088 4142 2186 4197 Δοι-
2206 4150 2443 4213 paterna
2470 4143 2671 4214 gloriaz,
2700 4131 2749 4199 et
2771 4145 2944 4216 ﬁgura
2970 4145 3278 4200 substantia:
3304 4145 3415 4215 ejus
3441 4145 3505 4199 ³³.
3542 4140 3651 4200 Sed

2092 4250 2249 4289 nemo
2300 4249 2420 4290 eam
2472 4250 2657 4291 vocem
2712 4253 2911 4306 semper
2954 4237 3019 4291 ad
3053 4236 3415 4307 suspicionem
3471 4236 3650 4290 trahat

2092 4325 2342 4396 lugeniti,
2379 4325 2519 4381 sicut
2549 4308 2861 4382 existimant
2903 4328 2940 4381 ii
2993 4328 3085 4397 qui
3128 4343 3326 4383 sensus
3354 4326 3520 4382 animi
3552 4326 3652 4384 oh-

2093 4425 2320 4473 czecatos
2350 4418 2567 4474 habent.
2608 4417 2740 4473 Nam
2785 4435 2885 4475 nec
2924 4419 3145 4474 verbum
3178 4426 3319 4479 erat,
3381 4432 3480 4472 nec
3512 4433 3651 4471 sem.-

428 4511 735 4577 σπουδάσει,
766 4511 913 4582 δηλοῖ
943 4512 1004 4565 τὸ
1041 4513 1354 4583 ἀγέννητον.
1397 4513 1484 4577 Ὣς
1524 4515 1617 4568 καὶ
1648 4515 1789 4585 ὑμᾶς
1822 4514 1990 4579 οὕτως

2092 4524 2200 4576 per,
2228 4523 2327 4565 nec
2351 4520 2471 4564 ante
2494 4510 2692 4565 swcula
2724 4510 2864 4565 idem
2899 4516 2982 4565 est
3011 4509 3155 4579 quod
3186 4508 3507 4579 lngenitum.
3541 4506 3646 4562 Sed

429 4601 741 4672 ἐκδέχεσθαι
769 4603 1029 4669 πιστεύω,
1064 4604 1157 4658 καὶ
1194 4604 1506 4676 τεθάῤῥηκα
1534 4609 1599 4678 τῇ
1624 4607 1751 4679 περὶ
1774 4607 1989 4660 πάντων

2096 4616 2268 4671 neque
2303 4600 2447 4655 aliud
2493 4601 2662 4654 ullum
2695 4600 3019 4655 vocabulum
3059 4598 3290 4653 humana
3323 4613 3473 4653 mens
3503 4611 3654 4651 eom-

430 4691 578 4763 ὑμῶν
611 4691 743 4764 ὀρθῇ
781 4693 1051 4764 προθέσει,
1099 4694 1239 4747 κατά
1287 4695 1487 4766 μηδένα
1540 4697 1739 4767 τρόπον
1787 4697 1989 4750 τούτων

435 4780 532 4835 τῶν
576 4781 852 4852 ὀνομάτων
896 4782 956 4835 τὸ
993 4784 1282 4853 ἀγέννητον
1311 4782 1626 4853 δηλούντων.
1670 4786 1850 4839 Ἔοικε
1884 4786 1989 4855 γὰρ

511 4938 555 4969 ¹⁹
575 4930 909 5000 [Joan.v,l.
997 4938 1041 4968 ³⁸
1071 4936 1181 4992 Isa.
1208 4954 1323 5000 ιιιι,
1343 4939 1397 4995 8.

2098 4692 2310 4747 minisci
2347 4701 2522 4762 potest
2548 4692 2692 4763 quod
2721 4691 2988 4763 significet
3017 4692 3332 4763 ingenitum.
3380 4692 3555 4762 Atque
3578 4691 3653 4745 ita

2096 4801 2193 4840 vos
2227 4786 2524 4857 intelligere
2556 4787 2755 4850 credo,
2808 4798 3094 4856 vestroque
3164 4787 3216 4841 in
3266 4786 3520 4841 omnibus
3572 4801 3660 4840 re-

1476 4942 1515 4970 ³¹
1550 4939 1745 4997 Matth.
1780 4959 1851 5004 χι,
1880 4942 1973 4996 “27:
2051 4945 2093 4974 ³⁸
2128 4942 2286 4996 Joan.
2317 4955 2422 5006 xw,
2449 4944 2537 4997 28.
2617 4944 2659 4973 ³³
2695 4942 2851 4997 Hebr.
2891 4959 2929 5005 ι,
2968 4944 3019 4996 5.

433 5104 681 5177 naturam
712 5099 1069 5177 unigenitam,
1104 5115 1218 5177 non
1248 5100 1393 5171 quod
1414 5099 1746 5177 _Uuigeni_tus
1774 5098 1999 5177 inferior
2104 5106 2305 5177 πλήρη.
2338 5106 2510 5177 Atque
2541 5106 2612 5159 ita
2643 5107 2835 5175 legisse
2870 5106 3081 5161 videtur
3118 5106 3451 5177 Epiphanius
3487 5105 3655 5159 Scho-

431 5169 500 5240 sit
516 5166 692 5232 Patre.
716 5166 971 5239 sedquod
991 5166 1463 5240 perillum’omnia
1486 5166 1615 5225 facit
1632 5170 1812 5232 Pater,
1847 5180 1904 5224 ut
1922 5173 1995 5224 ait

431 5234 665 5319 igianues
696 5234 1049 5319 evangelista.
1096 5239 1253 5296 Unde
1279 5241 1343 5295 δι’
1362 5234 1439 5319 ὀὗ
1469 5242 1699 5319 proprie
1738 5241 1998 5319 tribuitur

435 5304 589 5377 Filio,
639 5304 1100 5377 quemadmodum
1156 5319 1311 5366 notat
1358 5304 1598 5367 Basilius
1645 5312 1699 5365 in
1742 5311 1881 5365 libro
1924 5310 1997 5365 De

435 5376 635 5442 Spiritu
660 5376 868 5435 sancto.

502 5447 615 5516 (54)
646 5448 822 5518 Πάσῃ
867 5449 941 5519 τῇ
986 5449 1245 5519 γεννητιῖ
1287 5452 1486 5520 φύσει.
1536 5450 1717 5505 Malim
1760 5450 1999 5506 scribere

436 5520 652 5591 γ-ενητῇ,
683 5520 1141 5588 quemadmodum
1174 5522 1369 5591 legisse
1393 5522 1604 5576 videtur
1634 5521 1987 5591 Epiphanius.

438 5585 792 5659 Vergit'cnim,
815 5591 954 5644 omni
970 5600 1158 5659 creata:
1180 5585 1383 5645 naturw
1404 5585 1864 5659 imperscriitabili,
1885 5598 1986 5646 etc.

448 5723 470 5738 ﬁ
505 5657 613 5738 (5:5)
653 5657 898 5738 Πάντων
940 5661 1051 5738 ﬁre
1089 5655 1240 5738 εἶναι
1278 5661 1390 5738 τήν
1433 5655 1654 5738 εξκίγᾳ.
1701 5661 1774 5738 ln_
1806 5661 1991 5715 codice

439 5728 712 5791 Saviliano
744 5740 798 5784 et
834 5730 886 5784 in
926 5731 1162 5785 editione
1198 5730 1479 5786 Basiliensi
1516 5734 1739 5787 verbum
1762 5732 1989 5786 interse-

439 5797 575 5852 ritur
614 5798 715 5855 hoc
746 5802 924 5867 modo,
978 5802 1188 5855 πάντων
1223 5802 1329 5875 γὰρ
1371 5798 1507 5856 εἶναι
1556 5804 1633 5857 δεῖ
1676 5803 1772 5874 τὴν
1813 5804 1991 5856 εἰκόνα

2103 5175 2345 5231 Iasticus.
2378 5175 2471 5230 Sic
2494 5177 2636 5231 enim
2669 5178 2850 5239 vertit,
2898 5186 2946 5231 et
2980 5175 3189 5231 omnino
3221 5175 3653 5248 imaginemﬂconf

2101 5248 2234 5318 venit
2264 5262 2377 5318 esse
2412 5247 2619 5318 plenam
2653 5263 2856 5314 eorum,
2894 5265 2983 5317 per
3014 5264 3130 5318 qua:
3161 5265 3263 5301 non
3290 5244 3443 5318 rdésit‘
3452 5244 3657 5318 aliquid

2102 5316 2167 5393 ait
2207 5313 2508 5387 azqualitate
2533 5316 2647 5393 ejus
2676 5317 2827 5393 cujus
2844 5313 3036 5388 'imago'
3061 5326 3160 5393 est.
3184 5317 3302 5393 _$_ed_
3328 5325 3380 5371 et
3406 5313 3656 5393 Christo-

2102 5388 2410 5456 phorsonus
2449 5386 2692 5458 eamdem
2724 5386 3051 5458 scripturam
3094 5387 3147 5440 iu
3184 5388 3335 5442 libris
3362 5386 3658 5458 suisrepe-

2102 5453 2268 5519 rerat,
2301 5459 2404 5513 nisi
2434 5458 2581 5527 quod
2599 5457 2707 5512 δεῖν
2729 5459 2783 5513 in
2806 5453 2915 5515 illis
2934 5475 3086 5514 exem
3132 5458 3334 5511 laribus
3359 5453 3654 5522 legebatur,

2102 5529 2292 5580 melius
2317 5528 2564 5580 fortasse.
2600 5527 2854 5580 Refertur
2877 5533 3020 5580 enim
3046 5474 3127 5580 ad)
3142 5541 3324 5580 vocem
3354 5524 3509 5580 δῆλον
3537 5540 3654 5580 qua!

2099 5529 2292 5583 melius
2317 5524 2564 5583 ferta—sse.
2600 5527 2854 5584 Refertur
2877 5533 3020 5585 enim
3046 5524 3111 5580 ad
3142 5541 3324 5580 vocem
3354 5524 3509 5591 δῆλον
3537 5540 3657 5594 qum

2100 5602 2365 5668 sequitur.
2401 5599 2552 5670 Quod
2590 5602 2633 5656 si
2666 5599 2744 5652 δεῖ
2776 5600 2949 5670 legere
2980 5600 3249 5670 malimus,
3281 5604 3392 5670 tum
3416 5596 3627 5670 scribet;

2100 5664 2226 5723 dum
2266 5671 2369 5723 erit
2394 5664 2663 5740 δηλοῦται,
2701 5681 2755 5725 ιιι
2782 5664 2974 5739 legitur
3004 5670 3054 5721 in
3079 5666 3263 5719 uulicc
3294 5664 3490 5720 Leonis
3521 5665 3661 5719 Alla-

2102 5741 2180 5803 tii,
2222 5757 2316 5810 pro
2346 5741 2518 5812 δῆλον.
