4088 6284
499 366 601 426 567

1601 361 1657 415 S.
1694 359 2091 414 ALEXANDRI
2131 357 2592 415 ALEXANDRINI

3617 349 3724 414 568

499 486 587 532 cto
630 478 860 534 consilio
907 490 970 534 ac
1015 475 1294 546 proposito
1345 475 1578 540 conﬁdo,
1618 473 2013 545 quandoquidei

2114 475 2310 534 ,oiovei.
2350 473 2555 544 χρόνων
2593 466 2733 524 εἶναι
2781 471 3115 543 παρέκτασις
3145 469 3316 525 ταῦτα
3357 469 3425 524 τὰ
3459 471 3722 542 ὀνόματα,

498 574 612 630 haec
632 573 798 628 verba
824 569 1133 624 nullatenus
1157 568 1455 640 ingenitum
1486 567 1807 640 signiﬁcant.
1842 566 2051 623 Etenim

495 665 610 720 haec
634 663 797 718 verba
819 659 956 714 nihil
982 659 1129 715 aliud
1157 661 1408 716 videntur
1450 675 1573 717 esse
1598 674 1759 730 quam
1790 660 2051 729 temporis

497 754 777 825 productio
811 773 825 809 :
862 753 957 810 sed
989 752 1326 808 divinitatem
1351 793 1366 819 ,
1396 760 1450 808 et
1479 752 1634 823 quasi
1679 753 2049 823 antiquitatem

495 845 764 916 Unigeniti
793 859 892 916 pro
923 845 1184 917 dignitate
1224 845 1528 916 exprimere
1572 860 1680 898 non
1707 855 1937 915 possunt
1969 864 1981 900 :
2018 859 2049 899 a

492 937 692 993 sanctis
726 944 906 992 autem
938 936 1072 992 viris
1102 936 1310 1007 prolata
1335 942 1492 1000 sunt,
1527 934 1655 990 dum
1701 936 1896 1006 singuli
1944 936 2048 992 hoc

490 1030 800 1099 mysterium
831 1044 931 1100 pro
956 1037 1118 1100 captu
1164 1043 1263 1084 suo
1293 1029 1541 1083 nituntur
1583 1029 1912 1099 exprimere,
1954 1045 2046 1084 ve.

488 1120 631 1174 uiam
656 1127 900 1190 petentes
936 1120 1002 1175 ab
1029 1119 1391 1183 auditoribus,
1422 1135 1544 1176 cum
1574 1119 1722 1190 justa
1757 1135 1819 1175 ac
1850 1120 2048 1191 proba-

486 1211 577 1265 bili
606 1211 957 1267 excusatione
1001 1211 1269 1267 dicendo:
1307 1210 1425 1267 Huc
1481 1227 1653 1282 usque
1701 1212 2041 1282 pertigimus.

453 1302 633 1370 ‘Quod
666 1303 708 1358 si
740 1303 831 1373 qui
882 1313 1038 1364 sunt,
1079 1303 1171 1373 qui
1219 1303 1287 1358 ab
1339 1319 1433 1360 ore
1487 1303 1698 1358 mortali
1728 1319 1912 1359 vocem
1947 1305 2044 1359 ali-

482 1407 641 1462 quam
669 1402 983 1464 exspectent
1014 1396 1443 1466 prazstantiorem
1480 1396 1716 1451 humano
1746 1412 1907 1452 sensu
1950 1412 2042 1453 ca-

481 1491 703 1554 ptuque,
731 1487 929 1540 abolita
956 1501 1098 1553 esse,
1118 1486 1380 1554 dicentes,
1400 1501 1463 1542 ea
1491 1502 1612 1558 quae
1638 1487 1772 1558 ipsis
1798 1504 1864 1544 ex
1888 1497 2041 1559 parte

480 1583 607 1629 sunt
636 1577 885 1648 cognita;
933 1579 1092 1650 longe
1152 1578 1394 1650 profecto
1429 1578 1657 1635 inferius
1697 1588 1780 1636 cst
1823 1581 2038 1635 illorum

478 1682 573 1736 spe
602 1674 764 1738 atque
790 1673 1193 1741 exspectatione
1234 1673 1456 1726 verbum
1487 1684 1622 1734 erat,
1657 1680 1711 1726 et
1741 1689 1958 1742 semper,
1986 1683 2038 1728 et

477 1767 597 1812 ante
631 1760 843 1815 swcula.
885 1761 948 1814 Et
979 1761 1241 1832 quidquid
1268 1761 1483 1818 tandem
1531 1764 1800 1833 prolatum
1827 1761 2032 1831 fuerit,

2153 565 2252 638 τὴν
2283 567 2464 637 μέντοι
2497 567 2616 618 κατ’
2647 564 2803 632 ἀξίαν
2831 561 2925 618 τοῦ
2970 563 3308 633 Μονογενοῦς
3343 562 3592 634 θεότητα,
3627 565 3723 617 καὶ

2151 651 2262 712 οἷον
2281 657 2612 730 ἀρχαιότητα
2636 657 2918 729 σημαίνειν
2940 655 3014 728 μὴ
3035 656 3324 727 δυνάμεναο
3348 654 3454 708 τῶν
3471 655 3530 708 δὲ
3551 655 3720 723 ἁγίων

2149 750 2358 820 ἀνδρῶν
2399 751 2475 816 ὡς
2503 750 2731 820 δύναμις
2764 749 2977 820 ἑκάστῳ
3011 748 3307 820 ἐμφανίσαι
3333 747 3394 801 τὸ
3423 749 3720 819 μυστήριον

2151 839 2504 912 βιαζομένων,
2559 840 2651 896 καὶ
2699 839 3024 912 συγγνώμην
3072 837 3360 893 αἰτούντων
3409 837 3561 910 παρά
3609 837 3718 890 τῶν

2147 933 2430 1004 ἀκροατῶν
2458 934 2525 988 δι’
2554 934 2777 1004 εὐλόγου
2802 933 3115 1004 ἀπολογίας,
3143 932 3367 1004 (56).διά
3390 932 3482 986 τοῦ
3514 931 3710 1002 λέγειν·

2145 1026 2240 1091 Εἰς
2273 1025 2309 1080 ἃ
2341 1025 2675 1098 ἐφθάσαμεν.
2712 1027 2774 1079 Εἰ
2802 1026 2861 1079 δέ
2888 1043 2941 1079 τι
2970 1025 3120 1097 παρὰ
3150 1026 3211 1078 τὸ
3239 1022 3596 1095 ἀνθρώπινον,
3624 1025 3714 1080 διὰ

2145 1118 2367 1190 χειλέων
2401 1119 2623 1191 φθέγμα
2649 1117 2828 1190 μεῖζόν
2855 1133 2908 1172 τι
2938 1111 3306 1192 προσδοκῶσιν
3329 1119 3379 1170 οἰ
3407 1117 3614 1189 ἄνδρες,
3641 1117 3712 1171 τά

2145 1214 2209 1265 ὲκ
2235 1213 2432 1284 μέρους
2460 1212 2644 1276 αὐτοῖς
2672 1210 3037 1283 γνωρισθέντα
3065 1209 3173 1281 (57)
3210 1209 3597 1279 καταργείσθαι
3623 1208 3709 1262 λέ-

2141 1321 2349 1373 γοντες,
2382 1304 2538 1375 δῆλον
2584 1306 2664 1357 ὅτι
2707 1303 2840 1357 πολὺ
2873 1301 2966 1357 τοῦ
2995 1301 3344 1372 ἐλπιζομένου
3376 1300 3620 1354 λείπεται
3647 1301 3708 1355 τὸ

2139 1393 2240 1463 ἦν,
2274 1395 2368 1448 καὶ
2410 1395 2471 1448 τὸ
2502 1394 2613 1460 ἀεὶ,
2648 1395 2743 1449 καὶ
2783 1393 2844 1448 τὸ
2875 1393 2988 1462 πρὸ
3027 1393 3270 1448 αὶώνιιηα·
3301 1394 3439 1464 ὅπερ
3473 1392 3516 1445 δ’
3550 1391 3615 1444 ἂν
3647 1387 3703 1466 ᾗ,

2139 1489 2239 1541 οὐκ
2265 1486 2378 1540 ἔστι
2405 1487 2598 1541 ταύτὸν
2623 1485 2702 1558 τῷ
2745 1487 3065 1558 Ἀγεννήτῳ.
3092 1483 3300 1538 οὐκοῦν
3325 1483 3402 1555 τῷ
3429 1484 3524 1555 μὲν
3545 1484 3706 1552 ἀγεν-

2138 1581 2281 1651 νήτῳ
2312 1579 2505 1651 Πατρὶ,
2552 1581 2748 1632 οἰκεῖον
2781 1576 2994 1649 ἀξίωμα
3031 1576 3346 1646 φυλακτέον,
3380 1576 3582 1647 μηδένα
3607 1573 3701 1629 τοῦ

2138 1669 2271 1727 εἶναι
2305 1673 2452 1744 αὐτῷ
2475 1674 2567 1726 τὸν
2594 1671 2764 1726 αἴτιον
2783 1670 3057 1740 λέγοντας·
3083 1669 3162 1741 τῷ
3185 1670 3241 1722 δὲ
3270 1669 3380 1739 Υἱῷ
3399 1668 3499 1740 τὴν
3529 1668 3702 1739 ἁρμό-

2137 1761 2332 1828 ζουσαν
2365 1762 2528 1835 τιμὴν
2557 1763 2946 1833 ἀπονεμητέον,
2985 1760 3080 1833 τὴν
3111 1761 3340 1833 ἄναρχον
3371 1759 3521 1831 αὐτῷ
3551 1759 3702 1834 παρὰ

476 1867 584 1908 non
616 1853 758 1908 idem
803 1863 887 1910 est
927 1871 1050 1909 cum
1103 1856 1367 1926 Ingenito.
1405 1855 1589 1926 Itaque
1635 1855 1782 1911 Patri
1814 1857 2013 1927 quiden

2135 1853 2225 1907 τοῦ
2271 1855 2480 1927 Πατρὸς
2527 1854 2779 1925 γέννησιν
2812 1852 3178 1916 ἀνατιθέντας,
3210 1853 3304 1906 καὶ
3339 1851 3415 1915 ὡς
3457 1851 3698 1920 ἐφθάσα-

473 1941 713 2014 ingenito
738 1947 1009 2016 prepriam
1047 1945 1365 2017 dignitatem
1397 1963 1613 2004 servare
1645 1957 1877 2018 oportet,
1909 1948 2034 2002 nul-

471 2034 578 2088 lam
603 2051 725 2091 eum
760 2036 956 2093 habere
987 2039 1318 2094 exsistentiaa
1351 2055 1463 2094 sua:
1512 2054 1730 2097 causam
1777 2040 2032 2110 proﬁten-

469 2125 579 2181 do:
612 2126 749 2184 Filio
797 2146 925 2186 vero
965 2140 1278 2202 competens
1325 2133 1500 2188 honor
1549 2135 1864 2190 tribuendus
1911 2141 2027 2200 est,

465 2217 733 2289 principio
759 2233 1031 2277 carentem
1063 2238 1127 2278 ex
1161 2223 1321 2279 Patre
1362 2226 1765 2296 generationem
1812 2228 1860 2282 ei
1891 2229 2030 2283 assi-

463 2310 700 2379 gnando,
733 2311 1046 2383 cultumque
1102 2315 1173 2379 ei,
1203 2316 1343 2392 sicut
1397 2317 1654 2383 diximus,
1683 2318 2024 2388 exhibendo;

462 2400 535 2454 ita
573 2408 634 2454 ut
660 2404 1033 2459 tantummodo
1053 2415 1189 2469 erat,
1221 2417 1276 2462 et
1302 2423 1521 2476 semper,
1563 2417 1617 2464 et
1647 2418 1767 2463 ante
1800 2411 2022 2478 sarcula,

461 2491 548 2560 pie
601 2505 666 2546 ac
709 2493 959 2563 religiose
1008 2494 1075 2549 de
1113 2496 1206 2551 illo
1257 2497 1649 2567 praedicemus:
1683 2499 2023 2556 divinitatem

459 2583 678 2652 quidem
731 2585 849 2655 ejus
887 2603 1227 2659 nequaquam
1285 2589 1629 2660 rejicientes,
1676 2591 1771 2646 sed
1801 2593 2023 2664 imagini

458 2681 620 2744 atque
662 2678 955 2748 exemplari
986 2677 1163 2737 Patris
1206 2681 1620 2753 respondentem
1670 2684 1726 2738 in
1768 2685 2021 2744 omnibus

457 2768 863 2825 similitudinem
892 2772 942 2827 ei
993 2774 1349 2832 ascribentes.
1411 2773 1596 2831 Solum
1651 2793 1779 2834 vero
1810 2778 2021 2849 ingeni-

454 2868 568 2913 tum
602 2859 777 2917 Patris
803 2865 1079 2934 proprium
1137 2881 1259 2920 esse
1303 2866 1582 2932 dicamus,
1640 2885 1764 2924 cum
1799 2877 1853 2926 et
1904 2872 2019 2941 ipse

457 2949 713 3006 Servator
751 2953 949 3009 dixerit
997 2955 1082 3010 ’δε
1117 2956 1280 3012 Pater
1337 2959 1509 3028 major
1559 2977 1638 3015 me
1669 2970 1764 3016 est.
1814 2961 2017 3019 Praeter

455 3042 596 3096 hanc
628 3052 806 3098 autem
853 3046 996 3116 piam
1049 3049 1116 3103 de
1155 3048 1314 3105 Patre
1375 3059 1430 3107 et
1478 3050 1615 3108 Filio
1646 3055 2008 3119 sententiam,

454 3149 620 3187 unum
652 3134 872 3206 insuper
902 3135 1159 3207 Spiritum
1195 3149 1442 3198 sanctum
1463 3183 1478 3209 ,
1523 3151 1584 3199 ut
1631 3144 1826 3201 divinae
1860 3144 2007 3201 Scri-

451 3231 621 3294 pturae
653 3243 752 3283 nos
791 3229 1004 3295 docent,
1029 3233 1387 3303 confitemur;
1418 3236 1510 3306 qui
1561 3246 1612 3291 et
1660 3245 1880 3294 sanctos
1908 3239 2005 3294 ho-

449 3319 624 3374 mines
651 3318 859 3378 Veteris
893 3321 1244 3388 Testamenti,
1279 3333 1332 3380 et
1357 3325 1570 3383 divinos
1590 3327 1838 3386 doctores
1885 3331 2004 3401 ejus

446 3408 591 3476 quod
621 3407 827 3464 Novum
859 3413 1178 3481 appellatur,
1211 3414 1506 3472 innovavit.
1541 3415 1712 3472 Unam
1743 3429 2002 3490 praeterea

445 3512 510 3552 ac
534 3500 704 3554 solam
727 3502 1066 3566 catholicam,
1117 3507 1463 3575 apostolicam
1513 3506 1846 3566 Ecclesiam:
1882 3526 2002 3581 qua:

444 3604 658 3660 semper
684 3591 897 3663 quidem
936 3594 1369 3666 inexpugnabilis
1397 3586 1481 3653 est
1504 3639 1518 3664 ,
1551 3599 1675 3654 licet
1713 3601 1998 3657 universus

440 3681 590 3737 orbis
625 3698 742 3737 eam
770 3694 1079 3757 Oppugnet:
1111 3689 1306 3742 victrix
1349 3699 1526 3745 autem
1560 3698 1644 3746 est
1676 3693 1852 3747 omnis
1898 3693 2002 3746 im-

440 3771 542 3840 piae
589 3773 841 3830 factionis
897 3777 1312 3846 haereticorum,
1371 3783 1463 3852 qui
1515 3783 1776 3841 adversus
1828 3785 1999 3854 ipsam

438 3876 791 3936 consurgunt.
824 3869 1031 3940 Quippe
1068 3870 1313 3942 Sponsus
1343 3873 1487 3930 illius
1520 3876 1731 3933 animos
1783 3886 1998 3934 nostros

439 3955 780 4014 conﬁrmavit
798 3959 881 4015 his
894 3963 1072 4018 verbis
1095 3981 1107 4017 :
1135 3962 1413 4034 Conﬁdite,
1427 3985 1519 4038 ego
1546 3970 1644 4022 vici
1664 3971 1911 4024 mundum
1929 3972 1993 4025 ⁸⁸.

437 4047 519 4101 Ad
578 4049 691 4105 haec
772 4054 1022 4110 novimus
1099 4060 1551 4116 resurrectionem
1625 4071 1998 4133 mortuorum;

437 4137 594 4205 cujus
627 4141 874 4210 primitiae
896 4143 996 4199 fuit
1027 4144 1286 4204 Dominus
1318 4157 1502 4206 noster
1531 4151 1691 4208 Jesus
1721 4153 1995 4220 Christus,

434 4229 528 4298 qui
557 4245 774 4287 carnem
815 4231 1280 4306 reveragestavit,
1317 4255 1424 4295 non
1455 4243 1571 4296 sola
1609 4248 1809 4315 specie,
1847 4263 1996 4302 sum-

433 4326 581 4388 ptam
615 4338 678 4394 ex
709 4322 877 4379 Maria
907 4325 1133 4397 Deipara
1161 4349 1172 4382 :
1209 4330 1299 4398 qui
1332 4331 1389 4385 in
1419 4332 1522 4388 ﬁne
1549 4337 1893 4404 saeculorum,
1935 4349 1996 4396 ut

2136 1963 2254 2017 μεν,
2298 1945 2444 2018 αὐτῷ
2489 1945 2650 2009 σέϐας
2695 1945 3089 2016 ἀπονέμοντες,
3141 1945 3296 2015 μόνον
3327 1943 3564 2008 εὐσεὸῶς
3600 1944 3697 2000 καὶ

2132 2037 2389 2107 εὐφήμως
2415 2035 2478 2089 τὸ
2508 2031 2608 2106 ἦν,
2639 2035 2732 2088 καὶ
2765 2035 2826 2087 τὸ
2852 2032 2964 2098 ἀεὶ,
2989 2034 3084 2087 καὶ
3114 2034 3175 2087 τὸ
3204 2033 3317 2101 πρὸ
3347 2032 3577 2088 αἰώνων
3608 2034 3694 2088 λέ-

2129 2145 2314 2197 γοντες
2339 2130 2425 2182 ἐπ’
2458 2129 2639 2182 αὐτοῦ·
2664 2129 2762 2201 τὴν
2796 2129 2974 2200 μέντοι
3002 2127 3230 2200 θεότητα
3259 2129 3420 2182 αὐτοῦ
3445 2130 3519 2201 μὴ
3553 2147 3691 2201 παρά

2127 2225 2454 2296 αιτούμενοι,
2497 2225 2632 2279 ἀλλά
2669 2228 2735 2297 τῇ
2782 2225 2946 2280 εἰκόνι
2990 2225 3085 2279 καὶ
3133 2224 3209 2295 τῷ
3245 2226 3546 2297 χαρακτῆρι
3594 2224 3687 2278 τοῦ

2126 2316 2336 2390 Πατρὸς
2363 2316 2825 2389 ἀπηκριϐωμένην
2849 2316 3142 2388 ἐμφέρειαν
3177 2316 3314 2370 κατά
3346 2316 3520 2370 πάντα
3551 2318 3683 2371 ἀνα-

2121 2409 2379 2473 τιθέντες.
2405 2409 2477 2462 Τὸ
2497 2409 2553 2461 δὲ
2573 2409 2864 2480 ἀγέννητον
2889 2408 2968 2480 τῷ
2987 2409 3161 2480 Πατρὶ
3185 2409 3340 2480 μόνον
3366 2407 3692 2479 ἰδίωμα(58)τ

2123 2505 2373 2574 παρεῖναι
2400 2500 2731 2566 δοξάζοντες,
2765 2501 2860 2556 ἆτε
2884 2501 2940 2554 δὲ
2963 2502 3058 2555 καὶ
3075 2501 3236 2555 αὐτοῦ
3265 2501 3561 2571 φάσκοντος
3591 2501 3683 2554 τοῦ

2121 2591 2390 2663 Σωτῆρος·
2431 2593 2494 2646 '0
2523 2591 2724 2660 Πατήρ
2750 2609 2868 2661 μου
2895 2591 3106 2661 μείζων
3131 2608 3252 2661 μου
3281 2591 3430 2646 ἐστι.
3460 2589 3602 2661 Πρὸς
3628 2589 3685 2643 δὲ

2118 2685 2181 2754 τῇ
2213 2682 2425 2736 εὐσεϐεῖ
2447 2685 2618 2756 ταύτῃ
2649 2683 2774 2751 περὶ
2803 2683 3016 2754 Πατρὸς
3049 2683 3144 2736 καὶ
3173 2681 3300 2736 Υἱοῦ
3330 2679 3479 2755 δόξῃ,
3505 2679 3688 2746 καθὼς

2116 2774 2263 2844 ἡμᾶς
2303 2774 2359 2827 αἱ
2389 2775 2525 2828 θεῖαι
2556 2774 2770 2845 Γραιφαί
2793 2772 3146 2839 διδάσκουσιν,
3187 2773 3246 2827 ἐν
3275 2773 3498 2844 Πνεῦμα
3531 2773 3685 2842 ἅγιον

2114 2867 2500 2939 ὁμολογοῦμεν,
2533 2869 2593 2922 τὸ
2621 2868 2872 2922 καινίσαν
2900 2867 3011 2940 (59)
3051 2867 3176 2930 τούς
3207 2885 3268 2920 τε
3304 2855 3411 2939 τῆς
3441 2867 3680 2932 Παλαιᾶς

2113 2961 2384 3034 Διαθήκης
2417 2961 2604 3030 ἁγίους
2643 2961 2977 3034 ἀνθρώπους,
3011 2962 3105 3016 καὶ
3135 2961 3261 3025 τοὺς
3288 2961 3388 3032 τῆς
3416 2978 3681 3032 χρηματι-

2113 3052 2312 3124 ζούσης
2356 3054 2564 3125 Καινῆς
2617 3055 2908 3118 παιδευτὰς
2959 3054 3153 3118 θείους.
3187 3054 3332 3108 Μίαν
3383 3055 3476 3108 καὶ
3511 3055 3679 3126 μόνην

2113 3144 2424 3218 καθολικὴν,
2466 3146 2566 3219 τὴν
2608 3145 2967 3216 ἀποστολικὴν
3009 3146 3350 3217 Ἐκκλησίανο
3385 3147 3678 3217 ἀκαθαίρε-

2108 3256 2199 3293 τον
2235 3237 2334 3309 μὲν
2362 3239 2466 3303 ἀεὶ,
2511 3237 2616 3292 κᾶν
2656 3239 2764 3302 πᾶς
2799 3239 2828 3291 ὁ
2859 3238 3060 3308 κόσμος
3087 3238 3220 3308 αὐτῇ
3255 3237 3508 3308 πολεμεῖν
3545 3238 3670 3308 βου-

2109 3327 2470 3400 λεύηται(40)·
2501 3327 2790 3402 νικηφόρον
2814 3327 2871 3380 δὲ
2892 3327 3070 3399 πάσης
3096 3327 3193 3398 τῆς
3215 3327 3321 3380 τῶν
3349 3327 3668 3398 ἑτεροδόξων

2110 3419 2478 3492 ἀσεϐεστάτης
2524 3421 2960 3486 ἐπαναστάσεως,
3001 3419 3280 3492 εὐθαρσεῖς
3318 3420 3464 3491 ἡμᾶς
3500 3436 3668 3472 κατα-

2108 3512 2469 3576 σκευάσαντος
2493 3511 2604 3586 (4-1)
2638 3513 2730 3566 τοῦ
2779 3511 3163 3566 Οἰκοδεσπότου
3206 3509 3395 3581 αὐτῆς,
3439 3512 3526 3565 διά
3573 3510 3666 3564 τοῦ

2110 3604 2256 3676 βοςξὶν⁸
2291 3606 2590 3673 Θαρσεῖτε,
2631 3605 2746 3675 ἐγὼ
2773 3604 3057 3672 νενίκηκα
3083 3605 3190 3657 τὸν
3220 3605 3466 3675 κόσμον.
3511 3603 3667 3657 Μετά

2106 3699 2261 3754 τοῦτο
2292 3700 2390 3771 τὴν
2419 3703 2485 3754 ὲκ
2529 3701 2735 3771 νεκρῶν
2765 3701 3053 3755 ἀνάστασιν
3083 3699 3321 3771 οἴδαμεν·
3352 3693 3419 3770 ἦς
3444 3700 3665 3772 ἀπαρχὴ

2105 3793 2323 3862 γέγονεν
2351 3796 2379 3847 ὁ
2415 3793 2618 3865 Κύριος
2649 3793 2802 3866 ἡμῶν
2849 3791 3050 3863 Ἰησοῦς
3075 3792 3330 3863 Χριστὸς,
3369 3791 3526 3862 σῶμα
3565 3809 3658 3861 φο-

2105 3881 2266 3954 ρέσας
2298 3882 2513 3954 ἀληθῶς
2541 3883 2634 3936 καὶ
2661 3884 2720 3936 οὐ
2747 3882 2980 3954 δοκήσει,
3022 3883 3085 3936 ὲκ
3109 3882 3210 3952 τῆς
3241 3882 3502 3935 Θεοτόκου
3542 3883 3662 3935 Ma-

2104 3970 2242 4043 ρίας,
2279 3974 2371 4027 ἐπὶ
2404 3975 2677 4046 συντελείᾳ
2712 3975 2819 4029 τῶν
2858 3973 3065 4029 αἰώνων
3094 3977 3174 4038 εἰς
3201 3975 3458 4046 ἀθέτησιν
3485 3975 3662 4045 ἀμαρ-

2097 4061 2217 4128 τίας
2241 4065 2579 4138 ἐπιδημήσας
2617 4065 2694 4137 τῷ
2730 4067 2874 4135 γένει
2914 4065 3020 4119 τῶν
3052 4065 3373 4138 ἀνθρώπων,
3413 4081 3658 4135 σταυρω-

2095 4155 2208 4221 θείς
2251 4159 2344 4211 καί
2376 4159 2679 4224 ἀποθανὼν,
2727 4159 2839 4213 ἀλλ’
2873 4161 2933 4213 οὐ
2978 4159 3065 4213 διὰ
3101 4159 3273 4213 ταῦτα
3315 4159 3415 4229 τῆς
3463 4153 3655 4212 ἑαυτοῦ

2093 4247 2345 4320 θεότητος
2381 4251 2556 4321 ἥττων
2601 4250 2979 4322 γεγενημένος·
3025 4249 3260 4314 ἀναστὰς
3314 4251 3379 4303 ἐκ
3423 4247 3650 4319 νεκρῶν,

2091 4340 2421 4412 ἀναληφθεὶς
2449 4342 2505 4394 ὲν
2535 4343 2800 4414 οὐρανοῖς,
2829 4341 3134 4414 καθήμενος
3171 4341 3229 4395 ὲν
3254 4339 3402 4411 δεξιᾷ
3422 4339 3517 4410 τῆς
3553 4355 3651 4409 με·

431 4421 710 4481 peccatum
751 4415 1060 4482 tolleretur,
1105 4420 1172 4474 ad
1211 4421 1504 4478 humanum
1537 4441 1706 4496 genus
1737 4430 1984 4497 advenit,
2021 4426 2066 4481 D
2090 4432 2425 4504 γαλωσύνης.

430 4510 686 4581 crucique
721 4512 859 4568 lixus
923 4521 976 4568 et
1037 4524 1284 4572 mortuus
1310 4527 1425 4574 est:
1465 4537 1564 4576 nec
1606 4531 1788 4580 tamen
1841 4527 2042 4583 idcirco
2075 4528 2374 4590 divinitatis
2407 4544 2519 4584 sua:
2563 4527 2944 4587 detrimentum
2989 4531 3205 4586 sensit:
3241 4527 3536 4583 suscitatus
3581 4541 3648 4581 ex

430 4609 678 4672 mortuis,
712 4620 1020 4680 assumptus
1069 4611 1123 4666 in
1157 4614 1378 4679 cmlum,
1411 4617 1711 4689 sedensque
1758 4620 1824 4674 ad
1873 4622 2147 4679 dexteram
2183 4623 2502 4694 majestatis.

499 4760 545 4792 "
573 4763 733 4823 Joan.
765 4786 874 4836 xlv,
904 4771 993 4827 28.
1073 4773 1117 4804 ³⁵
1146 4773 1309 4829 Joan.
1339 4792 1450 4842 xvn,
1483 4777 1570 4832 55.

427 4875 608 4964 Ξμϐξϐ)
636 4882 736 4964 Δία
758 4883 863 4964 τρῦ
891 4885 1107 4964 λέγειν’
1126 4888 1288 4964 Εἰςλᾷ
1312 4889 1674 4964 ἐφθάσαμεν.
1700 4893 1797 4947 Hic
1827 4895 1980 4952 locus

425 4950 501 5023 ita
523 4961 646 5023 cum
677 4950 1170 5023 ChristOphorsono
1199 4950 1492 5016 dilucidius
1521 4950 1814 5020 vertendus
1840 4950 1982 5022 vide;

541 5017 816 5104 {.Eatenus
867 5017 929 5104 de
987 5025 1068 5080 his
1118 5027 1270 5104 rebus
1327 5017 1685 5104 instituimus,
1723 5017 1979 5104 quateniis

420 5096 606 5168 mentis
636 5101 829 5168 nostra;
855 5096 930 5168 vis
954 5099 1192 5166 consequi
1218 5102 1401 5168 potuit.

635 5161 710 5214 Τὰ
728 5162 796 5245 ἐκ
826 5163 1041 5245 ιρέρσυς
1070 5157 1270 5245 αὺτοῖς
1295 5171 1708 5245 γνωρισθέντα.
1750 5174 1808 5228 1η
1845 5191 1976 5233 mss.

416 5227 914 5306 codicibusjlegio',
943 5227 1212 5292 Allatiano
1242 5227 1622 5306 ct'Saviliano,
1669 5227 1722 5300 et
1766 5227 1818 5298 in
1847 5227 1979 5301 Bai;

413 5299 562 5379 tione
599 5299 883 5379 Basiliensi
936 5307 1200 5379 scriptum
1249 5319 1331 5364 est
1374 5299 1702 5379 γνωσθέντα.
1745 5299 1972 5371 Videtur

413 5378 596 5456 a‘utgm.
635 5371 877 5456 alludere
919 5371 1225 5456 Alexander
1255 5383 1318 5456 ad
1352 5371 1525 5435 locum
1557 5382 1708 5439 Pauli
1738 5388 1967 5456 apostoli

413 5438 742 5526 inhEpistola
776 5445 949 5526 prima
996 5447 1071 5526 ad_
1104 5447 1373 5526 Corinthi,
1415 5468 1478 5504 ea:
1515 5438 1663 5526 parte
1700 5438 1969 5526 cag’ndiéil

409 5522 527 5562 mus
570 5521 634 5588 et_
656 5529 728 5588 eoi
749 5525 898 5588 parte
924 5517 1306 5586 prophetamus.
1339 5521 1414 5574 lta
1441 5517 1967 5588 certe_hunc'locum

410 5583 1444 5662 expgs‘uitppﬂihaniusrScholasticus.

635 5646 927 5734 T¢:Hatpl
964 5661 1157 5734 μόνσν
1187 5659 1405 5734 ἰδίωμα.
1442 5660 1508 5734 Ῑη
1551 5663 1739 5720 codice
1768 5667 1966 5724 Leonis

408 5714 592 5804 filatii
636 5714 895 5803 scriptum
935 5714 1018 5782 est
1055 5730 1216 5800 μόνῳ.
1247 5714 1350 5788 sed
1378 5714 1576 5804 reliqui
1592 5714 1964 5796 codice-sva“:

408 5797 586 5853 gatam
620 5797 943 5862 scripturam
979 5797 1212 5856 tuentur.

2157 4897 2385 4968 (39)]1?
2421 4900 2722 4953 καινϊσαν.
2766 4897 2824 4952 In
2850 4898 3036 4954 codice
3065 4898 3264 4954 Leonis
3293 4898 3475 4953 Allatii
3503 4906 3555 4954 et
3584 4899 3642 4956 in

2081 4967 2256 5039 Regio
2277 4967 2326 5022 J.
2360 4967 2477 5023 Pini
2510 4970 2771 5039 scriptum
2807 4975 2889 5024 est
2909 4970 3164 5039 κινῆσαν,
3202 4984 3362 5038 quam
3402 4970 3640 5039 scriptu-

2079 5038 2351 5110 ram‘licet
2375 5039 2569 5110 reliqui
2592 5038 2809 5094 codices
2839 5038 3093 5108 refutent,
3117 5039 3260 5094 haud
3287 5048 3466 5094 tamen
3496 5038 3643 5110 sper-

2075 5107 2308 5164 nendam
2335 5119 2486 5178 puto.

2144 5178 2256 5248 (40)
2289 5178 2453 5249 ᾼύτῇ
2475 5178 2757 5248 πολεμεῖν
2779 5179 3162 5248 βουλεύηται.
3186 5179 3245 5234 In
3265 5179 3637 5249 manuscripto

2075 5247 2263 5320 codice
2296 5247 2505 5320 Savjlii,
2537 5258 2591 5305 et
2613 5247 2667 5303 in
2693 5247 3236 5320 editioneBaSiliensi
3265 5253 3524 5320 scriptum
3547 5247 3635 5306 εει

2078 5316 2350 5391 βούληται.
2388 5318 2493 5391 Sed
2526 5327 2605 5391 et
2616 5320 2674 5391 in
2715 5318 2904 5374 codice
2929 5319 2981 5375 1.
3009 5319 3130 5375 Pini
3159 5316 3420 5390 scriptum
3451 5321 3634 5376 inveni

2076 5389 2327 5461 πολεμεῖν
2352 5389 2488 5461 αὐτῇ
2518 5389 2791 5461 βούληται.
3273 5389 3287 5390 7
3458 5457 3509 5461 __
3583 5399 3594 5461 ξ

2134 5407 2327 5513 ›Αε¹μειν
2352 5407 2488 5461 αυτη
2518 5407 2791 5468 ρουληταξ.

2134 5460 2186 5530 (4
2229 5458 2603 5528 )Εὺθαρσεῖς
2645 5461 2801 5530 ἡμας
2842 5461 3426 5526 κατασκευάσαντος.
3458 5457 3628 5530 Magis

2066 5529 2240 5600 placet
2261 5532 2554 5600 scriptura,
2585 5545 2744 5600 quam
2777 5531 2831 5583 in
2851 5530 3038 5585 codice
3061 5531 3354 5600 AHatiano,
3377 5538 3431 5586 et
3449 5531 3502 5584 in
3525 5529 3630 5583 lla--

2061 5599 2270 5654 silicnsi
2299 5599 2536 5655 editione
2558 5599 2755 5666 réperi,
2790 5601 3301 5666 κατασκευάζοντος.
3331 5599 3631 5654 Conﬁrmat

2061 5669 2201 5742 hanc
2250 5669 2537 5725 lectionem
2587 5669 2922 5742 Epiphanius
2973 5670 3500 5742 Scholasticus,rqui
3546 5673 3629 5726 sic

2060 5741 2493 5811 vertithecnros
2524 5755 2616 5794 nos
2646 5741 2652 5742 7
2676 5741 2896 5809 faciente
2924 5741 3312 5811 patrefamilias
3342 5741 3480 5809 ejus,
3514 5750 3624 5797 ett'.

2060 5809 2119 5863 ln
2149 5808 2338 5866 codice
2368 5810 2496 5867 item
2523 5811 2671 5876 regio
2693 5811 2740 5868 «Ι.
2778 5811 2898 5866 Pini
2930 5813 3005 5866 ita
3035 5808 3313 5868 seribitur.
