4088 6284
401 357 505 414 569

1786 357 2166 413 ΕΡΙὸΤΟὶιιΕ.

3505 355 3610 411 570

466 470 604 528 XIII.
643 471 826 527 Ταῦτα
849 473 912 526 ὲκ
937 472 1133 544 μέρους
1161 472 1458 544 ἑνεχάραξα
1478 475 1544 546 τῇ
1573 474 1850 546 ἐπιστολῇ,
1883 474 1923 527 τε

2019 525 2023 535 ,
2115 472 2248 528 Xlll.
2286 471 2412 531 Haec
2445 489 2510 530 ex
2550 481 2704 545 parte
2748 473 3037 544 perscripsi
3070 472 3126 527 in
3183 473 3284 528 hac
3337 471 3601 544 epistola,

399 564 515 619 καθ’
559 564 786 618 ἕκαστον
826 567 913 618 ἐπ’
953 565 1232 638 ἀκριϐείας
1276 566 1524 638 γράφειν,
1562 567 1835 638 φορτικὸν,
1873 568 1950 632 ὡς

397 658 549 726 ἔφην,
594 652 731 710 εἴναι
776 657 1020 728 νομίσας,
1065 657 1152 711 διά
1195 658 1257 710 τὸ
1301 658 1434 729 μηδὲ
1477 656 1573 729 τὴν
1613 657 1763 729 ίεράν
1795 658 1948 730 ὑμῶν

395 744 564 801 ταῦτα
591 744 867 815 λεληθέναι
897 744 1150 816 σπουδήν.
1181 745 1365 800 Ταῦτα
1399 745 1737 816 διδάσκομεν,
1777 744 1947 799 ταῦτα

394 839 747 911 κηρύττομεν.
788 835 971 890 Ταῦτα
1010 837 1110 908 τῆς
1155 837 1477 909 Ἐκκλησίας
1513 836 1583 891 τά
1619 837 1947 891 ἀποστολικά

391 931 651 1001 δόγματα,
678 930 816 1001 ὑπὲρ
837 921 911 982 ὧν
931 929 1023 982 καὶ
1042 927 1476 1000 ἀποθνήσκομεν,
1497 927 1604 982 τῶν
1623 928 1943 999 ἐξόμνυσθαι

390 1021 523 1074 αὑτά
562 1019 892 1098 βιαζομένων
937 1013 1099 1090 ἦττον
1147 1020 1580 1091 πεφροντικότες,
1629 1023 1676 1090 εί
1718 1019 1810 1073 καὶ
1855 1019 1944 1074 διὰ

391 1103 634 1183 βασάνων
661 1111 1044 1180 ἀναγκάζουσι,
1071 1111 1167 1181 τὴν
1201 1111 1257 1164 ὲν
1285 1111 1467 1174 αὐτοῖς
1494 1109 1680 1164 ἐλπίδα
1713 1110 1787 1183 μὴ
1811 1111 1945 1164 ἀπο-

390 1204 754 1278 στρεφόμενοι.
816 1199 916 1256 Ὦν
967 1204 1195 1258 ἐναντίοι
1246 1204 1522 1274 γενόμενοι
1567 1207 1614 1258 οί
1669 1206 1810 1275 ἀμφὶ
1850 1205 1941 1260 τὸν

390 1300 602 1370 ’Ἀρειον
627 1297 720 1350 καὶ
761 1295 1004 1367 Ἀχιλλᾶν
1035 1296 1129 1350 καὶ
1153 1298 1200 1350 οἱ
1233 1295 1331 1366 τῆς
1358 1297 1614 1370 ἀληθείας
1644 1301 1736 1351 σὺν
1757 1297 1940 1360 αὐτοῖς

384 1389 646 1460 πολέμιοι,
697 1385 1056 1459 ἀπεώσθησαν
1110 1389 1207 1459 τῆς
1273 1389 1614 1461 Ἐκκλησίας,
1672 1389 1937 1461 ἀλλότριοι

382 1482 655 1553 γενόμενοι
692 1480 792 1550 τῆς
822 1479 1074 1544 εὐσεϐοῦς
1101 1481 1255 1552 ἡμῶν
1285 1481 1646 1546 διδασκαλίας,
1683 1481 1823 1535 κατά
1847 1481 1936 1534 τὸν

383 1573 647 1645 μακάριον
674 1571 882 1625 Παῦλον
910 1571 1154 1640 λέγοντω
1183 1572 1256 1625 Et
1277 1589 1368 1638 τις
1391 1570 1545 1640 ὑμᾶς
1574 1569 1936 1640 εὐαγγελίζε-

379 1683 470 1720 ται
505 1665 640 1733 παρ’
666 1664 696 1718 ὃ
728 1663 1105 1733 παρελάϐετε,
1131 1663 1393 1734 ἀνάθεμα
1421 1663 1595 1731 ἔστω,
1624 1662 1738 1718 κᾶν
1763 1663 1933 1734 ἅγγε-

377 1762 478 1824 λος
509 1757 577 1822 ἐξ
608 1756 864 1824 οὐρανοῦ
899 1757 1050 1810 εἶναι
1093 1757 1471 1829 προσποιῆται.
1521 1755 1679 1810 Ἀλλά
1710 1757 1821 1820 καὶ,
1860 1756 1934 1809 Εἴ

376 1867 463 1915 τις
515 1848 1046 1918 ἑτεροδιδασκαλεῖ,
1097 1848 1196 1902 καὶ
1235 1848 1321 1918 μὴ
1371 1847 1757 1916 προσέρχεται
1807 1847 1930 1912 τοῖς

372 1943 705 2012 ὑγιαίνουσι
741 1941 941 2009 λόγοις
980 1939 1104 2005 τοῖς
1129 1939 1235 1993 τοῦ
1274 1940 1491 2007 Κιιοίου
1528 1937 1693 2007 ἡμῶν
1734 1938 1927 2006 Ἰησοῦ

371 2033 646 2104 Χριστοῦ,
681 2033 780 2087 καὶ
807 2031 881 2101 τῇ
909 2033 1032 2086 κατ’
1064 2033 1376 2086 εὐσέϐειαν
1405 2031 1784 2097 διδασκαλίᾳ,
1831 2048 1924 2083 τε-

368 2127 642 2195 τύφωται,
664 2125 858 2195 μηδὲν
879 2125 1292 2193 ἐπιστάμενος,
1313 2123 1404 2176 καὶ
1433 2123 1498 2176 τά
1525 2122 1669 2191 ἑξῆς.
1695 2121 1927 2185 Τούτους

366 2213 457 2271 οὖν
481 2214 1005 2286 ἀναθεματισθέντας
1039 2215 1147 2268 ἀπὸ
1180 2213 1279 2284 τῆς
1316 2212 1690 2282 ἀδελφότητος,
1738 2212 1926 2282 μηδεὶς

365 2305 515 2376 ὑμῶν
559 2304 815 2374 δεχέσθω,
875 2303 1006 2374 μηδὲ
1061 2302 1331 2373 ἀνεχέσθω
1376 2301 1483 2355 τῶν
1530 2299 1830 2371 λεγομένων
1882 2301 1915 2372 ἢ

363 2397 716 2468 γραφομένων
760 2397 849 2450 ὑπ’
896 2396 1092 2449 αὐτῶν.
1140 2396 1321 2449 Πάντα
1347 2395 1456 2465 γὰρ
1487 2396 1533 2446 οἱ
1565 2394 1756 2463 γόητες
1791 2393 1921 2464 ψεύ-

359 2490 555 2554 δονται,
588 2489 842 2560 ἀλήθειαν
872 2488 930 2539 οὐ
962 2487 1034 2557 μὴ
1058 2487 1364 2557 λαλήσουσι.
1400 2485 1779 2556 Περιέρχονται
1809 2484 1916 2556 γὰρ

357 2581 456 2646 τὰς
504 2581 715 2643 πόλεις,
769 2579 918 2631 οὐδὲν
965 2578 1148 2648 ἕτερον
1203 2577 1666 2648 σπουδάζοντες,ἢ
1704 2576 1781 2647 τῷ
1819 2578 1916 2646 τῆς

357 2671 536 2740 φιλίας
584 2671 932 2742 προσχήματι
981 2668 1076 2720 καὶ
1134 2666 1211 2737 τῷ
1267 2668 1368 2738 τῆς
1398 2670 1617 2740 εἰρήνης
1670 2667 1912 2737 ὀνόματι,

355 2759 422 2813 δι’
457 2760 794 2831 ὑποκρίσεως
831 2760 922 2812 καὶ
953 2756 1239 2821 κολακείας
1267 2758 1569 2829 γράμματα
1595 2757 1793 2812 διδόναι
1819 2757 1913 2809 καὶ

353 2850 667 2921 λαμϐάνειν,
700 2850 832 2922 πρὸς
855 2850 914 2902 τὸ
943 2849 1148 2902 πλανᾶν
1186 2849 1273 2901 διὰ
1293 2850 1494 2902 τούτων
1517 2850 1585 2902 τά
1617 2849 1707 2902 ὑπ’
1736 2847 1912 2901 αὐτῶν

2052 566 2264 637 singula
2297 571 2550 622 accurate
2577 565 2828 637 persequi
2861 565 3227 636 importunum
3271 565 3604 632 arbitratus,

2048 665 2108 712 ut
2138 663 2296 712 antea
2324 657 2469 722 di'xi,
2506 672 2572 713 eo
2606 655 2750 728 quod
2779 657 3081 727 religiosam
3111 664 3344 713 vestram
3373 657 3604 728 diligen-

2045 747 2173 801 tiam
2204 762 2312 801 non
2346 748 2566 802 lateant.
2621 747 2744 802 Haec
2772 748 3052 811 docemus,
3084 747 3197 801 haec
3223 746 3599 817 praedicamus.

2045 835 2170 890 Haec
2214 845 2341 892 sunt
2397 838 2694 908 apostolica
2729 835 2986 893 Ecclesiae
3032 838 3318 908 dogmata,
3350 854 3450 908 pro
3476 840 3601 911 qui.

2043 925 2145 980 bus
2171 933 2396 981 mortem
2422 942 2638 997 quoque
2667 927 2898 982 libenter
2945 927 3246 998 oppetimus
3267 968 3282 992 ,
3313 929 3464 998 parvi
3519 929 3600 984 fa-

2041 1017 2244 1072 cientes
2269 1032 2363 1072 eos
2389 1018 2480 1086 qui
2513 1032 2611 1071 nos
2653 1017 2756 1071 ista
2787 1033 2985 1088 negare
3027 1017 3386 1087 compellunt,
3419 1034 3598 1088 spem-

2041 1123 2144 1178 que
2169 1108 2224 1160 in
2250 1106 2319 1161 iis
2352 1107 2583 1177 positam
2615 1122 2722 1161 non
2771 1108 3086 1177 abjicientes
3110 1147 3125 1171 ,
3160 1107 3285 1161 licet
3344 1107 3434 1162 isti
3483 1115 3598 1162 tor-

2039 1199 2236 1253 mentis
2264 1197 2520 1253 adhibitis
2569 1198 2676 1251 vim
2718 1196 2962 1253 atlerant.
3009 1196 3218 1264 Quibus
3249 1198 3597 1254 adversantes

2036 1291 2198 1346 Arius
2229 1299 2282 1346 et
2303 1291 2560 1352 Achillas,
2593 1301 2643 1346 et
2681 1291 2774 1360 qui
2809 1307 2932 1346 cum
2974 1291 3082 1346 illis
3116 1299 3243 1346 sunt
3289 1291 3472 1347 hostes
3504 1307 3595 1348 ve.

2034 1383 2233 1447 ritatis,
2261 1383 2501 1440 Ecclesia
2527 1383 2738 1453 expulsi
2766 1391 2912 1447 sunt,
2937 1391 3122 1454 utpote
3145 1383 3304 1438 alieni
3338 1397 3368 1436 a
3407 1393 3592 1438 nostra

2035 1474 2121 1544 pia
2155 1473 2422 1539 doctrina,
2453 1475 2606 1543 juxta
2651 1476 2867 1530 beatum
2910 1475 3133 1531 Paulum
3154 1516 3168 1539 ,
3202 1477 3292 1546 qui
3321 1478 3395 1530 ait
3419 1477 3463 1508 ³⁸
3490 1500 3500 1534 :
3534 1476 3594 1533 Si

2033 1567 2147 1636 quis
2175 1564 2315 1620 vobis
2344 1568 2772 1638 euangelizaverit
2819 1578 3009 1636 prreter
3048 1569 3103 1621 id
3129 1569 3264 1640 quod
3292 1571 3589 1638 accepistis,

2032 1656 2310 1710 anathema
2355 1659 2460 1722 sit;
2511 1659 2632 1716 licet
2673 1660 2910 1728 angelum
2933 1659 2995 1712 de
3009 1659 3133 1713 creto
3151 1677 3204 1713 se
3222 1676 3330 1714 esse
3355 1659 3588 1715 simulet.

2035 1745 2139 1802 Sed
2172 1759 2242 1812 et,
2280 1747 2341 1803 Si
2380 1750 2496 1818 quis
2534 1750 2680 1802 aliud
2708 1751 2889 1804 doceat
2911 1791 2922 1813 ,
2955 1761 3004 1803 et
3033 1768 3135 1804 non
3181 1753 3475 1822 acquiescat
3503 1769 3593 1806 sa-

2029 1843 2133 1896 eris
2162 1842 2485 1897 sermonibus
2523 1842 2735 1896 Domini
2780 1845 2947 1897 nostri
2994 1842 3122 1896 Iesu
3170 1842 3402 1908 Christi,
3449 1852 3499 1898 et
3542 1843 3590 1898 ei

2029 1946 2143 2000 qua:
2165 1931 2446 1984 secundum
2487 1933 2728 1999 pietatem
2764 1944 2838 1985 est
2871 1931 3163 1995 doctrina);
3193 1935 3237 1987 is
3264 1934 3484 2001 inﬂatur
3506 1934 3589 1987 ni-

2029 2019 2104 2073 hil
2134 2022 2299 2075 sciens
2328 2021 2370 2052 ‘7
2402 2041 2414 2075 :
2449 2030 2503 2075 et
2533 2038 2652 2092 qua:
2691 2031 3010 2091 sequuntur.
3044 2022 3154 2076 Hos
3193 2023 3357 2092 igitur
3380 2023 3446 2078 ab
3473 2024 3592 2077 uni-

2027 2113 2200 2166 versis
2269 2112 2529 2169 fratribus
2588 2115 3071 2169 anathematizatos
3133 2130 3291 2169 nemo
3347 2123 3585 2170 vestrum

2028 2204 2310 2272 suscipiat,
2336 2219 2434 2258 nec
2461 2219 2523 2258 ea
2545 2221 2663 2273 quae
2693 2205 2760 2258 ab
2793 2205 2899 2259 illis
2923 2213 3014 2258 aut
3043 2205 3300 2258 dicuntur
3329 2213 3422 2258 aut
3450 2206 3588 2260 scri-

2023 2293 2226 2348 buntur
2278 2295 2542 2350 admittat.
2599 2295 2791 2350 Omnia
2859 2297 3000 2351 enim
3063 2297 3396 2351 mentiuntur
3449 2312 3586 2368 pra:-

2022 2385 2349 2454 stigiatores,
2383 2402 2480 2440 nec
2511 2388 2791 2442 veritatem
2824 2403 3060 2456 unquam
3100 2388 3405 2457 loquentur.
3465 2387 3582 2443 Cir-

2021 2487 2276 2531 cumeunt
2307 2478 2573 2547 siquidem
2600 2479 2870 2543 civitates,
2917 2480 3047 2533 nihil
3083 2479 3229 2533 aliud
3261 2480 3540 2535 molientes
3563 2518 3579 2544 ,

2019 2582 2179 2636 quam
2213 2577 2269 2621 ut
2306 2568 2556 2622 amicitiae
2587 2571 2766 2638 specie
2793 2577 2847 2623 et
2878 2568 2978 2622 sub
3021 2569 3239 2622 nomine
3267 2569 3419 2638 pacis
3439 2608 3456 2633 ,
3487 2585 3584 2639 per

2020 2658 2414 2714 simulationem
2447 2668 2501 2714 et
2529 2660 2822 2715 blanditias
2847 2660 2976 2715 dent
3009 2660 3215 2715 litteras
3241 2670 3402 2730 atque
3432 2664 3578 2717 acci-

2016 2753 2204 2823 piant;
2237 2754 2434 2824 quibus
2476 2754 2813 2808 mulierculas
2844 2771 3044 2822 paucas
3073 2755 3136 2808 ab
3151 2749 3304 2824 "ipsis
3342 2755 3581 2824 deceptas

2017 2854 2065 2898 et
2095 2846 2320 2912 peccatis
2349 2855 2564 2899 onustas
2599 2847 2653 2899 in
2674 2862 2901 2901 errorem
2923 2845 3174 2900 inducant
3210 2846 3254 2878 ³⁸
3277 2853 3329 2902 et
3359 2855 3573 2902 extera.

353 2945 703 3015 ήπατημένα
723 2945 895 3014 ὀλίγα
917 2941 1286 3014 γυναικάρια,
1314 2943 1718 3013 σεσορευμένα
1739 2943 2063 3012 ἁμαρτίαις,
2097 2941 2190 2993 καὶ
2218 2939 2284 2992 τὰ
2311 2940 2454 3011 ἑξῆς.

421 3061 559 3116 XIV.
603 3061 834 3124 Τούτους
862 3057 952 3115 οῦν
978 3062 1104 3124 τοὺς
1135 3060 1203 3114 τά
1232 3060 1466 3114 τοσαῦτα
1497 3059 1638 3114 κατά
1671 3058 1908 3132 Χριστοῦ

2086 3056 2223 3111 XIV.
2273 3056 2382 3112 llos
2413 3073 2541 3128 ergo
2569 3058 2663 3129 qui
2693 3065 2772 3113 tot
2797 3073 2860 3113 ac
2903 3065 3052 3112 tanta
3085 3057 3205 3113 ausi
3232 3064 3360 3113 sunt
3385 3065 3573 3112 contra

347 3152 737 3223 τολμήσαντας,
766 3153 891 3216 τοὺς
924 3151 1013 3204 τὸν
1047 3151 1466 3222 Χριστιανισμὺν
1495 3150 1650 3206 τοῦτο
1689 3151 1788 3222 μὲν
1815 3150 1907 3208 δη-

2019 3151 2321 3217 Christum;
2353 3152 2446 3222 qui
2477 3151 2842 3207 Christianam
2883 3153 3196 3222 religionem
3226 3151 3421 3222 partim
3454 3152 3577 3206 irri-

353 3243 511 3314 μοσία
550 3241 925 3313 διασύραντας,
971 3239 1127 3293 τοῦτο
1171 3240 1228 3294 δὲ
1265 3241 1354 3293 ἐπὶ
1390 3241 1750 3312 δικαστηρίων
1784 3241 1904 3293 ὲπι-

347 3333 582 3402 δεικτιᾷν
616 3329 1112 3401 φιλοτιμουμένους,
1152 3331 1278 3392 τοὺς
1309 3329 1543 3399 διωγμὸν
1575 3331 1706 3400 ἡμῖν
1741 3331 1798 3382 έν
1831 3329 1906 3381 εί-

353 3423 486 3496 ρήνῃ
514 3421 573 3474 τὸ
599 3422 718 3474 ὅσον
752 3421 839 3473 ἐπ’
863 3421 1045 3483 αὐτοῖς
1071 3420 1478 3492 ἐπεγείραντας,
1505 3420 1631 3483 τοὺς
1651 3420 1710 3473 τὸ
1736 3421 1905 3492 ἀρρη-

346 3532 435 3567 τον
467 3497 756 3585 μυστήριον
789 3513 888 3583 τῆς
917 3513 1149 3584 Χριστοῦ
1176 3513 1440 3582 γενέσεως
1462 3513 1901 3584 ὲκνευρίσαντας,

346 3605 562 3669 τούτους
588 3603 1044 3676 ἀποστραφέντες,
1072 3603 1345 3674 ἀγαπητοὶ
1363 3606 1453 3658 καὶ
1468 3605 1726 3675 ὁμόψυχοι
1751 3604 1903 3658 ἀδελ-

346 3697 454 3766 φοὶ,
498 3696 774 3768 σύμψηφοι
807 3694 1018 3764 γίνεσθε
1064 3695 1203 3748 κατὰ
1243 3697 1340 3766 τῆς
1390 3695 1687 3768 μανιώδους
1725 3697 1900 3749 αὐτῶν

343 3785 561 3858 τόλμης,
586 3785 706 3839 καθ’
733 3783 1022 3855 ὁμοιότητα
1045 3783 1152 3837 τῶν
1181 3787 1671 3856 ἀγανακτησάντων
1703 3788 1903 3840 συλλει-

342 3877 582 3949 τουργῶν
623 3879 794 3948 ἡμῶν,
846 3878 939 3932 καὶ
973 3877 1386 3930 ἐπιστειλάντων
1425 3895 1513 3948 μοι
1550 3878 1667 3930 κατ’
1699 3879 1896 3942 αὐτῶν,

341 3969 432 4020 καὶ
459 3967 536 4040 τῷ
557 3969 704 4040 τόμῳ
727 3968 1267 4039 συνυπογραψάντων.
1307 3969 1372 4020 ’Ἀ
1397 3968 1492 4021 καὶ
1512 3969 1897 4040 διεπεμψάμην

339 4057 464 4128 ὑμῖν
506 4057 594 4111 διὰ
635 4057 728 4110 τοῦ
777 4057 891 4110 υίοῦ
929 4075 1030 4129 μου
1077 4058 1334 4123 Ἀπίωνος
1370 4058 1464 4112 τοῦ
1495 4058 1740 4112 διακόνου
1761 4060 1893 4132 (42),

337 4149 490 4202 τοῦτο
521 4149 618 4220 μὲν
644 4151 823 4221 πάσης
860 4149 1131 4218 Αἰγύπτου
1180 4151 1275 4203 καὶ
1323 4150 1605 4221 Θηϐαΐδος,
1656 4139 1813 4204 τοῦτό
1839 4151 1894 4204 δὲ

336 4241 538 4313 Λιϐύης
583 4259 643 4295 τε
693 4243 786 4296 καὶ
833 4242 1233 4306 Πενταπόλεως,
1286 4243 1379 4295 καὶ
1426 4242 1643 4312 Συρίας,
1687 4243 1780 4296 καὶ
1813 4243 1893 4296 ἔτι

333 4333 534 4402 Λυκίας
585 4335 678 4388 καὶ
721 4333 1065 4404 Παμφυλίας,
1125 4333 1324 4397 Ἀσίας,
1352 4335 1762 4398 Καππαδοκίας,
1799 4335 1892 4387 καὶ

2005 3250 2196 3296 serunt
2221 3243 2467 3312 publice,
2503 3244 2698 3313 partim
2732 3245 2785 3298 in
2816 3242 3040 3313 judiciis
3073 3242 3359 3298 traducere
3388 3257 3452 3297 ac
3478 3243 3572 3298 de-

2003 3345 2190 3389 notare
2218 3334 2434 3389 student
2465 3353 2476 3388 :
2526 3335 2617 3404 qui
2648 3335 2802 3405 pacis
2846 3342 3087 3404 tempore
3141 3334 3568 3404 persecutionem

2002 3426 2263 3480 adversus
2292 3442 2392 3480 nos
2415 3465 2429 3490 ,
2483 3435 2746 3495 quantum
2781 3428 2832 3481 in
2864 3427 2998 3497 ipsis
3049 3434 3166 3490 est,
3224 3427 3570 3491 excitarunt;

2001 3519 2090 3587 qui
2126 3516 2396 3572 ineffabile
2424 3519 2740 3588 mysterium
2762 3518 3126 3589 generationis
3155 3513 3359 3573 Christi
3411 3534 3567 3574 ener-

1999 3619 2196 3666 varunt
2221 3631 2234 3666 :
2266 3611 2386 3678 hos,
2415 3613 2660 3682 inquam,
2696 3619 3012 3668 aversantes
3037 3653 3052 3679 ,
3081 3611 3571 3683 charissimiatque

1999 3703 2283 3759 unanimes
2319 3703 2542 3766 fratres,
2585 3703 2957 3776 suﬂ‘ragamini
3003 3704 3161 3760 nobis
3188 3704 3448 3760 adversus
3477 3704 3562 3760 fu-

1997 3795 2197 3849 riosam
2237 3795 2449 3849 illorum
2481 3795 2763 3849 audaciam
2789 3835 2806 3858 ,
2856 3794 3080 3865 perinde
3125 3809 3189 3849 ac
3217 3794 3436 3865 collega:
3463 3811 3564 3849 no-

1999 3885 2119 3950 stri,
2150 3885 2241 3955 qui
2270 3885 2530 3956 indignati
2571 3895 2719 3946 sunt,
2751 3896 2804 3940 et
2843 3886 3003 3940 nobis
3033 3886 3296 3956 epistolas
3326 3886 3561 3956 scripse-

1996 3988 2121 4030 runt
2151 3977 2410 4034 adversus
2441 3979 2584 4042 illos,
2616 3987 2669 4033 et
2692 3985 2840 4033 tomo
2870 3987 3060 4034 nostro
3093 3973 3558 4047 subscripserunt.

1993 4067 2122 4134 Quae
2154 4069 2315 4124 etiam
2351 4069 2416 4123 ad
2448 4085 2545 4124 vos
2571 4069 2695 4124 misi
2735 4085 2829 4139 per
2869 4069 3035 4123 ﬁlium
3070 4084 3249 4124 meum
3296 4067 3559 4140 Apionem

1991 4161 2296 4225 diaconum,
2329 4160 2522 4230 partim
2551 4176 2617 4215 ex
2641 4160 2893 4216 universa
2918 4159 3151 4230 Egypto
3176 4174 3239 4213 ac
3261 4158 3556 4224 Thebaide,

1991 4251 2183 4322 partim
2215 4268 2282 4306 ex
2313 4251 2482 4322 Libya
2505 4267 2569 4306 ac
2597 4251 2875 4323 Pentapoli
2904 4271 2918 4307 :
2955 4252 3082 4306 item
3119 4268 3184 4307 ex
3215 4249 3372 4322 Syria
3392 4293 3407 4319 ,
3446 4251 3554 4323 Ly-

1989 4343 2095 4409 cia,
2131 4341 2466 4415 Pamphylia,
2491 4342 2640 4408 Asia,
2679 4343 3020 4414 Cappadocia
3054 4343 3284 4413 aliisque
3311 4342 3557 4398 ﬁnitimis

223 4417 228 4420 ’
329 4425 436 4477 τῶν
465 4425 636 4480 ἄλλων
664 4425 982 4498 περιχόρων.
1021 4420 1120 4477 ’Ὧν
1152 4424 1274 4477 καθ’
1307 4425 1616 4496 ὁμοιότητα,
1642 4426 1734 4478 καὶ
1760 4427 1890 4496 παρ’

1989 4434 2303 4505 provinciis.
2341 4434 2585 4500 Quorum
2616 4435 2864 4504 exemplo
2895 4449 2925 4488 a
2958 4434 3113 4488 vobis
3159 4449 3374 4504 quoque
3414 4434 3556 4489 litte-

330 4516 482 4587 ὑμῶν
526 4517 775 4584 δέξασθαι
817 4517 1066 4570 πέποιθα.
1103 4516 1315 4570 Πολλῶν
1353 4518 1580 4588 γάρ’,μοι
1615 4517 1923 4595 βοηθημά-ς

2019 4542 2082 4582 as
2113 4541 2198 4582 me
2228 4534 2576 4596 accepturum
2605 4540 2727 4581 esse
2771 4525 3004 4580 conﬁdo.
3047 4524 3179 4578 Nam
3217 4540 3339 4578 cum
3385 4525 3555 4579 multa

326 4625 434 4662 των
469 4608 604 4680 πρὸς
643 4609 768 4673 τοὺς
801 4609 1087 4678 βλαϐέντας
1131 4610 1562 4681 πεπορισμένων,
1603 4611 1695 4663 καὶ
1730 4610 1886 4664 τοῦτο

2019 4642 2023 4670 ι
2058 4633 2143 4672 me
2165 4615 2415 4687 praesidia
2444 4626 2756 4686 comparata
2792 4616 2904 4670 sint
2932 4614 2999 4668 ad
3038 4613 3311 4670 sanandos
3343 4627 3437 4668 eos
3459 4613 3551 4682 qui

327 4699 544 4772 εὕρεται
577 4701 988 4773 λυσιφάρμακον
1027 4700 1120 4754 τοῦ
1167 4701 1258 4753 ὑπ’
1296 4701 1473 4754 αὐτῶν
1517 4703 1885 4774 ἀπατηθέντος

2019 4709 2102 4764 ιιεεί
2132 4715 2280 4771 sunt,
2313 4716 2427 4760 tum
2459 4706 2589 4762 illud
2641 4707 2909 4776 prmcipue
2936 4705 3230 4759 remedium
3279 4703 3554 4774 excogita-

325 4791 473 4855 λαοῦ,
509 4793 840 4864 πειθομένων
876 4793 969 4848 καὶ
1013 4796 1131 4857 ταῖς
1170 4793 1281 4864 (45)
1315 4793 1422 4846 τῶν
1463 4794 1883 4867 συλλειτουργῶν

2019 4817 2103 4855 um
2137 4808 2220 4856 est
2264 4800 2330 4854 ad
2377 4799 2672 4854 curandam
2722 4798 3120 4852 multitudinem
3162 4814 3281 4868 quae
3321 4798 3390 4852 ab
3442 4797 3553 4852 illis

325 4884 479 4954 ἡμῶν
509 4883 982 4955 συγκαταθέσεσιν,
1018 4887 1097 4950 είς
1137 4884 1424 4957 μετάνοιαν
1449 4886 1537 4939 διὰ
1567 4888 1752 4942 τούτου
1789 4888 1880 4960 έρ-

2022 4898 2207 4960 ecepta
2234 4898 2338 4954 est,
2364 4898 2422 4943 ut
2443 4890 2771 4959 collegarum
2796 4895 3108 4944 nostrorum
3140 4887 3428 4943 consensui
3452 4887 3551 4941 ob-

323 4974 509 5046 χεσθαι
539 4978 964 5043 σπουδαζόντων.
1012 4979 1348 5034 Ἀσπάσασθε
1383 4978 1643 5050 ἀλλήλους
1682 4982 1777 5034 σὺν
1812 4984 1878 5053 τῇ

2019 4989 2306 5052 emperent,
2335 4987 2388 5034 et
2417 4995 2512 5048 per
2555 4979 2658 5033 hoc
2701 4979 2766 5034 ad
2795 4979 3166 5048 ptenitentiam
3191 4979 3369 5035 redire
3395 4977 3549 5034 festi-

325 5068 454 5137 παρ’
487 5068 642 5139 ὑμῶν
665 5069 981 5141 ἀδελφότητι
1012 5069 1142 5140 (44).
1182 5069 1486 5144 Ἐῤῥῶσθαι
1510 5071 1655 5141 ὑμᾶς
1678 5073 1735 5125 ἐν
1763 5073 1878 5125 Κυ-

2024 5080 2134 5128 ent.
2164 5069 2417 5125 Salutare
2443 5084 2540 5125 vos
2580 5069 2812 5125 invicem
2844 5083 2954 5124 una
2997 5085 3120 5125 cum
3149 5068 3428 5136 fratribus,
3450 5068 3544 5140 qui

388 5251 433 5282 ³⁸
463 5248 642 5306 Galat.
669 5269 706 5316 ι,
734 5252 788 5318 8,
811 5253 865 5309 9.
932 5252 974 5285 ³⁷
1017 5252 1044 5306 I
1075 5252 1210 5308 Tim.
1248 5270 1321 5321 vr,
1348 5255 1401 5320 5,
1427 5255 1482 5312 4.
1557 5255 1602 5288 ³⁸
1636 5254 1702 5311 ΙΙ
1730 5255 1865 5311 Tim.
1901 5272 1982 5320 ιιι,
2013 5258 2066 5311 4.

389 5455 822 5539 (βῆν-Ἁπιωηος
852 5457 957 5539 tofi}
989 5456 1289 5539 διακόνῳ.
1323 5457 1381 5512 In
1411 5458 1532 5539 (30d.
1560 5459 1758 5539 Leonis
1795 5458 1883 5514 Al-

2019 5477 2104 5539 )co
2139 5462 2314 5539 posita
2347 5470 2449 5539 est,
2484 5471 2538 5518 et
2550 5463 2621 5539 in
2659 5480 2816 5539 suum
2850 5465 3041 5539 locum
3064 5465 3150 5539 sie
3177 5462 3528 5539 restiutenda,

317 5523 453 5608 l‘atii,
484 5523 548 5608 et
569 5527 709 5608 apud
739 5524 1106 5608 Nicephorum
1141 5528 1875 5608 legitun'roﬁﬁpxiﬁtaxdvou.

2019 5523 2313 5608 τειθομένων
2344 5523 2463 5608 ταῖς
2509 5533 2616 5589 τῶν
2664 5535 3081 5606 συλλειτουργῶν
3128 5533 3282 5604 ἡμῶν
3329 5523 3530 5602 συγκαξ

313 5593 494 5676 Atque
514 5598 587 5651 ita
605 5593 774 5677 etiam
808 5593 932 5667 legit
956 5593 1290 5684 Epiphanius
1316 5593 1707 5684 scholasticus,
1731 5608 1790 5684 ut
1811 5616 1873 5682 ex

2019 5593 2631 5684 =€té§€°amsi§vetcz
2697 5677 2722 5684 -
2812 5675 2866 5684 _-
2917 5593 3018 5684 -”.
3559 5647 3572 5660 ~

316 5666 566 5744 versione
590 5667 710 5733 ejus
741 5665 979 5737 apparet.
1004 5665 1200 5721 Codex
1251 5665 1450 5738 Regius
1491 5668 1541 5724 ι.
1584 5669 1702 5725 Piui
1748 5671 1876 5743 legit

316 5735 468 5788 τουδε
499 5735 592 5790 τοῦ
617 5738 860 5791 διακόνου
900 5737 1175 5802 Ἀπίωνος.

2047 5673 2157 5744 (44)
2197 5665 2319 5727 Σὺν
2341 5673 2416 5743 τῇ
2438 5665 2571 5745 παρ’
2603 5677 2768 5747 ὑμῶν
2793 5675 3163 5744 ἀδελφότητι.
3192 5671 3345 5744 Apud
3369 5670 3526 5728 Nice-

2019 5743 2206 5799 horum
2251 5745 2441 5802 lenitur
2486 5746 2810 5802 παρ’ἠμῶν.
2840 5744 2980 5802 nuod
3029 5743 3227 5800 rectius
3273 5743 3403 5800 mihi
3443 5743 3526 5798 vi-

314 5747 468 5788 τουοε
499 5754 592 5790 του
617 5747 860 5791 διακόνου
901 5747 1175 5802 Ἀπίωνος.

390 5805 501 5879 (45)
537 5808 904 5878 Πειθομένων
935 5808 1032 5864 καὶ
1072 5808 1216 5875 ταῖς.
1264 5807 1532 5865 Particula
1575 5809 1666 5864 καί
1697 5811 1870 5868 alieno

2019 5747 2206 5868 h'orum
2251 5747 2441 5818 legitur
2486 5747 2810 5820 παρ’ἠμῶν,
2840 5764 2871 5818 q

2019 5829 2039 5868 e
2069 5830 2150 5870 ur.
