4088 6284
357 386 458 443 575

1756 385 1949 442 EPIST
1954 385 2111 441 υιηλΕ
2121 423 2135 437 .

3464 384 3566 439 574

422 504 490 559 li.
525 502 590 558 0i
618 502 718 576 μὲν
751 496 845 559 οῦν
876 504 1172 560 ἀποστάται
1203 502 1500 576 γενόμενοι,
1527 503 1663 558 εἰσὶν
1684 505 1918 578 Ἀρειος,

2092 498 2157 558 ll.
2192 499 2447 557 Ecclesiae
2498 507 2680 556 autem
2732 496 3037 556 desertores
3078 497 3133 551 hi
3177 503 3304 551 sunt
3336 514 3348 549 :
3383 494 3566 557 Arius,

359 597 450 650 καί
494 595 771 667 ’Δχιλλεὺς
795 595 929 667 (54),
963 594 1058 650 καὶ
1111 594 1406 667 ’Λειθάλης,
1464 593 1557 649 κα)⁸
1587 594 1916 669 Καρπώνης,

359 685 449 739 καὶ
472 682 657 755 ἕτερος
687 684 921 757 Ἄρειος,
965 685 1060 740 καὶ
1086 686 1395 758 Σαρμάτης,
1428 685 1485 740 οἴ
1519 703 1649 740 ποτε
1683 685 1919 760 πρεσϐύ-

359 795 500 849 τεροι
549 776 694 848 (55)⁶
749 777 844 832 καὶ
886 776 1142 844 Εὐξώῖος,
1186 779 1281 834 καὶ
1303 778 1547 847 Λούκιος,
1573 780 1667 834 καὶ
1705 779 1919 845 Ἰούλιος

361 867 503 939 (56),
545 869 639 922 καὶ⁹
668 869 879 939 Μηνᾶς,
911 870 1005 924 καὶ
1046 869 1334 934 Ἐλλάδιος,
1367 872 1459 925 κα)⁵
1485 870 1664 938 Γάϊος,
1696 872 1750 925 οἵ
1789 889 1919 925 ποτε

358 960 606 1016 διάκονοιο
640 962 735 1014 καὶ
761 961 856 1015 σὺν
904 960 1087 1025 αὐτοῖς
1125 960 1412 1027 Σεκοῦνδος
1437 963 1533 1017 καὶ
1584 964 1818 1027 Θεωνάς,
1869 964 1924 1017 οἵ

363 1067 484 1104 ποτε
520 1049 800 1121 λεχθέντες
825 1050 1128 1105 ἐπίσκοποι.
1163 1053 1298 1106 Ποῖα
1327 1051 1385 1105 δὲ
1425 1052 1576 1124 παρά
1622 1052 1722 1118 τὰς
1775 1054 1919 1125 Γρα-

362 1142 462 1212 φὰς
492 1142 603 1213 (57)
637 1143 958 1215 ἐφευρόντες
987 1143 1258 1211 λαλοῦσιν,
1301 1144 1415 1200 ἐστι
1447 1144 1639 1202 ταῦτα.

427 1233 515 1291 ΙΙΙ.
548 1236 661 1289 Οὐκ
692 1236 779 1291 diei.
800 1238 829 1291 6
861 1236 992 1302 Θεὸς
1023 1238 1209 1312 Πατὴρ
1238 1235 1329 1312 ἦν,
1356 1240 1470 1294 ἀλλ’
1520 1236 1587 1313 ἦν
1610 1241 1698 1296 ὅτε
1727 1242 1920 1308 ὁ,Θεὸς

360 1326 545 1398 Πατὴρ
574 1326 673 1379 ούκ
698 1321 787 1397 ἦν’
815 1325 915 1380 οὐκ
946 1326 1032 1381 ἀεὶ
1053 1321 1120 1400 ἦν
1146 1331 1175 1382 6
1201 1328 1293 1382 τοῦ
1327 1327 1460 1382 Θεοῦ
1504 1329 1695 1399 Λόγος,
1725 1329 1837 1385 ἀλλ’
1861 1330 1921 1395 ἐξ

359 1420 456 1473 ούκ
496 1417 664 1473 ὄντων
693 1418 931 1488 γέγονεν’
988 1419 1018 1473 ὁ
1058 1418 1166 1491 γὰρ
1193 1417 1269 1475 ὢν
1296 1420 1427 1486 Θεὸς
1466 1420 1558 1476 τὸν
1595 1422 1669 1495 μὴ
1694 1423 1823 1477 ὄντα
1856 1425 1921 1477 ἐκ

358 1508 449 1562 τοῦ
479 1510 551 1580 μὴ
579 1508 728 1573 ὄντος
747 1507 1031 1581 πεποίηκε·
1071 1508 1151 1563 διὸ
1184 1510 1279 1565 καὶ
1302 1504 1371 1582 ἦν
1402 1528 1553 1577 ποτε,
1592 1512 1680 1566 ὅτε
1703 1513 1803 1566 οὐκ
1828 1507 1916 1585 ἦν.

360 1600 577 1671 Κτίσμα
605 1600 713 1671 γάρ
755 1602 871 1654 ἐστι
897 1601 990 1656 καὶ
1017 1601 1228 1674 ποίημα
1251 1603 1280 1655 6
1311 1601 1460 1668 Υίὸς,
1493 1602 1620 1657 οὗτε
1648 1603 1705 1657 δὲ
1736 1604 1919 1675 ὅμοιος

359 1693 475 1747 κατ’
504 1691 691 1747 οὐσίαν
712 1690 789 1764 τῷ
807 1693 980 1767 Πατρί
1009 1696 1172 1748 ἐστιν’
1200 1692 1322 1748 οὔτε
1350 1693 1617 1766 ἀληθινὸς,
1643 1696 1736 1750 καὶ
1763 1696 1921 1766 φύσει

2017 591 2273 657 Achilles,
2290 590 2553 658 Aithales,
2575 589 2873 661 Carpones,
2904 587 3066 644 Arius
3091 587 3250 650 alter,
3271 584 3568 645 Sarmates,

2017 685 2146 741 olim
2194 682 2495 756 presbyteri
2531 701 2544 737 :
2586 681 2843 749 Euzoius,
2871 679 3093 744 Lucius,
3130 674 3329 744 Julius,
3363 674 3567 737 Menas,

2018 773 2295 831 lielladius
2324 781 2378 828 et
2405 773 2598 838 Gaius,
2622 772 2749 828 olim
2780 770 2996 827 diaconi
3029 785 3043 822 :
3079 783 3144 824 ac
3169 783 3293 824 cum
3315 767 3448 838 ipsis
3477 766 3571 820 Se-

2016 867 2229 925 cundus
2262 876 2315 922 et
2339 864 2610 933 Theonas,
2634 866 2762 921 olim
2777 864 3017 936 episcopi
3044 860 3361 931 nuncupati.
3393 858 3571 915 Verba

2016 966 2197 1015 autem
2243 956 2310 1011 ab
2341 954 2450 1009 illis
2494 954 2782 1010 adinventa
2831 967 2894 1009 ac
2936 958 3133 1024 praster
3163 949 3571 1020 Seripturarum

2016 1056 2254 1108 mentem
2286 1046 2518 1119 prolata,
2549 1046 2664 1110 hac
2691 1055 2837 1104 sunt.

2087 1220 2175 1276 iii.
2213 1220 2328 1276 Non
2357 1235 2570 1291 semper
2595 1218 2738 1276 Deus
2760 1217 2920 1274 Pater
2941 1215 3081 1285 fuit;
3116 1214 3210 1271 sed
3234 1212 3333 1267 fuit
3356 1210 3573 1283 quando

2019 1313 2159 1368 Deus
2193 1311 2352 1367 Pater
2398 1326 2509 1366 non
2540 1316 2677 1365 erat.
2720 1308 2838 1363 Non
2886 1320 3098 1377 semper
3139 1308 3258 1360 erat
3303 1301 3399 1357 Dei
3440 1299 3573 1355 Ver-

2018 1405 2168 1471 bum,
2218 1403 2313 1461 sed
2357 1418 2424 1457 ex
2468 1416 2577 1456 non
2623 1399 2964 1456 exstantibus
3018 1396 3219 1451 laetum
3267 1400 3397 1450 est:
3431 1391 3574 1447 Deus

2017 1496 2160 1552 enim
2199 1494 2291 1564 qui
2340 1499 2444 1558 est,
2490 1507 2596 1546 non
2637 1491 2985 1546 exsistentem
3020 1502 3089 1543 ex
3127 1500 3237 1540 non
3281 1485 3575 1539 exsistente

2019 1585 2265 1642 condidit
2321 1604 2334 1640 :
2381 1598 2549 1655 quare
2592 1591 2711 1639 erat
2748 1580 3037 1652 aliquando
3078 1592 3204 1633 cum
3252 1591 3361 1631 non
3407 1583 3571 1630 esset.

2018 1678 2128 1735 Res
2157 1678 2357 1749 quippe
2388 1684 2592 1742 creata,
2622 1690 2821 1745 resque
2872 1671 3013 1727 facta
3047 1679 3131 1725 est
3158 1668 3369 1724 Filius:
3400 1683 3576 1737 neque

358 1781 449 1837 τοῦ
478 1781 689 1855 Πατρὸς
719 1761 890 1853 Λόγος
920 1761 1086 1839 ἐστίν’
1131 1782 1257 1839 οῦτε
1295 1761 1519 1858 ἀληθινὴ
1554 1761 1720 1855 Σοφία
1751 1761 1917 1840 αὐτοῦ

2021 1771 2215 1828 similis
2264 1776 2350 1824 est
2393 1767 2546 1822 Patri
2600 1764 2901 1823 secundum
2950 1761 3314 1820 substantiam
3354 1773 3577 1828 :neque

360 1874 521 1926 ἐστιν’
552 1850 662 1927 ἀλλ’
693 1870 774 1938 εἷς
805 1850 902 1946 μὲν
925 1875 1033 1931 τῶν
1061 1850 1765 1951 ποιημάτωνυκαίγενήτῶν
1784 1881 1918 1932 ἐστι’

2022 1878 2209 1918 verum
2238 1869 2292 1916 et
2325 1859 2577 1914 naturale
2619 1856 2857 1911 Verbum
2888 1862 2972 1910 est
2992 1851 3172 1906 Patris
3197 1870 3210 1906 :
3241 1864 3419 1921 neque
3448 1863 3576 1904 vera

360 1963 805 2036 καταχρηστικῶς
823 1964 880 2018 δὲ
909 1963 1126 2035 λέγεται
1156 1967 1328 2037 Λόγος
1354 1966 1450 2022 καὶ
1474 1968 1664 2038 Σοφία,
1695 1967 1923 2039 γενόμε-

358 2074 445 2120 νος
477 2056 573 2110 καὶ
592 2054 753 2121 αὐτὸς
788 2055 899 2128 (58)
929 2056 1007 2128 τῷ
1042 2057 1156 2130 ἰδίῳ
1180 2057 1275 2114 τοῦ
1320 2059 1456 2114 Θεοῦ
1494 2060 1670 2132 Λόγῳ,
1723 2061 1817 2115 καὶ
1852 2064 1921 2133 τῇ

359 2150 415 2202 ἐν
445 2146 522 2219 τῷ
540 2146 658 2220 Θεῷ
706 2147 894 2220 Σοφίᾳ,
941 2149 1000 2202 ὲν
1087 2149 1181 2204 καὶ
1208 2149 1276 2204 τὰ
1303 2151 1478 2205 πάντα
1507 2153 1599 2206 καὶ
1632 2152 1793 2206 αὐτὸν
1822 2169 1920 2205 πε-

360 2239 579 2312 ποίηκεν
604 2241 633 2295 6
663 2239 813 2306 Θεός·
850 2241 930 2295 διὸ
961 2243 1056 2299 καὶ
1095 2243 1327 2314 τρεπτός
1369 2245 1486 2298 ἐστι
1517 2245 1610 2298 καὶ
1637 2244 1923 2309 ἀλλοιωτὸς

359 2331 457 2404 τὴν
507 2329 687 2403 φύσιν,
748 2332 824 2397 ὡς
866 2334 960 2387 καῖ⁹
1004 2333 1180 2389 πάντα
1208 2334 1277 2389 τὰ
1305 2333 1516 2405 λογικά’
1547 2336 1694 2404 ξένος
1725 2354 1785 2391 τε
1830 2338 1923 2392 καὶ

360 2427 633 2500 ἀλλότριος
654 2427 748 2482 καὶ
773 2429 1249 2501 ἀπεσχοινισμένος
1278 2430 1426 2485 ἐστὶν
1447 2429 1476 2482 6
1502 2430 1674 2500 Λόγος
1697 2430 1797 2501 τῆς
1826 2429 1921 2483 τοῦ

359 2517 490 2572 Θεοῦ
519 2517 722 2581 οὐσίας’
747 2518 841 2571 καὶ
861 2518 1096 2591 ἄρρητός
1120 2519 1230 2589 (59)
1257 2520 1403 2574 ἐστιν
1429 2522 1458 2573 6
1478 2519 1664 2591 Πατὴρ
1687 2516 1764 2588 τῷ
1787 2516 1919 2589 Υἱῷ⁸

357 2610 479 2663 οὔτε
505 2608 614 2681 γὰρ
642 2609 858 2674 τελείως
902 2612 996 2665 κα)⁸
1022 2610 1262 2682 ἀκριϐῶς
1294 2611 1549 2681 γινώσκει
1582 2614 1612 2666 6
1636 2611 1806 2680 Λόγος
1833 2610 1923 2664 τὸν

361 2700 600 2772 Πατέρα,
626 2698 763 2771 ξοῦτε
791 2699 1008 2764 τελείως
1040 2700 1151 2771 (60)
1177 2702 1308 2773 ὁρᾷν
1336 2700 1497 2755 αὐτὸν
1541 2700 1782 2757 δύναται.
1812 2702 1923 2755 Καὶ

361 2791 468 2864 γὰρ
500 2790 594 2845 καὶ
618 2790 810 2847 ἑαυτοῦ
841 2790 938 2862 τὴν
967 2789 1153 2846 οὐσίαν
1177 2792 1277 2846 οὐκ
1309 2788 1449 2845 οἶδεν
1479 2793 1508 2846 ὁ
1536 2791 1665 2854 Υἱὸς
1688 2791 1763 2855 ὼς
1786 2789 1919 2844 ἐστι’

360 2883 427 2936 δι’
467 2884 611 2953 ἡμᾶς
645 2882 754 2954 γὰρ
785 2885 1095 2954 πεποίηται,
1127 2882 1214 2937 ἵνα
1254 2884 1406 2954 ἡμᾶς
1433 2883 1500 2936 δι’
1553 2882 1718 2936 αὐτοῦ
1751 2883 1827 2947 ὡς
1854 2882 1922 2937 δι’

363 2973 591 3046 ὀργάνου
631 2975 788 3047 κτίσῃ
828 2977 857 3029 6
882 2975 1033 3039 Θεός.
1088 2975 1198 3028 Καὶ
1224 2975 1323 3029 οὐκ
1368 2974 1434 3030 ἂν
1475 2974 1702 3046 ὑπέστη,
1752 2976 1802 3029 εί
1847 2974 1921 3047 μὴ

364 3069 509 3140 ἡμᾶς
539 3070 569 3122 6
594 3069 726 3134 Θεὸς
769 3070 999 3142 ἠθέλησε
1031 3070 1273 3141 ποιῆσαι.
1335 3069 1610 3143 Ἠρώτησε
1666 3069 1796 3140 γοῦν
1839 3087 1924 3135 τις

362 3161 576 3226 αὐτοὺς,
602 3160 652 3214 εί
699 3159 919 3215 δύναται
949 3161 979 3214 6
1004 3159 1097 3214 τοῦ
1122 3159 1257 3215 Θεοῦ
1297 3161 1468 3230 Λόγος
1494 3162 1765 3233 τραπῆναι
1795 3161 1870 3225 ὡς
1895 3162 1925 3214 ὁ
1950 3190 1991 3246 c

360 3250 602 3314 διάϐολος
655 3250 889 3322 ἐτράπη·
941 3248 1035 3303 καὶ¹
1082 3249 1182 3304 οὐκ
1225 3249 1565 3323 ἐφοϐήθησαν
1613 3251 1784 3303 εἰπεῖν
1842 3248 1924 3302 ὅτι

360 3342 576 3397 δύναται
621 3341 760 3414 (61);
793 3341 1028 3413 τρεπτῆς
1050 3340 1157 3413 γὰρ
1195 3342 1406 3414 φύσεώς
1432 3345 1546 3398 εστι
1575 3339 1800 3413 γενητὸς
1832 3339 1924 3395 καὶ

364 3436 573 3501 κτιοτὸς
600 3436 878 3509 ὑπάρχων.

432 3676 522 3736 IV.
570 3680 756 3736 Ταῦτα
793 3680 1047 3751 λέγοντας
1095 3683 1219 3746 τοὺς
1251 3681 1379 3755 περὶ
1422 3684 1657 3755 Ἄρειον,
1699 3685 1792 3737 καὶ
1832 3684 1925 3738 ἐπὶ

362 3772 569 3836 τούτοις
600 3773 1116 3843 ἀναισχυντοῦντας,
1163 3772 1359 3837 αὐτούς
1401 3790 1461 3826 τε
1505 3774 1598 3827 καὶ
1636 3774 1761 3837 τοὺς
1806 3789 1926 3827 συν-

363 3866 827 3938 ἀκολουθήσαντας
872 3866 1072 3932 αὐτοῖς,
1126 3868 1300 3939 ἡμεῖς]
1330 3866 1428 3938 μὲν
1464 3866 1601 3938 μετά
1646 3867 1754 3920 τῶν
1806 3870 1924 3921 κατ’

362 3957 634 4027 Αἴγυπτον
678 3958 773 4012 καὶ
812 3957 911 4022 τὰς
949 3957 1152 4022 Λιϐύας
1177 3957 1487 4022 ἐπισκόπων
1539 3960 1703 4028 ἐγγὺς
1734 3960 1924 4013 ἑκατὸν

363 4051 552 4115 ὄντων,
579 4047 916 4114 συνελθόντες
944 4049 1425 4122 ἀνεθεματίσαμεν.
1455 4051 1518 4104 Οἱ
1541 4050 1598 4105 δὲ
1638 4053 1765 4122 περὶ
1818 4053 1924 4105 E6-

367 4141 542 4195 σέϐιον
568 4139 975 4212 προσεδέξαντο,
1021 4140 1406 4206 σπουδάζοντες
1431 4141 1791 4213 ὲγκαταμίξαι
1813 4142 1923 4215 (62)

363 4235 425 4288 τὸ
445 4233 636 4305 ψεῦδος
661 4237 729 4306 τῇ
760 4234 1005 4306 ἀληθείᾳ,
1037 4235 1131 4288 καὶ
1158 4236 1224 4306 τῇ
1258 4233 1509 4306 εὐσεϐείᾳ
1531 4233 1627 4307 τὴν
1652 4234 1923 4289 ἀσέϐειαν·

364 4325 478 4380 ἀλλ’
505 4328 606 4380 οὐκ
628 4327 923 4397 ίσχύσουσι·
952 4327 1076 4396 νικᾷ
1102 4324 1209 4397 γὰρ
1237 4328 1270 4397 ἡ
1295 4323 1539 4397 ἀλήθεια,
1565 4326 1660 4381 καὶ
1684 4326 1928 4397 οὐδεμία

364 4420 481 4473 ἐστὶ
509 4419 785 4476 κοινωνία
825 4419 969 4489 φωτὶ
995 4417 1143 4487 πρὸς
1176 4419 1411 4484 σκότος,
1447 4418 1589 4473 οὐδὲ
1617 4419 1928 4490 συμφώνη-

2020 1955 2140 2024 ejus
2180 1950 2488 2022 Sapientia;
2521 1948 2618 2005 sed
2664 1962 2773 2001 una
2804 1962 2870 2001 ex
2899 1945 3061 2001 rebus
3107 1942 3265 1997 factis
3313 1939 3576 1996 conditis-

2019 2062 2125 2116 que
2157 2061 2171 2097 :
2202 2044 2427 2099 abusive
2458 2048 2640 2097 autem
2677 2040 2912 2096 Verbum
2950 2037 3153 2093 dicitur
3185 2043 3240 2091 et
3279 2033 3573 2104 Sapientia,

2020 2125 2145 2193 cum
2188 2135 2364 2191 lactus
2404 2134 2520 2204 ipse
2547 2133 2622 2190 sit
2663 2148 2761 2204 per
2796 2128 3071 2202 proprium
3111 2125 3206 2181 Dei
3232 2124 3493 2189 Verbum,
3524 2132 3579 2179 et

2020 2246 2117 2302 per
2143 2245 2262 2285 eam
2294 2242 2415 2299 qua}
2458 2227 2514 2282 in
2537 2225 2648 2281 Deo
2679 2231 2784 2288 est,
2828 2221 3182 2293 Sapientiam,
3222 2219 3279 2273 in
3309 2232 3414 2287 qua
3452 2231 3577 2271 cum

2021 2328 2213 2377 caetera
2242 2319 2445 2383 omnia,
2493 2325 2606 2372 tum
2635 2332 2758 2372 eum
2792 2314 2970 2385 ipsum
2995 2311 3122 2368 fecit
3143 2310 3307 2366 Deus.
3330 2308 3577 2378 Quapro-

2021 2420 2140 2484 pter
2173 2418 2370 2466 natura
2394 2424 2493 2466 sua
2523 2408 2722 2463 mutari
2752 2416 2916 2477 atque
2948 2404 3087 2460 verti
3118 2409 3314 2473 potest,
3354 2399 3581 2472 perinde

2022 2513 2183 2576 atque
2221 2505 2405 2559 omnia
2448 2500 2810 2557 rationabilia.
2847 2497 3176 2551 Extraneum
3213 2500 3414 2558 autem,
3454 2492 3579 2547 alie-

2021 2615 2149 2652 num
2173 2605 2335 2667 atque
2359 2603 2628 2652 semotum
2662 2590 2898 2647 Verbum
2929 2594 3013 2644 est
3055 2603 3086 2642 a
3124 2585 3219 2642 Dei
3252 2583 3569 2641 substantia.

2021 2687 2404 2743 inenarrabilis
2425 2685 2588 2741 etiam
2608 2692 2691 2740 est
2715 2682 2873 2737 Pater
2901 2678 3038 2735 Filio
3061 2697 3075 2733 :
3107 2692 3232 2733 nam
3256 2691 3430 2747 neque
3452 2691 3577 2746 per-

2023 2779 2179 2846 lecte,
2211 2794 2384 2849 neque
2433 2782 2688 2832 accurate
2723 2771 2941 2828 Patrem
2986 2769 3136 2826 novit
3181 2766 3442 2829 Verbum,
3480 2781 3578 2819 ηομ

2021 2886 2126 2943 que
2160 2868 2398 2941 perfecte
2428 2870 2579 2923 illum
2614 2866 2797 2922 videre
2832 2872 3028 2935 potest.
3062 2861 3273 2917 Etenim
3314 2877 3385 2916 ne
3426 2874 3578 2915 suam

2021 2960 2239 3032 quidem
2280 2956 2644 3015 substantiam
2696 2953 2847 3008 novit
2886 2951 3090 3016 Filius,
3135 2949 3298 3006 sicuti
3336 2948 3429 3002 illa
3472 2954 3575 3002 est.

2021 3049 2249 3120 Propter
2279 3064 2380 3105 nos
2402 3048 2600 3119 quippe
2627 3045 2804 3101 factus
2834 3052 2941 3109 est,
2976 3053 3035 3097 ut
3063 3057 3161 3097 nos
3193 3042 3285 3095 illo
3313 3038 3468 3111 quasi
3500 3039 3579 3092 in.

2024 3147 2328 3197 strumcnto
2375 3145 2588 3195 crearet
2625 3134 2817 3192 Deus:
2868 3150 3043 3204 neque
3092 3132 3414 3196 exstitisset,
3470 3130 3580 3186 nisi

2025 3248 2125 3289 nos
2166 3231 2312 3288 Deus
2355 3229 2592 3285 condere
2628 3226 2909 3284 voluisset.
2950 3223 3278 3280 Sciscitante
3319 3220 3578 3292 quodam,

2025 3340 2154 3380 num
2191 3324 2414 3395 perinde
2434 3320 2634 3376 mutari
2667 3326 2852 3390 posset
2875 3318 2970 3373 Dei
2998 3315 3237 3373 Verbum
3267 3321 3431 3383 atque
3459 3311 3580 3366 dia-

2026 3417 2181 3472 bolus
2220 3421 2461 3470 mutatus
2486 3420 2606 3480 est;
2640 3426 2751 3467 non
2780 3409 2936 3466 veriti
2968 3416 3097 3466 sunt
3122 3406 3201 3461 illi
3230 3402 3579 3475 respondere,

2027 3506 2167 3562 Sane
2188 3512 2364 3577 potest
2391 3521 2404 3557 :
2439 3518 2587 3569 nam,
2620 3510 2806 3572 utpote
2835 3501 3011 3556 factus
3038 3505 3093 3556 et
3130 3500 3368 3561 creatus,
3402 3503 3583 3549 muta-

2026 3599 2150 3654 bilis
2177 3605 2261 3653 cst
2290 3604 2515 3651 naturae.

2097 3688 2186 3745 1V.
2213 3688 2339 3744 Haec
2369 3688 2601 3743 Arianos
2628 3687 2933 3757 loquentes.
2970 3684 3081 3736 haec
3111 3676 3585 3749 impudentissime

2027 3785 2376 3847 allirntantcs,
2413 3797 2514 3837 nos
2557 3796 2681 3837 cum
2723 3776 2993 3850 episcopis
3042 3772 3255 3844 [Egypti
3300 3781 3355 3825 et
3388 3770 3583 3841 Libya-

2027 3893 2146 3933 rum
2181 3891 2347 3948 prope
2383 3884 2621 3939 centum,
2658 3876 2714 3928 itt
2743 3887 2912 3928 unum
2952 3867 3150 3931 coacti,
3184 3866 3307 3921 illos
3333 3879 3458 3920 cum
3492 3878 3581 3918 se-

2025 3969 2329 4026 ctatoribus
2366 3969 2481 4024 suis
2511 3966 2858 4021 anathemate
2890 3961 3285 4034 percussimus.
3326 3957 3394 4012 At
3422 3956 3584 4012 Eusc-

2026 4064 2148 4119 bius
2165 4071 2217 4118 et
2249 4061 2383 4118 socii
2414 4059 2752 4114 admiserunt
2782 4056 2924 4121 illos,
2946 4067 3271 4125 operamque
3292 4060 3583 4113 navarunt,

2028 4161 2087 4209 ut
2113 4154 2325 4209 veritati
2374 4150 2738 4212 mendacium,
2788 4147 2974 4218 pietati
3004 4145 3334 4217 impietatem
3378 4142 3578 4197 admis-

2026 4251 2203 4300 ceant.
2237 4242 2341 4299 Sed
2367 4255 2707 4312 nequaquam
2747 4237 2802 4293 id
2837 4236 3050 4293 ellicere
3082 4236 3337 4291 valebunt
3365 4248 3379 4284 :
3414 4232 3583 4288 vincit

2027 4336 2225 4406 quippe
2256 4334 2479 4399 veritas,
2522 4332 2777 4401 nullaque
2819 4330 3042 4384 societas
3076 4327 3181 4381 luci
3222 4325 3290 4381 ad
3318 4323 3578 4386 tenebras,

2027 4427 2171 4482 nulla
2215 4424 2557 4481 consonantia
2606 4420 2805 4477 Christi
2850 4420 2918 4474 ad
2960 4418 3132 4475 Belial
3162 4418 3230 4475 ⁸ο.
3267 4417 3401 4483 Quis
3438 4414 3581 4470 enim

363 4524 463 4578 σις
500 4512 753 4581 Χριστοῦ
785 4510 933 4580 πρὸς
964 4511 1200 4578 Βελίαρ.
1237 4511 1333 4575 Τίς
1354 4510 1464 4584 γάρ
1490 4512 1687 4583 ἤκουσε
1708 4511 1922 4567 πώποτε

2031 4526 2264 4582 unquam
2310 4511 2439 4566 talia
2483 4509 2687 4565 audivit
2718 4509 2741 4562 ?
2782 4510 2906 4578 quis
2936 4511 3047 4578 jam
3080 4506 3309 4562 audiens
3336 4520 3444 4558 non
3484 4504 3582 4557 ob-

363 4601 615 4670 τοιαῦτα;
667 4603 701 4676 ἢ
746 4604 830 4668 τίς
860 4602 956 4658 νῦν
986 4602 1197 4657 ἀκούων
1231 4603 1292 4657 οὐ
1347 4603 1632 4670 ξενίζεται,
1674 4607 1768 4660 κα)⁵
1824 4605 1922 4670 τὰς

436 4716 497 4792 ’⁸ο
531 4756 595 4812 Il
618 4756 743 4814 Cor.
775 4773 850 4825 v1,
886 4757 973 4812 14.

433 4855 545 4927 (54)
586 4853 703 4927 Sic
723 4852 1381 4927 RegsSocratq'Apstog,
1415 4852 1679 4925 ’Λχιλλᾶς.
1707 4849 1911 4914 Gelas.,

367 4924 597 4998 Ἄρειος,
612 4924 718 4998 καὶ
755 4924 1049 4996 Ἀχιλλεὺς,
1077 4926 1170 4978 καὶ
1203 4924 1399 4998 Θαλῆς.

435 4991 546 5069 (55)
566 4995 632 5069 QZ
652 5010 797 5049 ποτε
818 4991 1222 5069 πρεσβύτεροι.
1250 4991 1582 5069 ιιςιοηοιειιι
1600 4991 1918 5069 dignissima

360 5061 538 5122 verba
564 5064 760 5135 desunt
786 5061 930 5135 apud
958 5061 1169 5121 Socrat.
1207 5073 1260 5121 et
1291 5065 1500 5129 Gelas.,
1530 5072 1592 5135 et,
1614 5061 1758 5133 apud
1795 5061 1921 5131 Epi-

365 5137 620 5207 phanium
646 5133 1061 5207 Scholasticum,
1082 5136 1176 5206 qui
1195 5136 1379 5207 omnia
1394 5134 1641 5207 miscuit.

436 5205 546 5279 (56)
576 5204 814 5279 Socrat.,
877 5201 1179 5279 Ἰουλιανός.
1213 5205 1336 5279 Mog
1366 5205 1524 5279 illud,
1550 5204 1604 5258 οἵ
1643 5219 1774 5257 ποτε
1805 5201 1920 5256 διά-

364 5275 529 5343 κονοι,
560 5276 757 5332 desunt
789 5276 931 5346 apud
961 5275 1175 5331 Socrat.
1207 5284 1262 5331 et
1287 5276 1467 5331 Gelas.

433 5346 555 5419 (57)
570 5345 660 5401 Sic
686 5344 843 5419 Socr_.
859 5354 913 5401 et
926 5344 1105 5419 Gelas.
1124 5346 1370 5419 At_Beg._,
1389 5346 1572 5419 minus
1589 5343 1922 5419 recte,_1}:apa

363 5414 483 5481 ταῖς
518 5416 777 5488 Γραφαίς.
806 5415 936 5488 Post
965 5415 1080 5468 ἐστι
1113 5414 1507 5488 ταῦταξϐειειε.
1544 5416 1705 5488 habet
1746 5414 1916 5488 δόγμα

375 5484 585 5561 Ἀρείου
619 5502 632 5537 :
669 5501 788 5556 quae
816 5486 987 5561 verba
1016 5500 1140 5561 cum
1171 5487 1237 5541 ad
1270 5485 1496 5561 modum
1518 5484 1690 5561 tituli,
1722 5485 1804 5539 vel
1850 5486 1917 5540 ad

366 5555 663 5627 marginem
688 5555 699 5556 ί
722 5558 924 5626 scripta
956 5555 1206 5627 fuissent,
1255 5556 1471 5627 demum
1516 5556 1571 5609 in
1605 5562 1916 5627 contextum

2027 4612 2327 4673 stupescat,
2369 4615 2639 4671 auresque
2683 4613 2791 4653 non
2817 4599 3084 4665 obstruat,
3116 4604 3173 4651 ιιι
3200 4610 3266 4652 ne
3303 4591 3577 4664 ejusmodi

2020 4852 2087 4931 τῇ
2114 4850 2205 4931 τοῦ
2246 4849 2380 4931 Θεοῦ
2414 4847 2793 4931 Σοφίαειυκιο
2820 4863 2980 4930 quem
3014 4847 3283 4931 Epipiian:
3310 4848 3581 4931 Schem-st.-

2024 4919 2122 5045 ςέο,
2145 4920 2362 5042 βιιξρεο
2387 4931 2437 4976 et
2460 4919 2717 4975 assistens
2734 4920 2787 4973 in
2801 4919 3011 4989 proprio
3038 4919 3138 4975 Dei
3164 4919 3328 4974 Verbo
3350 4930 3399 4975 et
3417 4922 3470 4975 in
3492 4921 3586 4975 Dei

2069 5006 2221 5045 amen
2250 5009 2322 5044 ta.

2069 4992 2322 5045 anieutia.

2096 5006 2450 5183 ξδίωὲὸάοκ
2502 5058 2698 5115 Leonis
2747 5057 2943 5124 Allat.,
2999 5059 3248 5133 ἀόρατος.
3312 5060 3580 5133 Epiphan.

2096 5151 2101 5182 :
2141 5132 2238 5183 οἰ..
2265 5129 2564 5183 invisibilis.

2030 5128 2238 5196 Schol},
2265 5129 2564 5184 invisibilis.

2100 5200 2210 5271 (60)
2262 5200 2504 5271 Τελείῳς
2546 5198 2697 5256 deest
2735 5198 2877 5269 apud
2910 5197 3091 5257 Gelas.
3139 5200 3260 5257 Mox
3300 5201 3442 5261 idem
3488 5201 3584 5254 καὶ

2024 5269 2132 5341 γὰρ
2158 5269 2323 5341 αὐτοῦ
2355 5269 2476 5340 τήν.

2094 5337 2207 5412 (6i)
2242 5337 2476 5412 Socrat.,
2505 5337 2593 5412 ναὶ
2617 5337 2855 5412 δύναται.
2884 5339 3092 5412 G_elas.,
3119 5342 3200 5395 ὅτι
3225 5339 3312 5412 ναὶ
3334 5338 3579 5412 δύναται.

2023 5406 2159 5492 Ibid.
2190 5406 2602 5492 codex'Leo‘nis
2640 5408 2826 5472 Altam,
2876 5406 3231 5492 οἴετρεπῆς
3261 5408 3579 5492 (Evagrio-stu;

2021 5482 2117 5535 καὶ
2167 5480 2440 5552 γεννητὸς.
2481 5478 2581 5533 Cui
2631 5490 2897 5552 consonat
2943 5477 3232 5552 Epiphan'._
3270 5477 3579 5552 Scholast.,

2021 5560 2275 5621 tanquam
2303 5548 2495 5604 natura
2522 5549 2871 5621 conpertiailis
2894 5548 3171 5614 exsistens,
3205 5550 3375 5621 factas
3408 5548 3581 5621 ‘aitmt

366 5617 628 5683 translata
659 5635 786 5681 sunt
809 5617 1087 5696 {quorum
1137 5617 1256 5696 loco
1286 5624 1628 5696 Florentinus
1675 5625 1845 5696 codex
1883 5640 1913 5679 a
2015 5632 2064 5676 et
2095 5617 2444 5696 conpertilrilis
2479 5629 2576 5674 est.
2617 5619 2717 5674 Ubi
2748 5618 2983 5696 Socrat.,
3014 5622 3107 5696 καὶ
3152 5618 3379 5696 τρεπτὸς
3396 5617 3579 5696 ῦπαρ-

366 5698 578 5753 Valesio
607 5697 854 5752 laudatus
876 5688 1071 5767 habet,
1088 5695 1211 5767 m3;
1224 5694 1505 5767 φρονοῦσιν
1545 5688 1607 5748 Ἃ
1617 5695 1835 5767 ρειανοί.

435 5766 546 5856 (58)
567 5766 804 5856 Socrati?
838 5768 933 5856 καὶ
963 5766 1122 5856 αύτὸς
1159 5765 1235 5820 δέ.
1266 5765 1461 5856 Elegea
1476 5765 1670 5856 Leqnis
1706 5765 1907 5856 Allatii,

364 5836 456 5893 καί
481 5836 640 5902 αὒτὸς
677 5838 731 5893 δὲ
759 5838 831 5893 ὢν
864 5842 918 5893 ἐν
958 5837 1032 5910 τῷ
1058 5837 1169 5907 ἰδίῳ
1203 5836 1293 5891 τοῦ
1333 5836 1464 5890 Θεοῦ
1514 5838 1688 5909 Λόγῳ,
1727 5837 1819 5890 καὶ
1853 5836 1909 5891 ὲν

2019 5708 2146 5764 χων.
2178 5689 2284 5747 Sed
2319 5693 2476 5773 longe
2513 5698 2731 5761 praestat
2765 5690 2917 5760 Regii
2943 5691 3062 5746 cod.
3088 5698 3139 5745 et
3169 5688 3366 5744 Gclasii
3394 5688 3577 5757 lectio,

2018 5777 2175 5832 quam
2206 5776 2502 5833 sequimur.

2090 5833 2196 5903 (62)
2232 5828 2421 5889 θύοι-οι
2452 5871 2465 5897 ,
2492 5828 2909 5895 συγκαταμίξαι.
