4088 6284
485 387 591 444 575

1515 445 1518 448 .
1614 389 1671 444 S.
1708 390 2105 448 ALEXAND!!!
2143 392 2603 452 ALEXANDRINI

3601 406 3720 464 570

481 497 774 555 verborum
821 493 1010 552 sordes
1057 509 1221 553 aures
1247 495 1400 556 “suas
1446 498 1855 556 contaminent?
1903 500 2023 569 Qui:

2138 505 2307 573 ἀκοὰς
2337 507 2472 578 βύει,
2504 507 2644 580 ὑπὲρ
2673 508 2766 563 τοῦ
2792 509 2986 588 μὴ-τὸν
3020 477 3190 585 ῥύπον
3229 515 3433 572 τούτων
3472 520 3580 576 τῶν
3608 525 3714 596 ρη-

480 591 598 645 haac
629 586 856 644 Joannis
883 587 1112 645 audiens
1151 607 1166 645 :
1197 587 1263 644 In
1291 590 1548 661 principio
1575 601 1690 645 erat
1733 592 1956 648 Verbum
1970 595 2038 662 “,

2145 601 2326 671 μάτων
2370 600 2574 671 ψαῦσαι
2609 603 2708 675 τῆς
2738 603 2926 676 ἀκοῆς
2966 605 3062 671 Τίς
3092 607 3304 665 ἀκούων
3346 612 3588 669 Ἰωάννου
3616 616 3716 672 λέ·-

479 680 724 736 homines
743 692 854 733 non
880 680 1226 746 condemnet,
1256 680 1350 752 qui
1372 680 1523 739 aiunt
1549 698 1563 736 :
1597 679 1724 738 Fuit
1749 683 2023 755 aliquandi

2139 708 2348 760 γοντος,
2410 695 2512 749 Ἐν
2552 694 2708 765 ἀρχῇ
2751 692 2831 768 ἦν
2877 701 2910 752 ὁ
2946 699 3156 770 Λόγος,
3201 703 3264 755 οὐ
3307 706 3712 775 καταγινώσκειν

476 787 601 827 eum
631 787 740 826 non
765 772 954 828 esset?
987 771 1122 839 Quis
1156 774 1202 830 si
1253 773 1368 828 hac
1411 773 1691 847 Evangelii
1736 777 1901 833 verba
1943 795 2038 836 au-

474 865 591 920 diat
622 881 635 917 :
678 864 989 937 Unigenitus
1025 868 1230 934 Filius;
1259 877 1315 926 et
1343 870 1484 926 :Per
1529 872 1699 940 ipsum
1736 872 1882 942 facta
1917 885 2038 930 sunt

473 958 739 1025 omnia“,
763 959 887 1016 illos
921 975 1030 1016 non
1075 969 1356 1018 aversetur
1401 963 1515 1020 haec
1561 965 1885 1037 loquentes:
1920 967 2037 1024 Una

473 1052 564 1107 ille
587 1058 672 1108 est
698 1066 762 1106 ex
792 1053 958 1109 rebus
991 1053 1182 1110 factis?
1210 1053 1344 1110 Nam
1370 1057 1465 1126 qui
1507 1065 1688 1128 potest
1714 1076 1820 1115 una
1853 1077 1918 1116 ex
1950 1079 2038 1118 re-

469 1142 573 1199 bus
602 1158 633 1198 a
682 1159 742 1199 se
774 1143 930 1199 factis
969 1159 1112 1210 esse,
1159 1153 1253 1200 aut
1293 1149 1385 1218 qui
1417 1149 1730 1221 unigenitus
1764 1153 1887 1217 erit,
1918 1155 2034 1224 qui,

469 1245 530 1292 ut
562 1238 716 1294 aiunt
746 1239 843 1303 illi,
876 1241 1129 1299 omnibus
1177 1253 1588 1310 annumeratur,
1639 1250 1685 1304 si
1719 1251 1936 1320 quidem
1982 1263 2036 1308 et

468 1328 560 1385 ille
599 1345 687 1386 res
735 1340 818 1385 est
860 1329 1005 1386 facta
1040 1340 1204 1403 atque
1237 1337 1456 1390 creata?
1491 1336 1775 1403 Quomodo
1821 1357 1888 1397 ex
1924 1358 2032 1398 non

466 1422 808 1478 exstantibus
871 1424 1048 1482 factus
1096 1427 1188 1483 ille
1242 1427 1427 1494 fuerit,
1486 1447 1610 1487 cum
1657 1431 1820 1490 Pater
1868 1436 2031 1500 dicat,

468 1514 742 1570 Eructavit
768 1534 858 1571 cor
887 1535 1059 1573 meum
1101 1520 1324 1576 Verbum
1353 1522 1541 1580 bonum
1569 1527 1644 1592 ‘3;
1675 1537 1747 1595 et,
1779 1527 1862 1582 Ea:
1887 1540 2032 1586 utero

467 1614 586 1659 ante
618 1606 921 1676 Luciferum
951 1613 1106 1681 genui
1127 1622 1174 1666 te
1191 1613 1277 1670 “ii
1313 1615 1420 1670 Aut
1453 1620 1725 1687 quomodo
1767 1620 2032 1678 absimilis

467 1699 788 1753 substantiae
834 1699 1014 1757 Patris
1063 1702 1254 1770 fuerit,
1300 1707 1529 1778 qui_est
1574 1712 1752 1782 imago
1794 1715 2029 1784 perfecta

466 1787 833 1860 splendorque
866 1789 1065 1858 Patris,
1093 1797 1294 1865 quique
1335 1796 1448 1852 ait:
1494 1798 1598 1863 Qui
1626 1802 1757 1855 vidit
1778 1820 1877 1868 me,
1901 1805 2031 1859 vidit

2137 784 2338 840 τούτων
2359 787 2641 856 λεγόντων,
2666 783 2774 865 ’Ἦν
2802 807 2930 845 ποτε
2953 792 3040 846 ὅτε
3068 794 3168 848 οὐκ
3187 791 3275 868 ἦν;
3305 798 3479 864 Ἦ.τίς
3492 801 3714 858 ἀκούων

2138 877 2196 930 ὲν
2219 877 2292 948 τῷ
2320 878 2652 953 Εὑαγγελίῳ,
2683 880 3029 955 Μονογενὴς
3073 887 3224 956 Υἱός,
3260 889 3373 956 καὶ,
3409 894 3490 946 Δι’
3517 897 3713 952 αὐτοῦ

2135 968 2368 1038 ἐγένετο
2419 973 2632 1038 πάντα,
2682 975 2743 1028 ού
2780 978 3003 1049 μισήσει
3041 979 3262 1045 τούτους
3301 983 3712 1058 φθεγγομένους

2135 1061 2238 1127 ὅτι,
2271 1057 2365 1127 Εἷς
2387 1065 2532 1119 ἐστιν
2555 1066 2660 1123 τῶν
2683 1071 2999 1142 ποιημάτων
3021 1072 3164 1144 (65);
3197 1075 3322 1140 Πῶς
3348 1078 3456 1153 γὰρ
3481 1057 3711 1136 δύναται

2135 1147 2215 1217 εἷς
2247 1149 2384 1210 εἶναι
2410 1157 2517 1212 τῶν
2546 1159 2612 1212 δι’
2639 1161 2800 1216 αὐτοῦ
2839 1164 3162 1235 γενομένων,
3190 1167 3224 1239 ἢ
3408 1147 3705 1247 μονογενὴς

2134 1247 2162 1298 6
2212 1247 2323 1310 τοῖς
2364 1249 2495 1302 πᾶσι
2524 1251 2642 1302 κατ’
2686 1251 2928 1316 ἐκείνους
2978 1257 3493 1330 συναριθμούμενος,
3542 1261 3705 1335 εἴπερ

2136 1337 2227 1390 καὶ¹
2259 1338 2419 1402 αὐτὸς
2452 1340 2658 1412 κτίσμα
2707 1343 2824 1396 ἐστὶ
2869 1346 2962 1399 καὶ
3004 1347 3212 1418 ποίημα
3230 1349 3378 1420 (64);
3410 1352 3532 1417 Πῶς
3557 1353 3612 1407 δὲ
3641 1355 3704 1420 ἐξ

2132 1430 2231 1482 οὐκ
2249 1429 2415 1484 ὄντων
2444 1431 2509 1485 ἂν
2528 1432 2634 1505 εἴη,
2657 1433 2750 1487 τοῦ
2776 1436 2986 1506 Πατρδς
3005 1437 3270 1506 λέγοντος·
3307 1442 3700 1511 Ἐξηρεύξατο

2134 1521 2173 1588 ἡ
2197 1521 2409 1590 καρδία
2429 1540 2547 1592 μου
2567 1526 2758 1594 Λόγον
2783 1526 3023 1597 ἀγαθόν·
3054 1529 3164 1583 καί·
3184 1531 3283 1585 Ἐκ
3314 1533 3566 1603 γαστρὸς
3584 1535 3701 1605 πρὸ

2144 1609 2484 1681 Ἑωσφόρου
2545 1613 2844 1685 ἐγέννησά
2899 1634 3007 1682 σε;
3041 1621 3111 1672 Ἣ
3165 1621 3282 1686 πῶς
3329 1624 3577 1695 ἀνόμοιος
3630 1630 3700 1699 τῇ

2131 1703 2286 1775 οὐσίᾳ
2310 1704 2403 1758 τοῦ
2435 1707 2662 1778 Πατρδς,
2688 1711 2716 1762 6
2738 1707 2812 1762 ὢν
2844 1711 3003 1765 εἰκὼν
3028 1713 3206 1768 τελεία
3243 1718 3337 1770 καὶ
3362 1717 3702 1791 ἀπαύγασμα

2131 1795 2223 1848 τοῦ
2266 1797 2497 1867 Πατρδς,
2532 1801 2629 1854 καὶ
2664 1801 2854 1871 λέγων·
2918 1806 2982 1858 '0
3007 1806 3276 1876 ἑωρακὼς
3322 1807 3446 1878 ἐμὲ,
3477 1809 3699 1879 ἑώρακε

462 1885 515 1930 et
547 1876 761 1932 Patrem
783 1880 876 1936 ‘5?
920 1880 1038 1948 Quo
1074 1892 1233 1954 pacto
1266 1887 1312 1942 si
1356 1886 1594 1944 Verbum
1641 1908 1735 1948 seu
1776 1892 1939 1953 Ratio
1979 1909 2023 1952 el

2130 1888 2236 1942 τὸν
2283 1888 2532 1957 Hart-ipa;
2581 1891 2705 1954 Πῶς
2753 1892 2809 1946 δὲ
2855 1895 2903 1947 εί
2943 1896 3112 1964 Λόγος
3140 1897 3233 1951 καὶ
3262 1876 3428 1967 Σοερία
3456 1876 3572 1954 ἐστί⁹
3601 1901 3695 1954 τοῦ

467 1969 744 2041 Sapientia
762 1973 856 2030 Dei
883 1974 1054 2034 Filius
1072 1987 1176 2044 est,
1200 1979 1300 2035 fuit
1329 1991 1543 2055 tempus
1571 2001 1695 2041 eum
1721 2003 1831 2043 non
1861 1993 2030 2046 esset?

462 2061 696 2118 Perinde
733 2072 816 2119 est
861 2068 1006 2121 enim
1038 2085 1100 2124 ac
1135 2072 1181 2125 si
1210 2073 1452 2130 dicerent
1484 2097 1497 2131 :
1525 2076 1693 2134 Deum
1737 2080 2028 2152 aliquando

462 2151 692 2210 [latione
711 2164 765 2211 et
792 2155 1065 2227 Sapientia
1096 2164 1358 2219 caruisse.
1392 2164 1494 2232 Qui
1527 2169 1654 2224 item
1679 2151 2028 2225 vertimutav

455 2245 572 2301 rive
598 2254 794 2317 potest,
827 2251 919 2318 qui
942 2251 1017 2305 ait
1043 2267 1139 2321 per
1164 2269 1222 2310 se
1253 2257 1468 2325 quidem
1496 2260 1611 2330 ipse
1641 2278 1654 2315 :
1691 2260 1800 2333 Ego
1829 2264 1884 2318 in
1915 2264 2016 2318 Pa-

459 2343 558 2402 tre,
592 2347 642 2390 et
678 2337 842 2392 Pater
866 2341 918 2392 in
950 2359 1030 2395 me
1065 2345 1147 2407 ⁸⁶;
1186 2354 1258 2411 et,
1302 2345 1414 2418 Ego
1447 2360 1496 2403 et
1533 2351 1696 2406 Pater
1734 2371 1894 2409 unum
1937 2373 2026 2410 su-

459 2445 576 2482 mus
598 2429 642 2461 ‘7
668 2447 686 2484 :
718 2447 814 2502 per
858 2435 1176 2502 prophetam
1214 2454 1344 2493 vero
1375 2458 1386 2492 :
1433 2441 1609 2498 Videte
1638 2463 1737 2512 me,
1779 2449 1901 2516 quia
1933 2466 2023 2520 ego

456 2537 592 2586 sum,
617 2530 666 2576 et
714 2541 816 2578 non
849 2537 1020 2580 mutor
1040 2528 1126 2584 ‘3?
1151 2528 1283 2584 Nam
1320 2533 1533 2591 etiamsi
1580 2538 1647 2592 ad
1693 2538 1904 2595 Patrem
1943 2542 2025 2594 di-

459 2620 606 2667 ctum
659 2613 791 2670 illud
847 2617 1036 2672 referri
1093 2631 1274 2691 queat,
1312 2625 1491 2694 aptius
1543 2635 1723 2684 tamen
1771 2631 1838 2686 de
1886 2631 2024 2686 Filio

451 2704 565 2773 jam
589 2703 811 2771 dicitur,
840 2710 966 2778 quia
998 2726 1120 2765 cum
1155 2713 1332 2770 factus
1365 2717 1526 2772 homo
1561 2721 1651 2780 sit,
1684 2735 2022 2792 nequaquam

458 2802 702 2851 mutatus
735 2807 851 2867 est;
895 2802 1010 2863 sed.
1053 2812 1111 2856 ut
1153 2806 1226 2858 ait
1255 2805 1548 2877 Apostolus
1566 2814 1649 2864 ":
1684 2811 1839 2868 Jesus
1871 2815 2023 2870 Chri-

456 2897 572 2942 stus
611 2889 720 2944 heri
763 2901 811 2945 et
843 2894 1014 2959 hodie,
1049 2897 1156 2962 ipse
1197 2907 1247 2952 et
1286 2900 1338 2953 in
1369 2902 1588 2959 smcula.
1637 2903 1769 2970 Quis
1814 2905 2024 2962 induxit

457 2975 581 3033 illos
603 2987 660 3033 ut
675 2980 940 3047 dicerent,
970 2996 1192 3055 propter
1213 3004 1314 3043 nos
1342 2990 1491 3045 illum
1514 2992 1715 3047 factum
1736 3012 1874 3061 esse,
1899 2999 2024 3054 licet

457 3067 661 3128 Paulus
692 3072 840 3128 dicat
861 3076 905 3108 '°
944 3096 957 3132 :
991 3077 1214 3150 Propter
1253 3099 1403 3150 quem
1449 3087 1646 3154 omnia,
1675 3098 1724 3142 et
1754 3106 1845 3159 per
1873 3107 2022 3160 quem

456 3163 676 3219 omnia?

2127 1978 2260 2031 Θεοῦ
2307 1982 2335 2033 6
2391 1973 2626 2050 Υίὺς,ἦν
2647 1999 2778 2036 ποτε
2825 1985 2914 2038 ὅτε
2946 1987 3044 2039 οὐκ
3093 1984 3188 2060 ἦν;
3234 1985 3381 2043 Ἶσον
3412 1992 3519 2062 γάρ
3548 1993 3698 2046 ἐστιν

2127 2074 2323 2136 αὐτοὺς
2351 2072 2526 2143 λέγειν
2551 2075 2739 2145 ἄλογον
2764 2079 2854 2130 καὶ
2877 2079 3074 2147 ἄσοφόν
3103 2099 3224 2135 ποτε
3254 2083 3345 2135 τὸν
3379 2083 3509 2138 Θεὸν
3529 2102 3542 2115 ·
3577 2085 3696 2150 πῶς

2127 2163 2184 2216 δὲ
2218 2164 2446 2236 τρεπτὺς
2503 2166 2594 2219 καί¹
2642 2168 2926 2232 ἀλλοιωτὸς
2962 2171 2990 2222 6
3022 2171 3212 2240 λέγων,
3253 2172 3322 2224 δι’
3353 2174 3542 2227 ἑαυτοῦ
3568 2176 3689 2246 μὲν,

2140 2253 2284 2324 Ἐγὼ
2308 2254 2377 2308 ἐν
2404 2255 2482 2320 τῷ
2503 2258 2703 2327 Πατρὶ,
2730 2260 2826 2314 καὶ
2853 2264 2886 2314 ὁ
2907 2261 3105 2331 Πατὴρ
3129 2263 3198 2316 ἐν
3218 2265 3364 2334 ἐμοι·
3413 2267 3521 2320 καί·
3543 2264 3696 2338 Ἐγὼ

2128 2349 2222 2402 καί
2258 2353 2290 2403 ό
2314 2350 2514 2419 Πατὴρ
2535 2353 2604 2406 ἐν
2626 2353 2828 2423 ἐσμεν·
2853 2354 2941 2408 διὰ
2966 2356 3022 2409 δὲ
3053 2355 3146 2409 τοῦ
3185 2359 3484 2430 προφήτου·
3513 2361 3691 2415 Ἵδετέ

2120 2455 2217 2508 με,
2256 2439 2344 2492 ὅτι
2390 2441 2503 2511 ἐγώ
2544 2445 2680 2513 ειμι,
2713 2444 2811 2498 καὶ
2836 2447 2947 2499 οὐκ
2976 2446 3327 2516 ntidamai;
3357 2449 3420 2501 Ei
3459 2449 3566 2520 γὰρ
3598 2451 3692 2505 καὶ

2126 2535 2213 2588 ἐπ’
2254 2535 2412 2588 αὐτόν
2438 2553 2522 2598 τις
2567 2536 2658 2588 τὸν
2686 2537 2901 2609 Πατέρα
2925 2537 3143 2593 δύναται
3166 2539 3225 2591 τὸ
3277 2540 3437 2610 ῥητὸν
3488 2543 3692 2613 ἀναφέ-

2127 2640 2260 2697 ρειν·
2304 2623 2439 2678 ἀλλὰ
2469 2625 2866 2697 ἁρμοδιώτερον
2909 2626 2974 2681 ἂν
3005 2629 3088 2698 εἴη
3115 2630 3243 2700 περὶ
3271 2628 3363 2682 τοῦ
3397 2631 3568 2699 Λόγου
3599 2631 3694 2685 νῦν

2125 2717 2430 2788 λεγόμενον,
2461 2719 2541 2771 ὅτι
2577 2719 2670 2771 καὶ
2703 2720 2993 2789 γενόμενος
3034 2721 3320 2794 ἄνθρωπος
3344 2726 3443 2777 οὑκ
3469 2723 3694 2793 ἠλλοίω-

2123 2829 2233 2866 ται·
2268 2811 2381 2864 ἀλλ’
2417 2811 2492 2874 ὡς
2524 2807 2674 2864 εἶπεν
2704 2815 2731 2865 6
2771 2812 3093 2875 Ἀπόστολος
3166 2815 3403 2882 Ἰησοῦς
3439 2816 3693 2884 Χριστὸς

2125 2903 2266 2973 χθὲς
2295 2906 2392 2957 καὶ
2425 2903 2708 2972 σήμερον,
2740 2907 2772 2958 ὁ
2803 2905 2985 2972 αὐτὸς
3023 2905 3120 2959 καὶ
3164 2908 3252 2972 εὶς
3284 2907 3424 2974 τοὺς
3451 2907 3686 2974 αἰῶ-νας·

2123 2995 2207 3060 τίς
2233 2996 2288 3048 δὲ
2319 2996 2428 3068 (65)
2460 2997 2564 3067 ἄρα
2615 2999 2787 3050 εἰπεῖν
2817 2997 3008 3060 αὐτοὺς
3043 2996 3279 3063 ἔπεισεν,
3306 2999 3388 3051 ὅτι
3433 2998 3500 3052 δι’
3540 3001 3691 3071 ἡμᾶς

2123 3088 2336 3156 γέγονε,
2385 3087 2559 3141 καίτοι
2599 3088 2693 3142 τοῦ
2737 3088 2946 3141 Παύλου
2993 3089 3313 3160 γράφοντος·
3370 3091 3449 3145 Δι’
3491 3090 3563 3146 ὃν
3617 3091 3686 3146 τὰ

2124 3179 2338 3246 πάντα,
2373 3181 2468 3234 καὶ
2500 3181 2574 3235 δι’
2596 3179 2666 3238 οὗ
2705 3183 2776 3236 τὰ
2816 3182 3041 3248 πάντα;

526 3253 591 3310 V.
626 3254 784 3322 Quod
837 3269 1048 3329 spectat
1087 3271 1268 3318 autem
1323 3266 1470 3321 illam
1521 3285 1713 3325 eorum
1762 3272 2014 3346 blaSplIe~

2193 3273 2250 3326 V.
2301 3275 2437 3347 Περὶ
2489 3273 2598 3346 γὰρ
2637 3274 2729 3328 τοῦ
2761 3275 3118 3348 βλασφημεῖν,
3165 3278 3245 3330 ὅτι
3269 3278 3368 3330 οὐκ
3407 3275 3547 3332 οἶδεν
3587 3296 3676 3332 τε·

451 3344 618 3398 miam
659 3362 766 3417 qua
803 3349 980 3415 aiunt,
1035 3351 1229 3407 Filium
1263 3369 1371 3409 non
1428 3373 1593 3415 nosse
1649 3344 2018 3434 perfectePa-

451 3440 617 3504 trem;
673 3452 1013 3508 nequaquam
1061 3441 1369 3499 mirandum
1404 3462 1569 3501 :cum
1611 3451 1756 3504 enim
1812 3451 1868 3506 in
1899 3455 2018 3506 ani-

452 3541 600 3580 mum
629 3528 942 3585 induxerint
972 3531 1190 3589 Christo
1219 3535 1418 3591 bellum
1449 3537 1671 3606 inferre,
1705 3555 2019 3613 oppugnant

453 3617 582 3672 item
601 3618 717 3674 haec
744 3621 888 3678 illius
916 3625 1078 3679 verba
1114 3641 1127 3678 :
1159 3625 1312 3680 Sicut
1345 3632 1484 3684 novit
1525 3648 1604 3686 me
1635 3632 1818 3700 Pater,
1842 3647 1892 3690 et
1925 3653 2015 3706 ego

452 3725 675 3776 agnosco
706 3711 924 3768 Patrem
951 3717 1020 3771 δι.
1048 3715 1281 3774 Proinde
1311 3720 1357 3775 si
1395 3736 1460 3776 ex
1496 3732 1650 3792 parte
1694 3734 1899 3780 tantum
1929 3725 2017 3782 Fi-

452 3801 584 3856 lium
621 3806 771 3859 novit
801 3805 980 3874 Pater,
1027 3818 1247 3866 constat
1279 3810 1477 3867 Filium
1512 3831 1620 3869 non
1655 3817 1892 3886 perfecte
1921 3834 2015 3874 co-

451 3911 715 3966 gnoscere
743 3895 978 3955 Patrem.
1007 3901 1162 3967 Quod
1208 3905 1253 3959 si
1288 3906 1440 3962 nefas
1467 3907 1536 3962 sit
1567 3909 1639 3962 ita
1687 3910 1854 3981 loqui,
1888 3921 1942 3966 et
1968 3913 2015 3967 si

451 3986 610 4044 Pater
639 3988 875 4058 perfecte
924 3993 1074 4046 novit
1103 3993 1329 4065 Filium;
1363 4000 1584 4068 planum
1617 4009 1701 4058 est
1741 4004 1883 4059 sicut
1913 4003 2015 4058 Pa-

450 4087 535 4133 ter
581 4079 816 4136 Verbum
863 4086 1012 4138 novit
1069 4101 1250 4152 suum,
1303 4091 1527 4158 perinde
1556 4092 1814 4162 Verbum,
1854 4112 2013 4153 suum

451 4183 614 4224 nosse
633 4167 869 4236 Patrem,
896 4174 1052 4242 cujus
1083 4176 1258 4243 ipsum
1287 4177 1522 4235 Verbum
1552 4193 1654 4240 est.

521 4257 608 4312 Vl.
647 4259 772 4315 Haec
808 4263 1062 4328 dicendo,
1103 4274 1266 4337 atque
1312 4270 1524 4328 divinas
1559 4272 1874 4348 Scripluras
1917 4297 2013 4336 ex-

450 4352 754 4420 planando,
815 4369 1186 4424 smpenumero
1239 4357 1361 4414 illos
1410 4365 1759 4423 convicimus.
1810 4371 2010 4426 Verum

450 4445 724 4516 illi,quasi
755 4447 1195 4516 ehamzeleontes,
1228 4461 1434 4508 mutata
1461 4457 1688 4515 subinde
1718 4467 2006 4533 sententia,

449 4537 654 4594 dictum
686 4541 818 4595 illud
852 4541 953 4597 sibi
1003 4542 1281 4598 vindicare
1335 4547 1583 4604 nituntur
1613 4571 1626 4606 :
1663 4554 1862 4624 Impius
1892 4576 2008 4613 cum

2121 3361 2278 3425 λείως
2307 3365 2337 3415 6
2379 3361 2504 3428 Υἱὸς
2550 3365 2641 3418 τὸν
2685 3366 2922 3438 Πατέρα,
2970 3367 3030 3419 οὐ
3051 3367 3128 3420 δεῖ
3169 3367 3483 3438 θαυμάζειν·
3531 3370 3681 3435 ἅπαξ

2120 3454 2228 3525 γὰρ
2253 3455 2571 3528 προθέμενοι
2588 3461 2989 3530 χριστομαχεῖν,
3015 3459 3444 3531 παρακρούονται
3470 3463 3560 3516 καὶ
3581 3462 3680 3526 τὰς

2121 3546 2300 3615 φωνὰς
2320 3546 2482 3600 αὐτοῦ
2501 3547 2763 3617 λέγοντος·
2789 3550 2989 3617 Καθὼς
3012 3550 3281 3620 γινώσκει
3292 3570 3369 3621 με
3393 3557 3425 3608 d
3455 3554 3680 3622 Πατὴρ,

2121 3638 2281 3709 κάγὼ
2311 3639 2578 3711 γινώσκω
2602 3641 2710 3696 τὸν
2733 3643 2977 3710 Πατέρα.
3011 3645 3072 3697 Εἰ
3109 3645 3205 3716 μὲν
3227 3641 3317 3699 οὖν
3337 3648 3402 3700 ὲκ
3435 3647 3630 3718 μέρους
3651 3651 3684 3702 6

2121 3732 2309 3805 Πατὴρ
2353 3733 2606 3802 γινώσκει
2649 3734 2740 3787 τὸν
2786 3733 2930 3799 Υἱὸν,
2969 3736 3122 3806 δῆλον
3154 3739 3234 3790 ὅτι
3267 3740 3411 3792 καὶὸ
3447 3739 3572 3804 Υἱὸς
3606 3739 3681 3810 μὴ

2118 3823 2334 3888 τελείως
2354 3826 2664 3894 γινωσκέτω
2683 3824 2791 3896 (66)
2807 3826 2897 3878 τὸν
2914 3828 3148 3901 Πατέρα.
3173 3831 3233 3883 Εἰ
3249 3830 3304 3883 δὲ
3327 3830 3484 3884 τοῦτο
3507 3830 3678 3900 λέγειν

2118 3917 2177 3968 οὐ
2213 3916 2388 3988 θέμις,
2433 3915 2540 3972 οἶδε
2587 3919 2643 3972 δὲ
2679 3918 2897 3983 τελείως
2921 3921 2949 3972 6
2989 3921 3176 3992 Πατὴρ
3208 3923 3297 3976 τὸν
3331 3924 3478 3988 Υίὸν,
3521 3924 3676 3995 δῆλον

2117 4007 2197 4060 ὅτι
2221 4007 2402 4073 καθὼς
2425 4009 2678 4079 γινώσκει
2701 4015 2729 4066 ὁ
2758 4014 2945 4084 Πατὴρ
2963 4013 3053 4066 τὸν
3078 4014 3264 4068 ἑαυτοῦ
3289 4016 3480 4085 Λόγον,
3509 4017 3676 4083 οὕτως

2120 4099 2213 4153 καὶ
2240 4101 2269 4153 ὁ
2295 4101 2464 4172 Λόγος
2486 4102 2741 4171 γινώσκει
2767 4103 2856 4159 τὸν
2878 4105 3070 4159 ἑαυτοῦ
3099 4107 3336 4178 Πατέρα,
3367 4101 3428 4162 οὗ
3453 4109 3544 4162 καί
3563 4109 3684 4163 ἐστι

2117 4192 2304 4262 Λόγος.

2189 4283 2275 4338 Vl.
2312 4283 2493 4338 Ταῦτα
2515 4284 2764 4354 λέγοντες
2792 4287 2884 4340 καὶ
2912 4286 3346 4351 ἀναπτύσσοντες
3386 4289 3487 4354 τὰς
3526 4291 3670 4356 θείας

2116 4374 2338 4446 Γραφὰς
2365 4375 2622 4439 πολλάκις
2645 4377 3004 4448 ἐνετρέψαμεν
3035 4375 3245 4439 αύτούς.
3280 4379 3388 4431 Καὶ
3414 4379 3574 4432 πάλιν
3599 4380 3673 4440 ὡς

2117 4468 2499 4538 χαμαιλέοντες
2555 4471 2928 4540 μετεϐάλοντο,
2981 4469 3403 4540 φιλονεικοῦντες
3453 4472 3677 4533 ἑαυτοὺς

2115 4561 2407 4631 ὲφελκύσαι
2433 4562 2492 4615 τὸ
2521 4563 2918 4635 γεγραμμένον·
2979 4563 3098 4615 ”Οτ’
3153 4560 3228 4614 ἂν
3259 4563 3405 4630 ἔλθῃ
3449 4563 3667 4631 ἀσεϐὴς

450 4630 502 4682 in
559 4633 876 4702 profundum
932 4636 1158 4703 venerit,
1208 4642 1580 4698 contemnit“.
1638 4649 1820 4704 Multa:
1875 4668 2007 4709 sane

2126 4630 2194 4718 Ilg
2217 4650 2406 4718 ,ϐάθος
2435 4652 2652 4719 κακῶν,
2684 4651 3049 4722 καταφρονεῖ,
3082 4651 3274 4704 Πολλαὶ
3289 4652 3417 4720 γοῦν
3435 4653 3675 4722 αἱρέσεις

449 4729 574 4777 ante
603 4724 724 4779 illos
754 4727 1012 4783 exstitere
1062 4730 1318 4797 haereses,
1352 4749 1490 4803 quae,
1527 4738 1648 4807 plus
1699 4756 1861 4810 quam
1909 4760 2008 4814 par

2126 4741 2213 4812 τρὸ
2281 4742 2456 4795 αὐτῶν
2500 4743 2802 4812 γεγόνασιν,
2839 4744 3038 4805 αἵτινες
3091 4741 3249 4796 πλέον
3310 4741 3403 4794 τοῦ
3465 4742 3671 4804 δέοντος

448 4821 588 4877 erat,
625 4829 789 4884 ausae,
823 4818 876 4871 in
910 4821 1236 4878 dementiam
1265 4825 1519 4895 collapsa:
1555 4840 1700 4884 sunt.
1732 4831 1799 4885 At
1829 4834 1883 4888 hi
1912 4835 2006 4905 qui

2126 4836 2461 4907 τολμήσασαι,
2491 4836 2839 4890 πεπτώκασιν
2863 4839 2940 4898 είς
2963 4834 3290 4906 ἀφροσύνην.
3324 4827 3480 4887 Οὗτοι
3506 4831 3561 4885 δὲ
3583 4832 3664 4884 διὰ

448 4905 657 4961 voeulis
689 4909 804 4965 suis
835 4914 1090 4972 omnibus
1142 4917 1194 4970 id
1227 4919 1546 4985 moliuntur,
1584 4931 1642 4976 ut
1674 4921 1834 4979 Verbi
1869 4927 2007 4982 divi-

2109 4929 2326 4982 πάντων
2374 4926 2581 4980 ἑαυτῶν
2633 4927 2740 4980 τῶν
2789 4927 3069 4998 ῥηματίων
3111 4925 3556 4995 ἐπιχειρήσαντες
3589 4923 3670 4978 εἰς

450 4997 671 5054 nitatem
712 5003 927 5071 tollant,
961 5007 1015 5062 id
1046 5009 1292 5076 eﬂ‘eccre,
1327 5019 1386 5066 ut
1414 5014 1816 5082 quodammodo
1844 5019 2006 5090 justa:

2126 5021 2391 5091 ἱιναίρησιν
2425 5019 2542 5091 (67)
2575 5020 2672 5090 τῆς
2692 5019 2786 5072 τοῦ
2819 5018 2993 5086 Λόγου
3043 5016 3311 5086 θεότητος,
3347 5013 3670 5068 ἐδικαίωσαν

450 5089 762 5147 viderentur
794 5094 918 5164 illae,
951 5115 1073 5154 cum
1106 5104 1329 5173 propius
1363 5103 1468 5175 ipsi
1508 5107 1574 5162 ad
1604 5089 2001 5169 Antichristum

2126 5116 2165 5180 ;ξ
2181 5089 2386 5168 ἑαυτῶν
2406 5089 2719 5178 ὲκείναςίώς
2748 5111 3029 5182 ἐγγύτεροι
3058 5109 3149 5163 τοῦ
3183 5106 3548 5179 Ἀντιχρίστου
3576 5121 3658 5174 γει

567 5249 609 5281 “
635 5250 796 5306 Joan.
833 5269 872 5317 I,
911 5255 962 5310 1.

529 5319 658 5406 ξρίιί.
694 5324 777 5378 10.
883 5325 926 5406 ‘_7
956 5324 1118 5383 Joan.
1149 5345 1215 5394 x,
1246 5332 1335 5387 50.
1357 5317 1369 5331 ’
1439 5317 1763 5394 ’θἰηιιίιισίιῗ

448 5387 496 5419 ⁸³
519 5389 678 5447 Prov.
709 5409 865 5458 xvm,
890 5395 942 5448 5.

670 5531 883 5608 §ocrat.
911 5542 1046 5608 post
1075 5538 1392 5608 ποιημάτων
1422 5539 1583 5596 habet
1613 5545 1641 5596 6
1678 5543 1824 5606 Υἱός.
1855 5543 2000 5599 Idem

451 5599 748 5671 ίίιὶιί.,’πῶς
781 5604 837 5657 δὲ
863 5599 1081 5660 δύναται
1111 5599 1226 5671 ἶσος
1260 5605 1417 5670 εἶναι,
1449 5611 1628 5667 minus
1662 5599 1826 5669 recte.

522 5670 637 5754 (64)
663 5671 806 5754 Ilaec,
827 5677 980 5747 εἴπερ
1003 5679 1094 5754 κα).
1116 5670 1275 5754 αὐτὸς
1300 5679 1506 5754 κτίσμα
1522 5682 1636 5734 ἐστὶ
1652 5684 1746 5754 καὶ
1768 5683 1993 5754 ποίημα,

451 5740 645 5822 desunt
693 5743 745 5822 i_n
774 5740 1010 5812 Soerai.,
1048 5747 1225 5805 Gelas.
1257 5740 1316 5805 et
1361 5740 1622 5820 Epiphan.
1656 5740 1992 5822 Schol.,"sed

452 5807 508 5861 in
536 5805 664 5881 Reg.
685 5811 965 5880 leguntur.

1057 5257 1102 5288 "
1129 5256 1288 5317 Joan.
1317 5276 1369 5331 l,
1411 5262 1498 5327 18,
1527 5261 1585 5321 5.
1668 5269 1714 5302 ⁸³
1742 5269 1892 5326 Psal.
1929 5289 2078 5333 ιιι-ιν,
2109 5274 2159 5328 1.
2267 5274 2313 5306 ⁸⁸
2343 5273 2497 5328 Psal.

1057 5345 1118 5383 ιη.
1149 5345 1215 5394 x,
1246 5332 1335 5387 50.
1439 5342 1484 5367 ὀ
1515 5338 1750 5394 ιηιιίιισίι.
1790 5358 1873 5400 III,
1905 5344 1956 5398 6.
2066 5345 2108 5377 ⁸⁵³
2145 5344 2306 5399 Hebr.
2341 5361 2459 5400 χιιι.
2493 5345 2527 5400 8

3201 5268 3248 5301 ’⁵⁸
3277 5269 3437 5325 Joan.
3463 5283 3575 5330 xtv,
3609 5266 3661 5322 9.

2267 5274 2313 5306 “
2343 5273 2497 5328 Psal.
2529 5289 2650 5340 εις,
2690 5271 2755 5338 3;
2791 5272 2948 5328 Hebr.
2973 5286 3012 5336 I,
3038 5269 3090 5323 5.
3201 5269 3248 5301 "‘
3277 5269 3437 5325 Joan.
3463 5283 3575 5330 xtv,
3609 5269 3658 5322 9.

2267 5363 2306 5399 r.
2341 5361 2459 5405 χιιι,
2493 5345 2546 5400 8.
2653 5345 2698 5376 ³³
2726 5343 2891 5398 Hebr.
2927 5357 2987 5405 ιι,
3023 5341 3110 5395 10.
3215 5341 3257 5373 ⁵⁸
3287 5342 3448 5396 Joan.
3484 5355 3537 5405 ιι,
3570 5337 3658 5392 15.

2653 5345 2698 5376 ³³
2726 5343 2891 5398 Hebr.
2927 5357 2987 5405 ιι,
3023 5341 3110 5395 10.

2182 5543 2293 5615 (65)
2334 5542 2491 5597 Socr.
2521 5554 2573 5600 et
2609 5546 2814 5613 Gelas.,
2868 5547 2920 5600 τί
2951 5546 3029 5602 δέ.
3065 5546 3259 5619 Epiph.
3301 5545 3508 5614 Sellol.,
3543 5563 3652 5619 qua:

2109 5630 2273 5667 causa
2306 5624 2481 5684 putas,
2515 5626 2620 5671 etc.

2177 5683 2548 5757 (66)7_Socrat.
2579 5697 2629 5742 et
2666 5686 2870 5753 Gelas.,
2895 5687 3169 5757 γινώσκει.

2173 5754 2284 5836 {67)
2325 5753 2503 5836 Soet,
2551 5757 2724 5811 αὐτῶν
2757 5759 2860 5813 τῶν
2907 5753 3168 5828 ’ῥημάτων
3216 5759 3652 5831 ἐπιχειρήσαντες

2099 5829 2211 5890 ταῖς
2247 5826 2570 5893 ἀναιρέσεσι.
