4088 6284
332 307 452 366 577

1721 304 1964 361 ΕΡιὸΤο
1971 305 2080 360 Ι..Ᾰί
2091 330 2115 360 .·

3447 313 3551 370 578

321 431 568 500 πιόμενοι.
587 425 677 483 Διδ
706 425 799 481 καὶ
813 425 1268 500 ἀπεκηρύχθησαν
1295 424 1386 482 καὶ
1407 424 1881 496 ἀνεθεματίσθησα·

2005 424 2282 481 accedant.
2341 422 2726 492 Quamobrem'
2762 428 3049 500 proscripti
3097 436 3150 485 et
3212 429 3554 492 anathemate

314 524 440 577 ἀπὸ
470 521 570 594 τῆς
611 519 953 592 Ἐκκλησίας.
989 519 1316 592 Λυπούμεθα
1339 521 1436 590 μὲν
1459 515 1551 574 οῦν
1572 520 1668 574 ἐπὶ
1696 521 1762 592 τῇ
1793 519 1896 573 ἁπ-

323 615 501 686 ωλείᾳ
541 612 762 667 τούτων·
799 613 892 666 καὶ
925 611 1156 682 μάλιστα
1185 612 1266 664 ὅτι
1315 611 1574 681 μαθόντες
1628 613 1759 666 ποτὲ
1802 617 1894 669 καὶ

323 705 488 759 αὐτοὶ
520 702 587 757 τὰ
614 703 716 772 τῆς
755 699 1098 771 Ἐκκλησίας,
1128 698 1224 753 νῦν
1255 699 1628 770 ἁπεπήδησαν·
1660 699 1719 752 οὐ
1753 699 1892 764 ξενι-

323 793 538 865 ζόμεθα
568 793 646 847 δέ’
677 791 834 846 τοῦτο
870 791 976 864 γὰρ
1036 793 1130 846 καὶ
1199 791 1479 862 Ὑμεναῖος
1523 793 1618 845 καὶ
1670 791 1892 864 Φιλητὸς

325 885 651 950 πεπόνθασι,
686 887 778 940 καὶ
811 887 916 958 πρὸ
948 886 1124 940 αὐτῶν
1151 884 1394 950 ’ἰούδαςὸ
1423 885 1790 958 ἀκολουθήσας
1816 887 1893 958 τῷ

324 980 564 1050 Σωτῆρι,
591 978 810 1050 ὕστερον
826 976 932 1050 γὰρ
958 977 1219 1048 προδότης
1233 976 1326 1031 καὶ
1350 976 1658 1047 ἀποστάτης
1682 975 1888 1046 γέγονε.

325 1073 442 1126 Κοαὶ
480 1073 608 1143 περὶ
639 1070 840 1125 τούτων
865 1072 922 1124 δὲ
949 1069 1146 1134 αὐτῶν,
1181 1071 1280 1123 οὐκ
1309 1068 1579 1124 ἀδίδακτοι
1611 1071 1891 1142 μεμνήκα-

329 1181 453 1235 μεν·
494 1163 606 1217 ἀλλ’
635 1165 663 1216 ὁ
694 1163 790 1234 μὲν
819 1161 1021 1234 Κύριος
1047 1161 1358 1233 προείρηκε·
1404 1161 1661 1215 Βλέπετε
1687 1160 1771 1230 μή
1800 1179 1890 1227 τις

326 1254 485 1326 ὑμᾶς
513 1253 825 1322 πλανήσῃ·
881 1255 1096 1309 πολλοὶ
1128 1255 1237 1325 γὰρ
1265 1255 1615 1308 ἐλεύσονται
1671 1253 1764 1308 ἐπὶ
1809 1253 1890 1319 τῷ

324 1350 576 1419 ὀνόματί
594 1366 712 1418 μου
739 1347 1036 1418 λέγοντες,
1068 1348 1154 1400 ὅτι
1183 1348 1295 1416 ἐγώ
1324 1349 1460 1416 sint,
1495 1347 1591 1401 καὶ
1621 1349 1653 1400 ὁ
1685 1346 1889 1415 καιρὸς

327 1441 555 1512 ἥγτικε.
590 1443 689 1497 καὶ
720 1441 986 1507 πολλοὺς
1013 1441 1394 1508 πλανήσουσι
1415 1458 1428 1471 ·
1444 1440 1531 1510 μὴ
1562 1439 1886 1509 πορευθῆτε

324 1533 522 1586 ὀπίσω
540 1532 754 1588 αὐτῶν.
798 1533 854 1586 Ὀ
885 1527 942 1584 δὲ
975 1530 1183 1594 Παῦλος
1209 1529 1394 1600 μαθὼν
1420 1529 1590 1583 ταῦτα
1619 1527 1766 1602 παρὰ
1790 1527 1882 1580 τοῦ

323 1624 577 1695 Σωτῆρος
612 1622 860 1692 ἔγραψεν·
896 1623 1023 1675 Ὅτι
1057 1621 1126 1674 ἐν
1155 1620 1427 1689 ὑστέροις
1467 1617 1688 1689 καιροῖς
1728 1615 1837 1688 (68)
1866 1657 1881 1682 ,

322 1715 779 1780 ἀποστήσονται
825 1731 982 1780 τινες
1002 1713 1112 1782 τῆς
1159 1714 1549 1784 ὑγιαινούσης
1600 1713 1876 1776 πίστεως,

1997 517 2244 589 percussi
2279 526 2406 574 sunt
2436 518 2504 574 ab
2550 517 2811 576 Ecclesia.
2845 520 2910 574 Et
2939 521 3180 592 quidem,
3237 524 3452 580 tametsi
3486 525 3554 581 de

1997 609 2209 664 illorum
2244 609 2410 664 exitio
2459 609 2725 677 dolemus,
2759 625 2883 666 cum
2924 614 3224 682 praesertim
3258 614 3357 680 illi,
3403 625 3554 688 post-

1993 716 2156 772 quam
2184 700 2442 757 Ecclesia:
2489 701 2789 758 doctrinam
2819 703 3156 769 didicissent,
3208 705 3277 760 ab
3308 705 3400 761 illa
3439 707 3550 778 jam

1992 791 2351 860 desciverint;
2409 808 2748 865 nequaquam
2788 801 2969 851 tamen
3017 811 3343 866 magnopere
3387 798 3549 853 mira-

1993 899 2116 938 mur
2146 903 2160 938 :
2195 883 2249 937 id
2281 884 2458 954 ipsum
2495 885 2639 941 enim
2681 883 2970 956 Hymenaeo
3000 887 3225 956 contigit
3265 893 3320 942 et
3371 886 3551 944 Phile-

1990 980 2046 1027 to
2069 973 2137 1039 ⁸³,
2167 982 2220 1029 et
2250 984 2375 1029 ante
2401 975 2524 1031 illos
2566 974 2736 1041 Judaz,
2764 977 2860 1048 qui
2904 993 3027 1032 cum
3082 977 3416 1035 Salvatorem
3463 996 3550 1036 se.

1990 1073 2148 1123 cutus
2188 1073 2353 1131 esset,
2399 1075 2586 1137 postea
2623 1069 2868 1140 proditor
2923 1071 3025 1126 fuit
3079 1080 3241 1144 atque
3283 1074 3547 1130 desertor.

1989 1156 2161 1212 Porro
2207 1159 2274 1214 de
2308 1158 2394 1214 his
2438 1160 2594 1229 ipsis,
2641 1175 2980 1231 nequaquam
3014 1163 3171 1218 nobis
3197 1164 3396 1234 praevia
3428 1179 3547 1219 mo-

1994 1251 2104 1304 nita
2138 1251 2388 1317 defuere;
2423 1251 2502 1306 sic
2527 1252 2671 1306 enim
2705 1253 2962 1322 praefatus
2985 1253 3254 1310 Dominus
3286 1263 3372 1311 est
3400 1275 3413 1311 :
3453 1255 3544 1313 Vi-

1988 1347 2101 1402 dete
2142 1365 2204 1402 ne
2231 1348 2348 1417 quis
2387 1364 2474 1402 vos
2499 1347 2744 1413 seducat;
2783 1349 2942 1402 multi
2968 1351 3106 1403 enim
3131 1351 3330 1405 venient
3363 1353 3417 1405 in
3453 1369 3547 1407 no-

1988 1441 2122 1493 mine
2145 1457 2280 1502 meo,
2312 1440 2559 1504 dicentes,
2587 1441 2710 1511 quia
2732 1456 2822 1510 ego
2853 1457 2968 1493 sum
3001 1457 3019 1493 .'
3045 1451 3092 1495 et
3127 1451 3322 1511 tempus
3354 1459 3546 1512 appro-

1986 1533 2277 1602 pinquavit,
2317 1543 2368 1587 et
2395 1533 2588 1588 multos
2627 1532 2868 1588 seducent
2905 1547 2923 1585 :
2956 1533 3115 1588 nolite
3153 1551 3273 1604 ergo
3304 1537 3379 1591 ire
3423 1546 3544 1605 post

1984 1638 2070 1677 eos
2089 1623 2152 1677 “.
2188 1622 2390 1679 Paulus
2416 1632 2594 1679 autem
2626 1623 2739 1678 haec
2768 1638 2796 1677 a
2827 1621 3104 1680 Salvatore
3131 1625 3375 1688 edoctus,
3411 1626 3547 1680 scri-

1987 1715 2095 1785 psit
2132 1714 2311 1782 :Quia
2338 1717 2393 1770 in
2434 1717 2726 1770 novissimis
2769 1717 3086 1785 temporibus
3130 1717 3394 1771 discedent
3428 1718 3545 1787 qui-

323 1807 728 1876 προσέχοντες
747 1806 1042 1874 πνεύμασι
1062 1804 1331 1870 πλανοῖς,
1349 1804 1442 1857 καί
1477 1803 1881 1870 διδασκαλίοις

1991 1804 2114 1856 dam
2140 1821 2173 1857 a
2194 1821 2327 1858 sana
2349 1805 2470 1874 ﬁde,
2491 1806 2808 1860 attendentes
2837 1807 3104 1875 spiritibus
3132 1808 3350 1871 erroris,
3384 1785 3548 1862 elido-

321 1897 643 1966 δαιμονίων
671 1896 1207 1966 ἀποστρεφομένων
1227 1894 1340 1964 τὴν
1368 1895 1674 1962 ἀλήθειαν.

398 1990 508 2047 VII.
540 1989 645 2046 Τοῦ
679 1990 855 2044 τοίνυν
881 1989 1085 2060 Κυρίου
1118 1989 1212 2042 καὶ
1242 1988 1489 2059 Σωτῆρος
1511 1986 1667 2058 ἡμῶν
1710 1985 1885 2058 Ἰησοῦ

321 2079 582 2154 Χριστοῦ,
616 2079 703 2134 διά
728 2096 787 2133 τε
818 2077 1004 2132 ἑαυτοῦ
1034 2075 1514 2149 παραγγείλαντος,
1548 2077 1642 2129 καὶ
1671 2074 1756 2127 διὰ
1793 2074 1886 2128 τοῦ

340 2172 656 2227 Ἀποστόλου
688 2171 1037 2243 σημαίνοντος
1069 2168 1198 2241 περὶ
1232 2167 1338 2221 τῶν
1361 2166 1633 2232 τοιούτων,
1665 2165 1887 2220 ἀκολού-

323 2265 433 2330 θως
469 2266 630 2337 ἡμεῖς
665 2265 916 2335 αὐτήκοοι
937 2263 1037 2334 τῆς
1083 2261 1334 2326 ἀσεϐείας
1379 2258 1557 2314 αὐτῶν
1585 2258 1883 2330 γενόμενοι,

323 2356 810 2428 ἀνεθεματίσαμεν,
845 2355 986 2410 καθὰ
1016 2352 1366 2426 προείπομεν,
1407 2353 1534 2415 τοὺς
1595 2348 1883 2414 τοιούτους,

323 2447 699 2514 ἀποδεῖξαντές
749 2465 808 2500 τε
864 2446 1058 2509 αὐτοὺς
1101 2444 1406 2517 ἀλλοτρίους
1454 2443 1551 2514 τῆς
1596 2441 1886 2512 καθολικῆς

337 2539 661 2610 Ἐκκλησίας
715 2555 773 2591 τε
819 2537 911 2590 καὶ
951 2537 1215 2599 πίστεως·
1270 2532 1615 2606 ἐδηλώσαμεν
1668 2531 1762 2585 καὶ
1817 2530 1884 2600 τῇ

327 2629 566 2701 ὑμετέρᾳ
614 2627 925 2699 θεοσεϐείᾳ,
977 2624 1246 2697 ἀγαπητοὶ
1279 2624 1374 2677 καὶ
1403 2619 1720 2693 τιμιώτατοι
1761 2620 1885 2673 συλ-

325 2721 639 2792 λειτουργοὶ,
693 2720 779 2774 ἵνα
831 2720 964 2790 μήτε
1012 2717 1164 2780 τινὰς
1229 2715 1287 2782 ἐξ
1338 2713 1516 2768 αὐτῶν
1568 2715 1616 2767 εί
1675 2729 1882 2784 προπε-

323 2812 599 2867 τεύσαιντο
651 2811 786 2882 πρὸς
828 2811 970 2881 ὑμᾶς
1017 2807 1208 2872 ἐλθεῖν,
1285 2804 1665 2878 προσδέξησθε,
1747 2805 1884 2874 μήτε

327 2903 568 2974 Εὑσεϐίῳ
600 2903 632 2975 ἢ
661 2903 830 2974 ἑτέρῳ
848 2901 952 2955 τινὶ
977 2899 1236 2972 γράφοντι
1261 2899 1381 2969 περὶ
1405 2894 1580 2950 αὐτῶν
1608 2892 1880 2964 πεισθῆτε.

325 2997 529 3071 Πρέπει
569 2996 676 3067 γὰρ
719 2997 864 3068 ἡμᾶς
901 2992 1010 3066 (69)
1057 2990 1411 3064 Χριστιανοὺς
1449 2989 1631 3052 ὄντας,
1675 2985 1882 3048 πάντας

323 3091 448 3155 τοὺς
486 3089 626 3144 κατὰ
658 3087 892 3160 Χριστοῦ
927 3085 1183 3155 λέγοντάς
1209 3101 1266 3137 τε
1294 3083 1388 3138 καὶ
1420 3080 1768 3154 φρονοῦντας,
1805 3079 1882 3145 ὡς

249 3202 254 3207 ·
322 3177 618 3249 θεομάχους
664 3177 756 3230 καὶ
788 3176 1018 3247 φθορέας
1058 3174 1164 3228 τῶν
1195 3172 1378 3245 ψυχῶν
1425 3169 1875 3242 ἀποστρέφεσθαι,

322 3271 413 3324 καὶ
446 3270 578 3341 μηδὲ
607 3269 708 3326 κᾶν
739 3271 961 3342 Χαίρειν
1010 3271 1120 3332 τοῖς
1151 3267 1408 3330 τοιούτοις
1447 3265 1642 3334 λέγειν·
1682 3265 1768 3318 ἵνα
1804 3263 1876 3334 μή

322 3378 447 3416 ποτε
477 3362 570 3418 καὶ
591 3364 708 3427 ταῖς
757 3361 1050 3434 ἁμαρτίαις
1101 3359 1277 3414 αὐτῶν
1306 3356 1547 3411 κοινωνοὶ
1575 3353 1874 3426 γενώμεθα,

319 3451 393 3517 ὡς
416 3453 777 3526 παρήγγειλεν
811 3455 838 3506 ὁ
875 3452 1141 3525 μακάριος
1204 3451 1473 3522 Ἰωάννης.
1538 3447 1875 3520 Προσείπατε

319 3547 442 3608 τοὺς
465 3546 590 3618 παρ’
611 3547 739 3616 ὑμῖν
770 3543 1046 3614 ἀδελφούς·
1083 3543 1225 3613 ὑμᾶς
1251 3544 1299 3596 οἱ
1330 3541 1425 3594 σὺν
1459 3539 1580 3611 ἐμοὶ
1609 3554 1877 3611 προσαγοο

323 3636 478 3708 ρεύου
485 3653 567 3690 σιν
577 3673 588 3689 .

589 3748 1037 3816 Ἀλεξανδρείας
1065 3745 1448 3814 πρεσϐύτεροι
1471 3744 1522 3814 (‘7
1527 3743 1602 3814 0).

384 3841 682 3906 Κόλλουθος
715 3841 1080 3913 πρεσϐύτερος
1124 3836 1408 3908 σύμψηφος
1455 3837 1568 3905 εἰμι
1615 3836 1726 3896 τοῖς
1784 3851 1875 3902 γε-

316 3936 670 4008 γραμμένοις,
699 3935 793 3988 καὶ
816 3937 882 4006 τῇ
917 3932 1226 4003 καθαιρέσει
1273 3929 1482 4001 Ἀρείου
1517 3927 1613 3982 καὶ
1641 3927 1748 3981 τῶν
1775 3928 1871 3981 σὺν

315 4028 461 4100 αὑτῷ
483 4029 887 4099 ἀσεϐησάντων.

325 4120 664 4192 Ἀλέξανδρος
688 4117 1072 4192 πρεσϐύτερος,
1093 4114 1310 4186 ὁμοίως.

312 4214 595 4286 Διόσκορος
625 4211 1009 4285 πρεσϐύτερος,
1038 4207 1256 4280 ὁμοίως.

309 4308 578 4372 Διονύσιος
611 4305 994 4379 πρεσϐύτερος,
1021 4300 1242 4374 ὁμοίως.

309 4401 562 4464 Εὐσέϐιος
582 4399 965 4472 πρεσϐύτερος,
1000 4394 1219 4468 ὁμοίως.

307 4493 648 4564 Ἀλέξανδρος
684 4491 1070 4565 πρεσϐύτερος,
1100 4485 1324 4559 ὁμοίως.

306 4585 573 4658 Νειλαρᾶς
602 4585 711 4656 (71)
743 4582 1125 4657 πρεσϐύτερος,
1158 4580 1378 4652 ὁμοίως.

305 4676 710 4749 Ἁρποκρατίων
738 4673 1122 4747 πρεσϐύτερος,
1150 4671 1370 4744 ὁμοίως.

303 4766 532 4837 Ἀγαθὺς
560 4766 941 4838 πρεσϐύτερος.

302 4858 562 4929 Νεμέσιος
590 4857 972 4931 πρεσϐύτερος.

301 4947 502 5017 Λόγγος
531 4947 911 5021 πρεσϐύτερος.

300 5034 547 5100 Σιλϐανὺς
575 5034 950 5106 πρεσϐύτερος.

301 5127 517 5200 Περώῦς
549 5129 662 5201 (72)
696 5127 1079 5200 πρεσϐύτερος.

1990 1897 2173 1950 ctrinis
2199 1896 2573 1952 da’moniorum
2603 1900 2871 1952 veritatem
2899 1899 3249 1953 aversantium
3283 1899 3349 1951 ⁸⁸.

2057 1986 2170 2042 Vll.
2211 1988 2345 2042 Cum
2371 1989 2554 2060 itaque
2604 1990 2868 2045 Dominus
2891 1998 2944 2045 et
2973 1988 3222 2044 Salvator
3251 1999 3436 2044 noster
3453 1985 3545 2044 Je-

1988 2099 2083 2139 sus
2107 2082 2359 2139 Christus
2388 2099 2484 2154 per
2509 2099 2567 2139 se
2594 2083 2707 2153 ipse
2735 2085 2808 2137 ita
2838 2082 3174 2154 praeceperit,
3206 2091 3258 2136 et
3281 2097 3378 2166 per
3399 2081 3544 2151 Apo-

1987 2175 2186 2230 stolum
2207 2190 2295 2230 res
2315 2175 2471 2230 nobis
2499 2174 2808 2245 hujusmodi
2825 2173 3243 2245 signiﬁcaverit;
3269 2173 3392 2243 jure
3417 2187 3540 2239 nos,

1986 2269 2078 2339 qui
2102 2265 2438 2336 impietatem
2472 2267 2685 2321 illorum
2723 2266 2827 2338 ipsi
2859 2281 3040 2321 coram
3084 2264 3410 2329 audivimus,
3438 2265 3540 2320 ho-

1986 2359 2183 2424 mines,
2213 2361 2290 2414 uti
2321 2375 2482 2430 supra
2513 2359 2716 2414 dictum
2741 2367 2845 2424 est,
2890 2359 3229 2415 anathemate
3263 2359 3541 2415 damnavi-

1985 2465 2128 2514 mus,
2155 2449 2411 2520 ipsosque
2455 2465 2485 2503 a
2526 2449 2790 2504 catholica
2826 2448 3066 2504 Ecclesia
3099 2456 3153 2503 et
3185 2447 3288 2504 fide
3336 2449 3540 2505 alienos

1983 2542 2418 2597 declaravimus:
2454 2555 2697 2612 remque,
2745 2540 3053 2595 cbarissimi
3096 2548 3259 2611 atque
3309 2540 3540 2596 honora-

1983 2631 2180 2686 tissimi
2215 2631 2597 2696 comministri,
2637 2638 2828 2687 vestrae
2856 2630 3104 2701 religioni
3142 2631 3539 2702 indicavimus;

1983 2731 2043 2778 ut
2067 2738 2135 2780 ne
2162 2723 2424 2794 quosdam
2455 2740 2521 2779 ex
2552 2723 2680 2788 illis,
2716 2724 2758 2779 si
2793 2725 3100 2794 petulanter
3127 2739 3223 2780 vos
3248 2724 3397 2780 adire
3421 2725 3539 2782 ausi

1983 2816 2206 2884 fuerint,
2230 2816 2504 2887 recipiatis
2545 2835 2558 2871 :
2595 2830 2729 2871 neve
2779 2815 3014 2871 Eusebio
3052 2815 3137 2871 vel
3181 2816 3270 2870 alii
3305 2817 3538 2886 cuipiam

1984 2907 2052 2964 de
2078 2909 2186 2963 illis
2216 2909 2284 2963 ad
2311 2923 2410 2963 vos
2439 2907 2720 2973 scribenti,
2764 2905 2922 2962 ﬁdem
2957 2908 3225 2963 habeatis.
3256 2907 3366 2964 Nos
3393 2909 3536 2964 enim

1985 3011 2170 3076 utpote
2199 3003 2539 3058 Christianos
2567 3002 2742 3066 decet,
2790 3016 2981 3056 omnes
3015 3001 3108 3072 qui
3143 3008 3334 3057 contra
3382 3001 3536 3056 Chri-

1983 3110 2123 3155 stum
2153 3099 2448 3170 loquuntur
2474 3105 2568 3152 aut
2601 3097 2859 3162 sentiunt,
2881 3097 3028 3152 velut
3065 3095 3157 3151 Dei
3189 3096 3375 3152 hostes
3415 3095 3535 3150 ani-

1979 3205 2297 3260 marumque
2321 3197 2671 3258 corruptores
2699 3187 2960 3252 aversari,
2994 3201 3055 3241 ac
3083 3201 3153 3241 ne
3180 3187 3394 3257 quidem
3423 3185 3534 3241 Ave

1979 3284 2087 3339 illis
2106 3282 2326 3338 dicere:
2357 3297 2426 3336 ne
2462 3281 2678 3350 quando
2721 3279 2986 3335 scelerum
3035 3278 3275 3348 ipsorum
3309 3277 3534 3348 partici-

1978 3389 2072 3444 pes
2101 3373 2292 3435 simus,
2328 3381 2387 3426 ut
2413 3372 2655 3443 praecipit
2695 3371 2889 3426 beatus
2925 3369 3167 3424 Joannes
3188 3370 3256 3422 ".
3290 3367 3533 3423 Salutate

1978 3463 2173 3519 fratres
2208 3463 2303 3533 qui
2343 3463 2620 3518 vobiscum
2657 3469 2786 3518 sunt
2816 3480 2831 3517 :
2858 3474 2955 3516 vos
3003 3461 3098 3531 qui
3146 3473 3358 3515 mecum
3405 3463 3532 3514 sunt

1976 3553 2230 3608 salutant.

2402 3728 2736 3785 Alexandria:
2767 3730 3071 3800 presbyteri.

2043 3824 2327 3882 Colluthus
2356 3824 2638 3895 presbyter
2666 3822 2814 3878 hisce
2848 3822 3064 3893 scriptis
3112 3819 3394 3891 suﬂragor,
3427 3832 3526 3874 nec

1974 3935 2084 3976 non
2111 3917 2435 3989 depositioni
2463 3916 2599 3984 Arii,
2631 3930 2929 3986 eorumque
2967 3914 3060 3987 qui
3092 3914 3213 3986 ejus
3237 3911 3527 3984 impietatis

1971 4019 2268 4072 sectatores
2293 4017 2438 4066 sunt.

1972 4102 2272 4160 Alexander
2293 4100 2600 4172 presbyter,
2632 4098 2902 4155 similiter.

1972 4196 2269 4252 Dioscorus
2289 4194 2597 4265 presbyter,
2627 4191 2896 4251 similiter.

1970 4288 2260 4360 Dionysius
2289 4288 2591 4358 presbyter,
2629 4287 2904 4344 similiter.

1969 4380 2240 4437 Eusebius
2263 4379 2567 4452 presbyter,
2591 4379 2860 4435 similiter.

1897 4473 1944 4528 D
1972 4473 2276 4529 Alexander
2301 4473 2600 4544 presbyter,
2627 4471 2895 4526 similiter.

1964 4567 2176 4624 Nilaras
2197 4565 2500 4637 presbyter,
2534 4563 2806 4620 similiter.

1965 4660 2326 4733 Arpocration
2352 4657 2656 4729 presbyter,
2694 4653 2962 4710 similiter.

1964 4753 2209 4824 Agatbus
2231 4751 2532 4822 presbyter.
2596 4755 2598 4757 ’

1964 4844 2253 4902 Nemesius
2281 4843 2586 4915 presbyter.

1963 4937 2179 5010 Longus
2201 4937 2506 5008 presbyter.

1967 5031 2222 5087 Silvanus
2251 5031 2555 5101 presbyter.

1963 5125 2167 5179 Perous
2200 5121 2503 5192 presbyter.

398 5281 446 5314 ⁸³
469 5281 537 5337 ΙΙ
559 5283 692 5338 Tim.
726 5297 796 5348 Ιι,
827 5283 913 5337 17.
961 5284 1006 5314 ⁸⁵
1037 5281 1160 5338 Luc.
1194 5299 1308 5348 ιιι,
1335 5284 1391 5340 8.
1467 5283 1512 5315 "
1542 5279 1572 5335 1
1605 5279 1742 5334 Tim.
1768 5293 1842 5345 Iv,
1875 5297 1881 5333 ἡ

2005 5280 2052 5312 ⁵⁸
2085 5278 2151 5333 II
2172 5280 2336 5335 Joan.
2377 5278 2465 5333 10.

365 5394 476 5467 (68)
515 5397 741 5467 Καιροῖς
766 5396 917 5453 deest
940 5396 1082 5467 apud
1114 5397 1294 5453 Gelas.

297 5552 322 5590 γ
355 5466 475 5591 ἐξ)
517 5465 608 5522 Sic
633 5465 859 5522 ‘Socrat.
914 5465 990 5522 et’
1029 5467 1208 5524 Gelas.
1242 5467 1416 5541 "Reg,
1460 5469 1624 5540 ὑμᾶς,
1669 5465 1849 5523 minus

325 5553 352 5590 e
444 5576 458 5589 .

2028 5398 2048 5461 ί
2056 5396 2143 5477 71)
2182 5394 2389 5477 Gelas.,
2413 5391 2589 5476 Σίλας.
2614 5389 2780 5477 βεδε,
2800 5391 3113 5477 ﬁuit-apag,
3135 5389 3292 5477 quod
3307 5401 3513 5477 ,ποιοίη

1955 5453 2232 5548 reperitur.
2269 5453 2396 5521 item
2431 5465 2487 5518 in
2541 5453 3038 5545 subscriptionibus
3069 5453 3165 5512 ad
3201 5457 3404 5581 αροιοὲ.
3431 5453 3510 5537 _S.

1951 5537 2234 5594 Athanasii
2271 5544 2438 5590 contr.
2480 5535 2688 5596 Anam,
2722 5549 2842 5604 pag.
2880 5533 3003 5604 190.
3045 5527 3277 5601 Ὁμοίως
3306 5541 3336 5579 a
3401 5539 3508 5581 stn-

387 5606 474 5688 70_)
516 5605 1088 5688 Htensubscriptiones
1143 5607 1412 5688 habentur
1459 5614 1669 5688 tantum
1703 5606 1844 5679 apud
1949 5607 2323 5688 gulaAnolmina
2349 5606 2546 5688 legitur
2572 5602 3044 5688 apud’Gelasium.

364 5607 474 5729 $70)
516 5607 609 5661 Hae
658 5607 1088 5677 subscriptiones
1143 5607 1412 5663 habentur
1459 5614 1669 5663 tantum
1703 5607 1844 5679 apud

294 5674 566 5798 ﬁrmasium
613 5679 956 5749 Cyzicenum,
994 5678 1088 5735 sed
1135 5679 1332 5734 mirum
1378 5679 1434 5733 in
1473 5678 1696 5749 modum
1725 5694 1845 5733 mu-

317 5761 416 5802 uae.

2021 5679 2132 5751 (72)
2167 5678 2373 5746 Gelas.,
2405 5677 2676 5748 Πιρωούς.
