4088 6284
297 305 404 362 581

948 427 1230 481 Διάκονοι.

295 533 593 606 Σαραπίων
623 534 882 603 διάκονος,
916 536 1135 608 ὁμοίως.

311 628 543 693 Ἰοῦστος
577 628 841 696 διάκονος,
864 630 1083 702 ὁμοίως.

294 720 528 792 Δίδυμος
557 721 821 786 διάκονος.

294 810 607 882 Δημήτριος
636 811 901 876 διάκονος.

292 902 523 974 Μαῦρος
553 902 816 969 διάκονος.

310 993 659 1066 Ἀλέξανδρος
690 995 949 1059 διάκονος.

295 1087 526 1159 Μάρκος
550 1087 814 1152 διάκονος.

294 1180 500 1251 Κόμων
524 1180 784 1245 διάκονος.

295 1271 532 1345 Τρύφων
560 1273 821 1338 διάκονος.

308 1364 620 1436 ’Λμμώνιος
644 1365 906 1431 διάκονος.

294 1458 537 1529 Δίδυμος.
557 1458 816 1523 διάκονος.

296 1550 642 1623 Πτολλαρίων
668 1551 929 1616 διάκονος.

295 1643 470 1715 Σερὰς
500 1644 760 1726 διάκρνος.

296 1736 455 1799 Γάϊος
480 1736 747 1800 διάκονοςι

306 1826 480 1898 Ἱέραξ
501 1828 761 1892 διάκονος.

292 1919 518 1991 Μάρκος
549 1919 808 1983 διάκονος.

294 2010 407 2082 (89)
434 2011 646 2078 Θεωνᾶς
670 2014 928 2076 διάκονος.

294 2103 591 2175 Σαρμάτων
629 2105 886 2171 διάκονος.

291 2194 535 2266 Κάρπων
552 2196 812 2264 διάκονος.

293 2283 489 2352 Ζώῖλος
520 2287 781 2359 διάκονος,
806 2291 1020 2361 ὁμοίως.

1717 312 2094 372 EPISTOLE.

1878 2456 1940 2469 μ’

1855 2561 1945 2619 Ill.

3420 342 3527 398 582

2628 431 2861 490 Diacom'.

1971 537 2233 611 Sarapion
2260 541 2545 609 diaconus,
2577 544 2847 603 similiter.

1966 628 2155 688 Justus
2181 632 2468 702 diaconus,
2495 636 2767 696 similiter.

1968 721 2227 794 Didymus
2254 723 2539 783 diaconus.

1969 813 2276 872 Demetrius
2297 817 2582 878 diaconus.

1968 904 2189 961 Maurus
2216 905 2500 965 diaconus.

1966 994 2272 1051 Alexander
2293 996 2576 1056 diaconus.

1968 1086 2183 1143 Marcus
2212 1087 2495 1145 diaconus.

1926 1232 1933 1239 ,
1964 1175 2172 1231 Comon
2199 1176 2482 1235 diaconus.

1966 1266 2221 1339 Tryphon
2245 1269 2529 1328 diaconus.

1964 1362 2283 1419 Ammonius
2308 1362 2589 1421 diaconus.

1965 1449 2224 1523 Didymus
2248 1452 2530 1512 diaconus.

1962 1539 2259 1599 Ptollarion
2285 1543 2568 1605 diaconus.

1965 1630 2126 1690 Seras
2154 1634 2433 1694 diaconus.

1961 1724 2129 1783 Gaius
2155 1728 2441 1787 diaconus.

1890 1790 1931 1844 Β
1963 1815 2161 1871 llierax
2189 1819 2473 1879 diaconus.

1963 1907 2181 1966 Marcus
2200 1912 2481 1971 diaconus.

1964 2000 2215 2060 Theonas
2238 2004 2516 2065 diaconus.

1965 2094 2254 2154 Sarmaton
2278 2099 2561 2158 diaconus.

1961 2185 2178 2259 Carpon
2210 2189 2495 2249 diaconus.

1963 2277 2147 2338 Zoilus
2176 2280 2461 2352 diaconus,
2495 2285 2763 2345 similiter.

1261 2698 1413 2769 Apud
1440 2700 1677 2758 eumdem
1706 2701 2063 2759 Athanasium
2102 2699 2234 2755 ibid.
2264 2714 2387 2769 pag.
2419 2697 2547 2756 596.

732 2830 1133 2885 ΚΑΘΛΙΡΕΣΙΣ
1159 2831 1410 2889 ΔΡΕΙΟΥ

298 2947 395 3002 καὶ
439 2945 554 3001 τῶν
594 2946 713 3001 σὺν
751 2948 928 3013 αὐτῷ,
974 2948 1092 3001 ὑπὸ
1120 2945 1531 3020 ,Ἀλεξάνδρου
1581 2950 1847 3020 ἀρχιεπι-

699 3020 930 3072 σκόπου
972 3018 1435 3087 Ἀλεξανδρείας.

2469 2827 2828 2885 DEPOSITIO
2865 2829 3006 2885 ΑΒΗ

1950 2955 1999 3002 et
2024 2945 2285 3003 sociorum
2310 2944 2373 2999 ab
2399 2943 2701 3000 Alexandro
2730 2943 3070 3001 Alexandria:
3106 2949 3511 3023 archiepiscopo.

378 3109 729 3183 Ἀλέξανδρος,
764 3081 1147 3184 πρεσϐυτέροις
1189 3081 1281 3165 κοὶι
1308 3081 1569 3176 διαπόνοις
1610 3110 1844 3177 Ἀλεξαν-

2022 3105 2349 3171 Alexander,
2395 3104 2731 3176 presbyteris
2772 3105 3128 3179 diaconisque
3170 3110 3513 3168 Alexandria:

291 3202 474 3273 δρείας
502 3202 593 3255 καὶ
618 3202 936 3274 Μαρεώτου,
963 3203 1151 3275 παρὼν
1184 3203 1445 3276 παροῦσιν
1469 3202 1603 3276 (8!),
1635 3204 1850 3275 ἀγαπη-

290 3297 402 3359 τοῖς
428 3295 672 3365 ἀδελφοῖς
697 3297 755 3350 ἐν
775 3295 960 3368 Κυρίῳ
993 3296 1223 3369 χαίρειν.

359 3386 423 3439 El
454 3387 548 3440 καὶ
579 3386 878 3454 φθάσαντες
913 3386 1262 3459 ὑπεγράψατε
1293 3381 1375 3449 οἷς
1416 3385 1698 3442 ἐπέστειλα
1738 3389 1848 3452 τοῖς

292 3479 419 3549 περὶ
449 3480 695 3550 Ἀρειον,
747 3478 1067 3551 προτρέπων
1106 3479 1321 3544 αὐτοῖς,
1362 3479 1695 3551 ἀρνήσασθαι
1751 3480 1848 3552 μὲν

291 3570 388 3643 τὴν
416 3570 685 3636 ἀσέϐειαν,
716 3571 997 3643 πεισθῆναι
1031 3570 1088 3624 δὲ
1118 3573 1182 3642 τῇ
1216 3571 1529 3646 ὑγιαινούσῃ
1555 3572 1651 3627 καὶ
1687 3572 1848 3628 καθο-

291 3660 410 3732 λικῇ
438 3662 645 3715 πίστει·
682 3664 776 3716 καὶ
808 3662 1041 3728 ἐδείξατε
1085 3663 1291 3717 ἑαυτῶν
1329 3662 1494 3736 ὀρθὴν
1520 3664 1621 3736 τὴν
1652 3666 1846 3737 προαί-

291 3767 458 3823 ρεσιν,
495 3752 589 3806 καὶ
616 3751 713 3824 τὴν
759 3755 816 3807 ὲν
845 3756 955 3818 τοῖς
985 3752 1216 3824 δόγμασι
1264 3756 1578 3826 συμφωνίαν
1621 3756 1720 3827 τῆς
1751 3774 1848 3810 κα-

290 3840 505 3914 θολικῆς
528 3843 723 3914 Ἐκκλη
732 3844 847 3908 σίας
863 3860 875 3874 ·
892 3844 1041 3915 ὅμως
1061 3843 1243 3916 ἐπειδὴ
1269 3845 1519 3917 καὶπρὸς
1537 3846 1662 3911 τοὺς
1685 3848 1848 3903 ἁπαν-

287 3933 450 4006 ταχοῦ
510 3934 951 4006 συλλειτουργοὺς
1018 3936 1301 3992 ἐπέστειλα
1360 3939 1488 4010 περὶ
1544 3939 1653 3993 τῶν
1720 3941 1849 4012 περὶ¹

293 4026 524 4100 Ἄρειον,
566 4028 857 4096 ἀναγκαῖον
895 4028 1203 4101 ἡγησάμην,
1245 4031 1387 4101 ὑμᾶς
1429 4031 1547 4103 μὲν,
1580 4034 1705 4098 τοὺς
1750 4034 1848 4106 τῆς

261 4186 267 4191 _
290 4118 495 4183 πόλεως
520 4119 810 4191 κληρικοὺς
832 4123 1155 4189 συναγαγεῖν
1177 4138 1191 4151 ο
1218 4121 1365 4193 ὑμᾶς·
1382 4121 1459 4189 δὲ,
1482 4124 1609 4188 τοὺς
1627 4124 1733 4178 ἀπὸ
1752 4124 1846 4178 τοῦ

287 4210 581 4281 Μαρεώτου
638 4211 1116 4284 μεταπέμψασθαι·
1160 4213 1390 4285 μάλιστα
1437 4215 1520 4270 ὅτι
1566 4216 1659 4286 ἀφ’
1695 4216 1847 4288 ὑμῶν

285 4302 473 4377 Χάρης
502 4305 594 4358 καὶ
637 4306 832 4369 Πιστὸς
858 4305 966 4377 (82)
995 4304 1373 4379 πρεσϐύτεροι,
1409 4307 1504 4362 καὶ
1537 4309 1843 4380 Σαραπίων,

285 4395 375 4449 καὶ
394 4397 731 4470 Παράμμων,
758 4398 853 4453 καὶ
872 4397 1135 4469 Ζώσιμος,
1164 4398 1258 4453 καὶ
1280 4400 1564 4471 Εἰρηναῖος
1588 4399 1841 4467 διάκονοι,

1950 3209 2003 3256 et
2022 3199 2291 3265 Mareotae,
2319 3213 2559 3270 prmsens
2581 3199 2957 3269 praesentibus,
2978 3200 3190 3258 dilectis
3209 3202 3265 3256 in
3285 3202 3515 3259 Domino

1951 3291 2231 3358 fratribus,
2261 3291 2513 3347 salutem.

2017 3383 2171 3441 Licet
2195 3383 2308 3454 jam
2342 3383 2776 3453 subscripseritis
2811 3383 3008 3441 litteris
3033 3385 3168 3441 meis
3209 3386 3278 3440 ad
3321 3387 3511 3444 Arium

1949 3490 2187 3546 suosque
2216 3474 2421 3540 missis,
2454 3474 2656 3545 quibus
2693 3474 2950 3530 hortabar
2991 3476 3134 3541 illos,
3166 3484 3226 3530 ut
3251 3478 3513 3550 ahnegata

1950 3566 2242 3637 impietate,
2275 3580 2422 3622 sanae
2458 3574 2513 3621 et
2541 3566 2825 3622 catholica:
2849 3566 2973 3621 ﬁdei
3027 3568 3465 3639 obtemperarent
3495 3590 3509 3625 :
3542 3582 3552 3591 '

1948 3670 2121 3728 eaque
2173 3657 2231 3711 in
2273 3670 2336 3711 re
2379 3664 2589 3711 rectum
2626 3656 2964 3726 propositum
2992 3666 3256 3724 vestrum,
3300 3676 3513 3717 necnon

1948 3746 2206 3806 Ecclesiae
2248 3748 2527 3804 catholica:
2572 3747 2720 3802 circa
2769 3746 3020 3818 dogmata
3073 3752 3508 3817 consonantiam,

1949 3840 2126 3910 palam
2155 3839 2424 3909 feceritis;
2467 3845 2706 3893 attamen
2749 3838 2877 3908 quia
2907 3839 3160 3895 omnibus
3197 3840 3360 3895 etiam
3392 3842 3512 3897 ubi-

1948 3947 2055 4003 que
2085 3940 2354 3988 terrarum
2395 3932 2807 3998 comministris,
2832 3948 2954 4003 quae
2985 3932 3176 3987 Arium
3223 3933 3513 4004 sociosque

1946 4025 2067 4095 ejus
2094 4034 2341 4097 spectant
2368 4005 2567 4080 litteris
2595 4024 2933 4097 signiﬁcavi;
2959 4041 3186 4083 necesse
3208 4027 3360 4092 duxi,
3388 4043 3510 4093 vos,

1950 4115 2101 4171 urbis
2126 4114 2379 4181 clericos,
2411 4128 2737 4182 convocare,
2772 4131 2871 4172 vos
2906 4115 3034 4172 item
3065 4115 3389 4171 Mareoticos
3421 4131 3515 4171 ar-

1947 4220 2161 4263 cessere
2186 4223 2199 4260 :
2229 4206 2527 4276 praesertim
2570 4221 2694 4261 cum
2727 4222 2795 4263 ex
2826 4207 2984 4264 vobis
3014 4206 3219 4264 Chares
3243 4218 3298 4263 ct
3328 4205 3513 4266 Pistus

1946 4301 2283 4373 presbyteri:
2337 4301 2626 4371 Sarapion,
2655 4299 3004 4367 Parammon,
3035 4301 3285 4358 Zosimus
3325 4310 3378 4358 et
3401 4300 3512 4359 Ire-

1950 4411 2101 4451 naeus
2129 4395 2365 4461 diaconi,
2399 4394 2468 4450 ad
2498 4394 2614 4448 Arii
2644 4401 2828 4465 partes
2857 4394 3196 4462 transierint,
3226 4401 3387 4464 atque
3413 4409 3512 4449 vc-

284 4461 726 4559 érrqxol'oﬁb'qcav'
746 4491 858 4553 τοῖς
886 4461 1270 4560 περὶ-Ἀρειον,
1306 4461 1716 4562 ἠγάπησαν
1747 4461 1843 4546 σὺν

1946 4488 2147 4545 luerint
2193 4488 2391 4560 deponi
2439 4503 2563 4543 cum
2604 4461 2743 4555 illis;
2788 4494 2847 4542 ut
2877 4494 3007 4543 nota
3048 4461 3360 4543 sintrvob'is
3389 4501 3511 4556 qua:

283 4577 462 4641 αὐτοῖς
505 4577 924 4651 καθαιρεθῆναιο
978 4580 1064 4633 ἵνα
1122 4580 1216 4633 καὶ⁵
1266 4579 1335 4634 τὰ
1382 4579 1476 4636 νῦν
1521 4580 1841 4653 γραφόμενα

283 4668 473 4737 γνῶτε,
500 4669 602 4740 τήν
628 4687 689 4723 τε
726 4669 785 4723 ὲν
825 4671 1033 4734 τούτοις
1068 4671 1380 4742 συμφωνίαν
1408 4672 1613 4726 ἑαυτῶν
1640 4673 1841 4727 ἐπιδεί-

256 4743 465 4833 ²⁴ξησθε,
498 4763 592 4816 καὶ
618 4765 685 4835 τῇ
715 4762 1028 4835 καθαῖρέσει
1056 4761 1164 4816 τῶν
1209 4763 1338 4835 περὶ
1363 4765 1578 4835 Ἀρειον
1607 4765 1701 4820 καὶ
1732 4765 1841 4821 τῶν

284 4853 409 4925 περὶ
436 4853 634 4909 Πιστὸν
658 4853 937 4926 σύμψηφοι
965 4853 1217 4926 γένησθε.
1254 4854 1460 4925 Πρέπει
1487 4857 1594 4929 γὰρ
1620 4855 1688 4911 τὰ
1710 4857 1840 4929 παρ’

281 4943 414 5015 ἐμοῦ
457 4946 772 5018 γραφόμενα
812 4945 1095 5016 γινώσκειν
1136 4947 1298 5018 ὑμᾶς,
1340 4948 1434 5001 καὶ
1474 4948 1720 5015 ἕκαστον,
1765 4948 1841 5013 ὡς

251 5050 262 5075 ι’
284 5036 409 5110 παρ’
443 5037 613 5093 αὐτοῦ
638 5039 977 5112 γραφόμενα,
1003 5041 1059 5095 ὲν
1081 5042 1146 5112 τῇ
1174 5039 1367 5112 καρδίᾳ
1397 5040 1667 5112 κατέχειν.

350 5263 541 5334 (80)Ηί
557 5271 789 5336 quatuor
805 5264 1088 5336 postremi,
1092 5264 1331 5336 βεωνᾶς,
1349 5262 1668 5336 Σαρμάτων,
1685 5263 1838 5336 Κάρ-

281 5350 415 5399 πων,
437 5334 653 5400 Ζώῖλος,
686 5334 883 5391 desunt
909 5334 1051 5405 apud
1076 5334 1376 5390 Galasium.

350 5407 463 5477 (8i)
495 5407 704 5476 Παρὼν
729 5403 1048 5474 παροῦάιν.
1082 5405 1388 5476 Singularis
1429 5403 1682 5476 loquendi
1726 5404 1838 5461 for-

282 5478 460 5620 m‘tl18a2.)
497 5544 651 5604 [tunc
675 5544 883 5603 Pistum
927 5561 1051 5605 esse
1091 5553 1345 5618 putamus
1373 5545 1468 5619 qui
1496 5544 1835 5603 Alexandriae

1940 4582 2052 4653 jam
2095 4582 2299 4655 scripta
2327 4591 2474 4648 sunt,
2508 4589 2676 4652 utque
2715 4587 2954 4636 vestram
2984 4580 3040 4635 in
3078 4579 3230 4636 hisce
3281 4594 3509 4636 concor-

1943 4676 2089 4731 diam
2134 4675 2441 4745 declaretis,
2486 4689 2552 4729 ac
2600 4672 2927 4745 dcpositioni
2972 4672 3108 4737 Arii,
3157 4671 3290 4728 Pisti
3333 4673 3510 4729 socio-

1942 4783 2174 4842 rumque
2207 4767 2523 4841 sutlragium
2545 4765 2759 4822 addatis
2786 4773 3053 4821 vestrum.
3075 4764 3182 4818 Par
3204 4765 3401 4837 quippe
3424 4776 3509 4824 est

1941 4869 2217 4932 comperta
2246 4860 2402 4916 vobis
2438 4872 2562 4915 esse
2591 4871 2713 4929 quae
2734 4870 2767 4910 a
2793 4869 2881 4911 me
2902 4854 3209 4926 conscripta
3235 4863 3385 4922 sunt,
3415 4870 3509 4912 ea-

1941 4968 2049 5025 que
2083 4952 2351 5024 singulos,
2397 4951 2558 5022 quasi
2601 4949 2836 5023 quisque
2877 4953 3121 5003 vestrum
3173 4947 3506 5019 scripsisset,

1943 5045 2108 5102 corde
2136 5044 2444 5118 complecti.

1941 5269 2237 5341 episcopus
2277 5258 2351 5341 'ah
2401 5264 2622 5341 Arianis
2673 5264 2956 5341 ordinatus
3007 5269 3113 5341 est,
3154 5261 3356 5333 quippe
3399 5257 3505 5313 sub

1939 5336 2440 5411 ipsum—Arianismi
2487 5336 2704 5411 initium
2748 5336 2892 5391 inter
2914 5336 3318 5411 _antesi_gn_a_nos
3354 5342 3505 5411 com:

1938 5395 2253 5481 putabatur,
2285 5418 2345 5465 ut
2380 5408 2541 5481 paulo
2571 5405 2713 5464 infra
2746 5414 2850 5476 est,
2873 5404 2981 5462 τῶν
3008 5395 3143 5477 περῖ
3170 5404 3381 5475 Ἄρειον
3406 5395 3504 5452 καὶ

1938 5481 2046 5536 τῶν
2072 5481 2199 5555 περὶ
2227 5481 2441 5549 Πιστόν,
2468 5488 2595 5553 etc._
