4088 6284
248 334 355 390 585
1299 325 1532 383 SERMO
1568 323 1658 379 DE
1693 325 1862 381 ANIM

1848 325 1909 382 ΙΑ
1947 323 2036 381 ΕΤ
2073 326 2416 385 CORPORE.
2713 333 2717 336 ’
3358 333 3462 390 586

247 445 521 502 ctionibus.
561 442 628 500 Ut
648 460 763 500 vero
791 443 1100 505 existimem,
1126 442 1603 513 interpretationem
1630 440 1912 495 Arabicam
1958 456 2024 495 ex
2056 440 2283 496 secunda
2317 440 2539 514 Syriaca
2567 459 2678 498 esse
2705 443 3011 511 derivatum,
3046 455 3167 502 utor
3191 447 3286 503 hoc
3322 449 3467 502 indi-

246 541 346 604 cio,
373 537 512 608 quod
539 536 827 591 Arabicum
858 535 1050 589 codicis
1090 533 1186 589 101
1234 533 1589 604 fragmentum
1614 548 1733 588 cum
1762 531 1856 586 illo
1893 533 2179 601 posteriore
2206 530 2428 604 Syriaco
2470 534 2639 603 magis
2667 536 2905 605 congruit
2944 552 3100 607 quam
3127 553 3245 591 cum
3269 538 3465 607 pribre.

249 627 435 698 Itaque
457 626 670 680 etiamsi
696 625 1022 680 decreveram
1042 622 1460 678 additamentum
1490 622 1625 677 illud
1654 623 1914 688 omittere,
1937 624 2062 694 quia
2092 623 2241 678 valde
2273 624 2443 679 simile
2473 628 2702 680 sermoni
2737 629 2935 699 integro
2984 629 3281 700 videbatur,
3317 639 3464 684 atta-

245 736 360 773 men
380 719 505 790 quia
525 727 712 789 postea
737 716 964 785 comperi
988 724 1189 783 partem
1215 713 1500 768 Arabicam
1534 730 1653 769 cum
1706 714 1806 769 hac
1842 716 2016 785 pblius
2043 724 2191 784 parte
2215 713 2440 785 Syriaca
2464 716 2788 784 conspirare,
2820 735 2882 773 ne
2914 719 3014 773 mei
3037 720 3335 789 argumenti
3363 722 3466 774 vim

244 811 508 865 ullatenus
532 809 879 880 inﬁrmarem,
910 806 1045 860 hanc
1062 822 1260 877 quoque
1289 805 1569 877 Syriacam
1594 806 2263 892 repetitionemminoribus
2288 810 2479 897 sgltem
2521 807 2707 877 formis
2732 810 3131 879 imprimendam
3158 812 3359 867 curavi.

310 901 421 974 Age
450 918 570 957 vero
598 900 783 956 edendi
810 899 1066 955 sermonis
1096 898 1254 968 hujus
1281 905 1439 968 grata
1467 898 1829 968 opportunitas
1857 894 2026 964 adest,
2061 898 2185 969 quia
2210 894 2574 968 hoc'tempore
2614 914 2679 952 ex
2729 900 3016 970 Anglorum
3042 902 3177 971 typis
3204 900 3466 971 prodeunt

244 995 420 1065 magni
445 993 729 1048 Athanasii
757 990 968 1063 festales
1003 990 1234 1060 epistola:
1260 1007 1349 1045 seu
1375 991 1635 1045 orationes
1666 987 1866 1062 (Graece
1893 987 2196 1059 deperditw)
2228 989 2282 1043 in
2313 986 2534 1060 Syriaco
2561 991 2763 1060 pariter
2782 990 2957 1046 codice
2989 991 3210 1047 inventa:
3229 1009 3248 1047 :
3279 995 3466 1065 quibus

245 1084 326 1140 hic
341 1086 467 1155 jure
492 1085 775 1156 meritoque
810 1099 980 1140 comes
1008 1084 1097 1153 ﬁet
1124 1082 1417 1138 Alexandri
1442 1098 1634 1138 sermo.
1666 1080 1795 1135 Fuit
1820 1082 2005 1152 quippe
2037 1081 2338 1137 Alexander
2367 1082 2651 1138 Athanasii
2680 1100 2714 1137 a
2753 1085 2953 1152 pueris.
2979 1084 3234 1140 educator
3253 1127 3270 1153 ,
3313 1104 3467 1160 quem

242 1176 564 1249 familiarem
592 1191 813 1243 semper,
844 1176 1221 1231 adolescentem
1247 1191 1424 1240 senex,
1453 1183 1503 1230 et
1517 1175 1891 1230 charissimam
1917 1174 2121 1240 habuit,
2148 1191 2337 1229 mensa'
2357 1176 2517 1229 etiam
2544 1177 2864 1246 quotidiana:
2895 1179 3223 1248 participem,
3249 1191 3303 1234 et
3328 1181 3463 1250 ﬁde-

241 1284 337 1324 tem
368 1268 645 1323 librarium
674 1281 693 1320 :
736 1267 973 1323 eumdem
1000 1268 1111 1337 ipse
1137 1266 1416 1329 diaconum
1444 1265 1727 1333 ordinavit,
1760 1282 2033 1337 secumque
2060 1265 2129 1320 ad
2162 1264 2440 1320 Nicwnum
2489 1267 2767 1322 concilium
2798 1267 2980 1335 duxit,
3010 1280 3068 1324 ut
3099 1271 3210 1325 illic
3247 1289 3463 1342 operam

238 1361 336 1418 sibi
362 1369 599 1425 novaret,
643 1361 1138 1432 συναγωνιζόμενον
1168 1358 1315 1430 αὐτῷ
1341 1361 1492 1427 ἐκεῖ,
1519 1367 1576 1413 ut
1605 1357 1799 1414 diserte
1834 1375 1852 1412 ι

1842 1359 1909 1412 ait
1941 1357 2186 1413 Socrates
2228 1357 2368 1415 Hist.
2402 1358 2494 1416 lib.
2520 1375 2575 1426 ι,
2624 1361 2721 1428 15ς
2750 1377 2903 1432 quem
2956 1361 3175 1434 denique
3226 1366 3456 1421 moriens

235 1470 373 1524 saepe
397 1454 604 1510 nomine
633 1453 983 1524 compellavit,
1003 1462 1157 1524 atque
1189 1461 1247 1506 ut
1272 1450 1374 1506 sibi
1390 1467 1659 1506 successor
1681 1453 1848 1521 fieret,
1866 1449 2285 1505 Alexandrinum
2318 1451 2515 1506 clerum
2543 1453 2695 1507 enixe
2723 1455 2952 1525 rogavit,
2981 1453 3120 1525 quod
3142 1471 3323 1525 reapse
3342 1474 3462 1511 cum

236 1551 447 1620 inﬁnita
478 1550 553 1613 rei
585 1548 898 1604 Christiana:
917 1547 1147 1602 utilitate
1171 1548 1386 1618 contigit
1413 1563 1432 1601 :
1466 1547 1544 1600 ita
1568 1544 1988 1599 utAthanasium
2012 1545 2167 1599 talem
2191 1553 2494 1615 tantumque
2522 1546 2852 1614 episcopum,
2876 1547 3171 1601 Alexandri
3201 1551 3343 1603 curis
3372 1568 3486 1605 ac--

229 1650 440 1712 ceptum
465 1641 776 1711 referamus.
808 1637 842 1692 J
849 1656 935 1694 am
962 1647 1019 1692 ut
1039 1637 1337 1693 Alexander
1353 1637 1709 1692 Athanasium
1740 1635 2117 1692 adolescentem
2138 1638 2280 1691 omni
2311 1637 2473 1707 officio
2508 1638 2807 1708 complexus
2833 1647 2931 1706 est,
2957 1641 3035 1694 ita
3063 1638 3200 1694 idem
3221 1640 3462 1698 Alexan-

230 1733 326 1789 der
357 1742 515 1787 antea
531 1733 739 1802 juvenis
772 1729 932 1785 Petro
959 1732 1198 1801 episcopo
1249 1730 1475 1802 martyri
1525 1729 1812 1799 familiaris
1841 1729 2075 1798 apprime
2109 1728 2285 1799 fuerat
2310 1769 2322 1792 ,
2369 1738 2522 1800 atque
2551 1730 2616 1782 ab
2667 1745 2725 1784 eo
2754 1746 3023 1786 successor
3051 1741 3169 1801 post
3196 1733 3463 1791 Achillam

228 1824 466 1894 ejusdem
494 1824 713 1895 fratrem
733 1823 1054 1895 designatus.
1080 1821 1342 1893 Namque,
1375 1830 1431 1875 ut
1452 1821 1640 1893 legitur
1665 1821 1720 1875 in
1752 1819 1898 1874 Petri
1936 1818 2056 1874 Vita
2077 1819 2152 1890 (a)
2181 1837 2215 1873 a
2244 1819 2390 1874 nobis
2417 1819 2560 1875 edita
2591 1819 2779 1892 Spicil.
2803 1831 2841 1877 t.
2872 1820 2991 1887 III,
3012 1839 3067 1893 p.
3096 1823 3221 1893 682,
3250 1835 3459 1897 martyr

233 1917 462 1988 inclytus
495 1918 551 1971 in
577 1933 786 1972 carcere
810 1915 1030 1985 positus,
1060 1923 1109 1969 et
1122 1914 1240 1983 jam
1270 1929 1366 1983 pro
1393 1914 1497 1982 fide
1528 1911 1851 1982 plectendus,
1883 1911 2063 1966 ambos
2095 1911 2215 1967 illos
2243 1911 2613 1968 Alexandrina:
2641 1914 2754 1968 sedi
2785 1923 2903 1985 post
2933 1932 2988 1970 se
3020 1914 3301 1973 destinavit
3349 1922 3460 1989 epi-

234 2022 441 2076 scopos,
473 2006 650 2063 dicens
673 2021 692 2061 :
723 2024 743 2059 ‹
768 2005 841 2061 Te
867 2004 1074 2078 quidem
1096 2004 1359 2060 Achillam
1386 2004 1636 2073 primum,
1656 2001 2021 2056 Alexandrum
2044 2018 2162 2056 vero
2185 2002 2488 2058 secundum.
2522 2003 2590 2058 Et
2622 2022 2744 2061 mox
2772 2023 2784 2035 °
2814 2005 3129 2064 Osculantes
3151 2009 3299 2066 Petri
3340 2029 3460 2066 ma-

231 2117 329 2154 nus
358 2116 423 2153 ac
453 2097 605 2168 pedes
634 2096 872 2152 Achillas
890 2105 1045 2167 atque
1071 2093 1396 2160 Alexander,
1431 2092 1668 2148 conversi
1692 2093 1748 2147 in
1775 2091 2039 2163 lacrymas
2069 2093 2305 2164 singultu
2347 2095 2688 2151 amarissimo
2714 2096 3110 2167 quatiebantur.
3152 2118 3173 2153 ι

301 2189 573 2261 Quidquid
602 2189 854 2245 hactenus
883 2188 1199 2256 scriptorum
1222 2186 1516 2242 Alexandri
1538 2184 1800 2250 exstabat,
1831 2182 1896 2238 ab
1927 2183 2191 2239 historicis
2210 2185 2585 2241 ecclesiasticis
2612 2197 2994 2255 conservatum,
3025 2190 3082 2243 id
3107 2190 3296 2243 Arium
3316 2190 3461 2260 ejus-

228 2298 330 2352 que
353 2281 595 2335 alumnos
626 2286 918 2350 oppugnat;
946 2276 1082 2332 duas
1121 2276 1352 2349 intellige
1371 2273 1646 2345 epistolas,
1677 2288 1902 2344 quarum
1938 2275 2085 2343 prior
2112 2290 2328 2344 prorsus
2354 2276 2574 2347 insignis
2593 2317 2608 2344 ,
2644 2286 2901 2333 tractatus
2951 2279 3242 2349 plenissimi
3286 2282 3460 2337 instar

232 2381 333 2438 αι,
365 2382 416 2427 et
444 2373 586 2428 omni
613 2372 770 2425 laude
790 2368 981 2438 major.
1010 2369 1175 2440 Atqui
1203 2369 1284 2424 hre
1310 2369 1430 2423 duce
1451 2381 1521 2422 'ex
1547 2367 1878 2437 septuaginta
1902 2378 2206 2438 supersunt;
2267 2377 2344 2425 tot
2371 2372 2512 2426 enim
2538 2371 2603 2425 ab
2622 2388 2683 2427 eo
2723 2374 2947 2443 scriptas
2975 2384 3198 2431 testatur
3220 2375 3460 2448 Epipha-

234 2467 353 2520 nius
383 2466 511 2520 hazr.
544 2479 690 2528 Lxu,
721 2463 792 2518 ιε
826 2481 846 2515 ι
896 2461 1239 2535 Ἀλέξανδρος
1269 2463 1563 2527 ἐπίσκοπος
1588 2459 1788 2534 γράφει
1831 2463 2118 2527 ἐπιστολὰς
2146 2465 2486 2533 ἐγκυκλίους,
2517 2464 2716 2530 αἵτινες
2744 2467 2895 2541 παρὰ
2922 2469 3227 2539 φιλοκάλοις
3252 2472 3332 2527 ἔτι
3355 2473 3460 2527 σώ-

230 2555 437 2623 ζονται,
459 2556 535 2621 ὡς
556 2555 647 2609 τὸν
678 2553 908 2627 ἀριθμὸν
937 2554 1321 2627 ἑϐδομήκοντα.
1357 2553 1655 2609 Alexander
1682 2554 1844 2624 episco

1846 2571 1950 2625 ipus
1978 2556 2162 2610 scribit
2196 2557 2445 2627 epistolas
2484 2559 2796 2629 encyclicas,
2833 2575 2949 2630 qua:
2978 2546 3150 2617 adhuc
3178 2563 3318 2634 apud
3341 2574 3460 2619 stu-

226 2649 413 2706 diosos
444 2658 736 2711 servantur,
764 2663 977 2701 numero
1015 2647 1121 2718 fere
1167 2648 1515 2719 septuaginta.
1550 2667 1572 2701 ι
1608 2644 1774 2703 Unius
1801 2663 1867 2704 ex
1905 2649 1986 2709 his
2031 2650 2326 2721 fragmenta
2348 2654 2524 2708 tenuia
2545 2655 2775 2719 citantur
2801 2671 2835 2709 a
2862 2653 3100 2711 Maximo
3124 2672 3246 2728 opp.
3289 2666 3329 2711 t.
3363 2655 3452 2720 Il,

230 2761 288 2816 p.
323 2744 449 2810 152,
481 2742 606 2798 155.
639 2739 850 2795 Utinam
878 2742 959 2794 hic
987 2741 1043 2795 in
1081 2739 1346 2796 codicibus
1386 2741 1573 2796 saltem
1604 2740 1843 2813 Syriacis
1887 2741 2283 2811 conspiciendas
2310 2760 2366 2801 se
2391 2743 2600 2811 darent,
2630 2746 2768 2817 quod
2792 2763 2955 2818 nuper
2982 2747 3284 2819 felicissime
3313 2752 3457 2805 acci-

224 2837 313 2890 dit
336 2831 749 2889 Athanasianis!
774 2828 932 2883 Nunc
962 2829 1016 2883 in
1057 2838 1202 2884 tanto
1231 2831 1544 2901 scriptorum
1569 2832 1859 2889 Alexandri
1887 2835 2188 2906 naufragio,
2210 2850 2498 2890 sermonem
2526 2836 2712 2892 saltem
2739 2854 2899 2894 unum
2924 2841 2980 2895 in
3004 2842 3184 2909 populi
3207 2848 3454 2901 concione

226 2928 473 2983 habitum
497 2927 679 2982 libenti
708 2927 884 2982 animo
906 2926 1248 2996 excipiamus,
1272 2926 1329 2982 in
1350 2943 1473 3000 quo,
1507 2939 1698 2998 prazter
1737 2938 1931 2985 cwtera
1964 2930 2139 2995 utilia,
2166 2928 2369 2986 Christi
2392 2930 2639 2987 divinitas
2656 2934 2857 3009 passim
2884 2936 3227 3005 prwdicatur.
3271 2942 3455 3019 Neque

224 3021 383 3076 abest
405 3020 698 3115 eloguentia
727 3019 901 3091 (quam
926 3020 975 3073 ei
998 3018 1158 3115 tribui
1185 3037 1219 3074 a
1251 3018 1461 3076 Gelasio
1492 3021 1769 3093 diximus),
1800 3024 1970 3078 nitida
1994 3024 2211 3089 scilicet,
2236 3023 2528 3094 popularis,
2555 3035 2606 3080 et
2631 3043 2718 3082 ore
2744 3028 3025 3099 episcopali
3044 3031 3226 3103 digna.

305 3109 609 3169 sermonem
629 3111 763 3165 hunc
774 3109 1063 3166 Alexandri
1082 3112 1430 3180 suppeditavit
1445 3113 1609 3168 codex-
1621 3113 1873 3186 Sgriacus
1895 3113 2039 3182 Vat.,
2061 3116 2445 3183 membraneus,
2469 3124 2634 3181 vetus,
2655 3115 2959 3174 Chaldaicis
2985 3121 3176 3179 litteris
3188 3126 3386 3197 duplici
3400 3133 3455 3186 in

232 3205 491 3261 laterculo
516 3216 788 3258 exoratus.
816 3203 1019 3258 Habuit
1046 3204 1092 3258 is
1127 3205 1403 3276 sexaginta
1419 3205 1664 3261 homilias
1683 3205 1927 3278 (quorum
1953 3223 2089 3262 nunc
2108 3223 2307 3274 novem,
2326 3206 2391 3264 ob
2408 3210 2605 3264 amissa
2620 3209 2773 3280 folia,
2788 3210 2996 3282 desunt)
3014 3213 3241 3272 Patrum
3272 3221 3452 3276 ortho-

226 3297 485 3351 doxorum
500 3292 655 3364 Greg.
670 3292 725 3347 Ν
726 3294 919 3364 gsseni,
936 3291 1086 3365 Greg.
1108 3293 1373 3366 Theologi,
1385 3295 1597 3362 Basilii,
1615 3296 1986 3367 Amphilochii,
1998 3298 2157 3354 Joan.
2173 3297 2553 3371 Chrysostomi,
2569 3300 2769 3364 Procli,
2790 3300 2970 3356 Isaaci
2984 3304 3166 3376 (unum
3182 3311 3339 3363 etiam
3353 3312 3456 3364 Eu-
3472 3284 3477 3290 ί

226 3385 358 3442 sebii
377 3385 552 3451 Alex.,
580 3399 702 3439 nam
728 3383 971 3437 mendum
990 3392 1067 3438 est
1085 3383 1138 3437 in
1153 3386 1415 3458 catalogo,
1440 3387 1547 3442 alio
1565 3388 1773 3443 nomine
1791 3388 2094 3456 substituto,
2113 3389 2188 3446 De
2213 3391 2301 3447 die
2323 3390 2646 3461 Dominica).
2675 3389 2825 3447 Inter
2839 3394 2932 3450 hos
2955 3397 3250 3454 vicesimum
3277 3400 3475 3458 locum'

230 3487 367 3533 tenet
396 3476 686 3532 Alexandri
716 3476 800 3530 hic
828 3490 1036 3539 sermo;
1060 3492 1209 3546 quem
1248 3488 1432 3535 auctor
1459 3478 1637 3536 Graece
1666 3483 1968 3552 scripserat,
1995 3482 2122 3554 Syri
2159 3494 2210 3539 et
2241 3484 2463 3550 Arabes,
2501 3494 2560 3539 ut
2584 3483 2957 3556 demonstravi,
2988 3490 3043 3545 in
3092 3493 3296 3564 linguas
3325 3509 3451 3553 suus

229 3570 643 3633 transtulerunt;
672 3569 735 3623 de
757 3568 909 3638 cujus
938 3569 1238 3628 sinceritate
1263 3575 1561 3630 testimonia
1587 3576 1845 3645 prwdicta
1863 3576 2099 3632 codicum
2129 3587 2177 3632 et
2206 3589 2482 3635 auctorum
2507 3580 2751 3635 dubitare
2775 3597 2869 3636 nos
2897 3583 3042 3638 nullo
3064 3586 3216 3642 modo
3246 3590 3448 3649 sinunt.

297 3660 376 3733 (a)
412 3659 547 3714 Vide
581 3675 765 3730 supra,
794 3662 899 3717 col.
930 3660 1064 3717 458.

245 3787 3436 3839 Ἢ

222 3929 706 4094 αξξυς
778 3907 1403 4124 ιῖῗρέᾷιζ
1445 3909 2075 4124 ωοὲτιέαέῗ
2130 3934 2543 4096 L112;
2651 3953 3012 4124 ,5;
3116 3945 3432 4117 ιὶδοιςῖ

1282 4164 1398 4221 γρ
1679 4166 1988 4229 φγ,,ν
2124 4169 2202 4229 ,ρ
2315 4182 2363 4229 7

906 4518 989 4635 S.
1063 4518 1586 4639 ALEXAND!“
1656 4514 2236 4640 ΕΗ80οΡ1’(⁸⁵)
2274 4529 2520 4653 ALEX

1270 4518 1586 4639 [ANIMI]
1656 4514 2236 4640 ΕΗ80οΡ1’(⁸⁵)
2274 4529 2884 4659 ΑιΕΧΑΝυιιιΑι

1638 4738 2037 4834 SERMO
2953 4849 2962 4860 ,

473 4900 497 4915 ”
615 4903 733 4966 DE
787 4906 1072 4969 ANIMA
1133 4909 1242 4971 ET
1309 4911 1744 4976 CORPORE
1807 4890 2117 4992 I’EQUE
2182 4927 2636 4996 PASSIONE
2693 4937 3053 5006 DOMINI.

410 5321 635 5380 ἷκγἭ
773 5354 862 5380 ,Α

225 5361 293 5495 \2
761 5325 1049 5482 1313.2
1087 5418 1216 5465 υοο
1619 5333 1839 5494 ligik

1916 5371 1959 5408 η,
2087 5325 2148 5388 lo
2170 5328 2548 5412 demittitur,
2586 5341 2884 5408 cordibus
2912 5348 3146 5411 nostris
3174 5350 3451 5429 irrigan-

1837 5428 1982 5476 Α»
2048 5441 2060 5455 ’
2085 5448 2184 5498 «ἥς
2218 5449 2520 5498 ῘΓῘΛΠΔΠΜ
2553 5468 2643 5498 nol
2708 5464 2759 5498 με
2805 5469 3158 5498 κληηε-ι..ιε
3190 5471 3325 5498 -:.-..
3356 5487 3425 5498 --ι

239 5448 290 5495 \v
344 5448 720 5498 ίχ-ν-τν
761 5448 1044 5482 θ’·-νηε
1087 5448 1214 5465 ’ν’
1248 5448 1583 5512 Ι--ιδ“-¹
1619 5448 1853 5494 I’Ih‘

239 5499 345 5582 ’.ρ
448 5524 676 5582 νιν-
795 5543 869 5582 .m
969 5544 1138 5582 In.»
1236 5539 1288 5582 κ
1495 5545 1548 5582 γ
1746 5519 1782 5582 ξ

1846 5448 1982 5579 '2‘”
2048 5448 2059 5455 ⁷
2085 5448 2184 5512 dis
2213 5449 2524 5521 idoneum
2553 5468 2671 5539 est,
2705 5464 2760 5527 si
2805 5484 2922 5531 nos
2941 5469 3160 5532 virtuti
3186 5471 3326 5549 ejus
3355 5487 3460 5549 pa-

225 5556 517 5649 οθδ-ι-ῖο
563 5556 1626 5696 ὶὸὶιιέοιΉ-Ξ-ιεμρ...
1666 5556 1820 5682 ei:

1857 5556 1984 5664 ζα
2082 5574 2200 5636 rati
2221 5574 2558 5661 fuerimus,
2597 5605 2725 5651 non
2774 5591 3045 5655 dicendo
3074 5601 3458 5655 tantummon

227 5722 529 5839 “ﬁatﬁat
550 5728 604 5781 in
640 5729 762 5786 cod.
799 5732 1043 5801 episcopi,
1073 5742 1133 5789 ut
1164 5745 1251 5793 est
1281 5739 1447 5823 etiam
1487 5741 1542 5796 in
1576 5758 1772 5814 magna
1812 5745 1932 5815 ejus
1958 5746 2189 5817 epistola
2230 5748 2556 5821 dogmatica,
2603 5768 2712 5808 non
2745 5726 3242 5825 archiepiscopum
3263 5753 3459 5812 deinde

350 5836 355 5839 _
399 5832 409 5839 .
455 5813 468 5839 I
526 5810 716 5839 nni-nm
748 5803 1006 5839 nrmanlna
1046 5804 1387 5839 Annonam...
1411 5829 1424 5839 .
1453 5813 1534 5839 ..,.|
1565 5817 1746 5839 .....:..-
1778 5815 1866 5839 Ls-
1891 5816 2079 5839 .:.--.---
2115 5834 2207 5839 __-
2236 5821 2377 5839 m,-.,
2516 5826 2526 5836 ο
2571 5831 2583 5839 .
2623 5825 2634 5836 ε
2789 5826 2799 5839 .
2824 5826 2835 5839 .

258 5796 471 5861 ppeﬂati
504 5796 720 5890 inerunt
747 5796 1009 5883 praesules
1030 5796 1424 5881 Alexandrini;
1453 5813 1538 5870 vel
1564 5796 2213 5890 libi’i‘ﬁshié‘iniids'b'Eo

501 5888 766 5956 mnos.
804 5895 920 5958 Gn.
961 5896 1188 5962 xvm.
2113 5888 2115 5890 ’

2113 5888 2132 5890 ⁷
3068 5917 3141 5978 19
