4090 6288
359 333 470 396 615

1238 333 1333 392 DE
1359 336 1954 394 ENGASTRIMYTHO
1983 336 2270 394 CONTRA
2308 337 2683 396 ORIGENEM.

3479 338 3588 398 οη

367 527 3557 569 W

801 729 1502 848 ORIGENES
1577 727 1760 843 DE
1841 732 3116 850 ENGASTRIMYTHO.

1664 953 1736 1034 '(l
1771 954 1926 1033 Reg.
1960 952 2285 1036 XXVIII.)

909 1123 1075 1186 Vide
1106 1121 1377 1204 hujusce
1407 1122 1790 1202 Pan-elogia
1817 1122 2316 1186 Graeco-Latinae
2346 1130 2496 1188 tom.
2529 1128 2676 1200 XII,
2709 1126 2830 1190 col.
2873 1128 3046 1190 1011.

376 1348 3558 1381 —.___—___——_—__—————————————_

981 1516 1325 1651 ΤΟΥ
1398 1511 1914 1649 ΑΓΙΟΥ
2011 1513 2971 1652 ΕΥΣΤΑΘΙὈΥ

842 1777 2119 1896 ΑΡΧΙΕΠΙΣΚΟΠΟΥ
2183 1779 3116 1896 ΑΝΤΙΟΧΕΙΑΣ

1688 2021 1876 2073 ΚΑΤΑ
1907 2021 2290 2075 ΩΡΙ-ΓΕΝΟΥΣ

372 2208 542 2296 ΕΙΣ
611 2209 758 2294 ΤΟ
849 2206 1063 2293 ΤΗΣ
1152 2200 2074 2292 ΕΓΓΑΣΤΡΙΜΥΘΟΥ
2149 2203 2681 2294 ΘΕΩΡΗΜΑ
2754 2203 3581 2295 ΔΙΑΓΝΩΣΤΙΚΟΣ.

1120 2551 1784 2666 SANCTI
1867 2553 2857 2669 πειτα-[επ

1502 2759 2020 2819 ARCHIEPISCOPI
2055 2762 2472 2820 ANTIOCHENI

824 2923 1153 2988 CONTRA
1189 2922 1650 2989 ORIGENEM
1667 2926 1784 2987 DE
1813 2927 2539 2993 ENGASI‘RJMYTHO
2571 2929 3121 2992 DISSERTATIO

1635 3087 1802 3138 Leone
1821 3090 2004 3140 Allatio
2027 3091 2345 3155 interprete;

445 3354 489 3407 Ι.
532 3351 643 3406 Ἀεὶ
683 3351 780 3423 μὲν
805 3351 1014 3422 ἄγαμαι
1041 3351 1130 3406 τὸν
1160 3353 1419 3425 ἀξιοφανῆ
1448 3354 1544 3425 τῆς
1580 3353 1765 3408 ἐνθέου
1791 3355 1940 3408 πολι-

2108 3355 2151 3409 1.
2206 3353 2430 3423 Semper
2452 3353 2702 3422 equidem
2735 3353 2928 3407 dIvinae
2961 3352 3174 3407 vivendi
3219 3353 3444 3410 rationis
3486 3363 3593 3410 tuae

375 3441 525 3504 τείας
570 3457 662 3494 σου
705 3440 883 3512 ζῆλον,
928 3435 972 3494 ὧ
1020 3441 1450 3513 διαπρεπέστατε
1493 3443 1592 3512 τῆς
1635 3442 1939 3514 ὀρθοδοξίας

377 3532 666 3606 ἱεροκήρυξ
698 3533 985 3605 Εὐτρόπιεο
1027 3533 1089 3586 τὸ
1123 3534 1180 3588 δὲ
1218 3535 1316 3606 τῆς
1352 3533 1630 3600 εὐσεϐείας
1672 3553 1764 3589 σου
1803 3535 1942 3605 γνώ-

382 3640 549 3696 ρισμα
570 3623 848 3695 πολλαχῶς
882 3623 1312 3695 ἐκπληττόμενος
1345 3625 1444 3695 οὐχ
1465 3625 1664 3694 ἥκιστα
1690 3627 1784 3678 καὶ
1815 3627 1942 3697 περὶ

377 3717 494 3770 τόδε
543 3716 776 3786 μάλιστα
815 3715 1134 3788 τεθαύμακα
1161 3715 1222 3769 τὸ
1253 3716 1436 3787 μέροςο
1478 3717 1557 3769 ὅτι
1582 3717 1764 3786 σαφῶς
1786 3719 1940 3792 ἀκρι-

378 3807 550 3861 ϐῶσαι
579 3807 753 3878 βούλει
778 3807 895 3872 πῶς
929 3808 993 3862 ἂν
1019 3807 1196 3878 ἔχοιμι
1221 3807 1444 3879 γνώμης
1471 3807 1631 3861 ἕνεκα
1655 3809 1752 3880 τῆς
1781 3811 1944 3879 ἐγγα-

379 3897 672 3971 στριμύθου
711 3899 808 3970 τῆς
837 3899 894 3952 ὲν
934 3901 999 3968 τῇ
1036 3897 1226 3971 πρώτῃ
1250 3898 1356 3950 τῶν
1383 3898 1674 3953 Βασιλειῶν
1705 3900 1942 3971 ἱστορου-

381 3990 568 4062 μένης·
598 3991 657 4042 οὐ
691 3990 798 4061 γὰρ
826 3989 1152 4061 ἀρέσκεσθαι
1183 3991 1288 4060 φῂς
1314 3983 1394 4052 οἷς
1432 3989 1692 4054 ἐξέδωκεν
1735 3990 1942 4063 Ὠριγέ-

377 4098 476 4152 νης
501 4085 578 4145 εἰς
604 4081 758 4152 τήνδε
789 4082 888 4152 τὴν
921 4079 1194 4135 ὑπόθεσιν.
1236 4081 1310 4133 Οὐ
1347 4081 1452 4150 μὴν
1487 4080 1622 4134 ἀλλὰ
1644 4080 1816 4150 ἔγωγε
1848 4081 1940 4134 καὶ

378 4173 568 4237 ἄλλους
594 4168 708 4227 οἶδα
734 4173 812 4226 ἔτι
845 4173 1221 4245 μεμφομένους
1249 4173 1349 4226 οὐκ
1371 4173 1578 4242 ὀλίγους
1603 4174 1685 4242 ἐφ’
1713 4168 1792 4236 οἷς
1814 4173 1943 4245 ὠρί-

379 4281 511 4318 σατο
546 4266 867 4337 προχείρως,
895 4265 1029 4318 ἀλλὰ
1055 4265 1235 4336 συχνοὶ
1263 4265 1358 4335 μὲν
1389 4267 1523 4317 εἰσιν
1547 4267 1595 4317 οἱ
1627 4265 1940 4335 δακνόμενοι

376 4355 476 4420 τὰς
506 4356 679 4428 ψυχὰς
707 4357 1058 4428 ἀσχάλλοντες
1082 4358 1140 4409 οὐ
1178 4356 1427 4428 μετρίως·
1459 4357 1568 4411 ἔσθ’
1593 4359 1680 4410 ὅτε
1717 4358 1772 4411 δέ
1801 4375 1942 4422 τινες

376 4441 458 4511 οἷς
504 4447 738 4520 ἔγραψεν
786 4451 990 4512 ἐκεῖνος
1022 4448 1348 4516 ὑπάγονται,
1391 4451 1457 4520 τῇ
1491 4448 1832 4522 προλαϐούσῃ
1859 4449 1943 4503 δο-

376 4538 602 4610 ξοκοπίᾳ
635 4541 762 4611 ῥᾷον
785 4539 1182 4610 ἁνατιθέμενοι,
1217 4541 1438 4604 καὶτοῖς
1465 4542 1686 4611 ὀνόμασι
1725 4541 1940 4612 μᾶλλον,

376 4632 490 4686 ἀλλ’
511 4633 577 4686 ὀὐ
605 4635 714 4696 τοῖς
742 4633 1027 4704 πράγμασι
1056 4634 1425 4705 προσέχοντες,
1451 4634 1524 4698 ὡς
1549 4635 1686 4689 δέον.
1725 4636 1818 4688 Ἴν’
1849 4630 1940 4688 οὖν

2039 3447 2235 3508 zelum,
2272 3445 2492 3514 dignum
2526 3445 2694 3513 quiet
2719 3445 2840 3499 aliis
2866 3445 3192 3511 innotescat,
3222 3459 3254 3499 ο
3282 3455 3443 3500 rectae
3469 3446 3592 3503 ﬁdei

2038 3535 2389 3593 celeberrime
2415 3542 2468 3590 et
2499 3550 2652 3590 sacer
2679 3537 3001 3606 praedicator
3029 3535 3248 3606 Eutropi
3269 3577 3284 3601 ,
3318 3552 3594 3592 commen-

2038 3627 2107 3682 do
2133 3645 2146 3682 :
2177 3641 2363 3681 verum
2394 3633 2502 3680 tuac
2523 3626 2752 3696 insignis
2776 3627 2992 3696 pietatis
3017 3628 3212 3696 saepius
3238 3628 3595 3684 admiratione

2038 3730 2364 3782 commotus,
2398 3734 2507 3773 non
2538 3719 2718 3773 minus
2746 3726 2906 3789 atque
2926 3720 3002 3774 illi
3037 3721 3306 3790 praecipue
3327 3736 3444 3774 eam
3470 3721 3591 3777 lau-

2038 3811 2180 3867 davi.
2221 3810 2318 3866 Vis
2337 3811 2534 3880 quippe
2561 3817 2618 3864 ut
2647 3811 2971 3865 sententiam
3007 3826 3181 3865 meam
3215 3812 3281 3866 de
3314 3811 3594 3883 Engastri—

2038 3906 2223 3976 mytho
2243 3945 2256 3969 ,
2291 3904 2449 3972 cujus
2484 3903 2659 3973 primo
2685 3900 2890 3972 Regum
2917 3902 3141 3957 historia
3171 3902 3385 3973 legitur,
3413 3905 3595 3959 decla-

2037 4013 2151 4052 rem
2211 3997 2556 4065 dilucideque
2611 3999 2868 4064 aperiam.
2927 3992 3138 4048 Etenim
3188 4009 3309 4063 quae
3366 3996 3434 4051 de
3493 3997 3595 4052 hac

2039 4087 2266 4142 materia
2295 4087 2532 4157 vulgavit
2556 4083 2848 4155 Origenes,
2893 4085 2992 4140 tibi
3021 4101 3195 4154 neque
3226 4095 3379 4156 grata
3419 4104 3598 4159 neque

2039 4187 2260 4249 accepta
2285 4185 2430 4234 sunt.
2466 4175 2600 4230 Novi
2636 4176 2881 4246 equidem
2905 4176 3060 4240 alios,
3095 4191 3297 4246 eosque
3327 4194 3432 4233 non
3463 4195 3598 4250 pau-

2040 4286 2156 4336 cos,
2189 4279 2410 4340 questus
2431 4268 2498 4323 de
2526 4268 2592 4322 iis
2619 4283 2739 4337 quae
2763 4277 2960 4322 temere
2988 4268 3054 4320 ab
3083 4268 3172 4323 illo
3197 4270 3403 4337 prolata
3435 4279 3593 4335 sunt,

2040 4360 2414 4430 plurimosque
2455 4357 2621 4411 fuisse
2645 4357 2735 4426 qui
2770 4365 3052 4427 propterea
3094 4357 3276 4412 animo
3309 4359 3596 4416 vehemen-

2041 4450 2248 4505 tissime
2276 4448 2681 4504 excruciantur.
2705 4446 2962 4501 Nonuulli
2995 4447 3122 4502 item
3146 4449 3291 4502 illius
3320 4465 3598 4504 commen-

2042 4542 2339 4596 tationibus
2399 4541 2787 4610 acquiescunt,
2846 4555 3158 4609 novumque
3212 4540 3405 4610 dogma
3458 4541 3598 4595 male

2042 4631 2314 4686 intrusum
2339 4631 2497 4685 facile
2523 4631 2954 4700 amplectuntur,
2989 4638 3042 4684 et
3072 4630 3386 4685 nominibus
3417 4632 3598 4701 potius

379 4725 454 4795 μὴ
487 4724 698 4794 δόξαιμι
745 4725 865 4778 κατ’
895 4725 1127 4796 ἐμαυτὸν
1163 4727 1344 4795 ἀγῶνα
1381 4727 1650 4780 δικανικὸν
1681 4727 1936 4796 εἰσάγειν,

2043 4739 2204 4794 quam
2230 4724 2411 4786 rebus,
2446 4722 2588 4792 quod
2620 4721 2762 4775 facto
2785 4736 2921 4791 opus
2951 4729 3115 4786 esset,
3143 4722 3385 4776 animum
3412 4722 3601 4777 adver-

375 4815 477 4868 οὐκ
506 4816 765 4869 ἀνοίκειον
793 4815 1030 4887 ἡγοῦμαι
1065 4819 1240 4870 πᾶσαν
1281 4817 1376 4888 μὲν
1404 4817 1535 4888 όμοῦ
1565 4818 1816 4884 συζεῦξαι
1847 4817 1943 4889 τὴν

2039 4822 2180 4869 tunt.
2216 4814 2292 4868 Ne
2338 4813 2502 4884 igitur
2541 4821 2730 4882 sponte
2772 4813 2988 4867 forense
3026 4827 3088 4867 ac
3142 4815 3598 4868 concertatorium

377 4905 637 4978 ἐξήγησιν
683 4907 847 4959 αὑτοῦ
893 4907 1019 4978 τῇδε
1060 4907 1150 4961 τοῦ
1198 4908 1519 4979 γράμματος
1554 4907 1846 4979 ὑπαγορίᾳ,
1875 4907 1942 4960 δι’

2040 4905 2296 4975 iudiciale
2317 4919 2488 4974 genus
2520 4903 2755 4958 subiisse
2788 4901 3005 4965 videar,
3044 4916 3221 4970 operae
3251 4901 3602 4972 pretiumje-

378 4997 640 5068 ἑκατέρου
691 4997 748 5050 δὲ
790 4999 1060 5070 τρανῶσαι
1093 4997 1154 5052 τὸ
1194 4998 1381 5068 σαφέςο
1423 4998 1498 5062 ὼς
1532 4998 1596 5052 ἂν
1631 4999 1765 5069 μήτε
1801 4997 1946 5063 τινὲς

377 5085 568 5140 οἴοιντο
591 5090 941 5156 συκοφαντεῖν
966 5088 1112 5159 ἡμᾶς
1135 5088 1281 5152 ὅπως
1305 5088 1502 5159 δήποτε
1531 5086 1750 5152 δοξάσαι
1779 5103 1948 5160 προσ-

380 5176 674 5248 αχθέντας,
736 5179 859 5250 μήτ’
900 5173 965 5232 αὖ
1026 5178 1188 5235 πάλιν
1247 5179 1619 5251 ἀμφηρίστους
1663 5173 1801 5231 εἶναι
1850 5177 1949 5243 τὰς

377 5269 536 5334 δόξας
585 5272 888 5344 ἑκατέρωνθ
936 5270 1136 5326 οἴονται
1185 5271 1294 5343 γὰρ
1342 5273 1407 5325 ὲκ
1452 5271 1550 5344 τῆς
1609 5269 1948 5342 παραλλήλου

381 5360 719 5432 συγκρίσεως
744 5361 1084 5426 ἀνεξετάζειν
1114 5363 1210 5432 μὲν
1238 5363 1383 5426 ὅπως
1410 5361 1508 5433 ἔχῃ
1529 5360 1684 5432 δόξης
1717 5360 1948 5430 ἑκάτερα

379 5453 450 5506 τὰ
480 5453 640 5524 μέρη,
680 5455 780 5526 τὴν
809 5455 1066 5526 ἀμείνονα
1098 5455 1152 5508 δὲ
1181 5454 1404 5526 γνώμην
1450 5455 1508 5522 ἐξ
1539 5455 1737 5525 ἀμφοῖν
1771 5455 1944 5526 αἱρεῖ-

382 5543 508 5598 σθαι
549 5546 674 5609 τοὺς
715 5547 1045 5616 φιλολόγους.
1085 5545 1220 5600 Οὔτε
1268 5546 1398 5615 γοῦν
1443 5547 1608 5611 ἵππος
1646 5546 1946 5619 ἀγωνιστὴς

380 5629 520 5690 εἶναι
569 5635 814 5709 κρίνεται
865 5637 1084 5708 δόκιμος
1135 5637 1346 5708 ἑαυτῷ,
1387 5639 1601 5710 τρέχων
1649 5637 1938 5703 εὐσκελῶς,

383 5729 492 5785 οὐδ’
522 5733 571 5786 el
598 5731 825 5808 σφόδρα,
847 5729 1044 5802 κοῦφος
1087 5729 1161 5785 ὢν
1187 5728 1372 5801 ὥσπερ
1401 5729 1702 5803 ὑπόπτερος
1743 5729 1940 5784 ἐπιδεί-

2041 4998 2208 5052 cerim
2245 4995 2290 5051 si
2322 5010 2534 5049 omnem
2566 4994 2714 5048 illius
2753 4992 3144 5063 expositionem
3175 5009 3284 5048 una
3327 5010 3451 5050 cum
3493 4993 3594 5048 bac

2041 5103 2159 5142 mea
2223 5087 2515 5156 scriptione
2565 5083 2926 5155 coniungam,
2985 5093 3038 5139 et
3096 5088 3354 5158 utrinque
3402 5101 3591 5142 verum

2044 5178 2281 5248 aperiam
2308 5197 2321 5232 :
2348 5193 2416 5232 ne
2446 5177 2542 5231 ulli
2572 5177 2831 5248 opinandi
2862 5177 2933 5232 sit
2963 5178 3116 5234 locus
3145 5194 3245 5234 nos
3282 5187 3466 5250 aperte
3495 5191 3593 5232 ca-

2042 5269 2331 5334 lumniari,
2380 5268 2538 5340 quasi
2585 5267 2791 5322 homini
2830 5283 3020 5338 parum
3064 5270 3296 5341 ingenue
3324 5273 3598 5339 imposue-

2041 5361 2250 5428 rimus;
2291 5360 2522 5430 ideoque
2558 5358 2842 5432 utriusque
2882 5363 3183 5418 sententias
3225 5361 3420 5416 dubias
3451 5375 3592 5416 esse.

2042 5452 2347 5523 Opinantur
2374 5452 2518 5507 enim
2557 5452 2845 5522 utriusque
2872 5453 3275 5520 comparatione
3309 5451 3596 5521 utriusque

2041 5543 2214 5614 partis
2242 5544 2564 5600 sententiam
2608 5543 2800 5598 melius
2829 5541 3101 5607 discerni,
3137 5541 3390 5610 deinceps
3413 5540 3595 5610 philu-

2045 5628 2196 5707 logos
2221 5636 2287 5691 ad
2329 5635 2604 5692 meliorem
2639 5651 2760 5692 sese
2810 5636 3098 5704 applicare.
3133 5630 3254 5687 Non
3292 5632 3475 5703 itaque
3504 5632 3596 5691 ille

2045 5745 2219 5801 equus
2251 5735 2594 5787 concertator
2623 5743 2744 5786 esse
2777 5725 3004 5787 aliorum
3033 5721 3242 5795 judicio
3271 5723 3595 5797 comproba-
