4090 6288
498 349 601 405 διδ
956 360 979 425 g

1363 334 1421 392 s.
1456 289 1825 391 ans'rArnn
1852 326 2372 387 menmrrscor:
2402 323 2817 388 ANTIOCHENI

3615 332 3725 388 διο

498 473 588 519 tur
638 464 733 536 qui
793 463 1114 520 festinanter
1155 458 1323 513 citato
1379 455 1549 529 gradu
1582 459 1875 527 properat,
1926 451 2046 506 licet

2151 467 2338 503 κνυται
2380 448 2475 513 τὰς
2526 449 2786 519 κινήσεις·
2838 444 2947 501 οὔτ’
2992 442 3149 513 αὖθις
3193 446 3439 520 ἀθλητῶν
3471 445 3728 504 ὠκύτατα

497 554 800 610 incredibili
829 553 1134 614 celeritate,
1176 550 1335 622 quasi
1365 550 1466 604 alis
1497 547 1779 609 niteretur,
1806 543 2054 612 miraque

496 642 816 702 incitatione
868 643 1155 700 confestim
1212 642 1443 698 advolet.
1486 639 1672 710 Neque
1725 636 2051 691 athletarum

494 738 584 793 ille
611 737 847 807 optimus
880 744 962 790 est
993 735 1085 807 qui
1133 736 1276 789 inter
1316 729 1636 788 certandum
1673 728 1828 787 ocius
1860 728 2052 800 pedem

492 826 741 881 conferre
772 834 983 897 potest.
1033 842 1135 882 nec
1187 825 1473 896 quisquam
1520 820 1696 887 alius,
1745 820 1862 876 sive
1905 819 2052 874 luela

491 917 703 986 agiliter
723 916 1031 981 contendat,
1064 916 1177 973 sive
1194 913 1494 970 durissimo
1522 911 1804 983 pancratio
1830 910 2052 965 vulnera

490 1007 749 1076 patiatur,
784 1007 899 1063 sive
919 1015 1088 1062 caestu
1119 1019 1354 1076 pugnam
1387 1002 1725 1066 committat,
1760 1000 1845 1056 vel
1870 1014 2050 1056 aerem

491 1097 637 1152 inani
664 1099 1009 1154 brachiorum
1031 1097 1327 1168 jactatione
1356 1095 1654 1150 everberet.
1686 1092 1793 1148 Eos
1819 1106 2053 1162 namque

490 1190 583 1259 qui
614 1199 891 1245 certamen
932 1192 1155 1255 ineunt,
1207 1188 1457 1243 cominus
1490 1201 1613 1241 cum
1651 1185 1900 1239 hostibus
1951 1198 2051 1253 pu-

2156 542 2370 612 τρέχειν
2422 543 2479 595 έν
2534 540 2728 611 σταδίῳ
2785 538 3113 611 δυνάμενος,
3163 539 3289 594 οὔτε
3333 540 3489 605 ἄλλος
3526 540 3723 607 οὐδεὶς,

2156 632 2280 687 οὔτε
2324 632 2567 686 παλαίων
2617 630 2816 703 ὑγρῶς,
2860 629 2984 685 οὕτε
3027 632 3337 703 τραχύτατα
3386 632 3724 704 παγκρατιά-

2158 724 2285 789 ζων,
2323 723 2356 795 ἢ
2400 723 2724 794 πυγμαχῶν,
2769 722 2803 793 ἢ
2846 722 2938 777 τὸν
2977 723 3117 795 ἀέρα
3160 724 3333 795 δέρων
3365 724 3724 796 ἐωροκοπίαις

2158 815 2553 886 ὑποκειμένοις·
2581 813 2713 868 ἀλλά
2753 813 3009 868 συσταδὸν
3040 814 3299 887 ἁρμόττει
3336 814 3403 868 τὰ
3443 813 3722 885 μαχόμενα

2155 910 2266 971 τοῖς
2298 908 2557 970 ἐναντίοις
2578 909 2931 961 ἀντιστατεῖψ
2966 906 3033 961 ἵν’
3075 904 3134 971 ἔξ
3175 906 3292 971 ἐνὸς
3325 906 3580 978 ὁποτέρου
3611 905 3724 959 δια-

2156 996 2488 1070 γινώσκηται
2535 998 2597 1051 τὸ
2643 990 2896 1071 προῦχον.
2947 998 3105 1052 Ὥστε
3153 997 3224 1051 τὰ
3271 997 3366 1070 μὲν
3425 996 3722 1068 Ὠριγένεια

2158 1091 2490 1163 προτακτέον
2523 1091 2580 1143 ἐν
2628 1089 2885 1162 πρώτοις.
2917 1090 3022 1161 ἰδίᾳ.
3049 1090 3107 1144 δὲ
3134 1090 3284 1157 τάξει
3312 1089 3405 1142 καὶ
3443 1086 3533 1143 τὸν
3573 1090 3718 1143 ἀντι-

2158 1182 2420 1236 πίπτοντα
2449 1182 2570 1235 νοῦν
2592 1182 2815 1246 ἐκείνοις
2843 1182 3092 1248 ἐξετάσαι
3125 1180 3504 1237 σπουδαστέον.

487 1299 657 1356 gnare
704 1293 1001 1355 contraque
1056 1285 1272 1340 obstare
1336 1284 1522 1345 decet,
1570 1292 1628 1335 ut
1660 1279 1784 1351 quis
1823 1277 2013 1333 melior
2055 1276 2127 1333 sit
2186 1276 2431 1349 dignosci
2481 1275 2640 1333 facile
2686 1277 2876 1347 possit.
2917 1275 3097 1344 Quare
3151 1278 3207 1331 in
3263 1276 3454 1347 primis
3500 1274 3716 1347 quidem

483 1383 617 1432 alite
670 1378 776 1431 alia
855 1376 1104 1448 Origenis
1168 1376 1316 1430 dicta
1385 1386 1791 1446 proponemus,
1854 1369 2053 1425 deinde
2103 1369 2433 1424 contrariam
2498 1368 2608 1424 illis
2665 1368 2992 1424 sententiam
3074 1367 3498 1435 subnectemus,
3554 1383 3716 1441 quam

488 1470 694 1539 ingenii
722 1471 989 1525 industria
1032 1476 1195 1539 atque
1238 1467 1517 1539 diligentia
1562 1465 1835 1520 discutere
1878 1478 2058 1534 Opera:
2091 1464 2327 1533 pretium
2359 1463 2483 1519 erit.

560 1561 623 1616 II.
656 1561 766 1633 Age
799 1562 961 1633 igitur
1002 1561 1245 1615 historia:
1273 1560 1468 1615 seriem
1491 1597 1507 1623 ,
1545 1556 1726 1628 quoad
1768 1555 1887 1627 ejus
1935 1555 2054 1609 fieri

2227 1556 2294 1608 Π.
2324 1554 2459 1627 Φέρε
2482 1551 2579 1608 οὖν
2610 1552 2741 1608 αὑτὸ
2767 1552 2826 1607 τδ
2855 1552 2954 1624 τῆς
2988 1553 3226 1626 ἱστορίας
3250 1553 3481 1626 γράμμα
3510 1552 3716 1629 θεωρή-

483 1654 689 1724 poterit
717 1654 983 1723 nobisque
1006 1651 1234 1706 facultas
1260 1649 1501 1713 dabitur,
1532 1646 1897 1717 speculemur,
1928 1643 2046 1698 inde

2158 1665 2339 1718 σωμεν
2390 1648 2465 1711 ὡς
2505 1641 2615 1700 οἷόν
2666 1664 2726 1700 τε
2781 1646 2921 1701 κατά
2965 1646 3026 1699 τὸ
3070 1644 3285 1716 ἐφικτὸν
3315 1645 3522 1700 ἐνθένδε
3554 1648 3716 1704 πόθεν

487 1745 633 1800 unde
654 1759 751 1813 par
782 1750 867 1797 est
888 1749 1106 1812 sumpto
1129 1738 1458 1795 initio.Cum
1488 1736 1620 1791 Saul
1641 1737 1842 1807 optime
1866 1733 2046 1805 populi

2150 1739 2405 1810 ἀρκτέον.
2448 1738 2710 1811 Ὀπηνίκα
2754 1737 2850 1809 μὲν
2903 1738 2932 1789 6
2971 1737 3145 1791 Σαοὺλ
3186 1737 3381 1809 ἄριστα
3422 1738 3714 1810 προΐστατο

486 1840 751 1904 praeesset
792 1830 1169 1894 multitudini,
1217 1845 1427 1895 omnes,
1458 1827 1635 1897 inquit
1668 1826 1723 1891 ⁸,
1787 1824 2043 1896 engastri-

304 1976 313 1981 -
366 1984 435 2003 ,Ν
461 1915 694 1995 lmythos
731 1923 912 1993 ejecit,
963 1936 1262 1992 omnesque
1301 1920 1540 1990 reliquos
1578 1924 1794 1990 gnostas
1842 1915 2046 1981 dictos,

487 2016 655 2070 veluti
689 2012 1183 2084 perniciosissimas
1214 2019 1418 2083 pestes,
1453 2010 1547 2081 qui
1578 2010 1652 2062 ita
1684 2006 2045 2070 vocabantur,

486 2106 690 2161 ariolos
721 2105 943 2174 depulit.
981 2102 1179 2158 Verum
1216 2102 1304 2157 ubi
1338 2102 1503 2157 rebus
1531 2100 1782 2171 pessimis
1805 2097 2047 2152 animum

485 2196 735 2259 advertit,
765 2210 796 2248 a
825 2194 1161 2265 nequissimo
1187 2192 1433 2248 daemone
1452 2193 1592 2247 male
1629 2199 1890 2254 vexatus,
1925 2204 2049 2243 rur-

485 2300 605 2343 sum
645 2283 805 2340 aﬂ‘ata
853 2282 1199 2340 fatidicorum
1240 2297 1305 2337 ac
1334 2288 1520 2336 vatum
1552 2280 1840 2334 ambitiose
1879 2276 2047 2333 nimis

483 2377 855 2449 amplectitur,
888 2376 1051 2447 paulo
1080 2382 1207 2430 ante
1239 2374 1504 2430 dissoluta
1538 2387 1891 2443 componens,
1922 2384 2048 2440 pro-

478 2478 778 2542 ptereaque
825 2468 1176 2540 semetipsum
1224 2467 1410 2521 violati
1466 2463 1707 2520 mandati
1760 2478 1915 2519 reum
1958 2477 2047 2516 ar-

480 2577 677 2636 guens.
734 2561 942 2632 Quippe
1005 2576 1129 2615 cum
1200 2557 1366 2614 vicini
1434 2556 1740 2627 alienigena:
1800 2552 2045 2609 unanimi

474 2670 757 2711 consensu
789 2653 987 2710 bellum
1013 2651 1315 2707 indicerent
1335 2652 1453 2716 ’,οι
1484 2647 1699 2704 collatis
1722 2645 1911 2719 signis,
1943 2661 2047 2700 nu-

482 2763 700 2805 merosa
732 2748 1060 2819 phalangum
1087 2744 1243 2817 copia
1266 2758 1417 2799 arma
1446 2746 1828 2806 consererent,
1858 2753 2047 2795 exser-

481 2841 664 2913 tisque
707 2841 901 2912 gladiis
946 2851 1158 2895 summa
1204 2835 1369 2890 animi
1418 2834 1763 2890 contentione
1809 2846 2045 2904 pugnam

482 2934 873 3003 deposcerent;
907 2930 1153 2985 misellus
1195 2925 1326 2981 Saul
1354 2925 1695 2982 tabernaculi
1735 2938 2042 2996 propugna-

480 3028 669 3080 culum
696 3032 751 3080 et
777 3025 983 3094 reliqua
1015 3022 1214 3084 omnia,
1244 3027 1303 3074 ut
1331 3019 1407 3073 ita
1437 3018 1614 3073 dicam
1634 3059 1651 3086 ,
1691 3018 1909 3072 oculata
1936 3014 2043 3070 ﬁde

2142 1831 2249 1903 τῆς
2274 1831 2367 1885 τοῦ
2397 1830 2526 1886 λαοῦ
2566 1829 2923 1901 πολυανδρίας
2941 1870 2956 1895 ,
2997 1828 3155 1902 ἐξῆρε
3186 1829 3413 1897 πάντας
3444 1831 3586 1898 τοὺς
3616 1832 3713 1903 ἐγ-

2148 1924 2603 1994 γαστριμύθους,
2631 1922 2756 1994 ἔφη,
2785 1922 2880 1978 καὶ
2906 1922 3032 1986 τοὺς
3051 1922 3189 1976 οὑτω
3209 1922 3573 1994 καλουμένους
3598 1923 3713 1978 ὀνό-

2146 2032 2279 2087 ,ματι
2317 2014 2605 2086 γννώστας,
2642 2015 2737 2069 ἆτε
2769 2015 2833 2086 δὴ
2878 2014 3161 2085 λυμεῶνας
3208 2013 3604 2085 ὲμφοχεύοντας
3630 2014 3710 2086 (1)

2146 2104 2440 2175 ἐχθίστους.
2485 2104 2700 2176 Ἐπειδὴ
2727 2105 2783 2158 δὲ
2822 2106 3050 2176 τραπεὶς
3077 2105 3168 2158 ἐπὶ
3198 2103 3267 2157 τά
3301 2103 3544 2175 χείριστα
3575 2104 3709 2177 πρὸς

2146 2195 2239 2250 τοῦ
2293 2196 2570 2269 ἀλιτηρίου
2624 2195 2836 2270 πικρῶς
2860 2180 3148 2268 ’ἠλαύνετο
3203 2196 3484 2267 δαίμονος,
3539 2194 3709 2268 ᾤχετο

2149 2288 2309 2343 πάλιν
2336 2289 2427 2342 ἐπὶ
2469 2288 2539 2342 τὰ
2570 2290 2831 2361 φάσματα
2870 2290 2972 2361 τῆς
3002 2289 3252 2361 μαντείας
3280 2287 3479 2353 αὑτῶν,
3509 2288 3709 2342 οίκοδο-

2144 2377 2414 2448 μούμενος
2447 2376 2482 2431 ἀ
2514 2377 2803 2457 κατέλυσεν
2831 2377 2994 2449 ὀλίγῳ
3022 2377 3276 2450 πρόσθεν,
3305 2378 3499 2431 ’ἐαυτὸν
3527 2377 3585 2431 δὲ
3612 2377 3707 2430 καὶ

2138 2469 2233 2523 Δδιά
2271 2469 2426 2523 τοῦτο
2472 2469 2790 2541 παραϐάτην
2840 2468 3103 2541 ἐλέγχων’
3158 2468 3234 2532 ὡς
3287 2469 3395 2542 γὰρ
3441 2470 3491 2523 οῖ
3547 2468 3710 2540 πέριξ

2142 2559 2493 2632 ἀλλογενεῒς
2516 2559 2774 2633 όμοθύμῳ
2803 2561 3001 2631 σπουδῇ
3026 2559 3260 2631 πολέμου
3286 2560 3496 2629 γένεσιν
3524 2560 3712 2631 ἀνεκή-

2144 2669 2355 2723 ρυττον,
2396 2652 2768 2724 ἀθροισθέντες
2816 2653 2912 2722 μὲν
2948 2651 3024 2716 ὼς
3064 2651 3143 2705 ἔνι
3188 2651 3422 2724 μάλιστα
3448 2649 3711 2723 παμπληι

2142 2741 2230 2797 θεῖ
2256 2742 2356 2807 τάς
2402 2742 2687 2813 φάλαγγας
2731 2742 3210 2815 ἀντιπαρέταττον,
3244 2742 3383 2795 ὅπλα
3417 2741 3473 2795 δὲ
3503 2742 3714 2813 γυμνά-

2149 2856 2336 2903 σαντες
2360 2842 2439 2905 είς
2474 2840 2650 2911 μάχην
2680 2839 2889 2904 ἐξίεσαν
2922 2837 3224 2911 εὐρώστως·
3253 2841 3281 2893 6
3313 2828 3555 2911 μέντοιγε
3590 2838 3714 2910 σχέ-

2144 2931 2289 2996 τλιος
2330 2933 2522 2998 Σαοὺλ,
2550 2932 2685 2987 αὐτὸ
2730 2932 2788 2986 τδ
2825 2932 2923 3003 τῆς
2974 2930 3322 3004 παρεμϐολῆς
3366 2930 3712 3002 ἐπιτείχισμα

2148 3025 2529 3096 πεφραγμένον
2578 3024 2700 3078 ίδὼν
2732 3024 2951 3094 αὑτοψεὶ
2969 3063 2984 3089 ,
3015 3024 3110 3077 καὶ
3129 3008 3153 3088 ,’
3172 3023 3234 3076 τὸ
3269 3023 3486 3095 σύμπαν
3513 3024 3706 3089 εἰπεῖν,

480 3117 720 3175 hostium
744 3115 911 3171 armis
936 3114 1155 3169 occlusa
1186 3111 1461 3167 contuitus
1481 3152 1495 3177 ,
1522 3125 1551 3164 a
1576 3125 1634 3167 se
1657 3108 1773 3181 ipse
1792 3108 2044 3165 discessit

2148 3114 2337 3188 ἐξέστη
2382 3110 2778 3186 καταπλαγεὶς,
2811 3116 2947 3188 ὡςή
2994 3115 3112 3169 θεία
3157 3114 3453 3187 διαγορεύει
3494 3113 3704 3187 Γραφή’

480 3210 777 3271 attonitus,
833 3213 894 3261 ut
951 3204 1146 3260 divinae
1188 3210 1460 3259 testantur
1512 3199 1748 3256 Litterae.
1779 3198 2044 3268 Deinceps

478 3301 721 3363 addunt,
749 3296 1049 3353 consulebat
1079 3294 1363 3348 Dominum
1390 3292 1411 3324 ³
1433 3333 1450 3359 ,
1498 3299 1757 3364 appetens
1795 3291 2044 3348 videlicet

479 3396 622 3450 seire
652 3392 784 3464 quid
811 3406 946 3461 opus
976 3389 1122 3444 factu
1178 3393 1353 3455 esset;
1384 3395 1434 3440 et
1471 3386 1681 3440 omnino
1711 3401 1814 3439 non
1840 3399 2045 3453 respon-

474 3485 555 3541 dit
585 3487 632 3541 ei
664 3485 917 3539 Dominus
950 3483 1003 3536 in
1033 3480 1277 3544 somniis,
1306 3479 1358 3533 in
1378 3476 1891 3548 manifestationibus
1915 3477 2041 3530 etin

474 3578 760 3650 prophetis.
794 3575 1041 3632 Sceleste
1077 3588 1311 3645 namque
1350 3573 1622 3643 impieque
1660 3570 1840 3641 agenti
1889 3568 2043 3624 Sauli

477 3672 691 3728 Numen
722 3684 985 3740 responsa
1014 3684 1120 3723 non
1145 3668 1258 3721 dat.
1301 3663 1443 3730 Quid
1482 3678 1612 3719 vero
1648 3662 1831 3740 divino
1868 3661 2039 3717 desti-

474 3771 630 3819 tutus
661 3738 863 3818 auxilio
882 3760 1109 3833 posthac
1135 3757 1513 3813 machinatur?
1532 3754 1649 3810 Non
1672 3738 1850 3825 placat
1872 3753 2039 3809 Deum

476 3857 733 3927 precibus
771 3855 984 3911 iteratis
1020 3851 1355 3923 assiduoque
1400 3850 1567 3905 animi
1619 3848 1766 3904 cultu
1790 3888 1806 3912 ,
1847 3848 1871 3880 δ
1907 3847 2040 3918 quin

476 3946 772 4003 contrariis
808 3960 872 4001 ac
915 3944 1283 4017 pugnantibus
1331 3942 1529 3999 studiis
1572 3942 1824 3997 resiliens
1867 3940 2039 4011 magis

475 4054 541 4094 ac
570 4039 744 4109 magis
762 4037 886 4107 jura
921 4036 1106 4092 violat.
1140 4036 1331 4093 Pueris
1357 4036 1472 4091 suis
1512 4035 1740 4103 imperat
1768 4031 2038 4086 mulierem

473 4128 948 4201 engastrimytltum
975 4144 1224 4199 quwrere,
1258 4137 1315 4181 ut
1351 4126 1419 4181 ad
1452 4142 1570 4181 eam
1602 4123 1850 4179 accedens
1878 4122 2040 4177 veluti

407 4200 426 4277 ΞῙ
471 4237 541 4276 επ
563 4220 778 4275 oraculo
804 4218 1185 4274 sciscitaretur.
1216 4216 1261 4270 A
1283 4215 1551 4270 ministris
1579 4223 1759 4269 autem
1783 4211 2036 4285 pessimis

472 4316 625 4372 illico
668 4314 901 4369 fanatica
949 4311 1199 4383 prodita,
1242 4308 1371 4363 Saul
1404 4315 1650 4379 prompte
1701 4306 1891 4363 habitu
1935 4320 2036 4362 suo

2148 3208 2287 3279 μετὰ
2313 3209 2369 3263 δὲ
2411 3210 2566 3264 τοῦτό
2607 3225 2788 3282 φησιν,
2818 3208 3012 3277 ἠρώτα
3035 3207 3133 3263 διὰ
3162 3208 3267 3262 τοῦ
3293 3208 3530 3276 Κυρίου,
3564 3206 3693 3275 γνῶ-

2144 3318 2232 3354 ναι
2260 3300 2456 3373 δηλαδὴ
2479 3300 2545 3354 τὰ
2574 3300 2819 3373 πρακτέα
2845 3298 3176 3371 γλιχόμενος·
3210 3302 3242 3352 ό
3263 3298 3330 3351 δὲ
3354 3298 3564 3365 Κύριος
3591 3299 3697 3349 οὐκ

2142 3394 2499 3461 ἁπεκρίνατο
2527 3392 2591 3446 τὸ
2631 3391 2911 3462 παράπαν
2950 3390 3109 3458 αὐτῷ
3137 3391 3222 3445 διὰ
3247 3390 3344 3454 τὰς
3372 3389 3467 3462 τῆς
3492 3388 3699 3451 ἀδικίας

2144 3483 2479 3556 ὑπερϐολὰς,
2529 3484 2663 3538 οὔτε
2707 3484 2777 3538 ἐν
2805 3483 3139 3549 ἐνυπνίοις,
3188 3483 3324 3537 οὔτε
3368 3482 3437 3536 ὲν
3472 3480 3701 3549 δήλοις.

2142 3577 2285 3630 οὒτε
2315 3575 2384 3629 ἐν
2426 3574 2552 3642 τοῖς
2590 3575 2941 3644 προφήταις.
2997 3572 3157 3627 Ἀλλὰ
3193 3572 3298 3646 μὴν
3327 3571 3517 3642 ἐκείνῳ
3555 3587 3620 3640 γε
3646 3572 3704 3626 τέ

2141 3667 2291 3721 Θεῖον
2332 3667 2430 3721 οὐκ
2468 3666 2830 3739 ἐχρημάτιζεν
2862 3666 3111 3739 οὐδαμῶς
3156 3665 3385 3736 ἀθέμιτα
3432 3664 3705 3737 δράσαντι.

2141 3760 2206 3812 Τί
2230 3760 2285 3813 δὲ
2330 3759 2467 3830 μετά
2495 3758 2665 3812 ταῦτα
2709 3759 2936 3839 πράττει
2962 3759 3061 3829 τῆς
3094 3758 3351 3811 ἀνωτάτω
3382 3756 3706 3829 γυμνασθεὶς

2138 3852 2216 3922 (2)
2252 3850 2601 3923 ἐπικουρίας;
2643 3850 2763 3904 ἀντ“ι¹
2806 3848 2901 3903 τοῦ
2953 3848 3149 3921 μᾶλλον
3193 3847 3577 3916 ἐξιλεώσασθαι
3612 3865 3705 3901 συ-

2138 3943 2366 4015 χνοτέρᾳ
2410 3944 2595 4015 δεήσει
2642 3942 2733 3996 καὶ
2788 3943 3031 4014 καρτερᾷ
3072 3940 3456 4014 ψυχολατρείᾳ,
3483 3941 3706 3995 τούναν-

2138 4034 2249 4088 τίον
2278 4034 2636 4107 ἀποπηδήσας
2671 4032 2825 4101 αὑξει
2863 4033 2961 4104 μὲν
2992 4031 3059 4086 τά
3101 4030 3203 4104 τ’ἧς
3226 4033 3560 4097 ἀποστασίας
3588 4033 3704 4085 ἐπι-

2134 4127 2466 4199 τηδεύματα.
2510 4128 2633 4191 Τοῖς
2677 4126 2734 4180 δὲ
2785 4125 2970 4178 παισὶν
3019 4124 3180 4178 αὑτοῦ
3227 4125 3555 4196 προσέταττε
3601 4141 3704 4194 γυ-

2136 4218 2313 4272 ναῖκα
2336 4217 2617 4286 ζητήσειν
2639 4218 3128 4289 ἐηναστρίμυθον,
3146 4217 3247 4270 ἵνα
3262 4217 3534 4285 ἀφίκοιτο
3558 4215 3704 4283 πρὸς

2134 4312 2327 4380 αὐτὴν
2378 4312 2752 4381 πευσόμενος
2798 4312 2878 4379 ὡς
2926 4313 2996 4367 ἐν
3037 4310 3312 4382 μαντείῳ.
3365 4308 3486 4362 Τῶν
3538 4308 3595 4362 δὲ
3639 4307 3703 4380 δὴ

473 4413 726 4474 mutato,
782 4404 1116 4474 indutusque
1171 4401 1295 4456 aliis
1350 4399 1733 4465 vestimentis,
1790 4397 2039 4456 velociut'.

2144 4405 2421 4475 χειρίστων
2455 4403 2743 4475 ὑπηρετῶν
2771 4403 2966 4458 αὑτίκα
3010 4404 3074 4475 δὴ
3115 4402 3256 4474 μάλα
3284 4399 3701 4472 καταμηνυσάν-

467 4502 716 4559 exercitu
743 4498 972 4554 dimisso
995 4492 1315 4567 pervolavit.
1353 4490 1456 4547 Ubi
1486 4490 1554 4545 ad
1594 4490 1765 4560 ipsam
1800 4482 2033 4545 accessit

2144 4512 2262 4558 των,
2298 4496 2395 4566 τὴν
2430 4494 2757 4567 ἔμπληκτον»
2780 4497 2809 4550 δ
2846 4496 2941 4567 μὲν
2976 4494 3147 4549 Σαοὺλ
3174 4492 3403 4565 ἀμελητὶ
3434 4509 3705 4563 μετπσχΨ

469 4608 595 4648 cum
630 4592 845 4648 duobus
873 4588 1003 4643 viris
1033 4594 1225 4648 nocte,
1257 4591 1388 4638 tunc
1437 4582 1667 4652 supplex
1718 4580 1865 4635 illam
1902 4581 2037 4636 allo-

2144 4586 2369 4659 ματίσας
2402 4586 2611 4651 ἑαυτὸν,
2650 4587 2744 4641 καὶ
2783 4587 2852 4641 τὰ
2896 4589 2994 4659 τῆς
3038 4587 3261 4657 ἐσθῆτος
3290 4584 3526 4656 ἀμείψας
3556 4583 3707 4637 ἐνδύ-

466 4685 771 4755 quebatur:
807 4680 1105 4735 Vaticinare
1132 4675 1278 4739 mihi,
1294 4675 1503 4738 dicens,
1524 4674 1578 4727 in
1599 4673 2033 4744 engastrimytho,

2144 4697 2303 4751 ματα,
2331 4678 2583 4751 δρομαῖος
2614 4678 2804 4750 ᾤχετο,
2837 4680 2935 4752 τὴν
2970 4678 3225 4751 στρατιὰν
3253 4674 3507 4731 ἐκλιπών
3542 4674 3617 4738 ὡς
3645 4674 3703 4728 δὲ

466 4708 737 4755 (ιιιυυξιιιιϊ
756 4708 771 4738 ;
814 4708 835 4735 v
853 4708 1103 4735 uncum":
1133 4708 1278 4739 num,
1294 4708 1503 4738 υιιυιω,
1526 4708 1578 4727 υι
1599 4708 1799 4744 uagum
1814 4708 2033 4744 υηυιηυ,

352 4708 401 4863 Nl
466 4786 521 4831 et
552 4775 637 4845 [ac
658 4774 787 4828 milii
811 4771 1087 4827 ascendere
1106 4782 1257 4838 quem
1281 4764 1465 4820 dixero
1485 4763 1600 4819 tibi.
1632 4763 1804 4836 Igitur
1830 4765 1878 4821 si
1904 4763 2035 4819 Saul

2144 4708 2303 4751 puta,
2331 4708 2581 4751 υμυμαιυς,
2614 4708 2804 4750 ψχινιυ,
2837 4708 2935 4752 την
2970 4708 3225 4751 υτρωιιαν
3253 4708 3487 4731 εδιΛΗιιιυν
3542 4708 3613 4738 ωε,
3645 4708 3699 4728 νῦ

2144 4770 2384 4839 ἀφίκοιτο
2434 4770 2569 4843 πρὸς
2615 4770 2785 4842 αὑτὴν
2832 4772 2948 4842 ἅμα
2995 4772 3146 4824 δυσὶν
3194 4768 3419 4840 ἀνδράσι
3466 4766 3699 4836 νύκτωρ,

392 4848 401 4957 ί
470 4884 569 4940 per
592 4866 1082 4938 engastrimytbum
1112 4871 1172 4918 ut
1210 4858 1314 4916 sibi
1360 4859 1700 4914 divinaretur
1730 4859 2031 4927 exorabat,

2144 4862 2372 4931 ἀξιὼσας
2411 4865 2549 4936 αὐτῇ
2600 4864 2961 4935 προσεφέρετο
2995 4861 3326 4935 τηνικαῦτα,
3361 4858 3704 4914 Μάντευσαι

471 4974 629 5016 veras
661 4957 932 5028 quispiam
965 4956 1141 5011 fuisse
1179 4953 1299 5023 ejus
1327 4965 1487 5007 voces
1524 4948 1897 5005 asseverabit?
1928 4949 2032 5006 Ve-

2144 4955 2210 5024 δή
2244 4973 2379 5026 μοι,
2427 4955 2636 5025 λέγων,
2683 4955 2752 5009 ἐν
2800 4953 2880 5021 τῷ
2928 4953 3394 5025 ἐγγαστριμύθῳ·
3445 4947 3704 5018 ἁνὰγαγέ

468 5064 591 5107 rum
637 5048 763 5119 quis
815 5049 967 5103 illum
1003 5048 1058 5101 in
1103 5047 1413 5116 deploratas
1449 5057 1773 5099 conversum
1818 5041 2029 5097 divina-

2144 5065 2262 5115 μοι.
2310 5048 2500 5119 φησὶν,
2537 5046 2611 5101 ὃν
2658 5046 2735 5102 ἂν
2786 5047 2931 5100 εἴπω
2975 5061 3093 5099 σοι.
3145 5041 3445 5114 Τοιγαροῦν
3490 5040 3645 5111 εἴπερ
3675 5039 3705 5092 6

374 5103 403 5293 ί
466 5145 647 5200 tiones
672 5150 728 5199 et
756 5143 1054 5199 diabolicas
1085 5141 1388 5196 fabularum
1422 5137 1768 5209 operationes
1801 5136 2025 5192 immani

466 5234 654 5292 lurore
684 5250 714 5289 a
748 5234 991 5290 daemone
1038 5240 1289 5287 vexatum
1336 5230 1505 5287 fuisse
1556 5227 1804 5293 ignorat?
1835 5226 2028 5283 Nonne

2144 5103 2303 5194 έαοὺλ
2322 5103 2500 5193 ’ἐδεῖτο
2540 5139 2628 5194 διά
2657 5141 2755 5211 τῆς
2792 5137 3227 5209 ἐγγαστριμύθου
3252 5103 3663 5207 ’μαντεύσασθαι
3684 5169 3700 5193 ,

2144 5230 2266 5293 φαίη
2302 5246 2387 5293 τις
2418 5228 2484 5282 ἂν
2526 5228 2744 5293 ἀληθεῖς
2772 5223 2911 5281 εἶναι
2938 5227 3038 5291 τὰς
3067 5225 3273 5279 ἐκείνου
3310 5222 3525 5293 φωνάς;
3564 5217 3700 5272 Ἀλλ’

466 5234 654 5292 lurore
684 5250 714 5289 a
748 5234 991 5290 daemone
1038 5240 1289 5287 vexatum
1336 5230 1505 5287 fuisse
1556 5227 1804 5300 ignorat?
1835 5226 2028 5283 Nonne

2144 5230 2266 5301 patir]
2302 5246 2387 5293 τις
2418 5228 2484 5282 ἂν
2526 5228 2744 5299 ἀληθεῖς
2772 5223 2911 5281 εἶναι
2938 5227 3038 5291 τὰς
3067 5225 3273 5279 ἐκείνου
3310 5222 3525 5294 φωνάς;
3564 5217 3703 5272 Ἀλλ’

2133 5322 2249 5375 ἔστι
2277 5340 2358 5385 τις
2384 5319 2594 5390 ἀγνοῶν
2620 5321 2695 5384 ὡς
2724 5322 2930 5383 ἐκεῖνος
2957 5319 3061 5372 ὑπὸ
3096 5318 3189 5372 τοῦ
3217 5316 3467 5388 δαίμονος
3492 5311 3703 5385 ἀγρίοις

467 5324 633 5393 Deus,
663 5326 758 5398 qui
799 5327 856 5381 in
877 5342 940 5382 os
965 5324 1204 5379 Balaami
1238 5338 1519 5397 sermones
1545 5320 1845 5391 imposuit,
1879 5319 2028 5393 Moy-

2137 5413 2387 5468 ὲλαύνετο
2412 5412 2601 5483 θυμοῖς
2639 5414 2718 5477 είς
2754 5410 3087 5483 ἀνηκέστους
3115 5409 3410 5482 ἐκτραπεὶς
3446 5402 3700 5479 μαντείας

462 5418 622 5490 sique
645 5429 704 5475 ut
731 5433 992 5489 expresse
1022 5416 1079 5470 in
1117 5413 1370 5470 Numeris
1405 5415 1672 5470 scriberet
1702 5414 1990 5484 imperavit
2011 5454 2025 5478 ,

536 5601 560 5634 ³
592 5599 623 5656 Ι
651 5600 776 5673 Reg.
815 5614 1009 5665 xxvut,
1048 5600 1101 5655 3.
1178 5596 1199 5627 ³
1225 5594 1356 5649 ibid.
1392 5594 1447 5651 ι;
1522 5593 1693 5650 ‘ibid.
1730 5594 1786 5651 6.
1861 5595 1885 5627 δ
1912 5591 2040 5649 ibid.
2074 5593 2123 5647 7.

538 5778 1105 5853 (ηῈμφοχεύοντας,
1157 5776 1611 5851 Ἐμφωλεύοντας.
2215 5772 2291 5845 (2)
2318 5771 2713 5842 Γυμνασθείς.
2744 5770 3071 5843 Γυμνωθεις.
