4090 6288
327 341 437 398 617

1212 346 1299 401 DE
1339 342 1932 401 ENGASTRIMYTIIO
1970 316 2249 398 CONTRA
2283 343 2661 401 onicENEM.

3454 338 3557 396 (H8

329 466 423 520 atat
446 464 755 532 διαὼλικὰς
788 468 968 539 μύθων
1000 469 1307 541 ἐνεργείας;
1342 471 1407 522 Τί
1452 469 1596 541 γάρ;
1627 471 1729 524 οὐκ
1759 469 1903 536 ἀξιό-

2006 465 2108 521 fide
2130 466 2337 538 dignior
2365 468 2493 530 est?
2521 465 2645 521 Non
2678 470 2815 520 enim
2856 472 2933 519 est
2978 463 3255 531 auguratio
3275 465 3328 518 in
3352 461 3520 518 Iacob
3542 505 3556 528 ,

330 572 516 620 πιστος
552 558 748 628 μᾶλλόν
777 559 920 612 ἐστιν
947 560 973 612 6
993 556 1145 622 Θεὸς,
1173 559 1201 609 6
1223 559 1350 621 τοὺς
1377 558 1473 628 μὲν
1504 557 1691 625 λόγους
1723 557 1803 620 είς
1835 557 1897 611 τὸ

331 645 503 712 στόμα
554 646 649 699 τοῦ
698 646 927 718 Βαλαὰμ
958 646 1239 719 ἐμϐαλὼν,
1283 647 1578 717 ἐπιτρέψας
1615 648 1673 701 δὲ
1711 650 1901 702 Μωσεῖ

328 738 531 810 γράψαι
562 741 739 810 ῥητῶς
769 742 825 793 ὲν
853 744 965 806 τοῖς
1011 742 1301 814 Ἀριθμοῖς
1333 745 1413 796 Οὐ
1438 741 1549 812 γάρ
1573 742 1743 795 ἐστιν
1773 745 1898 795 οίω-

327 832 543 902 νισμός
585 833 655 886 ἐν
696 832 910 899 Ἰακὼϐ,
956 833 1096 888 οὐδὲ
1131 836 1381 904 μαντεία
1421 835 1491 888 ἐν
1526 834 1800 903 Ἰσραήλ;
1836 835 1900 887 Εἰ

327 922 505 978 τοίνυν
540 926 921 997 ἀπαγορευτέα
959 925 1137 979 τοιάδε
1175 927 1529 999 καθέστηκεν,
1565 921 1650 979 οἷα
1695 925 1759 996 δὴ
1788 924 1904 995 βδε-

331 1015 579 1087 λύγματα
626 1018 843 1090 μυσαρὰ
888 1020 980 1072 καὶ
1027 1020 1124 1090 τῆς
1168 1018 1421 1090 ὲχθίστης
1464 1018 1905 1090 είδωλολατρείας

331 1109 494 1172 αἴτια,
520 1109 635 1173 πῶς
661 1108 726 1163 ἄν
751 1111 834 1182 εἴη
868 1111 1164 1183 φερέγγυος
1190 1113 1218 1165 6
1265 1112 1472 1183 μάρτυς
1506 1112 1534 1164 6
1571 1110 1779 1173 τούτοις
1807 1110 1903 1163 ἀν-

2004 574 2162 630 neque
2198 557 2445 616 divinatio
2490 562 2549 615 in
2599 558 2772 614 Israel
2804 558 2844 613 ⁵.
2887 557 3075 627 Itaque
3132 557 3179 611 si
3222 557 3337 612 haec
3390 558 3558 614 veluti

2004 651 2339 707 exsecranda
2389 651 2815 722 detestandaque
2871 634 3078 706 scelera
3121 650 3561 722 odiosissimique

2006 741 2272 798 idolorum
2295 746 2470 801 cultus
2500 760 2678 801 causae
2703 745 2969 816 prohibita
2999 749 3155 808 sunt,
3191 745 3461 813 quomodo
3495 747 3558 799 ad

2006 832 2288 889 ferendum
2337 837 2704 893 testimonium
2751 839 2798 893 is
2833 838 2925 908 qui
2962 836 3287 907 impiissime
3327 837 3434 893 illis
3486 841 3561 893 uti

2007 933 2238 982 conatus
2269 936 2383 994 est,
2421 930 2650 986 idoneus
2678 930 2824 985 erit?
2861 928 2967 984 Sed
2990 930 3104 984 haec
3136 930 3299 1001 paulo
3337 929 3566 987 inferius

2008 1018 2204 1073 iterum
2263 1029 2475 1092 arrepto
2533 1038 2786 1078 sermone
2835 1022 3132 1093 perfectius
3182 1023 3562 1082 tractabimus.

2008 1108 2189 1175 Quare
2223 1110 2292 1165 ad
2322 1111 2554 1169 historia
2589 1116 2783 1171 seriem
2817 1124 3177 1172 revertamur.

328 1203 596 1260 οσιὼτατα
640 1206 942 1278 χρήσασθαι
990 1206 1306 1278 πειραθείς;
1356 1205 1512 1259 Ἀλλὰ
1543 1204 1714 1259 ταῦτα
1770 1205 1866 1277 μὲν
1899 1202 2080 1272 ὀλίγον
2131 1204 2353 1277 ὕστερον
2396 1210 2821 1275 ἐπαναλαϐόντες
2874 1212 3247 1284 ἐντελέστερον
3302 1211 3560 1284 ἐροῦμεν·

330 1302 605 1356 ἐπανιτέον
653 1303 710 1355 δὲ
762 1302 922 1357 πάλιν
976 1305 1055 1367 είς
1102 1303 1199 1375 τὴν
1243 1302 1334 1355 τοῦ
1381 1303 1703 1374 γράμματος
1729 1300 1986 1374 ἱστορίαν.

397 1395 489 1448 Ill.
529 1394 615 1459 Ὠς
642 1391 734 1449 οὖν
766 1397 799 1466 ὴ
829 1396 963 1466 γυνὴ
1001 1395 1093 1449 τὸν
1125 1395 1363 1468 ἔκφρονα
1396 1395 1567 1450 Σαοὺλ
1609 1395 1897 1473 ἐθεάσατο,

328 1485 666 1559 πλαττομένη
712 1488 786 1560 μὴ
832 1487 1028 1542 εἰδέναι
1076 1488 1168 1542 τὸν
1212 1488 1495 1560 δυνάστην,
1531 1489 1903 1561 άνθυπέφερεν

327 1577 401 1643 ὡς
421 1579 581 1644 αὐτὸς
602 1580 821 1652 ἄμεινον
841 1580 906 1650 ἂν
929 1582 1012 1653 εῐη
1037 1580 1335 1650 γινώσκων,
1366 1582 1465 1634 ὅσα
1488 1582 1772 1653 πεποιήκει
1793 1584 1905 1644 τοῖς

330 1672 457 1741 περὶ
488 1669 656 1724 ταῦτα
696 1671 884 1736 δεινοῖς
912 1674 939 1726 6
977 1671 1168 1736 Σαοὺλ,
1190 1673 1281 1741 ,ὡς
1321 1672 1726 1742 ἐξωλόθρευσε
1758 1673 1898 1741 τοὺς

2081 1393 2165 1448 ΙΙΙ.
2195 1393 2386 1451 Mulier
2416 1396 2577 1468 igitur
2608 1405 2877 1454 amentem
2906 1398 3123 1455 Saulem
3150 1400 3367 1467 intuita,
3397 1403 3567 1458 simu-

1986 1482 2130 1537 ‘lans
2175 1501 2234 1541 se
2279 1486 2496 1540 minime
2534 1487 2833 1557 principem
2885 1503 3248 1558 cognoscere,
3288 1495 3568 1561 respondit

2010 1574 2162 1628 illum
2204 1577 2394 1632 nvelius
2451 1578 2620 1634 scisse
2675 1595 2795 1650 quae
2846 1580 3111 1639 adversus
3164 1582 3352 1637 talium
3386 1602 3565 1641 rerum

2010 1667 2212 1736 peritos
2240 1665 2367 1721 Saul
2396 1675 2699 1736 patraverat
2737 1689 2751 1737 ;
2784 1672 3042 1740 quomodo
3080 1675 3443 1731 exterminavit
3476 1694 3569 1734 en-

326 1764 847 1836 ἐγγαστριμύθους,
877 1764 1003 1839 ἔφη,
1031 1766 1128 1821 καὶ
1169 1767 1309 1833 τοὺς
1345 1767 1762 1837 ἐκερωνοῦντας
1786 1768 1903 1823 ἀπὸ

2006 1758 2378 1829 gastrimythos
2405 1768 2453 1812 et
2477 1761 2869 1831 manifestantes
2890 1763 2952 1818 de
2977 1773 3137 1819 terra.
3169 1764 3295 1821 Idea
3321 1767 3566 1834 laqueum

331 1856 439 1925 τῆς
472 1856 603 1927 γῆς’
635 1856 812 1912 ἕνεκα
862 1854 931 1912 δὲ
978 1861 1193 1915 τούτου
1241 1860 1715 1931 παγιδεύσασθαι
1753 1860 1903 1929 πρὸς

329 1948 515 2005 αὑτοῦ
579 1949 655 2019 ('5)
713 1949 827 2019 τὴν
886 1951 1099 2021 ψυχὴν
1157 1953 1428 2022 ἔφασκεν
1480 1956 1567 2019 εὶς
1623 1954 1899 2010 θάνατον.

342 2040 559 2113 Ἐπειδὴ
586 2042 643 2096 δὲ
676 2043 1087 2114 πιστωσάμενος
1112 2045 1260 2116 ὅρκῳ
1289 2044 1704 2099 διεϐεϐαιώσατο
1739 2045 1903 2117 μηδὲν

331 2134 498 2204 αὐτὴν
552 2133 851 2204 ὑποστῆναι
902 2135 1121 2202 σκαιὸν,
1171 2134 1326 2201 αὖθις
1378 2137 1776 2208 ὲπιρῤωσθείσα
1836 2142 1901 2211 τῇ

332 2224 519 2296 κακίᾳ,
553 2226 1016 2298 παῤῥησιέστερον
1059 2227 1411 2299 ἀποκρίνεται
1453 2226 1715 2300 δήπουθεν
1746 2230 1778 2299 ἡ
1805 2245 1903 2298 γυ-

332 2317 425 2388 νή·
461 2316 620 2380 Τίνα,
657 2317 840 2388 φησὶν,
885 2316 1084 2388 ἀνάγω
1115 2334 1246 2382 σοι;
1287 2318 1511 2391 Ποταπὴ
1543 2320 1637 2373 καὶ
1682 2320 1904 2392 ὁποίαή

334 2409 678 2480 κακοδαίμων
722 2410 1013 2480 ἐτύγχανεν
1059 2409 1196 2481 αὕτη
1227 2411 1428 2483 γραῦς,
1476 2412 1562 2466 ἵνα
1603 2412 1904 2483 ὑπόσχηται

329 2502 421 2555 τὸν
450 2501 703 2574 Σαμουὴλ
733 2504 796 2555 ὲκ
821 2502 1029 2576 νεκρῶν
1061 2502 1286 2570 avolant;
1318 2505 1427 2558 Καὶ
1464 2504 1568 2576 μὴν
1591 2505 1705 2574 εἴγε
1735 2505 1816 2558 δεῖ
1847 2506 1906 2559 τὸ

331 2593 430 2666 τῆς
472 2593 624 2660 ἀξίας
667 2594 1065 2666 ὑπερθεμένους
1097 2597 1290 2661 εἰπεῖν,
1320 2598 1419 2667 οὐχ
1460 2597 1607 2661 ὅπως
1647 2597 1745 2650 οὐκ
1777 2597 1905 2668 ἡδύ-

331 2703 458 2740 νατο
485 2688 827 2758 προφητικὴν
854 2685 1046 2751 ἀνάξαι
1071 2687 1267 2759 ψυχὴν,
1295 2687 1407 2742 ἀλλ’
1443 2688 1562 2743 οὐδὲ
1594 2689 1701 2742 τῶν
1721 2690 1909 2742 ἐπιτυ-

332 2777 532 2847 χόντων
559 2778 768 2841 οὐδενὸς
791 2779 1037 2845 οὐδόλως,
1082 2778 1195 2833 ἀλλ’
1234 2779 1352 2833 οὐδὲ
1388 2779 1674 2851 μύρμηκος
1709 2781 1740 2852 ἢ
1771 2781 1906 2852 ψύλ-

332 2868 447 2940 λης·
484 2870 544 2922 οὒ
572 2870 681 2943 γὰρ
709 2872 757 2924 οἱ
794 2871 1046 2943 δαίμονες
1077 2870 1324 2939 ἐξουσίαν
1366 2870 1548 2943 ἔχουσι
1582 2875 1907 2944 πνευμάτων

334 2981 393 3016 τε
425 2965 520 3017 καὶ
559 2962 763 3036 ψυχῶν,
813 2966 925 3020 ἀλλ’
957 2970 986 3022 6
1023 2967 1239 3021 πάντων
1278 2965 1414 3038 ὁμοῦ
1455 2966 1726 3032 δεσπόζων
1753 2969 1902 3033 Θεόςο

333 3054 474 3111 ὥστε
518 3059 585 3130 τῇ
634 3058 755 3131 θείᾳ
783 3060 960 3114 δοτέον
990 3059 1146 3130 φύσει
1190 3060 1322 3131 μόνῃ
1364 3059 1422 3128 ἐξ
1466 3060 1591 3133 ᾅδου
1631 3062 1908 3134 μεταπέμ-

2006 1850 2124 1902 vita:
2153 1850 2299 1904 illius
2323 1850 2580 1908 intendere
2601 1854 2838 1921 dicebat,
2869 1866 2924 1910 ut
2952 1856 3205 1912 occideret
3226 1859 3267 1915 ⁸.
3301 1859 3405 1917 Ubi
3438 1878 3567 1919 vero

2008 1941 2138 1996 Saul
2176 1942 2536 2013 jurejurando
2587 1948 2747 2003 fidem
2775 1949 3051 2020 alligasset
3105 1966 3295 2017 suam,
3355 1956 3566 2011 nullum

2004 2033 2180 2105 ipsam
2213 2036 2518 2118 subituram
2562 2040 2800 2106 malum;
2841 2043 3037 2097 mulier
3069 2042 3296 2100 firmatis
3323 2049 3567 2118 nequitia

2006 2127 2214 2183 viribus
2240 2112 2467 2185 liberius
2493 2131 2677 2201 utique
2699 2132 2876 2188 reddit
2906 2151 3202 2206 responsa:
3239 2112 3427 2204 Quem,
3464 2142 3532 2195 ait
3553 2187 3565 2203 .

2003 2221 2224 2275 evocabo
2250 2222 2413 2276 tibi"?
2449 2221 2579 2289 Quae
2605 2226 2889 2296 qualisque
2912 2236 3030 2283 erat
3053 2228 3166 2285 haec
3191 2229 3347 2287 furiis
3369 2233 3570 2303 agitata

2005 2326 2174 2377 anus,
2211 2323 2271 2367 ut
2301 2311 2607 2369 Samuelem
2638 2332 2668 2371 a
2694 2316 2924 2373 mortuis
2964 2326 3309 2375 evocaturam
3342 2325 3540 2392 promit

2004 2406 2180 2461 teret?
2211 2405 2275 2459 Et
2305 2422 2460 2473 sane,
2483 2407 2761 2478 dignitatis
2785 2411 3092 2481 insignibus
3120 2415 3363 2482 omissis,
3394 2415 3571 2472 faten-

2005 2498 2135 2552 dum
2187 2506 2273 2555 est
2309 2515 2428 2555 eam
2471 2517 2581 2557 non
2611 2504 2854 2572 potuisse
2903 2505 3277 2575 propheticam
3329 2509 3566 2565 animam

2006 2603 2257 2656 evocare,
2286 2591 2383 2646 sed
2412 2608 2514 2648 nec
2536 2594 2756 2649 alterius
2773 2595 2920 2651 illius
2949 2596 3310 2661 omnino,nec
3327 2598 3570 2660 formica!

2006 2681 2246 2752 quidem,
2279 2698 2381 2738 nec
2402 2684 2619 2754 pulicis.
2647 2682 2854 2757 Quippe
2883 2685 2939 2740 in
2963 2693 3231 2756 potestate
3265 2688 3567 2754 daemonum

2007 2786 2119 2828 non
2149 2780 2278 2828 sunt
2307 2774 2422 2830 sive
2455 2775 2684 2845 spiritus
2724 2776 2838 2833 sive
2886 2780 3115 2845 animae,
3160 2781 3257 2837 sed
3303 2782 3360 2837 in
3399 2784 3570 2840 solius

2008 2863 2106 2921 Dei
2144 2881 2342 2933 manu,
2383 2867 2476 2939 qui
2512 2870 2752 2924 omnium
2798 2880 2980 2928 rector
3024 2875 3279 2931 omnibus
3315 2878 3568 2947 imperat.

2009 2955 2190 3024 Quare
2217 2959 2286 3014 ab
2324 2960 2516 3018 inferis
2554 2963 2764 3018 animas
2806 2966 3096 3021 revocandi
3149 2968 3573 3041 accersendiquc

2010 3048 2243 3106 facultas
2266 3052 2369 3107 soli
2404 3050 2603 3108 divinze
2626 3061 2836 3109 natura:
2868 3056 3157 3113 tribuenda
3189 3067 3293 3115 est.
3343 3058 3449 3116 Sed
3483 3062 3570 3117 in-

333 3150 527 3205 πεσθαι
563 3152 656 3205 καὶ
690 3152 849 3205 πάλιν
882 3151 1267 3206 ἀνακαλεῖσθαι
1298 3152 1492 3223 ψυχάς.
1539 3153 1677 3207 Ἀλλ’
1710 3156 1737 3208 6
1768 3171 1903 3225 κομ-

2007 3141 2253 3199 dustrius
2309 3158 2441 3199 sane
2500 3144 2760 3216 Origenes
2824 3146 3143 3204 idololatriae
3204 3149 3569 3209 instrumenta

331 3238 430 3310 ψδς
465 3242 763 3314 Ὠριγένης,
794 3243 1232 3315 εἰδωλολατρείας
1252 3245 1456 3317 ὄργανα
1486 3245 1578 3299 καὶ
1609 3262 1904 3317 νεκυομαν-

330 3333 478 3397 τείας
502 3334 780 3409 εὑρήματα
810 3335 889 3407 τῷ
912 3337 1013 3407 τῆς
1053 3337 1379 3409 Ἐκκλησίας
1411 3337 1579 3393 θέλων
1606 3340 1903 3412 ὲπισκυλῆ-

335 3439 423 3476 σαι
466 3424 565 3495 (5⁸)
592 3424 760 3497 χορῷ,
810 3426 902 3480 τοῦ
932 3426 1074 3482 θείου
1110 3427 1505 3497 καταψεύδεται
1553 3430 1902 3502 γράμματος,

335 3514 509 3588 Αὐτῆς
545 3518 732 3589 γάρτοι
770 3520 870 3591 τῆς
908 3520 1129 3592 Γραφῆς
1173 3520 1474 3591 ἀναφανδὸν
1515 3521 1794 3594 ἐκϐοὼσης
1829 3523 1905 3586 ὼς

333 3601 480 3660 εἶπεν
514 3609 546 3679 ὴ
592 3610 760 3681 γυνή·
809 3610 948 3666 Τίνα
998 3610 1197 3682 ἀγάγω
1242 3627 1377 3676 σοι;
1421 3612 1726 3668 τούναντίον
1758 3614 1905 3669 ἀντι-

334 3699 571 3771 στρέψας
610 3694 791 3767 οὖτος,
825 3703 884 3756 τὸ
931 3704 1218 3776 πρόσωπον
1262 3705 1364 3777 ἔφη
1408 3705 1580 3760 ταῦτα
1627 3706 1905 3778 εἰρηκέναι

332 3787 424 3840 τοῦ
468 3790 623 3859 ἁγίου
659 3791 992 3863 Πνεύματος.
1036 3789 1168 3847 Εἶτα
1207 3794 1457 3848 τοσοῦτον
1486 3795 1756 3867 ἐξετράπη
1804 3812 1907 3849 πα-

336 3880 606 3950 ρασυρεὶς,
655 3879 794 3933 ὥστε
839 3883 941 3936 οὐκ
986 3880 1216 3954 ἐρυθριᾷ
1258 3882 1336 3954 τῷ
1385 3884 1522 3955 ἁγίῳ
1570 3884 1904 3956 περιτιθέναι

335 3964 608 4040 Πνεύματι
637 3970 706 4025 τὰ
739 3972 839 4043 τῆς
867 3972 1159 4045 ὲπιλήπτου
1197 3974 1442 4045 ῥήματα·
1473 3975 1699 4029 τοιαῦτα
1727 3975 1784 4029 δὲ
1812 3992 1907 4043 γυ-

338 4061 571 4135 μνοτέρα
613 4067 678 4137 τῇ
723 4064 936 4139 γλώττῃ
967 4065 1320 4138 βλασφημῶν,
1369 4069 1450 4131 είς
1485 4068 1546 4122 τὸ
1587 4066 1814 4139 Πνεῦμα
1846 4070 1906 4123 τὸ

336 4156 487 4226 ἅγιον
532 4156 788 4229 ἀναφέρει
831 4156 892 4209 τὸ
939 4158 1068 4221 πᾶν,
1105 4157 1399 4229 ἀξιοπίστῳ
1437 4160 1562 4223 τοὺς
1608 4160 1908 4229 αὑτηκόους

335 4249 556 4322 ὀνόματι
580 4250 892 4305 καταιδέσαι
925 4248 1278 4321 πειρώμενος.
1318 4252 1519 4324 Ἠρετο
1549 4251 1648 4322 μὲν
1685 4247 1798 4317 οὖν,
1832 4251 1909 4315 ὡς

335 4341 492 4413 ἔφην,
517 4343 550 4414 ἡ
579 4342 738 4416 γυνὴ,
769 4343 863 4396 καὶ
888 4341 1136 4413 καθάπερ
1162 4341 1408 4407 ἐξουσίαν
1445 4342 1643 4414 ἔχουσα
1674 4342 1768 4396 τοῦ
1806 4360 1904 4415 με-

333 4434 716 4507 ταπέμπεσθαι
763 4438 889 4500 τοὺς
937 4438 1192 4509 νεκροὺς,
1252 4437 1425 4503 Τίνα,
1466 4438 1663 4508 φησὶν,
1705 4435 1903 4506 ἀνάγω

332 4543 467 4593 σοι;
496 4528 589 4581 τοῦ
637 4528 693 4582 δὲ
741 4529 1139 4600 μαντευομένου
1181 4530 1449 4601 φήσαντος
1481 4528 1779 4600 ἀναχθῆναι
1809 4528 1901 4582 τὸν

336 4619 605 4693 Σαμουὴλ,
655 4617 811 4686 αὖθις
854 4622 1121 4693 ἐπιφέρει·
1170 4622 1277 4678 Kal
1311 4619 1471 4675 εἶδεν
1513 4623 1552 4691 ἠ
1596 4621 1751 4692 γυνὴ
1795 4619 1904 4674 τὸν

332 4711 632 4782 Σαμουὴλ,
661 4712 786 4784 ἔφη,
822 4714 914 4767 καὶ
950 4714 1142 4785 ἐϐόησε
1183 4716 1331 4785 φωνῇ
1370 4714 1600 4787 μεγάλῃ,
1643 4714 1738 4767 καὶ
1781 4708 1903 4766 εἷπε

334 4802 412 4876 τῷ
459 4804 708 4879 δυνάστῃ⁸
758 4807 917 4860 Διατί
971 4806 1344 4876 παρελογίσω
1402 4822 1515 4875 as;
1567 4806 1663 4861 καί
1716 4805 1798 4879 σιξ
1849 4800 1911 4859 εἴ

337 4862 553 4980 Σαούλ.
714 4895 770 4948 δὲ
794 4897 823 4948 6
849 4862 1101 4966 βασιλεύς
1127 4862 1327 4968 ἕφὴσεν
1357 4862 1515 4968 com,
1554 4895 1652 4964 Μὴ
1692 4862 1901 4982 φοξοῦ,

336 4985 429 5039 καὶ
455 4976 536 5050 τὸ,
573 4984 641 5040 Τί
669 4986 931 5056 ἑώρακας
942 5005 961 5052 ;
994 4989 1203 5058 ἐπάγειο
1232 4985 1387 5051 αὖθις
1425 4976 1899 5054 ἀνθυπενεγκοῢσα

338 5076 497 5131 πάλιν
543 5079 578 5150 ὴ
624 5074 959 5151 πυθόμαντις
1002 5080 1136 5153 ἔφη’
1179 5080 1361 5147 Θεοὺς
1401 5077 1630 5147 ἑώρακα
1656 5077 1898 5132 ἀναϐαί-

334 5185 551 5237 νοντας
576 5170 645 5224 ἐκ
687 5168 817 5241 γῆς.
862 5170 1077 5243 Ἐπειδὴ
1105 5171 1161 5224 δὲ
1192 5171 1283 5224 καὶ
1313 5169 1374 5222 τὸ
1416 5168 1719 5222 τελευταῖον
1754 5169 1783 5221 6
1813 5167 1902 5220 δυ-

334 5265 535 5337 νάστης
564 5267 745 5339 ῆρετο,
780 5268 842 5322 Τί
867 5267 1089 5338 Errare;
1114 5268 1311 5323 αὐτίκα
1337 5267 1497 5322 πάλιν
1528 5265 1900 5349 ἀνθυπήνεγκε

337 5354 473 5426 πρὸς
495 5354 643 5422 ἔπος⁸
673 5357 886 5426 Ἄνδρα
906 5357 1103 5426 ὄρθιον
1125 5358 1521 5412 ἀναϐαίνοντα
1543 5357 1613 5411 ὲκ
1637 5354 1746 5423 τῆς
1768 5353 1897 5424 γῆς’

337 5447 431 5502 καὶ
482 5444 662 5517 οὗτος
704 5449 1180 5519 ἀναϐεϐλημένος
1222 5449 1517 5506 διπλοΐδα.
1568 5448 1632 5501 Τί
1678 5443 1769 5500 οὖν
1810 5447 1902 5499 ἐπὶ

406 5558 429 5591 ⁸
454 5559 799 5629 Numnam,
843 5563 933 5618 25.
1006 5563 1028 5594 ⁸
1058 5562 1088 5617 1
1115 5561 1241 5633 Reg.
1292 5577 1485 5627 xxviii,
1525 5561 1578 5617 9.
1659 5562 1678 5592 "
1712 5558 1837 5614 ibid.
1861 5540 1922 5612 il

526 5677 742 5731 Αὐτοῦ.
775 5677 933 5748 Forte
953 5677 1140 5748 αὐτῆς.
1170 5684 1173 5687 ’

413 5745 511 5817 (5')
564 5746 1016 5815 Ἐπισκυλῆσαι.
1048 5745 1191 5814 Quid
1213 5745 1317 5802 sibi
1346 5745 1462 5817 vult
1490 5745 1634 5817 istud
1676 5747 1898 5817 ἐπισκυ-

341 5814 521 5887 meat,
555 5818 698 5888 quod
729 5817 862 5871 nihil
884 5814 1208 5888 signiﬁcare
1247 5816 1458 5887 potest?
1489 5814 1645 5874 Haud
1676 5814 1896 5875 dubium

662 5910 933 5973 ΡΑτιιοι..
978 5911 1095 5974 Gn.
1142 5909 1367 5979 XVlll.

2006 3234 2521 3307 vaticiniorumque,
2541 3252 2729 3292 eorum
2754 3240 3023 3310 praecipue
3048 3257 3168 3311 quae
3184 3242 3320 3298 fiunt
3340 3248 3570 3302 mortuis

2005 3326 2279 3392 evocatis,
2313 3337 2461 3384 artes
2490 3329 2546 3383 in
2579 3331 3015 3389 ecclesiasticum
3044 3334 3271 3389 chorum
3309 3351 3436 3391 cum
3471 3337 3571 3392 ha-

2006 3416 2159 3473 beret
2219 3419 2274 3472 in
2320 3420 2503 3476 animo
2545 3423 2875 3489 obtrudere,
2940 3426 2996 3479 in
3042 3441 3252 3482 sacram
3311 3431 3573 3485 mentitur

2009 3506 2370 3580 Scripturam.
2411 3513 2621 3584 Quippe
2647 3513 2926 3587 Scriptura
2955 3532 3145 3589 aperte
3170 3520 3458 3593 palamque
3484 3524 3571 3579 di-

2006 3611 2167 3658 cente
2232 3605 2518 3661 mulierem
2587 3608 2791 3664 dixisse
2854 3628 2867 3663 :
2927 3610 3093 3677 Quem
3156 3615 3379 3670 evocabo
3436 3615 3573 3670 tibi?

2007 3694 2297 3750 Consilium
2323 3694 2618 3766 Scriptura-
2649 3699 2703 3753 in
2724 3702 3052 3756 contrariam
3084 3711 3293 3774 partem
3316 3704 3567 3773 aﬂ‘erens,

2007 3798 2298 3853 personam
2323 3786 2399 3840 ait
2420 3787 2536 3842 haec
2564 3788 2770 3845 dixisse
2800 3789 3035 3860 Spiritus
3070 3796 3265 3849 sancti.
3304 3795 3573 3870 Deinceps

2008 3874 2207 3945 raptim
2227 3890 2400 3947 usque
2423 3893 2489 3932 eo
2521 3892 2552 3931 a
2583 3879 2815 3935 veritate
2846 3879 3061 3936 deﬂexit
3089 3890 3149 3936 ut
3171 3882 3422 3940 fanaticae
3449 3902 3572 3941 mu-

2007 3964 2158 4022 lieris
2190 3968 2351 4023 verba
2378 3968 2601 4039 Spiritui
2626 3981 2817 4040 sancto
2844 3988 2953 4028 non
2978 3981 3222 4029 vereatur
3246 3976 3570 4049 impingere.

2009 4056 2134 4113 llaec
2159 4075 2281 4114 cum
2309 4059 2688 4118 disertissimis
2712 4063 2894 4118 verbis
2929 4065 3093 4134 impie
3123 4066 3365 4135 effutiat,
3396 4077 3572 4125 totum

2006 4152 2174 4207 refert
2222 4151 2276 4206 in
2323 4150 2585 4221 Spiritum
2615 4164 2864 4210 sanctum
2898 4157 3196 4225 auditores,
3227 4162 3444 4218 nomine
3467 4164 3572 4219 title

2007 4241 2173 4314 digno
2201 4245 2531 4313 persuadere
2557 4255 2806 4302 conatus.
2835 4247 3094 4314 Quaesivit
3118 4251 3302 4322 itaque
3322 4292 3338 4318 ,
3372 4262 3432 4308 ut
3457 4254 3571 4323 jam

2007 4333 2141 4397 dixi,
2171 4334 2388 4401 mulier,
2419 4342 2474 4390 et
2502 4336 2660 4407 quasi
2692 4344 2939 4395 mortuos
2968 4342 3229 4395 evocandi
3255 4340 3569 4398 facultatem

2008 4424 2263 4492 haberet,
2289 4426 2488 4492 Quem,
2522 4429 2628 4495 ait,
2664 4430 2885 4485 evocabo
2927 4431 3058 4489 tibi?
3085 4431 3287 4488 Verum
3324 4434 3417 4504 qui
3447 4450 3575 4490 οτα-

2005 4519 2127 4574 cula
2180 4521 2532 4587 consulebat,
2572 4531 2629 4576 ut
2676 4520 2894 4578 Samuel
2929 4524 3272 4591 educeretur,
3314 4534 3530 4596 petente
3555 4565 3570 4590 ,

2002 4611 2225 4668 subdit:
2261 4611 2329 4665 Et
2358 4612 2487 4666 vidit
2516 4613 2705 4668 mulier
2724 4613 3056 4679 Samuelem;
3097 4623 3151 4671 et
3185 4618 3398 4673 sublata
3438 4633 3573 4677 voce

2004 4702 2278 4767 clamavit,
2299 4702 2544 4774 dixitque
2571 4705 2805 4774 principi
2840 4724 2852 4759 :
2885 4705 2995 4759 Cur
3022 4705 3258 4776 fefellisti
3286 4725 3365 4762 me
3385 4709 3410 4761 ?
3440 4718 3491 4763 et
3516 4719 3571 4762 tu

2003 4810 2057 4849 es
2091 4791 2245 4848 Saul.
2273 4793 2570 4865 Postquam
2610 4811 2704 4851 rex
2727 4796 2957 4851 dixisset
3016 4817 3029 4852 :
3091 4796 3172 4851 Ne
3218 4800 3404 4855 timeas
3430 4841 3446 4868 ,
3496 4812 3571 4865 et,

2006 4883 2147 4950 Quid
2178 4883 2355 4939 vidisti
2372 4888 2401 4953 2
2442 4901 2661 4940 rursum
2693 4887 2987 4957 pythonem
3024 4887 3228 4944 habens
3261 4892 3459 4947 mulier
3489 4893 3575 4947 in-
3599 4882 3631 5004 rt

2009 4977 2107 5004 Lua
2149 4997 2160 5004 .
2207 4977 2333 5004 Π--.-
2384 4977 2490 5004 -.ΣᾸΖ
2538 4979 2865 5004 ---ρμλρμιρρ
2917 4980 2975 5004 ..1-
3034 4991 3170 5004 ι-....-
3253 4983 3384 5004 βυ..-
3440 5000 3564 5004 _______

2007 4977 2112 5031 fert
2149 4997 2160 5031 :
2195 4977 2333 5033 Deos
2384 4977 2490 5032 vidi
2533 4979 2865 5034 ascendentes
2911 4980 2975 5034 de
3031 4991 3192 5037 terra.
3252 4983 3392 5039 Cum
3440 5000 3572 5039 vero

2006 5070 2227 5126 tandem
2278 5071 2534 5142 princeps
2579 5071 2968 5143 interrogasset
3008 5093 3020 5128 :
3059 5074 3248 5142 Qualis
3285 5088 3362 5133 est
3400 5078 3573 5146 {arma

2006 5162 2162 5232 ejus?
2192 5162 2261 5217 ad
2290 5165 2511 5218 verbum
2532 5165 2605 5218 ita
2639 5164 2799 5219 aifata
2830 5174 2949 5223 est:
2981 5167 3222 5224 Hominis
3241 5172 3367 5225 recti
3399 5186 3575 5224 ascen-

2009 5255 2178 5310 dentis
2214 5256 2278 5310 de
2308 5264 2482 5319 terra;
2528 5267 2578 5310 et
2608 5258 2715 5327 ipse
2756 5264 2978 5316 amictus
3022 5271 3101 5316 est
3151 5262 3397 5331 diploide.
3432 5261 3573 5327 Quid

2008 5356 2267 5418 praeterea
2286 5365 2460 5405 -sacra
2483 5350 2766 5422 Scriptura
2790 5356 2993 5410 tradit?
3025 5356 3089 5410 Et
3114 5358 3253 5411 novit
3284 5354 3416 5410 Saul
3436 5357 3572 5424 quod

2010 5438 2226 5494 Samuel
2256 5448 2389 5493 esset
2413 5439 2524 5506 hic,
2556 5451 2604 5495 et
2627 5442 2900 5499 inclinavit
2932 5461 2985 5499 se
3021 5460 3174 5513 super
3200 5442 3388 5511 faciem
3420 5457 3572 5494 suam

2008 5666 2140 5740 quin
2169 5667 2451 5740 legendum
2480 5670 2552 5725 sit
2588 5668 2967 5740 ὲπικυκλῆσαι,
3004 5665 3098 5740 vel
3121 5660 3572 5740 ἐπεισκυκλῆσαι,

2005 5730 2193 5864 ﬁothm
2218 5730 2331 5796 fere
2365 5754 2531 5799 sensu
2560 5757 2669 5813 quo
2701 5730 3049 5809 ἐπιτειχίζειν
3087 5737 3285 5804 legitur
3309 5732 3419 5789 col.
3441 5730 3575 5797 625i,

2058 5848 2070 5862 .
2133 5823 2267 5864 ‘Dl'r.

2058 5848 2070 5862 .
2113 5823 2267 5864 ινιτ.

3189 5896 3266 5960 20
