4090 6288
456 582 493 747 μ

480 841 511 1025 ί

578 324 686 382 619

1541 316 1599 374 8.
1636 313 2001 375 EUSTATHll
2028 310 2351 369 EPISCOPI
2395 305 2813 370 ANTIOCHENI

3739 320 3837 378 69.0

578 449 637 504 in
666 455 808 500 terra
828 481 843 505 ,
882 449 933 494 et
955 436 1195 493 adoravit
1226 451 1343 490 eum
1362 435 1407 493 ⁸.
1438 434 1785 493 Manifestum
1819 439 1998 504 itaque
2025 440 2141 497 est,

2250 431 2454 497 τούτοις
2477 430 2781 503 διαγορεύει
2806 430 2840 500 ἡ
2871 428 2991 483 θεία
3018 430 3243 503 Γραφή;
3276 432 3391 486 Kal
3432 432 3594 503 ἔγνω
3617 436 3835 505 Σαοὺλ,

580 536 774 596 nullibi
816 524 1040 587 omnino
1074 543 1354 585 sacrarum
1401 528 1706 584 litterarum
1754 527 1942 583 seriem
1993 523 2137 579 amr-

581 645 762 687 masse
790 641 885 698 per
909 623 1199 678 mulierem
1218 622 1364 677 illam
1394 620 1881 693 engastrimythum
1912 616 2142 698 Samue-

582 726 687 779 lem
734 696 1018 776 evocatum
1077 714 1267 770 fuisse.
1309 712 1416 769 Sed
1465 713 1556 768 illa
1606 711 1820 784 quidem
1866 710 1921 764 in
1953 696 2140 779 primis

574 827 681 885 per
724 809 1043 865 incitantem
1101 807 1275 877 ipsam
1307 805 1607 860 daemonem
1652 803 1782 859 dicit
1825 802 1977 857 illum
2020 815 2144 855 evo-

571 903 853 970 candum;
890 899 1089 957 deinde
1138 906 1193 954 et
1228 899 1359 954 deos
1406 896 1767 953 ascendentes
1814 893 1994 949 videre
2026 893 2141 963 glo-

581 999 752 1061 riata,
791 992 1169 1050 fraudulenter
1210 990 1365 1060 signa
1394 988 1632 1045 hominis
1663 985 1941 1051 tradebat,
1986 994 2046 1040 ut
2074 999 2143 1040 ex

580 1087 798 1145 insidiis
824 1089 1136 1157 occuparet.
1170 1082 1236 1136 Et
1257 1081 1484 1138 demens
1510 1079 1642 1137 Saul
1673 1096 1740 1135 ex
1771 1078 1860 1135 his
1890 1092 2011 1149 quae
2038 1092 2152 1135 au-.

580 1182 783 1250 dierat,
816 1179 1085 1235 intellexit
1106 1175 1252 1249 quod
1278 1176 1370 1230 ille
1391 1175 1509 1245 ipse
1537 1180 1680 1230 esset
1712 1170 1948 1227 Samuel.

652 1447 742 1505 IV.
773 1449 856 1503 An
905 1463 1036 1519 ergo
1075 1446 1209 1502 fides
1258 1444 1562 1502 adhibenda
1594 1444 1666 1502 sit
1696 1442 1780 1499 vel
1829 1457 1858 1496 a
1902 1440 2146 1497 daemone

576 1551 775 1600 vexato
802 1540 975 1605 Sauli,
1011 1540 1166 1610 quasi
1192 1553 1373 1594 veram
1405 1545 1756 1607 exactamque
1780 1533 2144 1605 cognitionem

579 1633 840 1699 haberet,
881 1630 968 1686 vel
1026 1626 1258 1685 daamoni
1294 1628 1361 1682 de
1417 1632 1589 1682 semet
1633 1623 1864 1695 gloriose
1907 1620 2145 1691 loquenti

581 1726 1030 1800 promittentique
1050 1723 1120 1779 ab
1149 1721 1632 1791 inferisjustorum
1671 1717 1883 1771 animas
1913 1713 2148 1769 eductu-

2241 521 2332 576 ὅτι
2358 521 2637 593 Σαμουὴλ
2665 522 2832 577 ἐστιν
2857 516 3056 589 οὗτος,
3081 522 3178 576 καί
3203 523 3450 592 ἔκυψεν
3479 526 3582 581 ἐπὶ
3609 534 3838 599 πρόσω-

2240 628 2361 669 πον
2386 615 2571 670 αὐτοῦ
2598 614 2695 668 ἐπὶ
2725 613 2841 683 τὴν
2862 614 2999 684 γῆν,
3028 616 3128 669 καί
3155 619 3637 686 προσεκύνησεν
3660 623 3835 690 αὐτῷ.

2242 706 2493 760 Φαίνεται
2524 705 2700 759 τοίνυν
2732 705 2808 769 ὡς
2840 705 3078 776 οὐδαμοῦ
3113 707 3173 761 τὸ
3206 706 3482 779 παράπαν
3508 711 3543 781 ή
3577 711 3673 765 τοῦ
3699 713 3837 767 θείου

2242 798 2565 868 γράμματος
2594 796 2793 869 ἔφησεν
2831 796 3025 869 ἐκδοχὴ
3066 798 3157 852 τὸν
3192 799 3459 870 Σαμουὴλ
3490 802 3727 872 ἀνῆχθαι
3754 804 3838 857 διὰ

2242 891 2341 961 τῆς
2377 890 2830 962 ὲγγαστριμύθου·
2862 890 2977 945 ἀλλ’
3003 892 3137 964 αύτὴ
3170 893 3273 963 μὲν
3298 895 3735 966 προηγουμένως
3754 895 3838 950 διά

2242 982 2335 1036 τοῦ
2354 983 2777 1055 ὲκόακχεύοντος
2793 984 2929 1056 αὐτῇ
2950 983 3017 1056 [Ῑ.
3040 986 3234 1053 αὑτήν,
3254 1002 3303 1039 υ.
3320 988 3381 1038 ὲν
3404 986 3571 1057 αὐτῇ]
3589 986 3837 1058 δαίμονος

2242 1075 2644 1145 ἀποφθέγγεται
2680 1076 2790 1130 δεῖν
2848 1077 3074 1148 ἀνάγειν
3098 1080 3286 1133 αὐτόν·
3357 1073 3483 1132 εἶτα
3538 1081 3635 1133 καὶ
3686 1080 3837 1144 θεοὺς

2242 1168 2490 1232 ἀνιόντας
2512 1168 2891 1240 ὲπικομποῦσα
2920 1170 3164 1244 θεωρεῖν,
3195 1172 3392 1243 ἀπάτῃ
3433 1171 3535 1243 μὲν
3559 1173 3727 1225 ἐδίδου
3765 1172 3834 1226 τὰ

2246 1260 2445 1329 σημεῖα
2493 1258 2717 1331 τάνδρὸς
2757 1262 2837 1323 είς
2889 1261 3129 1335 ἐνέδραν·
3176 1264 3204 1316 ὁ
3241 1263 3304 1316 δὲ
3329 1250 3659 1335 ’παράφρων
3696 1263 3836 1332 ἔγνω

2244 1348 2416 1404 Σαοὺλ
2452 1348 2513 1414 ἐξ
2549 1343 2624 1404 ὧν
2649 1351 2884 1422 ἀκήκοεν
2916 1351 2992 1416 ὡς
3021 1354 3182 1417 αὐτὸς
3212 1349 3378 1417 οὗτός
3406 1356 3526 1406 ἐστι
3559 1354 3834 1427 Σαμουήλ.

2314 1438 2402 1493 IV.
2433 1441 2497 1494 El
2522 1440 2578 1493 δὲ
2608 1440 2689 1495 δεῖ
2716 1440 2988 1494 πιστεύειν
3016 1442 3147 1513 ἥτῷ
3176 1442 3628 1514 δαιμονιζομένῳ
3646 1442 3843 1506 Σαοὺλ,

2243 1532 2318 1597 ὡς
2349 1532 2523 1605 ἀληθῆ
2557 1532 2809 1602 γνώσεως
2832 1534 3161 1607 ὴκριϐωκότι
3189 1535 3537 1608 κατάληψιν,
3568 1536 3601 1607 ἢ
3634 1535 3840 1607 δαίμονι

2244 1624 2578 1696 καυχωμένῳ
2602 1625 2695 1678 καὶ
2720 1624 2897 1696 ψυχὰς
2919 1626 3350 1698 ὑπισχνουμένῳ
3384 1626 3609 1680 δικαίων
3628 1626 3688 1694 ἐξ
3712 1625 3835 1696 ᾅδου

2250 1714 2724 1788 μεταπέμπεσθαι,
2754 1716 3027 1788 κρίνωμεν
3060 1718 3188 1788 παρ’
3225 1719 3452 1782 ἑαυτοῖς
3488 1718 3622 1787 ὅσης
3651 1716 3716 1771 ἂν
3748 1716 3832 1786 εἴη

581 1835 728 1885 rum,
763 1820 906 1877 inter
928 1833 1029 1873 nos
1052 1818 1201 1887 ipsos
1229 1812 1624 1884 dijudicemus,
1658 1809 2144 1876 discernamusque

2250 1824 2306 1877 γε
2349 1808 2657 1879 δυσφημίας
2688 1807 2953 1872 ἀνάπλεα,
2988 1808 3158 1863 ταῦτα
3186 1810 3279 1863 καὶ
3304 1810 3382 1864 τὰ
3409 1808 3636 1863 τοιαῦτα
3667 1810 3825 1871 νοεῖν,

583 1914 700 1969 haec
728 1919 781 1968 et
814 1909 1013 1967 similia
1046 1909 1149 1963 hoc
1176 1906 1339 1962 modo
1372 1904 1703 1975 intelligere,
1750 1915 1913 1971 quam
1943 1912 2144 1953 vanum

2250 1894 2290 1953 ὧ
2332 1900 2587 1971 κράτιστε
2620 1899 2828 1972 ἀνδρῶν
2860 1900 3159 1974 Εύτρόιιιιε⁸
3187 1901 3322 1956 πολὺ
3358 1901 3488 1973 γάρ,
3525 1900 3604 1963 ὡς
3624 1899 3823 1966 ἔοικεν,

582 2006 919 2078 impiumque
950 2001 1042 2066 sit,
1077 2015 1111 2055 ο
1140 1999 1343 2069 optime
1368 1996 1646 2052 hominum
1683 1988 2145 2061 Eutrapi.Mirum

580 2098 726 2153 enim
774 2100 1039 2166 quantum
1093 2107 1123 2145 a
1170 2090 1433 2152 veritate,
1488 2094 1546 2141 ιιι
1594 2084 1829 2149 videtur,
1885 2079 2147 2152 Origenes

580 2186 940 2245 aberraverit.
971 2184 1039 2238 Et
1077 2184 1123 2240 si
1161 2181 1424 2237 Dominus
1453 2185 1639 2235 noster
1683 2173 1843 2231 Jesus
1890 2173 2146 2229 Christus

580 2282 649 2339 de
676 2275 887 2334 diabolo
901 2274 1307 2345 dicat’-":Ipse
1344 2268 1604 2326 homicida
1639 2276 1755 2321 erat
1784 2265 1848 2319 ab
1876 2265 2059 2328 initio,
2097 2272 2146 2317 et

579 2377 638 2431 in
662 2375 879 2430 veritate
918 2387 1027 2427 non
1066 2370 1244 2432 stetit;
1288 2367 1535 2438 quoniam
1574 2361 1767 2416 veritas
1808 2360 1864 2413 in
1900 2359 2014 2427 ipso
2043 2374 2147 2411 non

579 2474 718 2522 erat.
749 2463 883 2518 Cum
909 2463 1142 2533 loquitur
1172 2457 1521 2519 mendacium,
1555 2469 1618 2508 ea:
1644 2451 1870 2522 propriis
1894 2449 2143 2520 loquitur,

581 2559 830 2628 quoniam
863 2552 1089 2609 mendax
1115 2559 1224 2614 est,
1254 2558 1304 2603 et
1324 2556 1473 2622 pater
1510 2545 1712 2615 ipsius:
1745 2543 1875 2614 quid
1898 2541 2009 2607 hic,
2029 2542 2110 2595 ais
2131 2579 2146 2605 ,

582 2646 883 2723 Origenes?
916 2643 1078 2700 Prius
1104 2642 1250 2700 enim
1281 2635 1695 2710 interrogandus
1738 2651 1800 2693 es
1830 2653 1843 2690 :
1879 2633 2002 2689 Haec
2027 2649 2148 2704 quae

580 2738 838 2803 Salvator
864 2737 1002 2792 dixit
1025 2749 1153 2791 vera
1182 2741 1334 2796 sunt,
1355 2747 1422 2786 an
1446 2728 1785 2804 respondens
1808 2726 2146 2783 contrarium

583 2828 774 2886 dices?
800 2828 989 2896 Itaque
1024 2825 1070 2880 si
1096 2823 1260 2879 verba
1293 2819 1506 2875 Domini
1535 2817 1604 2873 de
1645 2831 1797 2873 more
1824 2829 1953 2871 vera
1984 2821 2145 2880 sunt,

583 2935 714 2992 ergo
762 2918 975 2974 daemon
1032 2914 1293 2969 audacter
1342 2910 1679 2967 insolescens
1726 2905 1986 2962 mentitus
2040 2911 2145 2960 est.

577 3012 788 3068 “Verum
816 3010 864 3067 si
898 3006 1163 3064 daemonis
1204 3017 1482 3062 sermones
1513 3001 1727 3058 veritati
1762 3016 1869 3055 non
1911 3000 2149 3077 absonos

584 3102 802 3168 deﬁnis,
835 3098 1153 3155 mendacem
1184 3096 1470 3152 Dominum
1495 3094 1683 3167 utique
1713 3090 1883 3147 audes
1924 3089 2150 3147 demon-

573 3204 781 3254 ‘strare.
825 3189 1061 3247 Videsne
1098 3203 1263 3260 quam
1311 3186 1557 3241 inculcas
1624 3183 1983 3246 sententiam,
2028 3172 2216 3255 quiec

584 3283 824 3343 absurda
857 3283 1146 3352 ineptaque
1169 3276 1476 3333 contineat?
1501 3274 1837 3347 Quandoque
1867 3272 2009 3328 enim
2043 3271 2151 3329 dae-2

583 3388 775 3433 mones
804 3373 872 3429 ad
911 3371 1196 3427 veritatem
1224 3365 1509 3423 dicendam
1534 3369 1585 3421 vi
1622 3364 2026 3435 compelluntur
2052 3364 2152 3418 do-

574 3467 796 3523 ‘loribus
817 3462 947 3519 torti
980 3482 994 3518 :
1026 3468 1397 3518 verumtamen
1428 3458 1563 3512 nihil
1593 3471 1823 3528 usquam
1846 3454 2153 3512 voluntarie

585 3560 706 3617 sine
735 3557 1019 3613 mendacio
1061 3552 1315 3609 dixerint.
1362 3548 1568 3606 Tamen
1609 3549 1653 3605 si
1691 3549 1817 3620 quis
1852 3550 2150 3603 daemonem

578 3651 764 3720 iustos
798 3647 867 3703 ab
896 3644 1087 3700 inferis
1117 3656 1346 3698 evocare
1374 3639 1696 3703 aﬂirmahit,
1741 3638 2013 3709 quomodo
2036 3653 2153 3692 ma-

576 3740 846 3796 nifestum
875 3754 987 3793 non
1032 3736 1171 3799 erit,
1212 3732 1402 3790 fraude
1436 3732 1780 3788 mendacium
1823 3730 2150 3797 obtrudere,

586 3834 680 3889 illo
699 3833 881 3887 animo
903 3842 961 3885 ut
983 3831 1211 3899 aliquem
1237 3825 1573 3897 praecipitem
1595 3832 1775 3878 actum
1799 3822 2155 3879 consternat?

587 3927 667 3981 ita
691 3933 806 3989 est,
838 3924 913 3977 ait
941 3943 952 3976 :
979 3922 1045 3976 At
1080 3923 1170 3976 illa
1199 3920 1411 3975 daemon
1453 3919 1637 3974 nullus
1676 3916 1873 3973 ell‘atus
1902 3926 2019 3984 est,
2057 3916 2152 3972 sed

588 4032 822 4073 narrans
850 4013 1133 4086 scriptoris
1165 4027 1301 4079 vox;
1330 4026 1650 4069 sermonum
1672 4025 1804 4066 vero
1829 4009 2153 4082 scriptorem

587 4127 710 4167 esse
730 4108 998 4179 Spiritum
1028 4115 1273 4163 sanctum
1290 4145 1306 4169 ,
1341 4114 1525 4161 etnon
1555 4105 1830 4160 hominem
1854 4103 2150 4158 credimus.

578 4204 753 4260 ‘Forte
785 4200 948 4259 seriei
991 4199 1321 4257 narrationis
1368 4200 1664 4272 pugnantia
1697 4200 1753 4255 in
1794 4198 2031 4255 medium
2072 4196 2155 4253 af-

578 4297 887 4369 ferrenon
936 4295 1092 4365 plane
1139 4291 1432 4364 intelligis?
1496 4291 1719 4347 Rectius
1780 4292 1999 4365 itaque.
2058 4289 2153 4362 qui

589 4388 851 4460 paulatim
896 4385 962 4442 ad
995 4384 1316 4445 omnifarios
1352 4398 1632 4441 sermones
1684 4384 1925 4439 animum
1973 4385 2155 4438 inten-

2257 1994 2536 2065 Ὠριγὲνης
2553 1995 2653 2065 τῆς
2685 1993 2942 2065 ἀληθείας
2962 1995 3191 2065 ἐσφάλη⁸
3224 1994 3397 2049 καίτοι
3434 1992 3530 2046 τοῦ
3546 1991 3823 2045 Δεσπότου

2243 2087 2401 2157 ἡμῶν
2439 2083 2612 2155 Ἰησοῦ
2658 2083 2894 2155 Χριστοῦ
2945 2087 3073 2159 περ)⁸
3115 2087 3206 2139 τοῦ
3245 2087 3489 2141 διαϐόλου
3518 2085 3820 2156 διαρρήδην

2244 2176 2543 2248 εἰρηκότοςο
2575 2176 2837 2242 Ἐκεῖνος
2861 2176 3346 2246 ἀνθρωποκτόνος
3369 2174 3448 2249 ἦν
3472 2176 3576 2230 ἀπ’
3597 2172 3815 2242 ἀρχῆς,

2244 2265 2343 2319 καὶ
2368 2266 2439 2319 ἐν
2467 2264 2543 2335 τῇ
2573 2266 2826 2335 ἀληθείᾳ
2849 2269 2962 2337 οὐχ
3001 2266 3274 2335 ἕστηκεν,
3304 2267 3392 2321 ὅτι
3419 2265 3670 2333 ἀλήθεια
3699 2264 3814 2316 οὐκ

2244 2352 2418 2407 ἐστιν
2459 2354 2529 2407 ἐν
2554 2354 2732 2420 αὐτῷ.
2773 2356 2947 2409 Ὅταν
2986 2355 3148 2425 λα.λῇ
3197 2357 3261 2410 τὸ
3310 2356 3535 2427 ψεῦδος
3586 2355 3656 2408 ἐκ
3692 2350 3814 2406 τῶν

2246 2451 2413 2505 ἰδίων
2433 2450 2626 2516 λαλεῖ,
2661 2450 2748 2505 ὅτι
2785 2452 3051 2521 ψεύστης
3090 2453 3221 2508 ἐστὶ
3265 2454 3362 2507 καὶ
3405 2457 3439 2508 ὁ
3480 2449 3675 2518 πατὴρ
3708 2453 3814 2505 αὐ-

2246 2543 2372 2599 τοῦ.
2403 2544 2469 2597 Τί
2500 2544 2674 2598 τοίνυν
2702 2544 2825 2616 φῂς,
2859 2538 2906 2598 ὧ
2950 2544 3255 2616 Ὠρίγενες;
3290 2543 3498 2615 ἀνάγκη
3537 2542 3644 2615 γὰρ
3694 2541 3815 2610 ὲρέ-

2248 2636 2371 2690 σθαι
2417 2653 2476 2690 σε
2523 2637 2769 2709 πότερον,
2806 2636 2978 2708 ἀληθῆ
3024 2637 3196 2691 ταῦτά
3236 2638 3380 2693 ἐστιν
3406 2638 3547 2710 ἆπερ
3580 2635 3813 2707 ἔφρασεν

2245 2730 2274 2781 ὁ
2305 2728 2515 2801 Σωτὴρ,
2545 2729 2580 2800 ἢ
2609 2728 2918 2783 τούναντίον
2961 2727 3346 2802 ἀνθυποφέρων
3387 2732 3566 2802 ὲρεῖς;
3612 2729 3676 2781 Et
3718 2725 3814 2798 μὲν

2247 2817 2338 2874 οὖν
2373 2821 2592 2892 ἀληθεῖς
2619 2823 2668 2875 οἱ
2698 2821 2793 2876 τοῦ
2828 2821 3030 2894 Κυρίου
3068 2822 3393 2894 τυγχάνουσι
3425 2823 3606 2892 λόγοι,
3634 2817 3816 2874 εἰωθό-

2247 2930 2375 2979 τως,
2406 2912 2512 2986 ἀρα
2557 2916 2587 2968 ὁ
2630 2913 2839 2986 δαίμων
2888 2913 3153 2984 ἐψεύσατο
3199 2913 3627 2989 θρασυνόμενοςο
3664 2914 3711 2966 εί
3756 2910 3812 2965 δὲ

2250 3005 2451 3078 ἀψευδῆ
2479 3005 2548 3059 τὰ
2575 3006 2667 3061 τοῦ
2696 3006 2946 3078 δαίμονος
2975 3007 3133 3080 ὁρίζῃ
3158 3008 3397 3080 ῥήματα,
3426 3008 3658 3080 ψεύστην
3678 3007 3810 3059 ἀπο»-

2253 3100 2414 3170 φῆναι
2442 3098 2532 3152 τὸν
2564 3099 2765 3171 Κύριον
2793 3101 3078 3172 ἐγχειρεῖςο
3104 3102 3239 3173 ὁρᾷς
3270 3104 3352 3167 είς
3380 3104 3511 3173 ὅσην
3534 3097 3808 3153 ἐκπέπτω-

2250 3208 2344 3246 κεν
2375 3190 2600 3246 ἀτοπίαν
2630 3193 2659 3245 ὁ
2688 3191 2838 3265 παρά
2862 3192 2944 3246 σοὶ
2970 3192 3421 3265 δογματιζόμενος
3439 3196 3587 3267 ὁρος;
3621 3191 3803 3244 ’Δκον-

2249 3302 2340 3349 τες
2368 3285 2466 3356 μὲν
2488 3286 2598 3358 γὰρ
2620 3285 2730 3340 ἔσθ’
2757 3287 2845 3341 ὅτε
2871 3287 3078 3359 τάληθῆ
3101 3287 3274 3358 λέγειν
3297 3290 3345 3342 οἱ
3370 3288 3614 3361 δαίμονες
3641 3284 3803 3348 ἀναγ-

2249 3376 2505 3441 κάζονται
2546 3378 2958 3452 στρεϐλούμενοι
2987 3383 3100 3445 τοῖς
3131 3381 3329 3445 πόνοις,
3373 3382 3434 3435 ού
3466 3380 3567 3452 μὴν
3594 3373 3803 3434 ἑκόντες

2250 3468 2497 3539 ἀψευδῶς
2537 3472 2738 3523 εἴποιεν
2780 3471 2846 3524 ἂν
2870 3470 3066 3526 ὁτιοῦν.
3099 3471 3162 3524 Ei
3183 3471 3239 3524 δὲ
3269 3470 3351 3524 δεῖ
3384 3471 3444 3542 (f.
3475 3470 3536 3541 δὴ
3570 3464 3645 3522 vel
3672 3462 3802 3530 δεῖν)

2251 3564 2347 3616 καὶ
2379 3561 2620 3626 δικαίους
2655 3562 2876 3631 ἀνάγειν
2896 3561 2957 3629 ὲξ
2984 3563 3108 3634 ᾅδου
3119 3564 3303 3617 τοῦτον
3329 3562 3548 3637 ὁριεῖταί
3566 3560 3655 3622 τις
3675 3555 3811 3624 ἀμεο

2251 3651 2394 3726 λητὶ,
2429 3653 2546 3717 πῶς
2577 3654 2679 3707 οὐκ
2720 3653 2786 3708 ἂν
2819 3655 2906 3724 εἴη
2937 3670 3000 3722 γε
3035 3656 3201 3724 σαφὲς
3229 3655 3304 3719 ὡς
3330 3656 3512 3729 ἀπάτῃ
3538 3653 3596 3705 τὸ
3624 3644 3808 3719 ψεῦδος

2253 3745 2593 3813 ἀντεισάγει,
2641 3744 2958 3816 βουλόμενος
3005 3747 3429 3818 ὲκτραχηλιάσαι
3475 3742 3625 3805 τινά;
3676 3736 3806 3799 Ναὶ»

2254 3838 2439 3910 φησιν,
2472 3838 2585 3892 ἀλλ’
2619 3840 2718 3910 οὐχ
2748 3841 2777 3891 ὁ
2820 3840 3028 3911 δαίμων
3074 3839 3245 3894 ταῦτα
3274 3840 3511 3912 εἴρηκεν,
3542 3834 3650 3891 ἀλλ’
3682 3833 3715 3901 ἡ
3738 3828 3811 3881 δι’

2253 3930 2570 4003 ηγηματικὴ
2614 3932 2707 3985 τοῦ
2741 3933 3094 4003 συγγραφέως
3153 3933 3336 4003 φωνή·
3386 3926 3721 4002 συγγραφεὺς
3757 3918 3810 3974 δὶ

2253 4022 2361 4074 τῶν
2393 4022 2565 4092 λόγων
2598 4020 2735 4079 εἶναι
2771 4024 3123 4078 πεπίστευται
3162 4024 3223 4077 τὸ
3270 4024 3495 4094 Πνεῦμα
3536 4021 3596 4076 τὸ
3646 4018 3809 4085 ἆγιον.

2253 4113 2366 4168 ἀλλ’
2399 4116 2498 4170 ούκ
2527 4116 2827 4188 ἄνθρωπος.
2876 4112 2986 4170 Εἶτ’
3025 4118 3086 4170 ού
3120 4120 3227 4170 νοεῖ
3259 4117 3374 4180 πῶς
3401 4117 3619 4171 ἐναντία
3645 4108 3811 4183 φαίνει

2253 4209 2318 4278 τῇ
2347 4207 2441 4261 τοῦ
2489 4209 2822 4281 διηγήματος
2869 4210 3097 4281 ὲκδοχῇ;
3151 4208 3380 4265 Κάλλιον
3432 4206 3525 4264 οὖν
3569 4208 3735 4262 ἴσασιν
3767 4200 3811 4252 οί

2255 4298 2528 4363 παντοίοις
2567 4301 2934 4372 σχολαιότερον
2989 4301 3345 4373 ὁμιλήσαντες
3403 4300 3606 4370 λόγοις,
3656 4296 3726 4359 ὡς
3779 4292 3809 4359 ἢ

2253 4388 2622 4464 διηγηματικὴ
2652 4391 2745 4445 τοῦ
2790 4393 3147 4465 συγγραφέως
3176 4392 3480 4464 ὁμιλήσασα
3506 4390 3677 4448 ταῦτα
3708 4382 3814 4451 ἒξέ⁶

486 4506 497 4577 ι
590 4484 720 4537 dere
769 4486 1071 4544 noverunt,
1122 4475 1418 4532 tradidisse
1481 4474 1814 4530 narrativam
1868 4472 2151 4545 scriptoris

2256 4480 2450 4577 δωκεν,
2481 4483 2626 4554 ἅπερ
2667 4482 2840 4538 ἐδόκει
2881 4486 3139 4557 πράττειν
3181 4485 3423 4557 ἢλέγειν
3450 4483 3529 4554 τῷ
3571 4490 3816 4556 μαντευο-

494 4565 499 4623 Ξ
592 4574 955 4636 locutionem,
994 4584 1114 4642 quae
1150 4567 1437 4624 videbatur
1481 4566 1659 4623 facere
1695 4567 1781 4622 vel
1817 4565 2001 4622 dicere
2032 4581 2158 4621 ora-

582 4665 737 4731 cula,
763 4663 962 4735 petenti
993 4660 1143 4718 Sauli
1175 4658 1642 4731 engastrimythus
1666 4697 1681 4722 ,
1713 4656 1780 4713 de
1815 4671 1878 4712 ea
1907 4657 2159 4714 videlicet

516 4780 525 4783 -
594 4762 784 4810 auctor
812 4766 1041 4809 narrans
1064 4751 1301 4821 ejusque
1352 4750 1417 4803 ad
1466 4748 1693 4803 verbum
1729 4762 2012 4805 sermones
2054 4764 2154 4804 ex-

593 4861 836 4920 ponens,
874 4845 1051 4916 inquit
1117 4864 1130 4899 :
1177 4841 1245 4897 Et
1282 4842 1417 4896 dixit
1455 4841 1645 4896 mulier
1673 4860 1690 4895 :
1726 4839 1893 4908 Quem
1933 4840 2153 4898 evocabo

590 4938 731 4995 tibi?
760 4936 892 5005 Quis
917 4936 990 4993 ita
1022 4952 1212 4993 vecors
1240 4943 1305 5013 et.
1326 4934 1557 4990 stolidus
1586 4932 1711 4997 erit,
1748 4940 1807 4987 ut
1845 4932 2064 4989 simulet
2095 4949 2155 4989 se

591 5031 817 5087 minime
847 5045 1071 5101 capere,
1103 5044 1265 5084 voces
1306 5028 1403 5082 has
1434 5026 1719 5097 scriptoris
1751 5025 1975 5081 minime
1998 5040 2152 5089 esse,

593 5122 691 5179 sed
740 5121 985 5177 mulieris
1024 5120 1329 5176 a-dzemone
1359 5121 1599 5175 vexatae?
1639 5118 1800 5175 Certe
1830 5119 1877 5175 si
1926 5119 2058 5191 quid
2096 5119 2154 5175 in

592 5216 698 5272 hac
716 5228 778 5269 re
800 5226 986 5267 verum
1017 5212 1397 5282 sincerumque
1415 5213 1506 5277 sit,
1536 5211 1844 5284 perspicere
1869 5211 2154 5277 debemus,

592 5303 836 5360 narratio
857 5301 991 5357 illud
1028 5309 1235 5356 tantum
1268 5302 1457 5357 habuit
1494 5323 1506 5358 :
1551 5303 1693 5357 Vidit
1718 5302 1908 5358 mulier
1932 5301 2155 5358 Samue-

591 5398 716 5453 lem.
776 5394 901 5451 Haec
962 5410 1126 5465 porro
1173 5394 1246 5449 ita
1308 5403 1627 5465 prosecutus
1682 5405 1766 5451 est
1826 5395 2153 5466 scriptione,

594 5490 752 5559 quasi
779 5488 850 5544 ad
882 5488 1107 5545 minime
1129 5488 1346 5559 ignaros
1369 5485 1436 5543 de
1458 5488 1792 5544 daamoniaca
1818 5489 2152 5560 loqueretur.

594 5577 780 5652 Neque
802 5580 948 5637 enim
977 5580 1201 5636 dubium
1225 5594 1349 5638 esse
1370 5579 1564 5646 debet,
1591 5570 1892 5638 daemonem
1925 5581 2020 5653 qui
2046 5582 2163 5652 pio-

703 5759 772 5816 ⁸1
795 5760 921 5830 ﬂeg.
951 5778 1139 5833 smn,
1174 5760 1354 5821 12—“.
1426 5763 1522 5801 Μ’
1556 5760 1718 5827 Ιοαιι.
1749 5778 1866 5833 νιιι,
1889 5764 1985 5821 44..

2264 4571 2408 4644 μένῳ
2445 4571 2616 4627 Σαοὺλ
2664 4576 2696 4647 η
2731 4574 3183 4649 ὲγγαστρίμυθος’
3216 4574 3405 4644 ἀμέλει
3448 4575 3578 4646 περὶ
3614 4567 3815 4636 ἐκείνης

2258 4662 2675 4735 ἐκδιηγούμενος
2710 4666 2738 4717 ὁ
2773 4667 3138 4739 συγγραφεὺς,
3172 4667 3265 4720 καί
3290 4667 3417 4730 τοὺς
3444 4665 3636 4733 λόγους
3658 4655 3814 4726 αὐτῆς

2258 4754 2351 4806 ἐπὶ
2393 4753 2590 4819 λέξεως
2635 4755 2997 4828 ἐκτιθέμενος,
3052 4757 3175 4830 ἔφη·
3212 4756 3320 4813 Καὶ
3362 4753 3530 4811 εἶπεν
3568 4758 3610 4825 ή
3649 4744 3810 4826 γυνή’

2271 4844 2410 4902 Τίνα
2438 4846 2711 4918 dit-anim
2735 4865 2868 4913 σοι;
2901 4849 2996 4913 Τίς
3029 4848 3288 4914 δὲόύτως
3328 4848 3528 4921 εὐήθης
3582 4846 3724 4903 ἐστὶν
3746 4840 3817 4902 ὡς

2258 4936 2605 5010 ὑποκρίνεται
2631 4939 2695 5012 [Ῑ.
2724 4940 3133 5014 ὑποκρίνεσθαι]
3151 4942 3224 5015 μὴ
3256 4945 3414 5007 νοεῖν,
3444 4943 3526 4997 ὅτι
3551 4936 3706 4997 αὗται
3726 4933 3816 5006 μὲν

2260 5028 2355 5083 τοῦ
2383 5031 2739 5103 συγγραφέως
2760 5030 2973 5087 οὕκείσι
2989 5035 3182 5101 φωναὶ,
3197 5033 3295 5104 τῆς
3310 5031 3708 5103 δὲδαιμονώσης
3720 5021 3816 5078 εἰσὶ

2262 5124 2517 5192 γυναικός
2537 5142 2552 5189 ;
2580 5124 2738 5177 ’Δ-λλά
2754 5123 2859 5197 μὴν
2888 5124 3002 5193 εἴγε
3015 5126 3097 5180 δεῖ
3112 5125 3420 5196 φιλαλήθως
3442 5126 3638 5188 εἰπεῖν,
3660 5126 3690 5193 ἡ
3713 5119 3816 5186 διη-

2261 5215 2540 5288 γηματικὴ
2562 5216 2749 5270 τοῦτον
2768 5216 2831 5286 (f.
2862 5216 3043 5287 τοῦτο)
3067 5218 3236 5290 ἔφησε
3263 5219 3441 5289 μόνον,
3468 5218 3564 5281 ὡς,
3594 5213 3761 5270 Εῖδεν
3779 5205 3813 5273 ἦ

2262 5297 2417 5378 γὺνὴ
2431 5307 2537 5363 τὸν
2562 5296 2863 5379 Σαμουὴλ·
2883 5309 3054 5374 οὖτως
3071 5310 3129 5365 δὲ
3157 5309 3326 5365 ταῦτα
3341 5309 3576 5383 ἔγραψεν
3592 5309 3667 5372 ὡς
3692 5300 3815 5375 πρὺς

2262 5396 2469 5462 εἰδότας
2492 5399 2619 5469 περὶ
2642 5398 2980 5473 δαιμονώσης
2996 5399 3218 5471 ὁμιλῶν.
3234 5402 3309 5453 Οὐ
3324 5400 3431 5472 γάρ
3457 5403 3602 5454 ἐστιν
3628 5401 3794 5470 ἀμφισ

2262 5489 2465 5561 ϐητεῖν,
2484 5492 2565 5545 δτι
2586 5491 2794 5563 δαίμων
2811 5492 2910 5546 οὐκ
2938 5493 3127 5563 ἀνάγει
3151 5492 3334 5566 ψυχὴν
3354 5490 3589 5556 οὐδενὸς,
3616 5489 3694 5553 ac.
3719 5479 3816 5537 ὖπδ

2263 5580 2373 5637 τῶν
2387 5581 2623 5637 εὐσεϐῶν
2637 5583 2948 5656 ὁριζόμενος
2970 5584 3068 5641 ἀνθ
3076 5584 3289 5657 ρώπων,
3308 5582 3610 5649 ἐλαύνεται,
3628 5572 3817 5653 πυροῦ-
