4090 6288
362 424 461 481 621
1243 434 1333 490 DE
1370 436 1958 499 ENGASTBIMYTHO
1990 442 2271 500 CONTRA
2308 445 2681 515 ORIGENEM.

3493 471 3599 527 629

361 557 470 604 ται,
509 539 848 611 μαστίζεται,
879 543 973 598 καὶ
1004 546 1191 614 φεύγει
1229 546 1292 600 τὸ
1329 549 1593 622 σκήνωμα
1628 554 1889 626 προλιπώι

369 632 473 649 )\\0
521 628 574 649 να
668 636 682 649 ο
913 638 930 649 ι
951 638 962 649 ι
987 636 1008 649 ι.
1043 638 1056 649 α
1128 638 1151 649 ,ι
1427 645 1439 649 -
1494 648 1513 649 η
1574 644 1588 649 _
1697 647 1719 649 η
1874 648 1879 649 ,

1988 583 2002 617 ι
2031 570 2151 610 rum
2184 556 2466 620 hominum
2504 562 2733 634 imperio
2766 568 2989 637 subest,
3031 571 3282 643 eiicitur,
3318 575 3444 649 igne
3472 595 3592 638 cre-

359 632 473 687 ἀλλ’
493 628 633 688 εῖδεν
658 636 690 707 ή
720 636 1008 710 παραπλὴξ
1027 638 1102 703 ὡς
1127 638 1362 712 ἔπρεπεν
1383 645 1519 743 αὐτῇ
1540 644 1601 743 ab
1624 647 1807 743 σχῆμα
1832 648 1889 721 τῆ

2030 656 2232 715 matur,
2269 648 2452 722 ﬂagris
2471 628 2700 712 caeditur
2715 666 2769 714 et
2793 658 2951 733 fugit,
2972 628 3306 726 habitatione
3321 628 3592 743 n'eglecta.

359 730 1013 802 πεφαντασιοκοπημένης
1059 732 1251 802 ὅψεως.
1290 735 1458 789 Εἵωθε
1489 736 1618 837 γριῖν
1652 740 1680 793 ὁ
1720 739 1821 837 θὴρ
1849 743 1889 837 si

2030 739 2193 801 ullius
2220 741 2459 799 animam
2494 760 2745 810 evocare.
2771 730 2878 808 Sed
2903 755 3036 811 vidit
3058 774 3280 826 vesana,
3316 770 3375 817 ut
3395 767 3594 837 aptiori

358 815 821 886 πολυπροσώπους
862 821 1049 877 ἐαυτὸν
1104 821 1442 889 ἐξαλλάττειν
1499 828 1641 893 ἰδέας
1662 845 1676 860 ·
1729 830 1815 885 ἴνα
1868 832 1889 887 δ

3266 815 3278 826 ,
3325 815 3371 817 _-
3398 815 3594 837 -,-.--.

2027 829 2199 905 ﬁgura
2229 850 2344 890 rem
2372 853 2538 909 quam
2574 841 2963 917 imaginatione
2996 850 3103 908 sibi
3137 855 3423 919 conﬁctam
3463 876 3595 917 con-

357 910 498 963 κατά
528 911 620 964 τὸν
666 913 936 987 ἀγιοφανῆ
964 916 1175 972 Παῦλον
1213 919 1689 1017 ἀποφθεγξάμενος
1721 923 1889 997 εἵποιι.

2025 934 2265 996 ceperat,
2292 924 2728 1001 repraesentaret.
2752 938 2938 996 Bellua
2970 958 3205 1017 namque
3224 963 3284 1005 se
3312 949 3368 1007 in
3392 953 3593 1011 multas

356 1000 442 1054 ἄν·
483 1003 675 1070 Αὐτὸς
718 1006 828 1076 γὰρ
859 1010 892 1061 ὀ
924 1007 1194 1076 Σατανᾶς
1235 1014 1797 1107 μετασχηματίζεται
1837 1020 1888 1072 εἰ

2025 1017 2315 1091 variasque
2363 1022 2569 1083 formas
2607 1038 2823 1090 mutare
2885 1042 3203 1107 consuevit,
3249 1050 3310 1101 ut
3351 1059 3477 1105 cum
3511 1048 3593 1106 di-

360 1099 613 1164 ᾶτηελον
641 1099 854 1183 φωτός·
882 1100 942 1153 οὐ
972 1100 1112 1172 μέγα
1137 1102 1265 1172 γοῦν
1287 1105 1336 1157 εί
1365 1105 1741 1178 διαλεγόμενος
1767 1108 1889 1177 ἐταξ

2021 1110 2150 1166 vino
2178 1111 2348 1170 Paulo
2385 1117 2562 1176 dicam
2594 1143 2607 1177 :
2641 1122 2762 1192 Ipse
2785 1128 2926 1183 enim
2953 1129 3182 1188 Satanas
3201 1144 3594 1202 transmittatur

357 1186 458 1257 μὲν
494 1188 588 1242 κοιλ¹
616 1190 735 1244 τόδε
782 1170 843 1245 τό
888 1170 1106 1266 χωρίον,
1150 1170 1396 1267 οἰόμενος
1433 1199 1497 1255 ἐκ
1525 1170 1735 1298 *τούτου*
1768 1219 1889 1298 περ-ι

2394 1170 2405 1172 ,
2425 1170 2435 1171 κ
2451 1170 2562 1176 -__._
2594 1170 2607 1177 -
2641 1170 2761 1192 -Γνν
2785 1170 2926 1183 νιν-ην
2953 1170 3182 1188 υυηιυιιιο
3201 1170 3590 1202 υυιωιημιαιιῑῐ

2020 1198 2077 1253 in
2105 1204 2348 1273 angelum
2381 1206 2514 1263 lucis
2550 1210 2614 1268 ³³.
2656 1210 2804 1271 Nihil
2831 1219 3030 1275 mirum
3074 1222 3259 1298 itaque
3287 1228 3334 1282 si
3366 1229 3415 1285 is
3446 1230 3590 1293 inter

352 1278 583 1347 γράφειν
621 1282 746 1346 τοὺς
790 1282 888 1355 τὴν
932 1284 1189 1357 ἀλήθειαν
1222 1286 1656 1356 ἀντεισάγοντας,
1680 1292 1889 1390 ..ἀτεχνίς

2019 1289 2418 1369 disserendum,
2446 1301 2624 1359 locum
2651 1305 2798 1365 hunc
2822 1308 3120 1383 Scripturae
3138 1278 3409 1390 apposuit,
3431 1333 3585 1384 ratus

351 1366 409 1421 δὲ
443 1369 640 1440 μᾶλλον
672 1372 704 1444 ἢ
732 1373 896 1446 τέχνῃ
937 1375 1107 1431 δοκῶν
1155 1377 1544 1443 ἀνασκευάζειν
1569 1381 1719 1453 αὑτῷ
1752 1401 1918 1456 προσ-

350 1459 530 1534 ἐτέθη.

417 1640 482 1697 ν.
527 1644 638 1697 Καὶ
658 1644 822 1711 διατί,
854 1649 1036 1718 φησὶν,
1088 1650 1187 1704 οὐκ
1216 1651 1457 1724 εἴρηται,
1488 1655 1664 1709 Εἷὸεν
1689 1657 1728 1725 ἡ
1760 1657 1913 1729 γυνὴ

344 1733 652 1804 δαιμόνιον
696 1737 729 1791 ὃ
773 1742 1183 1808 προσεποιεῖτο
1235 1741 1387 1799 εἶναι
1435 1747 1742 1818 Σαμουὴλ,
1781 1750 1916 1805 ἀλλὰ

343 1828 652 1898 γεγράφθαι
701 1831 836 1902 πρὸς
863 1834 954 1891 ἐπὶ
985 1835 1192 1901 τούτοις
1224 1836 1443 1908 ἔφησεν,
1482 1841 1671 1910 Ἔγνω
1688 1842 1911 1909 Σαοὺλ,

343 1915 434 1971 ὅτι
458 1918 741 1988 Σαμουήλ
779 1921 982 1988 ὲστιν;
1020 1920 1153 1984 Εἶτα
1186 1926 1345 1981 πάλιν
1376 1930 1625 2002 ἐπιφέρει
1671 1932 1907 2004 προϊών·

342 2007 406 2062 Εἰ
448 2007 522 2079 μὴ
563 2004 632 2081 ἦν
673 2011 958 2084 Σαμουὴλ,
1005 2013 1109 2068 ἔδει
1149 2016 1479 2088 γεγράφθαιο
1537 2023 1645 2076 Καὶ
1685 2023 1912 2094 ἐνόμιζε

339 2100 537 2161 Σαοὺλ
571 2098 723 2158 εἷναι
767 2107 950 2160 αὐτὸν
987 2109 1301 2178 Σαμουήλ-
1343 2111 1437 2166 νῦν
1476 2114 1532 2167 δὲ
1578 2115 1905 2186 γέγραπται·

343 2191 529 2263 Ἔγνω
560 2196 783 2250 Σαούλ’
816 2197 989 2263 οὐδεὶς
1012 2199 1068 2252 δὲ
1101 2198 1240 2269 ἔγνω
1268 2202 1330 2255 τὸ
1361 2202 1436 2274 μὴ
1476 2204 1554 2257 ὅν·
1582 2207 1767 2276 Ἔγνω
1795 2204 1910 2263 οὖν

337 2285 557 2349 Σαοὺλ,
594 2287 683 2340 ὅτι
720 2289 1002 2358 Σαμουήλ
1043 2291 1499 2351 ἐστιν.Ἔπεσεν
1539 2298 1638 2353 ἐπὶ
1677 2303 1906 2369 πρόσω-

336 2385 455 2431 πον
482 2377 579 2431 ἐπὶ
614 2378 731 2448 τὴν
758 2379 892 2450 γῆν,
923 2383 1021 2437 καὶ
1047 2386 1504 2456 προσεκύνησεν
1526 2390 1828 2458 αὺτῷ.”ῐνα
1850 2395 1905 2449 δὲ

338 2465 413 2537 μὴ
443 2467 722 2539 παρεκὸὰς
761 2470 846 2539 ἐφ’
875 2470 1039 2543 ἔτερα
1079 2472 1185 2527 τῶν
1214 2475 1691 2550 παραδειγμάτων,
1720 2480 1780 2549 ἐξ
1809 2484 1906 2536 αὑ-

334 2555 442 2609 τῶν
484 2549 557 2609 ὧν
600 2556 857 2631 ἔγραψεν,
888 2561 1116 2616 ἐνταῦθα
1142 2566 1440 2638 ποιήσομαι
1472 2569 1569 2641 τὴν
1602 2570 1900 2645 ἐρώτησινο

333 2638 625 2709 εἴθόὓτως
671 2648 763 2701 ἐπὶ
814 2648 883 2702 τά
927 2650 1087 2706 λοιπά
1142 2654 1424 2728 βαδιοῦμαι
1464 2638 1898 2734 παραδείγματα.

330 2734 440 2788 Καί
473 2753 560 2807 μοι
589 2736 713 2807 λέγε
752 2738 887 2812 πρὸς
911 2741 1045 2797 Θεοῦ
1067 2761 1080 2774 ·
1113 2744 1178 2796 Τί
1217 2748 1341 2827 φῂς,
1379 2743 1424 2801 ὦ
1460 2750 1759 2824 Ὠρίγενεςς
1805 2756 1900 2809 πό-

329 2844 485 2900 τερον
510 2830 543 2901 ή
577 2831 711 2904 γυνὴ
736 2832 826 2886 τὸν
854 2835 1106 2907 Σαμουὴλ
1125 2837 1404 2910 ’ἀνήγαγεν
1425 2840 1572 2914 αὐτῷ
1602 2841 1832 2915 σώματι.
1864 2844 1898 2925 ἢ

329 2919 407 2991 τῷ
445 2938 509 2991 γε
557 2925 795 2997 σχήματι
840 2930 1198 2999 σκιογραφίας
1235 2931 1365 2988 εῖδει
1398 2919 1894 3010 περιϐεϐλημένοιή

327 3009 392 3063 El
443 3013 542 3083 μὲν
585 3010 677 3069 οὖν
706 3015 990 3089 ἀσώματον
1020 3020 1292 3092 ἀνήγαγεν
1331 3023 1511 3089 αὐτὸν,
1542 3027 1642 3080 οὐκ
1671 3027 1781 3100 ἄρα
1808 3029 1896 3084 τὸν

326 3099 579 3174 Σαμουὴλ
601 3105 912 3178 ἀνέστησεν,
940 3107 1074 3163 ἀλλά
1106 3110 1416 3183 πνεύματος
1441 3115 1612 3171 ἰδέαν·
1643 3118 1672 3171 ὁ
1702 3099 1809 3193 γὰρ
1831 3122 1895 3175 ἐκ

2018 1385 2288 1454 exquisite
2315 1390 2628 1453 describere
2667 1413 2763 1457 eos
2797 1402 2889 1472 qui
2933 1407 3216 1465 veritatem
3243 1427 3583 1487 assererem,

2019 1474 2110 1529 cui
2143 1477 2195 1532 id
2221 1480 2457 1551 addidit,
2482 1496 2543 1547 ut
2570 1492 2847 1563 propriam
2865 1496 3212 1559 conﬁrmaret
3237 1510 3584 1583 sententiam,

2016 1569 2121 1624 etsi
2152 1572 2300 1633 nulla
2340 1586 2479 1635 arte.

2088 1661 2151 1716 V.
2194 1664 2261 1725 Et
2289 1684 2480 1740 quare,
2512 1674 2710 1747 inquit,
2756 1695 2865 1737 non
2905 1682 3109 1742 dictum
3141 1701 3261 1744 est:
3292 1691 3432 1757 Vidit
3463 1713 3581 1759 mu-

2017 1749 2115 1806 lier
2136 1753 2473 1827 dannonium,
2504 1769 2643 1835 quod
2670 1771 2897 1841 ﬁngebat
2923 1792 2978 1830 se
3005 1793 3113 1833 esse
3134 1780 3464 1851 Samuelem;
3485 1790 3581 1845 sed

2016 1846 2283 1914 scriptum
2319 1866 2442 1908 esse
2468 1854 2596 1912 dein
2626 1859 2800 1916 dicit:
2836 1863 3109 1923 Intellexit
3135 1870 3274 1929 Saul
3299 1846 3456 1946 (μιοᾶ
3477 1878 3583 1939 Sa—

2013 1938 2154 1990 muel
2181 1952 2317 1997 esset
2336 1944 2418 2000 "‘2
2446 1945 2660 2015 Quibus
2692 1957 2882 2027 paucis
2931 1959 3235 2032 interjectis
3266 1968 3451 2025 subdit
3482 1992 3494 2028 :
3521 1971 3580 2031 Si

2013 2024 2231 2085 Samuel
2262 2047 2373 2091 non
2404 2047 2543 2103 erat,
2580 2024 2929 2109 scribendum
2956 2024 3180 2115 omnino
3209 2065 3362 2115 erat:
3390 2058 3460 2123 Et
3478 2079 3579 2131 pu-

2011 2115 2158 2173 tabat
2201 2119 2337 2176 Saul
2369 2125 2523 2185 illam
2561 2147 2673 2193 esse
2706 2132 3026 2200 Samuelem.
3066 2141 3225 2203 Nunc
3267 2165 3395 2207 vero
3435 2115 3575 2213 scri-

2007 2215 2159 2277 ptum
2184 2222 2266 2269 est
2293 2233 2308 2269 :
2343 2214 2595 2289 Cognovit
2624 2222 2778 2283 Saul.
2816 2227 2989 2293 Nemo
3017 2243 3196 2295 autem
3229 2245 3484 2313 cognovit
3518 2249 3572 2308 id

2007 2301 2149 2369 quod
2190 2318 2300 2360 non
2333 2316 2439 2364 est.
2472 2309 2746 2370 Intellexit
2787 2320 2964 2392 itaque
2994 2323 3148 2394 Saul,
3175 2301 3574 2399 quod-Samuel

2004 2401 2158 2447 esset.
2189 2394 2430 2453 Procidit
2461 2417 2658 2470 pronas
2687 2409 2743 2462 in
2774 2420 2996 2479 terram,
3033 2426 3085 2472 et
3118 2394 3361 2480 adoravit
3394 2427 3570 2493 illum.

2004 2480 2121 2538 Non
2149 2486 2369 2545 aliunde
2397 2494 2584 2562 petitis
2615 2504 2900 2573 exemplis,
2932 2509 3029 2563 sed
3079 2511 3150 2568 ab
3178 2513 3245 2570 iis

2004 2577 2229 2648 scriptis
2263 2584 2562 2652 mandavit,
2602 2590 2708 2648 hoc
2762 2594 2819 2650 in
2863 2598 2985 2655 loco
3020 2602 3447 2680 interrogatione
3464 2577 3569 2676 ⁸ἱιιο

2004 2670 2182 2727 stabo.
2231 2670 2471 2732 Tandem
2524 2690 2579 2735 et
2624 2685 2847 2757 reliquis
2892 2699 3014 2747 utar
3060 2670 3342 2769 exemplis.
3392 2702 3569 2762 Eﬁare

2000 2774 2128 2831 ergo
2158 2765 2292 2820 mihi
2340 2784 2437 2840 per
2465 2770 2655 2840 Deum,
2691 2777 2832 2845 Quid
2866 2780 2955 2844 hic
2988 2785 3091 2852 ais,
3124 2765 3419 2862 Origenes?
3448 2796 3569 2859 Mu-

1999 2847 2101 2904 lier
2134 2857 2449 2915 evocavitne
2495 2862 2800 2923 Samuclem
2862 2887 2970 2928 una
3018 2891 3143 2933 cum
3192 2896 3441 2954 corpore,
3496 2904 3567 2951 ar.

2000 2941 2170 3013 ﬁgura
2205 2948 2412 3005 umbra:
2457 2960 2669 3013 tantum
2708 2960 2944 3035 imagine
2988 2969 3346 3032 obvolutum?
3376 2977 3435 3035 Si
3481 2981 3568 3037 in-

1997 3048 2321 3106 corporeum
2377 3043 2528 3106 illum
2576 3054 2845 3120 evocavit,
2891 3074 3003 3119 non
3046 3077 3176 3137 ergo
3230 3066 3559 3143 Samuelem,

1996 3126 2092 3184 sed
2122 3129 2351 3200 spiritus
2387 3135 2619 3197 formam
2655 3148 2944 3215 suscitavit
2976 3173 2990 3217 ;
3021 3170 3090 3219 ex
3108 3126 3302 3218 anima
3332 3165 3478 3230 enim
3508 3177 3563 3231 et

322 3188 499 3267 ψυχῆς
531 3195 626 3249 καὶ
654 3195 904 3268 σώματος
925 3200 1268 3274 ἡρμοσμένος
1296 3197 1451 3272 οὗτός
1495 3209 1614 3262 ἐστι
1641 3188 1889 3283 Σαμουὴλ

322 3284 352 3325 Α
376 3286 658 3325 Eum-imm,-
705 3292 733 3325 Α
759 3293 952 3325 «ηπ-ι...
978 3294 1114 3325 και...
1139 3296 1196 3325 2.:
1220 3298 1419 3325 :....--:-..
1451 3300 1572 3325 1....“
1586 3319 1733 3325 ---____
1768 3306 1810 3325 ,9
1841 3304 1888 3325 η

2152 3188 2166 3200 _
2264 3188 2267 3191 .
2334 3188 2343 3190 _
2388 3188 2619 3197 ---η-...η
2655 3188 2944 3215 "umquam...
2976 3197 2990 3217 ,
3021 3188 3090 3219 σει
3123 3188 3302 3218 ειιιιιυίι
3332 3188 3478 3230 Clum
3508 3188 3561 3231 ει

1998 3230 2229 3290 corpore
2275 3232 2614 3306 compositus
2656 3236 2774 3307 ipse
2824 3250 2910 3299 est
2965 3244 3189 3313 Samuel
3207 3270 3232 3321 ;,
3280 3254 3443 3319 homo
3491 3276 3561 3325 ex

317 3374 591 3450 όλόσωμον
634 3381 793 3437 αὐτὸν
839 3385 1082 3456 ἀνήγαγε
1110 3388 1200 3443 τὸν
1232 3390 1419 3463 ἄνδρα,
1452 3392 1567 3458 πῶς
1594 3394 1693 3466 οὐχ
1720 3395 1896 3472 ἐώρα-

318 3486 414 3531 κεν
438 3472 601 3528 αὐτὸν
629 3474 658 3527 ὁ
683 3475 853 3531 Σαούλ
874 3496 887 3545 ;
917 3482 964 3533 εί
984 3481 1092 3554 γάρ
1110 3477 1178 3554 ἦν
1200 3483 1424 3554 αὐτοψεὶ
1445 3485 1777 3563 θεασάμενος
1796 3491 1892 3542 αὑ-

315 3563 426 3631 τὸν,
457 3567 557 3620 οὐκ
594 3568 659 3623 ἂν
700 3570 775 3655 ώς
807 3573 1088 3630 ἀδλεπτῶν
1115 3577 1343 3650 ἐξήταζε
1367 3580 1464 3653 τὴν
1495 3584 1746 3650 γυναῖκα,
1782 3585 1887 3655 φά-

317 3670 461 3710 σκων
491 3652 766 3726 αὐτολεξεὶ
810 3665 891 3728 τό,
926 3668 987 3721 Τί
1014 3668 1309 3738 ἐώρακας;
1348 3652 1554 3736 Οὑνκοῦν
1585 3676 1635 3728 εἰ
1669 3676 1767 3747 μὲν
1794 3652 1889 3739 ἀό-

316 3762 477 3818 ρατος
508 3743 598 3819 ἦν,
626 3749 1008 3824 ἀναμφιλόγως
1034 3758 1322 3830 ἀσώματος
1349 3757 1418 3837 ἦν
1439 3780 1455 3795 θ
1487 3764 1536 3816 εί
1566 3763 1623 3818 δὲ
1658 3743 1885 3840 ἀσώμα-

312 3855 404 3904 τος
424 3841 661 3913 σχήματι
684 3843 1004 3914 διεφαίνετο,
1032 3851 1084 3910 τί
1103 3851 1300 3923 δήποτε
1321 3855 1630 3915 τούναντίον
1651 3857 1884 3931 ἔφραζεν

312 3929 348 3999 ή
377 3929 730 4003 πυθόμαντις,
747 3937 1047 4009 ἑωρακέναι
1075 3940 1174 4012 μὲν
1193 3943 1360 4015 ἄνδρα
1379 3945 1559 4017 ὄρθιον
1574 3947 1638 4002 ἐκ
1662 3929 1762 4020 τῆς
1781 3951 1883 4023 γῆς

311 4019 686 4092 ἀναϐαίνοντα,
744 4027 987 4085 διπλοΐδα
1033 4032 1111 4098 δέ,
1166 4035 1307 4089 κατά
1348 4037 1411 4091 τὸ
1460 4038 1690 4111 πρόσθεν
1719 4019 1878 4110 Ϋέθος,

310 4113 776 4188 ἀναϐεϐλημένοκη
815 4120 957 4193 Ἀρα
984 4119 1076 4177 οὖν
1104 4125 1242 4179 αὐτὰ
1282 4125 1351 4181 τὰ
1386 4129 1684 4202 πράγματα
1713 4133 1878 4205 μάχε-

306 4204 399 4266 ταί
430 4223 534 4292 σου.
553 4211 665 4272 τοῖς
681 4210 877 4280 λόγοις,
907 4206 952 4266 ὦ
985 4214 1254 4286 Ὠρίγενες
1272 4235 1286 4248 ·
1317 4221 1346 4273 ὁ
1373 4220 1473 4292 μέν
1500 4239 1563 4290 γε
1587 4223 1758 4280 Σαοὺλ
1789 4204 1880 4281 οὐ·

304 4292 396 4349 δέν
415 4280 549 4362 ὅλως
574 4300 830 4372 ἑωρακὼς
853 4302 928 4368 ὡς
950 4280 1076 4379 περὶ
1106 4280 1487 4382 φαντάσματος
1509 4280 1739 4393 ἀοράτου
1762 4280 1875 4374 δια-

306 4378 594 4461 λεγόμενος
619 4393 965 4463 ἐπυνθάνετο,
989 4378 1071 4464 τὸ,
1115 4401 1176 4455 Τί
1200 4378 1461 4472 ἑώρακας
1476 4421 1496 4470 ;
1528 4378 1696 4463 εἰπών
1715 4426 1728 4440 ’
1759 4413 1792 4482 ἡ
1815 4411 1871 4470 δὲ

305 4481 608 4541 τούναντίον
626 4484 701 4549 ὡς
723 4486 883 4541 αὐτὸν
905 4488 1187 4561 ἄνθρωπον
1211 4492 1392 4554 ἰδοῦσα
1416 4496 1685 4571 κέκραγεν
1704 4517 1717 4530 ·
1745 4481 1873 4554 Ἅν-

303 4566 413 4637 δρα
442 4570 640 4639 ὄρθιον
662 4573 1057 4635 ἀναϐαίνοντα
1097 4582 1164 4635 ἐκ
1205 4583 1317 4652 τῆς
1347 4585 1459 4655 γῆς
1478 4605 1491 4617 ’
1519 4566 1660 4661 ὗπέρ
1691 4590 1747 4644 δὲ
1775 4591 1868 4645 τοῦ
1901 4582 1946 4637 Ι)

306 4663 486 4719 πεῖσαι
535 4663 611 4728 ὡς
661 4666 818 4732 αὐτὸς
862 4668 1144 4742 ἄνθρωπός
1187 4676 1323 4742 ἐστι,
1351 4677 1562 4734 δίδωσιν
1599 4681 1747 4754 αὐτῷ
1773 4684 1867 4744 καὶ

306 4756 525 4824 σημεῖον
551 4754 986 4847 ἐπιφθεγξαμένη
1006 4779 1019 4792 ⁸
1053 4765 1159 4818 Καὶ
1186 4763 1365 4835 οὗτος
1389 4771 1867 4847 ἀναϐεϐλημένος

298 4842 593 4909 διπλοΐδα.
629 4849 695 4903 Τί
722 4848 835 4919 οὖν,
868 4845 914 4905 ὧ
941 4855 1037 4925 τῆς
1069 4856 1327 4930 ἀθεμίτου
1358 4867 1615 4934 μαντείας
1660 4842 1864 4942 emet];

301 4952 438 5005 μων,
465 4938 620 5011 εἴπερ
649 4940 942 5020 ἐτύγχανεν
969 4945 1126 5021 ἀνὴρ,
1148 4950 1247 5008 οὐκ
1267 4949 1405 5010 εἶδεν
1430 4956 1592 5012 αὑτὸν
1611 4962 1640 5014 ό
1661 4938 1866 5030 Σαούλς

298 5028 455 5093 ἐκτὸς
480 5032 529 5084 εί
559 5032 718 5104 μήτοι
753 5017 847 5089 καὶ
872 5034 932 5097 τὸ
965 5017 1217 5113 αίσθήτὸν
1242 5044 1397 5117 ὄμμα
1422 5049 1748 5119 τυφλώττειν
1770 5017 1868 5115 9ιὺἐ

295 5119 388 5176 τὸν
416 5114 610 5189 εἴποις,
644 5127 926 5200 ώσπεροῦν
955 5133 1143 5205 ἀμέλει
1183 5114 1359 5193 καὶτὸ
1377 5141 1479 5206 τῆς
1500 5114 1706 5211 ἐννοίας
1733 5114 1865 5202 αὖτδ

293 5209 353 5265 τὸ
384 5214 591 5285 νοητόν.

368 5393 450 5449 Vl.
504 5397 642 5452 Ἀλλ’
677 5400 804 5467 ἴσως
848 5406 996 5478 ἐρεῖς
1020 5409 1372 5486 ἁλισκόμενος
1415 5421 1674 5488 εὐπετῶς·
1721 5426 1862 5481 Αὐτὸ

287 5483 351 5540 τδ
380 5488 479 5561 τῆς
507 5488 688 5565 ψυχῆς
717 5494 944 5567 ὄργανον
977 5483 1437 5582 ἀνθρωπόμορφον
1470 5483 1865 5587 ἐσχηματίζετο

288 5581 427 5635 κατὰ
453 5582 549 5658 τὴν
582 5584 751 5659 ὤραν,
778 5588 863 5644 ἵνα
894 5593 1155 5664 ἐπιφανὲν
1194 5581 1384 5675 ἐξείπῃ
1415 5581 1865 5685 προφήτικῷσμη-

285 5669 481 5742 νύματι
509 5677 570 5731 τὸ
601 5678 791 5749 μέλλον
808 5698 822 5712 ·
859 5677 947 5738 οἷα
989 5685 1054 5758 δὴ
1103 5690 1241 5745 κατὰ
1282 5669 1410 5760 eoin;
1450 5669 1650 5765 θπνους
1691 5669 1863 5768 ένίοτέ

1993 3419 2118 3460 cum
2149 3416 2266 3470 toto
2314 3427 2547 3489 corpore
2602 3421 2779 3481 virum
2821 3432 3088 3497 evocavit,
3137 3440 3409 3506 quomodo
3447 3460 3560 3509 non

1990 3496 2127 3559 vidit
2157 3501 2308 3565 illum
2348 3505 2518 3563 Saul?
2549 3514 2751 3586 quippe
2779 3516 2826 3574 si
2853 3496 3107 3586 oculatus
3136 3496 3294 3591 testis
3323 3496 3558 3609 ipsewvi:

1989 3590 2183 3662 disset,
2225 3613 2335 3659 non
2365 3600 2759 3676 interrogasset
2793 3615 3098 3684 mulierem,
3144 3636 3215 3677 ac
3249 3626 3296 3681 si
3327 3590 3437 3687 non
3472 3633 3554 3691 vi-

1987 3684 2163 3749 deret,
2204 3689 2299 3746 illa
2345 3691 2464 3765 ipsa
2503 3698 2669 3754 verba
2709 3706 3044 3768 enuntians:
3079 3709 3221 3780 Quid
3264 3684 3553 3779 υξάὲειὲιῖι

1987 3776 2175 3850 Itaque
2213 3781 2259 3835 si
2283 3784 2567 3841 oculorum
2607 3788 2796 3863 eﬁ'ugit
2838 3776 3117 3867 obtutum:
3146 3803 3354 3877 absque
3383 3776 3552 3874 dubio

1984 3877 2039 3923 et
2081 3877 2331 3944 corporis
2360 3893 2555 3949 expers
2581 3892 2720 3946 erat.
2770 3885 2829 3941 Si
2868 3893 3118 3963 corporis
3148 3910 3344 3969 expers
3376 3902 3549 3974 ﬁgura

1983 3964 2294 4032 apparebat,
2347 3977 2408 4022 ut
2452 3973 2585 4041 quid
2633 3975 3006 4050 pytbomantis
3060 3964 3367 4058 oppositum
3400 3964 3550 4056 dice-

1982 4053 2074 4109 bat
2096 4055 2178 4111 ’δι
2212 4057 2419 4117 Vidisse
2459 4065 2677 4136 quidem
2715 4069 2976 4129 hominem
3016 4053 3215 4139 rectam
3245 4094 3434 4143 eterra
3464 4106 3548 4150 sa-

1979 4148 2190 4205 lientem
2220 4154 2409 4223 pallio,
2463 4160 2538 4213 uti
2575 4162 2729 4233 prius
2773 4166 2842 4222 ab
2893 4183 2958 4224 eo
2992 4170 3110 4229 ﬁeri
3158 4148 3541 4252 consueverat,

1978 4241 2274 4300 amictum?
2298 4242 2406 4302 Res
2429 4248 2615 4321 itaque
2640 4253 2794 4325 ipsae,
2819 4256 3103 4332 Origenes,
3137 4281 3260 4322 cum
3289 4272 3399 4333 tuis
3425 4241 3545 4334 ser;

1977 4330 2229 4389 monibus
2256 4347 2516 4408 pugnant.
2571 4340 2639 4397 Et
2672 4343 2803 4402 Sani
2833 4330 2951 4425 ipse
2989 4330 3113 4410 cum
3147 4357 3281 4420 nihil
3315 4330 3542 4421 omnino

1974 4423 2297 4493 aspexisset,
2334 4436 2594 4506 tanquam
2617 4436 2685 4493 de
2713 4423 3095 4513 phantasmate
3122 4446 3384 4508 invisibili
3419 4470 3539 4510 scr-

1975 4528 2193 4571 monem
2219 4518 2447 4591 habens,
2485 4525 2876 4602 interrogabat,
2920 4535 3214 4607 inquiens:
3242 4543 3387 4610 Quid
3413 4549 3541 4603 vidi,

1975 4605 2046 4658 sti
2059 4607 2085 4661 ?
2121 4604 2215 4661 Illa
2245 4623 2411 4679 porro
2453 4628 2517 4673 ac
2547 4616 2595 4673 si
2623 4617 2899 4681 hominem
2928 4604 3125 4681 intuita
3165 4604 3383 4699 fuisset,
3426 4635 3540 4690 cla-

1972 4701 2140 4756 mavit
2176 4722 2189 4757 :
2240 4701 2424 4767 Virum
2458 4719 2686 4768 stantem
2732 4716 3094 4779 ascendentem
3147 4722 3210 4779 de
3255 4734 3398 4789 terra
3426 4743 3448 4793 ;
3476 4740 3538 4795 ut

1969 4799 2150 4847 autem
2201 4795 2278 4855 illi
2335 4800 2589 4857 suaderet
2636 4804 2909 4863 hominem
2960 4827 3117 4878 esse,
3182 4826 3340 4874 notas
3388 4821 3537 4885 illius

1966 4895 2207 4953 enarrat,
2244 4890 2484 4954 subdens
2509 4913 2522 4949 :
2555 4894 2625 4949 Et
2652 4898 2735 4952 hic
2763 4901 2927 4970 pallio
2955 4906 3198 4965 amictus.
3227 4910 3408 4979 Quare
3432 4916 3536 4988 igi-

1967 4981 2077 5044 tur,
2118 4984 2164 5038 ο
2200 4984 2480 5057 sacrilegae
2517 4989 2930 5053 vaticinationis
2976 5012 3297 5073 praeceptor,
3349 5006 3396 5062 si
3447 4981 3533 5071 vir

1964 5078 2103 5136 erat,
2135 5087 2248 5133 non
2271 5077 2487 5146 aspexit
2519 5078 2673 5134 illum
2707 5080 2873 5139 Saul?
2900 5087 3009 5143 nisi
3042 5089 3120 5146 illi
3147 5095 3309 5151 etiam
3340 5098 3531 5161 oculos

1962 5159 2058 5228 qui
2080 5162 2266 5218 sensui
2295 5165 2549 5234 subsunt,
2579 5173 2834 5236 caecutire
2863 5177 2999 5235 velis
3020 5180 3308 5253 afﬁrmare,
3340 5204 3529 5259 quem-

1962 5247 2256 5308 admodum
2286 5254 2554 5315 duntaxat
2590 5268 2644 5319 et
2685 5262 2997 5326 intellectus
3034 5288 3097 5328 ea
3136 5291 3264 5346 pars
3290 5247 3411 5350 quae
3443 5280 3527 5336 in—

1963 5341 2263 5412 telligibile.

2034 5429 2124 5487 Vl.
2168 5433 2276 5493 Sed
2323 5452 2447 5497 cum
2498 5443 2647 5501 facili
2699 5453 2917 5523 negotio
2962 5457 3249 5528 refellaris,
3290 5461 3522 5522 fortasse

1961 5524 2134 5607 dicas,
2169 5536 2299 5593 tunc
2329 5550 2593 5606 organum
2638 5545 2835 5604 animae
2855 5549 2911 5604 in
2964 5554 3198 5623 speciem
3230 5557 3519 5616 humanam

1961 5604 2303 5679 eﬁ‘ormatum
2329 5604 2521 5699 fuisse,
2564 5641 2624 5690 ut
2672 5652 2944 5711 apparens
2983 5604 3300 5716 praphetico
3327 5652 3515 5709 vatici-

1962 5710 2055 5767 nio
2079 5709 2265 5770 futura
2306 5722 2628 5789 praediceret
2660 5748 2672 5786 :
2705 5709 3160 5803 quemadmodum
3187 5739 3245 5797 in
3292 5747 3514 5817 somnii:
3628 5734 3637 5743 ⁸

323 5857 366 5891 “
404 5855 464 5915 11
490 5858 618 5921 Cor.
654 5880 730 5939 ιι,
756 5868 842 5927 14.
922 5872 965 5909 ³⁸
989 5871 1176 5952 I'ch.
1205 5883 1551 5982 xxvut,u.'
1583 5887 1811 5985 gjbt'd:
1848 5891 1889 5984 ιε

1988 5898 2207 5989 nam.
2243 5903 2357 5988 tt._
