4090 6288
514 410 620 466 623

1524 412 1580 469 S.
1624 409 1995 466 EUSTATHII
2019 409 2324 467 EPISCOPI
2361 411 2784 469 ANTIOCIIENI

3657 414 3772 474 624

514 531 842 602 quandoque
898 536 951 586 et
1008 528 1237 602 spiritus
1291 538 1346 585 et
1396 531 1591 587 animm
1643 532 1902 588 omnibus
1963 534 2061 589 suis

2183 531 2468 606 πνεύματα
2504 535 2597 588 καὶ
2617 533 2786 604 ψυχαὶ
2810 535 2922 597 τοῖς
2952 530 3260 605 ἀνθρώποις
3279 529 3597 603 ἐφίστανται
3621 552 3779 607 παμρ

514 621 776 677 membris
809 620 1093 687 absolutae,
1130 622 1509 692 humanasque
1539 622 1743 681 formas
1773 640 1884 696 prae
1919 640 1978 681 se
2006 625 2085 681 fe-

514 720 717 778 rentes,
746 711 1075 783 adreniunt;
1136 715 1191 770 in
1238 716 1440 786 quibus
1472 730 1581 771 non
1613 730 1744 785 una,
1797 717 1892 771 sed
1932 718 2082 773 varia

515 805 828 861 indumenta
879 806 1206 876 conspicies.
1246 823 1347 863 nec
1394 824 1501 863 non
1538 809 1882 873 cicatricum,
1925 820 2080 883 typo-

512 911 628 949 rum
670 894 1039 965 vibicumque,
1074 897 1204 966 quin
1242 907 1294 953 et
1330 898 1610 968 plagarum
1654 907 1709 953 et
1750 900 2082 955 vulneratio-

508 1003 637 1042 num
688 995 846 1043 notas
901 989 1217 1058 impressas.
1271 988 1326 1044 Si
1370 991 1540 1062 igitur
1595 991 1833 1046 animam
1867 998 2078 1046 tantum

505 1089 820 1146 evocatam,
876 1098 980 1136 non
1032 1087 1152 1153 ipso
1194 1099 1423 1155 corpore
1470 1085 1743 1140 hominem
1793 1084 2074 1151 decernis;

505 1172 649 1241 quod
683 1175 846 1229 etiam
882 1175 927 1230 si
963 1176 1221 1241 volueris,
1262 1176 1561 1249 Scriptura:
1594 1178 1768 1234 series
1799 1194 1906 1233 non
1945 1194 2079 1235 con-

505 1268 696 1335 cedet;
752 1269 966 1324 tibimet
1005 1271 1105 1341 ipsi
1142 1272 1443 1342 pugnantia
1494 1274 1884 1344 contrariaque
1927 1275 2076 1345 loqui

504 1379 613 1418 non
644 1363 885 1434 percipis
903 1364 927 1416 ?
943 1361 1164 1435 Hocque
1189 1364 1284 1419 tibi
1310 1365 1511 1436 aliquis
1539 1379 1837 1437 opponeret
1860 1387 1872 1422 :
1896 1368 2076 1436 Quare

503 1469 611 1507 non
662 1454 800 1508 dixit
844 1454 1079 1508 mulier:
1113 1452 1478 1523 Propheticam
1525 1460 1759 1512 animam
1811 1459 1937 1525 vidi,
1980 1461 2072 1515 sed

501 1546 836 1616 oppositum,
884 1547 1052 1601 virum
1090 1551 1362 1603 erectum?
1404 1555 1458 1603 et
1486 1550 1755 1618 eamdem,
1793 1568 1954 1622 quam
1991 1552 2075 1607 in-

500 1640 629 1694 nuis
663 1640 955 1706 rationem,
991 1655 1161 1710 quare
1195 1638 1478 1712 Scriptura
1514 1658 1623 1697 non
1658 1643 1732 1698 ita
1756 1644 1915 1699 effata
1946 1653 2070 1701 est:

508 1728 657 1784 Vidit
689 1731 878 1784 mulier
903 1731 1243 1796 dwmonium,
1278 1732 1415 1802 quod
1448 1734 1679 1805 fingebat
1722 1753 1776 1790 se
1823 1754 1935 1791 esse
1969 1735 2073 1792 Sa-

501 1824 762 1880 muelem?
794 1823 906 1879 Ilac
939 1824 1126 1894 utique
1159 1825 1368 1880 ratione
1409 1843 1510 1898 ego
1531 1828 1627 1882 tibi
1668 1843 1949 1899 opponens
1974 1831 2073 1886 ob-

2195 627 2365 699 μελεὶ,
2388 627 2514 691 τοὺς
2534 624 2902 699 ἀνθρωπείους
2933 625 3366 696 ἐπιδεικνύμεναι
3396 628 3773 699 χαρακτῆρας·

2189 720 2250 773 ού
2288 720 2393 792 μὴν
2425 720 2559 774 ἀλλά
2596 736 2658 788 γε
2687 719 2782 773 καὶ
2810 718 3041 789 διάφορα
3085 718 3180 772 καὶ
3213 718 3434 772 ποικίλα
3481 719 3779 792 φοροῦντες

2189 813 2493 885 ἐσθήματα,
2524 813 2617 866 καὶ
2645 813 2918 883 σημασίας
2949 810 3141 876 οὐλῶν,
3176 810 3209 882 ἢ
3246 811 3541 883 κτύπων,ῆ
3579 810 3773 884 μωλιίι⁴

2188 922 2305 957 πων
2350 904 2757 975 ἐπιφερόμενοι,
2792 904 2886 957 κα)⁸
2914 902 3156 974 πληγῶν,
3188 902 3221 973 ἢ
3256 902 3532 974 τρώσεων.
3564 903 3625 956 Et
3658 903 3773 957 τοί-

2179 1010 2281 1051 ’νυν
2312 994 2469 1069 ὁρίζῃ
2506 995 2680 1068 ψυχὴν
2712 994 2943 1066 ἀνῆχθαι
2981 995 3161 1066 μόνον,
3194 994 3307 1047 ἀλλ’
3337 994 3438 1047 οὐκ
3483 994 3771 1067 ἄνθρωπον

2185 1088 2331 1160 αύτῷ
2357 1086 2569 1159 σώματι
2616 1086 2759 1159 (οὐδὲ
2782 1087 2891 1158 γάρ
2911 1089 2959 1140 εί
2982 1085 3162 1157 βούλει
3187 1085 3368 1140 δίδωσί
3399 1103 3480 1140 σοι
3504 1086 3564 1139 τὸ
3590 1087 3770 1158 γράμ-

2188 1181 2318 1254 μα),
2370 1181 2650 1252 μαχόμενα
2698 1180 2797 1252 μὲν
2848 1179 3028 1251 ἑαυτῷ
3061 1178 3331 1244 θεσπίζων
3360 1179 3459 1232 οὐκ
3490 1179 3719 1255 αἰσθάνῃ
3746 1195 3765 1245 ;

2184 1273 2518 1348 Σαυτὸν(5¹⁶)
2534 1274 2590 1328 δὲ
2615 1273 2773 1327 τοῦτό
2797 1290 2880 1338 τις
2897 1272 3289 1344 άνθυποφέρων
3308 1276 3425 1344 ἐρεῖ
3446 1289 3527 1326 σοι
3542 1289 3555 1303 ⁸
3583 1273 3648 1326 Τί
3675 1271 3766 1344 δή-

2184 1387 2312 1423 ποτε
2345 1370 2444 1422 οὐκ
2471 1364 2623 1422 εἶπεν
2652 1368 2685 1439 ή
2713 1366 2871 1439 γυνὴ,
2907 1364 3291 1436 Προφητικὴν
3323 1362 3489 1420 εἶδον
3526 1366 3759 1436 ψυχὴν,

2181 1461 2316 1516 ἀλλά
2330 1458 2656 1524 τούναντίον,
2677 1456 2866 1525 ἄνδρα
2888 1456 3088 1525 ὄρθιον
3098 1471 3117 1520 ;
3137 1449 3180 1523 ᾦ
3195 1455 3303 1528 γὰρ
3316 1454 3527 1527 ἔφησθα
3547 1455 3756 1527 τρόπῳ,

2180 1553 2274 1607 καὶ
2302 1552 2443 1606 διατί
2480 1550 2656 1621 λέγων
2679 1550 2780 1603 οὐκ
2813 1549 3054 1621 εἴρηται·
3084 1544 3264 1603 Εἷδεν
3289 1549 3328 1617 ἠ
3354 1547 3511 1618 γυνὴ
3552 1547 3758 1618 δαιμό-

2178 1663 2312 1700 νιον
2367 1644 2399 1698 ὃ
2452 1640 2867 1713 προσεποιεῖτο
2911 1636 3064 1698 εἶναι
3114 1639 3434 1711 Σαμουήλ;
3462 1640 3649 1713 Τούτῳ
3676 1640 3759 1714 τῷ

2178 1737 2321 1808 λόγῳ
2368 1736 2534 1807 φαίην
2581 1734 2647 1789 ἂν
2690 1732 3095 1802 ἀνθυπενέγκας
3144 1731 3350 1801 ἔγωγε·
3385 1732 3542 1796 Τίνος
3569 1732 3753 1801 ἕνεκα,

2177 1828 2354 1900 ψυχῆς
2398 1827 2739 1899 ἀναχθείσης,
2790 1826 2889 1880 οὐκ
2937 1826 3155 1898 εἴρηκεν
3202 1823 3503 1896 ἑωρακέναι
3554 1824 3753 1898 ψυχὴν,

495 1917 722 1986 jicerem
746 1915 956 1983 :Quare
977 1924 1199 1972 evocata
1229 1920 1411 1972 anima
1439 1936 1547 1975 non
1577 1920 1714 1975 dixit
1741 1923 1978 1977 animam
2008 1939 2061 1980 se

2168 1922 2324 1993 εἴπερ
2352 1921 2521 1985 οὕτως
2552 1916 2717 1991 εἶχεν,
2776 1918 2890 1973 ἀλλ’
2911 1920 2974 1972 ὲκ
3002 1910 3119 1971 τῶν
3132 1904 3389 1972 ἐναντίων
3414 1916 3626 1985 ἄνδρα,
3659 1920 3755 1973 καὶ

496 2008 719 2073 vidisse,
770 2009 816 2062 si
880 2024 969 2065 res
1010 2010 1083 2063 ita
1130 2026 1189 2065 se
1240 2011 1483 2075 haberet,
1525 2013 1656 2083 quin
1704 2016 2063 2083 contrarium,

494 2100 751 2154 hominem
779 2107 832 2155 et
861 2101 1006 2155 hunc
1034 2111 1286 2166 erectum,
1325 2102 1473 2173 quod
1503 2104 1842 2161 habitudinis
1873 2122 2066 2178 corpo-

492 2207 618 2258 reae,
675 2193 932 2264 illiusque
981 2202 1143 2249 certae
1194 2193 1378 2266 figura:
1423 2198 1641 2268 signum
1697 2201 1823 2255 est?
1856 2200 2066 2272 Quippe

492 2299 695 2339 maenas
745 2286 836 2339 illa
900 2286 1122 2341 minime
1171 2303 1229 2344 se
1274 2288 1479 2345 vidisse
1525 2289 1829 2347 aﬂirmabat
1878 2309 2064 2349 senem

492 2379 802 2446 gibbosum,
847 2379 1158 2447 incurvum,
1204 2381 1299 2436 sed
1337 2389 1598 2450 stantem,
1633 2384 1934 2449 intensum,
1980 2387 2066 2441 di-

490 2479 721 2539 rectum,
753 2472 981 2543 juvenili
1017 2471 1210 2528 ardore
1239 2473 1440 2528 bellum
1473 2476 1824 2544 ambientem,
1864 2479 1930 2533 ad
1977 2495 2066 2534 ne-

489 2563 693 2634 quitias
735 2574 1069 2635 promptum,
1113 2580 1314 2621 vesano
1351 2566 1502 2622 Sauli
1541 2567 1787 2625 fraudem
1819 2570 2059 2639 faciens;

489 2666 651 2727 atque
678 2656 812 2711 illud
853 2657 1115 2713 suadebat
1159 2650 1501 2730 argumento,
1548 2661 1694 2731 quod
1726 2661 1889 2717 homo
1917 2671 2064 2719 esset

489 2750 599 2821 qur
618 2751 947 2807 ascendebat
977 2770 1007 2807 e
1056 2760 1224 2819 terra,
1260 2770 1496 2826 eumque
1521 2755 1761 2828 diploide
1800 2759 2062 2816 amictum

488 2841 781 2897 fatebatur.
814 2842 956 2909 Quid
987 2844 1151 2915 igitur
1191 2846 1463 2917 quispiam
1498 2847 1587 2903 hic
1621 2847 1806 2906 dicere
1836 2852 2063 2921 posset?

487 2934 538 2990 si
573 2934 657 2989 vir
683 2936 773 2991 ille
794 2938 1073 3007 prodiens,
1104 2938 1222 3009 ipso
1251 2949 1555 3012 emergeret
1586 2957 1843 3014 corpore,
1877 2960 2061 3002 nonne

487 3042 610 3081 eum
663 3025 793 3082 Saul
828 3029 1073 3094 vidisset,
1118 3047 1294 3102 neque
1353 3034 1422 3088 ab
1475 3035 1584 3089 alio
1630 3036 1756 3106 quis
1797 3037 1845 3093 is
1889 3046 2055 3100 esset,

487 3120 646 3189 quasi
696 3122 940 3176 caecitate
989 3124 1300 3195 perculsus,
1363 3134 1658 3183 conaretur
1708 3128 2057 3199 perdiscere?

487 3210 656 3284 Igitur
705 3229 791 3269 res
824 3215 942 3285 ipsa
992 3216 1191 3270 clamat
1232 3233 1357 3273 eum
1411 3218 1684 3276 hominem
1720 3237 1829 3276 non
1865 3220 2054 3290 fuisse,
2085 3256 2127 3313 ϐ

487 3304 583 3361 sed
631 3305 899 3371 umbram,
951 3316 1010 3360 ut
1061 3308 1291 3373 videtur,
1335 3312 1628 3367 obscuram
1678 3320 1732 3369 et
1782 3313 2052 3380 fallacem,

483 3410 662 3465 neque
695 3396 839 3451 enim
883 3396 1074 3452 oculos
1105 3397 1353 3470 fugisset.
1396 3400 1463 3455 Et
1493 3402 1538 3458 si
1573 3404 1840 3475 opinaris,
1865 3403 2058 3477 Orige-

484 3505 605 3553 nes,
640 3490 875 3544 animam
929 3489 1199 3549 Samuelis
1247 3494 1359 3550 illic
1407 3494 1597 3562 fuisse,
1648 3513 1819 3568 quare
1862 3498 2057 3553 umbra

485 3583 577 3637 il-la
616 3584 870 3638 obvoluta
900 3583 1136 3656 diploide
1162 3588 1499 3657 apparebat?
1530 3588 1878 3645 Manifestum
1901 3592 2057 3662 equi-

484 3673 607 3729 dem
639 3683 722 3730 est
744 3683 943 3739 vestes,
976 3677 1315 3742 indumenta,
1346 3694 1448 3734 nec
1483 3695 1589 3734 non
1620 3680 1901 3735 involucra
1932 3697 2055 3736 cor-

483 3766 710 3837 poribus
743 3769 946 3838 potius,
982 3784 1145 3839 quam
1178 3769 1467 3826 animabus
1496 3771 1810 3825 convenire.
1841 3770 2053 3826 Etenim

401 3875 409 3878 '
446 3873 592 3915 ~non
635 3859 886 3914 existimo
939 3867 991 3916 te
1037 3863 1243 3917 urbane
1289 3860 1571 3933 faceteque
1632 3862 2054 3933 respondentem

481 3952 648 4008 etiam
677 3968 776 4022 per
802 3953 1204 4011 simulationem
1236 3955 1532 4020 dicturum,
1564 3954 1859 4028 diploidcm
1900 3957 2051 4012 illam

480 4053 565 4103 tot
609 4047 768 4103 annis
808 4048 862 4101 in
895 4050 1145 4118 sepulcro
1174 4048 1242 4103 ad
1275 4049 1423 4103 illam
1452 4048 1596 4105 diem
1642 4058 2048 4117 conservatam,

483 4145 544 4194 ut
572 4138 849 4208 prophetae
871 4141 1054 4195 anima
1084 4141 1402 4206 vestiretur,
1450 4157 1549 4197 nec
1583 4143 1730 4198 nuda
1761 4144 1891 4200 hinc
1922 4146 2050 4202 inde

483 4230 745 4285 aberrans
773 4230 1011 4301 degeret.
1043 4230 1110 4286 Et
1139 4248 1273 4287 sane
1302 4232 1509 4288 diceret
1540 4235 1812 4306 quispiam
1838 4238 2049 4292 nullum

482 4326 753 4397 ignorare,
804 4323 1012 4379 sanctis
1040 4339 1071 4379 e
1117 4325 1257 4379 coelo
1301 4325 1620 4381 indumenta
1660 4328 1865 4398 parari,
1913 4330 2049 4384 nulli

480 4415 823 4487 corruptioni
871 4415 1125 4480 obnoxia,
1176 4417 1340 4473 claris
1379 4416 1681 4473 luminibus
1712 4419 1822 4475 late
1868 4421 2051 4491 splen-

479 4509 686 4573 dentia,
720 4525 830 4564 non
862 4509 1002 4564 male
1028 4508 1256 4564 textoris
1289 4507 1501 4579 pectine
1529 4524 1811 4579 percussa.
1846 4509 2048 4567 Verum

2168 2014 2353 2070 τοῦτον
2415 2014 2634 2083 ὄρθιον,
2662 2016 2798 2086 ὅπερ
2827 2013 2943 2065 ἐστὶ
2995 2010 3280 2081 γνώρισμα
3309 2013 3626 2082 σωματικῆς
3658 2013 3750 2065 εὐ-

2168 2106 2349 2175 εξίας;
2385 2106 2578 2178 οὐγὰρ
2628 2105 2991 2178 ἀμφίκυρτον,
3039 2103 3158 2157 οὐδὲ
3203 2102 3473 2171 κεκυφότα
3520 2103 3750 2174 γέροντα

2168 2199 2391 2273 θεωρεῖν
2427 2198 2661 2268 ἔφασκεν
2686 2199 2719 2269 ἡ
2751 2197 2965 2269 μαινὰς,
2996 2196 3109 2250 ἀλλ’
3137 2195 3337 2267 ὄρθιον,
3374 2195 3745 2267 ἐντεταμένον,

2168 2290 2569 2364 ἀπηυθυμένον,
2600 2292 2679 2354 εἰς
2699 2290 2930 2362 πόλεμον
2952 2290 3038 2344 ἀεὶ
3062 2289 3337 2355 νεάζοντα,
3375 2289 3504 2360 περὶ
3526 2288 3624 2353 τὰς
3647 2288 3747 2359 τῆς

2168 2388 2366 2451 κακίας
2390 2386 2684 2450 ἀναδόσεις
2715 2386 2899 2459 ἀπάτῃ
2928 2384 2985 2439 δὲ
3015 2385 3104 2440 τὸν
3137 2385 3373 2456 ἔκφρονα
3397 2382 3742 2450 δελεάζουσα,

2169 2480 2377 2551 σημείῳ
2439 2479 2536 2550 μὲν
2592 2477 2803 2531 ἔπειθεν
2848 2477 3040 2541 αὐτὸν,
3075 2476 3151 2541 ὡς
3197 2475 3481 2547 ἄνθρωπός
3531 2477 3675 2529 ἐστιν
3719 2475 3749 2529 ὁ

2165 2569 2329 2625 ἀνιὼν
2361 2572 2426 2624 ὲκ
2450 2573 2549 2641 τῆς
2575 2572 2677 2641 γῆς
2702 2609 2716 2634 ,
2752 2568 3153 2641 ἀναϐεϐλῆσθαι
3179 2569 3236 2622 δὲ
3266 2568 3431 2623 αὑτὸν
3461 2568 3647 2637 ἔφαινε
3673 2567 3724 2623 δι

2166 2658 2373 2713 πλοῖδα.
2404 2659 2473 2712 Τί
2491 2654 2583 2713 οὖν
2612 2657 2871 2729 (εῖποιτις
2890 2658 3000 2730 ἅν);
3020 2652 3176 2731 εἴπερ
3205 2657 3351 2730 αὐτῷ
3378 2658 3590 2730 σώματι
3619 2675 3753 2733 προ-

2164 2740 2383 2805 κύπτων
2437 2752 2731 2823 ἐτύγχανεν
2777 2750 2937 2823 ἀνὴρ,
2968 2753 3070 2805 οὐκ
3120 2751 3186 2806 ἂν
3241 2751 3485 2825 ἑώρακεν
3532 2753 3695 2806 αὐτὸν
3722 2756 3750 2808 ὁ

2163 2843 2369 2909 Σαοὺλ,
2428 2844 2565 2898 ἀλλά
2615 2845 2743 2917 παρ’
2776 2843 2965 2916 ἑτέρου
3023 2842 3268 2915 βούλεται
3332 2844 3520 2916 μαθεῖν
3566 2844 3751 2910 ὁποῖός

2162 2939 2329 3002 ἐστιν,
2359 2937 2434 3002 ὡς
2472 2938 2705 3010 ἀορασίᾳ
2752 2937 3016 3010 πληγείς;
3062 2937 3270 2991 Οὐκοῦν
3302 2937 3442 2992 αύτά
3490 2937 3562 2991 τὰ
3608 2938 3749 3010 πρά-

2162 3046 2345 3100 γματα
2379 3028 2668 3101 κέκραγεν,
2687 3028 2762 3092 ὡς
2787 3026 3070 3100 ἄνθρωπος
3102 3027 3199 3099 μὲν
3224 3028 3323 3081 οὐκ
3346 3023 3433 3100 ἦν,
3458 3026 3593 3082 ἀλλά
3618 3026 3744 3081 σκιά

2158 3140 2263 3187 τις,
2294 3121 2370 3186 ὡς
2402 3121 2598 3185 ἔοικεν,
2631 3120 2845 3191 ἀφανής
2865 3137 2877 3149 ·
2910 3121 2971 3173 οὐ
2996 3119 3105 3191 γάρ
3130 3118 3197 3173 ἂν
3228 3119 3455 3191 ἀόρατος
3478 3114 3564 3189 ἦν.
3597 3119 3657 3171 El
3683 3117 3741 3171 δὲ

2160 3214 2418 3288 νομίζεις,
2436 3215 2726 3288 Ὠρίγενες,
2769 3214 2849 3268 ὅτι
2874 3212 3020 3285 ψυχὴ
3046 3211 3138 3266 τοῦ
3180 3210 3429 3282 Σαμουὴλ
3449 3210 3739 3281 ἐτύγχανεν

2159 3306 2365 3373 αὐτόθι,
2423 3305 2565 3360 διατι
2614 3304 2856 3360 διπλοΐδα
2902 3302 3359 3377 περιϐεϐλημένον
3409 3302 3621 3373 ἑωρᾶτο
3673 3299 3737 3355 τὸ

2159 3398 2382 3470 φάσμα;
2430 3395 2688 3468 Προδήλῳ
2750 3395 2880 3466 γοῦν
2954 3394 3268 3465 ἐκφαίνεται
3321 3392 3563 3464 σημασίᾳ
3588 3431 3604 3455 ,
3659 3389 3737 3456 ὡς

2157 3491 2372 3545 ἅπαντα
2400 3488 2469 3542 τά
2498 3489 2597 3560 τῆς
2644 3487 2869 3559 ἐσθῆτος
2915 3486 3185 3559 ἐνδύματα
3229 3486 3323 3540 καὶ
3374 3485 3738 3555 σκεπάσματα

2160 3580 2375 3654 σώμασι
2393 3580 2573 3647 πλέον,
2603 3580 2718 3634 ἀλλ’
2735 3582 2795 3634 οὐ
2814 3580 3012 3650 ψυχαῖς
3029 3578 3310 3651 ἁρμόττειο
3335 3578 3396 3630 οὐ
3423 3578 3531 3650 γὰρ
3555 3577 3738 3648 οἴομαί

2158 3694 2217 3730 σε
2249 3676 2416 3747 φῆσαι
2447 3675 2508 3747 (ί.
2544 3675 2764 3747 φήσειν)
2796 3674 2915 3745 μεθ’
2944 3672 3285 3744 ὑποκρίσεως
3335 3670 3735 3742 ἀστεϊζόμενον,

2154 3770 2235 3823 ὅτι
2255 3768 2561 3840 μεμένηκεν
2582 3768 2615 3836 ἡ
2634 3763 2839 3828 διπλοῖς
2861 3764 2953 3817 ἐπὶ
2970 3762 3065 3816 τοῦ
3085 3762 3257 3833 τάφου
3272 3761 3546 3825 τοσούτοις
3561 3760 3738 3815 ἐτεσιν

2156 3852 2283 3926 ἄχρι
2330 3852 2491 3924 τῆσδε
2538 3852 2636 3922 τῆς
2665 3851 2900 3923 ἡμέρας,
2937 3852 3023 3905 ἵνα
3065 3853 3097 3922 ή
3138 3849 3283 3922 ψυχὴ
3311 3850 3405 3903 τοῦ
3456 3850 3735 3922 προφήτου

2156 3948 2329 4019 φορῇ,
2366 3947 2440 4018 μή
2476 3961 2551 4016 πη
2576 3944 2686 4016 ἄρα
2716 3943 2896 4014 γυμνὴ
2932 3942 3220 4013 βαδίζουσα
3249 3943 3445 4010 διάγοιο
3481 3947 3735 4010 καίτοιγε

2157 4039 2287 4110 φαίη
2342 4055 2424 4109 τις
2454 4037 2542 4105 ἂν,
2564 4037 2639 4101 ὡς
2662 4036 2835 4100 οὐδεὶς
2863 4035 3034 4090 ἔοικεν
3054 4037 3292 4105 ἀγνοεῖν,
3319 4036 3399 4089 ὅτι
3428 4038 3537 4099 τοῖς
3562 4034 3738 4104 ἁγίοις

2156 4131 2453 4202 ἀδιάφθορα
2484 4129 2744 4201 πάρεστιν
2775 4127 3061 4199 οὐρανόθεν
3089 4126 3361 4196 ἐνδύματα
3386 4124 3736 4194 φεγγοὸόλοις

2153 4224 2499 4296 ὲκλάμποντα
2528 4223 2939 4293 μαρμαρυγαῖς,
2970 4218 3081 4273 ἀλλ’
3110 4220 3210 4272 ούκ
3232 4217 3460 4287 ἐσθῆτος
3482 4217 3735 4288 ὑφάσμα-

2152 4335 2219 4371 τα
2248 4315 2510 4379 ποικίλοις
2541 4313 2857 4384 εὐδιάφορα.
2884 4311 2948 4366 El
2980 4311 3037 4365 δὲ
3064 4310 3161 4383 τὴν
3193 4309 3285 4364 τοῦ
3322 4308 3577 4381 Σαμουὴλ
3619 4309 3732 4379 ὁρί-

2153 4408 2222 4481 ξῃ
2244 4404 2420 4477 ψυχὴν
2456 4405 2553 4477 μὲν
2585 4399 2724 4458 εἶναι
2748 4402 2845 4475 τὴν
2871 4403 3148 4472 ὀφθεῖσαν,
3182 4401 3394 4471 ἱμάτιον
3418 4400 3601 4472 μέντοι
3624 4400 3733 4470 φῇς

2153 4499 2426 4571 ἑωρᾶσθαι
2455 4497 2576 4552 κατ’
2612 4496 2838 4560 ἔννοιαν,
2870 4496 2934 4549 ἶν’
2966 4497 2995 4548 ὁ
3032 4495 3132 4581 τῆς
3175 4495 3484 4567 ἱερουργίας
3509 4491 3730 4564 ἔκδηλος

480 4600 529 4657 si
557 4598 827 4655 Samuelis
869 4599 1105 4653 animam
1138 4608 1413 4669 speetrum
1449 4597 1583 4654 illud
1615 4596 1787 4655 fuisse
1829 4601 2047 4670 statuis,

2165 4589 2239 4663 εἴη
2288 4589 2490 4662 τρόπος
2533 4588 2853 4661 (ἀμφότερα
2901 4589 2957 4643 δὲ
3002 4586 3177 4641 ταῦτα
3208 4586 3412 4659 νοητῶν
3442 4587 3557 4639 ἐστι
3589 4602 3731 4657 πρα-

480 4689 791 4762 asserisque
837 4698 1039 4746 vestem
1077 4695 1288 4743 tantum
1329 4686 1608 4743 intellectu
1649 4687 2042 4757 deprehensam

479 4780 670 4845 fuisse,
711 4790 770 4835 ut
813 4780 958 4835 illius
996 4777 1332 4835 caeremoniae
1375 4776 1515 4831 ratio
1553 4775 2040 4844 manifestaretur;

479 4877 712 4941 utraque
767 4885 897 4925 vero
939 4870 1053 4924 haec
1107 4866 1530 4939 intelligibilium
1587 4882 1770 4921 rerum
1824 4868 2044 4938 propria

478 4969 642 5018 sunt:
670 4962 1010 5017 convincitur
1032 4959 1166 5015 nihil
1195 4974 1388 5016 sanum
1414 4973 1713 5030 verumque
1744 4958 2041 5015 maenadem

474 5055 623 5111 illam
676 5053 956 5110 eﬂutiisse.
1013 5051 1120 5108 Res
1173 5052 1317 5106 enim
1362 5049 1522 5105 aliter
1554 5064 1617 5104 ac
1670 5064 1730 5105 se
1770 5049 2046 5106 habebant

474 5144 818 5208 enuntiabat,
848 5158 1035 5199 eorum
1074 5143 1296 5196 nomina
1341 5156 1462 5212 qua:
1512 5140 1615 5197 sub
1645 5155 1809 5197 sensu
1840 5141 2044 5198 cadunt

472 5239 771 5301 invertens,
793 5243 847 5293 et
875 5235 1262 5291 intellectualia
1292 5235 1678 5293 manifestans.
1723 5232 1904 5289 Virum
1936 5237 2042 5291 ita-

2152 4683 2379 4754 γμάτων
2412 4680 2563 4753 ἴδια),
2601 4681 2925 4754 συνέστηκεν
2959 4684 3033 4744 ὡς
3064 4680 3213 4733 οὐδὲν
3243 4679 3413 4747 ὑγιὲς,
3448 4678 3569 4732 οὐδὲ
3597 4676 3733 4749 ἀλη-

2152 4777 2262 4842 θῶς
2309 4774 2639 4849 ἀπήγγειλεν
2684 4776 2717 4847 ή
2778 4774 2972 4846 μαινάς
2997 4790 3009 4803 ⁸
3055 4772 3220 4844 ἕτερα
3247 4772 3356 4843 γάρ
3390 4770 3541 4840 ἔλεγε
3577 4767 3730 4839 παρὰ

2151 4870 2219 4924 τὰ
2267 4868 2414 4934 ὄντα,
2450 4868 2519 4921 τά
2570 4867 2677 4922 τῶν
2726 4866 2998 4940 αἰσθητῶν
3048 4866 3286 4937 ὀνόματα
3316 4862 3727 4935 παραφέρουσα,

2153 4964 2247 5018 καὶ
2274 4963 2343 5017 τά
2370 4962 2535 5032 νοητά
2575 4959 2984 5015 διαδεικνύουσα
3021 4953 3562 5029 πράγματα.”Ανδρα
3596 4951 3729 5021 γοῦν

2153 5054 2353 5125 ὄρθιον
2381 5053 2741 5125 ὀνομάζουσα,
2779 5051 2873 5105 καὶ
2917 5048 3206 5120 περιόολῆς
3251 5043 3486 5117 ὑφαντὸν
3514 5044 3730 5115 ἐσθημα

2150 5149 2552 5221 χειρότευκτον,
2605 5147 2858 5219 ἀόρατον,
2918 5147 2981 5198 ὲκ
3039 5142 3149 5197 τῶν
3199 5141 3455 5196 ἐναντίων
3508 5138 3726 5209 εἰσῆγεν

2152 5240 2367 5311 πνεῦμα
2401 5239 2787 5310 φαντασιιίδες.

472 5350 579 5407 que
624 5342 852 5390 erectum
899 5332 1197 5403 appellans,
1249 5338 1303 5385 et
1366 5332 1552 5388 textile
1611 5331 1884 5387 involucri
1933 5332 2317 5392 indumentum
2362 5351 2528 5390 manu
2586 5335 2811 5397 factum,
2871 5332 3019 5404 quod
3077 5346 3188 5387 non
3241 5329 3571 5393 videbatur,
3651 5341 3716 5383 ex

473 5427 767 5483 cuntrariis
824 5424 1075 5497 spiritum
1142 5424 1529 5495 imaginatione
1578 5432 1788 5480 tantum
1847 5435 2165 5499 perceptum
2195 5428 2485 5485 inferebat.

538 5517 652 5576 νιι.
693 5518 792 5575 Eia
838 5518 929 5574 dic
964 5533 1117 5589 ergo,
1172 5531 1204 5571 o
1256 5516 1459 5586 optime
1502 5516 1850 5587 dogmatista,
1899 5536 2038 5590 quo-

473 5613 634 5667 modo
649 5612 901 5683 cognovit
925 5611 1055 5668 Saul
1085 5611 1237 5666 illum
1268 5608 1441 5663 fuisse
1464 5607 1794 5677 Samuelem,
1820 5611 2041 5682 quando

477 5719 578 5758 nec
637 5706 843 5759 umbrae
900 5705 1119 5775 quidem
1186 5700 1465 5757 minimam
1519 5708 1764 5770 partem,
1825 5711 2038 5758 tantum

2221 5520 2331 5576 VII.
2373 5523 2507 5575 Είπὲ
2560 5522 2756 5587 τοίνυν,
2814 5514 2859 5574 ὧ
2902 5519 3140 5590 βέλτιστε
3192 5513 3558 5589 δογματιστὰ,
3606 5512 3728 5581 πῶς

2149 5611 2288 5680 ἔγνω
2313 5611 2502 5675 Σαοὺλ,
2525 5611 2599 5674 ὼς
2632 5611 2793 5675 αὐτὸς
2822 5604 2976 5675 οὗτος
2998 5610 3262 5681 ἐτύγχανε
3292 5606 3564 5679 Σαμουὴλ,
3590 5607 3728 5678 ὁτι-η-

2149 5705 2273 5757 νίκα
2303 5704 2440 5774 μηδὲ
2478 5705 2634 5768 σκιᾶς
2659 5698 2764 5756 εἶδε
2791 5703 3003 5773 μόριον,
3030 5703 3129 5774 ούχ
3156 5704 3304 5765 ὅπως
3325 5699 3516 5771 ἀνδρὸς
3544 5697 3729 5770 ἰδέανς

542 5858 924 5945 ςῦἼΣαυτόν.
973 5861 1064 5918 Sic
1102 5865 1289 5937 impr.,
1320 5875 1507 5938 prave.
1550 5859 1863 5935 Legendum
1892 5874 2061 5932 prors‘

2165 5858 2364 5917 videtur
2388 5859 2620 5939 ταυτὸν,
2641 5868 2701 5918 ιιι
2721 5873 2843 5927 pag.
2880 5852 3006 5924 6M,
3043 5859 3105 5913 B.
3136 5856 3290 5918 Εοιτ.
