4090 6288
358 375 467 431 625

1245 376 1333 433 DE
1372 374 1967 432 ENGASTRIMYTHO
1995 374 2275 433 CONTRA
2307 376 2683 434 ORIGENEM.

3476 382 3582 437 626

370 487 508 541 Ἀλλ’
537 484 637 540 οὐκ
684 485 937 560 ἐρυθριᾷς
967 486 1231 559 εἰρηκὼς,
1262 488 1414 543 Ἔδει
1454 489 1757 561 γεγράφθαι
1778 530 1791 554 ,
1820 493 1903 544 Κα

2034 491 2189 546 abest
2217 499 2276 545 ut
2305 489 2534 547 formam
2576 490 2812 549 hominis
2839 496 3142 566 aspexerit?
3164 496 3274 555 Nec
3306 498 3585 556 erubescis

352 578 584 647 ἐνόμιζε
629 578 827 634 Σαοὺλ
873 575 1025 634 εἶναι
1071 581 1255 635 αὐτὸν
1280 579 1558 651 Σαμουὴλ
1578 622 1592 646 ,
1629 581 1722 636 νῦν
1751 582 1806 635 δὲ
1834 582 1925 650 γέ-

354 688 634 742 γραπται,
668 672 856 741 Ἔγνω
889 673 1115 735 Samii;
1149 668 1280 726 Εἶτα
1314 673 1395 726 ὅτι
1439 672 1536 743 μὲν
1569 674 1598 726 ό
1625 673 1915 745 δαιμονιζό-

356 779 519 834 μενος
547 762 688 831 ἔγνω
723 764 871 836 παρὰ
904 763 1241 837 δαιμονὼσης
1271 764 1530 830 ἀκούσας,
1556 765 1668 820 ἄνω
1703 767 1794 819 καὶ⁸
1827 766 1925 820 κά-

351 870 433 907 τω
462 854 670 923 λέγεις’
706 854 787 907 ὅτι
810 854 865 908 δὲ
895 855 1047 908 οὐδὲν
1078 854 1199 908 οὐδὲ
1230 856 1362 921 ὅλως
1399 855 1678 921 ἐθεάσατο,
1710 860 1833 929 σιγῇ
1862 858 1922 912 τὸ

353 942 589 1013 γράμμα
622 942 883 1012 κρύπτεις
901 960 914 973 θ
945 943 1178 1016 οὐδαμοῦ
1200 944 1256 998 δὲ
1283 944 1347 1017 δὴ
1371 946 1709 1017 παραφέρεις
1735 947 1791 1000 ὲν
1828 947 1922 1018 μέ-

353 1053 434 1106 σῳ
479 1034 570 1088 τὸν
614 1034 848 1106 ἔλεγχον,
877 1036 1091 1106 ἀφελεῖς
1125 1037 1222 1109 μὲν
1259 1038 1499 1109 οἰόμενος
1530 1039 1801 1110 ὲξαπατᾷν
1829 1040 1921 1092 άν-

353 1124 624 1197 θρὼπους,
655 1125 869 1198 εὕρημα
916 1127 973 1181 δὲ
1025 1128 1283 1199 μαντείας
1328 1128 1671 1200 ἐπιτειχίζειν
1716 1130 1917 1185 ἅπασιν

352 1215 614 1280 ἀσεϐοῦςο
649 1219 682 1286 ἡ
717 1217 906 1289 γάρτοι
951 1218 1043 1272 τοῦ
1071 1218 1511 1291 δαιμονιζομένου
1565 1220 1763 1289 γνῶσις
1792 1221 1917 1286 ἀξία

349 1306 446 1361 τοῦ
480 1307 832 1379 κηρύγματος
860 1308 1152 1379 ἐτύγχανεν
1185 1311 1399 1379 ἐκείνης
1431 1311 1529 1381 τῆς
1558 1312 1650 1365 κα)⁸
1676 1313 1799 1375 τοὺς
1825 1311 1915 1365 λό-

350 1420 482 1473 γους
523 1402 671 1473 αὐτῷ
715 1402 1086 1474 διακονούσης.
1106 1402 1244 1455 Ἀλλ’
1275 1404 1549 1477 ἐπιστήμῃ
1578 1405 1670 1458 καὶ
1705 1406 1913 1459 συνέσει

350 1496 517 1568 φαίης
547 1495 614 1549 ἂν
660 1494 732 1561 ὡς
776 1496 916 1565 ἔγνω
969 1496 1043 1567 μὴ
1077 1494 1429 1567 θεασάμενος,
1463 1497 1575 1552 ἀλλ’
1612 1501 1710 1551 οὐκ
1734 1498 1912 1569 ἐνόμι-

346 1604 443 1643 σεν
462 1604 473 1615 ’
522 1588 749 1652 ἕκαστος
800 1587 929 1656 γοῦν
976 1588 1274 1659 ἀνθρώπων
1325 1590 1459 1661 ἀκοῇ
1506 1589 1701 1661 μᾶλλον
1730 1590 1762 1662 ἢ
1793 1591 1910 1660 ὄψει

344 1680 578 1752 πρᾶγμα
604 1673 930 1751 παραλαϐὼν
961 1680 1129 1734 οἴεται
1156 1681 1249 1735 καὶ
1277 1680 1502 1751 νομίζει,
1536 1680 1595 1733 τὸ
1628 1682 1794 1751 σαφὲς
1812 1682 1910 1734 οὐκ

2026 596 2149 636 cum
2182 581 2321 639 dicis
2342 584 2689 639 scribendum
2720 585 2890 644 fuisse
2927 607 2939 643 :
2974 586 3042 641 Et
3068 588 3289 658 putabat
3334 589 3470 646 Sau!
3516 594 3583 646 il-

2025 671 2135 725 lum
2178 688 2290 728 esse
2341 674 2678 743 Samuelem;
2719 693 2840 733 cum
2888 679 3148 749 scriptum
3196 681 3306 736 sit:
3338 680 3585 753 Cognovit

2024 764 2158 821 Saul
2174 770 2199 822 ?
2238 767 2348 821 Sub
2386 768 2529 834 haec,
2558 771 2703 842 quod
2738 787 2767 825 a
2796 772 3039 827 daemone
3066 782 3293 831 vexatus
3317 790 3350 829 a
3382 776 3583 831 daemo-

2022 859 2179 914 niaca
2214 859 2439 915 audiens
2486 865 2820 933 cognoverit,
2861 865 3061 936 ubique
3106 867 3396 934 decantas;
3434 872 3580 939 quod

2017 965 2147 1006 vero
2177 950 2312 1004 nihil
2357 953 2579 1007 omnino
2606 954 2817 1024 uspiam
2856 956 3075 1017 viderit,
3105 958 3322 1013 silentio
3358 968 3581 1029 μηρίον-

2020 1041 2087 1106 is,
2118 1056 2292 1111 neque
2320 1043 2798 1112 reprehensionem
2840 1046 3002 1101 ullam
3036 1048 3089 1102 in
3133 1048 3370 1105 medium
3394 1049 3574 1118 aﬁ‘ers,

2018 1126 2072 1180 id
2123 1128 2178 1182 in
2222 1130 2407 1185 animo
2452 1130 2657 1189 habens
2703 1142 2759 1187 ut
2794 1134 3069 1205 simplices
3108 1138 3356 1196 homines
3395 1140 3571 1206 fallas,

2016 1219 2379 1290 omnibusque
2408 1238 2600 1278 novam
2629 1225 2955 1297 impiamque
2986 1229 3371 1287 divinationem
3406 1233 3581 1288 incul~

2014 1326 2127 1367 ces.
2162 1310 2488 1369 Daemoniaci
2518 1315 2714 1386 quippe
2734 1304 2973 1387 cognitio
3003 1319 3151 1377 illius
3177 1336 3296 1391 quae
3325 1330 3381 1376 et
3409 1324 3574 1379 verba

2017 1403 2119 1473 ipsi
2147 1403 2596 1461 subministrabat
2632 1408 2906 1478 praeconio
2951 1409 3113 1480 digna
3157 1422 3291 1470 erat.
3324 1412 3479 1470 Dices
3516 1415 3574 1469 il-

2013 1494 2124 1549 lum
2160 1498 2387 1552 scientia
2419 1498 2653 1569 quadam
2692 1501 3088 1573 prudentiaque
3108 1505 3253 1574 quod
3282 1521 3390 1561 non
3422 1506 3571 1562 vide-

2011 1595 2097 1641 rat
2129 1590 2473 1660 cognovisse,
2511 1591 2603 1646 sed
2640 1607 2750 1646 non
2782 1592 2955 1650 fuisse
2994 1596 3294 1666 opinatum.
3324 1596 3569 1668 Namque

2012 1678 2238 1748 quilibet
2276 1679 2441 1733 homo
2483 1679 2577 1750 qui
2606 1682 2792 1737 auditu
2841 1686 3022 1756 potius
3052 1702 3212 1755 quam
3247 1689 3420 1742 oculis
3453 1704 3565 1745 rem

342 1771 529 1835 εἰδὼς,
559 1770 732 1834 ἄλλως
762 1787 820 1824 τε
855 1769 954 1824 κᾶν
983 1771 1087 1825 ὐπὸ
1114 1770 1466 1842 δαιμονῶντος
1494 1771 1667 1844 ἀκούῃ
1692 1772 1906 1843 προσώ-

2009 1768 2244 1838 aliquam
2280 1770 2568 1839 acceperit,
2599 1785 2722 1824 cum
2763 1788 2948 1827 verum
2972 1788 3078 1828 non
3112 1785 3424 1847 cognoscat,
3450 1779 3567 1847 opi-

342 1878 481 1916 που·
538 1863 673 1933 μόνα
714 1862 822 1935 γὰρ
864 1861 933 1915 τά
983 1862 1075 1916 τοῦ
1125 1864 1257 1918 Θεοῦ
1303 1861 1639 1935 βεϐαιοῦνται
1686 1864 1904 1934 ῥήματα

341 1955 478 2025 πρὸς
503 1954 700 2027 ἀκριϐῆ
734 1954 1032 2025 κατάληψιν
1063 1957 1155 2009 καὶ⁵
1187 1956 1419 2021 πίστεως
1447 1956 1769 2028 ὀχυρότητα.
1794 1957 1903 2008 Καὶ

310 2046 448 2119 ,μὴν
494 2049 543 2101 εί
589 2047 715 2119 περὶ
759 2047 865 2101 τῶν
909 2047 1206 2120 ἀνθρώπων
1248 2049 1445 2118 ἔφησεν
1483 2049 1512 2100 ὁ
1545 2047 1900 2120 μελογράφος,

350 2137 491 2208 Ἐγὼ
528 2133 666 2192 εἶπα
702 2138 866 2209 ἐντῇ
901 2139 1180 2194 ἐκστάσει
1223 2157 1342 2209 μου
1362 2156 1376 2169 ·
1431 2138 1556 2205 Πᾶς
1598 2138 1903 2207 ἄνθρωπος

335 2231 642 2300 ψεύστης,
694 2231 843 2303 πόσῳ
889 2230 1018 2302 γοῦν
1063 2230 1128 2303 δὴ
1176 2231 1374 2303 μᾶλλον
1412 2232 1462 2284 εί
1493 2230 1620 2300 περὶ
1652 2230 1901 2299 γυναικὸς

333 2323 655 2395 ἐκδιηγῆται
705 2341 789 2388 τις
841 2324 1135 2396 ἔκφρονοςς
1187 2320 1319 2378 Εἶτα
1368 2322 1565 2392 λέγεις,
1608 2323 1684 2376 ὅτι
1730 2322 1899 2387 οὐδεὶς

334 2414 475 2483 ἔγνω
500 2414 560 2468 τὸ
594 2415 669 2486 μὴ
696 2415 777 2482 ὃν,
808 2410 895 2469 οἷα
930 2415 1234 2488 μειρακίοις
1255 2414 1509 2486 ἄντικρυς
1530 2415 1747 2486 ὁμιλῶν.
1764 2416 1899 2469 Εἰπὲ

333 2506 530 2571 τοίνυν,
565 2505 679 2569 πῶς
725 2505 864 2574 ἔγνω
898 2507 958 2559 τὸ
984 2505 1062 2575 ὃν,
1097 2506 1252 2577 εἴπερ
1295 2506 1457 2570 αὐτὸς
1504 2506 1602 2559 οὐκ
1642 2506 1900 2561 ἐθεάσατο

335 2596 753 2666 πυνθανόμενος,
780 2598 840 2649 οὐ
869 2596 960 2650 τὸν
989 2597 1156 2669 ἄνδρα
1184 2595 1274 2650 τὸν
1303 2596 1503 2667 ὄρθιον,
1531 2597 1590 2650 οὐ
1615 2597 1674 2650 τὸ
1709 2596 1899 2666 Ἐφοὺδ

331 2687 361 2739 δ
387 2690 678 2759 περιεῖχεν,
719 2689 779 2740 οὐ
823 2688 883 2741 τὸ
915 2687 1292 2759 άρχιερατικὸν
1340 2687 1571 2758 ἱμάτιον,
1609 2687 1719 2742 ἀλλ’
1749 2686 1897 2741 οὐδὲν

331 2779 623 2851 οὐδαμόθεν
635 2779 773 2852 ὀρῶν
793 2780 1071 2843 ὐποκένοις
1083 2779 1459 2851 ἀνερριπίζετο
1478 2778 1671 2847 λόγοις,
1689 2778 1897 2851 ὡσπερ-

2007 1865 2169 1912 natur
2199 1866 2252 1913 et
2294 1859 2489 1925 credit,
2523 1868 2685 1931 atque
2736 1863 3027 1935 praecipue,
3076 1866 3121 1920 si
3168 1882 3197 1919 a
3233 1866 3564 1925 dazmoniaca

2006 1965 2237 2020 persona
2272 1951 2420 2006 illam
2468 1952 2736 2008 hauserit.
2771 1954 2900 2010 Sola
2941 1957 3142 2011 etenim
3182 1957 3366 2014 divina
3398 1963 3562 2018 verba

2006 2041 2075 2096 ad
2102 2043 2426 2111 exquisitam
2456 2044 2997 2113 comprehensionem
3018 2056 3071 2101 et
3104 2047 3223 2102 ﬁdei
3250 2051 3524 2105 munimen
3543 2082 3559 2091 -

2003 2139 2116 2185 tum
2149 2130 2455 2186 ﬁrmitatem
2496 2130 2716 2187 habent.
2752 2132 2884 2188 Nam
2914 2137 2959 2190 si
2992 2135 3059 2191 de
3100 2137 3412 2194 hominibus
3440 2154 3561 2194 car-

2002 2224 2209 2277 minum
2266 2223 2502 2294 scriptor
2543 2226 2763 2295 scripsit
2786 2226 2828 2257 ¹⁸
2864 2245 2877 2279 :
2916 2225 3028 2299 Ego
3076 2227 3189 2282 dixi
3244 2229 3297 2281 in
3346 2244 3560 2285 excessu

2002 2331 2114 2369 meo
2139 2330 2156 2368 :
2186 2313 2367 2371 Omnis
2390 2316 2541 2370 homo
2564 2317 2807 2383 mendax,
2827 2317 2893 2373 de
2914 2319 3141 2374 muliere
3161 2318 3409 2375 demente
3428 2336 3560 2378 sane

2001 2408 2168 2462 multo
2198 2409 2378 2477 aptius
2413 2409 2518 2463 dici
2555 2410 2772 2480 poterit.
2810 2409 2958 2465 Dicis
2985 2417 3250 2481 pra-terea
3284 2412 3556 2468 neminem

1999 2512 2160 2553 nosse
2182 2498 2325 2569 quod
2351 2514 2461 2554 non
2490 2506 2602 2567 est;
2639 2500 2793 2571 quasi
2818 2515 2940 2554 cum
2973 2500 3214 2571 puerulis
3246 2515 3553 2557 sermonem

1997 2607 2335 2649 consereres.
2379 2593 2477 2649 Dic
2512 2596 2678 2666 igitur
2724 2596 2996 2667 quomodo
3028 2595 3283 2666 cognovit
3326 2595 3381 2650 id
3411 2598 3557 2667 quod

1995 2692 2134 2748 erat,
2186 2685 2232 2740 si
2266 2685 2382 2756 ipse
2426 2686 2540 2755 jam
2580 2685 2919 2757 interrogans
2951 2702 3059 2741 non
3106 2687 3334 2754 viderat,
3380 2703 3555 2761 neque

1995 2777 2267 2833 hominem
2300 2784 2566 2843 erectum,
2597 2793 2773 2849 neque
2804 2777 2996 2849 Ephod
3022 2780 3169 2850 quod
3214 2781 3551 2845 continebat,

1994 2885 2103 2924 non
2138 2884 2473 2925 summorum
2521 2871 2864 2927 sacerdotum
2893 2879 3120 2935 vestem,
3165 2872 3260 2927 sed
3294 2872 3429 2926 nihil
3457 2888 3553 2928 us-

332 2872 424 2927 οῦν
450 2874 638 2943 ἀμέλει
664 2874 756 2927 καὶ
778 2875 841 2927 σὺ
865 2873 1190 2944 κουφολογίᾳ
1215 2872 1339 2936 τοὺς
1370 2871 1637 2935 άστάτους
1662 2873 1895 2925 ἀναπτεη

1993 2973 2158 3029 quam
2213 2959 2560 3030 conspiciens
2621 2963 2774 3019 vanis
2831 2961 3175 3018 sermonibus
3212 2963 3549 3032 jactabatur,

336 2968 479 3035 ροίς;
506 2966 643 3020 Ἀλλ’
670 2969 699 3019 ό
728 2967 824 3037 μὲν
852 2966 1256 3038 ἱστοριογράφος
1283 2965 1451 3037 δνομα
1482 2964 1700 3037 προθεὶς
1730 2966 1892 3033 ἐγγα-

333 3057 644 3128 στριμύθου,
665 3057 877 3128 πρῶτον
895 3057 1126 3129 ἐδήλωσε
1140 3057 1197 3110 τὸ
1213 3057 1520 3127 πρόσωπον,
1538 3055 1714 3110 ὁποῖόν
1726 3057 1889 3119 ἐστιν,

2009 3049 2450 3120 ιιιεῐηιιὼηοάιιω
2478 3057 2532 3105 et
2557 3058 2614 3105 tu
2650 3067 2758 3106 non
2790 3053 2989 3106 minori
3018 3053 3285 3109 orationis
3315 3054 3553 3109 vanitate

328 3146 586 3218 ἐμμανὲς
604 3146 881 3212 εἷθόῦτως
903 3147 1051 3217 αὐτῷ
1069 3146 1132 3219 [Ῑ.
1156 3147 1314 3221 αὐτό]
1331 3146 1426 3219 τὴν
1446 3146 1706 3202 ὀπτασίαν
1721 3148 1894 3218 ἑωρα-

2009 3156 2184 3210 parum
2237 3141 2421 3199 ﬁrmos
2480 3158 2809 3200 commoves.
2880 3143 2986 3199 Sed
3045 3145 3286 3200 historiae
3331 3146 3550 3216 quidem

324 3235 477 3290 κέναι
496 3236 798 3308 διέγραφεν,
817 3237 891 3301 ὡς
929 3237 1124 3309 πρέπει
1151 3240 1260 3302 τοῖς
1280 3232 1337 3291 εὖ
1366 3237 1618 3310 φρονοῦσι
1640 3239 1766 3309 περὶ
1791 3238 1887 3292 τοῦ

2009 3233 2246 3305 scriptor,
2282 3233 2708 3306 Engastrimythi
2743 3237 2962 3292 nomine
3008 3237 3279 3307 apposito,
3314 3239 3547 3307 primum
3612 3244 3617 3255 ‘

324 3329 849 3401 παραπεπληγμένου
886 3331 1021 3382 νοεῖν
1042 3345 1055 3357 ·
1088 3328 1258 3393 οὐδεὶς
1313 3330 1422 3401 γὰρ
1451 3328 1516 3382 ἂν
1555 3329 1797 3403 ὑπολάϐῃ
1820 3329 1882 3401 (Ι.

2009 3341 2280 3383 )ersonam
2328 3329 2508 3398 qualis
2560 3337 2725 3395 esset,
2768 3330 2927 3386 furiis
2977 3332 3227 3387 videlicet
3270 3333 3547 3402 agitatam,

320 3419 595 3493 ὑπολάϐοι)
614 3420 949 3492 φρενοϐλαϐἧ
973 3438 1112 3485 τινα,
1136 3420 1206 3474 τὰ
1226 3420 1409 3474 δέοντα
1429 3419 1669 3493 θεωρεῖν.
1689 3422 1884 3493 Ὀμοίῳ

2009 3420 2334 3492 signiﬁcavit.
2380 3419 2641 3493 Deinceps
2683 3421 2786 3492 ipsi
2836 3433 3111 3492 specuum
3152 3423 3295 3494 quod
3340 3425 3550 3478 viderat

318 3513 374 3566 δὲ
388 3513 573 3587 τρόπῳ
591 3514 786 3567 καὶτὸν
802 3512 1037 3583 ἔκφρονα
1053 3511 1221 3566 Σαοὺλ
1235 3511 1431 3583 ἔφησεν
1446 3511 1740 3581 ἐγνωκέναι
1758 3530 1885 3583 μαν-

2009 3513 2238 3582 :xposuit
2260 3527 2324 3567 ea
2346 3514 2576 3580 ratione,
2607 3529 2712 3584 qua
2742 3515 2940 3570 mentis
2963 3527 3240 3587 compotes
3262 3518 3328 3573 de
3352 3533 3548 3573 excor-

318 3605 586 3677 τευομένῳ
634 3603 699 3676 [Ῑ.
737 3601 1173 3676 μαντευόμενον],
1226 3602 1302 3666 ὡς
1352 3601 1499 3666 ἄξιον
1524 3602 1589 3657 ἂν
1620 3602 1706 3675 εἴη
1754 3605 1883 3676 περὶ

2009 3605 2146 3660 libus
2175 3605 2373 3661 debent
2400 3604 2648 3676 judicare
2674 3626 2686 3661 :
2710 3622 2870 3662 nemo
2917 3608 3061 3663 enim
3094 3608 3408 3665 existimare
3445 3625 3545 3681 po-

318 3698 522 3751 ὲκείνου
557 3698 764 3768 νοῆσαι,
800 3696 894 3751 τοῦ
929 3696 1215 3761 τοσαύταις
1243 3695 1375 3750 ὲτῶν
1418 3696 1681 3767 περιόδοις
1720 3697 1878 3751 ἐλαυ-

2009 3705 2091 3753 est
2128 3698 2361 3768 aliquem
2417 3705 2596 3753 mente
2641 3708 2858 3769 captum
2896 3698 3079 3755 videre
3120 3715 3183 3756 ea
3229 3716 3350 3770 quae
3382 3716 3546 3772 Opor-

314 3790 536 3861 νομένου
563 3790 772 3862 πικρῶς
792 3791 895 3843 ὐπὸ
914 3790 1007 3843 τοῦ
1024 3790 1295 3860 δαίμονος.

2009 3796 2114 3845 eat.
2136 3786 2393 3843 Similiter
2419 3798 2472 3843 et
2492 3788 2792 3844 dementem
2818 3787 3056 3853 Saulem,
3085 3790 3211 3845 dum
3228 3791 3543 3845 vaticinium

314 3888 538 3948 peteret,
577 3880 785 3936 dixerat
811 3880 1161 3952 cognovisse;
1210 3878 1661 3949 quemadmodum
1690 3880 1758 3936 de
1790 3896 1855 3937 eo
1879 3881 1973 3953 qui
2017 3887 2096 3936 tot
2133 3881 2436 3935 animorum
2469 3880 2918 3937 conversionibus
2970 3895 3000 3935 a
3032 3882 3270 3952 pessimo
3299 3881 3543 3937 daemone

312 3978 593 4042 correptus
623 3972 945 4043 agitabatur,
987 3986 1198 4041 aequum
1228 3978 1347 4026 erat
1374 3972 1699 4028 discernere.

383 4060 516 4115 Vill.
570 4062 726 4115 Ἀλλὰ
751 4062 857 4134 μὴν
884 4062 965 4115 ὅτι
988 4078 1051 4131 γε
1078 4062 1251 4117 ταῦτα
1280 4061 1468 4116 τοῦτον
1507 4062 1619 4134 ἔχει
1646 4062 1736 4116 τὸν
1761 4063 1883 4135 τρό.

2050 4061 2181 4117 Vlll.
2216 4062 2282 4116 Et
2317 4062 2429 4118 hac
2458 4064 2513 4117 iu
2544 4078 2602 4118 se
2637 4063 2834 4119 habere
2865 4080 2955 4120 res
2980 4066 3109 4136 ipsae
3152 4066 3391 4122 clamant
3426 4070 3540 4123 cla-

313 4171 432 4219 πον,
457 4154 595 4208 αὐτὰ
634 4152 705 4207 τὰ
751 4152 1047 4226 πράγματα
1082 4154 1207 4225 βοὰς
1233 4154 1454 4226 ἀφίησιν
1482 4155 1872 4225 έναργείς.Ἰνα

2009 4146 2195 4201 issima
2228 4160 2378 4202 voce.
2410 4145 2607 4201 Verum
2650 4154 2707 4201 ut
2740 4154 2793 4202 et
2842 4148 2949 4203 alio
2990 4151 3236 4219 exemplo
3268 4167 3378 4206 rem
3435 4153 3541 4206 mi-

308 4244 364 4297 δὲ
396 4244 485 4298 καὶ
515 4246 604 4313 ἀφ’
630 4246 818 4317 ἐτέρου
855 4244 925 4298 τά
962 4246 1123 4316 ὅμοια
1152 4250 1475 4319 συστήσαιμι
1502 4244 1870 4317 παραδείγμα-

2014 4237 2032 4291 i
2064 4237 2397 4308 propositam
2435 4238 2772 4302 conﬁrmem,
2813 4251 2910 4309 age
2955 4238 3081 4294 Elia:
3120 4242 3394 4311 prophetae
3451 4243 3535 4297 hi-

308 4351 415 4403 τος,
441 4337 572 4408 φέρε
613 4338 708 4411 τὴν
754 4338 848 4390 ἐπὶ
886 4336 1061 4392 Ἠλίου
1106 4338 1200 4392 τοῦ
1239 4340 1515 4411 προφήτου
1541 4340 1867 4410 προάγωμεν

2009 4329 2195 4383 toriam
2228 4330 2283 4383 in
2312 4328 2549 4383 medium
2605 4326 2894 4386 al‘feramus
2918 4330 2983 4395 “,
3018 4346 3141 4385 cum
3190 4333 3387 4388 vellent
3433 4350 3539 4390 nu-

310 4429 566 4502 ιστορίαν,
596 4431 829 4503 ὁπηνίκα
857 4431 948 4485 τὸν
988 4430 1218 4503 ἀριθμὸν
1247 4430 1428 4502 ἠξίουν
1472 4430 1569 4501 μὲν
1613 4433 1671 4484 ὲν
1708 4429 1866 4501 θυσίᾳ

2009 4434 2124 4475 πονο
2167 4420 2223 4474 in
2277 4419 2547 4474 sacriﬁcio
2599 4421 2770 4491 partis
2826 4422 3114 4493 utriusque
3162 4427 3533 4495 praestantiam

300 4519 402 4592 τὴν
441 4521 710 4593 ἑκατέρων
756 4521 1167 4590 ἀνεξετάζεσθαι
1209 4520 1382 4587 τάξιν,
1408 4521 1617 4593 μηδένα
1653 4519 1710 4573 δὲ
1755 4518 1866 4591 πῦρ

2009 4512 2293 4582 ijudicare,
2331 4513 2651 4585 nullumque
2675 4515 2878 4569 audere
2918 4515 3093 4587 ignem
3132 4517 3379 4587 injicere,
3432 4519 3530 4573 sed

304 4611 548 4681 ἐπάγειν,
583 4612 696 4666 ἀλλ’
726 4614 911 4685 εὐχαῖς
940 4612 1239 4683 ἐπάγεσθαι
1264 4612 1436 4686 πυρὸς
1466 4611 1750 4684 ἐπιφορὰν,
1779 4613 1868 4666 ἵνα
1897 4616 1908 4673 ]

2009 4603 2227 4660 recibus
2284 4603 2436 4659 illum
2467 4604 2523 4658 in
2575 4605 2714 4661 caelo
2757 4613 3081 4676 conceptum
3135 4607 3426 4678 subjicere,
3470 4616 3530 4662 ut

303 4702 371 4759 ἐκ
390 4702 486 4757 τοῦ
515 4704 1065 4777 κατακομπαζομένου
1103 4704 1375 4778 μετεώρου
1403 4705 1692 4779 οὐρανόθεν
1718 4703 1868 4775 ἔκδησ

2009 4694 2090 4750 Ide
2112 4693 2351 4749 demisso
2372 4694 2587 4749 caelitus
2617 4694 2792 4766 signo,
2817 4709 2928 4765 quo
2950 4696 3137 4750 liceret
3158 4696 3399 4766 gloriari,
3432 4712 3529 4768 pa-

302 4793 393 4860 λος
427 4796 524 4867 μὲν
551 4796 618 4851 ἂν
649 4798 732 4868 εῐη
768 4799 931 4852 πᾶσιν
966 4795 1263 4850 ἐπακοῦσαι
1295 4795 1589 4868 δυνάμενος
1620 4798 1678 4850 ὲν
1707 4794 1868 4866 φλογὶ

2009 4793 2102 4841 :ret
2131 4786 2385 4842 omnibus
2408 4785 2572 4853 Deus,
2600 4788 2692 4857 qui
2722 4794 2908 4856 posset
2927 4794 2983 4842 et
3005 4789 3262 4845 exaudire
3291 4799 3345 4845 et
3373 4788 3528 4863 ignes

302 4888 413 4961 πῦρ
460 4889 803 4943 ἀποστέλλειν
849 4889 1001 4955 Θεὸς,
1026 4891 1092 4943 ὲκ
1133 4888 1190 4941 δὲ
1231 4887 1417 4941 τούτου
1450 4885 1866 4961 διαγινώσκηται

2009 4879 2255 4935 iscitatos
2287 4878 2578 4951 depellere,
2608 4895 2671 4935 ex
2704 4894 2813 4950 quo
2840 4880 3070 4950 potioris
3116 4882 3353 4954 dignitas
3409 4886 3528 4941 elu-

300 4979 383 5045 τίς
410 4982 444 5052 ή
479 4979 572 5034 τοῦ
600 4982 902 5052 κρείττονος
945 4979 1178 5048 ἐξουσία,
1207 4980 1300 5033 καὶ
1350 4979 1484 5032 πᾶσι
1528 4979 1757 5050 φανερὸν
1797 4978 1864 5032 ἂν

2009 4980 2221 5036 esceret,
2259 4980 2313 5026 et
2359 4972 2504 5042 quod
2552 4972 2748 5028 melius
2778 4982 2895 5028 erat
2934 4985 3237 5045 appareret.
3262 4976 3363 5034 Ubi
3396 4995 3525 5036 vero

299 5071 383 5142 εἴη
415 5088 478 5140 γε
507 5071 569 5124 τὸ
596 5072 939 5142 άμεινον.Ὠς
974 5069 1065 5125 οὖν
1103 5071 1362 5125 ἐπέταττε
1406 5068 1640 5142 πρώτοις
1681 5073 1861 5125 ἐπιτε-

2009 5063 2197 5118 rimum
2227 5064 2334 5119 illis
2364 5070 2424 5118 ut
2450 5079 2587 5135 opus
2618 5064 2941 5135 perlicerent
2989 5068 3296 5139 imperavit,
3334 5072 3411 5127 illi
3436 5088 3523 5128 se-

297 5159 407 5228 λεῖν
452 5162 698 5226 ἐκείνοις,
729 5164 778 5216 oi
825 5164 922 5234 μὲν
960 5162 1332 5233 ἐπιλεξάμενοι
1374 5161 1567 5234 βοΐδιον
1611 5161 1859 5233 ἐμέλιζον

2009 5165 2159 5211 :ctam
2185 5156 2437 5211 buculam
2472 5171 2621 5211 more
2663 5173 2763 5212 suo
2796 5157 3181 5231 discerpebant
3232 5163 3287 5218 in
3314 5175 3517 5234 partes,

295 5252 577 5317 εἰωθότως,
602 5254 1015 5325 ἐπικαλούμενοι
1040 5255 1095 5307 δὲ
1123 5254 1186 5325 δὴ
1214 5254 1274 5308 τὸ
1294 5253 1664 5326 τετράμορφον
1685 5254 1856 5325 ὲμμε-

2009 5286 2011 5297 ,
2059 5248 2313 5303 invocato
2368 5263 2475 5302 non
2532 5247 2880 5321 indiligenter
2928 5253 3299 5323 quadriforme
3338 5256 3518 5311 Baalis

293 5340 503 5415 λέτημα
525 5344 619 5398 τοῦ
652 5344 981 5416 καλουμένου
1008 5345 1171 5409 Βάαλ,
1207 5345 1356 5399 οὐδὲν
1384 5340 1542 5418 ἦττον
1565 5343 1850 5416 ἔπραττον,

2009 5341 2198 5409 lmine,
2253 5341 2389 5395 nihil
2428 5341 2609 5397 minus
2655 5345 3045 5414 operabantur,
3092 5348 3228 5401 nihil
3270 5348 3513 5404 omnino.

290 5432 442 5490 οὐδὲν
464 5435 712 5505 οὐδαμῶς
726 5452 741 5466 ο
770 5435 905 5490 ἀλλά
934 5452 998 5505 γε
1027 5436 1125 5489 καὶ
1156 5437 1579 5505 κατετέμνοντο
1613 5435 1760 5490 κατὰ
1784 5436 1851 5490 τὸ

2009 5432 2118 5488 ddit
2146 5433 2189 5465 "
2215 5451 2229 5489 :
2253 5436 2323 5488 Et
2346 5432 2641 5489 incidebant
2659 5452 2713 5491 se
2731 5451 2796 5491 ea:
2823 5453 2965 5490 more
2992 5437 3182 5506 gladiis
3203 5446 3251 5493 et
3286 5438 3543 5495 siroma-i
3580 5468 3586 5473 -

290 5525 425 5591 ἔθος
454 5525 651 5581 αὐτῶν
667 5527 1003 5597 μαχαίραις,
1020 5530 1142 5598 ἔφη,
1173 5528 1272 5582 καὶ
1300 5525 1717 5597 σειρομάσταις
1738 5526 1849 5594 ἕως

2009 5525 2120 5580 ibua
2150 5523 2218 5579 ad
2261 5525 2563 5595 e/j'ueionem
2589 5543 2749 5598 usque
2770 5530 3061 5598 sanguinis.
3093 5527 3287 5582 Subdit
3317 5529 3399 5583 his
3424 5543 3509 5583 au-

287 5616 588 5687 ἐκχύσεως
617 5619 854 5689 αἵματος
875 5634 888 5650 ⁸
919 5614 1037 5673 εἶτα
1065 5620 1157 5673 ἐπὶ
1182 5620 1388 5683 τούτοις
1416 5622 1449 5691 ἡ
1483 5619 1846 5693 διηγηματικὴ

2009 5632 2073 5673 or
2098 5617 2245 5673 illius
2272 5619 2602 5674 narrationis
2633 5620 2677 5651 “’
2711 5639 2723 5673 :
2760 5618 2826 5672 Et
2844 5618 3221 5689 prophetabant
3248 5635 3515 5693 quousque

288 5707 381 5761 τοῦ
426 5710 782 5780 συγγραφέως
822 5710 1068 5781 ἐπιφέρει
1110 5709 1205 5782 βοή
1230 5728 1243 5741 ο
1290 5709 1403 5765 Καὶ
1441 5711 1847 5780 προεφήτευσαν

2009 5710 2202 5765 ’ωιρνὲἱι
2234 5727 2464 5781 vespera.
2488 5711 2633 5771 Cum.
2656 5713 2834 5781 itaque
2860 5709 3141 5780 Scriptura
3194 5728 3304 5769 non
3342 5728 3513 5788 expo-

394 5825 438 5893 ‘f
463 5823 612 5881 Paul.
648 5842 769 5887 ειν.
797 5827 883 5882 il.
961 5829 1004 5859 "
1031 5825 1126 5883 Ill
1158 5826 1281 5891 Rea.
1314 5845 1468 5898 svnt,
1498 5827 1664 5885 19-26
1724 5828 1765 5860 ’⁷
1795 5830 1900 5886 ibid

2009 5836 2045 5894 Β.
2109 5836 2149 5871 ¹⁸
2177 5839 2283 5897 ibid
2306 5841 2396 5899 9.9.

3618 3156 3633 3327 ί
