4090 6288
445 390 550 451 827

1439 396 1496 454 S.
1536 394 1909 454 EUSTATHII
1939 390 2242 454 EPISCOPI
2278 383 2695 453 ANTIOCHENI

3562 391 3671 448 διε

441 508 619 568 suerit
666 526 869 568 verane
921 522 990 566 an
1046 502 1323 568 mendacia
1373 512 1784 583 prophetarent,
1811 514 2039 571 ideone.

2139 530 2208 578 ως
2240 511 2506 581 παρῆλθε
2530 509 2598 563 τὸ
2621 507 2901 562 δειλινόν.
2951 499 3104 562 Ἕπεὶ
3126 498 3303 561 τοίνυν
3322 499 3383 559 ού
3410 504 3670 563 διέστειὶε

444 605 568 659 illos
593 603 886 675 prophetas
914 601 1084 659 fuisse
1110 608 1331 661 veraces
1376 602 1573 673 aliquis
1613 594 2008 659 contenderet?

446 696 668 753 Scilicet
717 688 1007 752 dicendum
1036 707 1176 764 erat,
1212 706 1273 754 ut
1297 696 1556 768 Origenes
1599 697 1716 767 ipse
1749 697 2005 753 determi-

447 794 560 848 nat,
611 786 1005 856 prophetaban't
1051 795 1110 841 ut
1164 787 1268 857 ipsi
1325 784 1708 855 Opinabantur,
1743 799 1852 839 non
1900 783 2006 838 nisi

448 874 729 931 mendacia
772 877 1091 934 conflantes.
1122 877 1307 948 Neque
1334 876 1477 931 enim
1509 874 1591 931 fas
1625 883 1741 931 erat
1773 875 1829 929 in
1871 874 2007 945 ipsis

448 967 688 1024 incidere
709 971 1181 1041 praesagitionem;
1220 979 1275 1025 et
1313 978 1494 1026 tamen
1546 969 1811 1026 extricato
1834 968 2009 1023 claro-

448 1072 557 1130 que
612 1060 804 1117 scribit
861 1073 1114 1118 sermone
1146 1080 1161 1116 :
1193 1061 1263 1116 Et
1307 1061 1689 1132 proplietabam
1746 1074 2010 1130 quousque

448 1152 701 1221 prmertit
734 1160 965 1223 vespera.
996 1151 1190 1208 Nonne
1215 1154 1334 1225 ipsa
1364 1167 1547 1208 rerum
1585 1160 2010 1221 eventorumque

448 1243 840 1314 consequentia
862 1242 979 1300 haec
1040 1244 1150 1301 illis
1192 1244 1386 1299 similia
1429 1243 1886 1313 comprobantur?
1913 1238 2010 1296 Et-

450 1334 597 1389 enim
635 1334 682 1391 sl
710 1334 994 1392 ambor'um
1021 1334 1162 1393 idem
1189 1339 1273 1393 est
1301 1343 1516 1401 auctor,
1547 1351 1715 1391 unum
1744 1335 1912 1391 etiam
1944 1348 2013 1390 ex

451 1427 698 1497 utrisque
726 1436 948 1484 sensum
974 1424 1170 1486 elicere
1201 1438 1539 1499 consequens
1559 1436 1661 1484 est.
1697 1425 1804 1484 Sed
1830 1441 2015 1497 quem-t

451 1517 745 1575 admodum
770 1519 863 1574 hic
901 1520 1309 1576 idololatrarum
1344 1520 1563 1592 praefixo
1591 1519 1812 1575 nomine
1838 1512 1891 1574 id
1918 1534 2017 1575 no-

452 1611 539 1666 bis
584 1612 764 1668 innuit
799 1612 867 1668 de
918 1613 1027 1668 illis
1076 1614 1151 1669 ita
1211 1612 1555 1669 sentiendum
1600 1624 1744 1677 esse,
1809 1611 2016 1668 scilicet

456 1701 957 1777 pseudoprophetas
982 1704 1149 1761 fuisse
1169 1705 1315 1760 omni
1338 1704 1669 1776 praenotione
1697 1700 2014 1770 destitutos;

456 1795 538 1848 sic
568 1802 623 1850 et
653 1795 727 1851 ibi
762 1797 1012 1867 personis
1047 1797 1291 1854 daemone
1323 1797 1540 1869 agitatis
1568 1797 1873 1868 praepositis
1925 1810 2017 1851 sa-

2105 602 2164 655 τὸ
2208 604 2460 674 γράμμα,
2498 601 2721 673 πότερον
2764 598 2936 672 ἀληθῆ
2982 599 3356 671 προύφήτευον
3397 597 3431 669 ἦ
3479 597 3668 668 ψευδῆ,

2105 694 2256 766 παρὰ
2306 693 2464 747 τοῦτο
2513 692 2644 763 φαίη
2692 709 2773 755 τις
2826 691 2890 745 ἄν
2936 690 3175 754 ἐκείνους
3221 686 3358 743 εἶναι
3389 692 3672 762 προφήτας

2106 784 2362 854 ἀληθείς;
2396 782 2544 835 Ἔδει
2594 780 2702 852 γὰρ
2745 778 3025 851 εἰρηκέναι
3055 778 3195 832 κατά
3219 777 3318 848 τὴν
3366 777 3672 849 Ὠριγένους

2108 875 2411 943 ἀπόφασιν,
2455 874 2828 944 Προεφήτευον
2877 871 2955 935 ὡς
2994 870 3162 942 ᾤοντο
3192 870 3252 923 τὸ
3280 869 3474 931 δοκεῖν,
3505 869 3672 940 μηδὲν

2106 964 2304 1037 ἀληθὲς
2330 963 2576 1033 λέγοντες
2626 963 2767 1035 (ἐπεὶ
2804 962 2937 1033 μηδὲ
2965 962 3120 1033 θέμις
3148 958 3589 1031 ἐμπολιτεύεσθαι
3611 959 3670 1011 ἐν

2108 1058 2289 1121 αὐτοῖς
2321 1055 2667 1128 πρόγνωσιν),
2702 1055 2814 1109 ἀλλ’
2838 1055 2936 1109 οὐκ
2969 1053 3310 1124 ἅνεπιπλόκῳ
3338 1054 3431 1106 καὶ
3453 1051 3668 1122 καθαρᾷ

2109 1149 2464 1221 προφωνῆσαι
2495 1146 2662 1212 λέξει·
2707 1146 2814 1201 Καὶ
2840 1147 3247 1216 προεφήτευσε·
3268 1144 3377 1211 ἔως
3402 1142 3669 1212 παρῆλθε

2108 1241 2176 1298 1'6
2219 1239 2632 1311 68Mt7’dh'Ap‘
2658 1234 2752 1293 οὖν
2800 1236 3106 1300 ἀκολούθως
3149 1238 3213 1289 ἐκ
3249 1237 3347 1306 τῆς
3377 1235 3546 1305 αὐτῆς
3574 1227 3669 1287 τοῦ

2112 1334 2438 1406 γράμματος
2485 1332 2722 1405 ἱστορίας
2763 1329 2908 1384 ἐστιν
2955 1329 3101 1395 ἰδεῖν,
3131 1330 3215 1382 ὅτι
3251 1327 3422 1383 ταῦτα
3450 1325 3673 1390 ἐκείνοις

2113 1425 2386 1480 ἐπέοικενί
2418 1426 2467 1478 εἰ
2500 1422 2608 1495 γάρ
2640 1425 2668 1476 6
2693 1421 2853 1485 αὐτός
2892 1422 3036 1474 ἐστιν
3082 1413 3352 1492 ἑκατέρων
3379 1420 3409 1471 6
3438 1434 3676 1492 συγγρα-

2115 1519 2267 1588 φεὺς,
2296 1518 2477 1589 ὅμοιον
2503 1515 2562 1580 ἐξ
2589 1516 2788 1586 ἀμφοῖν
2816 1512 3006 1581 ἀνάγει
3032 1511 3123 1565 τὸν
3163 1511 3304 1565 νοῦν.
3322 1509 3457 1563 Ἀλλ’
3487 1510 3672 1583 ὥσπερ

2116 1606 2347 1661 ἐνταῦθα
2374 1607 2438 1659 τὸ
2466 1605 2571 1659 τῶν
2601 1601 2993 1673 εἱδωλολατρῷν
3037 1601 3205 1672 ὄνομα
3237 1600 3526 1672 προτάξας,
3558 1601 3677 1672 ἐδή-

2117 1701 2254 1753 λωσε
2298 1698 2438 1753 κατά
2482 1696 2708 1761 ἔννοιαν,
2737 1696 2818 1748 ὅτι
2842 1693 2949 1766 χρὴ
2973 1694 3100 1766 περὶ
3126 1693 3326 1746 τούτων
3358 1686 3676 1763 ὑπολαμϐά-

2118 1808 2227 1844 νειν
2259 1790 2334 1854 ὡς
2354 1790 2462 1844 εἰσὶ
2492 1785 2932 1857 ψευδοπροφῆται
2963 1783 3267 1854 λειπόμενοι
3298 1780 3674 1853 προγνώσεως

456 1887 753 1960 crilegique
813 1889 1054 1945 vaticinii
1108 1888 1462 1954 facinoribus,
1514 1905 1611 1960 per
1676 1889 2014 1945 reticentiam

2139 1883 2262 1937 ti'nw
2307 1884 2465 1937 κάκεῖ
2505 1881 2772 1952 πρόσωπα
2796 1873 3202 1949 δαιμονιζόμενα
3250 1872 3542 1945 προτάξας,
3585 1874 3679 1927 καὶ

457 1974 591 2046 quid
623 1977 693 2032 de
718 1980 1026 2035 amentibus
1056 1979 1165 2036 illis
1191 1979 1485 2051 prudentes
1521 1977 1726 2035 sentire
1758 1978 2017 2035 deberent

459 2066 850 2124 manifestavit.

532 2146 623 2214 ῘΧ.
656 2157 798 2218 Sane
842 2162 888 2217 si
933 2158 1123 2219 Vellem
1176 2169 1360 2218 rerum
1403 2159 1660 2219 similium
1710 2160 2020 2217 testimonia

462 2248 676 2317 adierre,
706 2247 923 2310 deficiet
970 2254 1205 2312 fortasse
1242 2261 1459 2324 tempus
1496 2252 1803 2309 dicentibus
1837 2271 1851 2307 :
1885 2251 2021 2309 satis

464 2354 591 2402 vero
611 2344 737 2423 erit,
770 2345 819 2403 si
842 2344 1073 2402 alterum
1097 2338 1257 2419 huius
1286 2346 1364 2403 rei
1392 2347 1701 2419 exemplum
1732 2338 2019 2402 adducam.

465 2432 526 2491 In
554 2434 727 2493 Exodi
775 2443 909 2510 ergo
953 2434 1185 2495 historia
1221 2439 1453 2496 habetttr
1477 2433 1545 2504 ",
1577 2427 1747 2509 Moysi
1792 2432 2024 2493 Aaroni-

466 2528 574 2593 q'u'e
602 2522 886 2581 Dominum
910 2528 1086 2598 ipsum
1108 2529 1433 2599 praecepisse
1459 2537 1519 2584 ut
1543 2537 1665 2583 ante
1685 2527 2024 2584 Pharaonem

467 2614 525 2668 in
553 2620 752 2682 terram
781 2616 1032 2671 baculum
1056 2617 1375 2688 dejicerent,
1396 2616 1489 2688 qui
1506 2625 1828 2672 commutata
1852 2616 2025 2671 forma

469 2706 529 2761 in
577 2718 770 2765 eorum
808 2712 1106 2779 c0nspectu
1155 2708 1401 2781 prodigio
1451 2708 1697 2765 horribili
1741 2707 2026 2780 Egyptios

469 2798 790 2856 deterreret.
820 2800 976 2867 Quod
1002 2800 1094 2856 ubi
1128 2802 1363 2856 maxima
1388 2801 1632 2856 omnium
1672 2800 2028 2856 admiratione

472 2890 677 2947 factum
703 2901 870 2959 esset,
903 2894 1158 2964 princeps
1205 2895 1323 2948 sine
1357 2893 1590 2949 consilio
1625 2892 1859 2947 amentia
1879 2892 2029 2948 dein.

471 2990 569 3037 sus
599 2983 811 3038 vocavit
840 2999 945 3038 una
971 2982 1135 3039 simul
1161 2993 1351 3039 Omnes
1384 2992 1438 3039 et
1461 2983 1735 3054 sapientes
1758 2990 1813 3039 et
1839 2984 2028 3038 inean-

475 3076 678 3133 tatores
702 3073 920 3149 Egypti
947 3097 960 3132 :
992 3071 1061 3131 Et
1092 3077 1323 3147 fecerunt
1350 3078 1515 3130 etiam
1547 3068 1904 3129 incantatam:
1926 3074 2031 3129 ίΕ-

469 3170 789 3239 g‘yptt‘orum',
814 3166 971 3235 dixit,
999 3177 1088 3238 per
1124 3159 1506 3223 incantationes
1543 3167 1821 3231 similiter;
1861 3166 2032 3236 proje-

474 3269 753 3334 c’eruntque
790 3263 983 3333 singuli
1019 3265 1192 3333 virgas
1220 3268 1367 3327 suas,
1401 3270 1452 3317 et
1491 3261 1647 3331 facta
1681 3269 1803 3316 sunt
1839 3259 2030 3315 draco-

476 3369 606 3410 nes:
633 3365 683 3410 et
710 3354 974 3410 devorarit
1015 3356 1233 3410 baculus
1262 3354 1490 3410 Aaronis
1525 3355 1697 3425 vifga‘s
1728 3353 1943 3409 illofum
1964 3354 2033 3408 ὀ.

474 3443 732 3504 Refertur
764 3457 1022 3519 praeterea
1042 3448 1087 3481 ’ί
1113 3444 1493 3520 Εεγρῑίοτιιιη
1550 3445 1917 3502 incantatores
1959 3446 2036 3501 si—

478 3540 681 3595 militer
708 3543 1027 3609 sanguinem
1068 3550 1124 3597 et
1169 3556 1332 3597 ranas
1380 3540 1577 3598 fecisse
1596 3539 1664 3596 ".
1693 3536 1828 3596 Cum
1873 3540 2041 3612 igitur

480 3635 721 3692 narratio
761 3650 936 3706 neque
990 3635 1079 3692 hic
1130 3637 1469 3709 singulorum
1513 3645 1670 3692 actus
1709 3634 2039 3702 subdividat,

483 3726 581 3782 sed
601 3727 851 3784 similiter
877 3729 1248 3787 incantatores
1287 3728 1483 3786 fecisse
1523 3727 1786 3796 fateatur;
1822 3727 1945 3785 ideo
1976 3743 2045 3784 ne

491 3808 634 3875 ilices
655 3836 775 3891 quae
802 3836 835 3875 a
857 3821 1030 3893 magis
1057 3821 1306 3879 confecta
1339 3829 1490 3886 sunt,
1523 3820 1632 3877 illis
1659 3834 1780 3890 quas
1805 3834 1837 3873 a
1862 3818 2047 3891 Moyse

484 3902 685 3968 siniiiia
720 3912 879 3969 esse?
902 3913 1275 3985 Nequaquam,
1313 3914 1459 3970 dicet
1485 3906 1629 3984 quis,
1664 3926 1787 3967 cum
1817 3925 1918 3967 nec
1963 3909 2047 3967 ias

487 4005 561 4059 sit
591 4003 771 4059 dicere
805 4004 1022 4062 curiosa
1056 4006 1243 4063 istbaec
1265 4016 1319 4062 et
1346 4005 1725 4077 superstitiosa
1759 4021 1790 4059 a
1812 4002 1921 4059 Deo
1966 4002 2053 4060 fa-

487 4090 594 4182 ctis
619 4089 783 4151 rebus
811 4094 1123 4154 assimilari.
1152 4094 1500 4169 Quaecunque
1536 4097 1748 4170 Moyses
1789 4110 2053 4168 exseque-

490 4186 673 4251 batur,
704 4188 987 4244 veritatem
1035 4204 1145 4260 prae
1198 4206 1257 4246 se
1295 4187 1540 4247 ferebant
1568 4209 1582 4244 :
1608 4197 1665 4245 at
1715 4205 1836 4261 quae
1866 4189 2055 4244 incan-

491 4285 704 4336 tatores
750 4280 1137 4347 ordiebantur,
1196 4281 1581 4353 imaginatione
1631 4290 1841 4339 tantum
1879 4283 2056 4339 visum

495 4364 795 4440 fallebant;
827 4373 1026 4442 quippe
1055 4385 1238 4426 rerum
1269 4371 1640 4428 imbecillitate
1675 4372 1811 4430 satis
1843 4370 2058 4427 abunde

498 4462 843 4519 mendacium
894 4452 1233 4517 eludebatur.
1286 4456 1758 4533 Quandoquidem,
1813 4476 1919 4532 qua
1973 4476 2059 4517 ras

2058 3215 2101 3273 C

2125 1976 2378 2050 μαντείας
2398 1972 2652 2044 ἀθεμίτου
2677 1971 2943 2043 δράματα,
2962 1964 3111 2022 κατά
3134 1965 3507 2037 ἀποσιώπησιν
3537 1967 3678 2038 ἐμή-

2122 2083 2245 2123 νυσε
2256 2066 2309 2119 τί
2321 2066 2427 2119 δέοι
2442 2061 2688 2136 περὶτῶν
2704 2061 2976 2133 ἐκφρόνων
2995 2058 3234 2125 δοξάζειν
3243 2056 3367 2119 τοὺς
3383 2055 3676 2128 ἔμφρονας.
3710 2076 3731 2099 ι

2194 2163 2286 2215 ιχ.
2333 2157 2491 2213 Ἀλλὰ
2518 2159 2586 2213 τὰ
2616 2155 2840 2210 τοιαῦτα
2875 2152 2972 2225 μὲν
2996 2154 3044 2205 εἰ
3068 2149 3436 2222 παραφέροιμι
3476 2146 3681 2220 μαρτύι

2128 2270 2236 2324 ρια,
2282 2251 2421 2321 τάχα
2464 2249 2594 2313 ίσως
2623 2248 2652 2302 6
2678 2247 2870 2320 χρόνος
2905 2244 3050 2316 ἡμᾶς
3097 2240 3355 2311 ὲπιλείψοι
3387 2239 3638 2308 λέγοντας
3659 2250 3674 2269 δ

2125 2344 2288 2414 ἄλλην
2332 2343 2389 2395 δέ
2424 2341 2550 2413 μίαν
2595 2338 3031 2412 παραδείγματος
3055 2335 3235 2389 εἰκόνα
3261 2331 3475 2404 προθεὶς
3515 2331 3681 2402 ἀρκει

2130 2434 2415 2506 σθήσομαι.
2448 2431 2746 2503 Τοιγαροῦν
2795 2431 2855 2484 ἐν
2895 2426 2971 2499 τῷ
3010 2427 3110 2499 τῆς
3148 2424 3355 2490 Ἐξόδου
3384 2422 3683 2493 κατασεση-

2132 2536 2330 2598 μαντάι
2374 2526 2678 2596 γράμματι,
2714 2520 2829 2587 πῶς
2878 2520 3166 2574 ἐπέταττεν
3208 2518 3318 2580 τοῖς
3368 2513 3511 2585 ἀμφὶ
3554 2513 3687 2568 Μω-

2132 2618 2227 2671 σέα
2250 2614 2342 2671 καί
2378 2614 2584 2686 Ἀαρὼν
2613 2612 2772 2677 αὐτὸς
2804 2615 2832 2666 6
2869 2610 3071 2680 Κύριος
3111 2609 3191 2671 εἰς
3221 2606 3412 2675 ἔδαφος
3450 2601 3689 2673 ἐκρίψειν

2131 2709 2227 2780 τὴν
2264 2706 2454 2780 ῥάϐδον
2475 2706 2696 2776 ἀντικρὺ
2721 2700 2936 2774 Φαραὼ,
2967 2701 3053 2754 ἵνα
3082 2700 3160 2763 εἰς
3185 2697 3303 2768 δψιν
3328 2695 3605 2767 ἀμείψασα
3629 2691 3693 2746 τὸ

2134 2801 2317 2872 σχῆμα
2344 2800 2552 2872 σημείῳ
2582 2797 2900 2868 καταπλήξῃ
2944 2792 3156 2867 φοῦερῷ
3194 2793 3318 2856 τοὺς
3344 2787 3691 2860 Αἰγυπτίους.

2144 2894 2233 2956 Ὠς
2260 2892 2315 2945 δὲ
2342 2891 2496 2945 τοῦτο
2516 2891 2723 2959 ἐγίνετο
2736 2886 3066 2960 παραδόξως,
3088 2885 3116 2937 6
3142 2884 3407 2954 δυνάστης
3426 2881 3580 2953 ἀνοίᾳ
3601 2896 3696 2951 φε-

2135 2983 2481 3057 νακιζόμενος
2520 2982 2752 3054 ἀϐούλῳ,
2800 2978 3195 3034 συνεκαλέσατο
3241 2976 3338 3048 μὲν
3365 2976 3528 3048 ὁμόσε
3569 2976 3694 3040 τοὺς

2139 3076 2398 3147 σοφιστὰς
2437 3076 2530 3129 καὶ
2578 3077 2704 3139 τοὺς
2741 3073 3062 3146 φαρμακοὺς
3113 3068 3419 3140 Αἰγύπτουο
3464 3068 3694 3135 Ἐποίη-

2138 3186 2259 3225 oar
2292 3168 2360 3222 δὲ
2399 3170 2497 3223 καὶ
2530 3170 2583 3222 οἱ
2606 3165 2867 3221 ὲπαοιδοὶ
2892 3163 3010 3218 τῶν
3035 3162 3384 3232 Αἰγυπτίων,
3417 3159 3542 3230 ἔφη,
3566 3157 3692 3224 ταῖς

2134 3262 2518 3334 φαρμακείαις
2564 3258 2761 3315 αὐτῶν
2803 3258 3102 3324 ὡσαύτως,
3144 3255 3241 3309 καὶ
3279 3251 3521 3325 ἔρριψεν
3555 3249 3694 3303 ἕκαέ

2135 3370 2279 3420 στος
2304 3352 2418 3421 τὴν
2445 3344 2658 3406 ἑαυτοῦ
2677 3348 2919 3418 ῥάϐδον,
2943 3349 3038 3403 καὶ
3058 3344 3328 3418 ἐγένοντο
3349 3342 3688 3411 δράκοντες·

2136 3446 2238 3501 καὶ
2262 3444 2538 3500 κατέπιεν
2582 3446 2621 3512 ἠ
2652 3443 2871 3513 ῥάϐδος
2909 3440 3120 3510 Ἀαρὼν
3144 3439 3249 3506 τὰς
3286 3436 3535 3491 ἐκείνων
3547 3431 3692 3501 ῥάϐ-

2137 3539 2427 3606 δους.Ἔτι
2451 3555 2512 3607 γε
2543 3535 2646 3608 μὴν
2673 3534 3070 3605 ἀναφερόμενόν
3097 3530 3349 3596 ἐστιν,ὡς
3377 3527 3581 3598 αῖματα
3602 3524 3700 3578 καὶ

2142 3629 2440 3702 βατράχους
2485 3628 2744 3698 ἐποίησαν
2789 3624 3025 3679 ἐπαοιδοὶ
3051 3622 3158 3677 τῶν
3182 3621 3486 3690 Αἰγυπτίων
3521 3616 3702 3670 ὡσαύ-

2140 3736 2266 3783 τως.
2284 3718 2435 3771 Ἐπεί
2458 3712 2549 3770 οὖν
2575 3718 2608 3786 ὴ
2638 3711 3004 3786 διηγηματικὴ
3034 3712 3167 3783 μηδέ
3192 3711 3349 3782 δεῦρο
3377 3708 3572 3778 διαιρεῖ
3592 3724 3706 3776 φωι

2143 3809 2209 3880 νὴ
2234 3807 2332 3870 τὰς
2355 3806 2626 3877 ἑκατέρων
2659 3802 2859 3870 τάξεις,
2883 3799 3141 3864 ὡσαύτως
3164 3798 3221 3852 δὲ
3249 3796 3344 3852 καὶ
3371 3796 3496 3860 τοὺς
3524 3796 3711 3848 ἐπαοι-

2144 3899 2267 3963 δοὺς
2311 3898 2489 3965 ἐξεῖπε
2532 3893 2905 3965 πεποιηκέναι,
2940 3890 3090 3964 παρά
3122 3885 3279 3942 τοῦτο
3319 3887 3481 3958 φαίης
3512 3885 3598 3949 ἂν,
3627 3884 3710 3938 ὅτι

2146 3992 2215 4047 τὰ
2249 3991 2549 4065 δεδραμένα
2586 3991 2701 4053 τοῖς
2747 3987 3053 4060 φαρμακοῖς
3083 3986 3243 4057 ὅμοια
3278 3984 3392 4045 τοῖς
3430 3978 3517 4033 διὰ
3542 3979 3712 4032 Mm!»

2152 4085 2287 4149 σέως
2310 4083 2617 4155 γενομένοις
2647 4079 2826 4145 ἐστίν;
2859 4077 3153 4150 Οὺμενοῢν,
3185 4075 3327 4129 εἴποι
3378 4088 3462 4135 τις
3486 4069 3574 4136 ἂν,
3596 4067 3722 4125 ἀλλ’

2151 4177 2269 4231 οὐδὲ
2301 4176 2515 4246 θεμιτὸν
2545 4174 2612 4228 ἂν
2644 4172 2729 4244 είη
2756 4169 3040 4240 λέγειν,›ὡς
3064 4165 3396 4238 ἐξομοιοῦται
3419 4164 3486 4218 τά
3505 4162 3701 4235 περίερ

2152 4284 2225 4338 γα
2256 4269 2348 4321 καὶ
2372 4266 2545 4338 γοὼδη
2571 4267 2681 4328 τοῖς
2708 4261 2974 4336 οὐρανίοις
3002 4257 3588 4331 ἀπομιμήμασιν.Ὄσα
3618 4252 3717 4325 μέν

2155 4369 2219 4428 γε
2240 4357 2326 4412 διὰ
2345 4358 2586 4420 Μωσέως
2611 4355 2929 4427 ἐπράττετο,
2956 4351 3053 4424 τὴν
3079 4350 3331 4422 ἀλήθειαν
3358 4351 3423 4401 ἐκ
3449 4347 3558 4400 τῶν
3582 4345 3721 4416 δρωα

2162 4449 2335 4521 μένων
2365 4446 2672 4518 ἐξέφαινεν·
2704 4445 2803 4498 ὅσα
2829 4443 2873 4496 δ’
2904 4438 2997 4496 οὖν
3015 4441 3103 4495 διὰ
3134 4439 3241 4493 τῶν
3267 4435 3528 4490 ὲπαοιδῶν
3560 4435 3720 4488 ἐκατ-

497 4557 647 4613 tione
669 4573 778 4613 una
809 4556 959 4627 virga
987 4555 1276 4624 derepente
1298 4569 1487 4610 omnes
1516 4555 1638 4611 illas
1664 4556 1717 4611 et
1743 4555 1944 4611 multas
1964 4553 2039 4610 de

2160 4540 2338 4605 τύετο,
2374 4539 2434 4592 τὸ
2459 4539 2634 4593 δοκεῖν
2667 4535 2933 4608 ἐφάνταζε
2964 4534 3062 4598 τὰς
3086 4533 3267 4603 ὄψειςέ
3313 4527 3573 4598 αὐτοτελῆ
3610 4525 3723 4627 γὰρ

501 4650 749 4705 voravit?
775 4647 962 4719 Neque
998 4647 1082 4704 fas
1112 4654 1196 4704 est
1241 4646 1426 4701 animo
1455 4646 1743 4717 concipere
1789 4646 2061 4715 quomodo

501 4741 580 4797 illi
617 4756 683 4796 ex
707 4741 873 4797 rebus
909 4739 1223 4796 inanimatis
1257 4747 1480 4810 possent
1511 4739 1691 4793 facere
1720 4751 1829 4792 uno
1860 4737 2063 4807 impetu

504 4840 566 4887 ut
596 4838 782 4888 essent
806 4831 1075 4887 animatae.
1110 4829 1265 4886 Tunc
1286 4830 1430 4885 enim
1464 4821 1621 4885 nobis
1651 4833 1834 4884 essent
1868 4827 2064 4884 fortas-

508 4939 570 4980 se
601 4923 861 4994 potiores,
889 4923 981 4994 qui
1014 4922 1173 4994 lignis
1203 4919 1467 4977 emortuis
1495 4920 1731 4974 animam
1755 4919 1940 4975 indere
1964 4918 2064 4974 ha-

510 5017 701 5074 berent
756 5006 811 5069 in
855 5014 1131 5071 facultate.
1198 5013 1309 5068 Nec
1353 5011 1567 5083 Moyses
1613 5011 1732 5082 ipse
1784 5010 2064 5082 quidpiam

510 5108 657 5183 quod
687 5116 835 5165 esset
880 5106 1240 5162 admiratione
1288 5105 1513 5178 dignum
1548 5104 1858 5177 praestabat,
1881 5104 1925 5158 si
1961 5103 2072 5157 illis

509 5201 710 5261 similia
738 5198 1102 5270 perpetrabat.
1125 5194 1304 5261 Quare
1341 5211 1556 5266 aequum
1586 5201 1671 5249 est
1714 5192 1828 5249 haec
1868 5189 2074 5246 nullius

510 5308 637 5350 esse
669 5290 928 5346 momenti
963 5287 1251 5342 ostendere
1299 5283 1472 5356 ipsius
1525 5282 1819 5356 Scriptura:
1868 5276 2074 5337 verbis.
2110 5324 2114 5328 .

509 5375 646 5442 Nam
674 5384 722 5441 si
753 5384 919 5449 Deus,
944 5387 1005 5436 ut
1030 5379 1407 5451 Egyptiorum
1454 5371 1683 5447 injurias
1732 5375 2077 5447 propulsaret

512 5494 718 5551 eosque
750 5476 991 5549 puniret,
1033 5486 1225 5530 omnes
1258 5478 1520 5542 aquarum
1543 5468 1740 5524 fluctus
1772 5476 1833 5522 ut
1856 5467 1912 5522 in
1945 5482 2077 5522 san-

516 5574 734 5644 guinem
760 5572 1228 5628 commutarentur
1259 5557 1592 5635 imperabat;
1639 5562 1688 5617 si
1728 5559 1935 5616 similes
1962 5558 2078 5630 pla-

516 5672 614 5734 gas
676 5661 1028 5733 accipientes,
1086 5656 1285 5712 ductus
1340 5667 1605 5724 aquarum
1646 5652 1704 5706 in
1761 5649 2081 5721 sanguinem

476 5869 488 5893 ,ι
596 5835 844 5900 ηετοιι.
880 5839 1085 5909 vu,10.
1165 5833 1370 5893 "ibid.
1413 5833 1503 5901 ιι,
1580 5831 1667 5889 ιε.
1745 5831 1789 5864 υ
1840 5828 1971 5888 ibid.
1997 5827 2108 5904 es.

2164 4633 2382 4703 ἔλεγχον
2425 4634 2488 4685 ἐκ
2532 4631 2631 4702 τῆς
2661 4629 2916 4703 ἀδρανίας
2942 4626 3237 4697 ἐπεφέρετο
3268 4622 3330 4676 τὸ
3355 4620 3566 4692 ψεῦδος
3599 4616 3725 4671 ἐπεὶ

2166 4724 2284 4788 πῶς
2307 4726 2341 4793 ἡ
2374 4723 2471 4794 μία
2496 4721 2720 4776 κατέπιε
2750 4719 2943 4792 ῥάϐδος
2969 4720 3118 4787 ἄφνω
3138 4716 3233 4778 τὰς
3256 4712 3453 4774 πολλὰς
3480 4708 3728 4794 ἐκείνας;’

2169 4812 2304 4867 Ούδέ
2333 4793 2397 4880 γε
2413 4811 2568 4882 θέμις
2592 4811 2738 4863 ἐστὶν
2767 4809 2985 4871 ἐννοεῖν,
3015 4805 3091 4868 ὼς
3107 4804 3171 4856 ἐκ
3200 4800 3309 4854 τῶν
3337 4797 3558 4868 ἀψύχων
3585 4793 3731 4846 ἐκεόνί

2164 4922 2250 4976 μοι
2298 4902 2521 4974 ῥάϐδους
2567 4900 2839 4973 ἐμψύχους
2884 4898 3146 4969 ἠδύναντο
3176 4891 3452 4948 ἀποτελεῖν
3487 4885 3729 4976 ἀθρόωςο

2171 4974 2423 5066 ἀμείνους
2462 4993 2570 5064 γὰρ
2598 4991 2663 5045 ἂν
2688 4987 2827 5061 ἦσαν
2856 4989 2985 5050 ἴσως
3012 4985 3165 5057 ἡμῶν
3198 4985 3248 5036 οἰ
3273 4980 3343 5034 τὰ
3377 4977 3545 5050 νεκρὰ
3572 4974 3706 5066 δυνά

2177 5064 2326 5159 μενοι
2351 5083 2600 5155 ψυχῶσαι
2631 5081 2791 5148 ξύλαο
2843 5078 2981 5149 τάχα
3012 5077 3069 5129 δέ
3101 5073 3222 5128 οὐδὲ
3254 5069 3459 5138 Μωσῆς
3498 5064 3737 5159 παράδοέ

2174 5155 2264 5241 ξον
2305 5172 2567 5245 ἔπραττεν
2610 5169 2677 5223 ἂν
2722 5168 2893 5231 οὐδὲν,
2922 5168 2968 5218 εἰ
3018 5163 3086 5218 τὰ
3129 5158 3481 5233 παραπλήσια
3525 5155 3734 5245 τούτοις

2175 5243 2476 5337 εἰργάζετο.
2504 5260 2695 5315 Καίτοι
2723 5259 2840 5321 πῶς
2868 5257 2927 5309 οὐ
2953 5255 3156 5309 δίκαιον
3177 5250 3380 5322 ἀδρανῆ
3409 5247 3617 5318 φαίνειν
3640 5243 3736 5297 αὑ·-

2180 5336 2249 5409 τά
2278 5355 2346 5407 δι’
2378 5351 2542 5408 αὐτοῦ
2578 5350 2673 5405 τοῦ
2692 5346 2966 5420 Γραφικοῦ
3000 5345 3346 5417 μηνύματοςς
3380 5340 3443 5394 Εἰ
3465 5337 3573 5407 γὰρ
3597 5336 3737 5406 ἀμυ-

2182 5450 2402 5520 νόμενος
2423 5447 2547 5507 τοὺς
2566 5442 2892 5512 Αἰγυπτίους
2932 5441 2962 5492 ό
2993 5437 3145 5502 Θεὸς,
3175 5436 3385 5490 ἅπαντα
3423 5433 3518 5502 μὲν
3547 5432 3738 5482 ἐπεκεα

2182 5542 2366 5597 λεύετο
2407 5537 2478 5592 τά
2521 5537 2708 5610 ῥεῖθρα
2744 5535 2852 5589 τῶν
2898 5533 3103 5588 ὑδάτων
3130 5531 3210 5593 εἰς
3245 5523 3383 5599 αἷμα
3418 5523 3742 5598 μεταϐάλλε-

2187 5643 2309 5698 σθαι
2330 5639 2595 5713 τιμωρίας
2612 5638 2788 5710 χάριν·
2816 5639 2863 5692 εἰ
2879 5635 3024 5709 ([.οἱ)
3038 5632 3095 5688 δὲ
3110 5627 3383 5691 τοιαύταις
3411 5622 3745 5696 αἰκιζόμενοι

2186 5827 2230 5860 ²²
2290 5823 2461 5882 Exod.
2513 5835 2630 5890 vm,
2684 5818 2735 5874 7.
