  <div class='ocr_page' id='page_1' title='image "/cluster/home/n/w/nwhite01/storage/ocr_20150623/18/mdp.39015008168943/326.png"; bbox 0 0 4090 6288; ppageno 0'>
   <div class='ocr_carea' id='block_1_1' title="bbox 360 396 466 454">
    <p class='ocr_par' dir='ltr' id='par_1_1' title="bbox 360 396 466 454">
     <span class='ocr_line' id='line_1_1' title="bbox 360 396 466 454; baseline 0.009 -1"><span class='ocrx_word' id='word_1_1' title='bbox 360 396 466 454; x_wconf 68' lang='lat'><strong>629</strong></span> 
     </span>
    </p>
   </div>
   <div class='ocr_carea' id='block_1_2' title="bbox 1235 392 2662 472">
    <p class='ocr_par' dir='ltr' id='par_1_2' title="bbox 1235 392 2662 472">
     <span class='ocr_line' id='line_1_2' title="bbox 1235 392 2662 472; baseline -0.001 -21"><span class='ocrx_word' id='word_1_2' title='bbox 1235 397 1322 452; x_wconf 88' lang='lat' dir='ltr'><strong>DE</strong></span> <span class='ocrx_word' id='word_1_3' title='bbox 1350 395 1935 453; x_wconf 76' lang='lat' dir='ltr'><strong>ENGASTRIMYTIIO</strong></span> <span class='ocrx_word' id='word_1_4' title='bbox 1971 394 2250 454; x_wconf 77' lang='lat' dir='ltr'><strong>CONTRA</strong></span> <span class='ocrx_word' id='word_1_5' title='bbox 2288 392 2662 472; x_wconf 78' lang='lat' dir='ltr'><strong>OBlGENEM.</strong></span> 
     </span>
    </p>
   </div>
   <div class='ocr_carea' id='block_1_3' title="bbox 3470 383 3574 442">
    <p class='ocr_par' dir='ltr' id='par_1_3' title="bbox 3470 383 3574 442">
     <span class='ocr_line' id='line_1_3' title="bbox 3470 383 3574 442; baseline -0.019 0"><span class='ocrx_word' id='word_1_6' title='bbox 3470 383 3574 442; x_wconf 75' lang='lat'><strong>650</strong></span> 
     </span>
    </p>
   </div>
   <div class='ocr_carea' id='block_1_4' title="bbox 360 503 1936 586">
    <p class='ocr_par' dir='ltr' id='par_1_4' title="bbox 360 513 1917 586">
     <span class='ocr_line' id='line_1_4' title="bbox 360 513 1917 586; baseline 0.001 -19"><span class='ocrx_word' id='word_1_7' title='bbox 360 514 596 584; x_wconf 77' lang='grc' dir='ltr'>πληγαῖς·</span> <span class='ocrx_word' id='word_1_8' title='bbox 632 513 711 576; x_wconf 83' lang='grc' dir='ltr'><strong>είς</strong></span> <span class='ocrx_word' id='word_1_9' title='bbox 759 514 981 585; x_wconf 72' lang='grc' dir='ltr'>αἵματος</span> <span class='ocrx_word' id='word_1_10' title='bbox 1025 513 1166 568; x_wconf 78' lang='grc' dir='ltr'>ἰδέαν</span> <span class='ocrx_word' id='word_1_11' title='bbox 1213 514 1495 586; x_wconf 82' lang='grc' dir='ltr'>ἀμείϐουσι</span> <span class='ocrx_word' id='word_1_12' title='bbox 1541 516 1665 579; x_wconf 79' lang='grc' dir='ltr'>τοὺς</span> <span class='ocrx_word' id='word_1_13' title='bbox 1703 514 1917 585; x_wconf 79' lang='grc' dir='ltr'>ὀχετοὺς</span> 
     </span>
    </p>
   </div>
   <div class='ocr_carea' id='block_1_5' title="bbox 2035 503 3579 586">
    <p class='ocr_par' dir='ltr' id='par_1_5' title="bbox 2035 503 3579 570">
     <span class='ocr_line' id='line_1_5' title="bbox 2035 503 3579 570; baseline -0.008 0"><span class='ocrx_word' id='word_1_14' title='bbox 2035 521 2236 570; x_wconf 70' lang='lat' dir='ltr'><strong>vertunt</strong></span> <span class='ocrx_word' id='word_1_15' title='bbox 2280 528 2342 569; x_wconf 89' lang='lat' dir='ltr'><strong>ea</strong></span> <span class='ocrx_word' id='word_1_16' title='bbox 2380 527 2509 566; x_wconf 89' lang='lat' dir='ltr'><strong>cura</strong></span> <span class='ocrx_word' id='word_1_17' title='bbox 2541 518 2594 566; x_wconf 90' lang='lat' dir='ltr'><strong>et</strong></span> <span class='ocrx_word' id='word_1_18' title='bbox 2641 507 2822 563; x_wconf 88' lang='lat' dir='ltr'><strong>studio</strong></span> <span class='ocrx_word' id='word_1_19' title='bbox 2876 516 2936 562; x_wconf 91' lang='lat' dir='ltr'><strong>ut</strong></span> <span class='ocrx_word' id='word_1_20' title='bbox 2995 503 3355 561; x_wconf 72' lang='lat' dir='ltr'><strong>calamitatem</strong></span> <span class='ocrx_word' id='word_1_21' title='bbox 3408 504 3579 558; x_wconf 78' lang='lat' dir='ltr'><strong>adau-&#39;</strong></span> 
     </span>
    </p>
   </div>
   <div class='ocr_carea' id='block_1_6' title="bbox 359 605 1923 678">
    <p class='ocr_par' dir='ltr' id='par_1_6' title="bbox 359 605 1923 678">
     <span class='ocr_line' id='line_1_6' title="bbox 359 605 1923 678; baseline 0.001 -19"><span class='ocrx_word' id='word_1_22' title='bbox 359 605 639 671; x_wconf 77' lang='grc' dir='ltr'>ὡσαύτως,</span> <span class='ocrx_word' id='word_1_23' title='bbox 660 605 843 672; x_wconf 78' lang='grc' dir='ltr'>αὔξειν</span> <span class='ocrx_word' id='word_1_24' title='bbox 865 607 1280 678; x_wconf 82' lang='grc' dir='ltr'>ὲπιτεχνὼμενοι</span> <span class='ocrx_word' id='word_1_25' title='bbox 1304 609 1362 661; x_wconf 83' lang='grc' dir='ltr'><strong>τὸ</strong></span> <span class='ocrx_word' id='word_1_26' title='bbox 1385 608 1571 672; x_wconf 83' lang='grc' dir='ltr'><strong>πάθος,</strong></span> <span class='ocrx_word' id='word_1_27' title='bbox 1599 609 1756 662; x_wconf 72' lang='grc' dir='ltr'>ἕνεκα</span> <span class='ocrx_word' id='word_1_28' title='bbox 1782 609 1923 672; x_wconf 84' lang='grc' dir='ltr'>τίνος</span> 
     </span>
    </p>
   </div>
   <div class='ocr_carea' id='block_1_7' title="bbox 360 698 1924 776">
    <p class='ocr_par' dir='ltr' id='par_1_7' title="bbox 360 698 1924 776">
     <span class='ocr_line' id='line_1_7' title="bbox 360 698 1924 776; baseline 0.003 -23"><span class='ocrx_word' id='word_1_29' title='bbox 360 698 566 763; x_wconf 81' lang='grc' dir='ltr'>ἀξιοῦσι</span> <span class='ocrx_word' id='word_1_30' title='bbox 585 700 678 752; x_wconf 73' lang='grc' dir='ltr'><strong>καὶ</strong></span> <span class='ocrx_word' id='word_1_31' title='bbox 705 699 932 766; x_wconf 87' lang='grc' dir='ltr'>δέονται,</span> <span class='ocrx_word' id='word_1_32' title='bbox 953 701 1256 770; x_wconf 76' lang='grc' dir='ltr'><strong>πιεζόμενοι</strong></span> <span class='ocrx_word' id='word_1_33' title='bbox 1275 704 1338 772; x_wconf 79' lang='grc' dir='ltr'>τῇ</span> <span class='ocrx_word' id='word_1_34' title='bbox 1363 701 1508 774; x_wconf 73' lang='grc' dir='ltr'>δίψῃ,</span> <span class='ocrx_word' id='word_1_35' title='bbox 1531 703 1924 776; x_wconf 84' lang='grc' dir='ltr'>καθαρισθῆναι</span> 
     </span>
    </p>
   </div>
   <div class='ocr_carea' id='block_1_8' title="bbox 360 788 1921 865">
    <p class='ocr_par' dir='ltr' id='par_1_8' title="bbox 360 788 1921 865">
     <span class='ocr_line' id='line_1_8' title="bbox 360 788 1921 865; baseline 0.004 -23"><span class='ocrx_word' id='word_1_36' title='bbox 360 789 428 842; x_wconf 79' lang='grc' dir='ltr'>τὰ</span> <span class='ocrx_word' id='word_1_37' title='bbox 446 788 584 842; x_wconf 89' lang='grc' dir='ltr'><strong>κατά</strong></span> <span class='ocrx_word' id='word_1_38' title='bbox 607 792 783 843; x_wconf 75' lang='grc' dir='ltr'>πᾶσαν</span> <span class='ocrx_word' id='word_1_39' title='bbox 799 790 1068 859; x_wconf 75' lang='grc' dir='ltr'>Αἴγυπτον</span> <span class='ocrx_word' id='word_1_40' title='bbox 1085 791 1250 845; x_wconf 77' lang='grc' dir='ltr'>ὕδατα</span> <span class='ocrx_word' id='word_1_41' title='bbox 1266 792 1363 861; x_wconf 80' lang='grc' dir='ltr'><strong>τῆς</strong></span> <span class='ocrx_word' id='word_1_42' title='bbox 1380 793 1676 865; x_wconf 84' lang='grc' dir='ltr'>αἱμοφόρου</span> <span class='ocrx_word' id='word_1_43' title='bbox 1697 795 1892 865; x_wconf 83' lang='grc' dir='ltr'>μίξεως</span> <span class='ocrx_word' id='word_1_44' title='bbox 1907 813 1921 862; x_wconf 92' lang='lat'><strong>;</strong></span> 
     </span>
    </p>
   </div>
   <div class='ocr_carea' id='block_1_9' title="bbox 361 877 1925 954">
    <p class='ocr_par' dir='ltr' id='par_1_9' title="bbox 361 877 1925 954">
     <span class='ocr_line' id='line_1_9' title="bbox 361 877 1925 954; baseline 0.003 -21"><span class='ocrx_word' id='word_1_45' title='bbox 361 882 425 934; x_wconf 86' lang='grc' dir='ltr'>Εί</span> <span class='ocrx_word' id='word_1_46' title='bbox 475 881 536 950; x_wconf 64' lang='grc' dir='ltr'><strong>(Γ.</strong></span> <span class='ocrx_word' id='word_1_47' title='bbox 565 882 636 948; x_wconf 74' lang='grc' dir='ltr'><strong>οἳ)</strong></span> <span class='ocrx_word' id='word_1_48' title='bbox 679 877 742 934; x_wconf 81' lang='grc' dir='ltr'><strong>αὖ</strong></span> <span class='ocrx_word' id='word_1_49' title='bbox 787 882 946 935; x_wconf 90' lang='grc' dir='ltr'>πάλιν</span> <span class='ocrx_word' id='word_1_50' title='bbox 974 882 1391 953; x_wconf 79' lang='grc' dir='ltr'>ἀπειροπληθεὶς</span> <span class='ocrx_word' id='word_1_51' title='bbox 1419 882 1569 952; x_wconf 82' lang='grc' dir='ltr'>ἄφνω</span> <span class='ocrx_word' id='word_1_52' title='bbox 1605 884 1925 954; x_wconf 85' lang='grc' dir='ltr'>θεασάμενοι</span> 
     </span>
    </p>
   </div>
   <div class='ocr_carea' id='block_1_10' title="bbox 367 970 1926 1044">
    <p class='ocr_par' dir='ltr' id='par_1_10' title="bbox 367 970 1926 1044">
     <span class='ocr_line' id='line_1_10' title="bbox 367 970 1926 1044; baseline 0.002 -20"><span class='ocrx_word' id='word_1_53' title='bbox 367 970 686 1043; x_wconf 78' lang='grc' dir='ltr'><strong>βατράχους,</strong></span> <span class='ocrx_word' id='word_1_54' title='bbox 717 973 769 1024; x_wconf 84' lang='grc' dir='ltr'><strong>τί</strong></span> <span class='ocrx_word' id='word_1_55' title='bbox 802 973 998 1042; x_wconf 83' lang='grc' dir='ltr'>δήποτε</span> <span class='ocrx_word' id='word_1_56' title='bbox 1026 972 1444 1043; x_wconf 88' lang='grc' dir='ltr'>παραιτούμενοι</span> <span class='ocrx_word' id='word_1_57' title='bbox 1472 974 1594 1036; x_wconf 79' lang='grc' dir='ltr'>τοὺς</span> <span class='ocrx_word' id='word_1_58' title='bbox 1618 972 1804 1044; x_wconf 76' lang='grc' dir='ltr'>ὄχλους</span> <span class='ocrx_word' id='word_1_59' title='bbox 1830 976 1926 1029; x_wconf 86' lang='grc' dir='ltr'>αὐ-</span> 
     </span>
    </p>
   </div>
   <div class='ocr_carea' id='block_1_11' title="bbox 366 1059 1927 1139">
    <p class='ocr_par' dir='ltr' id='par_1_11' title="bbox 366 1059 1927 1139">
     <span class='ocr_line' id='line_1_11' title="bbox 366 1059 1927 1139; baseline 0.003 -23"><span class='ocrx_word' id='word_1_60' title='bbox 366 1062 492 1128; x_wconf 84' lang='grc' dir='ltr'>τῶν,</span> <span class='ocrx_word' id='word_1_61' title='bbox 530 1059 687 1126; x_wconf 78' lang='grc' dir='ltr'>αὖθις</span> <span class='ocrx_word' id='word_1_62' title='bbox 730 1063 985 1117; x_wconf 78' lang='grc' dir='ltr'>ἔπλαττον</span> <span class='ocrx_word' id='word_1_63' title='bbox 1009 1064 1217 1129; x_wconf 82' lang='grc' dir='ltr'>ἀλλους,</span> <span class='ocrx_word' id='word_1_64' title='bbox 1253 1065 1301 1116; x_wconf 81' lang='grc' dir='ltr'><strong>εί</strong></span> <span class='ocrx_word' id='word_1_65' title='bbox 1331 1064 1404 1137; x_wconf 80' lang='grc' dir='ltr'>μὴ</span> <span class='ocrx_word' id='word_1_66' title='bbox 1448 1066 1554 1118; x_wconf 83' lang='grc' dir='ltr'><strong>τῶν</strong></span> <span class='ocrx_word' id='word_1_67' title='bbox 1587 1066 1683 1136; x_wconf 83' lang='grc' dir='ltr'><strong>μὲν</strong></span> <span class='ocrx_word' id='word_1_68' title='bbox 1717 1069 1774 1121; x_wconf 85' lang='grc' dir='ltr'><strong>ἐν</strong></span> <span class='ocrx_word' id='word_1_69' title='bbox 1800 1069 1927 1139; x_wconf 81' lang='grc' dir='ltr'>σκιᾷ</span> 
     </span>
    </p>
   </div>
   <div class='ocr_carea' id='block_1_12' title="bbox 366 1155 1922 1234">
    <p class='ocr_par' dir='ltr' id='par_1_12' title="bbox 366 1155 1922 1234">
     <span class='ocr_line' id='line_1_12' title="bbox 366 1155 1922 1234; baseline 0.004 -26"><span class='ocrx_word' id='word_1_70' title='bbox 366 1155 460 1208; x_wconf 75' lang='grc' dir='ltr'><strong>καὶ</strong></span> <span class='ocrx_word' id='word_1_71' title='bbox 507 1157 807 1224; x_wconf 81' lang='grc' dir='ltr'>φαντασίας</span> <span class='ocrx_word' id='word_1_72' title='bbox 858 1159 983 1210; x_wconf 79' lang='grc' dir='ltr'>εἴδει</span> <span class='ocrx_word' id='word_1_73' title='bbox 1036 1158 1370 1228; x_wconf 83' lang='grc' dir='ltr'>φαινομένων</span> <span class='ocrx_word' id='word_1_74' title='bbox 1394 1161 1493 1213; x_wconf 88' lang='grc' dir='ltr'><strong>ούκ</strong></span> <span class='ocrx_word' id='word_1_75' title='bbox 1523 1161 1922 1234; x_wconf 79' lang='grc' dir='ltr'>ἐπεφρόντιζον,</span> 
     </span>
    </p>
   </div>
   <div class='ocr_carea' id='block_1_13' title="bbox 368 1246 1930 1324">
    <p class='ocr_par' dir='ltr' id='par_1_13' title="bbox 368 1246 1930 1324">
     <span class='ocr_line' id='line_1_13' title="bbox 368 1246 1930 1324; baseline 0.004 -25"><span class='ocrx_word' id='word_1_76' title='bbox 368 1247 470 1300; x_wconf 79' lang='grc' dir='ltr'><strong>ὑπὸ</strong></span> <span class='ocrx_word' id='word_1_77' title='bbox 496 1246 552 1300; x_wconf 77' lang='grc' dir='ltr'>δὲ</span> <span class='ocrx_word' id='word_1_78' title='bbox 583 1248 688 1300; x_wconf 83' lang='grc' dir='ltr'>τῶν</span> <span class='ocrx_word' id='word_1_79' title='bbox 725 1249 895 1302; x_wconf 82' lang='grc' dir='ltr'>ἄλλων</span> <span class='ocrx_word' id='word_1_80' title='bbox 924 1249 1067 1320; x_wconf 80' lang='grc' dir='ltr'>ἔργῳ</span> <span class='ocrx_word' id='word_1_81' title='bbox 1090 1249 1448 1321; x_wconf 82' lang='grc' dir='ltr'>δεικνυμένων</span> <span class='ocrx_word' id='word_1_82' title='bbox 1475 1253 1805 1324; x_wconf 82' lang='grc' dir='ltr'>ἐλυμήναντο</span> <span class='ocrx_word' id='word_1_83' title='bbox 1831 1255 1930 1308; x_wconf 89' lang='grc' dir='ltr'>δει-</span> 
     </span>
    </p>
   </div>
   <div class='ocr_carea' id='block_1_14' title="bbox 365 1339 1926 1419">
    <p class='ocr_par' dir='ltr' id='par_1_14' title="bbox 365 1339 1926 1419">
     <span class='ocr_line' id='line_1_14' title="bbox 365 1339 1926 1419; baseline 0.005 -28"><span class='ocrx_word' id='word_1_84' title='bbox 365 1339 472 1403; x_wconf 83' lang='grc' dir='ltr'><strong>νῶς</strong></span> <span class='ocrx_word' id='word_1_85' title='bbox 495 1355 508 1405; x_wconf 90' lang='grc'>;</span> <span class='ocrx_word' id='word_1_86' title='bbox 535 1340 720 1404; x_wconf 77' lang='grc' dir='ltr'>υύδεὶς</span> <span class='ocrx_word' id='word_1_87' title='bbox 750 1341 856 1412; x_wconf 87' lang='grc' dir='ltr'><strong>γάρ</strong></span> <span class='ocrx_word' id='word_1_88' title='bbox 885 1339 1130 1395; x_wconf 77' lang='grc' dir='ltr'>ἀνέλοιτο</span> <span class='ocrx_word' id='word_1_89' title='bbox 1148 1341 1222 1412; x_wconf 84' lang='grc' dir='ltr'>τῷ</span> <span class='ocrx_word' id='word_1_90' title='bbox 1253 1343 1493 1415; x_wconf 80' lang='grc' dir='ltr'>πολεμίῳ</span> <span class='ocrx_word' id='word_1_91' title='bbox 1523 1345 1711 1417; x_wconf 78' lang='grc' dir='ltr'>πλήθει</span> <span class='ocrx_word' id='word_1_92' title='bbox 1743 1345 1926 1419; x_wconf 72' lang='grc' dir='ltr'>ἕτερον</span> 
     </span>
    </p>
   </div>
   <div class='ocr_carea' id='block_1_15' title="bbox 367 1432 1928 1506">
    <p class='ocr_par' dir='ltr' id='par_1_15' title="bbox 367 1432 1928 1506">
     <span class='ocr_line' id='line_1_15' title="bbox 367 1432 1928 1506; baseline 0.006 -22"><span class='ocrx_word' id='word_1_93' title='bbox 367 1432 707 1504; x_wconf 78' lang='grc' dir='ltr'>προσ-τιθέναι</span> <span class='ocrx_word' id='word_1_94' title='bbox 732 1433 930 1505; x_wconf 81' lang='grc' dir='ltr'>πλῆθος</span> <span class='ocrx_word' id='word_1_95' title='bbox 948 1434 1330 1506; x_wconf 80' lang='grc' dir='ltr'>ἀναρίθμητον,</span> <span class='ocrx_word' id='word_1_96' title='bbox 1361 1437 1480 1490; x_wconf 77' lang='grc' dir='ltr'>ἀντὶ</span> <span class='ocrx_word' id='word_1_97' title='bbox 1500 1437 1593 1491; x_wconf 82' lang='grc' dir='ltr'>τοῦ</span> <span class='ocrx_word' id='word_1_98' title='bbox 1619 1439 1928 1503; x_wconf 83' lang='grc' dir='ltr'>νεολέκτους</span> 
     </span>
    </p>
   </div>
   <div class='ocr_carea' id='block_1_16' title="bbox 369 1524 1930 1600">
    <p class='ocr_par' dir='ltr' id='par_1_16' title="bbox 369 1524 1930 1600">
     <span class='ocr_line' id='line_1_16' title="bbox 369 1524 1930 1600; baseline 0.005 -24"><span class='ocrx_word' id='word_1_99' title='bbox 369 1524 738 1595; x_wconf 85' lang='grc' dir='ltr'>στρατολογεῖν</span> <span class='ocrx_word' id='word_1_100' title='bbox 763 1527 841 1588; x_wconf 87' lang='grc' dir='ltr'>εἰς</span> <span class='ocrx_word' id='word_1_101' title='bbox 874 1525 1182 1597; x_wconf 79' lang='grc' dir='ltr'>συμμαχίαν</span> <span class='ocrx_word' id='word_1_102' title='bbox 1215 1525 1557 1600; x_wconf 74' lang='grc' dir='ltr'>δορυφόρους*</span> <span class='ocrx_word' id='word_1_103' title='bbox 1578 1531 1696 1584; x_wconf 81' lang='grc' dir='ltr'>οὐδὲ</span> <span class='ocrx_word' id='word_1_104' title='bbox 1719 1533 1930 1600; x_wconf 76' lang='grc' dir='ltr'>ἐπεγεῖ-</span> 
     </span>
    </p>
   </div>
   <div class='ocr_carea' id='block_1_17' title="bbox 371 1615 1928 1691">
    <p class='ocr_par' dir='ltr' id='par_1_17' title="bbox 371 1615 1928 1691">
     <span class='ocr_line' id='line_1_17' title="bbox 371 1615 1928 1691; baseline 0.003 -23"><span class='ocrx_word' id='word_1_105' title='bbox 371 1633 460 1686; x_wconf 86' lang='grc' dir='ltr'><strong>ραι</strong></span> <span class='ocrx_word' id='word_1_106' title='bbox 491 1615 704 1686; x_wconf 82' lang='grc' dir='ltr'>πυρετῷ</span> <span class='ocrx_word' id='word_1_107' title='bbox 732 1616 983 1686; x_wconf 87' lang='grc' dir='ltr'>πυρετὸν,</span> <span class='ocrx_word' id='word_1_108' title='bbox 1003 1616 1380 1687; x_wconf 80' lang='grc' dir='ltr'>ἀπαλλαγῆναι·</span> <span class='ocrx_word' id='word_1_109' title='bbox 1402 1617 1491 1671; x_wconf 79' lang='grc' dir='ltr'>τοῦ</span> <span class='ocrx_word' id='word_1_110' title='bbox 1511 1616 1724 1690; x_wconf 83' lang='grc' dir='ltr'>πρώτου</span> <span class='ocrx_word' id='word_1_111' title='bbox 1749 1621 1928 1691; x_wconf 75' lang='grc' dir='ltr'>γλιχόο</span> 
     </span>
    </p>
   </div>
   <div class='ocr_carea' id='block_1_18' title="bbox 371 1707 1935 1781">
    <p class='ocr_par' dir='ltr' id='par_1_18' title="bbox 371 1707 1935 1781">
     <span class='ocr_line' id='line_1_18' title="bbox 371 1707 1935 1781; baseline 0.003 -23"><span class='ocrx_word' id='word_1_112' title='bbox 371 1724 550 1776; x_wconf 89' lang='grc' dir='ltr'>μενος,</span> <span class='ocrx_word' id='word_1_113' title='bbox 586 1707 704 1760; x_wconf 80' lang='grc' dir='ltr'>οὐδὲ</span> <span class='ocrx_word' id='word_1_114' title='bbox 730 1707 950 1777; x_wconf 82' lang='grc' dir='ltr'>πληγῶν</span> <span class='ocrx_word' id='word_1_115' title='bbox 977 1709 1260 1780; x_wconf 78' lang='grc' dir='ltr'>ἀφορήτων</span> <span class='ocrx_word' id='word_1_116' title='bbox 1286 1709 1375 1780; x_wconf 84' lang='grc' dir='ltr'><strong>βίᾳ</strong></span> <span class='ocrx_word' id='word_1_117' title='bbox 1403 1709 1813 1781; x_wconf 77' lang='grc' dir='ltr'>μαστιξόμενος,</span> <span class='ocrx_word' id='word_1_118' title='bbox 1841 1710 1935 1768; x_wconf 70' lang='grc' dir='ltr'><strong>ἄλ-</strong></span> 
     </span>
    </p>
   </div>
   <div class='ocr_carea' id='block_1_19' title="bbox 367 1794 1931 1872">
    <p class='ocr_par' dir='ltr' id='par_1_19' title="bbox 367 1794 1931 1872">
     <span class='ocr_line' id='line_1_19' title="bbox 367 1794 1931 1872; baseline 0.006 -26"><span class='ocrx_word' id='word_1_119' title='bbox 367 1794 464 1858; x_wconf 88' lang='grc' dir='ltr'><strong>λας</strong></span> <span class='ocrx_word' id='word_1_120' title='bbox 496 1795 670 1866; x_wconf 78' lang='grc' dir='ltr'>ἐαυτῷ</span> <span class='ocrx_word' id='word_1_121' title='bbox 709 1799 1096 1871; x_wconf 82' lang='grc' dir='ltr'>προσεπιφέρει</span> <span class='ocrx_word' id='word_1_122' title='bbox 1148 1798 1377 1870; x_wconf 84' lang='grc' dir='ltr'>πληγὰς,</span> <span class='ocrx_word' id='word_1_123' title='bbox 1429 1801 1682 1872; x_wconf 79' lang='grc' dir='ltr'>ἀνεθῆναι</span> <span class='ocrx_word' id='word_1_124' title='bbox 1727 1802 1931 1856; x_wconf 88' lang='grc' dir='ltr'>τούτων</span> 
     </span>
    </p>
   </div>
   <div class='ocr_carea' id='block_1_20' title="bbox 2025 592 3576 677">
    <p class='ocr_par' dir='ltr' id='par_1_20' title="bbox 2025 592 3576 677">
     <span class='ocr_line' id='line_1_20' title="bbox 2025 592 3576 677; baseline -0.01 -16"><span class='ocrx_word' id='word_1_125' title='bbox 2025 612 2205 677; x_wconf 86' lang='lat' dir='ltr'><strong>geant,</strong></span> <span class='ocrx_word' id='word_1_126' title='bbox 2261 617 2492 674; x_wconf 90' lang='lat' dir='ltr'><strong>quanam</strong></span> <span class='ocrx_word' id='word_1_127' title='bbox 2541 601 2609 656; x_wconf 91' lang='lat' dir='ltr'><strong>de</strong></span> <span class='ocrx_word' id='word_1_128' title='bbox 2663 614 2828 655; x_wconf 86' lang='lat' dir='ltr'><strong>causa</strong></span> <span class='ocrx_word' id='word_1_129' title='bbox 2887 596 3160 668; x_wconf 84' lang='lat' dir='ltr'><strong>supplices</strong></span> <span class='ocrx_word' id='word_1_130' title='bbox 3215 601 3444 650; x_wconf 80' lang='lat' dir='ltr'><strong>exorant</strong></span> <span class='ocrx_word' id='word_1_131' title='bbox 3487 592 3576 648; x_wconf 86' lang='lat' dir='ltr'><strong>siti</strong></span> 
     </span>
    </p>
   </div>
   <div class='ocr_carea' id='block_1_21' title="bbox 2024 685 3578 771">
    <p class='ocr_par' dir='ltr' id='par_1_21' title="bbox 2024 685 3578 771">
     <span class='ocr_line' id='line_1_21' title="bbox 2024 685 3578 771; baseline -0.01 -18"><span class='ocrx_word' id='word_1_132' title='bbox 2024 697 2201 771; x_wconf 84' lang='lat' dir='ltr'><strong>pressi</strong></span> <span class='ocrx_word' id='word_1_133' title='bbox 2256 711 2349 766; x_wconf 92' lang='lat' dir='ltr'><strong>per</strong></span> <span class='ocrx_word' id='word_1_134' title='bbox 2420 694 2729 749; x_wconf 84' lang='lat' dir='ltr'><strong>universam</strong></span> <span class='ocrx_word' id='word_1_135' title='bbox 2783 688 3073 760; x_wconf 62' lang='lat' dir='ltr'><strong>Egyptum</strong></span> <span class='ocrx_word' id='word_1_136' title='bbox 3135 685 3578 758; x_wconf 87' lang='lat' dir='ltr'><strong>sanguinolentas</strong></span> 
     </span>
    </p>
   </div>
   <div class='ocr_carea' id='block_1_22' title="bbox 2025 776 3578 860">
    <p class='ocr_par' dir='ltr' id='par_1_22' title="bbox 2025 776 3578 860">
     <span class='ocr_line' id='line_1_22' title="bbox 2025 776 3578 860; baseline -0.01 -16"><span class='ocrx_word' id='word_1_137' title='bbox 2025 803 2194 860; x_wconf 83' lang='lat' dir='ltr'><strong>aquas</strong></span> <span class='ocrx_word' id='word_1_138' title='bbox 2225 784 2548 856; x_wconf 77' lang='lat' dir='ltr'><strong>expurgari?</strong></span> <span class='ocrx_word' id='word_1_139' title='bbox 2575 782 2673 837; x_wconf 84' lang='lat' dir='ltr'><strong>Vel</strong></span> <span class='ocrx_word' id='word_1_140' title='bbox 2721 796 2934 836; x_wconf 85' lang='lat' dir='ltr'><strong>rursum</strong></span> <span class='ocrx_word' id='word_1_141' title='bbox 2992 779 3218 834; x_wconf 82' lang='lat' dir='ltr'><strong>infinitis</strong></span> <span class='ocrx_word' id='word_1_142' title='bbox 3261 793 3327 832; x_wconf 82' lang='lat' dir='ltr'><strong>ex</strong></span> <span class='ocrx_word' id='word_1_143' title='bbox 3376 776 3578 845; x_wconf 58' lang='lat' dir='ltr'><strong>improo</strong></span> 
     </span>
    </p>
   </div>
   <div class='ocr_carea' id='block_1_23' title="bbox 2023 867 3582 947">
    <p class='ocr_par' dir='ltr' id='par_1_23' title="bbox 2023 867 3582 947">
     <span class='ocr_line' id='line_1_23' title="bbox 2023 867 3582 947; baseline -0.01 -11"><span class='ocrx_word' id='word_1_144' title='bbox 2023 883 2141 937; x_wconf 86' lang='lat' dir='ltr'><strong>viso</strong></span> <span class='ocrx_word' id='word_1_145' title='bbox 2178 879 2329 934; x_wconf 87' lang='lat' dir='ltr'><strong>ranis</strong></span> <span class='ocrx_word' id='word_1_146' title='bbox 2372 876 2700 947; x_wconf 83' lang='lat' dir='ltr'><strong>conspectis,</strong></span> <span class='ocrx_word' id='word_1_147' title='bbox 2740 872 2955 943; x_wconf 88' lang='lat' dir='ltr'><strong>utquid,</strong></span> <span class='ocrx_word' id='word_1_148' title='bbox 2985 887 3109 926; x_wconf 90' lang='lat' dir='ltr'><strong>cum</strong></span> <span class='ocrx_word' id='word_1_149' title='bbox 3143 871 3360 925; x_wconf 88' lang='lat' dir='ltr'><strong>illarum</strong></span> <span class='ocrx_word' id='word_1_150' title='bbox 3397 867 3582 922; x_wconf 89' lang='lat' dir='ltr'><strong>multi-</strong></span> 
     </span>
    </p>
   </div>
   <div class='ocr_carea' id='block_1_24' title="bbox 2027 959 3579 1033">
    <p class='ocr_par' dir='ltr' id='par_1_24' title="bbox 2027 959 3579 1033">
     <span class='ocr_line' id='line_1_24' title="bbox 2027 959 3579 1033; baseline -0.011 -5"><span class='ocrx_word' id='word_1_151' title='bbox 2027 973 2212 1028; x_wconf 86' lang='lat' dir='ltr'><strong>tudine</strong></span> <span class='ocrx_word' id='word_1_152' title='bbox 2239 971 2673 1031; x_wconf 89' lang='lat' dir='ltr'><strong>molestarentur,</strong></span> <span class='ocrx_word' id='word_1_153' title='bbox 2724 965 2858 1021; x_wconf 88' lang='lat' dir='ltr'><strong>alias</strong></span> <span class='ocrx_word' id='word_1_154' title='bbox 2903 963 3264 1033; x_wconf 85' lang='lat' dir='ltr'><strong>effingebant;</strong></span> <span class='ocrx_word' id='word_1_155' title='bbox 3300 961 3406 1015; x_wconf 89' lang='lat' dir='ltr'><strong>nisi</strong></span> <span class='ocrx_word' id='word_1_156' title='bbox 3434 959 3579 1030; x_wconf 85' lang='lat' dir='ltr'><strong>quod</strong></span> 
     </span>
    </p>
   </div>
   <div class='ocr_carea' id='block_1_25' title="bbox 2025 1052 3582 1133">
    <p class='ocr_par' dir='ltr' id='par_1_25' title="bbox 2025 1052 3582 1133">
     <span class='ocr_line' id='line_1_25' title="bbox 2025 1052 3582 1133; baseline -0.011 -12"><span class='ocrx_word' id='word_1_157' title='bbox 2025 1065 2092 1121; x_wconf 91' lang='lat' dir='ltr'><strong>de</strong></span> <span class='ocrx_word' id='word_1_158' title='bbox 2125 1065 2232 1119; x_wconf 87' lang='lat' dir='ltr'><strong>illis</strong></span> <span class='ocrx_word' id='word_1_159' title='bbox 2263 1077 2382 1133; x_wconf 63' lang='lat' dir='ltr'><strong>quae</strong></span> <span class='ocrx_word' id='word_1_160' title='bbox 2407 1062 2460 1116; x_wconf 88' lang='lat' dir='ltr'><strong>in</strong></span> <span class='ocrx_word' id='word_1_161' title='bbox 2489 1061 2681 1114; x_wconf 87' lang='lat' dir='ltr'><strong>umbra</strong></span> <span class='ocrx_word' id='word_1_162' title='bbox 2718 1066 2771 1114; x_wconf 89' lang='lat' dir='ltr'><strong>et</strong></span> <span class='ocrx_word' id='word_1_163' title='bbox 2813 1056 3012 1127; x_wconf 89' lang='lat' dir='ltr'><strong>spectri</strong></span> <span class='ocrx_word' id='word_1_164' title='bbox 3042 1061 3250 1109; x_wconf 88' lang='lat' dir='ltr'><strong>tantum</strong></span> <span class='ocrx_word' id='word_1_165' title='bbox 3285 1052 3458 1107; x_wconf 89' lang='lat' dir='ltr'><strong>forma</strong></span> <span class='ocrx_word' id='word_1_166' title='bbox 3485 1067 3582 1121; x_wconf 88' lang='lat' dir='ltr'><strong>ap-</strong></span> 
     </span>
    </p>
   </div>
   <div class='ocr_carea' id='block_1_26' title="bbox 2025 1142 3582 1227">
    <p class='ocr_par' dir='ltr' id='par_1_26' title="bbox 2025 1142 3582 1227">
     <span class='ocr_line' id='line_1_26' title="bbox 2025 1142 3582 1227; baseline -0.01 -16"><span class='ocrx_word' id='word_1_167' title='bbox 2025 1155 2287 1227; x_wconf 86' lang='lat' dir='ltr'><strong>parebant</strong></span> <span class='ocrx_word' id='word_1_168' title='bbox 2310 1168 2420 1208; x_wconf 88' lang='lat' dir='ltr'><strong>non</strong></span> <span class='ocrx_word' id='word_1_169' title='bbox 2443 1151 2728 1214; x_wconf 86' lang='lat' dir='ltr'><strong>curabant,</strong></span> <span class='ocrx_word' id='word_1_170' title='bbox 2757 1165 2943 1205; x_wconf 88' lang='lat' dir='ltr'><strong>verum</strong></span> <span class='ocrx_word' id='word_1_171' title='bbox 2984 1148 3055 1203; x_wconf 87' lang='lat' dir='ltr'><strong>ab</strong></span> <span class='ocrx_word' id='word_1_172' title='bbox 3093 1147 3214 1202; x_wconf 90' lang='lat' dir='ltr'><strong>aliis</strong></span> <span class='ocrx_word' id='word_1_173' title='bbox 3238 1159 3357 1215; x_wconf 72' lang='lat' dir='ltr'><strong>qua:</strong></span> <span class='ocrx_word' id='word_1_174' title='bbox 3377 1159 3438 1198; x_wconf 91' lang='lat' dir='ltr'><strong>re</strong></span> <span class='ocrx_word' id='word_1_175' title='bbox 3465 1142 3582 1212; x_wconf 88' lang='lat' dir='ltr'><strong>ipsa</strong></span> 
     </span>
    </p>
   </div>
   <div class='ocr_carea' id='block_1_27' title="bbox 2026 1235 3582 1309">
    <p class='ocr_par' dir='ltr' id='par_1_27' title="bbox 2026 1235 3582 1309">
     <span class='ocr_line' id='line_1_27' title="bbox 2026 1235 3582 1309; baseline -0.011 -3"><span class='ocrx_word' id='word_1_176' title='bbox 2026 1259 2180 1307; x_wconf 86' lang='lat' dir='ltr'><strong>erant</strong></span> <span class='ocrx_word' id='word_1_177' title='bbox 2215 1256 2270 1304; x_wconf 88' lang='lat' dir='ltr'><strong>et</strong></span> <span class='ocrx_word' id='word_1_178' title='bbox 2303 1246 2646 1309; x_wconf 86' lang='lat' dir='ltr'><strong>videbantur,</strong></span> <span class='ocrx_word' id='word_1_179' title='bbox 2673 1246 2868 1298; x_wconf 89' lang='lat' dir='ltr'><strong>mirum</strong></span> <span class='ocrx_word' id='word_1_180' title='bbox 2903 1244 2957 1298; x_wconf 92' lang='lat' dir='ltr'><strong>in</strong></span> <span class='ocrx_word' id='word_1_181' title='bbox 2987 1241 3204 1295; x_wconf 89' lang='lat' dir='ltr'><strong>modum</strong></span> <span class='ocrx_word' id='word_1_182' title='bbox 3244 1238 3357 1294; x_wconf 68' lang='grc' dir='ltr'>ιλιιςὶ</span> <span class='ocrx_word' id='word_1_183' title='bbox 3387 1235 3582 1307; x_wconf 82' lang='lat' dir='ltr'><strong>perde-</strong></span> 
     </span>
    </p>
   </div>
   <div class='ocr_carea' id='block_1_28' title="bbox 2026 1328 3581 1396">
    <p class='ocr_par' dir='ltr' id='par_1_28' title="bbox 2026 1328 3581 1396">
     <span class='ocr_line' id='line_1_28' title="bbox 2026 1328 3581 1396; baseline -0.01 -1"><span class='ocrx_word' id='word_1_184' title='bbox 2026 1339 2259 1396; x_wconf 87' lang='lat' dir='ltr'><strong>bantur?</strong></span> <span class='ocrx_word' id='word_1_185' title='bbox 2285 1336 2454 1393; x_wconf 86' lang='lat' dir='ltr'><strong>Nemo</strong></span> <span class='ocrx_word' id='word_1_186' title='bbox 2483 1337 2626 1392; x_wconf 87' lang='lat' dir='ltr'><strong>enim</strong></span> <span class='ocrx_word' id='word_1_187' title='bbox 2666 1334 2997 1389; x_wconf 84' lang='lat' dir='ltr'><strong>multitudini</strong></span> <span class='ocrx_word' id='word_1_188' title='bbox 3047 1331 3282 1386; x_wconf 89' lang='lat' dir='ltr'><strong>hostium</strong></span> <span class='ocrx_word' id='word_1_189' title='bbox 3332 1328 3581 1384; x_wconf 62' lang='lat' dir='ltr'><strong>multitua-</strong></span> 
     </span>
    </p>
   </div>
   <div class='ocr_carea' id='block_1_29' title="bbox 2027 1420 3590 1486">
    <p class='ocr_par' dir='ltr' id='par_1_29' title="bbox 2027 1420 3590 1486">
     <span class='ocr_line' id='line_1_29' title="bbox 2027 1420 3590 1486; baseline -0.01 -1"><span class='ocrx_word' id='word_1_190' title='bbox 2027 1431 2209 1486; x_wconf 83' lang='lat' dir='ltr'><strong>dinem</strong></span> <span class='ocrx_word' id='word_1_191' title='bbox 2253 1429 2412 1482; x_wconf 84' lang='lat' dir='ltr'><strong>aliam</strong></span> <span class='ocrx_word' id='word_1_192' title='bbox 2459 1427 2799 1481; x_wconf 83' lang='lat' dir='ltr'><strong>inimicorum</strong></span> <span class='ocrx_word' id='word_1_193' title='bbox 2858 1424 3196 1479; x_wconf 86' lang='lat' dir='ltr'><strong>innumeram</strong></span> <span class='ocrx_word' id='word_1_194' title='bbox 3241 1420 3412 1484; x_wconf 89' lang='lat' dir='ltr'><strong>addit,</strong></span> <span class='ocrx_word' id='word_1_195' title='bbox 3456 1433 3590 1472; x_wconf 73' lang='lat' dir='ltr'><strong>cum~</strong></span> 
     </span>
    </p>
   </div>
   <div class='ocr_carea' id='block_1_30' title="bbox 2027 1511 3586 1577">
    <p class='ocr_par' dir='ltr' id='par_1_30' title="bbox 2027 1511 3586 1577">
     <span class='ocr_line' id='line_1_30' title="bbox 2027 1511 3586 1577; baseline -0.009 -1"><span class='ocrx_word' id='word_1_196' title='bbox 2027 1536 2197 1577; x_wconf 88' lang='lat' dir='ltr'><strong>novos</strong></span> <span class='ocrx_word' id='word_1_197' title='bbox 2225 1521 2504 1574; x_wconf 90' lang='lat' dir='ltr'><strong>ministros</strong></span> <span class='ocrx_word' id='word_1_198' title='bbox 2525 1533 2588 1573; x_wconf 92' lang='lat' dir='ltr'><strong>ac</strong></span> <span class='ocrx_word' id='word_1_199' title='bbox 2610 1518 2867 1574; x_wconf 86' lang='lat' dir='ltr'><strong>satellites</strong></span> <span class='ocrx_word' id='word_1_200' title='bbox 2901 1515 2968 1570; x_wconf 91' lang='lat' dir='ltr'><strong>ad</strong></span> <span class='ocrx_word' id='word_1_201' title='bbox 3005 1515 3087 1570; x_wconf 90' lang='lat' dir='ltr'><strong>sui</strong></span> <span class='ocrx_word' id='word_1_202' title='bbox 3119 1513 3340 1566; x_wconf 88' lang='lat' dir='ltr'><strong>tutelam</strong></span> <span class='ocrx_word' id='word_1_203' title='bbox 3365 1511 3586 1567; x_wconf 86' lang='lat' dir='ltr'><strong>deberet</strong></span> 
     </span>
    </p>
   </div>
   <div class='ocr_carea' id='block_1_31' title="bbox 2029 1601 3583 1682">
    <p class='ocr_par' dir='ltr' id='par_1_31' title="bbox 2029 1601 3583 1682">
     <span class='ocr_line' id='line_1_31' title="bbox 2029 1601 3583 1682; baseline -0.01 -13"><span class='ocrx_word' id='word_1_204' title='bbox 2029 1615 2366 1681; x_wconf 81' lang='lat' dir='ltr'><strong>conducere;</strong></span> <span class='ocrx_word' id='word_1_205' title='bbox 2428 1627 2602 1682; x_wconf 90' lang='lat' dir='ltr'><strong>neque</strong></span> <span class='ocrx_word' id='word_1_206' title='bbox 2655 1610 2846 1665; x_wconf 79' lang='lat' dir='ltr'><strong>febrim</strong></span> <span class='ocrx_word' id='word_1_207' title='bbox 2913 1621 3022 1679; x_wconf 84' lang='lat' dir='ltr'><strong>qua</strong></span> <span class='ocrx_word' id='word_1_208' title='bbox 3072 1603 3293 1659; x_wconf 84' lang='lat' dir='ltr'><strong>liberari</strong></span> <span class='ocrx_word' id='word_1_209' title='bbox 3334 1609 3463 1656; x_wconf 83' lang='lat' dir='ltr'><strong>avet</strong></span> <span class='ocrx_word' id='word_1_210' title='bbox 3503 1601 3583 1655; x_wconf 83' lang='lat' dir='ltr'><strong>fe-</strong></span> 
     </span>
    </p>
   </div>
   <div class='ocr_carea' id='block_1_32' title="bbox 2028 1694 3587 1772">
    <p class='ocr_par' dir='ltr' id='par_1_32' title="bbox 2028 1694 3587 1772">
     <span class='ocr_line' id='line_1_32' title="bbox 2028 1694 3587 1772; baseline -0.01 -11"><span class='ocrx_word' id='word_1_211' title='bbox 2028 1706 2115 1761; x_wconf 87' lang='lat' dir='ltr'><strong>bri</strong></span> <span class='ocrx_word' id='word_1_212' title='bbox 2169 1707 2408 1761; x_wconf 77' lang='lat' dir='ltr'><strong>excitare</strong></span> <span class='ocrx_word' id='word_1_213' title='bbox 2465 1702 2698 1772; x_wconf 85' lang='lat' dir='ltr'><strong>majori;</strong></span> <span class='ocrx_word' id='word_1_214' title='bbox 2735 1715 2914 1771; x_wconf 90' lang='lat' dir='ltr'><strong>neque</strong></span> <span class='ocrx_word' id='word_1_215' title='bbox 2951 1698 3043 1768; x_wconf 91' lang='lat' dir='ltr'><strong>qui</strong></span> <span class='ocrx_word' id='word_1_216' title='bbox 3074 1695 3250 1768; x_wconf 82' lang='lat' dir='ltr'><strong>plagis</strong></span> <span class='ocrx_word' id='word_1_217' title='bbox 3291 1694 3587 1748; x_wconf 90' lang='lat' dir='ltr'><strong>intoleran-</strong></span> 
     </span>
    </p>
   </div>
   <div class='ocr_carea' id='block_1_33' title="bbox 2029 1784 3594 1866">
    <p class='ocr_par' dir='ltr' id='par_1_33' title="bbox 2029 1784 3594 1866">
     <span class='ocr_line' id='line_1_33' title="bbox 2029 1784 3594 1866; baseline -0.011 -14"><span class='ocrx_word' id='word_1_218' title='bbox 2029 1795 2115 1852; x_wconf 90' lang='lat' dir='ltr'><strong>dis</strong></span> <span class='ocrx_word' id='word_1_219' title='bbox 2147 1797 2198 1852; x_wconf 91' lang='lat' dir='ltr'><strong>vi</strong></span> <span class='ocrx_word' id='word_1_220' title='bbox 2229 1797 2453 1866; x_wconf 86' lang='lat' dir='ltr'><strong>petitur,</strong></span> <span class='ocrx_word' id='word_1_221' title='bbox 2499 1795 2603 1847; x_wconf 86' lang='lat' dir='ltr'><strong>alia</strong></span> <span class='ocrx_word' id='word_1_222' title='bbox 2636 1792 2854 1848; x_wconf 86' lang='lat' dir='ltr'><strong>sibimet</strong></span> <span class='ocrx_word' id='word_1_223' title='bbox 2886 1791 2990 1860; x_wconf 87' lang='lat' dir='ltr'><strong>ipsi</strong></span> <span class='ocrx_word' id='word_1_224' title='bbox 3033 1787 3246 1855; x_wconf 75' lang='lat' dir='ltr'><strong>inﬂigit,</strong></span> <span class='ocrx_word' id='word_1_225' title='bbox 3278 1784 3406 1838; x_wconf 90' lang='lat' dir='ltr'><strong>dum</strong></span> <span class='ocrx_word' id='word_1_226' title='bbox 3449 1797 3594 1854; x_wconf 91' lang='lat' dir='ltr'><strong>puro-</strong></span> 
     </span>
    </p>
   </div>
   <div class='ocr_carea' id='block_1_34' title="bbox 368 1876 1936 1964">
    <p class='ocr_par' dir='ltr' id='par_1_34' title="bbox 368 1887 1922 1964">
     <span class='ocr_line' id='line_1_34' title="bbox 368 1887 1922 1964; baseline 0.003 -25"><span class='ocrx_word' id='word_1_227' title='bbox 368 1887 549 1956; x_wconf 79' lang='grc' dir='ltr'>ἐφέσει</span> <span class='ocrx_word' id='word_1_228' title='bbox 576 1888 788 1960; x_wconf 78' lang='grc' dir='ltr'>καθαρᾷ</span> <span class='ocrx_word' id='word_1_229' title='bbox 809 1890 900 1942; x_wconf 79' lang='grc' dir='ltr'><strong>καὶ</strong></span> <span class='ocrx_word' id='word_1_230' title='bbox 922 1891 1184 1962; x_wconf 76' lang='grc' dir='ltr'>πρεσϐείᾳ</span> <span class='ocrx_word' id='word_1_231' title='bbox 1209 1892 1302 1945; x_wconf 71' lang='grc' dir='ltr'><strong>καϊ</strong></span> <span class='ocrx_word' id='word_1_232' title='bbox 1314 1892 1496 1964; x_wconf 81' lang='grc' dir='ltr'>δεήσει</span> <span class='ocrx_word' id='word_1_233' title='bbox 1521 1892 1922 1964; x_wconf 84' lang='grc' dir='ltr'>προσλιπαρῶν·</span> 
     </span>
    </p>
   </div>
   <div class='ocr_carea' id='block_1_35' title="bbox 2035 1876 3589 1964">
    <p class='ocr_par' dir='ltr' id='par_1_35' title="bbox 2035 1876 3589 1954">
     <span class='ocr_line' id='line_1_35' title="bbox 2035 1876 3589 1954; baseline -0.007 -11"><span class='ocrx_word' id='word_1_234' title='bbox 2035 1887 2208 1943; x_wconf 81' lang='lat' dir='ltr'><strong>cordis</strong></span> <span class='ocrx_word' id='word_1_235' title='bbox 2237 1885 2431 1941; x_wconf 72' lang='lat' dir='ltr'><strong>affectu</strong></span> <span class='ocrx_word' id='word_1_236' title='bbox 2459 1892 2513 1940; x_wconf 90' lang='lat' dir='ltr'><strong>et</strong></span> <span class='ocrx_word' id='word_1_237' title='bbox 2549 1884 2798 1954; x_wconf 86' lang='lat' dir='ltr'><strong>precibus</strong></span> <span class='ocrx_word' id='word_1_238' title='bbox 2833 1889 2887 1938; x_wconf 88' lang='lat' dir='ltr'><strong>et</strong></span> <span class='ocrx_word' id='word_1_239' title='bbox 2928 1881 3180 1935; x_wconf 84' lang='lat' dir='ltr'><strong>oratione</strong></span> <span class='ocrx_word' id='word_1_240' title='bbox 3223 1887 3341 1934; x_wconf 91' lang='lat' dir='ltr'><strong>orat</strong></span> <span class='ocrx_word' id='word_1_241' title='bbox 3368 1885 3428 1932; x_wconf 77' lang='lat' dir='ltr'><strong>ot</strong></span> <span class='ocrx_word' id='word_1_242' title='bbox 3455 1876 3589 1932; x_wconf 86' lang='lat' dir='ltr'><strong>libe-</strong></span> 
     </span>
    </p>
   </div>
   <div class='ocr_carea' id='block_1_36' title="bbox 368 1979 1930 2055">
    <p class='ocr_par' dir='ltr' id='par_1_36' title="bbox 368 1979 1930 2055">
     <span class='ocr_line' id='line_1_36' title="bbox 368 1979 1930 2055; baseline 0.005 -26"><span class='ocrx_word' id='word_1_243' title='bbox 368 1979 480 2032; x_wconf 87' lang='grc' dir='ltr'>ἀλλ’</span> <span class='ocrx_word' id='word_1_244' title='bbox 507 1979 623 2032; x_wconf 80' lang='grc' dir='ltr'>οὐδὲ</span> <span class='ocrx_word' id='word_1_245' title='bbox 653 1981 759 2033; x_wconf 81' lang='grc' dir='ltr'><strong>τῶν</strong></span> <span class='ocrx_word' id='word_1_246' title='bbox 810 1980 945 2034; x_wconf 79' lang='grc' dir='ltr'>οἴκοι</span> <span class='ocrx_word' id='word_1_247' title='bbox 975 1984 1390 2055; x_wconf 80' lang='grc' dir='ltr'>πιμπραμένων,</span> <span class='ocrx_word' id='word_1_248' title='bbox 1423 1984 1542 2038; x_wconf 83' lang='grc' dir='ltr'><strong>ἀντὶ</strong></span> <span class='ocrx_word' id='word_1_249' title='bbox 1575 1986 1667 2038; x_wconf 84' lang='grc' dir='ltr'>τοῦ</span> <span class='ocrx_word' id='word_1_250' title='bbox 1710 1984 1930 2055; x_wconf 76' lang='grc' dir='ltr'>σϐεστή-</span> 
     </span>
    </p>
   </div>
   <div class='ocr_carea' id='block_1_37' title="bbox 372 2070 1931 2146">
    <p class='ocr_par' dir='ltr' id='par_1_37' title="bbox 372 2070 1931 2146">
     <span class='ocr_line' id='line_1_37' title="bbox 372 2070 1931 2146; baseline 0.003 -22"><span class='ocrx_word' id='word_1_251' title='bbox 372 2087 460 2141; x_wconf 66' lang='grc' dir='ltr'><strong>ρια</strong></span> <span class='ocrx_word' id='word_1_252' title='bbox 483 2070 874 2141; x_wconf 66' lang='grc' dir='ltr'>καταψεκάζειν</span> <span class='ocrx_word' id='word_1_253' title='bbox 898 2073 1121 2144; x_wconf 76' lang='grc' dir='ltr'>ὄργανα,</span> <span class='ocrx_word' id='word_1_254' title='bbox 1148 2076 1450 2128; x_wconf 81' lang='grc' dir='ltr'>τούναντίον</span> <span class='ocrx_word' id='word_1_255' title='bbox 1481 2074 1656 2128; x_wconf 79' lang='grc' dir='ltr'>ἔλαιον</span> <span class='ocrx_word' id='word_1_256' title='bbox 1682 2076 1714 2146; x_wconf 80' lang='grc' dir='ltr'><strong>ἦ</strong></span> <span class='ocrx_word' id='word_1_257' title='bbox 1742 2076 1931 2128; x_wconf 81' lang='grc' dir='ltr'>πίτταν</span> 
     </span>
    </p>
   </div>
   <div class='ocr_carea' id='block_1_38' title="bbox 368 2162 1929 2237">
    <p class='ocr_par' dir='ltr' id='par_1_38' title="bbox 368 2162 1929 2237">
     <span class='ocr_line' id='line_1_38' title="bbox 368 2162 1929 2237; baseline 0.003 -23"><span class='ocrx_word' id='word_1_258' title='bbox 368 2165 620 2233; x_wconf 72' lang='grc' dir='ltr'>ἐπιχέων,</span> <span class='ocrx_word' id='word_1_259' title='bbox 672 2166 751 2227; x_wconf 67' lang='grc' dir='ltr'>εἰς</span> <span class='ocrx_word' id='word_1_260' title='bbox 798 2164 1030 2236; x_wconf 82' lang='grc' dir='ltr'>ἄμετρον</span> <span class='ocrx_word' id='word_1_261' title='bbox 1065 2162 1162 2235; x_wconf 72' lang='grc' dir='ltr'>μὲν</span> <span class='ocrx_word' id='word_1_262' title='bbox 1209 2165 1339 2236; x_wconf 65' lang='grc' dir='ltr'>ὕψος</span> <span class='ocrx_word' id='word_1_263' title='bbox 1379 2167 1577 2237; x_wconf 75' lang='grc' dir='ltr'>ἐγείρει</span> <span class='ocrx_word' id='word_1_264' title='bbox 1609 2165 1706 2236; x_wconf 77' lang='grc' dir='ltr'>τὴν</span> <span class='ocrx_word' id='word_1_265' title='bbox 1741 2166 1929 2235; x_wconf 82' lang='grc' dir='ltr'>φλόγα,</span> 
     </span>
    </p>
   </div>
   <div class='ocr_carea' id='block_1_39' title="bbox 369 2255 1933 2333">
    <p class='ocr_par' dir='ltr' id='par_1_39' title="bbox 369 2255 1933 2333">
     <span class='ocr_line' id='line_1_39' title="bbox 369 2255 1933 2333; baseline 0.004 -27"><span class='ocrx_word' id='word_1_266' title='bbox 369 2255 672 2327; x_wconf 78' lang='grc' dir='ltr'>φλεγομένη</span> <span class='ocrx_word' id='word_1_267' title='bbox 709 2256 763 2310; x_wconf 83' lang='grc' dir='ltr'>δὲ</span> <span class='ocrx_word' id='word_1_268' title='bbox 794 2258 974 2328; x_wconf 78' lang='grc' dir='ltr'>μεῖζον</span> <span class='ocrx_word' id='word_1_269' title='bbox 1013 2258 1073 2310; x_wconf 87' lang='grc' dir='ltr'>τὸ</span> <span class='ocrx_word' id='word_1_270' title='bbox 1100 2258 1266 2320; x_wconf 88' lang='grc' dir='ltr'>πάθος</span> <span class='ocrx_word' id='word_1_271' title='bbox 1303 2258 1475 2323; x_wconf 75' lang='grc' dir='ltr'>αὕξει,</span> <span class='ocrx_word' id='word_1_272' title='bbox 1507 2261 1600 2314; x_wconf 72' lang='grc' dir='ltr'><strong>καὶ</strong></span> <span class='ocrx_word' id='word_1_273' title='bbox 1638 2259 1748 2328; x_wconf 81' lang='grc' dir='ltr'>πῦρ</span> <span class='ocrx_word' id='word_1_274' title='bbox 1784 2261 1933 2333; x_wconf 84' lang='grc' dir='ltr'>ἄρδει</span> 
     </span>
    </p>
   </div>
   <div class='ocr_carea' id='block_1_40' title="bbox 367 2346 1934 2422">
    <p class='ocr_par' dir='ltr' id='par_1_40' title="bbox 367 2346 1934 2422">
     <span class='ocr_line' id='line_1_40' title="bbox 367 2346 1934 2422; baseline 0.006 -28"><span class='ocrx_word' id='word_1_275' title='bbox 367 2347 510 2400; x_wconf 57' lang='grc' dir='ltr'>κατὰ</span> <span class='ocrx_word' id='word_1_276' title='bbox 541 2347 711 2418; x_wconf 85' lang='grc' dir='ltr'>πυρὸς</span> <span class='ocrx_word' id='word_1_277' title='bbox 733 2347 1122 2419; x_wconf 80' lang='grc' dir='ltr'>ἀπειροκάλως.</span> <span class='ocrx_word' id='word_1_278' title='bbox 1152 2349 1336 2414; x_wconf 76' lang='grc' dir='ltr'>Οὕτως</span> <span class='ocrx_word' id='word_1_279' title='bbox 1357 2349 1482 2422; x_wconf 82' lang='grc' dir='ltr'>ἄρα,</span> <span class='ocrx_word' id='word_1_280' title='bbox 1507 2352 1572 2404; x_wconf 86' lang='grc' dir='ltr'>δι’</span> <span class='ocrx_word' id='word_1_281' title='bbox 1603 2346 1678 2406; x_wconf 83' lang='grc' dir='ltr'>ὧν</span> <span class='ocrx_word' id='word_1_282' title='bbox 1703 2352 1934 2420; x_wconf 83' lang='grc' dir='ltr'>ἐφιλοτι-</span> 
     </span>
    </p>
   </div>
   <div class='ocr_carea' id='block_1_41' title="bbox 380 2436 1933 2514">
    <p class='ocr_par' dir='ltr' id='par_1_41' title="bbox 380 2436 1933 2514">
     <span class='ocr_line' id='line_1_41' title="bbox 380 2436 1933 2514; baseline 0.005 -25"><span class='ocrx_word' id='word_1_283' title='bbox 380 2436 574 2508; x_wconf 75' lang='grc' dir='ltr'>μοῦντο</span> <span class='ocrx_word' id='word_1_284' title='bbox 606 2439 860 2509; x_wconf 90' lang='grc' dir='ltr'>πράττειν</span> <span class='ocrx_word' id='word_1_285' title='bbox 893 2441 941 2492; x_wconf 85' lang='grc' dir='ltr'><strong>οί</strong></span> <span class='ocrx_word' id='word_1_286' title='bbox 974 2442 1271 2512; x_wconf 75' lang='grc' dir='ltr'>φαρμακοὶ,</span> <span class='ocrx_word' id='word_1_287' title='bbox 1307 2441 1392 2495; x_wconf 87' lang='grc' dir='ltr'>διὰ</span> <span class='ocrx_word' id='word_1_288' title='bbox 1441 2443 1644 2496; x_wconf 86' lang='grc' dir='ltr'>τούτων</span> <span class='ocrx_word' id='word_1_289' title='bbox 1689 2447 1933 2514; x_wconf 80' lang='grc' dir='ltr'>ἐναργεῖς</span> 
     </span>
    </p>
   </div>
   <div class='ocr_carea' id='block_1_42' title="bbox 373 2529 1935 2606">
    <p class='ocr_par' dir='ltr' id='par_1_42' title="bbox 373 2529 1935 2606">
     <span class='ocr_line' id='line_1_42' title="bbox 373 2529 1935 2606; baseline 0.004 -24"><span class='ocrx_word' id='word_1_290' title='bbox 373 2529 626 2602; x_wconf 77' lang='grc' dir='ltr'>ἐξέφερον</span> <span class='ocrx_word' id='word_1_291' title='bbox 657 2530 923 2601; x_wconf 79' lang='grc' dir='ltr'>ἐλέγχους,</span> <span class='ocrx_word' id='word_1_292' title='bbox 953 2533 1029 2596; x_wconf 85' lang='grc' dir='ltr'>ὡς</span> <span class='ocrx_word' id='word_1_293' title='bbox 1055 2535 1364 2606; x_wconf 69' lang='grc' dir='ltr'>οἰησικοπίᾳ</span> <span class='ocrx_word' id='word_1_294' title='bbox 1389 2534 1740 2605; x_wconf 82' lang='grc' dir='ltr'>φαντασιὼδει</span> <span class='ocrx_word' id='word_1_295' title='bbox 1762 2537 1935 2606; x_wconf 73' lang='grc' dir='ltr'>ψυχα-</span> 
     </span>
    </p>
   </div>
   <div class='ocr_carea' id='block_1_43' title="bbox 371 2621 1939 2698">
    <p class='ocr_par' dir='ltr' id='par_1_43' title="bbox 371 2621 1939 2698">
     <span class='ocr_line' id='line_1_43' title="bbox 371 2621 1939 2698; baseline 0.005 -25"><span class='ocrx_word' id='word_1_296' title='bbox 371 2625 570 2689; x_wconf 83' lang='grc' dir='ltr'>γωγεῖν</span> <span class='ocrx_word' id='word_1_297' title='bbox 603 2621 769 2692; x_wconf 82' lang='grc' dir='ltr'>ῷοντο</span> <span class='ocrx_word' id='word_1_298' title='bbox 793 2623 902 2675; x_wconf 84' lang='grc' dir='ltr'>δεῖν</span> <span class='ocrx_word' id='word_1_299' title='bbox 929 2625 1334 2688; x_wconf 79' lang='grc' dir='ltr'>ἑαυτούς.¹Ἐστι</span> <span class='ocrx_word' id='word_1_300' title='bbox 1361 2627 1489 2695; x_wconf 76' lang='grc' dir='ltr'>γοῦν</span> <span class='ocrx_word' id='word_1_301' title='bbox 1509 2627 1728 2682; x_wconf 77' lang='grc' dir='ltr'>αὐτόθεν</span> <span class='ocrx_word' id='word_1_302' title='bbox 1759 2629 1816 2680; x_wconf 85' lang='grc' dir='ltr'><strong>οὐ</strong></span> <span class='ocrx_word' id='word_1_303' title='bbox 1846 2644 1939 2698; x_wconf 87' lang='grc' dir='ltr'>χα-</span> 
     </span>
    </p>
   </div>
   <div class='ocr_carea' id='block_1_44' title="bbox 372 2707 1936 2788">
    <p class='ocr_par' dir='ltr' id='par_1_44' title="bbox 372 2707 1936 2788">
     <span class='ocr_line' id='line_1_44' title="bbox 372 2707 1936 2788; baseline 0.008 -28"><span class='ocrx_word' id='word_1_304' title='bbox 372 2707 551 2772; x_wconf 85' lang='grc' dir='ltr'>λεπῶς</span> <span class='ocrx_word' id='word_1_305' title='bbox 583 2709 729 2774; x_wconf 76' lang='grc' dir='ltr'>ἰδεῖν,</span> <span class='ocrx_word' id='word_1_306' title='bbox 764 2711 844 2763; x_wconf 84' lang='grc' dir='ltr'><strong>ὅτι</strong></span> <span class='ocrx_word' id='word_1_307' title='bbox 887 2711 980 2765; x_wconf 73' lang='grc' dir='ltr'><strong>καὶ</strong></span> <span class='ocrx_word' id='word_1_308' title='bbox 1005 2711 1121 2766; x_wconf 62' lang='grc' dir='ltr'><strong>νυνὶ⁷</strong></span> <span class='ocrx_word' id='word_1_309' title='bbox 1146 2713 1323 2786; x_wconf 82' lang='grc' dir='ltr'>πολλῷ</span> <span class='ocrx_word' id='word_1_310' title='bbox 1351 2716 1570 2770; x_wconf 85' lang='grc' dir='ltr'>πλείονα</span> <span class='ocrx_word' id='word_1_311' title='bbox 1598 2718 1690 2771; x_wconf 68' lang='grc' dir='ltr'><strong>καὶ</strong></span> <span class='ocrx_word' id='word_1_312' title='bbox 1718 2716 1936 2788; x_wconf 81' lang='grc' dir='ltr'>μείζονα</span> 
     </span>
    </p>
   </div>
   <div class='ocr_carea' id='block_1_45' title="bbox 369 2799 1941 2879">
    <p class='ocr_par' dir='ltr' id='par_1_45' title="bbox 369 2799 1941 2879">
     <span class='ocr_line' id='line_1_45' title="bbox 369 2799 1941 2879; baseline 0.005 -27"><span class='ocrx_word' id='word_1_313' title='bbox 369 2799 574 2854; x_wconf 84' lang='grc' dir='ltr'>τούτων</span> <span class='ocrx_word' id='word_1_314' title='bbox 605 2804 663 2854; x_wconf 84' lang='grc' dir='ltr'>ὲν</span> <span class='ocrx_word' id='word_1_315' title='bbox 693 2803 805 2865; x_wconf 73' lang='grc' dir='ltr'>τοῖς</span> <span class='ocrx_word' id='word_1_316' title='bbox 835 2803 1080 2875; x_wconf 83' lang='grc' dir='ltr'>θεάτροις</span> <span class='ocrx_word' id='word_1_317' title='bbox 1103 2807 1150 2858; x_wconf 76' lang='lat' dir='ltr'><strong>0i</strong></span> <span class='ocrx_word' id='word_1_318' title='bbox 1175 2805 1553 2877; x_wconf 78' lang='grc' dir='ltr'>ψηφοπαῖκται</span> <span class='ocrx_word' id='word_1_319' title='bbox 1586 2808 1782 2879; x_wconf 86' lang='grc' dir='ltr'>δρῶσιν</span> <span class='ocrx_word' id='word_1_320' title='bbox 1825 2812 1941 2863; x_wconf 86' lang='grc' dir='ltr'>είω-</span> 
     </span>
    </p>
   </div>
   <div class='ocr_carea' id='block_1_46' title="bbox 377 2889 1937 2970">
    <p class='ocr_par' dir='ltr' id='par_1_46' title="bbox 377 2889 1937 2970">
     <span class='ocr_line' id='line_1_46' title="bbox 377 2889 1937 2970; baseline 0.008 -27"><span class='ocrx_word' id='word_1_321' title='bbox 377 2889 543 2957; x_wconf 83' lang='grc' dir='ltr'>θότως</span> <span class='ocrx_word' id='word_1_322' title='bbox 563 2911 575 2923; x_wconf 91' lang='grc'><strong>·</strong></span> <span class='ocrx_word' id='word_1_323' title='bbox 607 2893 722 2947; x_wconf 82' lang='grc' dir='ltr'>ἀλλ’</span> <span class='ocrx_word' id='word_1_324' title='bbox 754 2895 902 2964; x_wconf 86' lang='grc' dir='ltr'>ὅμως</span> <span class='ocrx_word' id='word_1_325' title='bbox 948 2897 1273 2968; x_wconf 81' lang='grc' dir='ltr'>αὐτοσχεδίῳ</span> <span class='ocrx_word' id='word_1_326' title='bbox 1310 2899 1536 2970; x_wconf 87' lang='grc' dir='ltr'>δυνάμει</span> <span class='ocrx_word' id='word_1_327' title='bbox 1568 2901 1768 2954; x_wconf 86' lang='grc' dir='ltr'>τούτων</span> <span class='ocrx_word' id='word_1_328' title='bbox 1793 2902 1937 2956; x_wconf 83' lang='grc' dir='ltr'>ἀντι-</span> 
     </span>
    </p>
   </div>
   <div class='ocr_carea' id='block_1_47' title="bbox 376 2985 1936 3064">
    <p class='ocr_par' dir='ltr' id='par_1_47' title="bbox 376 2985 1936 3064">
     <span class='ocr_line' id='line_1_47' title="bbox 376 2985 1936 3064; baseline 0.006 -28"><span class='ocrx_word' id='word_1_329' title='bbox 376 2999 510 3054; x_wconf 81' lang='grc' dir='ltr'>κρυς</span> <span class='ocrx_word' id='word_1_330' title='bbox 539 2985 903 3057; x_wconf 84' lang='grc' dir='ltr'>ἁλισκομένων</span> <span class='ocrx_word' id='word_1_331' title='bbox 927 2986 1098 3041; x_wconf 72' lang='grc' dir='ltr'>ἑάλων</span> <span class='ocrx_word' id='word_1_332' title='bbox 1114 3005 1127 3018; x_wconf 72' lang='grc' dir='ltr'><strong>ο</strong></span> <span class='ocrx_word' id='word_1_333' title='bbox 1152 2989 1303 3042; x_wconf 86' lang='grc' dir='ltr'>ούδὲν</span> <span class='ocrx_word' id='word_1_334' title='bbox 1323 2985 1482 3062; x_wconf 81' lang='grc' dir='ltr'>ἦττον</span> <span class='ocrx_word' id='word_1_335' title='bbox 1511 2992 1542 3061; x_wconf 85' lang='grc' dir='ltr'>ὴ</span> <span class='ocrx_word' id='word_1_336' title='bbox 1569 2991 1936 3064; x_wconf 75' lang='grc' dir='ltr'>διηγηματικὴ</span> 
     </span>
    </p>
   </div>
   <div class='ocr_carea' id='block_1_48' title="bbox 376 3077 1938 3150">
    <p class='ocr_par' dir='ltr' id='par_1_48' title="bbox 376 3077 1938 3150">
     <span class='ocr_line' id='line_1_48' title="bbox 376 3077 1938 3150; baseline 0.006 -24"><span class='ocrx_word' id='word_1_337' title='bbox 376 3077 681 3148; x_wconf 76' lang='grc' dir='ltr'>προγράφει</span> <span class='ocrx_word' id='word_1_338' title='bbox 724 3080 906 3150; x_wconf 66' lang='grc' dir='ltr'>φωνήι</span> <span class='ocrx_word' id='word_1_339' title='bbox 951 3079 1060 3133; x_wconf 81' lang='grc' dir='ltr'><strong>Καὶ</strong></span> <span class='ocrx_word' id='word_1_340' title='bbox 1101 3079 1400 3148; x_wconf 82' lang='grc' dir='ltr'>ἐποίησαν</span> <span class='ocrx_word' id='word_1_341' title='bbox 1431 3085 1484 3135; x_wconf 82' lang='lat' dir='ltr'><strong>ol</strong></span> <span class='ocrx_word' id='word_1_342' title='bbox 1524 3082 1787 3136; x_wconf 76' lang='grc' dir='ltr'>ἐπαοιδοὶ</span> <span class='ocrx_word' id='word_1_343' title='bbox 1822 3081 1938 3137; x_wconf 79' lang='grc' dir='ltr'><strong>τῶν</strong></span> 
     </span>
    </p>
   </div>
   <div class='ocr_carea' id='block_1_49' title="bbox 373 3167 1934 3243">
    <p class='ocr_par' dir='ltr' id='par_1_49' title="bbox 373 3167 1934 3243">
     <span class='ocr_line' id='line_1_49' title="bbox 373 3167 1934 3243; baseline 0.007 -24"><span class='ocrx_word' id='word_1_344' title='bbox 373 3167 707 3236; x_wconf 71' lang='grc' dir='ltr'>Αἰγυπτίων</span> <span class='ocrx_word' id='word_1_345' title='bbox 753 3171 881 3236; x_wconf 84' lang='grc' dir='ltr'>ταῖς</span> <span class='ocrx_word' id='word_1_346' title='bbox 939 3173 1324 3241; x_wconf 78' lang='grc' dir='ltr'>φαρμακείαις</span> <span class='ocrx_word' id='word_1_347' title='bbox 1379 3174 1577 3230; x_wconf 81' lang='grc' dir='ltr'>αὐτῶν</span> <span class='ocrx_word' id='word_1_348' title='bbox 1636 3176 1934 3243; x_wconf 81' lang='grc' dir='ltr'>ὡσαύτως.</span> 
     </span>
    </p>
   </div>
   <div class='ocr_carea' id='block_1_50' title="bbox 377 3249 2004 3339">
    <p class='ocr_par' dir='ltr' id='par_1_50' title="bbox 377 3249 2004 3339">
     <span class='ocr_line' id='line_1_50' title="bbox 377 3249 2004 3339; baseline 0.006 -30"><span class='ocrx_word' id='word_1_349' title='bbox 377 3258 521 3310; x_wconf 84' lang='grc' dir='ltr'>Ἔδει</span> <span class='ocrx_word' id='word_1_350' title='bbox 552 3259 748 3324; x_wconf 87' lang='grc' dir='ltr'>τοίνυν,</span> <span class='ocrx_word' id='word_1_351' title='bbox 775 3262 850 3325; x_wconf 81' lang='grc' dir='ltr'>ὡς</span> <span class='ocrx_word' id='word_1_352' title='bbox 887 3263 915 3314; x_wconf 85' lang='grc' dir='ltr'>ὁ</span> <span class='ocrx_word' id='word_1_353' title='bbox 938 3262 1297 3336; x_wconf 75' lang='grc' dir='ltr'>δογματιστὴς</span> <span class='ocrx_word' id='word_1_354' title='bbox 1324 3266 1707 3338; x_wconf 75' lang='grc' dir='ltr'>ἐνομοθέτησεν</span> <span class='ocrx_word' id='word_1_355' title='bbox 1738 3267 1938 3339; x_wconf 63' lang='grc' dir='ltr'>Ὠριγέέ</span> <span class='ocrx_word' id='word_1_356' title='bbox 1963 3249 2004 3305; x_wconf 79' lang='lat' dir='ltr'><strong><em>C</em></strong></span> 
     </span>
    </p>
   </div>
   <div class='ocr_carea' id='block_1_51' title="bbox 373 3353 1937 3428">
    <p class='ocr_par' dir='ltr' id='par_1_51' title="bbox 373 3353 1937 3428">
     <span class='ocr_line' id='line_1_51' title="bbox 373 3353 1937 3428; baseline 0.008 -25"><span class='ocrx_word' id='word_1_357' title='bbox 373 3368 489 3422; x_wconf 86' lang='grc' dir='ltr'>νης,</span> <span class='ocrx_word' id='word_1_358' title='bbox 520 3353 693 3406; x_wconf 77' lang='grc' dir='ltr'>εἰπεῖν</span> <span class='ocrx_word' id='word_1_359' title='bbox 713 3370 726 3384; x_wconf 77' lang='grc' dir='ltr'><strong><em>ο</em></strong></span> <span class='ocrx_word' id='word_1_360' title='bbox 779 3355 1099 3422; x_wconf 82' lang='grc' dir='ltr'>Ἐποίησαν</span> <span class='ocrx_word' id='word_1_361' title='bbox 1125 3357 1192 3411; x_wconf 84' lang='grc' dir='ltr'>δὲ</span> <span class='ocrx_word' id='word_1_362' title='bbox 1223 3358 1294 3413; x_wconf 86' lang='grc' dir='ltr'>τὰ</span> <span class='ocrx_word' id='word_1_363' title='bbox 1316 3359 1708 3428; x_wconf 81' lang='grc' dir='ltr'>παραπλήσια</span> <span class='ocrx_word' id='word_1_364' title='bbox 1743 3361 1823 3427; x_wconf 85' lang='grc' dir='ltr'>τῷ</span> <span class='ocrx_word' id='word_1_365' title='bbox 1848 3362 1937 3416; x_wconf 76' lang='lat'><strong>0‘0-</strong></span> 
     </span>
    </p>
   </div>
   <div class='ocr_carea' id='block_1_52' title="bbox 372 3442 1934 3524">
    <p class='ocr_par' dir='ltr' id='par_1_52' title="bbox 372 3442 1934 3524">
     <span class='ocr_line' id='line_1_52' title="bbox 372 3442 1934 3524; baseline 0.006 -28"><span class='ocrx_word' id='word_1_366' title='bbox 372 3442 501 3497; x_wconf 74' lang='grc' dir='ltr'>κεῖν</span> <span class='ocrx_word' id='word_1_367' title='bbox 527 3447 580 3498; x_wconf 79' lang='grc' dir='ltr'>οἱ</span> <span class='ocrx_word' id='word_1_368' title='bbox 606 3447 870 3501; x_wconf 79' lang='grc' dir='ltr'>ἐπαοιδοὶ</span> <span class='ocrx_word' id='word_1_369' title='bbox 901 3447 1019 3502; x_wconf 77' lang='grc' dir='ltr'><strong>τῶν</strong></span> <span class='ocrx_word' id='word_1_370' title='bbox 1056 3451 1390 3520; x_wconf 70' lang='grc' dir='ltr'>Αἰγυπτίων</span> <span class='ocrx_word' id='word_1_371' title='bbox 1415 3468 1430 3483; x_wconf 76' lang='grc' dir='ltr'><strong><em>ο</em></strong></span> <span class='ocrx_word' id='word_1_372' title='bbox 1465 3452 1598 3506; x_wconf 90' lang='grc' dir='ltr'><strong>ἀλλά</strong></span> <span class='ocrx_word' id='word_1_373' title='bbox 1632 3454 1704 3524; x_wconf 80' lang='grc' dir='ltr'>μὴ</span> <span class='ocrx_word' id='word_1_374' title='bbox 1737 3453 1934 3523; x_wconf 88' lang='grc' dir='ltr'>λέγειν,</span> 
     </span>
    </p>
   </div>
   <div class='ocr_carea' id='block_1_53' title="bbox 371 3534 1939 3616">
    <p class='ocr_par' dir='ltr' id='par_1_53' title="bbox 371 3534 1939 3616">
     <span class='ocr_line' id='line_1_53' title="bbox 371 3534 1939 3616; baseline 0.008 -29"><span class='ocrx_word' id='word_1_375' title='bbox 371 3534 670 3602; x_wconf 83' lang='grc' dir='ltr'>ὡσαύτως,</span> <span class='ocrx_word' id='word_1_376' title='bbox 699 3537 786 3592; x_wconf 82' lang='grc' dir='ltr'><strong>ἵνα</strong></span> <span class='ocrx_word' id='word_1_377' title='bbox 834 3540 905 3610; x_wconf 87' lang='grc' dir='ltr'>μή</span> <span class='ocrx_word' id='word_1_378' title='bbox 953 3557 1097 3607; x_wconf 89' lang='grc' dir='ltr'>τινες</span> <span class='ocrx_word' id='word_1_379' title='bbox 1130 3543 1444 3596; x_wconf 79' lang='grc' dir='ltr'>ὑπολάϐοιεν</span> <span class='ocrx_word' id='word_1_380' title='bbox 1473 3543 1540 3598; x_wconf 86' lang='grc' dir='ltr'>ἃν</span> <span class='ocrx_word' id='word_1_381' title='bbox 1565 3545 1639 3610; x_wconf 81' lang='grc' dir='ltr'>ὡς</span> <span class='ocrx_word' id='word_1_382' title='bbox 1664 3546 1720 3611; x_wconf 83' lang='grc' dir='ltr'><strong>ἐξ</strong></span> <span class='ocrx_word' id='word_1_383' title='bbox 1749 3547 1939 3616; x_wconf 86' lang='grc' dir='ltr'>ὁμοίας</span> 
     </span>
    </p>
   </div>
   <div class='ocr_carea' id='block_1_54' title="bbox 373 3623 1938 3704">
    <p class='ocr_par' dir='ltr' id='par_1_54' title="bbox 373 3623 1938 3704">
     <span class='ocr_line' id='line_1_54' title="bbox 373 3623 1938 3704; baseline 0.008 -28"><span class='ocrx_word' id='word_1_384' title='bbox 373 3623 608 3694; x_wconf 82' lang='grc' dir='ltr'>ὁρμᾶται</span> <span class='ocrx_word' id='word_1_385' title='bbox 649 3625 956 3698; x_wconf 89' lang='grc' dir='ltr'>δυνάμεως·</span> <span class='ocrx_word' id='word_1_386' title='bbox 989 3633 1036 3683; x_wconf 80' lang='grc' dir='ltr'><strong>εί</strong></span> <span class='ocrx_word' id='word_1_387' title='bbox 1067 3631 1174 3702; x_wconf 88' lang='grc' dir='ltr'><strong>γάρ</strong></span> <span class='ocrx_word' id='word_1_388' title='bbox 1211 3632 1369 3702; x_wconf 87' lang='grc' dir='ltr'>ὅμοια</span> <span class='ocrx_word' id='word_1_389' title='bbox 1408 3637 1518 3697; x_wconf 84' lang='grc' dir='ltr'>τοῖς</span> <span class='ocrx_word' id='word_1_390' title='bbox 1547 3635 1692 3704; x_wconf 75' lang='grc' dir='ltr'>ἀμφὶ</span> <span class='ocrx_word' id='word_1_391' title='bbox 1737 3635 1938 3688; x_wconf 86' lang='grc' dir='ltr'>Μωσέα</span> 
     </span>
    </p>
   </div>
   <div class='ocr_carea' id='block_1_55' title="bbox 375 3711 1939 3796">
    <p class='ocr_par' dir='ltr' id='par_1_55' title="bbox 375 3711 1939 3796">
     <span class='ocr_line' id='line_1_55' title="bbox 375 3711 1939 3796; baseline 0.009 -30"><span class='ocrx_word' id='word_1_392' title='bbox 375 3715 632 3785; x_wconf 83' lang='grc' dir='ltr'>πράττειν</span> <span class='ocrx_word' id='word_1_393' title='bbox 651 3711 751 3770; x_wconf 76' lang='grc' dir='ltr'>οἷοί</span> <span class='ocrx_word' id='word_1_394' title='bbox 770 3736 828 3771; x_wconf 87' lang='grc' dir='ltr'><strong>τε</strong></span> <span class='ocrx_word' id='word_1_395' title='bbox 856 3715 1013 3790; x_wconf 85' lang='grc' dir='ltr'>ἦσαν,</span> <span class='ocrx_word' id='word_1_396' title='bbox 1039 3721 1232 3776; x_wconf 82' lang='grc' dir='ltr'>ούκοῦν</span> <span class='ocrx_word' id='word_1_397' title='bbox 1256 3724 1513 3790; x_wconf 82' lang='grc' dir='ltr'>ὡσαύτως</span> <span class='ocrx_word' id='word_1_398' title='bbox 1537 3725 1794 3796; x_wconf 75' lang='grc' dir='ltr'>ἠδύναντο</span> <span class='ocrx_word' id='word_1_399' title='bbox 1814 3726 1939 3790; x_wconf 80' lang='grc' dir='ltr'>τοὺς</span> 
     </span>
    </p>
   </div>
   <div class='ocr_carea' id='block_1_56' title="bbox 377 3805 1941 3883">
    <p class='ocr_par' dir='ltr' id='par_1_56' title="bbox 377 3805 1941 3883">
     <span class='ocr_line' id='line_1_56' title="bbox 377 3805 1941 3883; baseline 0.008 -27"><span class='ocrx_word' id='word_1_400' title='bbox 377 3805 648 3868; x_wconf 78' lang='grc' dir='ltr'>ἐναντίους</span> <span class='ocrx_word' id='word_1_401' title='bbox 685 3807 992 3877; x_wconf 88' lang='grc' dir='ltr'>ἀμύνασθαι</span> <span class='ocrx_word' id='word_1_402' title='bbox 1031 3815 1142 3876; x_wconf 85' lang='grc' dir='ltr'>τοῖς</span> <span class='ocrx_word' id='word_1_403' title='bbox 1182 3813 1332 3877; x_wconf 72' lang='grc' dir='ltr'>ἴσοις,</span> <span class='ocrx_word' id='word_1_404' title='bbox 1366 3813 1519 3866; x_wconf 82' lang='grc' dir='ltr'>ὥστε</span> <span class='ocrx_word' id='word_1_405' title='bbox 1552 3816 1678 3878; x_wconf 77' lang='grc' dir='ltr'>τοὺς</span> <span class='ocrx_word' id='word_1_406' title='bbox 1724 3815 1941 3883; x_wconf 85' lang='grc' dir='ltr'>ἀγῶνας</span> 
     </span>
    </p>
   </div>
   <div class='ocr_carea' id='block_1_57' title="bbox 377 3889 1939 3970">
    <p class='ocr_par' dir='ltr' id='par_1_57' title="bbox 377 3889 1939 3970">
     <span class='ocr_line' id='line_1_57' title="bbox 377 3889 1939 3970; baseline 0.008 -20"><span class='ocrx_word' id='word_1_407' title='bbox 377 3897 710 3968; x_wconf 74' lang='grc' dir='ltr'>ἑκατέρωθεν</span> <span class='ocrx_word' id='word_1_408' title='bbox 735 3899 996 3970; x_wconf 85' lang='grc' dir='ltr'>ὑπάρχειν</span> <span class='ocrx_word' id='word_1_409' title='bbox 1028 3889 1349 3968; x_wconf 83' lang='grc' dir='ltr'>ἀντιπάλους</span> <span class='ocrx_word' id='word_1_410' title='bbox 1367 3922 1381 3935; x_wconf 88' lang='grc'><strong>·</strong></span> <span class='ocrx_word' id='word_1_411' title='bbox 1420 3909 1466 3958; x_wconf 89' lang='grc' dir='ltr'>εἰ</span> <span class='ocrx_word' id='word_1_412' title='bbox 1495 3906 1747 3961; x_wconf 80' lang='grc' dir='ltr'>δ”ούδένα</span> <span class='ocrx_word' id='word_1_413' title='bbox 1776 3909 1842 3962; x_wconf 88' lang='grc' dir='ltr'>δι’</span> <span class='ocrx_word' id='word_1_414' title='bbox 1865 3903 1939 3964; x_wconf 84' lang='grc' dir='ltr'>ὧν</span> 
     </span>
    </p>
   </div>
   <div class='ocr_carea' id='block_1_58' title="bbox 377 3991 1942 4073">
    <p class='ocr_par' dir='ltr' id='par_1_58' title="bbox 377 3991 1942 4073">
     <span class='ocr_line' id='line_1_58' title="bbox 377 3991 1942 4073; baseline 0.007 -31"><span class='ocrx_word' id='word_1_415' title='bbox 377 3991 738 4062; x_wconf 68' lang='grc' dir='ltr'>ἐσχημάτιζω</span> <span class='ocrx_word' id='word_1_416' title='bbox 769 3991 1050 4058; x_wconf 78' lang='grc' dir='ltr'>ἔϐλαπτον,</span> <span class='ocrx_word' id='word_1_417' title='bbox 1075 3996 1444 4068; x_wconf 73' lang='grc' dir='ltr'>ἀποκέχρηται</span> <span class='ocrx_word' id='word_1_418' title='bbox 1480 3999 1575 4070; x_wconf 86' lang='grc' dir='ltr'>μὲν</span> <span class='ocrx_word' id='word_1_419' title='bbox 1605 3999 1712 4071; x_wconf 79' lang='grc' dir='ltr'>ἄρα</span> <span class='ocrx_word' id='word_1_420' title='bbox 1740 4000 1816 4071; x_wconf 81' lang='grc' dir='ltr'>τῷ</span> <span class='ocrx_word' id='word_1_421' title='bbox 1846 4003 1942 4073; x_wconf 76' lang='grc' dir='ltr'><strong>ῥή-</strong></span> 
     </span>
    </p>
   </div>
   <div class='ocr_carea' id='block_1_59' title="bbox 379 4083 1942 4158">
    <p class='ocr_par' dir='ltr' id='par_1_59' title="bbox 379 4083 1942 4158">
     <span class='ocr_line' id='line_1_59' title="bbox 379 4083 1942 4158; baseline 0.007 -23"><span class='ocrx_word' id='word_1_422' title='bbox 379 4100 528 4152; x_wconf 85' lang='grc' dir='ltr'>ματι,</span> <span class='ocrx_word' id='word_1_423' title='bbox 560 4083 799 4155; x_wconf 90' lang='grc' dir='ltr'>πρόδηλα</span> <span class='ocrx_word' id='word_1_424' title='bbox 826 4084 882 4137; x_wconf 83' lang='grc' dir='ltr'>δὲ</span> <span class='ocrx_word' id='word_1_425' title='bbox 904 4085 972 4138; x_wconf 84' lang='grc' dir='ltr'><strong>τά</strong></span> <span class='ocrx_word' id='word_1_426' title='bbox 1011 4087 1108 4156; x_wconf 78' lang='grc' dir='ltr'>τῆς</span> <span class='ocrx_word' id='word_1_427' title='bbox 1131 4086 1336 4158; x_wconf 68' lang='grc' dir='ltr'>ἀψύχου</span> <span class='ocrx_word' id='word_1_428' title='bbox 1369 4091 1663 4158; x_wconf 80' lang='grc' dir='ltr'>φαντασίας</span> <span class='ocrx_word' id='word_1_429' title='bbox 1695 4090 1942 4145; x_wconf 80' lang='grc' dir='ltr'>ἐκτυπώ-</span> 
     </span>
    </p>
   </div>
   <div class='ocr_carea' id='block_1_60' title="bbox 381 4170 1942 4256">
    <p class='ocr_par' dir='ltr' id='par_1_60' title="bbox 381 4170 1942 4256">
     <span class='ocr_line' id='line_1_60' title="bbox 381 4170 1942 4256; baseline 0.007 -28"><span class='ocrx_word' id='word_1_430' title='bbox 381 4191 547 4244; x_wconf 88' lang='grc' dir='ltr'>ματα.</span> <span class='ocrx_word' id='word_1_431' title='bbox 583 4170 683 4230; x_wconf 75' lang='grc' dir='ltr'><strong>Οἴα</strong></span> <span class='ocrx_word' id='word_1_432' title='bbox 704 4176 766 4248; x_wconf 85' lang='grc' dir='ltr'>δὴ</span> <span class='ocrx_word' id='word_1_433' title='bbox 787 4177 1061 4231; x_wconf 78' lang='grc' dir='ltr'>κάνταῦθα</span> <span class='ocrx_word' id='word_1_434' title='bbox 1086 4179 1144 4232; x_wconf 85' lang='grc' dir='ltr'><strong>τὸ</strong></span> <span class='ocrx_word' id='word_1_435' title='bbox 1170 4180 1277 4232; x_wconf 71' lang='grc' dir='ltr'>τῶν</span> <span class='ocrx_word' id='word_1_436' title='bbox 1307 4181 1598 4236; x_wconf 76' lang='grc' dir='ltr'>ἐπαοιδῶν</span> <span class='ocrx_word' id='word_1_437' title='bbox 1617 4183 1783 4255; x_wconf 74' lang='grc' dir='ltr'>ὄνομα</span> <span class='ocrx_word' id='word_1_438' title='bbox 1808 4201 1942 4256; x_wconf 84' lang='grc' dir='ltr'>προ-</span> 
     </span>
    </p>
   </div>
   <div class='ocr_carea' id='block_1_61' title="bbox 379 4264 1944 4347">
    <p class='ocr_par' dir='ltr' id='par_1_61' title="bbox 379 4264 1944 4347">
     <span class='ocr_line' id='line_1_61' title="bbox 379 4264 1944 4347; baseline 0.008 -29"><span class='ocrx_word' id='word_1_439' title='bbox 379 4264 543 4330; x_wconf 84' lang='grc' dir='ltr'>τάξας</span> <span class='ocrx_word' id='word_1_440' title='bbox 579 4268 608 4319; x_wconf 83' lang='grc' dir='ltr'>ὁ</span> <span class='ocrx_word' id='word_1_441' title='bbox 641 4270 1005 4340; x_wconf 79' lang='grc' dir='ltr'>συγγραφεὺς,</span> <span class='ocrx_word' id='word_1_442' title='bbox 1041 4273 1134 4324; x_wconf 67' lang='grc' dir='ltr'><strong>καὶ</strong></span> <span class='ocrx_word' id='word_1_443' title='bbox 1166 4270 1233 4324; x_wconf 80' lang='grc' dir='ltr'>τὰ</span> <span class='ocrx_word' id='word_1_444' title='bbox 1257 4273 1355 4343; x_wconf 80' lang='grc' dir='ltr'><strong>τῆς</strong></span> <span class='ocrx_word' id='word_1_445' title='bbox 1383 4275 1726 4344; x_wconf 89' lang='grc' dir='ltr'>φαρμακείας</span> <span class='ocrx_word' id='word_1_446' title='bbox 1754 4279 1944 4347; x_wconf 79' lang='grc' dir='ltr'>ἐπιτη-</span> 
     </span>
    </p>
   </div>
   <div class='ocr_carea' id='block_1_62' title="bbox 377 4356 1945 4440">
    <p class='ocr_par' dir='ltr' id='par_1_62' title="bbox 377 4356 1945 4440">
     <span class='ocr_line' id='line_1_62' title="bbox 377 4356 1945 4440; baseline 0.008 -30"><span class='ocrx_word' id='word_1_447' title='bbox 377 4356 638 4427; x_wconf 86' lang='grc' dir='ltr'>δεύματα,</span> <span class='ocrx_word' id='word_1_448' title='bbox 679 4357 928 4425; x_wconf 84' lang='grc' dir='ltr'>διέδειξεν</span> <span class='ocrx_word' id='word_1_449' title='bbox 967 4361 1043 4425; x_wconf 86' lang='grc' dir='ltr'>ὡς</span> <span class='ocrx_word' id='word_1_450' title='bbox 1088 4363 1146 4415; x_wconf 88' lang='grc' dir='ltr'><strong>ού</strong></span> <span class='ocrx_word' id='word_1_451' title='bbox 1179 4363 1352 4436; x_wconf 86' lang='grc' dir='ltr'>χρεὼν</span> <span class='ocrx_word' id='word_1_452' title='bbox 1383 4366 1449 4420; x_wconf 84' lang='grc' dir='ltr'><strong>ἂν</strong></span> <span class='ocrx_word' id='word_1_453' title='bbox 1475 4368 1560 4439; x_wconf 82' lang='grc' dir='ltr'><strong>εἴη</strong></span> <span class='ocrx_word' id='word_1_454' title='bbox 1591 4369 1652 4422; x_wconf 79' lang='grc' dir='ltr'><strong>τὸ</strong></span> <span class='ocrx_word' id='word_1_455' title='bbox 1686 4370 1945 4440; x_wconf 88' lang='grc' dir='ltr'>παράπαν</span> 
     </span>
    </p>
   </div>
   <div class='ocr_carea' id='block_1_63' title="bbox 379 4451 1944 4535">
    <p class='ocr_par' dir='ltr' id='par_1_63' title="bbox 379 4451 1944 4535">
     <span class='ocr_line' id='line_1_63' title="bbox 379 4451 1944 4535; baseline 0.01 -32"><span class='ocrx_word' id='word_1_456' title='bbox 379 4451 757 4523; x_wconf 84' lang='grc' dir='ltr'>ἀμφισϐητεῖν,</span> <span class='ocrx_word' id='word_1_457' title='bbox 784 4455 866 4507; x_wconf 81' lang='grc' dir='ltr'>ὅτι</span> <span class='ocrx_word' id='word_1_458' title='bbox 910 4459 1024 4518; x_wconf 85' lang='grc' dir='ltr'>τοῖς</span> <span class='ocrx_word' id='word_1_459' title='bbox 1072 4456 1264 4527; x_wconf 88' lang='grc' dir='ltr'>μάγοις</span> <span class='ocrx_word' id='word_1_460' title='bbox 1289 4459 1493 4514; x_wconf 75' lang='grc' dir='ltr'>ἕκαστα</span> <span class='ocrx_word' id='word_1_461' title='bbox 1526 4464 1840 4535; x_wconf 81' lang='grc' dir='ltr'>περιεργείᾳ</span> <span class='ocrx_word' id='word_1_462' title='bbox 1863 4464 1944 4518; x_wconf 90' lang='grc' dir='ltr'>δι-</span> 
     </span>
    </p>
   </div>
   <div class='ocr_carea' id='block_1_64' title="bbox 379 4543 1944 4622">
    <p class='ocr_par' dir='ltr' id='par_1_64' title="bbox 379 4543 1944 4622">
     <span class='ocr_line' id='line_1_64' title="bbox 379 4543 1944 4622; baseline 0.01 -29"><span class='ocrx_word' id='word_1_463' title='bbox 379 4543 676 4614; x_wconf 80' lang='grc' dir='ltr'>επράττετο</span> <span class='ocrx_word' id='word_1_464' title='bbox 712 4543 781 4598; x_wconf 86' lang='grc' dir='ltr'><strong>τά</strong></span> <span class='ocrx_word' id='word_1_465' title='bbox 808 4543 1004 4616; x_wconf 79' lang='grc' dir='ltr'>γοὼδηο</span> <span class='ocrx_word' id='word_1_466' title='bbox 1032 4545 1252 4600; x_wconf 84' lang='grc' dir='ltr'>τοιαῦτα</span> <span class='ocrx_word' id='word_1_467' title='bbox 1293 4549 1386 4602; x_wconf 78' lang='grc' dir='ltr'><strong>καὶ</strong></span> <span class='ocrx_word' id='word_1_468' title='bbox 1413 4549 1479 4603; x_wconf 90' lang='grc' dir='ltr'><strong>τά</strong></span> <span class='ocrx_word' id='word_1_469' title='bbox 1510 4551 1666 4622; x_wconf 85' lang='grc' dir='ltr'>τῆσδε</span> <span class='ocrx_word' id='word_1_470' title='bbox 1686 4554 1782 4622; x_wconf 84' lang='grc' dir='ltr'>τῆς</span> <span class='ocrx_word' id='word_1_471' title='bbox 1810 4556 1944 4607; x_wconf 76' lang='grc' dir='ltr'>ιστο-</span> 
     </span>
    </p>
   </div>
   <div class='ocr_carea' id='block_1_65' title="bbox 384 4633 1938 4714">
    <p class='ocr_par' dir='ltr' id='par_1_65' title="bbox 384 4633 1938 4714">
     <span class='ocr_line' id='line_1_65' title="bbox 384 4633 1938 4714; baseline 0.008 -29"><span class='ocrx_word' id='word_1_472' title='bbox 384 4633 502 4702; x_wconf 89' lang='grc' dir='ltr'>ρίας</span> <span class='ocrx_word' id='word_1_473' title='bbox 527 4633 898 4705; x_wconf 82' lang='grc' dir='ltr'>ἀπογράφεται</span> <span class='ocrx_word' id='word_1_474' title='bbox 939 4633 1184 4706; x_wconf 84' lang='grc' dir='ltr'>δράματα</span> <span class='ocrx_word' id='word_1_475' title='bbox 1203 4651 1216 4665; x_wconf 86' lang='grc'><strong>·</strong></span> <span class='ocrx_word' id='word_1_476' title='bbox 1244 4637 1410 4710; x_wconf 79' lang='grc' dir='ltr'>αὐτὴν</span> <span class='ocrx_word' id='word_1_477' title='bbox 1435 4641 1542 4712; x_wconf 79' lang='grc' dir='ltr'>γὰρ</span> <span class='ocrx_word' id='word_1_478' title='bbox 1571 4643 1938 4714; x_wconf 86' lang='grc' dir='ltr'>ἐγγαστρίμυ-</span> 
     </span>
    </p>
   </div>
   <div class='ocr_carea' id='block_1_66' title="bbox 380 4727 1940 4808">
    <p class='ocr_par' dir='ltr' id='par_1_66' title="bbox 380 4727 1940 4808">
     <span class='ocr_line' id='line_1_66' title="bbox 380 4727 1940 4808; baseline 0.007 -28"><span class='ocrx_word' id='word_1_479' title='bbox 380 4727 469 4782; x_wconf 89' lang='grc' dir='ltr'><strong>θον</strong></span> <span class='ocrx_word' id='word_1_480' title='bbox 497 4729 786 4800; x_wconf 85' lang='grc' dir='ltr'>ὀνομάσας,</span> <span class='ocrx_word' id='word_1_481' title='bbox 816 4728 932 4784; x_wconf 81' lang='grc' dir='ltr'>εἶτα</span> <span class='ocrx_word' id='word_1_482' title='bbox 957 4735 1048 4786; x_wconf 78' lang='grc' dir='ltr'>καὶ</span> <span class='ocrx_word' id='word_1_483' title='bbox 1073 4734 1332 4805; x_wconf 83' lang='grc' dir='ltr'>μαντικῆς</span> <span class='ocrx_word' id='word_1_484' title='bbox 1355 4735 1485 4806; x_wconf 74' lang='grc' dir='ltr'>εύρή</span> <span class='ocrx_word' id='word_1_485' title='bbox 1495 4752 1637 4804; x_wconf 86' lang='grc' dir='ltr'>ματα</span> <span class='ocrx_word' id='word_1_486' title='bbox 1657 4735 1940 4808; x_wconf 88' lang='grc' dir='ltr'>διελέγχων</span> 
     </span>
    </p>
   </div>
   <div class='ocr_carea' id='block_1_67' title="bbox 380 4819 1942 4897">
    <p class='ocr_par' dir='ltr' id='par_1_67' title="bbox 380 4819 1942 4897">
     <span class='ocr_line' id='line_1_67' title="bbox 380 4819 1942 4897; baseline 0.006 -25"><span class='ocrx_word' id='word_1_487' title='bbox 380 4819 572 4890; x_wconf 83' lang='grc' dir='ltr'>ἀσεϐῆ,</span> <span class='ocrx_word' id='word_1_488' title='bbox 597 4821 1037 4894; x_wconf 79' lang='grc' dir='ltr'>δαιμονιζομένου</span> <span class='ocrx_word' id='word_1_489' title='bbox 1072 4841 1134 4877; x_wconf 88' lang='grc' dir='ltr'><strong>τε</strong></span> <span class='ocrx_word' id='word_1_490' title='bbox 1159 4825 1219 4878; x_wconf 87' lang='grc' dir='ltr'><strong>τὸ</strong></span> <span class='ocrx_word' id='word_1_491' title='bbox 1249 4826 1537 4897; x_wconf 88' lang='grc' dir='ltr'>πρόσωπον</span> <span class='ocrx_word' id='word_1_492' title='bbox 1561 4827 1845 4892; x_wconf 84' lang='grc' dir='ltr'>ἀποδείξας</span> <span class='ocrx_word' id='word_1_493' title='bbox 1872 4825 1942 4882; x_wconf 78' lang='grc' dir='ltr'><strong>εῖ-</strong></span> 
     </span>
    </p>
   </div>
   <div class='ocr_carea' id='block_1_68' title="bbox 379 4910 1940 4988">
    <p class='ocr_par' dir='ltr' id='par_1_68' title="bbox 379 4910 1940 4988">
     <span class='ocr_line' id='line_1_68' title="bbox 379 4910 1940 4988; baseline 0.006 -26"><span class='ocrx_word' id='word_1_494' title='bbox 379 4926 464 4962; x_wconf 87' lang='grc' dir='ltr'><strong>ναι</strong></span> <span class='ocrx_word' id='word_1_495' title='bbox 505 4910 567 4962; x_wconf 90' lang='grc' dir='ltr'><strong>τὸ</strong></span> <span class='ocrx_word' id='word_1_496' title='bbox 613 4912 1025 4981; x_wconf 85' lang='grc' dir='ltr'>μαντευόμενον,</span> <span class='ocrx_word' id='word_1_497' title='bbox 1061 4913 1360 4978; x_wconf 81' lang='grc' dir='ltr'>αὐτοτελῶς</span> <span class='ocrx_word' id='word_1_498' title='bbox 1394 4915 1668 4987; x_wconf 81' lang='grc' dir='ltr'>ἐξέφηνεν,</span> <span class='ocrx_word' id='word_1_499' title='bbox 1702 4917 1782 4972; x_wconf 83' lang='grc' dir='ltr'>ὅτι</span> <span class='ocrx_word' id='word_1_500' title='bbox 1809 4936 1940 4988; x_wconf 88' lang='grc' dir='ltr'>φαν-</span> 
     </span>
    </p>
   </div>
   <div class='ocr_carea' id='block_1_69' title="bbox 380 5003 1939 5080">
    <p class='ocr_par' dir='ltr' id='par_1_69' title="bbox 380 5003 1939 5080">
     <span class='ocr_line' id='line_1_69' title="bbox 380 5003 1939 5080; baseline 0.008 -28"><span class='ocrx_word' id='word_1_501' title='bbox 380 5003 751 5066; x_wconf 78' lang='grc' dir='ltr'>τασιοκοπίαις</span> <span class='ocrx_word' id='word_1_502' title='bbox 789 5003 994 5058; x_wconf 76' lang='grc' dir='ltr'>ἕκαστα</span> <span class='ocrx_word' id='word_1_503' title='bbox 1042 5005 1417 5078; x_wconf 84' lang='grc' dir='ltr'>διαπράττοιτο</span> <span class='ocrx_word' id='word_1_504' title='bbox 1461 5008 1748 5080; x_wconf 81' lang='grc' dir='ltr'>κιϐδήλοις.</span> <span class='ocrx_word' id='word_1_505' title='bbox 1781 5011 1939 5065; x_wconf 83' lang='grc' dir='ltr'>Ἀλλά</span> 
     </span>
    </p>
   </div>
   <div class='ocr_carea' id='block_1_70' title="bbox 378 5094 1263 5170">
    <p class='ocr_par' dir='ltr' id='par_1_70' title="bbox 378 5094 1263 5170">
     <span class='ocr_line' id='line_1_70' title="bbox 378 5094 1263 5170; baseline 0.009 -25"><span class='ocrx_word' id='word_1_506' title='bbox 378 5094 550 5149; x_wconf 81' lang='grc' dir='ltr'>ταῦτα</span> <span class='ocrx_word' id='word_1_507' title='bbox 586 5095 682 5166; x_wconf 75' lang='grc' dir='ltr'><strong>μὲν</strong></span> <span class='ocrx_word' id='word_1_508' title='bbox 709 5098 838 5166; x_wconf 82' lang='grc' dir='ltr'>ἡμῖν</span> <span class='ocrx_word' id='word_1_509' title='bbox 865 5096 1004 5151; x_wconf 75' lang='grc' dir='ltr'>οὕτω</span> <span class='ocrx_word' id='word_1_510' title='bbox 1025 5099 1263 5170; x_wconf 84' lang='grc' dir='ltr'>νοητέον.</span> 
     </span>
    </p>
   </div>
   <div class='ocr_carea' id='block_1_71' title="bbox 451 5187 1938 5262">
    <p class='ocr_par' dir='ltr' id='par_1_71' title="bbox 451 5187 1938 5262">
     <span class='ocr_line' id='line_1_71' title="bbox 451 5187 1938 5262; baseline 0.005 -21"><span class='ocrx_word' id='word_1_511' title='bbox 451 5187 520 5241; x_wconf 79' lang='grc' dir='ltr'>Χ.</span> <span class='ocrx_word' id='word_1_512' title='bbox 545 5189 742 5257; x_wconf 84' lang='grc' dir='ltr'>Ἴωμεν</span> <span class='ocrx_word' id='word_1_513' title='bbox 767 5188 824 5240; x_wconf 84' lang='grc' dir='ltr'>δὲ</span> <span class='ocrx_word' id='word_1_514' title='bbox 856 5189 1014 5244; x_wconf 85' lang='grc' dir='ltr'>πάλιν</span> <span class='ocrx_word' id='word_1_515' title='bbox 1042 5190 1395 5256; x_wconf 82' lang='grc' dir='ltr'>έξελίττοντες</span> <span class='ocrx_word' id='word_1_516' title='bbox 1428 5193 1518 5245; x_wconf 69' lang='grc' dir='ltr'><strong>ἐπὶ</strong></span> <span class='ocrx_word' id='word_1_517' title='bbox 1549 5195 1617 5246; x_wconf 85' lang='grc' dir='ltr'><strong>τά</strong></span> <span class='ocrx_word' id='word_1_518' title='bbox 1640 5193 1747 5245; x_wconf 85' lang='grc' dir='ltr'><strong>τῶν</strong></span> <span class='ocrx_word' id='word_1_519' title='bbox 1766 5193 1938 5262; x_wconf 83' lang='grc' dir='ltr'>λόγων</span> 
     </span>
    </p>
   </div>
   <div class='ocr_carea' id='block_1_72' title="bbox 381 5278 1936 5358">
    <p class='ocr_par' dir='ltr' id='par_1_72' title="bbox 381 5278 1936 5358">
     <span class='ocr_line' id='line_1_72' title="bbox 381 5278 1936 5358; baseline 0.003 -25"><span class='ocrx_word' id='word_1_520' title='bbox 381 5280 520 5350; x_wconf 80' lang='grc' dir='ltr'>τχνη.</span> <span class='ocrx_word' id='word_1_521' title='bbox 557 5279 620 5331; x_wconf 83' lang='grc' dir='ltr'>Τί</span> <span class='ocrx_word' id='word_1_522' title='bbox 652 5278 743 5335; x_wconf 77' lang='grc' dir='ltr'><strong>οὖν</strong></span> <span class='ocrx_word' id='word_1_523' title='bbox 763 5321 777 5346; x_wconf 89' lang='grc'><strong>,</strong></span> <span class='ocrx_word' id='word_1_524' title='bbox 807 5281 881 5345; x_wconf 85' lang='grc' dir='ltr'>ὡς</span> <span class='ocrx_word' id='word_1_525' title='bbox 913 5283 1074 5352; x_wconf 77' lang='grc' dir='ltr'>ἤρετο</span> <span class='ocrx_word' id='word_1_526' title='bbox 1104 5282 1202 5354; x_wconf 81' lang='grc' dir='ltr'><strong>τὴν</strong></span> <span class='ocrx_word' id='word_1_527' title='bbox 1231 5281 1658 5358; x_wconf 79' lang='grc' dir='ltr'>ὲγγαστρίμυθον</span> <span class='ocrx_word' id='word_1_528' title='bbox 1691 5287 1718 5338; x_wconf 87' lang='grc' dir='ltr'>ὁ</span> <span class='ocrx_word' id='word_1_529' title='bbox 1745 5286 1936 5353; x_wconf 82' lang='grc' dir='ltr'>Σαοὺλ,</span> 
     </span>
    </p>
   </div>
   <div class='ocr_carea' id='block_1_73' title="bbox 388 5367 1929 5448">
    <p class='ocr_par' dir='ltr' id='par_1_73' title="bbox 388 5367 1929 5448">
     <span class='ocr_line' id='line_1_73' title="bbox 388 5367 1929 5448; baseline 0.004 -25"><span class='ocrx_word' id='word_1_530' title='bbox 388 5372 448 5424; x_wconf 82' lang='grc' dir='ltr'><strong>Τι’</strong></span> <span class='ocrx_word' id='word_1_531' title='bbox 474 5368 764 5439; x_wconf 47' lang='grc' dir='ltr'>ἑώρακας</span> <span class='ocrx_word' id='word_1_532' title='bbox 799 5373 993 5439; x_wconf 77' lang='grc' dir='ltr'>εἰπών;</span> <span class='ocrx_word' id='word_1_533' title='bbox 1033 5375 1119 5428; x_wconf 88' lang='grc' dir='ltr'>Ἐν</span> <span class='ocrx_word' id='word_1_534' title='bbox 1140 5367 1441 5447; x_wconf 76' lang='grc' dir='ltr'>’πρώτοιςὴ</span> <span class='ocrx_word' id='word_1_535' title='bbox 1485 5374 1777 5448; x_wconf 79' lang='grc' dir='ltr'>παραπλὴξ</span> <span class='ocrx_word' id='word_1_536' title='bbox 1815 5376 1929 5429; x_wconf 87' lang='grc' dir='ltr'>ἀνθ-</span> 
     </span>
    </p>
   </div>
   <div class='ocr_carea' id='block_1_74' title="bbox 383 5460 1942 5536">
    <p class='ocr_par' dir='ltr' id='par_1_74' title="bbox 383 5460 1942 5536">
     <span class='ocr_line' id='line_1_74' title="bbox 383 5460 1942 5536; baseline 0.004 -22"><span class='ocrx_word' id='word_1_537' title='bbox 383 5460 730 5531; x_wconf 88' lang='grc' dir='ltr'>υπενέγκασα</span> <span class='ocrx_word' id='word_1_538' title='bbox 759 5463 855 5536; x_wconf 79' lang='grc' dir='ltr'>βοᾷ</span> <span class='ocrx_word' id='word_1_539' title='bbox 875 5483 886 5494; x_wconf 93' lang='grc'>·</span> <span class='ocrx_word' id='word_1_540' title='bbox 914 5466 1025 5518; x_wconf 79' lang='grc' dir='ltr'><strong>Καὶ</strong></span> <span class='ocrx_word' id='word_1_541' title='bbox 1069 5467 1241 5532; x_wconf 77' lang='grc' dir='ltr'>θεοὺς</span> <span class='ocrx_word' id='word_1_542' title='bbox 1263 5465 1488 5533; x_wconf 79' lang='grc' dir='ltr'>ἑώρακα</span> <span class='ocrx_word' id='word_1_543' title='bbox 1511 5467 1942 5533; x_wconf 72' lang='grc' dir='ltr'>ἀναϐαίνοντας</span> 
     </span>
    </p>
   </div>
   <div class='ocr_carea' id='block_1_75' title="bbox 380 5553 1940 5629">
    <p class='ocr_par' dir='ltr' id='par_1_75' title="bbox 380 5553 1940 5629">
     <span class='ocr_line' id='line_1_75' title="bbox 380 5553 1940 5629; baseline 0.004 -22"><span class='ocrx_word' id='word_1_544' title='bbox 380 5555 448 5608; x_wconf 81' lang='grc' dir='ltr'>ἐκ</span> <span class='ocrx_word' id='word_1_545' title='bbox 497 5554 604 5623; x_wconf 79' lang='grc' dir='ltr'>τῆς</span> <span class='ocrx_word' id='word_1_546' title='bbox 649 5553 792 5624; x_wconf 77' lang='grc' dir='ltr'>γῆς·</span> <span class='ocrx_word' id='word_1_547' title='bbox 847 5556 1030 5629; x_wconf 83' lang='grc' dir='ltr'>ἐπειδὴ</span> <span class='ocrx_word' id='word_1_548' title='bbox 1087 5557 1194 5629; x_wconf 84' lang='grc' dir='ltr'>γὰρ</span> <span class='ocrx_word' id='word_1_549' title='bbox 1253 5557 1499 5612; x_wconf 88' lang='grc' dir='ltr'>ἐϐούλετο</span> <span class='ocrx_word' id='word_1_550' title='bbox 1553 5559 1940 5629; x_wconf 79' lang='grc' dir='ltr'>ἐκτραχηλίσαι</span> 
     </span>
    </p>
   </div>
   <div class='ocr_carea' id='block_1_76' title="bbox 385 5646 1941 5720">
    <p class='ocr_par' dir='ltr' id='par_1_76' title="bbox 385 5646 1941 5720">
     <span class='ocr_line' id='line_1_76' title="bbox 385 5646 1941 5720; baseline 0.005 -24"><span class='ocrx_word' id='word_1_551' title='bbox 385 5646 651 5710; x_wconf 77' lang='grc' dir='ltr'>παντοίως</span> <span class='ocrx_word' id='word_1_552' title='bbox 685 5647 775 5702; x_wconf 86' lang='grc' dir='ltr'><strong>τὸν</strong></span> <span class='ocrx_word' id='word_1_553' title='bbox 817 5648 982 5719; x_wconf 81' lang='grc' dir='ltr'>ἄνδρα</span> <span class='ocrx_word' id='word_1_554' title='bbox 1024 5650 1375 5720; x_wconf 86' lang='grc' dir='ltr'>συναρπάσας</span> <span class='ocrx_word' id='word_1_555' title='bbox 1419 5652 1446 5704; x_wconf 85' lang='grc' dir='ltr'>ὁ</span> <span class='ocrx_word' id='word_1_556' title='bbox 1487 5649 1747 5717; x_wconf 85' lang='grc' dir='ltr'>διάϐολος,</span> <span class='ocrx_word' id='word_1_557' title='bbox 1794 5653 1941 5705; x_wconf 76' lang='grc' dir='ltr'>ἐπει-</span> 
     </span>
    </p>
   </div>
   <div class='ocr_carea' id='block_1_77' title="bbox 457 5827 1114 5900">
    <p class='ocr_par' dir='ltr' id='par_1_77' title="bbox 457 5827 1114 5900">
     <span class='ocr_line' id='line_1_77' title="bbox 457 5827 1114 5900; baseline 0.003 -19"><span class='ocrx_word' id='word_1_558' title='bbox 457 5830 498 5858; x_wconf 58' lang='lat'><strong>’3</strong></span> <span class='ocrx_word' id='word_1_559' title='bbox 536 5827 567 5882; x_wconf 80' lang='grc' dir='ltr'><em>Ι</em></span> <span class='ocrx_word' id='word_1_560' title='bbox 625 5827 745 5900; x_wconf 79' lang='lat' dir='ltr'><strong>Reg.</strong></span> <span class='ocrx_word' id='word_1_561' title='bbox 780 5845 972 5897; x_wconf 77' lang='lat' dir='ltr'><strong>xxvul,</strong></span> <span class='ocrx_word' id='word_1_562' title='bbox 1028 5829 1114 5884; x_wconf 77' lang='grc'><strong>15.</strong></span> 
     </span>
    </p>
   </div>
   <div class='ocr_carea' id='block_1_78' title="bbox 2031 1974 3596 2044">
    <p class='ocr_par' dir='ltr' id='par_1_78' title="bbox 2031 1974 3596 2044">
     <span class='ocr_line' id='line_1_78' title="bbox 2031 1974 3596 2044; baseline -0.008 -10"><span class='ocrx_word' id='word_1_563' title='bbox 2031 1988 2201 2034; x_wconf 89' lang='lat' dir='ltr'><strong>retur.</strong></span> <span class='ocrx_word' id='word_1_564' title='bbox 2239 1977 2330 2033; x_wconf 88' lang='lat' dir='ltr'><strong>Sic</strong></span> <span class='ocrx_word' id='word_1_565' title='bbox 2356 1977 2517 2032; x_wconf 86' lang='lat' dir='ltr'><strong>etiam</strong></span> <span class='ocrx_word' id='word_1_566' title='bbox 2551 1977 2635 2032; x_wconf 86' lang='lat' dir='ltr'><strong>his</strong></span> <span class='ocrx_word' id='word_1_567' title='bbox 2655 1977 2748 2044; x_wconf 92' lang='lat' dir='ltr'><strong>qui</strong></span> <span class='ocrx_word' id='word_1_568' title='bbox 2776 1974 2922 2030; x_wconf 91' lang='lat' dir='ltr'><strong>domi</strong></span> <span class='ocrx_word' id='word_1_569' title='bbox 2965 1977 3289 2037; x_wconf 82' lang='lat' dir='ltr'><strong>exuruntur,</strong></span> <span class='ocrx_word' id='word_1_570' title='bbox 3332 1985 3432 2041; x_wconf 90' lang='lat' dir='ltr'><strong>pro</strong></span> <span class='ocrx_word' id='word_1_571' title='bbox 3475 1982 3596 2023; x_wconf 86' lang='lat' dir='ltr'><strong>ma-</strong></span> 
     </span>
    </p>
   </div>
   <div class='ocr_carea' id='block_1_79' title="bbox 2033 2061 3590 2139">
    <p class='ocr_par' dir='ltr' id='par_1_79' title="bbox 2033 2061 3590 2139">
     <span class='ocr_line' id='line_1_79' title="bbox 2033 2061 3590 2139; baseline -0.005 -15"><span class='ocrx_word' id='word_1_572' title='bbox 2033 2070 2211 2124; x_wconf 83' lang='lat' dir='ltr'><strong>chinis</strong></span> <span class='ocrx_word' id='word_1_573' title='bbox 2245 2069 2310 2123; x_wconf 89' lang='lat' dir='ltr'><strong>ad</strong></span> <span class='ocrx_word' id='word_1_574' title='bbox 2340 2070 2516 2139; x_wconf 87' lang='lat' dir='ltr'><strong>ignem</strong></span> <span class='ocrx_word' id='word_1_575' title='bbox 2539 2065 2994 2138; x_wconf 75' lang='lat' dir='ltr'><strong>exstinguendum</strong></span> <span class='ocrx_word' id='word_1_576' title='bbox 3031 2063 3372 2134; x_wconf 82' lang='lat' dir='ltr'><strong>adaptandis,</strong></span> <span class='ocrx_word' id='word_1_577' title='bbox 3411 2061 3590 2116; x_wconf 87' lang='lat' dir='ltr'><strong>oleum</strong></span> 
     </span>
    </p>
   </div>
   <div class='ocr_carea' id='block_1_80' title="bbox 2033 2150 3592 2230">
    <p class='ocr_par' dir='ltr' id='par_1_80' title="bbox 2033 2150 3592 2230">
     <span class='ocr_line' id='line_1_80' title="bbox 2033 2150 3592 2230; baseline -0.007 -14"><span class='ocrx_word' id='word_1_578' title='bbox 2033 2168 2086 2216; x_wconf 91' lang='lat' dir='ltr'><strong>et</strong></span> <span class='ocrx_word' id='word_1_579' title='bbox 2111 2161 2283 2230; x_wconf 89' lang='lat' dir='ltr'><strong>picem</strong></span> <span class='ocrx_word' id='word_1_580' title='bbox 2318 2160 2363 2212; x_wconf 86' lang='lat' dir='ltr'><strong>si</strong></span> <span class='ocrx_word' id='word_1_581' title='bbox 2390 2159 2512 2228; x_wconf 91' lang='lat' dir='ltr'><strong>quis</strong></span> <span class='ocrx_word' id='word_1_582' title='bbox 2546 2155 2978 2227; x_wconf 82' lang='lat' dir='ltr'><strong>superinfundet,</strong></span> <span class='ocrx_word' id='word_1_583' title='bbox 3004 2153 3059 2208; x_wconf 89' lang='lat' dir='ltr'><strong>in</strong></span> <span class='ocrx_word' id='word_1_584' title='bbox 3086 2155 3408 2209; x_wconf 88' lang='lat' dir='ltr'><strong>immensum</strong></span> <span class='ocrx_word' id='word_1_585' title='bbox 3437 2150 3592 2222; x_wconf 84' lang='lat' dir='ltr'><strong>llam-</strong></span> 
     </span>
    </p>
   </div>
   <div class='ocr_carea' id='block_1_81' title="bbox 2033 2243 3592 2319">
    <p class='ocr_par' dir='ltr' id='par_1_81' title="bbox 2033 2243 3592 2319">
     <span class='ocr_line' id='line_1_81' title="bbox 2033 2243 3592 2319; baseline -0.006 -13"><span class='ocrx_word' id='word_1_586' title='bbox 2033 2267 2152 2308; x_wconf 89' lang='lat' dir='ltr'><strong>mas</strong></span> <span class='ocrx_word' id='word_1_587' title='bbox 2193 2250 2470 2317; x_wconf 80' lang='lat' dir='ltr'><strong>excitabit,</strong></span> <span class='ocrx_word' id='word_1_588' title='bbox 2503 2264 2622 2319; x_wconf 73' lang='lat' dir='ltr'><strong>quae</strong></span> <span class='ocrx_word' id='word_1_589' title='bbox 2676 2248 2768 2302; x_wconf 89' lang='lat' dir='ltr'><strong>ubi</strong></span> <span class='ocrx_word' id='word_1_590' title='bbox 2811 2247 3109 2308; x_wconf 76' lang='lat' dir='ltr'><strong>invaluere,</strong></span> <span class='ocrx_word' id='word_1_591' title='bbox 3163 2245 3363 2300; x_wconf 90' lang='lat' dir='ltr'><strong>malum</strong></span> <span class='ocrx_word' id='word_1_592' title='bbox 3409 2243 3592 2312; x_wconf 84' lang='lat' dir='ltr'><strong>majus</strong></span> 
     </span>
    </p>
   </div>
   <div class='ocr_carea' id='block_1_82' title="bbox 2035 2334 3594 2413">
    <p class='ocr_par' dir='ltr' id='par_1_82' title="bbox 2035 2334 3594 2413">
     <span class='ocr_line' id='line_1_82' title="bbox 2035 2334 3594 2413; baseline -0.004 -15"><span class='ocrx_word' id='word_1_593' title='bbox 2035 2342 2298 2407; x_wconf 82' lang='lat' dir='ltr'><strong>exoritur,</strong></span> <span class='ocrx_word' id='word_1_594' title='bbox 2325 2343 2570 2413; x_wconf 76' lang='lat' dir='ltr'><strong>ignisque</strong></span> <span class='ocrx_word' id='word_1_595' title='bbox 2603 2341 2783 2410; x_wconf 86' lang='lat' dir='ltr'><strong>inepte</strong></span> <span class='ocrx_word' id='word_1_596' title='bbox 2822 2346 3010 2394; x_wconf 85' lang='lat' dir='ltr'><strong>contra</strong></span> <span class='ocrx_word' id='word_1_597' title='bbox 3041 2338 3219 2408; x_wconf 87' lang='lat' dir='ltr'><strong>ignem</strong></span> <span class='ocrx_word' id='word_1_598' title='bbox 3251 2334 3594 2391; x_wconf 70' lang='lat' dir='ltr'><strong>accenditur.</strong></span> 
     </span>
    </p>
   </div>
   <div class='ocr_carea' id='block_1_83' title="bbox 2039 2425 3592 2504">
    <p class='ocr_par' dir='ltr' id='par_1_83' title="bbox 2039 2425 3592 2504">
     <span class='ocr_line' id='line_1_83' title="bbox 2039 2425 3592 2504; baseline -0.006 -18"><span class='ocrx_word' id='word_1_599' title='bbox 2039 2433 2129 2487; x_wconf 91' lang='lat' dir='ltr'><strong>Sic</strong></span> <span class='ocrx_word' id='word_1_600' title='bbox 2162 2433 2325 2504; x_wconf 80' lang='lat' dir='ltr'><strong>igitur</strong></span> <span class='ocrx_word' id='word_1_601' title='bbox 2362 2433 2503 2502; x_wconf 86' lang='lat' dir='ltr'><strong>magi</strong></span> <span class='ocrx_word' id='word_1_602' title='bbox 2539 2447 2634 2500; x_wconf 90' lang='lat' dir='ltr'><strong>per</strong></span> <span class='ocrx_word' id='word_1_603' title='bbox 2683 2446 2747 2485; x_wconf 88' lang='lat' dir='ltr'><strong>ea</strong></span> <span class='ocrx_word' id='word_1_604' title='bbox 2789 2445 2908 2500; x_wconf 66' lang='lat' dir='ltr'><strong>quae</strong></span> <span class='ocrx_word' id='word_1_605' title='bbox 2961 2427 3245 2482; x_wconf 87' lang='lat' dir='ltr'><strong>ambitiose</strong></span> <span class='ocrx_word' id='word_1_606' title='bbox 3288 2425 3592 2489; x_wconf 83' lang='lat' dir='ltr'><strong>tentabant,</strong></span> 
     </span>
    </p>
   </div>
   <div class='ocr_carea' id='block_1_84' title="bbox 2037 2518 3590 2593">
    <p class='ocr_par' dir='ltr' id='par_1_84' title="bbox 2037 2518 3590 2593">
     <span class='ocr_line' id='line_1_84' title="bbox 2037 2518 3590 2593; baseline -0.006 -13"><span class='ocrx_word' id='word_1_607' title='bbox 2037 2525 2320 2581; x_wconf 83' lang='lat' dir='ltr'><strong>manifeste</strong></span> <span class='ocrx_word' id='word_1_608' title='bbox 2353 2523 2915 2593; x_wconf 83' lang='lat' dir='ltr'><strong>deprehendebantur,</strong></span> <span class='ocrx_word' id='word_1_609' title='bbox 2973 2527 3183 2575; x_wconf 89' lang='lat' dir='ltr'><strong>tantum</strong></span> <span class='ocrx_word' id='word_1_610' title='bbox 3241 2518 3409 2573; x_wconf 86' lang='lat' dir='ltr'><strong>animi</strong></span> <span class='ocrx_word' id='word_1_611' title='bbox 3454 2532 3590 2571; x_wconf 54' lang='lat' dir='ltr'><strong>cona</strong></span> 
     </span>
    </p>
   </div>
   <div class='ocr_carea' id='block_1_85' title="bbox 2036 2608 3594 2689">
    <p class='ocr_par' dir='ltr' id='par_1_85' title="bbox 2036 2608 3594 2689">
     <span class='ocr_line' id='line_1_85' title="bbox 2036 2608 3594 2689; baseline -0.007 -16"><span class='ocrx_word' id='word_1_612' title='bbox 2036 2627 2193 2689; x_wconf 87' lang='lat' dir='ltr'><strong>ceptu</strong></span> <span class='ocrx_word' id='word_1_613' title='bbox 2225 2625 2387 2686; x_wconf 88' lang='lat' dir='ltr'><strong>atque</strong></span> <span class='ocrx_word' id='word_1_614' title='bbox 2411 2614 2686 2687; x_wconf 82' lang='lat' dir='ltr'><strong>Opinione,</strong></span> <span class='ocrx_word' id='word_1_615' title='bbox 2718 2623 2777 2668; x_wconf 91' lang='lat' dir='ltr'><strong>ut</strong></span> <span class='ocrx_word' id='word_1_616' title='bbox 2821 2615 2923 2669; x_wconf 87' lang='lat' dir='ltr'><strong>sibi</strong></span> <span class='ocrx_word' id='word_1_617' title='bbox 2957 2613 3302 2675; x_wconf 86' lang='lat' dir='ltr'><strong>videbantur,</strong></span> <span class='ocrx_word' id='word_1_618' title='bbox 3352 2608 3594 2664; x_wconf 88' lang='lat' dir='ltr'><strong>animum</strong></span> 
     </span>
    </p>
   </div>
   <div class='ocr_carea' id='block_1_86' title="bbox 2037 2701 3592 2778">
    <p class='ocr_par' dir='ltr' id='par_1_86' title="bbox 2037 2701 3592 2778">
     <span class='ocr_line' id='line_1_86' title="bbox 2037 2701 3592 2778; baseline -0.007 -13"><span class='ocrx_word' id='word_1_619' title='bbox 2037 2711 2358 2766; x_wconf 85' lang='lat' dir='ltr'><strong>obiectasse.</strong></span> <span class='ocrx_word' id='word_1_620' title='bbox 2393 2707 2630 2778; x_wconf 81' lang='lat' dir='ltr'><strong>Indeque</strong></span> <span class='ocrx_word' id='word_1_621' title='bbox 2657 2707 2724 2762; x_wconf 85' lang='lat' dir='ltr'><strong>ad</strong></span> <span class='ocrx_word' id='word_1_622' title='bbox 2750 2706 2865 2761; x_wconf 75' lang='lat' dir='ltr'><strong>haec</strong></span> <span class='ocrx_word' id='word_1_623' title='bbox 2899 2713 3140 2774; x_wconf 86' lang='lat' dir='ltr'><strong>tempora</strong></span> <span class='ocrx_word' id='word_1_624' title='bbox 3173 2701 3338 2774; x_wconf 89' lang='lat' dir='ltr'><strong>(quod</strong></span> <span class='ocrx_word' id='word_1_625' title='bbox 3375 2715 3486 2755; x_wconf 87' lang='lat' dir='ltr'><strong>non</strong></span> <span class='ocrx_word' id='word_1_626' title='bbox 3508 2705 3592 2756; x_wconf 88' lang='lat' dir='ltr'><strong>est</strong></span> 
     </span>
    </p>
   </div>
   <div class='ocr_carea' id='block_1_87' title="bbox 2037 2793 3591 2874">
    <p class='ocr_par' dir='ltr' id='par_1_87' title="bbox 2037 2793 3591 2874">
     <span class='ocr_line' id='line_1_87' title="bbox 2037 2793 3591 2874; baseline -0.006 -18"><span class='ocrx_word' id='word_1_627' title='bbox 2037 2801 2256 2858; x_wconf 86' lang='lat' dir='ltr'><strong>diflicile</strong></span> <span class='ocrx_word' id='word_1_628' title='bbox 2284 2798 2545 2874; x_wconf 81' lang='lat' dir='ltr'><strong>cogitatu)</strong></span> <span class='ocrx_word' id='word_1_629' title='bbox 2583 2799 2692 2855; x_wconf 88' lang='lat' dir='ltr'><strong>illis</strong></span> <span class='ocrx_word' id='word_1_630' title='bbox 2721 2799 2891 2854; x_wconf 90' lang='lat' dir='ltr'><strong>multo</strong></span> <span class='ocrx_word' id='word_1_631' title='bbox 2933 2797 3141 2868; x_wconf 87' lang='lat' dir='ltr'><strong>majora</strong></span> <span class='ocrx_word' id='word_1_632' title='bbox 3191 2793 3491 2865; x_wconf 87' lang='lat' dir='ltr'><strong>maiorique</strong></span> <span class='ocrx_word' id='word_1_633' title='bbox 3534 2793 3591 2847; x_wconf 90' lang='lat' dir='ltr'><strong>in</strong></span> 
     </span>
    </p>
   </div>
   <div class='ocr_carea' id='block_1_88' title="bbox 2038 2881 3594 2962">
    <p class='ocr_par' dir='ltr' id='par_1_88' title="bbox 2038 2881 3594 2962">
     <span class='ocr_line' id='line_1_88' title="bbox 2038 2881 3594 2962; baseline -0.006 -16"><span class='ocrx_word' id='word_1_634' title='bbox 2038 2891 2194 2962; x_wconf 89' lang='lat' dir='ltr'><strong>copia</strong></span> <span class='ocrx_word' id='word_1_635' title='bbox 2227 2891 2284 2945; x_wconf 87' lang='lat' dir='ltr'><strong>in</strong></span> <span class='ocrx_word' id='word_1_636' title='bbox 2326 2890 2554 2946; x_wconf 85' lang='lat' dir='ltr'><strong>theatris</strong></span> <span class='ocrx_word' id='word_1_637' title='bbox 2601 2887 2887 2944; x_wconf 83' lang='lat' dir='ltr'><strong>saecularii</strong></span> <span class='ocrx_word' id='word_1_638' title='bbox 2935 2888 3004 2943; x_wconf 90' lang='lat' dir='ltr'><strong>de</strong></span> <span class='ocrx_word' id='word_1_639' title='bbox 3050 2901 3202 2942; x_wconf 88' lang='lat' dir='ltr'><strong>more</strong></span> <span class='ocrx_word' id='word_1_640' title='bbox 3248 2885 3460 2940; x_wconf 87' lang='lat' dir='ltr'><strong>ludunt.</strong></span> <span class='ocrx_word' id='word_1_641' title='bbox 3488 2881 3594 2948; x_wconf 87' lang='lat' dir='ltr'><strong>Qui</strong></span> 
     </span>
    </p>
   </div>
   <div class='ocr_carea' id='block_1_89' title="bbox 2039 2977 3594 3050">
    <p class='ocr_par' dir='ltr' id='par_1_89' title="bbox 2039 2977 3594 3050">
     <span class='ocr_line' id='line_1_89' title="bbox 2039 2977 3594 3050; baseline -0.002 -13"><span class='ocrx_word' id='word_1_642' title='bbox 2039 2993 2220 3038; x_wconf 86' lang='lat' dir='ltr'><strong>tamen</strong></span> <span class='ocrx_word' id='word_1_643' title='bbox 2249 2982 2508 3038; x_wconf 78' lang='lat' dir='ltr'><strong>facultate</strong></span> <span class='ocrx_word' id='word_1_644' title='bbox 2550 2998 2580 3038; x_wconf 93' lang='lat' dir='ltr'><strong>e</strong></span> <span class='ocrx_word' id='word_1_645' title='bbox 2608 2997 2670 3036; x_wconf 83' lang='lat' dir='ltr'><strong>re</strong></span> <span class='ocrx_word' id='word_1_646' title='bbox 2706 2987 2833 3035; x_wconf 88' lang='lat' dir='ltr'><strong>nata</strong></span> <span class='ocrx_word' id='word_1_647' title='bbox 2857 2983 2983 3035; x_wconf 77' lang='lat' dir='ltr'><strong>vani</strong></span> <span class='ocrx_word' id='word_1_648' title='bbox 3032 2979 3282 3050; x_wconf 91' lang='lat' dir='ltr'><strong>irritique</strong></span> <span class='ocrx_word' id='word_1_649' title='bbox 3315 2979 3476 3050; x_wconf 86' lang='lat' dir='ltr'><strong>plane</strong></span> <span class='ocrx_word' id='word_1_650' title='bbox 3499 2977 3594 3034; x_wconf 79' lang='lat' dir='ltr'><strong>de-</strong></span> 
     </span>
    </p>
   </div>
   <div class='ocr_carea' id='block_1_90' title="bbox 2039 3069 3595 3147">
    <p class='ocr_par' dir='ltr' id='par_1_90' title="bbox 2039 3069 3595 3147">
     <span class='ocr_line' id='line_1_90' title="bbox 2039 3069 3595 3147; baseline -0.005 -16"><span class='ocrx_word' id='word_1_651' title='bbox 2039 3075 2292 3147; x_wconf 82' lang='lat' dir='ltr'><strong>prehensi</strong></span> <span class='ocrx_word' id='word_1_652' title='bbox 2321 3074 2669 3139; x_wconf 89' lang='lat' dir='ltr'><strong>ceciderunt;</strong></span> <span class='ocrx_word' id='word_1_653' title='bbox 2698 3079 2752 3128; x_wconf 91' lang='lat' dir='ltr'><strong>et</strong></span> <span class='ocrx_word' id='word_1_654' title='bbox 2771 3071 3126 3128; x_wconf 85' lang='lat' dir='ltr'><strong>nihilominus</strong></span> <span class='ocrx_word' id='word_1_655' title='bbox 3151 3069 3434 3141; x_wconf 87' lang='lat' dir='ltr'><strong>Scriptura</strong></span> <span class='ocrx_word' id='word_1_656' title='bbox 3466 3084 3595 3124; x_wconf 89' lang='lat' dir='ltr'><strong>nar-</strong></span> 
     </span>
    </p>
   </div>
   <div class='ocr_carea' id='block_1_91' title="bbox 2039 3147 3598 3236">
    <p class='ocr_par' dir='ltr' id='par_1_91' title="bbox 2039 3147 3598 3236">
     <span class='ocr_line' id='line_1_91' title="bbox 2039 3147 3598 3236; baseline -0.006 -12"><span class='ocrx_word' id='word_1_657' title='bbox 2039 3177 2124 3225; x_wconf 89' lang='lat' dir='ltr'><strong>rat</strong></span> <span class='ocrx_word' id='word_1_658' title='bbox 2156 3189 2168 3224; x_wconf 89' lang='lat'>:</span> <span class='ocrx_word' id='word_1_659' title='bbox 2195 3167 2264 3221; x_wconf 87' lang='lat' dir='ltr'><strong>Et</strong></span> <span class='ocrx_word' id='word_1_660' title='bbox 2314 3167 2549 3236; x_wconf 70' lang='lat' dir='ltr'><strong>lacerant</strong></span> <span class='ocrx_word' id='word_1_661' title='bbox 2597 3147 2969 3235; x_wconf 63' lang='lat' dir='ltr'><strong>Egyptiarum</strong></span> <span class='ocrx_word' id='word_1_662' title='bbox 3008 3164 3363 3218; x_wconf 70' lang='lat' dir='ltr'><strong>incantatam:</strong></span> <span class='ocrx_word' id='word_1_663' title='bbox 3392 3178 3486 3232; x_wconf 73' lang='lat' dir='ltr'><strong>per</strong></span> <span class='ocrx_word' id='word_1_664' title='bbox 3514 3163 3598 3216; x_wconf 87' lang='lat' dir='ltr'><strong>in-</strong></span> 
     </span>
    </p>
   </div>
   <div class='ocr_carea' id='block_1_92' title="bbox 2038 3255 3595 3326">
    <p class='ocr_par' dir='ltr' id='par_1_92' title="bbox 2038 3255 3595 3326">
     <span class='ocr_line' id='line_1_92' title="bbox 2038 3255 3595 3326; baseline -0.004 -12"><span class='ocrx_word' id='word_1_665' title='bbox 2038 3260 2364 3314; x_wconf 81' lang='lat' dir='ltr'><strong>cantationes</strong></span> <span class='ocrx_word' id='word_1_666' title='bbox 2388 3273 2569 3312; x_wconf 85' lang='lat' dir='ltr'><strong>eorum</strong></span> <span class='ocrx_word' id='word_1_667' title='bbox 2612 3256 2874 3312; x_wconf 83' lang='lat' dir='ltr'><strong>similiter.</strong></span> <span class='ocrx_word' id='word_1_668' title='bbox 2903 3255 3198 3310; x_wconf 90' lang='lat' dir='ltr'><strong>Dicendum</strong></span> <span class='ocrx_word' id='word_1_669' title='bbox 3245 3256 3429 3326; x_wconf 89' lang='lat' dir='ltr'><strong>itaque</strong></span> <span class='ocrx_word' id='word_1_670' title='bbox 3457 3262 3595 3319; x_wconf 87' lang='lat' dir='ltr'><strong>erat,</strong></span> 
     </span>
    </p>
   </div>
   <div class='ocr_carea' id='block_1_93' title="bbox 2039 3346 3596 3421">
    <p class='ocr_par' dir='ltr' id='par_1_93' title="bbox 2039 3346 3596 3421">
     <span class='ocr_line' id='line_1_93' title="bbox 2039 3346 3596 3421; baseline -0.004 -15"><span class='ocrx_word' id='word_1_671' title='bbox 2039 3360 2097 3406; x_wconf 85' lang='lat' dir='ltr'><strong>ut</strong></span> <span class='ocrx_word' id='word_1_672' title='bbox 2130 3352 2442 3421; x_wconf 85' lang='lat' dir='ltr'><strong>dogmatum</strong></span> <span class='ocrx_word' id='word_1_673' title='bbox 2475 3349 2617 3404; x_wconf 88' lang='lat' dir='ltr'><strong>lator</strong></span> <span class='ocrx_word' id='word_1_674' title='bbox 2661 3346 2923 3418; x_wconf 80' lang='lat' dir='ltr'><strong>Origenes</strong></span> <span class='ocrx_word' id='word_1_675' title='bbox 2977 3349 3134 3419; x_wconf 86' lang='lat' dir='ltr'><strong>quasi</strong></span> <span class='ocrx_word' id='word_1_676' title='bbox 3174 3349 3293 3419; x_wconf 88' lang='lat' dir='ltr'><strong>lege</strong></span> <span class='ocrx_word' id='word_1_677' title='bbox 3345 3346 3596 3409; x_wconf 89' lang='lat' dir='ltr'><strong>sancivit,</strong></span> 
     </span>
    </p>
   </div>
   <div class='ocr_carea' id='block_1_94' title="bbox 2039 3437 3600 3508">
    <p class='ocr_par' dir='ltr' id='par_1_94' title="bbox 2039 3437 3600 3508">
     <span class='ocr_line' id='line_1_94' title="bbox 2039 3437 3600 3508; baseline -0.005 -11"><span class='ocrx_word' id='word_1_678' title='bbox 2039 3443 2300 3497; x_wconf 85' lang='lat' dir='ltr'><strong>Fecerunt</strong></span> <span class='ocrx_word' id='word_1_679' title='bbox 2361 3449 2539 3495; x_wconf 83' lang='lat' dir='ltr'><strong>autem</strong></span> <span class='ocrx_word' id='word_1_680' title='bbox 2584 3439 2783 3493; x_wconf 75' lang='lat' dir='ltr'><strong>similia</strong></span> <span class='ocrx_word' id='word_1_681' title='bbox 2847 3439 3174 3508; x_wconf 82' lang='lat' dir='ltr'><strong>apparitione</strong></span> <span class='ocrx_word' id='word_1_682' title='bbox 3242 3437 3600 3491; x_wconf 67' lang='lat' dir='ltr'><strong>incantatam:</strong></span> 
     </span>
    </p>
   </div>
   <div class='ocr_carea' id='block_1_95' title="bbox 2001 3527 3602 3606">
    <p class='ocr_par' dir='ltr' id='par_1_95' title="bbox 2001 3527 3602 3606">
     <span class='ocr_line' id='line_1_95' title="bbox 2001 3527 3602 3606; baseline -0.005 -17"><span class='ocrx_word' id='word_1_683' title='bbox 2001 3554 2006 3560; x_wconf 94' lang='grc'>·</span> <span class='ocrx_word' id='word_1_684' title='bbox 2039 3534 2434 3606; x_wconf 64' lang='lat' dir='ltr'><strong>ngypliorum,</strong></span> <span class='ocrx_word' id='word_1_685' title='bbox 2473 3539 2528 3586; x_wconf 90' lang='lat' dir='ltr'><strong>et</strong></span> <span class='ocrx_word' id='word_1_686' title='bbox 2553 3545 2667 3585; x_wconf 91' lang='lat' dir='ltr'><strong>non</strong></span> <span class='ocrx_word' id='word_1_687' title='bbox 2717 3531 2993 3594; x_wconf 82' lang='lat' dir='ltr'><strong>similiter;</strong></span> <span class='ocrx_word' id='word_1_688' title='bbox 3023 3544 3092 3584; x_wconf 91' lang='lat' dir='ltr'><strong>ne</strong></span> <span class='ocrx_word' id='word_1_689' title='bbox 3119 3528 3243 3600; x_wconf 90' lang='lat' dir='ltr'><strong>quis</strong></span> <span class='ocrx_word' id='word_1_690' title='bbox 3291 3527 3602 3598; x_wconf 57' lang='lat' dir='ltr'><strong>suspicare.</strong></span> 
     </span>
    </p>
   </div>
   <div class='ocr_carea' id='block_1_96' title="bbox 2039 3617 3601 3691">
    <p class='ocr_par' dir='ltr' id='par_1_96' title="bbox 2039 3617 3601 3691">
     <span class='ocr_line' id='line_1_96' title="bbox 2039 3617 3601 3691; baseline -0.003 -13"><span class='ocrx_word' id='word_1_691' title='bbox 2039 3635 2128 3679; x_wconf 85' lang='lat' dir='ltr'><strong>tur</strong></span> <span class='ocrx_word' id='word_1_692' title='bbox 2155 3641 2219 3680; x_wconf 79' lang='lat' dir='ltr'><strong>ex</strong></span> <span class='ocrx_word' id='word_1_693' title='bbox 2248 3623 2435 3678; x_wconf 87' lang='lat' dir='ltr'><strong>eadem</strong></span> <span class='ocrx_word' id='word_1_694' title='bbox 2492 3628 2760 3691; x_wconf 88' lang='lat' dir='ltr'><strong>potestate</strong></span> <span class='ocrx_word' id='word_1_695' title='bbox 2809 3618 3058 3690; x_wconf 87' lang='lat' dir='ltr'><strong>produci.</strong></span> <span class='ocrx_word' id='word_1_696' title='bbox 3116 3617 3250 3671; x_wconf 90' lang='lat' dir='ltr'><strong>Nam</strong></span> <span class='ocrx_word' id='word_1_697' title='bbox 3301 3617 3348 3674; x_wconf 85' lang='lat' dir='ltr'><strong>si</strong></span> <span class='ocrx_word' id='word_1_698' title='bbox 3404 3617 3601 3674; x_wconf 86' lang='lat' dir='ltr'><strong>similia</strong></span> 
     </span>
    </p>
   </div>
   <div class='ocr_carea' id='block_1_97' title="bbox 2038 3709 3603 3776">
    <p class='ocr_par' dir='ltr' id='par_1_97' title="bbox 2038 3709 3603 3776">
     <span class='ocr_line' id='line_1_97' title="bbox 2038 3709 3603 3776; baseline -0.004 -5"><span class='ocrx_word' id='word_1_699' title='bbox 2038 3714 2292 3772; x_wconf 83' lang='lat' dir='ltr'><strong>Mosaicis</strong></span> <span class='ocrx_word' id='word_1_700' title='bbox 2332 3715 2442 3771; x_wconf 88' lang='lat' dir='ltr'><strong>illis</strong></span> <span class='ocrx_word' id='word_1_701' title='bbox 2492 3712 2815 3770; x_wconf 83' lang='lat' dir='ltr'><strong>conﬁciendi</strong></span> <span class='ocrx_word' id='word_1_702' title='bbox 2863 3712 3093 3766; x_wconf 88' lang='lat' dir='ltr'><strong>facultas</strong></span> <span class='ocrx_word' id='word_1_703' title='bbox 3139 3709 3353 3776; x_wconf 88' lang='lat' dir='ltr'><strong>fuisset,</strong></span> <span class='ocrx_word' id='word_1_704' title='bbox 3407 3709 3603 3766; x_wconf 86' lang='lat' dir='ltr'><strong>fuisset</strong></span> 
     </span>
    </p>
   </div>
   <div class='ocr_carea' id='block_1_98' title="bbox 2039 3799 3604 3879">
    <p class='ocr_par' dir='ltr' id='par_1_98' title="bbox 2039 3799 3604 3879">
     <span class='ocr_line' id='line_1_98' title="bbox 2039 3799 3604 3879; baseline -0.006 -15"><span class='ocrx_word' id='word_1_705' title='bbox 2039 3809 2227 3879; x_wconf 89' lang='lat' dir='ltr'><strong>utique</strong></span> <span class='ocrx_word' id='word_1_706' title='bbox 2278 3806 2466 3864; x_wconf 81' lang='lat' dir='ltr'><strong>eadem</strong></span> <span class='ocrx_word' id='word_1_707' title='bbox 2519 3807 2732 3861; x_wconf 87' lang='lat' dir='ltr'><strong>ratione</strong></span> <span class='ocrx_word' id='word_1_708' title='bbox 2783 3805 2969 3859; x_wconf 88' lang='lat' dir='ltr'><strong>hostes</strong></span> <span class='ocrx_word' id='word_1_709' title='bbox 3035 3799 3370 3866; x_wconf 87' lang='lat' dir='ltr'><strong>ulciscendi,</strong></span> <span class='ocrx_word' id='word_1_710' title='bbox 3413 3801 3486 3853; x_wconf 86' lang='lat' dir='ltr'><strong>ita</strong></span> <span class='ocrx_word' id='word_1_711' title='bbox 3541 3809 3604 3854; x_wconf 90' lang='lat' dir='ltr'><strong>ut</strong></span> 
     </span>
    </p>
   </div>
   <div class='ocr_carea' id='block_1_99' title="bbox 2042 3890 3606 3971">
    <p class='ocr_par' dir='ltr' id='par_1_99' title="bbox 2042 3890 3606 3971">
     <span class='ocr_line' id='line_1_99' title="bbox 2042 3890 3606 3971; baseline -0.007 -16"><span class='ocrx_word' id='word_1_712' title='bbox 2042 3901 2297 3971; x_wconf 88' lang='lat' dir='ltr'><strong>utrinque</strong></span> <span class='ocrx_word' id='word_1_713' title='bbox 2321 3913 2475 3968; x_wconf 58' lang='lat' dir='ltr'><strong>aequo</strong></span> <span class='ocrx_word' id='word_1_714' title='bbox 2516 3896 2686 3952; x_wconf 75' lang='lat' dir='ltr'><strong>Marte</strong></span> <span class='ocrx_word' id='word_1_715' title='bbox 2713 3893 3031 3951; x_wconf 88' lang='lat' dir='ltr'><strong>certandum</strong></span> <span class='ocrx_word' id='word_1_716' title='bbox 3060 3892 3218 3947; x_wconf 91' lang='lat' dir='ltr'><strong>foret.</strong></span> <span class='ocrx_word' id='word_1_717' title='bbox 3246 3890 3303 3944; x_wconf 90' lang='lat' dir='ltr'><strong>Si</strong></span> <span class='ocrx_word' id='word_1_718' title='bbox 3329 3905 3458 3945; x_wconf 85' lang='lat' dir='ltr'><strong>vero</strong></span> <span class='ocrx_word' id='word_1_719' title='bbox 3490 3891 3606 3944; x_wconf 85' lang='lat' dir='ltr'><strong>nul-</strong></span> 
     </span>
    </p>
   </div>
   <div class='ocr_carea' id='block_1_100' title="bbox 2049 3981 3597 4062">
    <p class='ocr_par' dir='ltr' id='par_1_100' title="bbox 2049 3981 3597 4062">
     <span class='ocr_line' id='line_1_100' title="bbox 2049 3981 3597 4062; baseline -0.005 -19"><span class='ocrx_word' id='word_1_720' title='bbox 2049 3989 2132 4048; x_wconf 93' lang='lat' dir='ltr'><strong>lus</strong></span> <span class='ocrx_word' id='word_1_721' title='bbox 2157 4007 2253 4062; x_wconf 90' lang='lat' dir='ltr'><strong>per</strong></span> <span class='ocrx_word' id='word_1_722' title='bbox 2285 4005 2405 4059; x_wconf 64' lang='lat' dir='ltr'><strong>qua</strong></span> <span class='ocrx_word' id='word_1_723' title='bbox 2425 3988 2784 4046; x_wconf 76' lang='lat' dir='ltr'><strong>eﬂormabant</strong></span> <span class='ocrx_word' id='word_1_724' title='bbox 2809 3984 3126 4050; x_wconf 86' lang='lat' dir='ltr'><strong>laedebatur,</strong></span> <span class='ocrx_word' id='word_1_725' title='bbox 3176 3981 3420 4037; x_wconf 89' lang='lat' dir='ltr'><strong>abutitur</strong></span> <span class='ocrx_word' id='word_1_726' title='bbox 3464 3997 3597 4052; x_wconf 86' lang='lat' dir='ltr'><strong>ergo</strong></span> 
     </span>
    </p>
   </div>
   <div class='ocr_carea' id='block_1_101' title="bbox 2042 4073 3602 4151">
    <p class='ocr_par' dir='ltr' id='par_1_101' title="bbox 2042 4073 3602 4151">
     <span class='ocr_line' id='line_1_101' title="bbox 2042 4073 3602 4151; baseline -0.007 -13"><span class='ocrx_word' id='word_1_727' title='bbox 2042 4098 2312 4148; x_wconf 87' lang='lat' dir='ltr'><strong>sermone,</strong></span> <span class='ocrx_word' id='word_1_728' title='bbox 2354 4081 2762 4151; x_wconf 65' lang='lat' dir='ltr'><strong>manifestisque</strong></span> <span class='ocrx_word' id='word_1_729' title='bbox 2795 4077 2932 4132; x_wconf 86' lang='lat' dir='ltr'><strong>fiunt</strong></span> <span class='ocrx_word' id='word_1_730' title='bbox 2981 4076 3288 4132; x_wconf 73' lang='lat' dir='ltr'><strong>inauimata:</strong></span> <span class='ocrx_word' id='word_1_731' title='bbox 3339 4073 3602 4144; x_wconf 84' lang='lat' dir='ltr'><strong>imagina-</strong></span> 
     </span>
    </p>
   </div>
   <div class='ocr_carea' id='block_1_102' title="bbox 2042 4167 3603 4246">
    <p class='ocr_par' dir='ltr' id='par_1_102' title="bbox 2042 4167 3603 4246">
     <span class='ocr_line' id='line_1_102' title="bbox 2042 4167 3603 4246; baseline -0.004 -17"><span class='ocrx_word' id='word_1_732' title='bbox 2042 4175 2208 4230; x_wconf 90' lang='lat' dir='ltr'><strong>tionis</strong></span> <span class='ocrx_word' id='word_1_733' title='bbox 2255 4175 2486 4246; x_wconf 86' lang='lat' dir='ltr'><strong>species.</strong></span> <span class='ocrx_word' id='word_1_734' title='bbox 2543 4171 3010 4241; x_wconf 79' lang='lat' dir='ltr'><strong>Quemadmodum</strong></span> <span class='ocrx_word' id='word_1_735' title='bbox 3057 4177 3111 4225; x_wconf 86' lang='lat' dir='ltr'><strong>et</strong></span> <span class='ocrx_word' id='word_1_736' title='bbox 3165 4169 3255 4223; x_wconf 88' lang='lat' dir='ltr'><strong>hic</strong></span> <span class='ocrx_word' id='word_1_737' title='bbox 3301 4167 3603 4223; x_wconf 81' lang='lat' dir='ltr'><strong>incantato-</strong></span> 
     </span>
    </p>
   </div>
   <div class='ocr_carea' id='block_1_103' title="bbox 2044 4258 3604 4337">
    <p class='ocr_par' dir='ltr' id='par_1_103' title="bbox 2044 4258 3604 4337">
     <span class='ocr_line' id='line_1_103' title="bbox 2044 4258 3604 4337; baseline -0.002 -19"><span class='ocrx_word' id='word_1_738' title='bbox 2044 4283 2161 4320; x_wconf 85' lang='lat' dir='ltr'><strong>rum</strong></span> <span class='ocrx_word' id='word_1_739' title='bbox 2191 4265 2412 4322; x_wconf 87' lang='lat' dir='ltr'><strong>nomine</strong></span> <span class='ocrx_word' id='word_1_740' title='bbox 2435 4273 2488 4322; x_wconf 86' lang='lat' dir='ltr'><strong>et</strong></span> <span class='ocrx_word' id='word_1_741' title='bbox 2525 4266 2714 4337; x_wconf 73' lang='lat' dir='ltr'><strong>magia:</strong></span> <span class='ocrx_word' id='word_1_742' title='bbox 2735 4263 2930 4320; x_wconf 87' lang='lat' dir='ltr'><strong>studiis</strong></span> <span class='ocrx_word' id='word_1_743' title='bbox 2953 4277 3017 4317; x_wconf 90' lang='lat' dir='ltr'><strong>ac</strong></span> <span class='ocrx_word' id='word_1_744' title='bbox 3047 4261 3258 4315; x_wconf 91' lang='lat' dir='ltr'><strong>artibus</strong></span> <span class='ocrx_word' id='word_1_745' title='bbox 3296 4258 3604 4330; x_wconf 62' lang='lat' dir='ltr'><strong>praepositis</strong></span> 
     </span>
    </p>
   </div>
   <div class='ocr_carea' id='block_1_104' title="bbox 2043 4351 3605 4423">
    <p class='ocr_par' dir='ltr' id='par_1_104' title="bbox 2043 4351 3605 4423">
     <span class='ocr_line' id='line_1_104' title="bbox 2043 4351 3605 4423; baseline -0.005 -11"><span class='ocrx_word' id='word_1_746' title='bbox 2043 4358 2456 4423; x_wconf 88' lang='lat' dir='ltr'><strong>demonstravit,</strong></span> <span class='ocrx_word' id='word_1_747' title='bbox 2490 4359 2711 4412; x_wconf 89' lang='lat' dir='ltr'><strong>omnino</strong></span> <span class='ocrx_word' id='word_1_748' title='bbox 2753 4354 3110 4411; x_wconf 85' lang='lat' dir='ltr'><strong>dubitandum</strong></span> <span class='ocrx_word' id='word_1_749' title='bbox 3133 4367 3244 4406; x_wconf 88' lang='lat' dir='ltr'><strong>non</strong></span> <span class='ocrx_word' id='word_1_750' title='bbox 3271 4367 3394 4407; x_wconf 88' lang='lat' dir='ltr'><strong>esse</strong></span> <span class='ocrx_word' id='word_1_751' title='bbox 3421 4351 3605 4406; x_wconf 87' lang='lat' dir='ltr'><strong>omnia</strong></span> 
     </span>
    </p>
   </div>
   <div class='ocr_carea' id='block_1_105' title="bbox 2044 4443 3607 4521">
    <p class='ocr_par' dir='ltr' id='par_1_105' title="bbox 2044 4443 3607 4521">
     <span class='ocr_line' id='line_1_105' title="bbox 2044 4443 3607 4521; baseline -0.003 -17"><span class='ocrx_word' id='word_1_752' title='bbox 2044 4449 2136 4504; x_wconf 87' lang='lat' dir='ltr'><strong>illa</strong></span> <span class='ocrx_word' id='word_1_753' title='bbox 2161 4466 2190 4503; x_wconf 90' lang='lat' dir='ltr'><strong>a</strong></span> <span class='ocrx_word' id='word_1_754' title='bbox 2217 4451 2390 4521; x_wconf 88' lang='lat' dir='ltr'><strong>magis</strong></span> <span class='ocrx_word' id='word_1_755' title='bbox 2413 4450 2793 4520; x_wconf 84' lang='lat' dir='ltr'><strong>superstitiosa</strong></span> <span class='ocrx_word' id='word_1_756' title='bbox 2825 4449 3141 4506; x_wconf 85' lang='lat' dir='ltr'><strong>curiositate</strong></span> <span class='ocrx_word' id='word_1_757' title='bbox 3172 4445 3411 4520; x_wconf 85' lang='lat' dir='ltr'><strong>perfecta</strong></span> <span class='ocrx_word' id='word_1_758' title='bbox 3434 4443 3607 4500; x_wconf 83' lang='lat' dir='ltr'><strong>fuisse</strong></span> 
     </span>
    </p>
   </div>
   <div class='ocr_carea' id='block_1_106' title="bbox 2047 4540 3604 4611">
    <p class='ocr_par' dir='ltr' id='par_1_106' title="bbox 2047 4540 3604 4611">
     <span class='ocr_line' id='line_1_106' title="bbox 2047 4540 3604 4611; baseline -0.006 -16"><span class='ocrx_word' id='word_1_759' title='bbox 2047 4541 2266 4606; x_wconf 87' lang='lat' dir='ltr'><strong>similia,</strong></span> <span class='ocrx_word' id='word_1_760' title='bbox 2308 4549 2362 4598; x_wconf 90' lang='lat' dir='ltr'><strong>et</strong></span> <span class='ocrx_word' id='word_1_761' title='bbox 2405 4541 2632 4611; x_wconf 89' lang='lat' dir='ltr'><strong>hujusce</strong></span> <span class='ocrx_word' id='word_1_762' title='bbox 2658 4540 2901 4596; x_wconf 76' lang='lat' dir='ltr'><strong>historiae</strong></span> <span class='ocrx_word' id='word_1_763' title='bbox 2925 4545 3078 4610; x_wconf 83' lang='lat' dir='ltr'><strong>gesta</strong></span> <span class='ocrx_word' id='word_1_764' title='bbox 3118 4541 3604 4609; x_wconf 68' lang='lat' dir='ltr'><strong>repraesentantur.</strong></span> 
     </span>
    </p>
   </div>
   <div class='ocr_carea' id='block_1_107' title="bbox 2043 4627 3609 4706">
    <p class='ocr_par' dir='ltr' id='par_1_107' title="bbox 2043 4627 3609 4706">
     <span class='ocr_line' id='line_1_107' title="bbox 2043 4627 3609 4706; baseline -0.004 -19"><span class='ocrx_word' id='word_1_765' title='bbox 2043 4631 2177 4688; x_wconf 86' lang='lat' dir='ltr'><strong>Nam</strong></span> <span class='ocrx_word' id='word_1_766' title='bbox 2233 4633 2662 4706; x_wconf 85' lang='lat' dir='ltr'><strong>engastrimytho</strong></span> <span class='ocrx_word' id='word_1_767' title='bbox 2710 4633 2955 4698; x_wconf 89' lang='lat' dir='ltr'><strong>inducta,</strong></span> <span class='ocrx_word' id='word_1_768' title='bbox 2995 4631 3250 4700; x_wconf 86' lang='lat' dir='ltr'><strong>deinceps</strong></span> <span class='ocrx_word' id='word_1_769' title='bbox 3287 4627 3476 4700; x_wconf 77' lang='lat' dir='ltr'><strong>magiae</strong></span> <span class='ocrx_word' id='word_1_770' title='bbox 3518 4642 3609 4682; x_wconf 81' lang='lat' dir='ltr'><strong>ar-</strong></span> 
     </span>
    </p>
   </div>
   <div class='ocr_carea' id='block_1_108' title="bbox 2044 4719 3608 4797">
    <p class='ocr_par' dir='ltr' id='par_1_108' title="bbox 2044 4719 3608 4797">
     <span class='ocr_line' id='line_1_108' title="bbox 2044 4719 3608 4797; baseline -0.004 -16"><span class='ocrx_word' id='word_1_771' title='bbox 2044 4727 2192 4782; x_wconf 84' lang='lat' dir='ltr'><strong>tibus</strong></span> <span class='ocrx_word' id='word_1_772' title='bbox 2225 4725 2407 4797; x_wconf 89' lang='lat' dir='ltr'><strong>impiis</strong></span> <span class='ocrx_word' id='word_1_773' title='bbox 2445 4725 2818 4797; x_wconf 85' lang='lat' dir='ltr'><strong>deprehensis,</strong></span> <span class='ocrx_word' id='word_1_774' title='bbox 2841 4732 2892 4780; x_wconf 91' lang='lat' dir='ltr'><strong>et</strong></span> <span class='ocrx_word' id='word_1_775' title='bbox 2920 4738 3154 4795; x_wconf 89' lang='lat' dir='ltr'><strong>persona</strong></span> <span class='ocrx_word' id='word_1_776' title='bbox 3189 4736 3310 4793; x_wconf 66' lang='lat' dir='ltr'><strong>quae</strong></span> <span class='ocrx_word' id='word_1_777' title='bbox 3350 4719 3608 4776; x_wconf 87' lang='lat' dir='ltr'><strong>vaticinia</strong></span> 
     </span>
    </p>
   </div>
   <div class='ocr_carea' id='block_1_109' title="bbox 2043 4815 3607 4890">
    <p class='ocr_par' dir='ltr' id='par_1_109' title="bbox 2043 4815 3607 4890">
     <span class='ocr_line' id='line_1_109' title="bbox 2043 4815 3607 4890; baseline -0.003 -17"><span class='ocrx_word' id='word_1_778' title='bbox 2043 4820 2260 4890; x_wconf 88' lang='lat' dir='ltr'><strong>petebat</strong></span> <span class='ocrx_word' id='word_1_779' title='bbox 2291 4819 2625 4875; x_wconf 62' lang='lat' dir='ltr'><strong>damoniaca</strong></span> <span class='ocrx_word' id='word_1_780' title='bbox 2669 4817 3075 4883; x_wconf 90' lang='lat' dir='ltr'><strong>demonstrata;</strong></span> <span class='ocrx_word' id='word_1_781' title='bbox 3113 4816 3348 4886; x_wconf 87' lang='lat' dir='ltr'><strong>perfecte</strong></span> <span class='ocrx_word' id='word_1_782' title='bbox 3378 4815 3607 4870; x_wconf 57' lang='lat' dir='ltr'><strong>demoue-</strong></span> 
     </span>
    </p>
   </div>
   <div class='ocr_carea' id='block_1_110' title="bbox 2045 4907 3700 4983">
    <p class='ocr_par' dir='ltr' id='par_1_110' title="bbox 2045 4907 3700 4983">
     <span class='ocr_line' id='line_1_110' title="bbox 2045 4907 3700 4983; baseline -0.008 -13"><span class='ocrx_word' id='word_1_783' title='bbox 2045 4915 2238 4970; x_wconf 87' lang='lat' dir='ltr'><strong>stravit</strong></span> <span class='ocrx_word' id='word_1_784' title='bbox 2306 4912 2790 4983; x_wconf 89' lang='lat' dir='ltr'><strong>imaginationibus</strong></span> <span class='ocrx_word' id='word_1_785' title='bbox 2847 4910 3023 4980; x_wconf 90' lang='lat' dir='ltr'><strong>iisque</strong></span> <span class='ocrx_word' id='word_1_786' title='bbox 3090 4909 3366 4966; x_wconf 89' lang='lat' dir='ltr'><strong>ementitis</strong></span> <span class='ocrx_word' id='word_1_787' title='bbox 3425 4907 3616 4964; x_wconf 69' lang='lat' dir='ltr'><strong>omnia</strong></span> <span class='ocrx_word' id='word_1_788' title='bbox 3686 4907 3700 4958; x_wconf 74' lang='grc' dir='ltr'><strong>ι,</strong></span> 
     </span>
    </p>
   </div>
   <div class='ocr_carea' id='block_1_111' title="bbox 2045 4999 3607 5077">
    <p class='ocr_par' dir='ltr' id='par_1_111' title="bbox 2045 4999 3607 5077">
     <span class='ocr_line' id='line_1_111' title="bbox 2045 4999 3607 5077; baseline -0.006 -16"><span class='ocrx_word' id='word_1_789' title='bbox 2045 5005 2214 5064; x_wconf 90' lang='lat' dir='ltr'><strong>fuisse</strong></span> <span class='ocrx_word' id='word_1_790' title='bbox 2271 5014 2510 5077; x_wconf 90' lang='lat' dir='ltr'><strong>peracta.</strong></span> <span class='ocrx_word' id='word_1_791' title='bbox 2585 5003 2691 5059; x_wconf 85' lang='lat' dir='ltr'><strong>Sed</strong></span> <span class='ocrx_word' id='word_1_792' title='bbox 2750 5003 2864 5058; x_wconf 80' lang='lat' dir='ltr'><strong>haec</strong></span> <span class='ocrx_word' id='word_1_793' title='bbox 2921 5002 2995 5057; x_wconf 90' lang='lat' dir='ltr'><strong>ita</strong></span> <span class='ocrx_word' id='word_1_794' title='bbox 3042 5001 3202 5058; x_wconf 87' lang='lat' dir='ltr'><strong>nobis</strong></span> <span class='ocrx_word' id='word_1_795' title='bbox 3263 4999 3607 5071; x_wconf 82' lang='lat' dir='ltr'><strong>intelligenda</strong></span> 
     </span>
    </p>
   </div>
   <div class='ocr_carea' id='block_1_112' title="bbox 2043 5108 2191 5157">
    <p class='ocr_par' dir='ltr' id='par_1_112' title="bbox 2043 5108 2191 5157">
     <span class='ocr_line' id='line_1_112' title="bbox 2043 5108 2191 5157; baseline -0.007 0"><span class='ocrx_word' id='word_1_796' title='bbox 2043 5108 2191 5157; x_wconf 88' lang='lat' dir='ltr'><strong>sunt.</strong></span> 
     </span>
    </p>
   </div>
   <div class='ocr_carea' id='block_1_113' title="bbox 2123 5181 3604 5257">
    <p class='ocr_par' dir='ltr' id='par_1_113' title="bbox 2123 5181 3604 5257">
     <span class='ocr_line' id='line_1_113' title="bbox 2123 5181 3604 5257; baseline -0.008 -12"><span class='ocrx_word' id='word_1_797' title='bbox 2123 5191 2190 5246; x_wconf 86' lang='lat' dir='ltr'><strong>X.</strong></span> <span class='ocrx_word' id='word_1_798' title='bbox 2219 5189 2390 5246; x_wconf 91' lang='lat' dir='ltr'><strong>Porro</strong></span> <span class='ocrx_word' id='word_1_799' title='bbox 2433 5189 2630 5244; x_wconf 87' lang='lat' dir='ltr'><strong>iterum</strong></span> <span class='ocrx_word' id='word_1_800' title='bbox 2665 5185 2708 5243; x_wconf 93' lang='lat' dir='ltr'><strong>si</strong></span> <span class='ocrx_word' id='word_1_801' title='bbox 2737 5201 2857 5257; x_wconf 81' lang='lat' dir='ltr'><strong>quae</strong></span> <span class='ocrx_word' id='word_1_802' title='bbox 2903 5193 3030 5241; x_wconf 89' lang='lat' dir='ltr'><strong>sunt</strong></span> <span class='ocrx_word' id='word_1_803' title='bbox 3057 5184 3346 5242; x_wconf 84' lang='lat' dir='ltr'><strong>verborum</strong></span> <span class='ocrx_word' id='word_1_804' title='bbox 3385 5181 3604 5244; x_wconf 88' lang='lat' dir='ltr'><strong>indicia,</strong></span> 
     </span>
    </p>
   </div>
   <div class='ocr_carea' id='block_1_114' title="bbox 2043 5273 3605 5349">
    <p class='ocr_par' dir='ltr' id='par_1_114' title="bbox 2043 5273 3605 5349">
     <span class='ocr_line' id='line_1_114' title="bbox 2043 5273 3605 5349; baseline -0.008 -13"><span class='ocrx_word' id='word_1_805' title='bbox 2043 5283 2470 5338; x_wconf 87' lang='lat' dir='ltr'><strong>consideremus.</strong></span> <span class='ocrx_word' id='word_1_806' title='bbox 2543 5277 2683 5345; x_wconf 85' lang='lat' dir='ltr'><strong>Quid</strong></span> <span class='ocrx_word' id='word_1_807' title='bbox 2745 5277 2947 5349; x_wconf 79' lang='lat' dir='ltr'><strong>igitur?</strong></span> <span class='ocrx_word' id='word_1_808' title='bbox 2999 5287 3059 5332; x_wconf 92' lang='lat' dir='ltr'><strong>ut</strong></span> <span class='ocrx_word' id='word_1_809' title='bbox 3120 5273 3605 5349; x_wconf 80' lang='lat' dir='ltr'><strong>engastrimythum</strong></span> 
     </span>
    </p>
   </div>
   <div class='ocr_carea' id='block_1_115' title="bbox 2044 5364 3607 5442">
    <p class='ocr_par' dir='ltr' id='par_1_115' title="bbox 2044 5364 3607 5442">
     <span class='ocr_line' id='line_1_115' title="bbox 2044 5364 3607 5442; baseline -0.01 -13"><span class='ocrx_word' id='word_1_810' title='bbox 2044 5373 2172 5429; x_wconf 85' lang='lat' dir='ltr'><strong>Saul</strong></span> <span class='ocrx_word' id='word_1_811' title='bbox 2196 5371 2545 5442; x_wconf 75' lang='lat' dir='ltr'><strong>interrogavit</strong></span> <span class='ocrx_word' id='word_1_812' title='bbox 2571 5391 2583 5424; x_wconf 88' lang='lat'><strong>:</strong></span> <span class='ocrx_word' id='word_1_813' title='bbox 2609 5369 2749 5437; x_wconf 83' lang='lat' dir='ltr'><strong>Quid</strong></span> <span class='ocrx_word' id='word_1_814' title='bbox 2776 5369 2990 5425; x_wconf 71' lang='lat' dir='ltr'><strong>vidisti?</strong></span> <span class='ocrx_word' id='word_1_815' title='bbox 3015 5368 3270 5440; x_wconf 83' lang='lat' dir='ltr'><strong>inquiens</strong></span> <span class='ocrx_word' id='word_1_816' title='bbox 3287 5366 3358 5432; x_wconf 62' lang='grc'><strong>³³,</strong></span> <span class='ocrx_word' id='word_1_817' title='bbox 3373 5364 3607 5433; x_wconf 87' lang='lat' dir='ltr'><strong>primum</strong></span> 
     </span>
    </p>
   </div>
   <div class='ocr_carea' id='block_1_116' title="bbox 2040 5451 3607 5532">
    <p class='ocr_par' dir='ltr' id='par_1_116' title="bbox 2040 5451 3607 5532">
     <span class='ocr_line' id='line_1_116' title="bbox 2040 5451 3607 5532; baseline -0.009 -12"><span class='ocrx_word' id='word_1_818' title='bbox 2040 5468 2264 5522; x_wconf 88' lang='lat' dir='ltr'><strong>demens</strong></span> <span class='ocrx_word' id='word_1_819' title='bbox 2315 5466 2406 5520; x_wconf 89' lang='lat' dir='ltr'><strong>illa</strong></span> <span class='ocrx_word' id='word_1_820' title='bbox 2455 5464 2650 5518; x_wconf 91' lang='lat' dir='ltr'><strong>mulier</strong></span> <span class='ocrx_word' id='word_1_821' title='bbox 2706 5461 3045 5532; x_wconf 89' lang='lat' dir='ltr'><strong>respondens</strong></span> <span class='ocrx_word' id='word_1_822' title='bbox 3095 5461 3335 5513; x_wconf 83' lang='lat' dir='ltr'><strong>clamat:</strong></span> <span class='ocrx_word' id='word_1_823' title='bbox 3385 5453 3453 5507; x_wconf 88' lang='lat' dir='ltr'><strong>Et</strong></span> <span class='ocrx_word' id='word_1_824' title='bbox 3483 5451 3607 5506; x_wconf 76' lang='lat' dir='ltr'><strong>deos</strong></span> 
     </span>
    </p>
   </div>
   <div class='ocr_carea' id='block_1_117' title="bbox 2041 5541 3608 5613">
    <p class='ocr_par' dir='ltr' id='par_1_117' title="bbox 2041 5541 3608 5613">
     <span class='ocr_line' id='line_1_117' title="bbox 2041 5541 3608 5613; baseline -0.009 -1"><span class='ocrx_word' id='word_1_825' title='bbox 2041 5558 2146 5613; x_wconf 80' lang='lat' dir='ltr'><strong>vidi</strong></span> <span class='ocrx_word' id='word_1_826' title='bbox 2174 5555 2506 5612; x_wconf 79' lang='lat' dir='ltr'><strong>ascendentes</strong></span> <span class='ocrx_word' id='word_1_827' title='bbox 2539 5571 2566 5609; x_wconf 77' lang='grc' dir='ltr'><strong>ε</strong></span> <span class='ocrx_word' id='word_1_828' title='bbox 2600 5565 2761 5609; x_wconf 84' lang='lat' dir='ltr'><strong>terra.</strong></span> <span class='ocrx_word' id='word_1_829' title='bbox 2797 5553 2932 5609; x_wconf 85' lang='lat' dir='ltr'><strong>Cum</strong></span> <span class='ocrx_word' id='word_1_830' title='bbox 2975 5551 3120 5608; x_wconf 89' lang='lat' dir='ltr'><strong>enim</strong></span> <span class='ocrx_word' id='word_1_831' title='bbox 3156 5547 3334 5603; x_wconf 86' lang='lat' dir='ltr'><strong>modis</strong></span> <span class='ocrx_word' id='word_1_832' title='bbox 3355 5541 3608 5600; x_wconf 82' lang='lat' dir='ltr'><strong>omnibus</strong></span> 
     </span>
    </p>
   </div>
   <div class='ocr_carea' id='block_1_118' title="bbox 2042 5633 3609 5723">
    <p class='ocr_par' dir='ltr' id='par_1_118' title="bbox 2042 5633 3609 5723">
     <span class='ocr_line' id='line_1_118' title="bbox 2042 5633 3609 5723; baseline -0.008 -19"><span class='ocrx_word' id='word_1_833' title='bbox 2042 5652 2218 5708; x_wconf 75' lang='lat' dir='ltr'><strong>virum</strong></span> <span class='ocrx_word' id='word_1_834' title='bbox 2239 5649 2571 5723; x_wconf 74' lang='lat' dir='ltr'><strong>prrecipitem</strong></span> <span class='ocrx_word' id='word_1_835' title='bbox 2593 5663 2750 5718; x_wconf 82' lang='lat' dir='ltr'><strong>agere</strong></span> <span class='ocrx_word' id='word_1_836' title='bbox 2777 5646 2833 5702; x_wconf 88' lang='lat' dir='ltr'><strong>in</strong></span> <span class='ocrx_word' id='word_1_837' title='bbox 2860 5645 3040 5701; x_wconf 89' lang='lat' dir='ltr'><strong>animo</strong></span> <span class='ocrx_word' id='word_1_838' title='bbox 3082 5641 3307 5698; x_wconf 88' lang='lat' dir='ltr'><strong>haberet</strong></span> <span class='ocrx_word' id='word_1_839' title='bbox 3335 5633 3609 5697; x_wconf 82' lang='lat' dir='ltr'><strong>diabolus.</strong></span> 
     </span>
    </p>
   </div>
  </div>
