4090 6288
448 376 544 431 651

1441 365 1497 421 S.
1543 361 1908 421 EUSTATHII
1949 361 2257 421 EPISCOPI
2295 353 2723 425 ANTIOCHENI.

3564 341 3679 400 632

448 493 720 565 arripiens
769 492 943 563 palam
975 488 1275 544 conabatur
1316 487 1625 554 ostendere,
1680 486 2003 541 daemonium

2120 488 2245 558 ρᾶτο
2268 483 2538 539 δεικνύναι
2569 478 2776 549 σαφῶς,
2809 475 2890 527 ὅτι
2917 470 2978 525 τὸ
3011 467 3283 540 δαιμόνιον
3316 467 3402 520 ἐπ’
3430 463 3682 531 ἐξουσίας

449 588 717 641 arbitratu
743 599 843 640 suo
869 598 932 639 ac
965 588 1229 652 potestate
1262 596 1423 652 posse
1461 594 1571 635 non
1603 586 1811 633 tantum
1841 593 2005 633 unam

447 679 683 730 animam
700 675 831 745 justi
866 690 1115 742 evocare,
1144 674 1239 730 sed
1269 689 1456 729 omnes
1506 672 1667 728 simul
1695 679 2006 727 sanctorum

448 770 723 835 virorum;
747 768 931 837 ibique
960 767 1266 823 daemonum
1313 766 1495 822 hostili
1529 764 1771 821 exercitu
1802 764 2008 819 instru-

447 871 554 926 cto,
585 862 806 932 ictuque
832 861 977 916 oculi
1008 863 1257 918 omnibus
1286 862 1340 917 in
1366 875 1533 915 unum
1573 859 1807 923 collatis,
1840 864 2007 912 caete--

447 955 521 1009 ris
540 969 636 1023 per
662 955 716 1010 id
742 956 1044 1010 conabatur
1082 953 1437 1025 persuadere,
1475 960 1645 1009 semel
1670 952 1763 1021 qui
1792 958 1846 1005 et
1872 950 2008 1005 alios

446 1048 819 1111 congregarat,
873 1041 1044 1098 Deum
1096 1056 1234 1097 esse.
1279 1040 1413 1096 Eum
1449 1056 1578 1097 vero
1631 1040 1852 1110 propria
1882 1054 2011 1109 qua-

444 1133 567 1186 dam
603 1132 900 1189 stoliditate
933 1150 1054 1192 sese
1084 1133 1250 1188 Deum
1282 1133 1463 1189 facere
1486 1147 1805 1195 consuesse,
1841 1129 2008 1186 lsaias

444 1225 668 1281 adversa
721 1226 858 1282 facie
897 1242 1021 1282 eum
1070 1227 1493 1296 reprehendens.
1550 1225 1878 1295 propheticis
1921 1239 2009 1278 sa-

446 1319 666 1387 crisque
696 1319 928 1375 vocibus
959 1321 1219 1390 praedicat
1251 1341 1263 1375 :
1299 1320 1376 1374 Tu
1416 1337 1534 1374 vero
1555 1319 1742 1372 dixisti
1764 1320 1816 1371 in
1856 1317 2011 1371 corde

447 1422 534 1464 tuo
558 1424 577 1463 :
605 1411 669 1465 In
699 1411 884 1467 caelum
911 1420 1212 1481 ascendam,
1261 1429 1415 1482 super
1433 1422 1579 1467 astra
1602 1428 1794 1482 ponam
1820 1411 2010 1464 solium

444 1518 615 1556 meum
642 1520 659 1558 :
690 1504 880 1558 sedebo
911 1503 968 1555 in
991 1514 1164 1558 monte
1188 1504 1391 1558 excelso
1417 1519 1572 1572 super
1613 1512 1812 1557 montes
1840 1502 2012 1556 excel-

445 1613 533 1651 sos
559 1598 649 1666 qui
672 1599 953 1666 respiciunt
979 1597 1284 1667 Aquilonem
1318 1612 1335 1649 :
1360 1594 1638 1650 ascendam
1658 1610 1811 1663 super
1829 1592 2008 1657 nubes,

2108 554 2249 648 εἶχεν
2291 575 2409 645 οὐχὶ
2445 573 2574 644 μίαν
2618 568 2777 641 μόνον
2819 562 3012 627 ἀνάξαι
3058 558 3268 613 δικαίου
3311 555 3511 628 ψυχὴν,
3544 554 3684 648 ἀλλά

2108 645 2201 722 xui.
2232 667 2410 729 πάσας
2443 661 2576 734 ὁμοῦ
2612 659 2710 721 τὰς
2742 655 2848 711 τῶν
2883 653 3053 723 ἁγίων
3088 649 3316 723 ἀνδρῶν·
3336 651 3365 703 6
3393 648 3448 701 δὲ
3480 649 3544 700 ὲκ
3570 645 3681 698 τῶν

2108 759 2359 815 ἐναντίων
2376 758 2473 827 τὴν
2487 752 2594 807 τῶν
2609 749 2872 821 δαιμόνων
2889 743 3119 800 ἐνταῦθα
3143 740 3398 815 στρατιάν
3418 740 3643 802 ὁπλίσας
3662 776 3680 802 ,

2109 854 2201 906 καὶ
2244 850 2457 904 σύνοδον
2490 851 2548 900 ὲν
2567 845 2665 916 μιᾷ
2712 840 2882 914 ῥοπῆς
2926 837 3045 910 ὥρᾳ
3080 834 3483 907 συστησάμενος
3511 831 3687 902 ἐκόμα

2110 942 2270 1011 παξε,
2309 942 2500 1004 πείσας
2525 938 2586 1007 (l.
2624 933 2828 1003 πεῖσαι)
2862 931 2954 986 καὶ
2982 930 3071 984 διὰ
3108 928 3261 982 τοῦδε
3288 926 3414 990 τοὺς
3438 924 3682 986 ἅπαντας

2109 1037 2329 1102 ἐθέλων,
2354 1034 2431 1097 ὡς
2455 1030 2617 1094 αὐτὸς
2643 1028 2726 1099 εἴη
2753 1024 2885 1088 Θεὸς
2921 1024 2951 1075 ὁ
2981 1020 3328 1088 συναγωγεὺς
3350 1016 3460 1070 τῶν
3483 1014 3676 1070 ἄλλων.

2113 1132 2233 1183 Ὅτι
2254 1128 2297 1181 δ’
2324 1121 2416 1180 οὖν
2445 1122 2619 1193 οἰκείᾳ
2643 1117 2920 1191 χρώμενος
2946 1111 3174 1183 ἀπονοίᾳ
3202 1110 3467 1162 Θεοποιεῖν
3491 1105 3680 1160 εἴωθεν

2111 1221 2322 1287 ἑαυτὸν,
2347 1219 2376 1271 6
2408 1215 2505 1289 μὲν
2541 1212 2764 1273 Ἡσαΐας
2790 1204 3216 1277 ἀντιπροσώπως
3242 1201 3477 1270 ἐλέγχων
3496 1197 3677 1258 αὐτὸν,

2116 1312 2402 1386 ἱεροφωνίᾳ
2437 1305 2695 1380 κηρύττει
2731 1301 3040 1374 προφητικῇ
3060 1315 3074 1327 ·
3106 1292 3182 1348 Σὺ
3213 1294 3286 1386 ,δὲ
3315 1289 3680 1386 εἷπαςένᾼτῇ

2113 1382 2327 1472 καρδίᾳ
2374 1382 2489 1455 σου
2514 1415 2527 1427 ·
2582 1398 2685 1461 Εὶς
2726 1392 2984 1460 οὐρανὸν
3034 1385 3442 1454 ἀναϐήσομαι,
3483 1382 3682 1472 ἐπάνω

2112 1471 2230 1553 τῶν
2274 1491 2540 1560 ἀστέρων
2582 1487 2746 1553 θήσω
2790 1482 2897 1536 τὸν
2938 1479 3153 1548 θρόνον
3198 1492 3344 1546 μου·
3395 1471 3573 1529 καθιῶ
3612 1471 3684 1524 ἐν

2113 1590 2237 1658 ὄρει
2266 1582 2503 1655 ὑψηλῷ,
2540 1579 2639 1634 ἐπὶ
2674 1581 2745 1631 τὰ
2783 1574 2887 1642 ὄρη
2924 1572 2997 1626 τὰ
3032 1568 3241 1640 ὑψηλὰ
3265 1566 3337 1621 τὰ
3357 1565 3506 1658 πρὸς
3532 1565 3683 1633 Βορσ

443 1698 493 1739 et
531 1704 621 1741 ero
646 1687 837 1742 similis
880 1657 1158 1741 Altissimo
1205 1685 1272 1740 “.
1326 1683 1422 1740 llis
1452 1701 1560 1741 non
1606 1684 1892 1741 dissimilia
1918 1698 2015 1755 per

2120 1657 2253 1747 ῥᾶν·
2297 1675 2675 1742 ἀναϐήσομαι
2721 1665 2920 1721 ἐπάνω
2961 1662 3079 1718 τῶν
3117 1659 3389 1731 νεφελῶν
3409 1676 3423 1689 ·
3475 1657 3684 1726 ἔσομαι

447 1775 781 1833 Ezechielem
812 1778 1130 1848 prophetam
1181 1777 1299 1847 ipse
1341 1774 1603 1831 Dominus
1634 1783 1820 1846 aperte
1855 1749 2013 1832 testi-

2120 1773 2317 1843 ὅμοιος
2375 1768 2454 1835 τῷ
2503 1764 2790 1833 Ὑψίστῳ
2838 1755 3120 1829 Μαρτυρεῖ
3166 1753 3223 1807 δὲ
3267 1751 3476 1812 τούτοις
3525 1749 3687 1819 ὃμοια

446 1871 691 1926 monium
733 1871 951 1926 exhibet
1002 1890 1015 1925 :

447 1970 616 2026 tuum,
660 1972 711 2018 et
750 1964 974 2018 dixisti:
1013 1963 1155 2018 Deus
1176 1980 1295 2018 sum
1333 1978 1446 2033 ego,
1479 1961 1727 2017 habitabo
1754 1965 1805 2017 in
1857 1962 2014 2017 corde

447 2056 647 2120 maris;
669 2066 724 2110 tu
755 2073 874 2111 vero
899 2056 1051 2112 homo
1071 2073 1146 2122 es,
1168 2065 1217 2112 et
1247 2073 1351 2111 non
1388 2055 1527 2110 Deus
1560 2056 1629 2110 ⁸⁸.
1659 2055 1807 2121 Quas
1830 2064 2009 2111 autem

446 2158 665 2220 propter
690 2149 742 2203 id
774 2164 966 2219 pmnas
1000 2148 1079 2202 illi
1111 2149 1369 2215 minetur,
1399 2163 1468 2204 ex
1495 2148 1581 2203 his
1603 2162 1724 2217 quas
1756 2146 1895 2202 inira
1929 2148 2014 2202 di-

445 2250 644 2297 cuntur
664 2240 824 2296 facile
849 2242 955 2297 erit
1004 2242 1210 2297 videre.
1263 2241 1333 2295 At
1384 2241 1572 2296 divino
1610 2255 1740 2296 sane
1790 2240 2014 2295 oraculo

444 2333 789 2389 manifestum
810 2340 916 2396 est,
946 2348 1072 2388 eum
1100 2333 1342 2403 quotidie
1365 2333 1597 2403 superbe
1621 2332 1882 2401 jactando
1937 2332 2016 2387 si-

444 2423 663 2479 milibus
713 2424 943 2495 spectris
970 2424 1150 2479 inniti.
1208 2423 1396 2493 Itaque
1425 2423 1470 2478 si
1499 2422 1711 2477 daemon
1741 2422 1834 2493 qui
1883 2423 2016 2479 deo-

447 2531 566 2571 rum
602 2517 819 2571 nomine
848 2515 1215 2586 insigniuntur
1244 2522 1429 2585 posset
1483 2514 1739 2584 educere,
1772 2532 1881 2571 non
1914 2532 2014 2572 ne-

445 2622 600 2664 cesse
629 2616 715 2664 est
736 2606 960 2663 credere
1006 2609 1251 2663 evocatis
1286 2616 1603 2662 evocantem
1628 2608 1807 2679 ipsum
1838 2610 2016 2678 potio-

446 2716 560 2755 rem
590 2715 733 2756 esse.
775 2698 841 2753 Et
873 2700 920 2753 si
950 2699 1155 2755 sanctis
1192 2699 1237 2755 is
1267 2706 1485 2769 praeest,
1530 2699 1883 2755 asserendum
1931 2710 2015 2755 est

447 2791 612 2862 etiam
637 2792 1029 2848 dannoniorum
1085 2791 1385 2862 principem
1414 2791 1493 2846 illi
1530 2806 1784 2862 praeesse.
1811 2792 1942 2859 Quae
1968 2794 2015 2847 si

448 2858 573 2953 quis
624 2886 977 2949 concesserit,
1020 2884 1355 2953 argumentis
1402 2886 1600 2956 quibus
1667 2886 1888 2940 minime
1930 2901 2016 2940 re-

450 2972 702 3043 sponderi
715 2983 911 3044 potest,
936 2975 1329 3030 demonstravit
1345 2979 1510 3033 Deum
1528 2977 1751 3031 deorum
1766 2992 1907 3042 esse,
1922 2977 2015 3047 qui

448 3067 733 3123 ministros
785 3083 915 3123 suos
961 3084 1025 3123 ea
1053 3070 1555 3156 donat,potestate,
1590 3076 1651 3124 ut
1680 3069 1907 3139 spiritus
1961 3078 2015 3126 et

1071 1870 1359 1939 Propterea
1399 1869 1537 1940 quod
1562 1869 1760 1923 elatum
1790 1879 1869 1924 est
1921 1886 2012 1923 cor

2120 1837 2207 1919 καὶ
2243 1862 2332 1916 διὰ
2372 1859 2465 1914 τοῦ
2500 1856 2775 1928 προφήτου
2827 1849 3192 1940 φθεγγάμενος
3236 1841 3493 1940 ’ίεζεκιὴλ
3524 1840 3687 1940 αὐτος

2113 1959 2141 2010 ὁ
2182 1955 2384 2027 Κύριος
2433 1951 2689 2019 ἄντικρυς
2718 1962 2730 1974 ·
2799 1943 2950 1998 Ἀνθ’
2999 1932 3086 1993 ὧν
3135 1936 3344 2027 ὑψώθη
3396 1936 3434 2002 ἠ
3475 1932 3689 2027 καρδία

2114 2060 2229 2099 σου
2252 2020 2287 2107 ,’
2319 2042 2417 2096 καὶ
2471 2034 2673 2102 εἶπας·
2741 2034 2883 2098 Θεός
2934 2033 3050 2101 εἰμι
3094 2026 3240 2097 ἐγὼ,
3292 2020 3565 2079 κατοικιεῖ)
3617 2021 3687 2074 ἐν

2114 2139 2327 2209 καρδίᾳ
2377 2133 2722 2199 θαλάσσης·
2777 2126 2859 2181 σὺ
2910 2123 2977 2179 δὲ
3018 2119 3078 2176 εἴ
3117 2120 3445 2188 ἄνθρωπος,
3481 2112 3581 2168 καὶ
3611 2114 3685 2167 οὐ

2117 2208 2278 2298 Bede.
2314 2230 2456 2285 Ἀντὶ
2481 2227 2667 2280 τούτου
2704 2222 2799 2294 μὲν
2831 2221 2956 2282 ὅσας
2990 2214 3138 2285 αὐτῷ
3160 2210 3423 2284 τιμωρίας
3450 2208 3681 2270 ἀπειλεῖ,

2117 2325 2245 2398 ῥᾷόν
2291 2324 2440 2375 ἐστιν
2474 2321 2538 2371 ὲκ
2565 2315 2674 2370 τῶν
2698 2309 3074 2381 ὑποκειμένων
3117 2302 3272 2358 ἰδεῖν·
3317 2304 3397 2356 ὅτι
3424 2301 3481 2355 δὲ
3512 2298 3688 2353 τοιού-

2114 2393 2227 2481 τοις
2294 2411 2630 2484 ἐπερείδεται
2691 2405 2939 2475 φάσμασι
2998 2395 3348 2472 κομπολογῶν
3407 2393 3687 2484 ἑκάστοτε,

2116 2511 2236 2581 Θείᾳ
2273 2482 2569 2576 δεδήλωται
2606 2496 2939 2569 ψηφοφορίᾳ.
2981 2487 3282 2581 Τοιγαρούν
3304 2485 3480 2581 εἴπερ
3520 2486 3548 2537 ὁ
3577 2482 3693 2581 «ξαι-

2260 2575 2461 2661 οίόςίτε
2490 2591 2556 2666 ἦν
2580 2591 2772 2656 άνάξαι
2798 2589 2922 2650 τοὺς
2952 2584 3175 2655 ὀνόματι
3209 2578 3365 2672 θεούς
3398 2575 3695 2672 ἀνακικλη-

2119 2670 2441 2763 σχομένους,
2490 2688 2590 2741 οὐκ
2631 2683 2843 2753 ἀνάγκη
2884 2682 3045 2740 νοεῖν,
3077 2677 3160 2730 ὃτι
3203 2671 3403 2745 μείζων
3439 2670 3698 2725 ἐστὶστων

2118 2783 2471 2855 ἀναγομένων
2501 2768 2543 2834 ’ὁ
2585 2778 2838 2846 ἀνάγων;
2887 2773 2951 2829 El
2999 2771 3057 2824 δὲ
3100 2766 3327 2841 προῦχει
3373 2764 3484 2818 τῶν
3528 2763 3696 2855 ὁσίων

2118 2854 2306 2941 οὗτος,
2381 2871 2670 2929 ἀκόλουθον
2727 2863 3131 2936 ὑπολαμϐάνειν
3152 2902 3166 2928 ,
3225 2860 3306 2912 ὅτι
3356 2857 3450 2911 καὶ
3504 2854 3695 2908 τούτου

2120 2970 2280 3024 πάλιν
2309 2966 2469 3030 αὐτὸς
2516 2966 2544 3018 6
2574 2958 2932 3036 ἀρχιδαίμων.
2983 2956 3047 3009 Ei
3074 2954 3132 3007 δὲ
3163 2950 3337 3005 ταῦτά
3367 2966 3450 3013 τις
3484 2945 3696 3002 ἀποδώ-

2124 3078 2266 3116 σειεν
2318 3057 2696 3129 ἀναντιρῤήτῳ
2747 3052 2991 3121 δυνάμει,
3051 3046 3363 3115 συνίστησιν
3413 3042 3489 3105 ὡς
3533 3040 3696 3103 αὐτός

450 3161 664 3215 animas
686 3161 961 3230 justorum
1013 3161 1083 3217 ab
1104 3139 1296 3216 inferis
1340 3162 1551 3232 possint
1593 3162 1846 3217 educere.
1885 3162 2011 3219 Haec

2120 3157 2235 3208 ἐστι
2274 3151 2405 3214 Θεὸς
2449 3147 2607 3212 θεῶν,
2645 3148 2674 3200 6
2698 3146 2810 3207 τοῖς
2853 3140 3150 3213 ὑπηρέταις
3198 3138 3306 3199 τοῖς
3343 3131 3536 3187 ἑαυτοῦ
3587 3148 3695 3184 τοι·

450 3267 631 3313 nemo,
654 3252 947 3308 dummodo
979 3267 1126 3308 sanae
1140 3254 1336 3309 mentis
1357 3255 1447 3319 sit,
1473 3253 2012 3321 allirmabitomnino,

451 3358 521 3398 ne
542 3351 734 3397 contra
785 3343 967 3397 divina
1019 3344 1331 3398 testimonia
1384 3345 1657 3398 calculum
1714 3353 1892 3399 atrum
1921 3343 2017 3400 de-

452 3435 668 3490 mittere
699 3435 964 3491 rideatur.
996 3437 1130 3491 Cum
1187 3437 1331 3491 enim
1359 3453 1548 3493 amens
1580 3437 1887 3508 quasisset,
1920 3438 2017 3493 ad-

451 3529 643 3584 dens“
665 3548 677 3583 :
700 3526 769 3581 Et
789 3527 1145 3582 dixitmulieri
1165 3545 1182 3582 :
1204 3529 1343 3595 Quid
1359 3529 1581 3585 vidisti?
1604 3531 1790 3585 statim
1821 3530 2018 3585 mulier

453 3620 519 3674 ad
579 3621 912 3692 interrogata
966 3624 1305 3692 respondens
1357 3624 1540 3677 dixit:
1612 3624 1730 3678 Vidi
1756 3623 2016 3678 hominem

451 3722 650 3767 rectum
708 3714 1065 3769 ascendentem
1121 3733 1148 3769 e
1194 3725 1356 3777 terra,
1410 3725 1458 3769 et
1478 3716 1563 3769 hic
1593 3716 1815 3769 amictus
1833 3725 1911 3769 est
1933 3716 2017 3768 di-

448 3802 735 3874 ploide;et
755 3820 878 3858 cum
902 3808 1171 3860 neminem
1195 3807 1419 3861 omnino
1450 3806 1695 3869 vidisset,
1728 3806 1821 3859 ubi
1855 3806 2016 3860 verba

452 3898 715 3966 percepit,
751 3897 1028 3961 eoanovit,
1053 3904 1112 3951 ut
1144 3896 1259 3966 ipso
1290 3896 1393 3952 sibi
1422 3896 1842 3965 imaginabatur,
1867 3896 2016 3949 illum

453 4003 575 4043 esse
600 3987 930 4051 Samuelem,
963 3988 1161 4058 quippe
1188 3987 1282 4057 qui
1312 3987 1461 4042 intus
1492 4003 1521 4041 a
1549 3987 1796 4042 datunnne
1845 4001 2019 4057 oppu-

452 4092 729 4153 gnaretur.
766 4079 965 4136 Verum
1007 4088 1068 4134 ut
1116 4082 1395 4151 signorum
1451 4080 1672 4135 nomine
1721 4079 1823 4134 fuit
1860 4080 2020 4134 abre-

455 4186 601 4245 ptus,
643 4181 775 4228 tunc
828 4172 967 4228 facie
996 4174 1048 4227 in
1103 4181 1303 4227 terram
1343 4173 1607 4228 inclinata
1639 4172 1790 4226 illum
1825 4173 2021 4227 adora-

454 4269 550 4323 vit.
575 4265 758 4322 Primo
778 4266 995 4336 quidem
1043 4265 1347 4320 rectissime
1376 4265 1431 4319 id
1456 4264 1565 4319 dici
1601 4271 1796 4334 potest.
1833 4261 1889 4317 Si
1923 4261 2022 4317 Sa-

454 4360 599 4414 muel
625 4359 714 4414 ille
770 4358 985 4421 luisset,
1022 4368 1075 4412 et
1101 4372 1214 4411 non
1252 4355 1672 4412 transformatus
1717 4356 1869 4412 vafer
1905 4371 2022 4410 ser-

457 4467 611 4522 pens,
638 4451 867 4507 dixisset
900 4449 988 4521 pia
1013 4448 1228 4519 quidem
1280 4458 1457 4502 mente
1488 4467 1501 4501 :
1540 4446 1821 4501 Dominum
1858 4446 2023 4500 Deum

2123 3246 2294 3316 αύτην
2321 3241 2608 3312 ἀπονέμων
2634 3234 2900 3302 ἐξουσίαν,
2925 3233 3065 3286 ὥστε
3088 3228 3371 3298 πνεύματα
3393 3225 3485 3278 καὶ
3512 3223 3690 3294 ψυχὰς

2087 3341 2182 3408 ’ἐξ
2217 3341 2342 3414 ᾅδου
2385 3334 2837 3411 μεταπέμπεσθαι
2886 3331 3127 3386 δικαίων.
3179 3324 3337 3381 Ἀλλά
3385 3320 3690 3414 ταῦταμὲν

2124 3411 2296 3496 οὐδείς
2337 3450 2424 3485 πω
2467 3430 2575 3485 τῶν
2623 3424 2681 3481 εὖ
2736 3424 3068 3497 φρονούντων
3094 3422 3318 3490 ὁριεῖται
3348 3416 3410 3470 τὸ
3448 3411 3690 3475 σύνολον,

2127 3526 2215 3580 ἵνα
2256 3524 2329 3595 μὴ
2366 3526 2485 3586 ταῖς
2525 3520 2706 3591 ἁγίαις
2745 3516 2964 3571 ἐναντία
3002 3514 3279 3584 ψηφιεῖται
3339 3504 3690 3580 μαρτυρίαις.

2124 3615 2342 3684 Ἐπειδὴ
2362 3612 2418 3666 δὲ
2450 3614 2510 3665 τὸ
2547 3610 2795 3682 δεύτερον
2830 3610 2858 3660 ὁ
2886 3602 3179 3678 παραπλὴξ
3218 3603 3381 3673 ήρετο
3421 3596 3692 3665 συνάψας,

2124 3709 2233 3764 Καὶ
2255 3701 2612 3778 εἷπε(5⁶“)τῇ
2641 3699 2895 3773 γυναικὶ,
2950 3699 3012 3751 Τί
3035 3696 3257 3766 ἐγνωςπ
3301 3690 3497 3747 αὐτίκα
3534 3686 3699 3742 πάλιν

2126 3797 2574 3867 ἀνθυπενέγκασα
2606 3794 2741 3866 πρὸς
2771 3791 2868 3863 τὴν
2905 3788 3192 3860 ἐρώτησιν,
3247 3784 3465 3856 ἔφησεν·
3516 3779 3700 3835 Εἶδον

2126 3891 2313 3959 ἄνδρα
2346 3890 2546 3958 ὄρθιον
2577 3885 2974 3941 ἀναϐαίνοντα
3005 3868 3074 3934 ἐκ
3100 3879 3212 3948 τῆς
3235 3876 3367 3947 γῆς,
3400 3873 3500 3929 καὶ
3526 3868 3705 3932 οὗτος

2129 3981 2608 4051 ἀναϐεϐλημένος
2655 3975 2962 4031 διπλοΐδα·
3015 3970 3223 4044 μηδένα
3260 3970 3318 4023 δὲ
3346 3967 3408 4021 τὸ
3439 3964 3699 4038 παράπαν

2133 4075 2275 4140 ίδὼν,
2323 4072 2399 4136 ὡς
2448 4071 2710 4142 αὐτήκοος
2753 4067 2968 4135 ἐγένετο
3012 4061 3118 4116 τῶν
3169 4060 3363 4129 λόγων,
3403 4057 3546 4127 ἔγνω
3598 4053 3697 4125 μὲν

2129 4164 2270 4221 κατά
2301 4165 2399 4236 τὴν
2425 4162 2632 4218 ἔννοιαν
2666 4159 2763 4230 τὴν
2795 4155 2987 4212 ἑαυτοῦ
3026 4153 3212 4207 τοῦτον
3255 4148 3391 4204 εἶναι
3421 4145 3697 4219 Σαμουὴλ,

2131 4260 2226 4314 ἆτε
2274 4252 2819 4326 διαπολιορκούμενος
2861 4247 2965 4303 ὑπὸ
3008 4247 3103 4301 τοῦ
3149 4243 3402 4315 δαίμονος
3451 4238 3695 4294 ἔνδοθεν·

2128 4350 2203 4414 ὡς
2231 4349 2288 4403 δὲ
2318 4350 2383 4420 τῇ
2414 4345 2521 4399 τῶν
2550 4344 2791 4415 σημείων
2827 4336 3087 4410 ὀνομασίᾳ
3118 4332 3474 4406 συνηρπάσθη
3495 4371 3510 4397 ,
3543 4348 3695 4401 τηνι-

2131 4440 2306 4495 καῦτα
2342 4439 2405 4492 τὸ
2447 4437 2736 4508 πρόσωπον
2780 4432 3071 4495 ύποκλίνας
3132 4429 3224 4482 ἐπὶ
3264 4429 3331 4498 τῇ
3384 4428 3477 4496 γῇ,
3534 4438 3701 4494 προσ-

455 4515 604 4600 tuum
635 4515 916 4610 adorabis,
932 4552 981 4598 et
1026 4515 1111 4596 illi
1143 4540 1243 4597 soli
1270 4542 1469 4597 cultum
1522 4539 1800 4612 prazstabis
1830 4541 1895 4593 ³⁷.
1923 4540 2015 4595 Se-

2126 4532 2387 4603 εκύνησεν
2407 4529 2573 4601 αύτῷ.
2596 4526 2816 4600 Πρῶτον
2843 4525 2940 4597 μὲν
2957 4518 3049 4578 οὖν
3062 4521 3325 4595 ὀρθότατα
3344 4518 3479 4587 φαίη
3502 4533 3587 4579 τις
3607 4515 3696 4579 ἂν,

455 4640 638 4694 eundo
665 4654 857 4695 rursus
885 4639 1100 4701 addam,
1138 4652 1260 4692 cum
1298 4636 1516 4690 Samuel
1544 4635 1801 4692 universo
1822 4623 2022 4705 populo

457 4732 767 4800 imperaret,
828 4732 1142 4802 primasque
1199 4733 1343 4787 inter
1392 4729 1686 4799 prophetas
1722 4726 2010 4793 obtineret,

459 4822 590 4877 Saul
624 4822 766 4879 inter
788 4824 1029 4893 privatos
1061 4823 1236 4880 adhuc
1270 4825 1506 4895 parietes
1557 4818 1940 4885 delitescebat;
1969 4825 2024 4873 et

466 4916 584 4974 dum
615 4915 787 4984 patris
849 4916 1035 4970 asinas
1065 4917 1388 4987 requireret,
1439 4911 1706 4968 accedens
1746 4909 1814 4963 ad
1843 4909 2021 4978 ipsum

462 5007 623 5061 veluti
677 5006 993 5078 prophetam
1031 5007 1468 5078 interrogaturus
1521 5004 1589 5060 de
1610 5002 1874 5074 iumentis
1928 5001 2024 5055 de-

456 5096 686 5167 perditis
704 5096 769 5160 ³⁸,
810 5110 1151 5168 nequaquam
1176 5098 1327 5151 illum
1359 5095 1675 5151 adoravisse
1707 5099 2023 5163 compertus

454 5192 560 5252 est,
591 5188 696 5241 etsi
723 5185 869 5241 illius
902 5201 1004 5256 ope
1032 5186 1296 5257 indigeret
1325 5197 1617 5257 aperteque
1639 5184 1714 5239 illi
1743 5192 1803 5238 ut
1835 5182 2024 5254 populi

386 5312 391 5321 -
455 5279 670 5334 ductori
699 5277 1041 5333 subderetur.
1072 5276 1353 5343 Quomodo
1394 5279 1559 5349 igitur
1605 5277 1699 5348 qui
1759 5285 1887 5330 tunc
1914 5290 2023 5330 non

457 5372 705 5428 adoravit
736 5372 981 5442 privatus
1020 5371 1347 5441 principem,
1379 5386 1528 5425 nunc
1549 5386 1615 5425 ex
1647 5369 1900 5439 opposito
1927 5384 2023 5422 rex

454 5466 725 5534 privatum
785 5464 1009 5520 adorat?
1065 5462 1161 5520 His
1205 5465 1364 5517 tertio
1434 5464 1777 5525 subnectam,
1831 5460 2026 5530 utquid

456 5555 577 5610 deos
629 5563 965 5612 ascendentes
1020 5571 1143 5611 cum
1189 5554 1451 5618 audisset,
1513 5555 1705 5608 borum
1756 5554 2026 5608 neminem

2130 4627 2178 4679 εί
2218 4622 2469 4694 Σαμουὴλ
2502 4620 2792 4691 ἐτύγχανεν
2838 4620 3078 4681 ἐκεῖνος,
3128 4613 3264 4669 ἀλλὰ
3302 4611 3376 4683 μὴ
3422 4624 3699 4682 μεταμορ-

2132 4716 2330 4788 φωθεὶς
2377 4717 2406 4768 6
2438 4713 2773 4785 πολύτροπος
2807 4710 2964 4780 ὄφις,
3013 4704 3421 4773 ἀνθυπενέγκας
3464 4701 3700 4772 ἔφρασεν

2130 4809 2196 4864 ἂν
2225 4808 2438 4862 εὐσεϐεῖ
2474 4804 2715 4876 λογισμῷ
2741 4821 2754 4835 ·
2802 4804 2995 4872 Κυρίῳ
3030 4798 3110 4865 τῷ
3145 4796 3267 4863 Θεῷ
3291 4809 3406 4850 σου
3435 4806 3702 4862 προσκυ-

2129 4899 2374 4967 νήσεις,
2418 4881 2515 4952 καὶ
2560 4894 2719 4961 αὐτῷ
2749 4896 2915 4965 μόνῳ
2936 4891 3308 4959 λατρεύσεις.
3354 4883 3613 4955 Δεύτερον
3639 4879 3702 4934 δὲ

2134 4993 2294 5047 πάλιν
2324 4990 2527 5062 εἴποιμ’
2553 4988 2640 5054 ἂν,
2671 4986 2905 5057 ὁπηνίκα
2933 4982 3186 5055 Σαμουὴλ
3213 4978 3307 5034 τοῦ
3337 4976 3537 5040 παντὸς
3563 4969 3702 5047 ἦρχε

2129 5086 2261 5141 λαοῦ
2315 5085 2410 5139 καὶ
2454 5083 2736 5156 προφήτης
2792 5078 3086 5150 ἐτύγχανεν
3134 5074 3407 5146 ἔγκριτος,
3456 5072 3486 5123 6
3531 5066 3703 5121 Σαοὺλ

2133 5176 2419 5232 ἰδιωτεύων
2451 5175 2532 5229 ἔτι
2565 5176 2658 5228 καὶ
2695 5173 2795 5236 τὰς
2828 5170 2922 5224 τοῦ
2965 5166 3171 5239 πατρὸς
3200 5164 3356 5228 ὅνους
3394 5156 3700 5229 ἀναζητῶν,

2130 5270 2294 5341 ἀπῄει
2323 5270 2418 5340 μὲν
2439 5268 2514 5331 ὡς
2551 5266 2710 5320 αὑτὸν
2736 5263 3047 5337 ἐρωτήσων,
3079 5254 3169 5312 οἷα
3194 5256 3501 5328 προφήτην,
3541 5251 3704 5303 ἕνεκα

2130 5363 2238 5417 τῶν
2284 5361 2634 5433 ἀπολομένων
2696 5355 3022 5425 ὑποζυγίων,
3082 5348 3317 5420 οὐδαμοῦ
3363 5346 3419 5400 δὲ
3456 5342 3703 5414 φαίνεται

2134 5456 2516 5528 προσκυνήσας
2548 5451 2716 5522 αὐτῷ,
2747 5449 2925 5503 καίτοι
2958 5442 3176 5516 χρῄζων
3215 5438 3405 5501 αὑτοῦ,
3439 5436 3534 5490 κα)⁹
3566 5447 3702 5528 προ-

2138 5520 2323 5619 φανῶς
2354 5520 2714 5615 ὑποκείμενος
2744 5537 2833 5594 οία
2859 5537 3195 5609 καθηγεμόνι
3226 5530 3378 5585 λαοῦ.
3415 5527 3540 5590 Πῶς
3559 5520 3648 5578 οὖν
3671 5524 3703 5577 6

528 5689 572 5721 ”
604 5689 714 5746 Isa.
750 5710 863 5759 xw,
898 5694 983 5757 l5,
1020 5694 1107 5748 M.
1185 5693 1230 5724 ³⁸
1286 5690 1476 5746 Ezech.
1517 5705 1710 5752 xxvut.
1741 5689 1795 5743 2.
1869 5691 1917 5721 ²¹⁵
1943 5688 1970 5743 1
2004 5689 2015 5743 l

2120 5699 2348 5747 ,xxvnt,
2376 5681 2461 5743 1'5,
2503 5678 2588 5732 Μ.
2662 5673 2919 5727 "Matth.
2952 5688 3026 5735 tv,
3064 5669 3146 5723 l0.
3229 5662 3322 5718 “1
3345 5661 3468 5731 Reg.
3498 5676 3574 5724 Ix,
3612 5662 3695 5721 ιι,

531 5824 867 5898 ίῧ”“)”Ηιίτετο
894 5830 1194 5902 συνάψας·
1227 5833 1336 5889 Καὶ
1369 5828 1515 5888 εἷπε.
1543 5829 1632 5887 Sic
1659 5829 1998 5889 rcstituimus

2120 5829 2179 5885 od
2211 5829 2267 5882 in
2301 5826 2460 5896 impr.
2490 5819 2706 5888 legitur,
2740 5816 2902 5886 ἤρετο
2931 5810 3023 5865 καὶ
3062 5805 3325 5876 συνάψας·
3357 5798 3514 5857 Eine.
3547 5796 3685 5854 Em
