4090 6288
354 351 460 407 633

1243 349 1330 406 DE
1361 345 1957 405 ENGASTRIMYTHO
1996 345 2275 406 CONTRA
2315 349 2686 412 ORIGENEM.‘

3462 350 3566 406 634

352 468 472 522 τότε
501 465 577 538 μὴ
599 469 979 539 προσκυνήσας
1001 467 1075 531 ὡς
1107 465 1318 539 ἰδιώτης
1343 467 1585 539 ἄρχοντι,
1603 466 1698 520 νῦν
1713 467 1776 520 ἐγ
1802 465 1909 519 τῶν

2018 467 2237 536 adorat;
2266 485 2390 525 cum
2419 488 2548 528 vero
2575 474 2746 528 virum
2776 479 2971 526 rectum
3011 465 3263 537 intelligit
3286 464 3567 522 ascenden-

353 556 609 612 ἐναντίων
639 559 667 611 6
697 557 946 628 βασιλεὺς
995 557 1317 613 ἰδιωτεύοντι
1354 560 1675 630 προσκυνεί;
1718 557 1910 628 Τρίτον

354 651 444 704 ἐπὶ
469 649 676 712 τούτοις
704 648 810 720 ἐχω
839 651 1036 720 λέγειν,
1065 650 1118 703 τί
1145 649 1340 722 δήποτε
1369 649 1540 715 θεοὺς
1564 650 1913 703 ἀναϐαίνον·

351 757 457 806 τας
504 740 762 804 ἀκούσας,
802 742 974 795 οὑδενὶ
1012 741 1214 795 τούτων
1264 741 1698 812 προσεκύνησεν·
1741 742 1828 794 ὅτε
1856 740 1911 793 δέ

352 831 456 884 τὸν
480 829 669 898 ἄνδρα
695 830 893 899 ὄρθιον
916 831 1148 902 ἀκήκοεν
1171 831 1596 898 ἀναϐεϐηκότα,
1616 828 1913 902 τηνικαῦτα

354 922 733 992 προσκυνήσας
764 920 1034 990 ὑπέκυψε;
1071 921 1179 973 Καὶ
1215 919 1342 990 μὴν,
1378 919 1454 983 ὡς
1505 917 1780 990 Ὠριγένης
1811 917 1914 970 ἀπ-

351 1013 586 1083 εφήνατο
613 1012 919 1084 τολμηρῶς,
951 1012 1108 1083 εἴπερ
1130 1011 1346 1080 ἄγγελοί
1374 1027 1516 1074 τινες
1541 1005 1678 1080 ἦσαν
1707 1011 1770 1060 ἐκ
1788 1007 1914 1061 τού-

351 1121 457 1159 των
499 1103 532 1174 ἢ
571 1105 724 1176 χοροὶ
758 1103 1069 1176 προφητῶν,
1116 1104 1220 1156 ἔδει
1263 1106 1374 1166 τοῖς
1425 1102 1728 1174 κρείττοσιν
1783 1102 1914 1154 ὑπο-

353 1197 542 1266 κύψαι.
595 1195 801 1251 Οὐκοῦν
839 1200 904 1250 ἐκ
933 1198 1147 1251 πάντων
1181 1195 1316 1268 ὁμοῦ
1338 1195 1446 1248 τῶν
1475 1195 1650 1267 ἔργων
1675 1193 1914 1266 εὐχερῶς

352 1291 498 1342 ἐστιν
552 1286 697 1352 ἰδεῖν,
732 1289 812 1342 δτι
848 1289 939 1343 τὸν
964 1288 1202 1359 ἡγεμόνα
1240 1287 1336 1358 μὲν
1375 1286 1496 1341 νοῦν
1528 1285 1861 1355 ἐτύφλωττεν
1887 1285 1915 1338 6

353 1381 545 1446 Σαοὺλ,
566 1382 669 1435 ὑπὸ
688 1381 781 1434 τοῦ
803 1381 1050 1452 δαίμονος
1072 1381 1440 1451 ἐλαυνόμενος
1462 1382 1489 1432 6
1509 1379 1566 1432 δέ
1582 1377 1916 1441 διάϐολοςείς

349 1472 638 1544 διαφόρους
664 1471 980 1542 ἐξήλλαττεν
1009 1471 1195 1524 ἐαυτὸν
1216 1471 1377 1533 ίδέας,
1407 1468 1511 1522 ὑπὸ
1530 1467 1624 1521 τοῦ
1653 1467 1915 1520 δυνάστου

351 1563 791 1634 προσκυνηθῆναι
855 1561 1388 1633 πραγματευόμενος,
1457 1560 1544 1612 ἵνα
1609 1562 1676 1612 ἐκ
1728 1556 1916 1612 τούτου

351 1655 630 1718 πλείστους
645 1656 800 1718 ὅσους
820 1654 1132 1726 ἐξαπατήσῃ
1147 1653 1445 1724 λεληθότως
1460 1651 1930 1720 ὑποκύπτωνίὸ·“)

353 1745 519 1816 αὐτῷ.
545 1745 734 1799 Καίτοι
764 1761 826 1813 γε
854 1744 909 1797 δὲ
943 1743 1005 1815 [Ῑ.
1028 1744 1114 1816 δὴ]
1140 1745 1198 1797 οὑ
1226 1743 1373 1809 ξενον
1397 1745 1542 1796 ἐστὶν
1572 1745 1762 1806 εἰπεῖν,
1787 1741 1918 1794 ὅπου

2014 568 2136 623 tem,
2166 567 2298 616 tunc
2329 576 2395 615 eo
2416 562 2642 619 adorato
2663 561 2814 617 humi
2845 578 2905 618 se
2931 560 3163 616 stravit?
3188 558 3254 612 Et
3281 566 3484 624 tamen,
3509 575 3570 617 ut

2011 646 2276 719 Origenes
2334 651 2501 707 nimis
2555 652 2814 708 audacter
2871 649 3273 712 determinavit,
3321 650 3368 705 si
3394 652 3570 720 angeli

2013 737 2088 792 illi
2115 739 2200 794 vel
2228 740 2380 795 chori
2431 744 2820 814 prophetarum
2854 740 3107 804 fuissent,
3153 739 3258 809 ipsi
3315 747 3572 810 tanquam

2013 832 2418 899 przestantiores
2443 841 2598 888 erant
2638 833 2920 888 adorandi.
2969 831 3136 902 Igitur
3164 831 3249 886 his
3273 830 3435 887 rebus
3459 845 3574 886 om-

2013 921 2174 976 nibus
2227 921 2389 976 simul
2442 924 2839 986 consideratis,
2885 922 3043 976 facile
3100 927 3185 976 est
3236 920 3572 990 intelligere,

2017 1011 2195 1068 Saulis
2223 1029 2253 1066 a
2293 1013 2535 1070 daemone
2582 1016 2755 1070 vexati
2788 1014 3088 1085 principem
3134 1012 3328 1066 animae
3362 1019 3574 1081 partem

2015 1104 2354 1171 caacutiisse;
2399 1105 2676 1160 diabolum
2719 1121 2848 1160 vero
2874 1107 2926 1158 in
2963 1105 3141 1159 varias
3170 1102 3372 1158 formas
3402 1112 3579 1156 muta-

2019 1205 2129 1248 tum
2154 1235 2170 1260 ,
2220 1196 2348 1251 dum
2383 1212 2413 1250 a
2443 1213 2568 1268 rege
2601 1197 2812 1252 adorari
2843 1197 3030 1259 ambit,
3065 1203 3121 1250 ut
3154 1193 3578 1266 quamplurimos

2018 1284 2250 1351 falleret,
2306 1288 2675 1344 adorationem
2707 1289 2811 1344 sibi
2845 1290 3131 1344 adstruere
3173 1287 3432 1344 voluisse.
3464 1285 3578 1344 Hoc

2017 1393 2149 1434 sane
2174 1380 2398 1436 minime
2449 1383 2646 1436 mirum
2677 1389 2784 1446 est,
2836 1397 2937 1437 nec
2993 1388 3190 1451 praeter
3223 1381 3581 1450 exspectatio-

2017 1485 2182 1525 nem:
2238 1487 2363 1526 nam
2415 1473 2519 1528 etsi
2552 1473 2756 1529 Christi
2804 1488 3038 1543 persona
3067 1479 3378 1542 conspecta,
3417 1487 3580 1542 quem

2017 1559 2165 1616 intus
2187 1577 2244 1616 re
2265 1569 2318 1617 et
2347 1564 2667 1633 operatione
2697 1563 2864 1620 Deum
2893 1566 2960 1631 ",
2997 1571 3303 1633 naturaque
3334 1562 3427 1617 Dei
3458 1562 3581 1632 legi-

2019 1651 2211 1705 timum
2247 1651 2444 1708 Filium
2499 1655 2737 1721 videbat,
2788 1654 3008 1711 homine
3045 1669 3204 1724 puro,
3239 1653 3579 1723 incorrupto,

2021 1741 2188 1796 nullis
2243 1744 2497 1800 sordibus
2541 1744 2938 1799 commaculato
2981 1745 3400 1810 circumdatum,
3431 1754 3583 1798 extra
3665 1765 3667 1767 ·

351 1853 415 1904 γε
445 1837 537 1889 καὶ
580 1835 640 1889 τὸ
670 1835 762 1889 τοῦ
794 1835 1029 1907 Χριστοῦ
1064 1835 1353 1907 πρόσωπον
1381 1832 1612 1898 εἰσιδὼν,
1645 1833 1790 1903 ἔργῳ
1830 1832 1917 1902 μὲν

2028 1849 2155 1889 vero
2177 1837 2434 1906 templum
2466 1837 2913 1906 pulcherrimum,
2938 1845 3334 1900 consecratum,
3363 1837 3588 1892 inviola-

352 1928 556 1982 ἔνδοθεν
577 1926 722 1998 ἐώρα
747 1927 840 1980 καὶ
858 1927 1049 1997 πράξει
1069 1927 1219 1991 Θεὸν,
1242 1927 1336 1979 καὶ
1361 1925 1517 1995 φύσει
1539 1924 1673 1977 Θεοῦ
1693 1925 1915 1995 γνήσιον

353 2016 498 2081 Υίὸν,
534 2015 819 2087 ἄνθρωπον
853 2016 909 2069 δὲ
937 2015 1173 2087 καθαρὸν
1193 2055 1207 2076 ,
1247 2016 1545 2086 ἄχραντον,
1589 2013 1916 2085 άκηλίδωτον

349 2107 598 2175 ἐξωτάτω
652 2107 1030 2180 περικείμενον
1065 2105 1400 2170 ἐποπτεύων,
1429 2105 1544 2173 ςκαὶ
1572 2104 1701 2159 ναοῦ
1730 2104 1917 2174 χρῆμα

354 2199 707 2272 περικαλλὲς,
761 2197 1166 2269 ἀφιε-ρωμὲνον,
1219 2195 1510 2266 ἀσύλητον,
1559 2196 1710 2249 οὐδὲν
1756 2190 1917 2266 ἦττον

347 2290 690 2364 ἐκπειράζων
715 2289 873 2344 αὐτὸν
897 2289 1128 2360 ἀμελητὶ
1158 2288 1382 2360 προσείη
1403 2290 1462 2359 (ι.
1488 2287 1760 2358 προσῄει),
1795 2287 1916 2339 θεο-

352 2382 538 2454 μαχῶν
555 2381 836 2444 εἰωθότως
857 2381 931 2444 ὡς
950 2380 1027 2447 δέ,
1048 2380 1114 2433 τά
1137 2379 1328 2452 πρῶτα
1349 2382 1443 2433 καὶ
1463 2380 1530 2434 τά
1545 2380 1770 2452 δεύτερα
1795 2379 1914 2434 καθ’

345 2474 539 2528 ἐαυτοῦ
569 2471 1062 2544 προκαλεσάμενος,
1091 2471 1298 2543 ἡττήθη
1325 2473 1528 2544 ραγεὶς,
1559 2471 1738 2535 ἄθλιος
1761 2469 1915 2536 αὖθις

347 2569 426 2629 είς
468 2565 594 2619 ἄλλο
636 2562 972 2633 μεταλλάξας
1011 2559 1142 2634 ἦθος
1165 2603 1180 2627 ,
1215 2563 1591 2616 ὑποδεικνύναι
1629 2563 1726 2634 μὲν
1769 2563 1917 2634 αὑτῷ

348 2659 528 2712 πᾶσαν
557 2657 655 2726 τὴν
686 2655 838 2708 τοῦδε
866 2653 959 2709 τοῦ
993 2655 1194 2726 κόσμου
1223 2654 1565 2727 περιγραφὴν
1593 2655 1914 2726 ἐπεχείρησε

352 2749 445 2806 καὶ
489 2747 590 2810 τάς
634 2745 907 2817 βασιλείας
948 2746 1146 2816 αὐτῆς,
1195 2746 1420 2816 ἀπονοίᾳ
1473 2747 1530 2799 δὲ
1573 2747 1668 2801 καὶ
1713 2747 1915 2819 ψευδη-

351 2838 512 2910 γορίᾳ
549 2837 944 2908 θρασυνόμενος
983 2835 1294 2907 ἐκόμπαξεο
1357 2835 1543 2890 Ταῦτα
1582 2837 1778 2892 πάντα
1816 2854 1915 2892 σοι

349 2928 552 2990 δώσω,
595 2929 700 2984 ἐὰν
741 2927 945 2982 πεσὼν
993 2929 1426 2998 προσκυνήσῃς
1473 2949 1596 2999 μοι.
1651 2933 1916 2998 Τοιαύτας

354 3019 452 3090 μὲν
497 3015 589 3075 οῦν
636 3022 664 3074 6
706 3021 906 3092 ἀσεϐὴς
957 3020 1153 3093 ἔρρηξε
1207 3021 1364 3093 δεῦρο
1413 3022 1620 3090 φωνὰς,
1674 3024 1914 3096 οἰόμενος

350 3114 430 3175 είς
482 3112 652 3184 ὀργὴν
702 3113 1098 3167 ἐκκαλέσασθαι
1142 3112 1210 3166 τὰ
1250 3113 1348 3183 τῆς
1389 3113 1738 3181 ἀνεξικακίας
1785 3117 1912 3190 ἤθη,

2022 1930 2170 1990 tum;
2234 1926 2588 1982 nihilominus
2643 1928 2712 2006 ad
2777 1929 2927 1982 illum
2987 1927 3252 1982 accedens
3299 1942 3583 1997 perperam

2025 2015 2286 2078 tentabat,
2345 2029 2446 2068 suo
2501 2016 2663 2070 modo
2684 2007 2748 2072 'et
2796 2032 2946 2072 more
2977 2032 3210 2087 pugnam
3239 2016 3349 2071 Deo
3405 2018 3585 2073 inten»

2021 2108 2182 2164 dens.
2217 2105 2321 2160 Ubi
2349 2121 2478 2161 vero
2512 2106 2708 2162 iterum
2764 2115 2926 2177 atque
2969 2109 3165 2162 iterum
3211 2115 3400 2162 contra
3425 2124 3484 2163 se
3515 2108 3585 2163 ad

2022 2214 2253 2270 pugnam
2283 2213 2586 2267 provocans
2615 2199 2860 2255 devictus
2918 2207 3022 2265 est,
3050 2198 3246 2253 misere
3279 2199 3584 2268 disruptus,

2021 2305 2159 2345 nova
2190 2290 2293 2345 sibi
2319 2291 2497 2360 specie
2522 2289 2715 2354 ascita,
2749 2291 3063 2345 universum
3113 2299 3378 2346 terrarum
3411 2290 3588 2346 ambi-

2023 2389 2138 2434 tum
2158 2387 2212 2435 et
2239 2395 2402 2450 regna
2428 2388 2706 2435 ostentare
2741 2395 2948 2446 ausus;
2978 2379 3213 2434 amentia
3257 2379 3587 2435 mendaciis-

2020 2485 2127 2541 qne
2151 2469 2472 2538 superbicns
2518 2468 2755 2538 jactabat
2792 2487 2803 2520 :
2843 2467 2969 2522 Ilwc
3000 2469 3177 2521 omnia
3223 2467 3320 2520 tibi
3349 2465 3507 2531 dabo,
3537 2469 3586 2523 si

2022 2560 2211 2615 cadens
2252 2561 2553 2615 adoraveris
2577 2577 2656 2615 me
2685 2561 2750 2614 ³ο.
2786 2558 3002 2615 Similes
3044 2560 3132 2614 hic
3193 2559 3392 2629 impius
3422 2576 3587 2617 voces

2019 2655 2219 2718 emisit,
2271 2669 2336 2709 eo
2388 2653 2570 2708 animo
2625 2661 2682 2708 ut
2727 2655 2781 2708 in
2819 2654 2955 2707 iram
3009 2653 3352 2707 clementiam
3403 2653 3579 2724 ipsam

2021 2752 2381 2815 provocaret;
2420 2761 2528 2815 quo
2548 2744 2825 2800 videretur
2851 2743 3066 2814 aggredi
3100 2744 3446 2814 imparatum.
3483 2741 3586 2800 Ve-

2022 2856 2141 2894 rum
2174 2839 2463 2894 tolerantia
2490 2838 2738 2892 maleﬁco
2781 2837 3035 2902 dzemoni,
3068 2845 3127 2892 ut
3155 2837 3266 2894 Deo
3293 2839 3587 2896 convenie-

2020 2932 2132 2995 bat,
2168 2930 2440 2986 silentium
2469 2931 2747 2998 imposuit.
2801 2927 2984 2984 Sol-ius
3012 2929 3212 3000 quippe
3266 2929 3358 2986 Dei
3381 2937 3467 2986 est
3503 2940 3587 2986 to-

2021 3023 2259 3078 leranlcr
2313 3023 2496 3076 omnia
2560 3023 2718 3077 ferre.
2754 3019 2813 3075 Si
2870 3022 3033 3092 igitur
3059 3021 3160 3092 ipsi
3197 3021 3424 3078 Domino
3455 3023 3587 3078 talia

2021 3115 2168 3171 effari
2204 3130 2396 3185 parum
2454 3114 2529 3168 illi
2562 3130 2704 3169 curae
2757 3114 2874 3180 fuit,
2904 3114 3179 3184 quomodo
3235 3113 3586 3170 manifestum

351 3201 443 3254 καὶ
467 3201 554 3254 διὰ
581 3202 672 3254 τοῦ
715 3203 918 3256 τοιοῦδε
959 3202 1133 3256 δοκεῖν
1174 3203 1656 3274 ἐπιλαμϐάνεσθαι·
1719 3188 1917 3280 μακρο-

2022 3224 2131 3264 non
2158 3208 2261 3262 erit
2283 3223 2391 3262 non
2423 3207 2605 3262 minus
2637 3207 2758 3277 ipso
2789 3205 2897 3262 Deo
2927 3207 3298 3262 adorationem
3332 3207 3585 3262 ambien-

350 3293 519 3366 θυμία
565 3295 618 3346 δὲ
665 3295 989 3362 κατεσίγασε
1045 3295 1136 3349 τὸν
1190 3295 1465 3369 ἀλάστορα
1539 3298 1857 3370 θεοπρεπῶς
1887 3303 1916 3355 6

351 3385 572 3457 Κύριος·
621 3387 750 3442 ἴδιον
801 3387 908 3459 γάρ
948 3388 1014 3441 ἂν
1073 3387 1156 3458 εἴη
1196 3388 1314 3459 Θεῷ
1359 3391 1534 3444 πάντα
1580 3392 1915 3458 ἀνεξικάκως

351 3477 554 3548 φέρειν.
609 3479 670 3532 Et
714 3480 893 3533 τοίνυν
942 3481 1090 3552 αὑτῷ
1133 3482 1210 3553 τῷ
1251 3482 1440 3554 Κυρίῳ
1483 3484 1704 3538 τοιαῦτα
1747 3503 1912 3556 προσ-

349 3571 490 3620 οῖσαι
539 3572 756 3640 ῥήματα
805 3572 933 3642 παρ’
965 3572 1116 3624 οὐδὲν
1150 3574 1423 3644 ἡγήσατο,
1497 3573 1613 3637 πῶς
1654 3575 1752 3629 οὑκ
1792 3575 1905 3628 ἔστι

2020 3307 2126 3355 tem
2167 3300 2259 3353 illa
2313 3298 2734 3354 tentasse?Hoc
2781 3298 2872 3367 qui
2905 3313 3053 3354 sanae
3081 3298 3278 3352 mentis
3311 3305 3439 3352 sunt
3476 3313 3590 3351 om-

2019 3406 2116 3446 nes
2155 3389 2312 3444 facile
2343 3389 2664 3460 intelligunt,
2693 3402 2722 3442 a
2751 3388 2993 3444 daemone
3025 3403 3119 3459 per
3145 3388 3402 3443 furiosam
3438 3389 3589 3443 illam

2017 3481 2298 3536 mulierem
2344 3479 2647 3534 dementem
2690 3493 2871 3548 regem
2917 3476 3203 3548 deceptum
3257 3486 3452 3548 praeter
3495 3479 3590 3550 jus

2013 3589 2133 3630 sese
2163 3573 2477 3628 inclinasse.

355 3663 542 3731 σαφὲς,
575 3665 655 3717 ὅτι
690 3666 1104 3736 προσκυνεῖσθαι
1136 3667 1456 3738 βουλόμενος
1510 3668 1597 3722 ἴσα
1624 3670 1740 3740 Θεῷ
1785 3670 1956 3724 ταῦτα
1986 3668 2364 3740 διεπράττετο;
2389 3666 2556 3721 Τοῦτο
2582 3665 2697 3736 μὲν,
2723 3659 2895 3735 οἶμαι,
2922 3664 3034 3727 τοῖς
3055 3657 3113 3714 εὖ
3135 3661 3387 3732 φρονοῦσι
3417 3661 3590 3718 κατά-

352 3775 530 3828 φωρον
554 3759 784 3830 ὑπάρχει
802 3763 982 3821 πᾶσιν,
999 3763 1079 3815 ὅτι
1095 3763 1181 3817 διά
1197 3766 1450 3832 γυναικὸς
1467 3765 1742 3836 ἐμμανοῦς
1765 3767 2014 3837 ἠπάτησε
2044 3764 2135 3817 τὸν
2157 3762 2391 3834 ἔκφρονα
2422 3760 2689 3830 δυνάστην
2714 3755 2990 3826 ὑποκῦψαι
3018 3754 3165 3826 αὑτῷ
3188 3755 3336 3828 παρά
3362 3757 3422 3810 τὸ
3448 3757 3588 3812 δέον.

422 3873 512 3930 XI.
555 3875 673 3928 Ἔτι
706 3875 762 3928 δέ
802 3875 1121 3945 διαληπτέον
1158 3877 1298 3932 αὑτά
1339 3878 1409 3932 τὰ
1448 3880 1655 3945 τούτοις
1695 3881 1913 3934 ὑποκεί-

356 3985 492 4040 μενα
536 3966 788 4037 καθεξῆς.
844 3967 930 4032 Ὡς
975 3963 1067 4021 οὖν
1105 3968 1134 4020 6
1164 3969 1334 4022 Σαοὺλ
1366 3971 1658 4043 ὑπεκλίνθη
1707 3972 1783 4041 τῷ
1812 3973 1914 4042 φά-

355 4076 519 4130 σματι
563 4059 964 4131 προσκυνήσας,
1002 4055 1158 4124 αὖθις
1203 4061 1548 4134 ὑποκρίνεται
1593 4062 1916 4117 πεπονθέναι

356 4152 477 4224 βίαν
539 4155 568 4207 6
619 4153 952 4224 δολομήτης,
1020 4157 1102 4219 είς
1152 4154 1212 4208 τὸ
1266 4157 1449 4227 σχῆμα
1511 4155 1607 4208 τοῦ
1666 4157 1918 4228 Σαμουὴλ

354 4245 594 4317 ἀμείψας
640 4245 853 4299 ἑαυτόν·
903 4243 1022 4299 εῐτα
1067 4246 1204 4319 μετά
1245 4247 1524 4319 εἰρωνείας
1565 4249 1916 4321 ἀποκρίνεται

355 4338 834 4410 σκυθρωπότερον
893 4338 1075 4393 ’Ῑνατι
1136 4341 1616 4410 παρηνώχλησάς
1653 4359 1750 4410 με,
1805 4339 1917 4411 φά-

353 4445 521 4484 σκων
571 4431 902 4498 ἁναϐῆναι;
941 4431 1126 4486 Ταῦτα
1170 4433 1226 4486 δὲ
1261 4433 1624 4504 πλαττόμενος
1669 4435 1918 4505 ἀπαρεμ-

355 4521 539 4590 φάτως
597 4519 847 4574 ἐϐούλετο
907 4521 1228 4593 σημαίνειν,
1287 4522 1370 4576 ὅτι
1430 4523 1523 4576 καὶ
1577 4522 1776 4577 ἄκοντα
1825 4523 1918 4578 τὸν

355 4613 638 4684 προφήτην
684 4613 713 4664 6
752 4612 959 4683 δαίμων
1016 4613 1242 4684 ἠδύνατο
1291 4615 1767 4686 μεταπέμπεσθαι,
1824 4616 1918 4670 καὶ

354 4704 475 4756 κατ’
509 4702 676 4756 αὑτοῦ
719 4703 976 4775 τοιαύτην
1017 4703 1158 4775 ἐχειν
1198 4703 1464 4769 ἐξουσίαν.
1497 4701 1628 4758 Εἶτα
1668 4704 1917 4760 τοσοῦτον

355 4793 746 4865 άμϐλυωποῦσί
788 4812 961 4861 τινες,
999 4797 1075 4860 ὡς
1113 4797 1173 4850 οὑ
1202 4797 1456 4851 δύνασθαι
1488 4801 1648 4862 νοεῖν,
1677 4798 1758 4850 ὅτι
1793 4798 1918 4860 τοὺς

355 4883 611 4955 δαίμονας
652 4887 710 4938 ἐν
744 4885 822 4957 τῷ
856 4885 985 4958 θείῳ
1024 4887 1414 4957 φυγαδεύουσιν
1455 4888 1678 4958 ὀνόματι
1719 4888 1918 4951 πάντες

356 4981 404 5032 οί
435 4978 506 5032 τὰ
545 4978 637 5031 τοῦ
676 4977 912 5050 Χριστοῦ
957 4979 1275 5051 φρονοῦντες
1324 4980 1658 5051 εἰλικρινῶς,
1697 4980 1816 5050 οὑχὶ
1859 4979 1916 5032 δέ

356 5071 664 5124 τούναντίον
697 5070 773 5133 ὡς
809 5071 1157 5141 ὑποκείμενοι
1192 5071 1399 5135 τούτοις
1437 5072 1659 5134 ἄκοντες
1694 5069 1918 5124 ἀναϐαί-

356 5178 537 5214 νουσιν
579 5160 638 5225 ἐξ
673 5161 820 5231 ᾅδου,
849 5160 1327 5234 μεταπεμπόμενοι
1352 5164 1489 5236 πρὸς
1523 5163 1720 5217 αὑτῶν.
1763 5163 1826 5215 Et
1857 5160 1914 5214 δέ

354 5270 438 5316 τις
491 5251 661 5305 οίεται
711 5253 772 5306 τὸ
811 5253 910 5323 τῆς
959 5254 1395 5327 ἐγγαστριμύθου
1451 5254 1721 5326 δαιμόνιον
1771 5252 1919 5305 οὑδε-

358 5343 575 5398 πώποτε
617 5343 1045 5412 φυγαδεύεσθαι,
1090 5342 1322 5416 προῦχον
1355 5347 1607 5400 ἁπάντων
1639 5343 1774 5416 ὁμοῦ
1811 5342 1918 5396 τῶν

356 5436 556 5500 ἄλλων,
615 5434 970 5506 ἀναδραμέτω
1029 5437 1124 5507 μὲν
1175 5439 1254 5500 είς
1305 5437 1403 5501 τὰς
1447 5437 1553 5491 τῶν
1607 5437 1916 5490 ἀποστόλων

355 5526 608 5596 Πράξεις,
675 5527 760 5579 ἐπ’
807 5526 984 5580 αὐτῶν
1039 5527 1098 5579 δὲ
1136 5527 1244 5581 τῶν
1291 5528 1502 5600 χωρίων
1555 5525 1916 5598 ἐμϐατεύσας,

358 5617 511 5672 ίδὲτω
553 5617 670 5681 πῶς
701 5618 731 5671 6
759 5616 1083 5688 περιοδεύων
1130 5619 1414 5691 ίεροκήρυξ
1457 5617 1681 5686 ἀφίκετο
1715 5617 1921 5682 Παῦλος

2085 3878 2176 3934 XI.
2233 3875 2605 3932 Examinanda
2663 3873 2791 3929 item
2847 3881 2974 3928 sunt
3011 3886 3131 3942 qua:
3179 3870 3342 3925 dictis
3395 3872 3589 3930 ordine

2013 3973 2334 4042 continuato
2392 3968 2716 4024 subduntur.
2770 3963 2838 4018 Ut
2893 3961 3025 4017 Saul
3084 3962 3234 4016 humi
3296 3964 3588 4032 procubuit

2017 4063 2243 4118 adorato
2267 4068 2503 4132 spectro,
2521 4059 2700 4115 denuo
2729 4056 2951 4111 dolosus
2973 4054 3082 4122 ille,
3114 4053 3383 4110 Samuelis
3413 4053 3588 4112 forma

2017 4163 2320 4226 assumpta,
2349 4154 2456 4209 vim
2485 4152 2689 4224 perpeti
2720 4149 2900 4220 fingit;
2953 4155 3139 4219 postea
3162 4163 3258 4218 per
3279 4148 3592 4204 dissimula-

2021 4247 2225 4301 tionem
2242 4245 2508 4314 vultuque
2521 4241 2785 4298 mmstiori
2803 4238 3096 4309 respondet
3117 4257 3130 4292 :
3169 4236 3362 4308 thm'd
3381 4248 3588 4309 pertur-

2021 4335 2162 4392 baui
2219 4352 2321 4402 me,
2356 4335 2568 4399 dicens,
2621 4331 2863 4402 faciendo
2914 4345 2994 4382 me
3022 4329 3299 4384 ascendere
3330 4329 3414 4382 “‘2
3465 4327 3589 4384 Haec

2021 4425 2150 4482 dum
2187 4427 2424 4490 simulat,
2459 4425 2685 4480 innuere
2733 4422 2905 4479 voluit
2937 4420 3235 4485 indeﬁnite,
3287 4419 3585 4475 daemonem

2019 4529 2183 4586 posse
2239 4514 2555 4584 prophetam
2595 4513 2724 4567 licet
2772 4513 3004 4566 invitum
3059 4525 3308 4574 evocare,
3346 4517 3590 4580 potesta-

2021 4614 2236 4677 temque
2264 4606 2317 4660 in
2341 4621 2464 4661 eum
2514 4605 2736 4659 habere.
2789 4601 2855 4656 Et
2888 4603 3049 4657 modo
3081 4602 3156 4656 ita
3204 4600 3451 4656 nonnulli
3483 4615 3589 4654 ca:-

2019 4697 2253 4763 cutiunt,
2285 4704 2347 4752 ut
2387 4697 2691 4768 intelligere
2717 4703 3008 4765 nequeant,
3056 4707 3248 4750 omnes
3291 4692 3382 4764 qui
3409 4692 3590 4747 animo

2012 4805 2150 4860 puro
2174 4791 2500 4860 sinceroque
2521 4803 2585 4843 ea
2615 4801 2737 4857 quae
2759 4784 2967 4840 Christi
2999 4793 3124 4840 sunt
3155 4781 3497 4853 profitentur,
3531 4782 3589 4837 in

2012 4882 2196 4941 divino
2223 4885 2442 4940 nomine
2462 4880 2730 4938 daemonia
2755 4879 2986 4948 ejicere;
3028 4885 3083 4931 at
3112 4893 3222 4932 non
3278 4891 3345 4931 ex
3369 4889 3591 4933 contra~

2012 4978 2096 5032 rio
2116 4976 2187 5031 ab
2212 4975 2320 5030 illis
2345 4974 2547 5028 invitos
2569 4971 2760 5042 iussos
2801 4966 3098 5022 ascendere
3120 4969 3190 5021 ab
3211 4965 3420 5032 inferis,
3446 4980 3510 5021 ac
3537 4966 3586 5021 si

2012 5068 2094 5123 eis
2119 5064 2352 5135 subjecti
2383 5069 2590 5119 essent.
2639 5059 2843 5114 Verum
2903 5058 2950 5113 si
2981 5058 3106 5128 quis
3145 5057 3423 5112 existimat
3480 5055 3590 5110 dae-

2013 5159 2256 5213 monium
2295 5151 2738 5228 engastrimythi,
2766 5165 2889 5205 cum
2923 5150 3136 5205 caeteris
3166 5149 3287 5204 aliis
3336 5147 3589 5218 superius

2015 5251 2109 5315 sit,
2139 5264 2247 5305 non
2301 5262 2462 5319 posse
2489 5245 2626 5300 verti
2658 5245 2714 5299 in
2749 5243 2952 5314 fugam,
3005 5247 3259 5298 recurrat
3296 5240 3363 5295 ad
3414 5239 3587 5294 Actus

2015 5341 2500 5413 apostolorum;et
2523 5338 2615 5392 ubi
2671 5337 2736 5392 ad
2792 5337 2908 5391 loca
2941 5333 3266 5405 pervenerit,
3316 5329 3588 5385 examinet

2021 5445 2082 5489 ut
2121 5450 2275 5491 sacer
2315 5448 2494 5504 praeco
2527 5431 2730 5486 Paulus
2759 5429 3104 5486 errabundus
3130 5426 3407 5496 Philippos
3430 5422 3589 5478 deve-

2022 5528 2103 5583 nit
2139 5547 2152 5582 :
2189 5535 2248 5580 ut
2272 5541 2396 5582 vero
2419 5525 2699 5580 mulierem
2748 5523 2968 5578 nomine
2995 5519 3215 5591 Lydiam
3246 5515 3462 5586 pietatis
3493 5529 3586 5568 co-

2033 5620 2272 5691 gnitione
2337 5618 2684 5684 illuminavit,
2735 5616 2866 5672 abiit
2891 5623 2950 5670 ut
2977 5627 3165 5684 preces
3187 5609 3314 5683 _Deo
3344 5607 3584 5666 effunda-

427 5729 470 5760 "
503 5729 702 5798 Philip.
721 5745 781 5795 ιι,
806 5731 859 5783 6.
935 5731 979 5762 ³ο
1003 5729 1195 5784 Matth.
1223 5747 1295 5796 Iv,
1321 5730 1373 5785 9.
1451 5729 1493 5761 ³¹
1516 5727 1687 5799 IReg.
1721 5745 1912 5796 nvm,
1933 5728 2019 5784 i5.

429 5819 983 5896 (5““)Ύποκύπτων.
1027 5822 1186 5880 Forte
1229 5822 1512 5894 legendum
1561 5820 1916 5893 ὑποκύπτειν,

2038 5820 2304 5878 referatur
2329 5818 2396 5876 ad
2428 5818 2707 5880 πλείστους
2740 5815 2911 5878 ὅσους.
2943 5811 3097 5867 Enn.
