4090 6288
485 389 589 450 635
1455 383 1513 444 Ξ.
1554 382 1924 444 EUSTATHII
1966 380 2278 444 EPISCOPI
2319 383 2743 445 ANTIOCHENI
3601 389 3711 447 636

486 518 587 563 ret.
648 503 851 560 Accidit
888 512 1063 558 autem
1108 510 1167 557 ut
1200 503 1376 571 puclla
1411 500 1670 572 qua’dam,
1704 503 1798 567 ait,
1853 502 2045 556 habens

2154 505 2224 566 εἰς
2259 503 2584 566 Φιλίππους
2625 501 2703 564 ὡς
2748 498 2804 553 δὲ
2837 497 2934 569 τὴν
2965 498 3302 570 καλουμένην
3343 498 3575 570 ἐφώτισε
3603 504 3716 557 Λυ-

486 597 729 665 δρὶνὶςαιη
761 592 1012 661 Pythonis
1034 604 1346 658 occurreret,
1378 611 1492 664 qua:
1517 603 1773 663 quaestum
1798 610 2043 664 magnum

2154 591 2263 645 δίαν
2285 593 2574 663 ξεύσεϐείας
2604 589 2921 658 ἐπιγνώσει,
2951 588 3251 661 τηνικαῦτα
3284 587 3382 659 μὲν
3411 588 3583 660 ᾤχετο
3611 590 3715 656 τὰς

487 685 772 759 ρνωειαὺαι
797 684 1024 738 dominis
1050 687 1163 740 suis
1191 686 1493 740 divinando.
1527 685 1699 754 Igitur
1725 684 1833 739 Itazc
1866 685 2045 739 subse-

2154 684 2309 754 εὐχὰς
2339 684 2598 738 ἀνοίσωνο
2649 682 2918 752 Ἐγένετο
2963 680 3031 734 δὲ
3069 680 3401 749 παιδίσκην
3443 682 3715 752 ἀπαντῆ-

487 789 609 832 cuta
634 774 861 828 Paulum
884 783 932 828 et
964 792 1077 838 nos,
1119 775 1404 837 clamabat,
1453 775 1627 829 dicens
1652 776 1790 828 sic:'
1812 774 1912 829 Isti
1952 776 2046 828 Ito-

2154 777 2249 829 σαί
2273 794 2424 839 τινα,
2457 776 2641 847 φησὶν,
2673 774 2941 842 ἔχουσαν
2972 773 3208 841 πνεῦμα
3234 773 3533 838 Πύθωνος,
3556 772 3714 843 ἥπερ

487 869 648 922 mines
668 868 802 922 servi
821 866 919 920 Dei
932 868 1273 921 excelsissimi
1288 877 1427 932 sunt,
1450 867 1538 935 qui
1559 868 1875 921 annuntiant
1897 868 2043 922 nobis

2154 869 2429 937 ἐργασίαν
2485 865 2727 936 πολλὴν
2779 866 3042 935 παρέσχε
3088 865 3213 931 τοῖς
3251 865 3478 933 κυρίοις
3519 865 3714 934 αὐτῆς

488 960 622 1014 niam
658 959 871 1015 salutis.
898 957 969 1011 Et
997 959 1091 1012 hoc
1120 958 1343 1026 faciebat
1361 973 1451 1025 per
1468 958 1657 1028 multos
1697 958 1806 1013 dies
1839 960 1903 1012 ³³.
1939 958 2046 1014 Sed

2154 961 2571 1030 μαντευομένη.
2605 960 2922 1031 Τοιγαροῦν
2949 960 3098 1026 αὕτη
3127 956 3717 1024 κατακολουθήσασα

487 1054 694 1107 damon
720 1051 1081 1106 invisibilibus
1115 1051 1297 1121 ﬂagris
1327 1066 1501 1108 caesus
1520 1055 1708 1107 nolens
1733 1050 1780 1105 vi
1811 1052 2047 1121 pelleba-

2154 1051 2226 1116 τῷ
2247 1052 2464 1119 Παύλῳ
2500 1050 2596 1105 καὶ
2618 1051 2762 1120 ἡμῖν
2788 1046 2988 1118 ἔκραζε
3014 1046 3279 1118 λέγουσα
3302 1046 3507 1112 οὕτως.
3534 1042 3716 1102 Οὗτοι

487 1154 577 1197 tur
600 1152 657 1196 ut
685 1143 807 1197 illas
837 1144 1019 1199 ederet
1042 1160 1223 1199 voces.
1257 1143 1451 1199 Verum
1481 1143 1682 1198 Paulus
1713 1142 1857 1197 illius
1890 1146 2048 1199 testi-

2154 1146 2201 1196 ol
2235 1143 2530 1212 ἅνθρωποι
2577 1142 2786 1196 δοῦλοι
2819 1140 2926 1194 τοῦ
2966 1138 3113 1194 Θεοῦ
3137 1137 3243 1192 τοῦ
3276 1137 3540 1206 ὑψίστου
3567 1136 3713 1201 εἱσι,

486 1238 672 1290 monio
703 1234 861 1290 fidem
898 1250 1007 1289 non
1027 1250 1149 1290 esse
1181 1236 1539 1290 adhibendam
1596 1235 1936 1299 existimans,
1964 1235 2048 1289 id-

486 1342 592 1397 que
618 1327 941 1391 rectissime,
966 1343 1107 1397 aegre
1136 1328 1315 1384 ferens
1346 1328 1482 1382 dixit
1504 1328 1715 1396 spiritui
1744 1347 1756 1382 :
1790 1327 2047 1396 Prcecipio

489 1418 581 1471 tibi
638 1420 693 1472 in
746 1420 952 1473 nomine
1006 1418 1135 1473 Iesu
1170 1419 1367 1474 Christi
1395 1429 1453 1473 ut
1476 1435 1634 1475 exeas
1679 1421 1743 1474 ab
1795 1437 1878 1477 ea.
1914 1419 2049 1475 Rem

488 1519 692 1578 gestam
723 1522 914 1564 auctor
950 1525 1180 1565 narrans
1199 1511 1384 1566 subdit
1411 1530 1423 1566 :
1446 1511 1514 1565 Et
1542 1513 1668 1569 exiit
1689 1512 1869 1568 eadem
1895 1514 2047 1568 hora.

491 1600 625 1655 Cum
653 1603 903 1657 uidissent
930 1620 1053 1673 ergo
1104 1603 1304 1658 domini
1328 1605 1538 1658 ancilla:
1567 1605 1704 1683 quod
1756 1622 1870 1675 spes
1904 1622 2049 1676 qua:-

491 1701 606 1746 stus
631 1693 844 1746 illorum
871 1694 1113 1763 funditus
1141 1697 1448 1758 evanuisset,
1494 1696 1865 1765 apprehensum
1904 1696 2052 1750 Pau-

492 1781 601 1835 lum
632 1793 680 1838 et
701 1783 870 1839 Silam
891 1793 1166 1839 traxerunt
1195 1788 1249 1841 in
1277 1787 1449 1856 forum
1470 1788 1538 1841 ad
1569 1789 1824 1858 principes
1845 1789 1922 1855 ³³;
1956 1788 2049 1859 qui

2148 1235 2366 1300 οἵτινες
2426 1231 2938 1302 καταγγέλλουσιν
2991 1228 3136 1298 ἡμῖν
3191 1227 3335 1283 ὀδόν
3394 1227 3707 1295 σωτηρίας.

2149 1325 2259 1379 Καὶ
2296 1325 2452 1378 τοῦτο
2479 1324 2573 1377 ἐπὶ
2598 1323 2797 1387 πολλὰς
2829 1323 3092 1393 ἔπραττεν
3129 1321 3339 1392 ἡμέρας
3362 1336 3375 1349 ο
3409 1317 3523 1373 ἀλλ’
3553 1321 3582 1373 6
3612 1318 3714 1390 μὲν

2149 1416 2357 1487 δαίμων
2390 1418 2606 1489 ἀοράτῳ
2644 1415 2866 1484 μάστιγι
2901 1413 3342 1484 στρεϐλούμενος,
3369 1412 3516 1466 ἄκων
3541 1413 3711 1481 ἡναγ-

2150 1509 2344 1573 κάζετο
2387 1509 2639 1571 τοιαύτας
2681 1507 2896 1578 ἀφιέναι
2944 1506 3156 1577 φωνάς·
3202 1507 3230 1558 6
3270 1504 3326 1558 δὲ
3357 1503 3568 1568 Παῦλος
3610 1503 3716 1557 οὐκ

2153 1600 2461 1664 ἀξιόπιστον
2504 1595 2645 1654 εἶναι
2687 1599 2783 1669 τὴν
2830 1596 3033 1650 ἐκείνου
3088 1595 3389 1666 μαρτυρίαν
3431 1594 3711 1664 ἐννοήσας,

2152 1693 2433 1764 ὀρθότατα,
2478 1690 2818 1763 διαπονηθεὶς
2868 1689 2971 1759 ἔφη
3008 1686 3086 1758 τῷ
3126 1684 3423 1756 πνεύματι,
3485 1688 3715 1755 Παρατ‹

2152 1782 2345 1851 τέλλω
2384 1798 2516 1846 σοι,
2574 1781 2766 1851 λέγων,
2816 1780 2885 1833 ἐν
2926 1778 3166 1847 ὀνόματι
3220 1775 3410 1844 Ἰησοῦ
3455 1774 3712 1843 Χριστοῦ

492 1874 707 1931 illorum
732 1877 1021 1932 calumniis
1069 1878 1335 1933 seditione
1369 1887 1486 1933 orta
1517 1879 1733 1948 injuriis
1781 1882 1921 1935 male
1952 1881 2050 1934 ha-

2154 1872 2418 1937 ὲξελθεῖν
2449 1872 2548 1926 ἀπ’
2582 1870 2792 1939 αὐτῆς.
2842 1864 2973 1923 Εἶτα
3013 1868 3072 1921 τὸ
3102 1870 3330 1940 πρᾶγμα
3361 1866 3715 1938 διηγούμενος

491 1963 589 2019 hiti
618 1967 899 2037 plagisque
925 1969 1047 2023 caesi
1088 1977 1234 2025 sunt.
1277 1969 1444 2040 Igitur
1495 1970 1542 2025 si
1575 1969 1776 2027 Paulus
1797 1971 2049 2040 spiritum

2154 1969 2182 2019 6
2224 1967 2568 2037 συγγραφεὺς
2621 1964 2913 2034 ἐπιφέρει·
2971 1963 3079 2017 Καὶ
3136 1960 3390 2029 ἐξῆλθεν
3432 1958 3586 2027 αὐτῇ
3638 1957 3711 2028 τῇ

495 2057 781 2127 increpans
813 2061 958 2115 illico
1015 2059 1314 2131 Pythonem
1342 2061 1549 2132 depulit
1577 2063 1696 2134 ipso
1748 2065 1856 2117 ictu
1885 2063 2049 2128 oculi,

488 2157 545 2203 et
576 2151 798 2219 spiritus
824 2158 1091 2220 potestate
1120 2153 1268 2207 verbi
1301 2154 1530 2223 aufugit,
1560 2169 1683 2209 cum
1733 2155 1932 2226 linguae
1964 2172 2053 2212 so-

489 2254 618 2292 num
643 2254 752 2293 non
781 2241 1047 2310 potuisset
1070 2242 1339 2296 sustinere
1363 2285 1377 2307 ,
1419 2243 1567 2297 dicat
1595 2244 1649 2297 in
1681 2254 1924 2314 apertum
1961 2261 2054 2300 ve-

488 2333 648 2387 niens
675 2332 768 2401 qui
804 2332 950 2385 illam
998 2333 1322 2388 sententiam
1367 2334 1581 2403 probat,
1620 2349 1730 2405 qua
1770 2337 2053 2406 potestatis

488 2422 543 2474 vi
575 2436 682 2475 una
709 2437 832 2476 cum
885 2421 1053 2477 Paulo
1101 2424 1418 2479 sentientem
1463 2424 1769 2482 Samuelem
1824 2427 2052 2483 invitum

489 2513 701 2568 daemon
727 2530 961 2571 evocans
994 2517 1063 2571 ab
1089 2517 1276 2573 inferis
1298 2518 1482 2573 eduxit
1506 2520 1529 2573 ?
1554 2518 1660 2574 Sed
1693 2520 1829 2583 nihil
1860 2522 2054 2575 horum

491 2604 635 2674 quod
665 2621 850 2660 verum
874 2607 944 2660 sit
973 2608 1169 2677 poterit
1196 2608 1589 2665 demonstrare.
1615 2609 1692 2664 Ita
1721 2620 1780 2665 ut
1800 2611 1889 2666 hic
1917 2628 2054 2682 quo-

491 2711 599 2765 que
627 2695 768 2750 facili
792 2698 1007 2767 negotio
1036 2700 1334 2771 intelligere
1362 2701 1635 2771 possimus
1653 2701 2054 2758 fraudulentum

492 2790 666 2852 illum,
696 2790 826 2845 dum
852 2791 1056 2848 diceret
1091 2813 1106 2850 :
1134 2793 1327 2865 Ulquid
1355 2796 1674 2865 perturbasti
1705 2815 1789 2853 me
1815 2798 1898 2852 ιιι
1919 2797 2058 2854 Sau—

492 2879 599 2932 lem
631 2888 838 2934 mutata
868 2881 1041 2937 forma
1070 2885 1363 2940 allocutum
1377 2887 1570 2944 fuisse.
1603 2888 1868 2943 lnnuehat
1898 2890 2057 2959 quip-

491 2986 562 3040 pe
591 2986 650 3027 se
687 2988 797 3028 non
828 2989 928 3030 sua
954 2976 1256 3041 voluntate,
1295 2978 1391 3033 sed
1447 2979 1674 3034 invitum
1722 2982 2052 3049 ascendisse,

494 3064 802 3131 nolentem,
850 3067 1171 3123 necessitate
1229 3077 1284 3124 et
1330 3071 1380 3123 vi
1441 3071 1607 3125 veluti
1663 3073 2054 3142 praestantioris

492 3156 721 3227 imperio
745 3166 993 3212 coactum
1048 3159 1276 3215 missum
1309 3160 1497 3218 fuisse.
1554 3162 1667 3218 Rex
1694 3179 1826 3220 vero
1858 3165 1935 3218 illi
1969 3181 2055 3221 re-

493 3247 714 3315 spondit
762 3267 776 3303 :

493 3355 609 3404 me;
630 3348 679 3394 et
707 3340 870 3406 Deus,
903 3344 999 3406 ait,
1026 3345 1263 3398 discessit
1291 3363 1322 3399 a
1349 3363 1449 3411 me,
1480 3356 1529 3401 el
1558 3364 1661 3402 non
1691 3349 2050 3403 emandivitme

491 3429 658 3493 ultra,
684 3433 844 3486 etiam
873 3434 928 3488 in
958 3452 1116 3489 manu
1151 3438 1520 3506 prophetarum
1545 3448 1594 3492 et
1644 3441 1699 3492 in
1729 3441 1979 3503 somniis;
2002 3449 2051 3494 et

493 3537 632 3574 nunc
661 3524 838 3577 vocavi
871 3535 919 3578 te
947 3524 1015 3578 ad
1050 3525 1428 3596 noti/icandum
1451 3528 1579 3583 milii
1607 3529 1730 3599 quid
1762 3530 1959 3599 faciam
1981 3531 2048 3584 ³⁸.

494 3612 691 3669 lterum
723 3616 886 3686 igitur
936 3618 1374 3687 respondendum
1428 3627 1512 3676 est
1544 3640 1557 3674 :
1599 3620 1810 3687 Nonne,
1844 3623 1890 3677 si
1925 3637 2050 3692 spe-

492 3706 709 3761 ctabilis
743 3706 831 3762 ille
856 3707 1073 3763 Samuel
1101 3710 1361 3781 psopheta
1394 3710 1606 3768 fuisset.
1639 3713 1813 3767 virum
1848 3713 1904 3768 in
1938 3729 2052 3769 me-

492 3794 683 3851 liorem
708 3794 917 3867 frugem
948 3798 1063 3852 suis
1091 3798 1310 3854 monitis
1361 3798 1707 3855 reduxisset?
1736 3798 1925 3854 Nonne
1976 3800 2052 3854 illi

491 3888 725 3957 primum
757 3887 984 3944 dixisset
1012 3907 1028 3945 :
1052 3888 1148 3945 Die
1176 3890 1331 3955 mihi,
1365 3891 1607 3946 omnium
1635 3891 1914 3947 hominum
1946 3892 2051 3947 mi-

493 3979 740 4042 serrime,
794 3980 841 4034 si
885 3980 1199 4049 alienigenae
1224 3982 1490 4036 instructa
1527 3984 1645 4038 acie
1671 3984 1922 4039 cominus
1955 3984 2053 4039 ob-

491 4070 694 4124 vallant
716 4086 894 4140 pugna
924 4071 1274 4135 decertaturi,
1310 4074 1354 4129 si
1405 4073 1548 4130 Deus
1575 4075 1830 4130 discessit
1858 4090 1889 4129 a
1919 4084 1970 4131 te
1998 4084 2053 4133 et

491 4159 708 4232 penitus
728 4175 838 4215 non
865 4162 1128 4228 exaudiit,
1174 4180 1351 4233 neque
1379 4167 1671 4237 prophetae,
1702 4167 1832 4223 dum
1879 4184 1979 4239 pro
2000 4176 2054 4226 te

494 4247 814 4318 legationem
864 4251 1117 4318 subeunt,
1149 4252 1443 4323 quidquam
1490 4257 1819 4328 percipiunt,
1879 4276 2055 4331 neque

495 4340 638 4396 inter
661 4341 1036 4398 dormiendum
1059 4359 1237 4415 neque
1290 4348 1427 4402 inter
1455 4349 1788 4419 vigilandum
1821 4354 1949 4422 quid
1973 4354 2054 4408 fa-

495 4442 581 4487 cto
604 4448 743 4503 opus
776 4433 846 4489 sit
867 4433 1209 4504 admoueris;
1239 4452 1417 4493 nonne
1439 4438 1510 4493 ibi
1536 4441 1718 4510 potius
1745 4449 1906 4498 terrae
1936 4459 2054 4514 pro-

493 4524 755 4580 cumbens
784 4524 950 4581 Deum
982 4526 1078 4581 tibi
1111 4529 1400 4598 propitium
1429 4530 1653 4586 reddere
1683 4532 1971 4600 debueras,
1999 4545 2053 4591 et

493 4615 851 4688 eleemosynis
884 4619 941 4673 in
968 4634 1231 4689 pauperes
1253 4623 1491 4693 erogatis
1539 4632 1886 4693 peccatorum
1918 4643 2053 4683 cau-

494 4720 585 4763 sas
612 4708 849 4774 abluere,
874 4719 926 4765 et
946 4727 1055 4766 non
1084 4711 1148 4767 ad
1180 4722 1357 4788 atem
1391 4716 1880 4788 engastrimythum
1913 4735 2049 4775 cou-

494 4796 701 4868 fugere,
730 4810 783 4854 et
809 4816 909 4870 pro
951 4800 1158 4858 furiosa
1553 4779 1772 4876 pietatis
1815 4808 2050 4880 insignia

493 4901 846 4955 commutare,
883 4910 1058 4965 neque
1107 4912 1217 4951 non
1255 4897 1423 4952 semel
1467 4899 1774 4957 calamitate
1823 4903 2051 4958 auetiori

492 4979 841 5051 opprimere?
868 4982 949 5038 An
980 4993 1031 5040 te
1065 4984 1205 5057 fugit
1230 4988 1563 5043 exsecranda
1590 4989 1705 5045 hate
1732 4988 1900 5046 Deum
1954 5008 2051 5049 ex-

492 5072 699 5143 pressis
730 5076 912 5131 verbis
945 5093 1040 5146 per
1066 5078 1284 5149 Moysen
1315 5080 1367 5133 in
1401 5079 1641 5136 Levitico
1667 5082 2052 5153 prohibuisse?

496 5162 620 5217 Non
674 5166 959 5234 sequemini
1009 5169 1464 5240 engastrimythos,
1523 5181 1573 5225 et
1629 5173 2050 5230 incantatoribus

493 5270 599 5309 non
629 5254 979 5322 adhwrebitis,
1042 5267 1098 5311 ut
1147 5260 1488 5327 inquinemini
1526 5265 1582 5318 in
1630 5267 1728 5323 eis.
1767 5264 1879 5337 Ego
1934 5283 2051 5321 sum

493 5344 751 5401 Dominus
801 5346 942 5404 Deus
966 5357 1131 5403 vester
1154 5350 1219 5405 ³⁸.
1247 5351 1437 5410 Nonne
1488 5357 1695 5413 scelera
1741 5359 1856 5415 haec
1887 5358 2052 5429 impia

494 5445 655 5507 putas
685 5438 795 5494 Deo
829 5440 1123 5497 adversari.
1157 5449 1209 5498 et
1228 5444 1456 5499 similem
1491 5446 1726 5504 fabulam
1756 5466 1913 5522 agere
1953 5465 2051 5504 au-

484 5524 616 5584 des?
635 5530 774 5587 Audi
798 5549 920 5604 qum
945 5547 1265 5607 sequuntur,
1292 5538 1402 5594 Deo
1430 5542 1548 5610 ipso
1586 5546 1792 5600 oraculi
1824 5545 1929 5599 ritu
1966 5561 2059 5600 su-

484 5630 578 5683 per
604 5618 707 5676 hoc
739 5623 982 5683 facinore
1018 5630 1336 5685 enuntiante
1373 5649 1385 5683 :
1427 5631 1490 5684 Et
1522 5635 1721 5721 anima,
1748 5636 1921 5704 inquit
1958 5635 2048 5701 ³⁶⁶,

587 5721 770 5805 ξἈει.
794 5743 903 5805 xvt,
941 5730 1115 5787 16-18.
1148 5800 1151 5801 ν
1230 5732 1273 5765 ³⁸
1296 5732 1418 5788 ibid.
1454 5736 1642 5805 18,19.

500 5790 566 5824 ⁸⁸⁸
599 5791 723 5849 Lev.
752 5813 837 5858 xx,
865 5790 915 5852 6.

1741 5748 1784 5780 “
1822 5748 1851 5803 1
1882 5751 2005 5825 Reg.
2031 5770 2221 5824 xxvm,
2256 5754 2342 5809 l5.

2149 2055 2288 2126 ὥρῃ.
2326 2056 2687 2125 Θεασάμενοι
2719 2050 2833 2109 οὖν
2863 2057 2917 2108 οἱ
2945 2053 3133 2121 κύριοι
3162 2051 3268 2120 τῆς
3298 2049 3713 2119 θεραπαινίδος

2150 2149 2230 2214 ὠς
2256 2146 2526 2202 ἐκποδὼν
2549 2146 2734 2216 ᾤχετο
2763 2145 2872 2213 τῆς
2899 2145 3181 2212 ἐργασίας
3216 2142 3411 2198 αὐτῶν
3444 2145 3482 2212 ἡ
3512 2141 3711 2208 ἐλπίς,

2149 2239 2561 2308 ἐπιλαϐόμενοι
2604 2237 2710 2292 τὸν
2736 2238 2981 2291 Παῦλον
3020 2238 3116 2288 καὶ
3159 2234 3263 2289 τὸν
3297 2236 3485 2289 Σίλαν
3512 2236 3713 2290 εἵλκυ-

2152 2344 2272 2385 σαν
2310 2332 2398 2395 εἰς
2429 2328 2544 2397 τὴν
2582 2328 2804 2397 ἀγορὰν
2834 2328 2929 2381 ἐπὶ
2975 2326 3117 2393 τοὺς
3156 2326 3478 2393 ἄρχοντας’
3521 2324 3711 2396 ὕϐρεσι

2151 2422 2208 2475 δὲ
2244 2422 2338 2475 καὶ
2374 2420 2605 2492 πληγαῖς
2652 2421 2813 2473 αἴτιοι
2855 2419 3128 2488 γεγόνασι,
3160 2416 3489 2489 συκοφαντίᾳ
3527 2417 3715 2472 στάσιν

2153 2514 2546 2586 ἐπεγείροντες.
2591 2514 2655 2565 Et
2699 2511 2878 2566 τοίνυν
2915 2512 2945 2563 ὁ
2986 2508 3230 2575 Παῦλος,
3271 2511 3602 2581 ἐπιτιμήσας
3638 2510 3720 2582 τῷ

2153 2610 2454 2679 πνεύματι,
2505 2606 2596 2659 τὸν
2650 2605 2749 2677 μὲν
2800 2605 3134 2675 πυθόμαντιν
3188 2604 3399 2676 ἀθρόως
3460 2602 3720 2675 ἐξήλασεν

2154 2701 2210 2753 ἐν
2250 2701 2386 2771 αὐτῇ
2423 2701 2489 2771 τῇ
2534 2700 2707 2769 ῥοπῇ,
2751 2697 2811 2750 τὸ
2851 2696 2908 2750 δὲ
2959 2696 3177 2768 πνεῦμα
3222 2699 3291 2767 τῇ
3335 2695 3430 2749 τοῦ
3478 2698 3720 2767 ῥήματος

2154 2790 2455 2862 ἀπέδρασεν
2503 2788 2750 2859 ἐξουσίᾳ,
2814 2788 2888 2859 μὴ
2940 2787 3235 2857 δυνάμενον
3286 2786 3585 2857 ὑποστῆναι
3627 2785 3722 2839 τὸν

2154 2882 2254 2951 τῆς
2297 2880 2546 2950 γλώσσης
2578 2875 2740 2951 ἦχον·
2791 2880 2995 2933 εἰπάτω
3030 2879 3239 2950 παριὼν
3294 2880 3376 2941 είς
3411 2876 3722 2949 τούμφανὲς

2155 2974 2185 3027 6
2218 2973 2297 3043 τῷ
2330 2972 2515 3044 τοιῷδε
2569 2972 2954 3042 συνιστάμενος
2995 2972 3126 3044 ὅρῳ,
3175 2972 3401 3043 Ποταπῇ
3437 2971 3720 3041 δυνάμεως

2156 3068 2323 3138 ἀρετῇ
2379 3065 2472 3118 τὸν
2527 3063 2777 3136 ὁμόδοξον
2826 3063 2902 3134 τῷ
2955 3063 3154 3133 Παύλῳ
3212 3061 3464 3134 Σαμουὴλ
3522 3063 3720 3116 ἄκοντα

2162 3157 2630 3230 μετακαλούμενος
2679 3159 2707 3210 6
2743 3156 2950 3227 δαίμων
2993 3157 3263 3227 ἀνήγαγεν
3302 3153 3360 3220 ἐξ
3398 3154 3567 3225 ᾆδου;.
3600 3153 3717 3207 ἀλλ’

838 3249 1085 3305 Tribulor
1126 3250 1293 3317 valde,
1325 3261 1376 3307 et
1402 3253 1705 3324 alienigena:
1751 3255 1946 3310 bellant
1993 3258 2048 3311 in

2154 3252 2251 3306 οὐκ
2289 3251 2353 3304 ἂν
2391 3251 2503 3321 ἔχοι
2544 3251 2814 3305 δεικνύναι
2856 3248 3057 3302 τούτων
3100 3248 3250 3300 οὐδὲν
3294 3246 3505 3318 ἀληθές.
3555 3247 3713 3300 Ὥστε

2154 3344 2245 3397 καὶ
2284 3341 2372 3396 διὰ
2412 3341 2578 3395 τῶνδε
2629 3342 2770 3412 μάλα
2818 3340 3011 3413 ῥᾳδίως
3048 3338 3193 3392 ἐστὶν
3235 3336 3379 3401 ἰδεῖν,
3418 3337 3502 3389 ὅτι
3549 3353 3715 3407 μετα-

2156 3434 2580 3506 μορφωσάμενος
2609 3434 2836 3504 ἠγόρευε
2860 3431 2935 3502 τῷ
2960 3428 3127 3483 Σαοὺλ
3148 3431 3176 3482 6
3195 3427 3493 3499 δολομήτης
3508 3444 3521 3457 ·
3565 3426 3717 3481 Ἵνα.

2151 3529 2209 3580 τί
2246 3524 2728 3596 παρηνώχλησάς
2776 3538 2888 3593 ,ιιε;
2935 3524 3131 3594 φήσας.
3181 3518 3526 3591 Ἐπῃνίττετο
3584 3517 3716 3591 γὰρ,

2151 3619 2233 3672 ὅτι
2260 3618 2411 3688 παρά
2445 3616 2694 3689 βούλησιν
2726 3615 2872 3671 ἄκων
2914 3610 3218 3676 ἀνέϐαινεν,
3250 3610 3311 3663 οὐ
3353 3608 3543 3674 θέλων,
3585 3606 3722 3663 ἀλλὰ

2152 3709 2366 3782 ἀνάγκη
2404 3708 2499 3762 καὶ
2529 3708 2638 3779 βίᾳ,
2668 3706 2915 3777 καθάπερ
2946 3704 3038 3757 ὑπ’
3067 3698 3229 3757 αὐτοῦ
3262 3699 3721 3773 μεταπεμφθῆναι

2153 3802 2244 3857 τοῦ
2301 3803 2607 3875 κρείττονος
2670 3799 3003 3869 ἐπιταχθείς.
3071 3796 3130 3851 '0
3173 3796 3230 3850 δὲ
3284 3794 3548 3866 δυνάστης
3595 3793 3723 3847 ἀνθ-

2157 3895 2465 3964 υπενέγκας
2511 3895 2644 3965 ἔφη·
2697 3894 2977 3961 Θλίϐομαι
3021 3888 3288 3959 σφόδρα,
3334 3888 3432 3942 καὶ
3458 3889 3513 3940 ol
3543 3885 3721 3941 ἀλλό-

2153 3992 2331 4056 φυλοι
2360 3984 2730 4055 πολεμοῦσιν
2753 3985 2822 4038 ἐν
2853 3983 3003 4053 ἐμοὶ,
3029 3983 3124 4035 καὶ
3161 3985 3194 4036 ὁ
3223 3980 3367 4047 Θεὸς
3394 3978 3727 4048 ἀφέστηκε,

2154 4079 2335 4149 φησὶν,
2371 4079 2471 4132 ἀπ’
2501 4076 2667 4146 ἐμοῦ,
2700 4076 2795 4129 καὶ
2826 4076 2937 4128 οὐκ
2974 4072 3199 4140 ἀκήκοέ
3215 4088 3335 4141 μου
3366 4070 3474 4136 ἔτι,
3497 4068 3619 4122 οὔτ’
3650 4068 3719 4121 ἐν

2154 4170 2302 4239 χειρὶ
2336 4168 2454 4223 τῶν
2484 4165 2821 4238 προφητῶν,
2849 4165 2970 4220 οὔτ’
3004 4165 3073 4219 ἐν
3097 4162 3437 4228 ἐνυπνίοιςο
3472 4161 3572 4215 καὶ
3602 4159 3718 4215 νῦν⁴

2155 4261 2423 4330 κέκληκα
2459 4275 2533 4314 σε
2572 4259 2857 4330 γνωρίσαι
2891 4274 2993 4326 μοι
3032 4257 3089 4309 τί
3125 4253 3373 4321 ποιήσω.
3419 4252 3589 4307 Πάλιν
3623 4248 3718 4306 οὖν

2154 4352 2474 4426 ἀποκριτέον
2499 4370 2512 4382 ·
2572 4353 2636 4406 Et
2682 4350 2933 4423 Σαμουὴλ
2974 4351 3003 4403 6
3043 4347 3399 4418 περίϐλεπτος
3454 4346 3719 4416 ἐτύγχανε

2156 4446 2454 4516 προφήτης,
2490 4445 2589 4498 οὐκ
2630 4443 2696 4498 ἂν
2726 4443 3055 4514 ἐσωφρόνισε
3088 4440 3178 4494 τὸν
3216 4438 3384 4511 ἄνδρα
3422 4436 3717 4502 νουθετῶν;

2155 4535 2255 4589 οὐκ
2284 4534 2350 4589 ἂν
2386 4531 2537 4589 εἶπεν
2579 4533 2727 4605 αὑτῷ
2762 4535 2824 4587 τὸ
2865 4532 3109 4603 πρῶτον;
3151 4528 3285 4583 Εἰπέ
3334 4546 3447 4601 μοι,
3506 4527 3716 4600 σχέτλιε

2156 4627 2370 4681 πάντων
2407 4625 2726 4697 ἀνθρώπων,
2766 4629 2815 4679 εἰ
2865 4624 3227 4695 περιέστηκαν
3285 4622 3334 4675 οἱ
3386 4620 3718 4690 ἀλλογενεῑς,

2156 4718 2236 4780 εὶς
2283 4716 2516 4787 πόλεμον
2571 4716 3158 4788 ἀντιπαραταττόμενοι
3218 4710 3499 4776 συσταδὺν,
3559 4711 3718 4784 ειπερ

2154 4811 2185 4862 6
2216 4808 2348 4871 Θεὸς
2397 4808 2703 4879 ἀφέστηκεν
2753 4808 2861 4861 ἀπὸ
2916 4806 3008 4860 σοῦ
3060 4806 3153 4859 καὶ
3204 4805 3264 4858 τὸ
3314 4804 3573 4875 παράπαν
3616 4803 3718 4857 οὐκ

2156 4900 2432 4973 ἐπακήκοέ
2464 4918 2578 4967 σου,
2604 4900 2727 4955 οὔτε
2758 4899 2815 4953 δὲ
2841 4900 3114 4971 προφῆται
3153 4895 3543 4969 πρεσϐεύοντες
3574 4896 3716 4964 ὑπὲρ

2159 4990 2251 5044 σοῦ
2294 4991 2638 5063 κατῄδεισαν,
2672 4989 2794 5044 οὕτε
2827 4978 2978 5059 ὄναρ,
3025 4987 3146 5042 οὔτε
3179 4986 3327 5058 ῦπαρ
3357 4984 3716 5057 ἀπεκαλύφθη

2159 5105 2239 5141 σοι
2272 5086 2333 5138 τὸ
2370 5085 2505 5151 δέον,
2543 5086 2602 5139 ού
2636 5084 2808 5156 ταύτῃ
2851 5083 3048 5154 μᾶλλον
3093 5080 3298 5151 ὤφελες
3348 5079 3718 5150 ἐξιλεούμενος

2157 5175 2402 5246 κλιθῆναι
2442 5171 2580 5243 Θεῷ,
2621 5174 2716 5228 καὶ
2753 5175 3000 5245 πενήτων
3055 5169 3446 5243 ἐλεημοσύναις
3497 5170 3719 5224 ἀπολού-

2160 5265 2353 5319 σασθαι
2406 5262 2474 5317 τά
2529 5263 2635 5317 τῶν
2696 5263 3052 5335 ἐγκλημάτων
3110 5262 3293 5326 αἴτια,
3355 5261 3482 5332 μήτι
3534 5278 3598 5330 γε
3652 5259 3717 5331 δὴ

2159 5358 2522 5426 καταφεύγειν
2554 5357 2646 5408 ἐπὶ
2683 5354 2874 5427 μάντιν
2907 5352 3360 5426 ἐγγαστρίμυθον,
3391 5353 3485 5407 καὶ
3521 5351 3719 5423 μανιώ-

2155 5449 2234 5502 δει
2283 5452 2512 5520 μαντικῇ
2559 5448 2626 5501 τὰ
2668 5448 2769 5518 τῆς
2814 5446 3095 5510 εὐσεϐείας
3137 5442 3717 5500 ἀντικαταλλάττεσθαι

2160 5537 2420 5610 σύμϐολα,
2454 5539 2551 5591 καὶ
2577 5536 2694 5591 καθ’
2718 5534 2911 5590 ἑαυτοῦ
2938 5535 2998 5589 τὸ
3025 5533 3197 5597 πάθος
3221 5533 3455 5604 αὐξῆσαι
3486 5531 3715 5598 διττῶς;

2155 5630 2189 5705 ἦ
2215 5636 2322 5707 γάρ
2350 5636 2410 5688 οὐ
2440 5632 2767 5704 διανοητέον,
2792 5632 2873 5685 ὅτι
2899 5629 2970 5684 τὰ
2994 5628 3171 5682 τοιάδε
3214 5626 3497 5698 μιάσματα
3540 5623 3718 5697 ῥητῶς

2450 5749 2640 5807 "ibid.
2744 5749 2788 5782 “
2812 5745 2931 5801 Leo.
2959 5760 3050 5810 xx,
3083 5741 3191 5809 27;
3254 5740 3409 5795 Deut.
3443 5754 3598 5809 tvm,
3626 5740 3717 5797 Η.
