4090 6288
317 405 428 460 637

1231 400 1314 465 DE
1347 402 1941 466 ENGASTRIMYTHO
1979 402 2258 466 CONTRA
2295 406 2667 469 OBIGENEM.

3424 423 3528 480 658

315 525 692 594 ἀπηγόρευσεν
735 519 763 573 6
798 521 926 586 Θεὸς
973 521 1030 574 ὲν
1072 519 1147 593 τῷ
1186 522 1453 595 Λευῖτικῷ
1497 523 1583 579 διὰ
1632 525 1873 590 Μωσέως

1975 543 2088 597 quae
2142 526 2417 581 subsecuta
2454 528 2612 595 fuerit
2652 532 3092 603 engastrtmytlzos
3139 544 3188 589 et
3230 535 3531 593 incantato-

318 609 487 669 εἰπών
502 630 514 642 °
535 614 656 668 Οὐκ
685 613 1198 679 ἐπακολουθήσετε
1222 614 1344 679 τοῖς
1370 614 1871 685 ἐγγαστριμύθοις,

317 702 417 758 καί
456 702 580 768 τοῖς
612 701 909 768 ἐπαοιδαῖς
949 704 1018 755 οὐ
1050 704 1678 772 προσκολληθήσεσθε,
1699 722 1873 774 μιαν-

318 793 492 864 θῆναι
513 793 583 847 ἐν
608 792 831 859 αὐτοῖς.
886 794 1028 863 Ἐγώ
1053 790 1167 863 ειμι
1199 795 1413 862 Κύριος
1447 798 1479 848 δ
1510 795 1653 861 θεὸς
1680 796 1870 866 ὑμῶν.

317 887 430 940 ἀλλ’
457 886 554 939 οὐκ
580 883 747 956 ἀσεϐῆ
776 884 900 938 τάδε
930 884 998 937 τὰ
1027 880 1365 956 βδελύγματα
1395 887 1631 957 νομίζεις
1661 888 1877 941 ἐναντία

317 978 394 1049 τῷ
432 976 569 1048 Θεῷ,
600 976 1027 1047 δραματουργεῖν
1066 976 1360 1049 ἐγχειρῶν;
1399 979 1592 1032 Ἀκουε
1633 980 1725 1031 καὶ
1758 976 1874 1050 μεθ’

317 1069 479 1141 ἔτερα
522 1068 615 1121 τοῦ
660 1066 793 1120 Θεοῦ
838 1067 1284 1138 χρησμῳδοῦντος
1318 1070 1407 1121 ἐπὶ
1438 1069 1514 1139 τῷ
1543 1069 1728 1141 τοιῷδε
1759 1070 1877 1123 τολ-

324 1161 566 1232 μήματι’
618 1156 728 1213 Καὶ
772 1157 976 1228 ψυχὴ,
1037 1160 1220 1228 φησὶν,
1276 1159 1407 1227 ἣτις
1440 1160 1516 1214 ἂν
1546 1161 1874 1216 ἐπακολου-

321 1252 475 1322 θήσῃ
528 1250 653 1318 τοῖς
706 1251 1192 1322 ἐπηηαστριμύθοις
1248 1250 1286 1320 ἣ
1334 1250 1665 1318 ἐπωιδοῖς,
1722 1251 1875 1306 ὥστε

320 1342 712 1415 ὲκπορνεῦσαι
755 1344 944 1398 ὀπίσω
984 1344 1200 1398 αὐτῶν.
1242 1346 1429 1398 Ὀποῖα
1475 1344 1570 1397 καὶ
1602 1345 1723 1398 τίνα
1758 1347 1876 1399 πεί-

323 1454 470 1492 σεται
514 1435 767 1507 προσθεὶς
802 1434 1082 1507 ἀπέφρασε
1116 1434 1354 1513 προῖὼν,
1429 1434 1768 1503 Ἑπιστήσω
1808 1436 1874 1489 τὸ

321 1531 639 1598 πρόσωπόν
659 1546 801 1598 μου,
831 1529 1089 1600 φάμενος,
1116 1524 1215 1581 ἐπὶ
1238 1524 1352 1596 τὴν
1379 1527 1590 1597 ψυχὴν
1614 1528 1871 1595 ἐκείνην,

321 1623 415 1676 καὶ
463 1618 668 1675 ἀπολῶ
716 1618 908 1687 αὐτὴν
946 1619 1014 1672 ἐκ
1058 1618 1164 1673 τοῦ
1209 1618 1360 1673 λαοῦ
1404 1617 1613 1688 αὐτῆς.
1659 1618 1722 1671 Ei
1785 1613 1875 1672 οὖν

319 1708 552 1783 ἀρχῆθεν
600 1707 970 1779 νομοθετήσας
1017 1709 1045 1761 6
1085 1702 1218 1771 Θεὸς
1260 1708 1549 1779 αὐστηροῖς
1594 1701 1876 1760 ἀπέστειλε

321 1800 714 1874 προγράμμασι
751 1800 876 1863 τοὺς
929 1797 1204 1861 τοιαύταις
1238 1797 1747 1869 ὲγχαλινευομένους
1782 1800 1874 1851 ἐπ-

1972 634 2075 685 res,
2104 618 2471 687 ut'fornicetur
2495 630 2610 688 post
2639 637 2724 676 eos
2757 643 2777 677 .-
2810 638 2930 693 quae
2954 632 3008 679 et
3035 626 3216 695 qualia
3269 636 3397 683 sunt
3441 630 3531 686 il'la

1974 724 2093 779 quae
2125 709 2376 779 patietur,
2413 712 2603 779 paucis
2638 714 2865 770 annexis
2905 717 3126 785 exponit
3160 736 3174 772 :
3202 718 3532 777 Constituam

1973 801 2161 871 faciem
2193 818 2362 857 meam
2386 803 2437 855 in
2462 804 2693 857 animam
2733 804 2904 871 illam,
2935 817 2985 861 et
3030 808 3246 879 perdam
3291 809 3442 865 illam
3468 813 3532 867 de

1971 894 2156 963 popqu
2188 893 2356 950 illius.
2412 895 2598 966 Itaque
2627 912 2752 952 cum
2803 901 3040 969 primum
3090 901 3233 958 Deus
3277 905 3422 975 leges
3452 904 3532 961 fe-

1973 1000 2120 1051 rens,
2156 988 2360 1042 severis
2389 989 2674 1058 praeceptis
2725 991 2793 1046 ab
2821 992 3281 1050 incantationibus
3319 1002 3373 1049 et
3400 995 3534 1052 divi-

1974 1076 2286 1132 nationibus
2335 1078 2603 1144 inhibuit,
2656 1081 2967 1137 miseranda
3000 1099 3131 1139 vero
3187 1086 3533 1158 obscuraque

1974 1174 2365 1223 tormentorum
2395 1168 2512 1224 loca
2539 1176 2729 1224 contra
2757 1186 2852 1226 eos
2877 1174 2967 1241 qui
2994 1174 3183 1228 talium
3205 1191 3384 1230 rerum
3407 1192 3534 1233 con-

1974 1260 2096 1313 victi
2130 1259 2332 1315 fuerint
2365 1260 2622 1317 terribilis
2653 1262 2929 1330 minatur;
2960 1280 3140 1321 nonne
3166 1267 3259 1337 qui
3305 1283 3337 1321 a
3380 1276 3532 1326 tene-

1974 1352 2072 1417 ris,
2109 1353 2358 1416 utaiunt,
2404 1353 2711 1422 unguiculis
2766 1351 2877 1409 Deo
2931 1362 3048 1411 erat
3093 1367 3449 1417 consecratus
3478 1367 3534 1416 et

1974 1450 2232 1498 constans
2262 1444 2439 1512 legum
2494 1445 2810 1500 observator
2839 1444 2954 1500 haec
3017 1446 3070 1500 in
3106 1448 3307 1517 'primis
3338 1450 3534 1508 debue-

1974 1543 2059 1588 rat
2087 1536 2380 1590 accusare?
2408 1534 2515 1591 Sed
2542 1545 2597 1591 et
2619 1537 2712 1607 qui
2759 1536 2874 1606 jam
2903 1553 2933 1591 ιι
2961 1554 3129 1608 puero
3180 1541 3387 1611 legibus
3416 1548 3537 1597 erat

1974 1624 2290 1689 instructus,
2324 1626 2520 1695 quippe
2546 1626 2746 1696 legales
2764 1626 2932 1683 libros
2954 1630 3300 1686 exactissime
3328 1646 3533 1704 cogno-

1974 1729 2126 1769 scere
2184 1724 2416 1785 poterat,
2463 1733 2732 1787 nusquam
2784 1734 3025 1775 errorem
3070 1722 3407 1792 requisisset,
3466 1740 3536 1781 ne

1976 1807 2170 1862 misere
2203 1807 2390 1864 fraude
2443 1810 2653 1882 decepti
2682 1813 2735 1866 in
2781 1813 3018 1869 furiosas
3044 1815 3292 1868 nonnulli
3322 1815 3535 1871 divina-

319 1886 568 1963 αοιδαίςῆ
601 1890 898 1963 μαντείαις,
928 1890 1141 1944 ἀπειλεῖ
1166 1889 1222 1943 δὲ
1240 1888 1535 1961 σκυθρωπὰ
1562 1890 1655 1943 καὶ
1678 1888 1874 1958 σκιώδη

1979 1896 2153 1951 tiones
2200 1908 2533 1968 raperentur.
2584 1901 2688 1957 Sed
2722 1903 2915 1958 horum
2975 1903 3111 1958 nihil
3166 1906 3249 1960 vel
3279 1905 3414 1959 dixit
3452 1906 3539 1962 vel

319 1985 647 2057 κολαστήρια
702 1982 841 2036 κατὰ
892 1980 999 2034 τῶν
1056 1980 1422 2051 ἁλισκομένων
1474 1981 1566 2031 ἐπὶ
1630 1976 1688 2044 τῇ
1753 1978 1876 2050 δίκῃ

318 2074 589 2147 φοϐερῶς,
645 2074 704 2127 ού
749 2074 839 2127 τὸν
879 2074 1235 2144 ἀνακείμενον
1284 2071 1343 2134 ἐξ
1390 2069 1609 2124 ἁπαλῶν
1670 2069 1875 2139 ὀνύχων

316 2169 393 2240 τῷ
422 2170 539 2242 Θεῷ
582 2169 674 2223 καὶ
720 2167 1068 2240 νομοφύλακα
1114 2166 1328 2238 βέιῖαιον
1373 2165 1476 2219 ἔδει
1517 2164 1876 2237 περὶτούτων

318 2258 606 2327 ἐγκαλέσαι
634 2257 880 2329 πρῶτον;
912 2256 1049 2309 Ἀλλ’
1076 2258 1104 2310 ὁ
1136 2253 1448 2328 νομομαθὴς
1478 2256 1541 2307 ὲκ
1572 2254 1874 2325 μειρακίου,

317 2351 408 2403 καὶ
442 2349 541 2413 τὰς
577 2348 807 2420 νομικὰς
847 2345 1151 2418 ἀκριϐῶσαι
1185 2344 1447 2418 γραμμὰς
1483 2344 1758 2417 ἁκρότατα
1794 2345 1880 2397 δυ-

316 2440 517 2512 νηθεὶς,
546 2440 644 2493 οὐκ
694 2441 759 2495 ἂν
801 2439 1101 2511 ἐπεζήτησε
1143 2439 1203 2492 τὸ
1246 2441 1520 2509 πταῖσμα,
1572 2438 1726 2509 μήπη
1772 2436 1879 2509 ἄρα

313 2529 402 2583 διὰ
426 2531 613 2584 τούτου
645 2530 789 2593 τινες
822 2531 900 2593 εἰς
927 2530 1157 2601 μανικὰς
1196 2528 1554 2594 ἐξελκυσθῶσι
1596 2528 1875 2599 μαντείας,

316 2621 498 2693 ἀπάτῃ
570 2620 959 2693 συλληφθέντες
1026 2619 1243 2685 ἀθλίωςε
1313 2621 1470 2674 Ἀλλά
1523 2620 1753 2674 τούτων’
1779 2621 1876 2692 μὲν

1973 1984 2305 2055 efﬂagitavit.
2336 1986 2521 2057 Neque
2549 1990 2693 2044 enim
2725 1990 2944 2048 Samuel
2982 2000 3100 2047 erat
3134 2013 3147 2048 :
3184 1994 3279 2050 sed
3303 1995 3397 2065 qui
3421 1995 3536 2051 haec

1975 2074 2156 2127 omnia
2187 2091 2215 2127 ιι
2238 2076 2411 2144 prima
2442 2077 2527 2131 sui
2560 2078 2768 2149 origine
2811 2082 3246 2149 machinabatur,
3277 2083 3392 2138 haec
3417 2100 3538 2154 pro-

1976 2162 2148 2231 phetae
2177 2165 2409 2233 speciem
2436 2181 2546 2235 prae
2577 2182 2636 2222 se
2669 2167 2848 2225 ferens
2875 2171 3155 2240 respondit
3185 2173 3228 2204 ³“
3263 2192 3276 2228 :
3318 2172 3533 2244 thuid,

1974 2254 2183 2321 dicens,
2210 2257 2500 2328 interrogas
2530 2275 2631 2323 me,
2684 2268 2734 2313 et
2769 2260 3020 2317 Dominus
3070 2262 3311 2318 discessit
3340 2274 3464 2330 ate,
3486 2276 3536 2319 et

1975 2346 2146 2415 factus
2173 2357 2249 2400 est
2277 2364 2394 2402 cum
2426 2354 2665 2419 proximo
2702 2356 2829 2409 tuo?
2858 2353 2928 2408 Et
2959 2354 3083 2424 fecit
3116 2355 3213 2409 tibi
3252 2355 3533 2422 Dominus,

1980 2437 2116 2490 sicut
2142 2436 2344 2493 locutus
2366 2448 2443 2494 est
2472 2441 2526 2494 in
2543 2458 2701 2496 manu
2730 2460 2865 2499 mea.
2900 2444 3026 2502 Hac
3053 2447 3219 2517 igitur
3259 2448 3402 2502 velut
3434 2447 3537 2503 ho-

1982 2529 2100 2593 stis,
2125 2529 2359 2585 simulet
2381 2530 2662 2589 decessum
2693 2536 2980 2602 simulans,
3008 2538 3182 2604 affert,
3205 2539 3414 2594 libellos
3443 2552 3538 2595 ac-

1981 2621 2279 2678 cusationis
2299 2626 2668 2694 prosequitur.

315 2717 467 2772 οὐδὲν
499 2717 619 2781 οὒτε
661 2712 809 2771 εἶπεν
856 2714 979 2769 οὔτε
1019 2717 1312 2787 ἐζήτησενο
1357 2717 1415 2769 οὐ
1446 2715 1553 2787 γὰρ
1590 2711 1658 2787 ἦν
1710 2717 1738 2768 6
1778 2714 2061 2786 Σαμουὴλ,
2092 2715 2205 2769 ἀλλ’
2253 2719 2281 2770 6
2333 2717 2402 2771 τὰ
2427 2720 2605 2773 τοιάδε
2661 2721 2912 2793 δράματα
2964 2722 3205 2795 τυρεύων
3252 2722 3537 2778 ἀνέκαθεν.

330 2809 453 2864 Ἐπὶ
500 2809 557 2863 δὲ
610 2809 817 2875 τούτοις
862 2810 1240 2882 ἀποκρίνεται,
1292 2811 1353 2865 τὸ
1395 2811 1682 2882 πρόσωπον
1717 2810 1812 2864 τοῦ
1862 2812 2136 2882 προφήτου
2194 2812 2411 2879 ὑποδὺς,
2475 2815 2673 2882 Ἰνατί,
2725 2816 2914 2886 λέγων,
2970 2817 3262 2888 ἐπερωτᾷς
3298 2835 3391 2889 με,
3438 2819 3537 2874 καὶ

319 2904 587 2973 ὀΚύριυς
628 2904 969 2975 ἀφέστηκεν
1004 2904 1122 2959 ἀπὸ
1178 2904 1323 2970 σοῦ,
1374 2906 1472 2959 καί
1514 2905 1722 2975 γέγονε
1761 2906 1911 2975 μετὰ
1958 2906 2066 2960 τοῦ
2122 2909 2385 2977 πλησίον
2436 2925 2595 2975 σου;
2652 2914 2761 2968 Καὶ
2819 2915 3110 2985 πεποίηκέ
3163 2932 3261 2969 σοι
3311 2915 3527 2984 Κύριος

319 2997 471 3054 καθὰ
508 2997 812 3067 ἐλάλησεν
872 2998 942 3051 ἐν
999 2998 1149 3069 χειρί
1184 3016 1324 3067 μου.
1374 2997 1558 3051 Ταῦτα
1606 2999 1701 3069 μὲν
1733 2995 1826 3052 οὖν
1859 2998 1935 3063 ὡς
1971 3000 2161 3073 ἐχθρὸς
2212 3002 2328 3073 ἅμα
2377 3004 2472 3057 καὶ
2513 3005 2777 3077 ἐκδημίαν
2819 3008 3257 3080 ὑποτυπούμενος
3307 3008 3538 3078 εἰσάγει,

318 3087 675 3162 ἀναγινώσκει
701 3091 769 3145 τὰ
796 3092 894 3164 τῆς
927 3091 1254 3163 κατηγορίας
1287 3093 1673 3163 ὑπομνήματα.

388 3203 502 3261 ΧΠ.
539 3203 848 3276 Θεωρητέον
870 3205 926 3258 δὲ
949 3203 1065 3268 πῶς
1093 3202 1230 3256 αὐτὰ
1254 3202 1321 3257 τὰ
1355 3204 1643 3258 συνεκτικὰ
1674 3206 1871 3275 παρεὶς

2042 3195 2167 3256 ΧΗ.
2187 3178 2663 3260 Considerandum
2697 3206 2883 3275 utique
2917 3214 3001 3260 est
3039 3222 3273 3276 quanam
3314 3211 3527 3268 ratione

319 3296 481 3369 ὲγκλή
490 3314 650 3369 ματα,
668 3298 956 3352 πλάττεται
976 3299 1071 3368 μὲν
1083 3296 1339 3368 ὑποκρίσε
1348 3314 1365 3349 ι
1377 3296 1759 3369 δεικτικωτὲρᾳ
1777 3297 1794 3369 (
1809 3299 1840 3350 4
1853 3299 1873 3368 )

320 3389 678 3459 φθέγγεσθαιο
744 3389 906 3463 μηδὲν
957 3390 1013 3442 δὲ
1068 3388 1424 3462 προγνώσεως
1491 3390 1637 3456 ἄξιον
1687 3389 1873 3453 είπὼν,

321 3483 501 3536 ἐκεῖνα
525 3483 765 3554 δευτεροῖ
786 3482 1183 3552 τεχνασμένως,
1206 3482 1308 3534 ὅσα
1340 3480 1542 3552 περιὼν
1567 3483 1596 3535 6
1627 3481 1877 3552 Σαμουὴλ

322 3575 402 3628 ἐτι
432 3574 694 3645 προύλεγε
729 3573 1106 3644 συνενεχθῆναι
1138 3573 1215 3643 τῷ
1244 3572 1433 3637 Σαοὺλ,
1477 3572 1620 3645 ειπερ
1660 3573 1735 3637 ὡς
1774 3573 1874 3646 ’ήδη

321 3665 581 3733 γεγονότα
625 3662 992 3735 προανεφώνει
1040 3664 1413 3735 προφητεύων.
1463 3664 1622 3718 Ἀλλά
1668 3681 1731 3733 γε
1774 3663 1877 3735 μὴν

322 3757 353 3809 6
381 3772 444 3825 γε
484 3757 659 3826 φήσας
689 3754 853 3825 αὐτῷ,
890 3755 951 3808 Τί
969 3772 1044 3824 με
1070 3754 1399 3823 (impurae;
1427 3755 1720 3827 διαρρήδην
1746 3758 1875 3826 ὁμο-

323 3848 473 3917 λογεῖ
496 3845 668 3900 ταῦτα
706 3847 742 3901 ἃ
768 3849 861 3901 καὶ
888 3849 1150 3921 πρότερον
1185 3848 1392 3919 εἰρήκει
1411 3865 1426 3879 ο
1454 3845 1875 3915 διαυτολογεῖ(4⁴)

321 3937 380 3993 δὲ
399 3937 462 4010 δὴ
493 3938 563 3990 τὰ
585 3937 895 4010 πρῶτα,,διά
925 3938 1033 3992 τῶν
1058 3939 1244 4002 ἔπειτα
1267 3937 1493 4008 βεϐαιῶν
1517 3938 1609 3990 ἐπὶ
1638 3937 1876 4008 προσχή-

327 4045 456 4101 ματι
508 4028 762 4099 γοωδῶς·
827 4030 1107 4102 Ὠριγὲνης
1154 4030 1211 4083 δὲ
1264 4027 1564 4082 τούναντίον
1622 4027 1759 4080 αὐτὰ
1810 4027 1878 4080 τὰ

325 4121 489 4176 πάλαι
518 4120 596 4192 τῷ
623 4123 873 4194 προφήτῃ
902 4120 1428 4193 προαναφωνηθέντα
1456 4121 1673 4192 ῥήματα
1698 4136 1874 4190 παρα-

324 4210 502 4266 λαϐὼν
529 4212 621 4265 ἐπὶ
650 4211 879 4278 λέξεως,
913 4213 989 4277 ὼς
1020 4213 1179 4284 ἄρτια
1212 4213 1306 4265 καὶ
1349 4213 1508 4265 καινὰ
1548 4210 1879 4282 προφητείας

325 4305 717 4377 ἀποφθέγματα
728 4305 1034 4380 διορίζεται·
1057 4306 1144 4359 διά
1165 4322 1244 4359 τοι
1271 4303 1337 4376 [Ῑ.
1355 4303 1439 4375 τε]
1458 4303 1615 4358 τοῦτο
1636 4303 1878 4375 βούλεται

325 4397 415 4451 τὸν
457 4397 706 4470 Σαμουὴλ
748 4398 974 4470 ἀνῆχθαι
994 4437 1008 4460 ,
1047 4398 1223 4452 καίτοι
1254 4398 1351 4469 τῆς
1375 4397 1596 4467 Γραφῆς
1622 4397 1876 4469 ἄντικρυς

325 4492 647 4564 ἐλεγχούσης
685 4493 863 4559 αὐτὸν,
904 4493 978 4558 ὥς
1014 4510 1076 4561 γε
1114 4492 1457 4563 συνομολογεῖ
1494 4492 1588 4546 καὶ
1627 4490 1788 4555 αὐτὸς
1820 4493 1876 4545 ὲν

1976 3296 2159 3351 causis
2189 3295 2245 3350 in
2273 3311 2333 3352 se
2362 3311 2576 3352 errores
2605 3296 2986 3354 cohibentibus
3015 3299 3266 3363 omissis,
3298 3300 3448 3372 tingit
3476 3320 3536 3360 se

1977 3386 2320 3442 simulatione
2355 3387 2525 3457 magis
2565 3392 2781 3455 patente
2824 3388 3035 3455 dicere,
3069 3403 3191 3448 cum
3222 3388 3361 3443 nihil
3388 3394 3535 3460 quod

1975 3480 2304 3550 prtenotione
2342 3476 2564 3548 dignum
2613 3478 2682 3532 sit
2719 3476 2938 3545 afferat;
2972 3478 3061 3532 illa
3107 3493 3174 3532 ex
3210 3486 3325 3533 arte
3373 3480 3535 3537 iterat

1975 3586 2096 3641 quae
2125 3569 2377 3634 Samuel,
2405 3570 2532 3624 dum
2557 3570 2732 3625 adhuc
2760 3570 2818 3624 in
2841 3570 2979 3626 vivis
3007 3578 3184 3637 esset,
3211 3570 3536 3642 praedicebat

1979 3660 2127 3716 Sauli
2153 3661 2478 3731 contigisse,
2514 3661 2602 3715 illa
2635 3676 2698 3715 ae
2729 3661 2775 3717 si
2807 3660 2948 3715 facta
2978 3669 3163 3717 essent
3190 3664 3536 3720 vaticinando

1976 3750 2388 3821 praenuntiabat.
2442 3749 2545 3806 Sed
2575 3760 2719 3806 certe
2766 3752 2859 3821 qui
2907 3751 3014 3822 ipsi
3060 3751 3305 3807 dixerat:
3339 3751 3535 3823 thuid

1976 3861 2057 3900 me
2100 3844 2425 3914 interrogas?
2471 3845 2606 3898 satis
2635 3851 2818 3913 aperte
2868 3858 2989 3914 quae
3030 3851 3084 3899 et
3130 3845 3283 3913 prius
3319 3843 3534 3900 dixerat

1977 3934 2192 3991 fatetur.
2218 3934 2399 3988 Prima
2421 3949 2549 3989 vero
2571 3935 2660 3988 illa
2681 3950 2774 4003 per
2793 3949 2857 3990 ea
2879 3949 2999 4003 quae
3021 3943 3208 4003 postea
3230 3936 3528 4006 contigere,

1978 4042 2042 4083 ac
2072 4027 2119 4082 si
2148 4026 2556 4090 vaticinaretur,
2587 4027 2780 4082 iterum
2808 4028 3018 4082 recitat.
3048 4025 3308 4096 Origenes
3336 4044 3368 4083 e
3396 4043 3507 4083 con.
3530 4050 3543 4067 ι

1974 4117 2147 4172 trario
2184 4117 2457 4187 prophetae
2503 4119 2661 4173 verba
2710 4135 2829 4188 quas
2861 4120 2975 4191 jam
3009 4121 3136 4175 olim
3175 4119 3529 4192 praedixerat,

1976 4209 2042 4264 ad
2073 4209 2294 4264 verbum
2327 4212 2569 4279 exposita
2589 4250 2606 4276 ,
2633 4211 2800 4266 veluti
2829 4211 3063 4283 perfecta
3094 4218 3149 4268 et
3178 4227 3316 4267 nova
3348 4212 3531 4268 vatici-

1976 4303 2211 4358 nationis
2234 4303 2452 4361 oraeula
2483 4301 2773 4371 discernit;
2805 4313 3197 4376 preptereaque
3224 4305 3531 4360 Samuelem

1976 4402 2258 4450 evocatum
2295 4392 2463 4449 fuisse
2491 4394 2640 4459 vult,
2690 4397 2793 4451 etsi
2828 4396 2978 4450 illum
3031 4395 3311 4467 Scriptura
3354 4397 3531 4467 palam

1978 4486 2368 4557 reprehendat,
2417 4492 2476 4539 ut
2533 4486 2650 4557 ipse
2693 4488 2852 4543 etiam
2907 4488 3108 4544 fatetur
3152 4489 3426 4545 nonnullis
3475 4488 3532 4542 in

329 4584 481 4657 μέρει
506 4584 760 4650 τοπικῶς.
800 4585 955 4639 Ἀλλά
989 4586 1041 4638 τί
1077 4584 1212 4656 μετὰ
1258 4582 1429 4638 ταῦτα
1476 4583 1731 4655 προετίθη
1774 4585 1875 4639 πά-

1978 4577 2132 4633 locis.
2163 4576 2332 4634 Porro
2362 4577 2491 4647 quid
2520 4585 2705 4647 postea
2724 4616 2740 4643 ,
2769 4592 2891 4632 cum
2930 4592 3110 4649 regem
3142 4579 3529 4648 alloqueretur,

325 4674 429 4737 λιν,
480 4675 711 4746 ὁπηνίκα
771 4675 847 4746 τῷ
901 4676 1134 4746 δυνάστῃ
1196 4673 1464 4742 διελέγετο
1529 4672 1588 4726 τὸ
1655 4673 1876 4744 φάσμα;

325 4765 629 4835 Διαῤῥήξει
656 4767 863 4834 Κύριος
906 4766 1021 4834 τὴν
1041 4765 1363 4830 ,Βασιλείαν
1402 4765 1469 4817 ἐκ
1507 4766 1706 4833 χειρός
1742 4778 1876 4829 σου,

326 4858 425 4911 καί
475 4857 651 4910 δώσει
705 4856 897 4926 αὐτὴν
948 4857 1028 4922 τῷ
1079 4856 1343 4925 πλησίον
1399 4870 1515 4909 σου
1562 4855 1642 4920 τῷ
1680 4854 1877 4918 Δαυῒδ,

327 4947 474 5001 διότι
515 4949 626 5001 οὐκ
668 4946 934 5015 ἤκουσας
976 4946 1087 5016 τῆς
1115 4946 1318 5016 φωνῆς
1344 4947 1585 5013 Κυρίου,
1630 4947 1727 5000 καὶ
1768 4948 1879 5000 οὐκ

327 5038 603 5106 ἔπλησας
646 5037 832 5107 θυμὸν
874 5037 1054 5108 ὀργῆς
1094 5036 1278 5092 αὐτοῦ
1321 5038 1392 5090 ἐν
1444 5036 1725 5105 Ἀμαλήκ.
1780 5037 1880 5091 Διὰ

326 5129 393 5182 τὸ
422 5129 589 5199 ῥῆμα
635 5130 809 5183 τοῦτο
857 5131 1103 5197 ἐποίησε
1163 5131 1376 5197 Κύριος
1431 5129 1609 5182 τοῦτό
1654 5142 1753 5181 σοι
1804 5126 1879 5196 τῇ

327 5219 516 5290 ἡμέρᾳ
574 5221 757 5290 ταύτῃ
782 5232 799 5246 ⁸
843 5221 940 5275 καὶ
996 5220 1173 5274 δώσει
1208 5221 1422 5287 Κύριος
1476 5218 1583 5273 τὸν
1638 5218 1881 5287 Ἰσραὴλ

323 5310 471 5380 μετὰ
509 5311 623 5365 σοῦ
661 5314 746 5377 εἰς
774 5312 970 5381 χεῖρας
1005 5313 1386 5381 ἀλλοφύλων.
1420 5308 1483 5365 Ei
1516 5312 1575 5365 δέ
1605 5328 1689 5374 τις
1721 5310 1878 5382 ἀκρι-

328 5403 501 5457 ὖῶσαι
531 5402 766 5474 βούλοιτο
805 5403 864 5456 τὸ
908 5404 1073 5473 σαφὲς
1091 5444 1105 5469 ,
1146 5405 1379 5458 ἐπανίτω
1421 5404 1517 5475 μὲν
1545 5403 1637 5457 ἐπὶ
1664 5402 1762 5474 τὴν
1787 5401 1878 5455 τοῦ

327 5495 654 5567 Γράμμιιτος
715 5494 972 5565 ἱστορίαν,
1022 5492 1184 5564 ὀλίγῳ
1234 5494 1465 5565 πρόσθεν
1524 5492 1872 5567 ἀναδραμὼν·

328 5585 459 5638 αὐτὸ
513 5585 568 5638 δὲ
611 5584 672 5638 τὸ
714 5584 907 5657 χωρίον
946 5583 1275 5651 ἀναπτύξας,
1332 5584 1459 5639 ἔνθα
1502 5585 1592 5638 τὸν
1635 5585 1875 5661 Ἀμαλήκ

327 5676 563 5748 ⁴ἡττήσας
616 5677 992 5748 ἐσφετερίσατο
1054 5676 1123 5730 τὰ
1174 5676 1436 5746 κράτιστα
1494 5675 1598 5729 τῶν
1647 5674 1871 5741 σκύλων,

398 5767 439 5801 ³⁷
471 5768 501 5823 Ι
548 5767 668 5840 Reg.
701 5787 895 5834 xxvnlt,
930 5770 1016 5836 16,
1050 5770 1135 5826 i7.
1210 5770 1253 5801 ⁸⁸
1292 5769 1419 5826 ibid.
1472 5769 1655 5825 17-19.

401 5860 497 5931 (ι)
535 5862 960 5933 Δεικτικωτέρᾳ.
998 5861 1157 5921 Forte
1182 5864 1585 5939 δεικτικώτερα.
1617 5865 1768 5923 Enn.

1975 4664 2199 4735 phasma
2252 4665 2516 4723 addebat?
2576 4664 2848 4720 Abscindet
2895 4666 3147 4721 Dominus
3202 4683 3416 4738 regnum
3468 4666 3534 4723 de

1976 4775 2135 4813 manu
2178 4768 2289 4823 tua,
2319 4768 2366 4813 et
2393 4756 2539 4812 dabit
2585 4757 2718 4811 illud
2746 4760 2985 4827 proximo
3015 4768 3102 4812 tuo
3136 4758 3305 4814 David
3340 4777 3359 4814 :
3393 4761 3531 4830 quod

1976 4864 2077 4903 non
2105 4848 2336 4903 audieris
2362 4864 2533 4903 vocem
2569 4846 2798 4916 Domini,
2827 4857 2874 4902 et
2903 4865 3005 4903 non
3031 4849 3255 4918 implesti
3283 4849 3532 4921 indigna-

1977 4941 2169 4995 tionem
2197 4943 2290 4995 ἔγω
2310 4957 2420 4995 sua:
2444 4942 2499 4995 in
2528 4940 2759 4995 Amalec.
2796 4940 3017 5011 Propter
3045 4942 3139 4996 hoc
3170 4943 3376 4997 verbum
3409 4944 3530 5005 fecit

1974 5031 2229 5087 Dominus
2249 5032 2343 5085 hoc
2364 5033 2457 5085 tibi
2476 5032 2528 5086 in
2561 5033 2646 5086 die
2660 5032 2757 5085 hac
2771 5048 2789 5095 ;
2816 5040 2865 5086 et
2888 5032 3057 5087 tradet
3078 5032 3334 5089 Dominus
3359 5032 3531 5089 Israel

1977 5128 2141 5176 tecum
2189 5123 2245 5176 in
2291 5139 2477 5177 manus
2528 5123 2932 5192 alienigenarum
2983 5124 3049 5178 ³⁸.
3093 5123 3150 5178 Si
3193 5126 3316 5196 quis
3365 5125 3529 5195 hujus

1974 5217 2253 5269 veritatem
2296 5214 2563 5285 expiscari
2608 5216 2791 5284 cupit,
2826 5215 2995 5284 ipsius
3023 5213 3317 5287 Scriptura:
3353 5215 3526 5270 histo-

1975 5309 2111 5363 riam
2131 5322 2240 5362 non
2270 5308 2438 5362 multo
2468 5314 2621 5363 antea
2651 5316 3032 5379 pertractatam
3061 5310 3219 5366 adeat
3250 5331 3263 5365 :
3293 5310 3367 5364 ibi
3392 5324 3527 5364 enu-

1977 5399 2148 5455 cleate
2188 5399 2563 5466 considerato,
2598 5401 2686 5455 ubi
2727 5401 2940 5458 devicto
2967 5404 3187 5458 Amalec
3229 5401 3525 5471 spoliorum

1979 5492 2260 5564 potissima
2287 5500 2673 5563 usurpaverat,
2704 5494 2936 5565 indeque
2975 5505 3228 5571 tanquam
3254 5492 3524 5562 primitias

1978 5585 2294 5643 holocausta
2330 5584 2598 5642 offerenda
2639 5600 2762 5642 esse
2793 5586 3166 5652 existimabat;
3187 5591 3241 5639 et
3278 5583 3523 5653 exquisi-

1975 5677 2099 5734 tiori
2126 5679 2399 5751 diligentia
2432 5679 2662 5763 scienter
2691 5684 2745 5735 et
2774 5678 2943 5750 perite
2972 5692 3031 5733 re
3065 5676 3366 5739 examinata
3409 5679 3524 5734 haec

2058 5865 2158 5941 (ι’)
2174 5867 2563 5941 Διαυτολοτεῖ.
2593 5866 2752 5924 Forte
2776 5863 3093 5934 ταυτολογεῐ.
