4090 6288
529 430 633 485 639

1506 428 1565 482 S.
1609 426 1978 482 EUS’I‘ATHII
2017 429 2322 486 EPISCOPI
2363 427 2780 484 ANTIOCHENI

3687 430 3806 486 διο

531 547 714 602 omnia
750 544 909 599 verba
953 551 1081 597 tunc
1127 543 1386 613 temporis
1429 543 1496 597 ad
1522 543 1746 596 verbum
1793 542 2090 598 Samuelem

2202 547 2295 598 καὶ
2324 543 2422 607 τὰς
2448 547 2512 598 ἐκ
2538 543 2737 597 τούτων
2763 541 2897 611 ᾤετο
2927 539 3034 595 δεῖν
3058 543 3346 614 ἀναφέρειν
3374 543 3806 604 ὁλοκαυτώσεις

532 637 926 710 praenuntiasse
971 635 1288 705 comperiet.
1337 635 1482 688 Dixit
1523 635 1666 688 enim
1705 653 1716 687 :
1756 633 1822 688 Et
1870 636 2096 689 abscidit

536 732 790 784 Dominus
821 727 886 781 de
925 744 1082 780 manu
1112 727 1225 796 ejus
1259 743 1470 796 regnum
1501 725 1577 793 ³⁹;
1607 734 1735 780 tunc
1766 741 1887 781 cum
1918 742 1947 780 a
1972 743 2096 797 rege

531 820 918 890 apprehensam
945 819 1092 888 pallii
1121 820 1370 873 laciniam
1403 816 1578 872 scidit.
1611 817 1690 870 Ad
1720 818 1831 872 haec
1862 819 2092 874 ulterius

531 910 858 984 praedicebat
880 925 1103 980 regnum
1130 911 1273 964 illius
1306 909 1661 964 seindendum
1688 909 1822 975 fore,
1857 910 2093 966 dandum

533 1003 776 1074 proximo
810 1017 910 1055 suo
939 1001 1030 1070 qui
1065 1017 1129 1056 eo
1170 1002 1358 1056 melior
1404 1009 1539 1056 erat.
1582 999 1927 1070 Prophetavit
1961 1018 2093 1071 prae-

530 1103 678 1150 terea
721 1107 828 1163 qua
877 1093 1088 1147 ratione
1130 1091 1295 1148 Israel
1339 1103 1560 1163 prepter
1612 1093 1716 1147 hoc
1770 1093 2097 1150 scindendus

531 1191 645 1240 erat
665 1224 680 1247 ,
711 1198 810 1238 nec
840 1183 1071 1251 amplius
1100 1197 1438 1238 reversurus.
1473 1181 1567 1237 His
1593 1184 1909 1246 enuntiatis,
1935 1185 2094 1238 verba

529 1291 693 1348 opere
724 1276 843 1346 ipso
887 1274 1263 1329 conﬁrmabat.
1308 1273 1424 1328 Non
1468 1275 1560 1329 diu
1587 1277 1727 1329 enim
1763 1283 1884 1344 post
1912 1275 2096 1330 divino

525 1367 732 1436 judicio
772 1366 927 1420 unxit
956 1381 1129 1434 regem
1180 1363 1342 1420 David
1360 1366 1426 1419 ‘°.
1472 1363 1655 1436 Itaque
1692 1366 1781 1436 qui
1815 1381 1910 1434 per
1933 1380 2097 1434 euga-

531 1456 882 1528 strimythum
922 1456 1123 1509 dicitur
1160 1463 1417 1511 evocatus
1461 1457 1593 1510 nihil
1633 1457 1700 1510 de
1727 1472 1868 1511 novo
1895 1457 2093 1518 attulit,

533 1548 626 1604 sed
649 1564 769 1618 qua:
797 1546 1013 1602 Samuel
1041 1546 1191 1616 prius
1216 1547 1427 1603 dixerat
1449 1549 1614 1603 veluti
1641 1549 1858 1620 propria
1886 1548 2098 1603 aII'ecta-

532 1641 625 1696 bat
647 1680 661 1705 ,
694 1638 884 1693 fraude
906 1653 968 1692 ac
991 1638 1114 1693 dolo
1137 1654 1420 1708 personam
1452 1654 1735 1695 assumens
1754 1680 1768 1705 ,
1792 1649 1845 1695 et
1867 1640 2096 1695 artificio

531 1731 796 1801 probabili
826 1730 1018 1784 iterum
1050 1743 1300 1798 repetens
1341 1731 1727 1800 prophetarum
1759 1746 1928 1792 more,
1956 1733 2094 1787 vati-

531 1823 703 1876 cinari
722 1821 1032 1876 simulabat.
1060 1821 1164 1876 Sed
1189 1829 1243 1874 ut
1273 1823 1692 1892 prmstigiatores
1711 1820 1932 1875 divitum
1949 1821 2092 1876 aedes

2199 639 2274 700 ὡς
2327 637 2616 708 ἀπαρχάς·
2682 633 3031 706 άκριϐολογίᾳ
3087 635 3144 687 δέ
3200 636 3513 709 τρανωτέρᾳ
3593 636 3806 708 ζητῶν

2195 729 2586 798 ἐπιστημόνως,
2637 728 2913 798 εύρήσειεν
2953 725 3040 791 ἂν,
3077 727 3152 790 ὡς
3190 728 3398 781 ἅπαντα
3439 729 3506 782 τά
3545 731 3803 800 ῥήματα

2194 819 2363 871 ταῦτα
2414 821 2532 872 κατ’
2581 821 2756 871 ἐκεῖνο
2804 817 2996 889 καιροῦ
3045 821 3303 889 προεῖπεν
3352 819 3444 872 ἐπὶ
3497 820 3723 886 λέξεως
3769 823 3800 874 ὁ

2197 911 2477 981 Σαμουήλ·
2533 910 2632 981 ἔφη
2673 909 2782 980 γὰρ
2826 909 2933 962 ὅτι·
2974 909 3084 962 Καὶ
3127 909 3397 978 διέρρηξε
3441 915 3676 981 Κύριος
3720 913 3799 966 ἐκ

2195 1001 2393 1068 χειρὸς
2438 1001 2621 1055 αὐτοῦ
2666 1001 2781 1068 τὴν
2818 1000 3176 1064 βασιλείαν·
3226 1002 3384 1056 ὁπότε
3435 1004 3528 1056 καὶ
3566 1005 3641 1057 τὸ
3687 1004 3797 1058 τοῦ

2194 1093 2480 1147 διπλοῖδίου
2526 1093 2815 1166 πτερύγιον
2856 1092 3244 1162 ἐπιλαϐόμενος
3293 1095 3321 1146 ό
3351 1093 3622 1168 δυνάστης
3671 1097 3796 1150 ἐδίο

2195 1201 2324 1255 χασε
2350 1202 2363 1214 ·
2408 1183 2670 1255 προύλεγε
2699 1183 2756 1236 δὲ
2789 1182 2937 1252 αὐτῷ
2987 1182 3121 1253 πρὸς
3169 1184 3260 1236 ἐπὶ
3283 1183 3489 1248 τούτοις
3525 1185 3657 1256 μὲν,
3703 1186 3793 1251 ὡς

2195 1274 2424 1346 ἤμελλεν
2474 1277 2505 1346 ή
2551 1274 2791 1344 βασιλεία
2847 1273 3166 1346 δοθήσεσθαι
3205 1275 3284 1346 τῷ
3325 1276 3548 1348 πλησίον
3594 1279 3789 1332 αὐτοῦ

2194 1364 2270 1434 τῷ
2309 1365 2504 1436 μᾶλλον
2549 1365 2688 1436 ὑπὲρ
2723 1365 2884 1418 αὑτὸν
2925 1365 3131 1436 ἀγαθῷ,
3188 1367 3521 1437 προεφήτευε
3568 1369 3629 1421 δὲ
3679 1371 3789 1422 καὶ

2194 1457 2312 1509 τίνα
2347 1458 2544 1527 τρόπον
2577 1456 2682 1508 ἔδει
2711 1456 2800 1508 τὸν
2846 1457 3058 1527 Ἰσραὴλ
3105 1458 3264 1510 ἕνεκα
3316 1457 3504 1511 τούτου
3555 1459 3784 1530 διασχι-

2197 1547 2484 1618 σθήσεσθαι
2519 1549 2609 1601 καὶ
2643 1546 2836 1617 μηκέτι
2875 1546 3217 1618 ἐπιπρέψαι.
3265 1549 3446 1602 Ταῦτα
3477 1551 3532 1602 δὲ
3559 1551 3778 1621 φήσας,

2194 1641 2328 1710 ὁμοῦ
2370 1642 2480 1704 τοῖς
2518 1640 2698 1710 ἔργοις
2738 1638 2982 1692 ἐϐεϐαίου
3027 1638 3095 1692 τὰ
3133 1639 3354 1693 λεκτέα·
3395 1645 3508 1712 μετ’
3537 1644 3595 1695 ού
3628 1643 3774 1696 πολὺ

2195 1731 2302 1800 γὰρ
2337 1733 2400 1782 ἐκ
2432 1730 2581 1792 θείας
2606 1728 2927 1791 ἀποσταλεὶς
2969 1729 3292 1799 ἐπικρίσεως
3323 1730 3502 1802 ἔχρισε
3538 1731 3776 1801 βασιλέα

2195 1823 2284 1875 τὸν
2333 1822 2514 1875 Δαυῖδ.
2561 1822 2680 1893 Ἆρ’
2737 1818 2829 1875 οὖν
2869 1821 3020 1875 οὐδὲν
3065 1823 3366 1894 ἀπήγγειλε
3415 1821 3560 1886 ξένον
3607 1827 3636 1877 ὁ
3673 1824 3770 1879 διὰ

533 1913 808 1983 pulsantes
835 1911 1264 1982 uniuscujusque
1292 1928 1379 1967 res
1415 1913 1543 1966 olim
1573 1921 1753 1983 gestas
1787 1911 1973 1967 sedula
2003 1913 2090 1966 in-

2193 1913 2626 1984 ἐγγαστριμύθου
2671 1912 2960 1982 λεγόμενος
2998 1893 3248 1984 ἀνῆχθαι,
3300 1914 3366 1967 τὰ
3420 1915 3476 1968 δέ
3515 1917 3618 1969 ὑπὸ
3662 1917 3765 1970 τοῦ

529 2005 822 2074 quisitione
868 2004 1176 2058 clanculum
1229 2003 1547 2070 odorantur,
1596 2019 1825 2074 moxque
1869 2002 2086 2058 easdem

527 2094 683 2163 quasi
735 2109 800 2149 ex
843 2093 1137 2164 improviso
1184 2101 1440 2149 canentes
1485 2092 1768 2148 confestim
1815 2094 2087 2149 auditores

530 2184 582 2238 in
627 2193 903 2254 stuporem
943 2185 1198 2256 rapiunt,
1235 2185 1412 2254 iisque
1447 2185 1502 2238 in
1541 2184 1746 2240 futilem
1781 2187 2086 2255 opinionem

528 2276 794 2341 inductis,
837 2275 904 2330 de
952 2275 1151 2330 futuris
1205 2291 1303 2345 pro
1350 2275 1577 2331 libidine
1617 2275 1980 2342 mentiuntur;
2009 2275 2090 2330 sic

526 2375 582 2423 et
624 2368 1033 2439 engastrimythi
1083 2377 1354 2438 spectrum
1401 2383 1539 2422 nova
1589 2367 1760 2422 forma
1808 2367 2087 2422 inductum

527 2457 841 2527 prophetica
906 2456 1174 2511 Samuelis
1229 2457 1475 2511 enuntiat
1521 2457 1776 2519 oracula,
1837 2457 2090 2526 Opinione

527 2562 658 2602 vero
696 2548 1004 2612 vaticinari,
1035 2563 1158 2601 cum
1203 2547 1337 2602 nihil
1390 2563 1486 2617 pro
1522 2556 1796 2618 comperto
1838 2548 2086 2624 haberet_,

537 2639 853 2702 videbatur,
905 2639 1096 2694 alienis
1141 2639 1304 2693 veluti
1350 2639 1586 2710 prepriis
1629 2639 1933 2709 praapositis
1971 2639 2089 2693 exi-

537 2731 734 2784 tiosum
783 2729 929 2782 illum
974 2729 1338 2798 perterrebat,
1390 2731 1497 2784 illis
1555 2728 1813 2784 facillimo
1871 2731 2090 2800 negotio

526 2819 649 2888 ejus
691 2827 922 2875 mentem
973 2830 1242 2889 arreptam
1291 2821 1718 2891 depraedabatur.
1749 2821 1889 2888 Quid
1922 2823 2086 2893 igitur

529 2910 676 2964 aliud
728 2910 812 2964 his
864 2926 1134 2966 annexum
1184 2913 1299 2966 est?
1351 2911 1415 2965 Et
1456 2923 1546 2976 tu,
1587 2912 1796 2982 inquit,
1842 2931 1996 2976 cras,
2042 2924 2093 2966 et

527 3002 674 3071 [ilius
705 3013 824 3056 tuus
865 3001 1136 3058 Jonathan
1166 3021 1384 3059 mecum.
1424 3002 1490 3057 Et
1520 3014 1695 3057 castra
1733 3003 1906 3058 Israel
1947 3004 2093 3059 dabit

530 3091 788 3147 Dominus
821 3094 871 3146 in
905 3112 1090 3148 manus
1121 3095 1531 3166 alienigenarum
1563 3097 1626 3150 δ’.
1657 3093 1761 3151 Sed
1791 3095 1904 3151 haec
1930 3112 2094 3167 porro

527 3181 738 3238 daemon
767 3199 830 3238 ac
858 3187 900 3240 si
928 3187 1142 3256 propria
1171 3195 1353 3242 essent
1381 3187 1677 3242 asserebat.

2190 2005 2442 2075 Σαμουὴλ
2484 2004 2746 2076 εἰρημένα
2788 2004 3069 2076 πρότερον,
3119 2006 3192 2069 ὼς
3239 2007 3344 2059 ίδια
3378 2008 3475 2077 μέν
3518 2009 3766 2079 ἐσχημά-

2189 2096 2301 2159 τιξε
2329 2095 2755 2166 προσωποποιῶν
2787 2095 3201 2168 ἁπάτη,πιθανῇ
3218 2097 3272 2149 δὲ
3289 2098 3587 2169 τεχνοποιίᾳ
3616 2115 3752 2152 ταυο

2189 2185 2443 2253 τολογῶν,
2477 2186 2802 2256 ὑπεκρίνατο
2843 2185 2907 2256 δὴ
2959 2187 3304 2258 προφητικῶς
3354 2187 3574 2258 ὁμιλεῖν.
3611 2187 3731 2240 Ἀλλ

2190 2273 2373 2346 ὥσπερ
2421 2275 2655 2346 ἀγύρται
2701 2274 2923 2345 μάντεις
2967 2277 3056 2328 ἐπὶ
3105 2277 3371 2330 πλουσίων
3417 2279 3547 2330 ἱέναι
3582 2277 3748 2350 θύρας

2191 2366 2553 2436 ἐπειγόμενοι,
2612 2365 2680 2417 τὰ
2733 2366 2831 2435 μὲν
2883 2366 2982 2437 ῆδη
3041 2367 3444 2438 παροδεύσαντα
3507 2366 3599 2420 τοῦ
3633 2368 3748 2438 βίου

2191 2454 2487 2524 πράγματα
2530 2453 3024 2518 πολυπευστοῦντες
3068 2455 3402 2525 ἀνιχνεύουσι
3438 2456 3749 2526 λεληθότως,

2192 2547 2330 2600 αὐτά
2365 2548 2420 2600 δὲ
2450 2547 2514 2599 τὰ
2545 2546 2648 2618 πρὸ
2678 2546 2871 2599 πολλοῦ
2899 2547 3158 2616 γεγονότα
3185 2547 3360 2617 λέγειν
3403 2549 3754 2619 αὐτοσχεδίως

2193 2639 2598 2709 ύπονοούμενοι,
2650 2639 2992 2710 παραχρῆμα
3057 2640 3153 2709 μὲν
3215 2641 3568 2710 ἐκπλήττουσι
3633 2641 3756 2703 τοὺς

2191 2734 2506 2803 αὐτηκόους,
2540 2735 2623 2794 εἰς
2662 2733 2826 2805 εύήθη
2863 2733 2921 2785 δέ
2956 2733 3135 2786 πίστιν
3173 2735 3364 2796 αὐτοὺς
3399 2734 3754 2806 ἀπαγόμενοι,

2192 2827 2318 2896 περὶ
2343 2825 2447 2877 τῶν
2467 2825 2764 2895 μελλόντων
2788 2825 2929 2896 άπερ
2967 2825 3206 2878 ἐθέλουσι
3227 2826 3562 2881 πλάττουσιν·
3585 2825 3756 2888 οὕτως

2193 2917 2299 2988 ἄρα
2343 2917 2434 2969 καὶ
2481 2917 2540 2968 τὸ
2582 2915 2682 2984 τῆς
2726 2916 3164 2986 ἐγγαστριμύθου
3230 2919 3418 2987 φάσμα
3482 2934 3753 2989 μεταμορ-

2195 3008 2480 3078 φούμενον,
2535 3006 2674 3059 αὐτὰ
2727 3007 2824 3076 μὲν
2872 3005 3162 3079 ἐξηγόρευε
3213 3009 3279 3061 τὰ
3329 3008 3634 3080 προφητικὰ
3660 3007 3751 3061 τοῦ

2195 3097 2446 3167 Σαμουὴλ
2486 3095 2881 3166 ἀποφθέγματα
2903 3136 2916 3158 ,
2967 3097 3043 3166 τῷ
3078 3098 3132 3150 δὲ
3173 3099 3346 3151 δοκεῖν
3375 3097 3508 3168 ᾤετο
3546 3113 3751 3167 προφη-

2194 3189 2389 3250 τεύειν,
2408 3185 2554 3238 οὐδὲν
2573 3186 2933 3256 ἐπιστάμενος
2951 3184 3087 3258 (4”⁶)·
3106 3187 3238 3240 ἀλλά
3267 3187 3334 3240 τὰ
3379 3188 3476 3258 μὲν
3496 3185 3746 3257 ἀλλότρια

530 3273 861 3345 προῦταττεν
898 3278 973 3341 ὡς
1015 3279 1148 3342 ἴδια,
1183 3279 1276 3332 καὶ
1313 3279 1646 3349 κατέπληττε
1677 3278 1765 3332 τὸν
1790 3279 2080 3351 ἀλάστορα,
2125 3279 2212 3332 διὰ
2246 3279 2302 3332 δὲ
2337 3279 2538 3333 τούτων
2571 3277 2807 3349 εὐχερῶς
2847 3278 3085 3332 ὑπε-τύλα
3126 3283 3218 3332 καὶ
3255 3281 3341 3333 τὸν
3407 3279 3529 3333 νοῦν
3591 3278 3744 3330 ἐκλεο

532 3383 664 3419 πτεν
707 3367 932 3422 ἐκείνου.
981 3369 1044 3421 Τί
1086 3366 1176 3424 οὖν
1213 3369 1338 3423 ἄλλο
1382 3370 1520 3440 μετὰ
1555 3369 1726 3425 ταῦτα
1758 3371 2088 3442 προσετέθη;
2127 3373 2238 3425 Καὶ
2273 3373 2376 3439 σὺ,
2412 3372 2596 3442 φησὶν,
2653 3372 2878 3440 αὔριον,
2913 3373 3006 3426 καὶ
3050 3375 3081 3424 d
3135 3374 3261 3437 υἱός
3305 3389 3418 3425 σου
3475 3369 3744 3423 Ἰωνάθην

531 3459 657 3528 μετ’
687 3459 833 3528 ἐμοῦ
871 3477 885 3490 ·
944 3461 1041 3515 καὶ
1084 3463 1195 3530 τὴν
1242 3454 1622 3532 παρεμϐολὴν
1682 3464 1918 3533 Ἰσραὴλ
1964 3464 2144 3520 δώσει
2193 3468 2413 3534 Κύριος
2454 3469 2539 3532 εἰς
2572 3465 2773 3536 χεῖρας
2810 3464 3186 3532 ἀλλοφύλων.
3243 3463 3401 3518 ’Δλλά
3438 3460 3609 3516 ταῦτα
3651 3461 3751 3531 μὲν

532 3551 694 3620 ἐῴκει
727 3551 904 3619 λέγειν
935 3553 963 3604 ὁ
994 3553 1199 3623 δαίμων
1232 3554 1306 3617 ὡς
1338 3554 1464 3608 ἴδια.

612 3638 747 3698 XIII.
799 3642 958 3698 Prius
1007 3652 1185 3700 autem
1227 3646 1360 3701 illud
1397 3645 1833 3702 discutiendum:
1864 3660 2087 3711 verane,

2261 3644 2400 3696 XIII.
2442 3642 2711 3713 Ζητητέον
2756 3642 2812 3694 δὲ
2862 3641 3084 3712 πότερον
3118 3639 3286 3710 ἀληθῆ
3331 3637 3643 3710 προῦλεγεν,
3676 3640 3753 3706 ὡς

532 3735 610 3789 uti
640 3735 755 3804 ipse
784 3735 1151 3798 existimabat,
1185 3736 1508 3807 praedicebat
1529 3754 1543 3802 ;
1567 3744 1620 3791 et
1656 3746 1838 3790 utrum
1864 3739 2089 3792 consul-

535 3841 608 3892 te,
647 3846 715 3884 an
749 3846 875 3886 vero
916 3847 1048 3886 casu
1087 3839 1139 3886 et
1173 3831 1395 3886 fortuito
1427 3832 1779 3897 enuntiabat;
1812 3839 2090 3900 praeterea,

533 3938 602 3976 an
638 3922 926 3992 praesagire
952 3923 1132 3992 aliqua
1173 3925 1366 3993 possit.
1411 3921 1649 3977 Primum
1690 3921 1930 3992 quidem,
1957 3920 2096 3976 Sau-

530 4012 638 4070 lem
691 4013 776 4068 die
824 4015 1073 4083 sequenti
1125 4024 1457 4084 peremptum
1502 4013 1691 4080 fuisse,
1723 4022 1783 4067 ut
1818 4021 2092 4084 spectrum

535 4103 862 4168 aﬂirmabat,
891 4121 1000 4159 non
1032 4115 1274 4175 apparet.
1305 4105 1511 4175 Quippe
1556 4107 1603 4162 si
1649 4121 1898 4162 sermone
1929 4122 2088 4162 exceo

537 4203 654 4266 pto,
686 4210 920 4250 mmrore
953 4197 1348 4265 invalescente,
1383 4213 1493 4252 non
1520 4199 1753 4253 comedit
1786 4213 1976 4268 panem
2011 4207 2087 4252 to-

533 4295 591 4342 to
609 4287 696 4343 die
724 4296 778 4343 et
799 4295 910 4343 tota
935 4297 1095 4344 nocte
1123 4289 1212 4342 illa
1231 4299 1320 4350 ,ut
1348 4288 1544 4344 divina:
1573 4297 1842 4345 testantur
1874 4291 2088 4356 litterae;

534 4386 656 4450 post
689 4379 802 4434 haec
835 4379 1028 4434 iterum
1068 4379 1264 4434 mulier
1301 4379 1616 4433 adhortatur
1642 4382 2000 4451 admonetque
2031 4387 2091 4434 ut

533 4471 712 4527 cibum
749 4478 1122 4541 praegustaret,
1148 4485 1268 4524 cum
1297 4472 1400 4525 iter
1415 4470 1630 4542 aggredi
1652 4472 1869 4526 deberet
1888 4489 1903 4537 ;
1921 4473 2092 4525 mani-

535 4561 731 4616 festum
763 4568 868 4625 est,
900 4561 1068 4614 altera
1111 4559 1319 4615 scilicet
1347 4559 1432 4616 die
1481 4567 1603 4630 post
1651 4559 1909 4615 diurnum
1957 4559 2090 4614 illud

535 4660 976 4720 nocturnumque
1005 4659 1322 4721 perpetuum
1349 4651 1637 4722 jejunium,
1658 4651 1760 4720 ipsi
1793 4650 1940 4705 humi
1963 4666 2090 4721 pro-

533 4747 704 4794 strato
734 4740 1074 4810 persuasisse
1125 4747 1185 4793 ut
1216 4741 1463 4810 expedite
1515 4748 1843 4812 assurgeret,
1888 4740 2090 4795 decen-

534 4829 751 4898 tiusque
797 4831 1009 4886 sederet
1061 4833 1115 4885 in
1160 4846 1430 4886 scamno:
1476 4831 1704 4885 vitulum
1759 4847 1887 4887 vero
1927 4847 2086 4902 quem

535 4921 772 4978 habebat
791 4925 1108 4979 subrumum
1137 4931 1381 4994 prompte
1402 4931 1674 4993 arreptum
1702 4924 2090 4989 oceidit,obso—

2193 3733 2356 3805 ᾤετο·
2400 3735 2492 3786 καὶ
2540 3733 2762 3802 πότερον
2817 3733 2922 3786 ἀπὸ
2971 3733 3158 3802 στόχου
3200 3731 3273 3802 (5)
3309 3732 3403 3784 καὶ
3459 3733 3753 3803 συγκυρίας

2193 3825 2556 3894 ἀπήγγειλεν·
2594 3825 2684 3878 καὶ
2714 3824 2846 3894 πρὸς
2889 3825 2980 3876 ἐπὶ
3009 3824 3214 3886 τούτοις
3266 3826 3314 3877 εί
3355 3826 3750 3895 προεγνωκέναι

2193 3918 2422 3986 saeva—.6
2453 3935 2592 3970 τινα.
2624 3916 2841 3988 Πρῶτον
2887 3916 2985 3985 μὲν
3020 3912 3113 3969 οῦν
3150 3917 3207 3969 ού
3249 3916 3491 3984 φαίνεται
3527 3919 3590 3987 τῇ
3625 3915 3750 3986 ἑξῆς

2193 4009 2372 4080 ἡμέρᾳ
2419 4008 2730 4077 διαφθαρεὶς
2769 4007 2797 4058 ό
2831 4007 3034 4068 Σαοὺλ,
3080 4007 3156 4068 ὡς
3205 4006 3406 4073 ἔφασκε
3448 4005 3509 4058 τὸ
3560 4006 3752 4075 φάσμα

2195 4101 2588 4170 φθεγγόμενον·
2639 4102 2686 4152 εί
2734 4100 2841 4170 γὰρ
2872 4098 3106 4161 ἀκούσας
3145 4097 3249 4150 τῶν
3301 4097 3490 4164 λόγων,
3542 4099 3604 4150 ἐκ
3652 4096 3750 4168 τῆς

2192 4193 2328 4260 ἄγαν
2355 4191 2590 4262 ἀθυμίας
2614 4191 2713 4243 ούκ
2735 4191 2930 4259 ἔφαγεν
2959 4189 3118 4260 ἄρτον
3142 4187 3267 4257 ὃλην
3295 4187 3391 4257 τὴν
3420 4188 3628 4259 ἡμέραν
3656 4187 3748 4240 κα.)⁴

2191 4283 2315 4352 ὃλην
2366 4283 2463 4353 τὴν
2493 4281 2680 4344 νύκτα,
2734 4283 2914 4352 φησὶν,
2962 4279 3205 4348 ἐκείνην,
3240 4278 3378 4348 ὼςὴ
3424 4277 3538 4330 θεία
3571 4277 3747 4346 διαγο-

2193 4373 2340 4448 ρεύει
2387 4373 2595 4445 Γραφὴ,
2662 4371 2798 4444 μετά
2838 4371 2893 4424 δέ
2932 4370 3087 4423 τοῦτο
3132 4367 3466 4440 παραινοῦσα
3499 4368 3657 4422 πάλιν
3711 4371 3746 4439 ἡ

2189 4462 2326 4534 γυνὴ
2348 4462 2684 4534 προύτρεπεν
2713 4462 2910 4532 ἐδωδῆς
2934 4458 3191 4528 ἅψασθαι,
3221 4457 3582 4530 προκειμένης
3605 4456 3740 4510 ὁδοῦ·

2193 4555 2475 4626 πρόδηλον,
2513 4556 2594 4610 ὅτι
2626 4559 2688 4628 τῇ
2718 4554 2944 4624 δευτέρᾳ.
2964 4550 3225 4623 δήπουθεν
3251 4550 3449 4622 ἡμέρᾳ,
3485 4549 3621 4620 μετά
3649 4549 3746 4620 τὴν

2191 4647 2488 4700 πάννυκτον
2512 4648 2604 4701 καὶ
2629 4650 2943 4719 πανήμερον
2969 4643 3182 4712 ἐκείνην
3198 4641 3424 4704 ἀσιτίαν,
3449 4639 3628 4694 ἔπεισε
3649 4641 3746 4711 μὲν

2189 4737 2370 4801 αὐτὸν,
2403 4741 2482 4801 εἰς
2522 4738 2779 4808 τοῦδαφος
2816 4735 3142 4809 ἐρριμμένον
3173 4733 3428 4796 ἐκλύτως,
3452 4731 3743 4800 ἀναστῆναι

2190 4831 2282 4883 καὶ
2311 4829 2636 4900 καθεσθῆναι
2670 4827 3035 4898 κοσμιώτερον
3082 4825 3172 4878 ἐπὶ
3204 4824 3295 4878 τοῦ
3333 4823 3539 4895 δίφρου·
3589 4822 3647 4876 τὸ
3687 4821 3746 4875 δέ

2193 4924 2510 4996 μοσχάριον,
2545 4924 2681 4995 ὅπερ
2721 4919 2832 4992 εἶχε
2874 4920 3197 4992 γαλαθηνὸν,
3237 4917 3463 4991 ἀμελητὶ
3507 4914 3741 4970 λαϐοῦσα

537 5013 628 5068 nia
666 5014 794 5070 item
826 5015 1104 5071 instruens
1132 5023 1183 5070 et
1218 5031 1439 5087 azymos
1469 5016 1723 5086 subigens
1740 5015 1922 5070 edulia
1952 5031 2089 5086 pra:-

2193 5015 2414 5084 σφάττει
2437 5033 2448 5046 ·
2482 5015 2808 5085 ὀψοποιοῦσα
2831 5014 2886 5066 δέ
2912 5013 3004 5066 καὶ
3030 5012 3298 5064 πέττουσα
3332 5009 3454 5070 τοὺς
3480 5007 3737 5078 ἀζήμους,

532 5107 764 5178 paravit,
800 5122 919 5176 qua:
958 5107 1051 5162 ubi
1092 5107 1183 5160 illa
1227 5107 1428 5176 optime
1459 5106 1676 5164 condita
1705 5109 2086 5179 instructaque

534 5199 646 5270 regi
677 5207 730 5253 et
767 5199 886 5268 ejus
921 5198 1187 5255 ministris
1217 5201 1532 5266 obtulisset,
1568 5217 1664 5256 rex
1703 5201 2086 5256 admonitioni-

535 5289 638 5345 bus
665 5287 921 5344 delinitus
949 5288 1130 5343 cibum
1154 5291 1383 5360 sumpsit
1411 5310 1424 5345 :
1462 5305 1685 5347 necesse
1723 5298 1806 5346 est
1833 5291 2004 5354 illum,
2040 5291 2087 5346 si

537 5389 697 5436 nocte
726 5382 874 5436 illinc
909 5397 968 5436 se
1002 5379 1148 5435 foras
1191 5384 1474 5452 proripuit,
1523 5383 1644 5438 aliis
1680 5384 1960 5438 nocturnis
1988 5384 2090 5436 ho-

535 5473 612 5528 ris
635 5474 689 5527 in
713 5489 866 5528 suam
894 5487 954 5528 se
983 5473 1272 5528 stationem
1305 5476 1590 5544 recepisse.
1628 5473 1706 5528 Ita
1741 5483 1799 5530 ut
1826 5475 1940 5545 jam
1970 5490 2086 5528 ma-

2190 5106 2511 5179 ηύτρέπιζεν
2545 5106 2770 5169 ἐδωδάς·
2805 5106 2990 5176 ἐπειδὴ
3027 5103 3083 5156 δὲ
3121 5101 3448 5173 προσέφερεν
3473 5099 3618 5168 αὐτῷ
3645 5097 3739 5150 καὶ

2189 5203 2302 5262 τοῖς
2351 5201 2488 5270 ἀμφ’
2521 5200 2682 5254 αὐτὸν
2723 5198 3187 5271 ἀριστοποιήσασα
3220 5191 3538 5253 σπουδαίως,
3579 5191 3607 5242 ὁ
3646 5187 3743 5259 μὲν

2191 5290 2374 5344 αὐτόθι
2409 5292 2588 5345 σιτίων
2618 5290 2836 5344 ἐλάϐετο
2867 5286 3229 5360 προτραπείς·
3264 5284 3470 5352 ἀνάγκη
3496 5281 3552 5332 δέ
3584 5282 3742 5343 νοεῖν,

2192 5381 2265 5444 ὼς
2296 5383 2372 5444 είς
2405 5381 2565 5444 ἄλλας
2593 5381 2818 5450 ἀφίκετο
2848 5378 3158 5450 νυκτερίους
3185 5373 3332 5446 ὥρας
3351 5413 3365 5436 ,
3395 5372 3550 5442 εῐπερ
3579 5367 3746 5440 ᾢχετο

2191 5470 2380 5534 νυκτὸς
2408 5470 2610 5523 ἐκεῖθεν
2653 5469 2974 5541 ἐξορμήσας.
3022 5466 3183 5518 Ὥστε
3212 5461 3363 5514 τοῦτο
3397 5459 3494 5530 μὲν
3533 5457 3748 5510 αὐτοτε-

611 5590 657 5621 ³³
690 5589 721 5644 Ῑ
747 5591 871 5662 Reg.
919 5608 1006 5653 xv,
1034 5591 1122 5645 2S.
1200 5589 1280 5643 “1
1310 5589 1432 5660 Reg.
1459 5608 1564 5655 va,
1601 5593 1687 5646 I5.
1766 5592 1806 5624 ⁸⁸
1845 5591 1872 5644 1
1912 5591 2035 5661 Reg.
2065 5607 2257 5655 xxvtu,
2297 5593 2383 5646 I9.

758 5685 1383 5757 'EJFIO'tdﬂE'V‘OcLFOI'le
1420 5687 1791 5757 ἐπιστάμενον.
1823 5685 1981 5757 Enn.

603 5751 686 5872 ΣΒ)
725 5754 862 5806 Ἀπὸ
907 5751 1153 5823 στόχουζ
1181 5755 1336 5812 Forte
1396 5757 1499 5809 ἀπὸ
1548 5751 1868 5826 στοχασμοῦ.
1925 5756 2088 5826 (Ἂπδ

603 5842 604 5846 ‘
635 5836 727 5872 you
779 5825 868 5872 καὶ
926 5828 1232 5872 συγκυρίαε-
1265 5827 1558 5872 coniectura
1606 5839 1653 5872 et
1690 5843 1813 5872 casu
1849 5827 2082 5872 fortuitu.

541 5825 727 5891 στόχου
779 5825 868 5877 καὶ
926 5828 1234 5899 συγκυρίας,
1265 5827 1558 5898 conjectura
1606 5825 1813 5883 etcasu
1846 5825 2082 5896 fortuito.

2205 5686 2396 5756 Στόχος
2438 5685 2758 5756 vocabulum
2795 5681 3064 5754 poeticum
3120 5685 3238 5742 est;
3301 5670 3444 5728 unde
3474 5667 3746 5736 εὔστοχος,

2192 5755 2431 5826 ἄστοχος.
2462 5755 2615 5812 Ευιτ.
2637 5766 2657 5833 )
