4090 6288
323 448 421 504 641

1197 450 1283 505 DE
1312 443 1901 505 ENGASTBIMYTHO
1935 445 2218 504 CONTRA
2254 445 2629 505 ORIGENEM.

3440 457 3547 512 642

319 567 428 631 λῶς
479 567 761 639 ἐλέγχεται
803 546 1139 640 ψευσάμενος
1190 570 1219 621 6
1278 569 1513 642 δαίμων·
1562 571 1622 624 οὐ
1661 567 1769 641 γὰρ
1817 566 1881 630 ὼς

1995 564 2189 622 nifesto
2215 567 2375 623 modo
2400 568 2669 624 mendacii
2698 568 2908 625 daemon
2955 570 3411 641 deprehendatur.
3442 571 3549 628 Ne-

320 655 493 725 εῐπεν,
531 661 750 728 Αὔριον
793 660 908 729 ἔσῃ
953 661 1033 714 σὺ
1069 662 1195 731 μετ’
1233 662 1408 730 ἐμοῦ,
1439 663 1659 731 γέγονεν
1692 661 1884 727 οὕτως,

318 752 558 823 ὁπηνίκα
578 752 676 823 τὴν
714 752 840 823 ἐξῆς
871 753 1064 807 αύτύσε
1107 753 1374 825 διέτριψεν
1412 754 1624 826 ἡμέραν
1670 755 1882 820 ἄσιτος·

321 839 439 897 εἶτα
464 844 529 914 τῇ
556 842 781 915 δευτέρᾳ
806 843 904 914 τῆς
927 843 1125 915 ἐδωδῆς
1150 844 1421 914 ἁψάμενος
1450 843 1691 908 ἐϐάδιζεν
1722 847 1800 908 εἰς
1826 844 1887 898 τὺ

323 932 701 1005 στρατόπεδον.
734 934 866 1003 Οὐχὶ
896 933 953 987 δέ
978 933 1133 987 τοῦτο
1167 934 1323 1005 μόνον
1348 935 1625 991 ἁλίσκεται
1653 937 1802 1009 παρά
1826 937 1887 990 τὸ

321 1027 542 1097 γεγονὸς
576 1026 832 1099 εἰρηκὼς,
867 1028 1002 1081 ἀλλά
1028 1029 1121 1081 καὶ
1159 1028 1249 1081 τὸν
1291 1029 1541 1084 Ἰωνάθαν
1570 1029 1672 1100 ἔφη
1712 1030 1884 1101 μονώ-

323 1133 484 1173 τατον
511 1116 645 1189 ὁμοῦ
684 1116 761 1188 τῷ
794 1119 959 1190 πατρὶ
1002 1118 1298 1190 καταλῆξαι
1326 1121 1462 1191 πρὸς
1492 1122 1650 1174 αὐτόν
1669 1140 1681 1151 ·
1725 1125 1788 1175 ἐκ
1827 1122 1885 1176 δὲ

322 1208 433 1263 τῶν
465 1209 718 1263 ἐναντίων
750 1210 781 1280 ἠ
815 1209 1182 1282 διηγηματικὴ
1213 1209 1305 1263 τοῦ
1346 1211 1677 1282 Γρὰμματος
1704 1212 1885 1281 διαγο-

325 1301 475 1374 ρεύει
509 1302 679 1372 φωνὴ,
711 1300 801 1354 τὸν
831 1300 1001 1354 Σαοὺλ
1033 1299 1148 1371 ἅμα
1176 1302 1350 1373 τρισὶν
1380 1301 1725 1373 ἀπεσφάχθαι
1755 1319 1884 1355 παι-

326 1394 432 1455 (ἢν.
479 1393 593 1447 ἀλλ’
636 1393 734 1464 οὐχ
767 1394 844 1447 ἐνὶ
877 1393 1041 1465 μόνῳ,
1075 1394 1150 1458 ὡς
1178 1393 1375 1466 ἔφησεν
1421 1397 1641 1459 ἐκεῖνος.
1678 1394 1884 1448 Οὐκοῦν

321 1485 527 1559 ἀπορίᾳ
559 1484 916 1558 προγνώσεως
943 1486 1093 1540 οὐδὲν
1126 1485 1320 1558 ἀληθὲς
1351 1487 1559 1552 ἐξεῖπεν
1584 1489 1613 1541 6
1641 1486 1847 1557 δαίμων
1865 1503 1879 1517 ο

320 1577 385 1632 οὐ
409 1577 517 1649 γάρ
552 1576 616 1631 ἂν
645 1576 855 1631 ἐναντία
889 1576 996 1630 τῶν
1025 1578 1321 1646 γεγονότων
1350 1577 1679 1650 ἀπήγγειλεν
1696 1594 1709 1607 ·
1749 1574 1885 1631 ἀλλά

322 1667 394 1723 τὰ
418 1668 495 1739 τῷ
535 1667 786 1741 Σαμουὴλ
823 1668 1087 1739 εἰρημένα
1123 1668 1403 1740 πρότερον,
1453 1669 1528 1733 ὡς
1563 1668 1717 1739 ἔφην,
1747 1669 1882 1721 ὑπο-

323 1757 548 1827 κλέψας,
576 1756 728 1826 ὀλίγα
754 1759 889 1812 ἄττα
918 1757 1209 1829 προσετίθη
1243 1758 1471 1824 τούτοις,
1510 1761 1574 1813 ἐκ
1605 1759 1712 1813 τῶν
1740 1758 1883 1813 εἰκό-

321 1866 431 1903 των
459 1849 783 1920 ὁμοιότροπα
814 1847 1148 1920 συμπλέξας·
1185 1847 1356 1914 οὔτως
1384 1851 1491 1923 ἄρα
1520 1853 1612 1905 καὶ
1655 1850 1879 1907 θάνατον

321 1939 533 2010 ἠπείλει
563 1938 641 2010 τῷ
664 1939 914 2012 δυνάστῃ,
946 1943 1063 2003 ταῖς
1087 1941 1292 1995 ἐκείνου
1322 1944 1523 2011 φωναῖς
1556 1940 1882 2012 ἀποχρώμε-

322 2048 443 2096 νος’
479 2031 593 2086 ἀλλ’
633 2031 711 2085 ἐτι
739 2049 804 2102 γε
848 2034 941 2086 καὶ
971 2033 1066 2105 τὴν
1109 2033 1202 2087 τοῦ
1242 2033 1454 2106 Ἰσραὴλ
1496 2033 1741 2087 ἐκδοῦναι
1787 2050 1884 2086 πα-

324 2125 589 2198 ρεμϐολὴν
611 2126 938 2197 ὑπισχνεῖτο,
969 2127 1044 2197 τῷ
1067 2127 1158 2179 τὸν
1191 2128 1471 2199 προφήτην
1507 2126 1781 2198 ἐμϐριθῶς
1807 2128 1883 2180 εί-

326 2217 544 2289 ρηκέναι
589 2216 1127 2286 διασχισθήσεσθαι
1170 2218 1275 2271 τὸν
1321 2219 1495 2271 λαόν.
1565 2218 1738 2290 Ὁρῶν
1789 2215 1881 2273 οῦν

321 2310 790 2380 ἐπιτετειχισμένα
820 2310 1055 2381 πολέμου
1097 2311 1489 2382 μηχανήματα,
1530 2313 1625 2365 καὶ
1664 2313 1755 2365 τὸν
1786 2311 1880 2365 τοῦ

312 2400 450 2456 λαοῦ
484 2402 802 2473 προεστῶτα
848 2402 1089 2474 περιδεῖμ
1135 2404 1354 2476 προσέτι
1392 2404 1448 2458 δὲ
1501 2405 1595 2458 καὶ
1646 2404 1884 2459 καταλει-

321 2493 522 2563 φθέντα
572 2494 707 2565 πρὸς
758 2494 922 2547 αὐτοῦ
973 2494 1063 2548 τοῦ
1109 2494 1242 2549 Θεοῦ
1296 2496 1392 2568 (δι’
1427 2490 1501 2550 ὧν
1542 2499 1570 2550 6
1617 2499 1885 2570 δυνάστης

319 2584 585 2655 ὡμολόγει
614 2585 1021 2655 στοχαζόμενος,
1048 2587 1127 2640 ὅτι
1153 2587 1310 2660 δεῦρο
1342 2588 1663 2661 περαιοῦται
1693 2591 1753 2644 τὸ
1788 2590 1881 2644 τοῦ

321 2677 599 2749 προφήτου
639 2677 959 2748 κήρυγμα),
997 2678 1132 2748 πρὸς
1181 2678 1278 2744 τὰς
1309 2679 1609 2745 ἐνεστώσας
1654 2683 1852 2754 ὑπεκρί

321 2787 450 2824 νατο
506 2771 745 2841 κινήσεις
792 2772 1123 2838 ἀναφωνεῖν·
1167 2771 1266 2825 ὅσα
1317 2772 1498 2843 μέντοι
1548 2773 1882 2846 προσέθηκεν

322 2857 430 2911 ἴδια
457 2857 575 2911 καθ’
594 2857 781 2921 ἐαυτά,
811 2858 1054 2930 φανερῶς
1076 2858 1215 2914 ἐάλω
1238 2859 1596 2933 ψευσάμενος·
1625 2863 1747 2918 οὔτε
1774 2865 1883 2939 γὰρ

322 2949 423 3022 τὴν
469 2948 563 3003 τοῦ
611 2949 840 3003 θανάτου
878 2950 1106 3020 ἠδύνατο
1150 2957 1426 3023 προειπεῖν
1469 2955 1699 3027 ἡμέραν,
1759 2956 1882 3011 οὔτε

324 3039 423 3104 τὰς
454 3039 560 3095 τῶν
586 3041 744 3095 υἱέων
768 3039 861 3094 τοῦ
900 3042 1070 3095 Σαοὺλ
1098 3044 1422 3116 ἀναιρέσεις,
1454 3039 1529 3098 ὧν
1563 3048 1653 3100 ἐπὶ
1683 3048 1881 3119 ὀνόμα-

323 3149 415 3196 τος
441 3134 837 3206 ἐμνημόνευσεν
865 3136 896 3205 ή
936 3135 1145 3207 Γραφή.
1187 3136 1281 3191 Ἐκ
1312 3137 1368 3191 δὲ
1399 3138 1600 3193 τούτων
1631 3141 1690 3193 οὐ
1723 3141 1882 3212 χαλε-

1986 672 2092 727 que
2111 659 2278 723 enim,
2309 666 2368 713 ut
2423 658 2514 713 ille
2543 658 2776 723 dixerat,
2808 659 2942 714 Cras
2975 661 3077 714 eris
3111 669 3165 714 tu
3196 677 3551 727 mecum,eve-

1986 751 2089 815 nit,
2128 766 2253 807 cum
2286 752 2361 808 ibi
2393 752 2482 809 die
2517 753 2763 825 sequenti
2790 753 3012 823 jejunus
3039 761 3409 807 commoratus
3432 752 3550 809 fue—

1990 844 2093 912 rit;
2120 845 2375 916 deinceps
2395 847 2587 911 altera,
2610 847 2734 902 cibo
2750 846 3058 917 degustato,
3077 847 3373 900 exercitum
3396 861 3552 918 repe-

1988 936 2155 992 tierit.
2192 936 2375 1008 Neque
2421 946 2632 993 tantum
2678 938 2782 994 hoc
2831 938 2982 992 illum
3016 938 3335 993 ementitum
3378 937 3550 995 fuisse

1987 1043 2051 1083 ac
2083 1030 2242 1084 aliter
2270 1045 2430 1099 quam
2461 1030 2702 1086 evenerit
2746 1030 3133 1100 pronuntiasse
3165 1029 3547 1097 convincitur;

1986 1121 2080 1177 sed
2110 1114 2396 1175 Jo'natham
2451 1122 2625 1177 solum
2662 1137 2772 1176 una
2806 1136 2929 1175 cum
2961 1128 3113 1191 patre
3141 1119 3207 1174 ad
3260 1120 3437 1191 ipsum
3468 1121 3547 1175 di-

1984 1229 2268 1269 versurum
2301 1212 2435 1268 dixit
2468 1232 2481 1267 :
2514 1228 2700 1268 verum
2737 1212 3068 1267 narrationis
3114 1212 3284 1269 series
3331 1210 3549 1267 Saulem

1984 1319 2107 1359 cum
2142 1304 2315 1359 trihus
2373 1303 2517 1370 tiliis,
2556 1311 2611 1357 et
2664 1317 2771 1357 non
2833 1316 2941 1355 uno
2995 1303 3142 1365 solo,
3186 1311 3245 1356 ut
3276 1302 3365 1358 ille
3400 1302 3552 1357 dixe-

1983 1400 2089 1457 rat,
2113 1402 2407 1449 mactatum
2432 1392 2602 1449 fuisse
2631 1393 2846 1447 asserit.
2875 1391 3048 1465 Igitur
3078 1393 3434 1464 praenotionis
3461 1392 3553 1448 de-

1985 1486 2129 1542 fectu
2156 1484 2292 1540 nihil
2321 1484 2430 1539 veri
2460 1484 2670 1539 daemon
2713 1484 2899 1539 retulit
2929 1503 2944 1540 :
2974 1500 3150 1555 neque
3197 1484 3343 1539 enim
3390 1484 3552 1541 factis

1982 1576 2119 1648 ipsis
2148 1574 2445 1647 pugnantia
2493 1575 2837 1631 enuntiasset
2867 1592 2881 1627 :
2918 1573 3013 1629 sed
3038 1590 3068 1629 a
3116 1572 3369 1630 Samuele
3396 1576 3550 1645 prius

1982 1667 2297 1723 memoratis
2324 1668 2610 1738 surreptis,
2642 1667 2833 1737 paucis
2861 1665 3163 1729 nonnullis.
3198 1666 3375 1737 iisque
3403 1667 3550 1721 veri-

1983 1757 2272 1821 similibus,
2320 1757 2566 1816 annexis,
2609 1763 2838 1810 mortem
2871 1753 2983 1824 regi
3016 1753 3364 1824 praenuntiat,
3400 1752 3548 1807 illius

1984 1850 2208 1905 vocibus
2238 1849 2460 1905 abusus.
2497 1846 2753 1913 Quinimo
2773 1861 2896 1901 cum
2928 1844 3190 1916 propheta
3237 1845 3371 1900 satis
3394 1859 3550 1915 aper-

1987 1948 2042 1996 te
2063 1937 2402 1993 scindendum
2441 1937 2687 2006 populunt
2718 1935 2971 2000 dixisset,
3005 1936 3123 2006 ipse
3169 1945 3346 1991 castra
3378 1934 3553 1991 Israel

1990 2030 2246 2085 tradenda
2273 2030 2645 2101 pollicebatur.
2683 2028 2870 2099 Itaque
2901 2042 3024 2082 cum
3065 2029 3403 2098 conspiceret
3450 2044 3551 2098 pa-

1987 2130 2138 2178 ratas
2166 2122 2293 2178 belli
2324 2121 2642 2182 machinas,
2669 2120 2860 2175 ducem
2894 2119 3078 2189 populi
3112 2120 3310 2176 timore
3344 2129 3552 2191 perter-

1987 2220 2177 2283 ritum,
2210 2215 2739 2278 contremiscentem,
2777 2215 2841 2269 ad
2890 2216 3003 2270 haec
3038 2214 3107 2269 ab
3148 2215 3266 2285 ipso
3304 2213 3415 2268 Deo
3455 2214 3552 2270 de-

1987 2310 2238 2366 relictum
2273 2306 2491 2379 (quibus
2524 2307 2779 2377 princeps
2820 2305 3133 2375 conjectura
3178 2320 3288 2360 non
3320 2306 3425 2361 levi
3455 2320 3547 2360 as-

1988 2406 2209 2457 secutus
2246 2397 2547 2470 prophetici
2579 2397 2789 2451 oraculi
2832 2396 2944 2465 jam
2978 2397 3136 2452 tinem
3162 2411 3286 2453 esse
3311 2411 3550 2451 comme-

1987 2490 2276 2561 morabat),
2310 2489 2373 2543 ad
2414 2494 2710 2559 praesentes
2742 2494 2926 2543 motus
2955 2488 3257 2543 orationem
3311 2501 3541 2543 conver-

1988 2592 2103 2638 tere
2127 2582 2419 2637 simulavit.
2462 2580 2807 2650 Qutecunque
2856 2579 3040 2651 itaque
3085 2580 3153 2635 de
3186 2594 3287 2635 suo
3320 2578 3545 2647 addidit,

1987 2673 2096 2729 illis
2120 2681 2304 2743 aperte
2332 2672 2588 2727 mentitus
2603 2679 2684 2727 est
2707 2690 2720 2724 :
2745 2671 2944 2742 quippe
2973 2686 3148 2741 neque
3170 2671 3359 2726 mortis
3380 2669 3544 2733 diem,

1986 2782 2165 2836 neque
2209 2764 2437 2819 ﬁliorum
2494 2760 2673 2819 Saulis
2712 2777 2942 2834 quorum
2997 2749 3285 2832 Scriptura
3326 2760 3547 2815 nomina

1988 2858 2145 2919 dixit,
2177 2855 2355 2927 potuit
2386 2854 2695 2925 praesagire.
2727 2853 2823 2909 His
2862 2852 3022 2908 facile
3052 2868 3343 2924 possumus
3373 2867 3546 2923 agno-

1988 2965 2160 3013 scere,
2206 2947 2340 3002 nihil
2369 2946 2667 3017 proprium,
2705 2946 2841 3000 nihil
2872 2961 3057 3001 verum
3110 2944 3358 3016 spiritum
3407 2958 3548 3015 prae-

1987 3044 2291 3106 nuntiasse,
2311 3041 2405 3096 sed
2436 3037 2702 3094 Samuelis
2722 3039 2886 3096 verba
2911 3037 3230 3095 suﬂ‘uratum
3254 3046 3308 3094 et
3339 3045 3396 3091 ut
3425 3052 3546 3108 pro-

1988 3135 2107 3209 pria
2146 3135 2510 3190 venditantem
2563 3133 2909 3190 existimasse
2968 3147 3028 3187 se
3077 3132 3420 3203 prophetare,
3465 3140 3541 3195 el,

320 3225 437 3290 πῶς
457 3224 522 3279 ἆυ
558 3225 640 3298 εἵη
671 3229 828 3290 νοεῖν,
856 3227 930 3291 ὡς
969 3228 1118 3282 οὐδὲν
1150 3228 1278 3284 ἴδιον
1308 3230 1426 3284 οὐδὲ
1466 3230 1663 3302 ἀληθὲς
1703 3235 1881 3304 ἀπήγ-

1989 3228 2130 3298 quod
2152 3227 2479 3298 praecipuum
2510 3234 2613 3290 est,
2634 3242 2808 3297 neque
2828 3241 2891 3283 ea
2920 3223 3125 3294 absque
3159 3222 3438 3277 mendacio
3462 3221 3546 3277 di-

328 3319 463 3387 γειλε
494 3319 556 3373 τδ
598 3319 840 3392 πνεῦμω
878 3322 966 3374 ὅτε
1003 3322 1061 3375 δὲ
1092 3322 1186 3378 τοῦ
1227 3323 1479 3396 Σαμουὴλ
1517 3325 1881 3390 ὑπεξέκλεπτε

1986 3322 2221 3376 vinasse.
2257 3318 2314 3374 Si
2345 3335 2472 3390 ergo
2502 3327 2556 3375 et
2600 3320 2865 3375 bellorum
2913 3329 3077 3373 aestus
3110 3314 3544 3385 eﬂ‘usionumque

321 3409 561 3480 ῥήματα,
614 3409 786 3464 ταῦτα
831 3411 1278 3484 σφετεριζόμενον
1323 3413 1458 3485 ᾤετο
1501 3416 1881 3487 προφητεύειν.

1987 3412 2273 3484 sanguinis
2300 3411 2499 3466 ﬂuenta
2530 3410 2907 3466 crudelissima
2930 3408 3265 3479 praecineret,
3288 3406 3413 3476 quis
3427 3419 3546 3461 om-

330 3500 490 3555 Ἀλλά
515 3501 744 3573 μάλιστα
773 3502 867 3573 μὲν
898 3503 996 3556 οὐκ
1027 3503 1168 3557 ἐστιν
1191 3506 1383 3570 είπεῖν,
1424 3506 1507 3559 ὅτι
1532 3506 1690 3561 τοῦτο
1718 3509 1881 3581 προὺ-

1986 3506 2134 3560 nium
2184 3510 2269 3559 est
2320 3503 2473 3574 origo
2518 3502 2822 3558 bellorum?
2870 3516 3051 3556 nonne
3102 3501 3214 3570 ipse
3262 3498 3547 3555 diabolus?

318 3595 550 3666 φήτευεν
593 3595 866 3664 ἁψευδῶς·
917 3598 965 3649 εί
1008 3596 1053 3648 δ’
1097 3596 1204 3668 ἄρα
1253 3599 1348 3651 καὶ
1391 3597 1628 3669 πολέμου
1671 3600 1881 3669 γένεσιν

1986 3597 2175 3652 Nonne
2224 3594 2417 3651 Jobum
2472 3594 2588 3665 ipse
2633 3592 2911 3664 deposcit?
2956 3607 3135 3647 nonne
3178 3590 3280 3661 ipsi
3342 3589 3544 3645 bellum

318 3687 679 3759 ἀνεκήρυττεν
705 3687 772 3740 τὰ
787 3688 883 3758 τῆς
911 3688 1300 3759 αἱματοχυσίας
1319 3692 1589 3762 ἀνήκεστα
1616 3692 1880 3764 ῥεύματα,

1990 3689 2321 3746 inexorabile
2358 3686 2654 3743 excitavit?
2684 3700 2867 3742 nonne
2898 3685 3097 3755 ssepius
3120 3686 3176 3737 in
3208 3682 3391 3739 varias
3428 3680 3544 3737 for-

317 3774 401 3839 τίς
439 3777 467 3828 6
498 3774 605 3827 τῶν
638 3774 890 3828 ἁπάντων
917 3775 1086 3839 αἴτιός
1129 3778 1241 3830 ἐστι
1271 3778 1554 3849 πολέμων;
1581 3780 1678 3850 οὐχ
1710 3782 1739 3833 ό
1769 3781 1881 3836 διά-

1988 3799 2106 3838 mas
2130 3789 2368 3837 mutatus
2401 3779 2517 3851 ipse
2546 3779 2772 3834 nuntius
2802 3777 2964 3832 simul
2995 3784 3049 3831 et
3078 3774 3255 3840 testis,
3282 3781 3337 3830 et
3369 3773 3544 3830 tribu-

319 3864 502 3931 6ολος;
562 3867 673 3921 Οὐκ
720 3866 881 3930 αὐτὸς
935 3866 1232 3939 ἐξῃτήσατο
1284 3870 1375 3923 τὸν
1439 3868 1593 3936 Ἰώ6;
1647 3873 1746 3926 οὐκ
1785 3874 1881 3926 ἐπ-

1990 3892 2094 3931 nus
2115 3875 2368 3939 militum,
2388 3872 2443 3926 in
2461 3871 2738 3927 hominum
2760 3871 2969 3925 viscera
2989 3874 3281 3937 penetrans
3298 3865 3544 3923 exstitit?

319 3961 537 4032 ήγειρεν
568 3958 714 4030 αὐτῷ
736 3960 968 4032 πόλεμον
998 3961 1254 4033 ἐξαίφνης
1280 3963 1607 4034 ἀκήρυκτον,
1642 3967 1701 4018 ού
1731 3969 2239 4042 μεταμορφούμενος
2281 3966 2460 4022 ἀλλοθι
2486 3965 2678 4030 ἄλλως,
2710 3962 3039 4033 αὐτάγγελος
3073 3961 3187 4032 ἅμα
3216 3960 3309 4014 καὶ
3338 3960 3545 4033 μάρτυς

318 4052 565 4121 ἐγίγνετο
601 4053 695 4106 καὶ
743 4051 1100 4123 πολέμαρχος,
1146 4053 1226 4116 είς
1278 4053 1346 4107 τά
1389 4054 1494 4137 τῶν
1529 4056 1827 4129 ἀνθρώπων
1860 4061 2104 4115 ἐντόσθια
2130 4059 2459 4130 παρεισδύς;

390 4147 530 4201 XIV.
580 4144 737 4199 Ἀλλά
760 4144 963 4216 ἀσαφὲς
988 4140 1205 4200 εἶναιτὸ
1238 4147 1421 4218 σχῆμα
1451 4150 1757 4220 νενόμισται
1775 4154 1881 4216 τοῖς

2063 4152 2204 4208 XIV.
2240 4152 2345 4208 Sed
2373 4152 2489 4207 haec
2528 4150 2703 4205 forma
2736 4156 2898 4218 atque
2936 4146 3104 4218 ﬁgura
3134 4146 3546 4217 quamplurimit:

320 4235 531 4299 πολλοῖς
549 4252 561 4266 ·
614 4236 749 4289 ἰτέον
786 4232 878 4288 οὖν
904 4234 1209 4299 ἀκολούθως
1236 4238 1315 4300 είς
1338 4237 1406 4291 τά
1432 4238 1530 4310 τῆς
1558 4240 1746 4312 τρίτης
1775 4240 1881 4294 τῶν

1987 4246 2218 4301 obscura
2248 4245 2493 4299 videtur:
2529 4240 2908 4311 itaqueordine
2930 4253 3042 4293 non
3068 4238 3287 4292 inverso
3309 4237 3426 4308 ipsa
3439 4233 3549 4292 Re-

322 4328 618 4383 Βασιλειῶν
654 4330 791 4399 ἴχνη.
840 4329 1093 4383 Φαίνεται
1130 4328 1307 4383 τοίνυν
1351 4332 1497 4396 ὅπως
1539 4333 1568 4385 6
1599 4334 1880 4406 προφήτης

1987 4352 2214 4408 gnorum
2259 4336 2487 4392 historia
2536 4333 2660 4389 libri
2705 4331 2849 4387 tertii
2902 4328 3271 4399 investiganda
3318 4336 3418 4385 est.
3467 4326 3544 4386 lbi

324 4423 662 4493 ἐπερωτᾶται
682 4422 920 4491 Μιχαίας
944 4421 1047 4475 ὑπὸ
1068 4421 1162 4476 τοῦ
1192 4422 1415 4494 Ἀχαάϐ·
1450 4424 1562 4478 ἀλλ’
1584 4425 1881 4499 ἐπειδήπερ

1987 4433 2182 4503 quippe
2199 4431 2262 4497 “,
2293 4439 2351 4484 ut
2380 4435 2620 4501 apparet,
2659 4424 2909 4479 Michaeas
2957 4421 3219 4494 propheta
3247 4420 3317 4476 ab
3360 4419 3546 4475 Achab

321 4512 658 4586 ἠναγκάζετο
702 4512 904 4584 τάληθῆ
946 4512 1124 4582 λέγειν
1167 4514 1661 4585 ἀπαρακαλύπτως,
1700 4518 1879 4587 ἑωρα-

1985 4525 2353 4594 interrogatur
2379 4540 2391 4576 :
2426 4522 2516 4576 sed
2544 4534 2668 4574 cum
2694 4532 2821 4572 vera
2845 4514 3002 4570 fateri
3034 4521 3338 4585 cogeretur,
3366 4512 3543 4582 palam

320 4608 489 4663 κέναι
519 4606 617 4678 μὲν
649 4606 850 4675 ἔφασκε
882 4606 988 4659 τὸν
1018 4609 1237 4675 Κύριον
1257 4607 1355 4661 ἐπὶ
1386 4609 1600 4676 θρόνου
1631 4609 1881 4680 καθήμε-

1986 4633 2044 4673 se
2079 4615 2360 4669 Dominum
2405 4612 2629 4674 vidisse,
2685 4610 2794 4677 ait,
2846 4606 3103 4663 sedentem
3152 4620 3305 4675 super
3352 4604 3542 4659 solium

319 4717 450 4766 νον,
473 4696 599 4755 εἶτα
631 4698 729 4753 καί
762 4698 1042 4766 στρατιὰς
1071 4697 1317 4753 ἑστάναι
1343 4699 1474 4768 περὶ
1500 4699 1685 4754 αὐτόν
1708 4703 1882 4769 οὐρα-

319 4791 490 4857 νίους
513 4790 581 4845 ἐκ
604 4807 668 4843 τε
690 4789 902 4856 δεξιῶν
929 4790 1047 4861 ἅμα
1073 4791 1169 4844 καί
1198 4792 1543 4861 εὐωνύμωνσ
1566 4792 1699 4863 ὁμοῦ
1731 4793 1787 4846 δὲ
1812 4796 1879 4865 τῇ

319 4883 418 4955 τῆς
448 4883 621 4953 ὅψεως
677 4882 903 4957 ἱστορίᾳ,
952 4884 1048 4937 καὶ
1096 4883 1277 4954 φωνῆς
1335 4882 1532 4955 ἔφησεν
1590 4886 1882 4957 ἀκηκοέναι

320 4975 534 5030 τοιᾶσδέ
564 4993 731 5040 τινος-
764 4976 856 5041 Τίς
880 4973 1173 5041 ἀπατήσει
1197 4975 1304 5029 τὸν
1341 4976 1565 5046 Ἁχαὰϐ,
1611 4977 1707 5031 καὶ
1735 4977 1880 5032 ἀνα-

321 5070 564 5140 ϐήσεται
594 5071 680 5135 εὶς
724 5065 976 5138 Ῥεμμὼδ
1003 5067 1266 5133 Γαλαὰδ,
1298 5068 1396 5122 καὶ
1421 5067 1687 5123 πεσεῖται
1722 5068 1881 5132 ἐκεῖ;

319 5161 618 5234 τηνικαῦτα
642 5160 698 5215 δέ
723 5176 904 5232 φησιν,
936 5158 1045 5231 [ἵνα
1064 5158 1133 5214 τά
1161 5162 1218 5215 ἐν
1242 5161 1393 5232 μέσῳ
1418 5160 1749 5233 παραλείψας
1772 5161 1882 5232 ἐρῶ

322 5253 384 5310 τὸ
420 5251 803 5325 ζητούμενον·]
849 5251 1101 5320 Ἐξῆλθε
1145 5253 1399 5323 πνεῦμα,
1453 5251 1553 5306 καὶ
1591 5251 1738 5320 ἔστη
1779 5251 1873 5305 er-

319 5346 506 5399 ὠπιον
540 5345 780 5413 Κυρίου,
821 5344 914 5398 καί
946 5341 1132 5399 εἶπεν·
1172 5345 1318 5415 Ἐγὼ
1348 5343 1634 5411 ἀπατήσω
1662 5345 1874 5400 αὐτόν·

319 5440 394 5505 ὡς
430 5439 486 5493 δὲ
533 5441 561 5493 6
599 5438 801 5510 Κύριος
832 5437 1238 5506 ἀνθυπενὲγκας
1283 5436 1545 5508 ἔφρασεν,
1605 5437 1699 5489 Ἐν
1726 5437 1881 5501 τίνι;

322 5530 686 5603 ἀνθυποφέρει
738 5529 930 5584 πάλιν’
1008 5529 1459 5599 Ἐξελεὺσομαι,
1512 5528 1608 5582 καὶ
1669 5530 1880 5597 ἔσομαι

322 5621 555 5691 πνεῦμα
589 5620 811 5690 ψευδὲς
840 5621 912 5675 ἐν
946 5622 1201 5691 στόματι
1231 5621 1472 5675 πάντων
1502 5621 1619 5676 τῶν
1651 5636 1877 5691 προφη-

324 5713 441 5767 τῶν
465 5713 668 5769 αὐτοῦ.
698 5713 841 5785 Πρὸς
865 5712 1035 5768 ταῦτα
1061 5714 1160 5785 μὲν
1180 5710 1272 5769 οὖν
1296 5714 1516 5788 εἴρηκεν
1541 5715 1570 5770 6
1600 5713 1875 5786 κρείττων·

397 5866 440 5899 ⁸³
469 5864 563 5921 III
591 5864 715 5937 Reg.
737 5883 872 5936 nu,
910 5866 977 5925 i9
1006 5873 1061 5925 et
1090 5883 1209 5940 sqq.

1985 4723 2176 4770 suum;
2203 4706 2441 4774 deinceps
2468 4705 2725 4759 exercitus
2756 4701 3003 4755 assistere
3024 4700 3071 4753 ei
3104 4698 3331 4753 caelestes
3368 4706 3478 4750 tum
3512 4714 3545 4751 a

1984 4796 2184 4852 dextris
2228 4804 2334 4848 tum
2384 4810 2416 4848 a
2448 4792 2712 4853 sinistris;
2756 4803 2880 4842 cum
2915 4786 3016 4841 hac
3042 4785 3248 4841 visione
3277 4790 3331 4838 et
3356 4796 3543 4837 vocem

1987 4888 2204 4945 audisse
2236 4885 2403 4941 tradit
2440 4878 2857 4954 hujuscemodi:
2891 4877 3021 4944 Quis
3070 4875 3291 4944 decipiet
3341 4871 3543 4937 Achab,

1986 4990 2036 5035 et
2078 4978 2319 5035 ascendet
2362 4978 2417 5032 in
2451 4973 2697 5031 Remmod
2737 4968 2972 5036 Galaad,
3002 4979 3050 5024 et
3095 4967 3241 5024 cadet
3274 4967 3348 5022 ibi
3369 4971 3546 5025 itunc

1988 5071 2192 5134 subdit,
2222 5076 2283 5125 ut
2314 5067 2509 5123 mediis
2541 5067 2756 5122 silentio
2778 5061 3047 5118 obvolutis
3074 5060 3426 5131 quaestionem
3449 5076 3546 5115 ex—

1988 5164 2178 5220 tricem
2214 5182 2227 5218 :
2262 5160 2518 5233 Egressus
2559 5168 2636 5215 est
2664 5156 2904 5227 spiritus,
2930 5163 2978 5211 et
3010 5156 3152 5210 stetit
3209 5170 3387 5209 coram
3436 5150 3545 5206 Do-

1990 5261 2153 5318 mino,
2187 5263 2236 5310 et
2266 5257 2342 5310 ait
2371 5272 2389 5309 :
2437 5252 2548 5325 Ego
2579 5251 2830 5319 decipiam
2864 5247 3054 5312 illum;
3082 5261 3113 5301 a
3148 5260 3256 5316 quo
3295 5259 3417 5301 cum
3451 5257 3546 5312 pe-

1985 5353 2120 5402 teret
2141 5344 2401 5401 Dominus
2435 5362 2449 5398 :
2486 5341 2551 5396 In
2586 5343 2734 5413 quo?
2768 5355 2985 5397 rursum
3001 5334 3289 5407 respondet
3327 5351 3340 5387 :
3373 5330 3542 5403 Egre-

1985 5440 2128 5504 diar,
2158 5448 2205 5493 et
2231 5454 2321 5493 ero
2362 5436 2579 5507 spiritus
2624 5431 2849 5489 mendax
2898 5432 2952 5486 in
3002 5445 3090 5484 ore
3138 5427 3372 5482 omnium
3418 5439 3543 5493 pro-

1983 5531 2256 5601 phetarum
2288 5528 2454 5583 illius.
2495 5526 2592 5583 His
2630 5527 2809 5598 potior
2846 5522 2981 5578 dixit
3014 5537 3027 5576 :
3073 5518 3302 5584 Decipies
3326 5526 3372 5569 et
3403 5529 3541 5584 prte-

1981 5620 2199 5678 ualebis.
2251 5611 2319 5674 Et
2366 5635 2502 5674 nunc
2546 5618 2685 5689 jam,
2741 5617 2834 5679 ait,
2896 5611 3155 5685 egredere.
3209 5618 3259 5664 et
3317 5609 3403 5679 fac
3440 5608 3538 5661 ita.

1989 5711 2120 5782 Quae
2138 5727 2258 5770 cum
2288 5710 2548 5786 propheta
2577 5709 2692 5782 regi
2722 5711 3015 5770 narrasset,
3032 5702 3179 5757 illico
3192 5701 3378 5759 subdit
3401 5722 3413 5733 -
3438 5699 3552 5759 Do-
