4090 6288
518 388 624 445 645

1464 384 1525 441 S.
1566 376 1935 437 EUSTATHII
1963 372 2269 431 EPISCOPI
2310 373 2725 430 ANTIOCHENI

3641 373 3746 428 844

518 501 600 555 dit
624 501 877 556 Dominus
914 499 1128 568 spiritus
1174 499 1431 553 mendacii
1469 500 1525 553 in
1565 513 1652 552 ore
1685 497 1913 551 omnium
1962 510 2077 563 pro-

2188 491 2552 559 Ἆπατήσεις,
2582 492 2683 545 καί
2707 506 2773 560 γε
2806 488 3072 558 δυνήσῃ.
3097 487 3208 549 Καὶ
3235 489 3352 543 νῦν
3379 488 3528 555 ἰδοὺ,
3559 491 3747 560 φησὶν,

518 595 792 665 plietarum
822 602 1031 644 tuorum
1081 591 1169 661 qui
1209 591 1291 644 hic
1326 600 1470 655 sunt,
1507 599 1557 644 et
1588 589 1842 642 Dominus
1874 587 2075 640 locutus

516 693 597 742 est
622 693 806 739 contra
834 692 882 736 te
910 683 1075 736 mala.
1110 683 1250 753 Ergo
1279 684 1322 737 si
1357 682 1607 751 spiritum
1634 681 1778 738 hunc
1803 679 1893 749 qui
1925 692 2076 731 men-

517 776 657 829 dacii
684 774 784 828 fuit
814 785 1026 836 auctor,
1058 775 1281 829 minime
1304 775 1503 828 bonum
1528 771 1622 826 sed
1657 787 1879 842 pravum
1911 769 2079 824 fuisse

517 869 819 939 intelligere
846 882 1071 922 necesse
1091 868 1182 929 sit,
1215 865 1479 935 sequitur,
1511 863 1657 918 hunc
1689 863 1817 917 item
1847 860 2074 917 creden-

515 960 645 1014 dum
696 959 867 1015 fuisse
909 958 1110 1012 diaboli
1144 958 1581 1011 instrumentum.
1629 952 1763 1008 Cum
1810 962 1988 1006 autem
2020 965 2080 1006 re

514 1051 632 1120 ipsa
678 1051 753 1105 illi
806 1050 1101 1119 contigisse
1145 1055 1344 1118 pateat,
1363 1062 1493 1117 ergo
1520 1048 1673 1116 prius
1702 1045 1943 1102 audierat
1969 1058 2078 1113 quo

515 1147 676 1208 pacto
703 1138 1123 1194 scelestissimus
1142 1136 1329 1190 Achab
1346 1136 1411 1190 ad
1445 1136 1646 1190 bellum
1677 1134 1972 1206 procedens
1986 1148 2079 1186 oc—

517 1230 802 1285 eubiturus
845 1236 1010 1285 esset.
1060 1226 1194 1281 Nam
1242 1227 1332 1282 ille
1364 1226 1706 1281 mendacium
1734 1240 1830 1296 pro
1851 1226 2079 1280 veritate

516 1317 810 1373 obtrudere
866 1318 1056 1381 voluit,
1106 1325 1167 1371 ut
1205 1316 1329 1370 belli
1386 1332 1609 1371 causam
1662 1316 1944 1370 moliretur
1973 1316 2077 1369 im-

516 1409 778 1481 piumque
811 1408 1060 1480 perderet
1095 1406 1331 1476 turpius.
1367 1405 1444 1461 lta
1469 1415 1528 1462 ut
1558 1409 1706 1463 hisce
1740 1407 1926 1468 rebus.
1963 1421 2079 1460 ma-

513 1501 568 1556 la
601 1514 722 1571 quae
750 1499 997 1554 scelestis
1042 1498 1355 1554 inferuntur
1393 1499 1667 1554 diabolum
1717 1498 2074 1570 praescivisse,

515 1591 871 1647 manifestum
914 1593 1004 1657 sit,
1041 1606 1164 1646 cum
1198 1591 1557 1662 pessimorum
1590 1591 1827 1645 omnium
1859 1591 1974 1663 ipse
2009 1591 2080 1646 sit

517 1684 718 1756 opifex.
746 1684 806 1738 in
830 1683 992 1745 Saule
1010 1699 1140 1738 vero
1161 1683 1422 1754 quidquid
1446 1699 1476 1738 e
1503 1699 1560 1739 re
1574 1683 1786 1754 propria
1813 1681 2076 1741 Samuelis

521 1776 761 1832 oraculis
778 1776 982 1832 addens
1013 1776 1328 1840 immiscuit,
1358 1791 1470 1830 non
1501 1782 1706 1829 tantum
1732 1776 2079 1846 probabiliter

521 1869 802 1933 mentitus,
830 1868 925 1924 sed
955 1867 1118 1939 impie
1157 1866 1565 1937 irreligioseque
1594 1845 1807 1923 locutus
1856 1876 1963 1924 est.
2008 1867 2079 1923 At
2108 1845 2150 1904 Β

522 1961 755 2034 primum
786 1960 932 2015 illius
960 1959 1182 2028 impium
1209 1957 1412 2013 dictum
1439 1960 1524 2014 vel
1562 1958 1688 2015 inde
1723 1959 2073 2030 deprehendi-

521 2059 645 2107 tur:
673 2053 904 2122 primum
937 2051 1152 2121 quidem
1186 2051 1360 2120 quod,
1393 2050 1846 2123 quemadmodum
1894 2050 2080 2106 Domi-

519 2158 625 2198 nus
650 2142 977 2211 latroni,qui
1005 2143 1156 2210 regni
1190 2142 1309 2211 ejus
1341 2143 1635 2212 potentiam
1652 2141 1938 2200 confessus
1961 2142 2080 2199 fue-

517 2241 638 2296 rat,
672 2233 809 2288 dixit
846 2233 893 2265 “
931 2254 942 2288 :
974 2232 1145 2287 Hodie
1190 2250 1389 2288 mecum
1432 2235 1535 2290 eris
1583 2236 1638 2288 in
1684 2234 1968 2304 paradiso;
2004 2235 2077 2291 ita

513 2335 571 2383 et
601 2326 691 2379 hic
738 2327 956 2380 illorum
1006 2326 1282 2389 imitator,
1337 2315 1488 2379 sauli
1537 2328 1760 2398 magicis
1807 2329 2078 2385 vaticiniis

516 2418 764 2488 expletis,
808 2418 1031 2473 dolosus
1078 2417 1274 2471 artifex
1322 2418 1664 2473 enuntiavit:
1699 2417 1831 2472 Cras
1882 2421 1984 2474 eris
2021 2429 2076 2474 tu

518 2526 739 2573 mecum,
768 2519 815 2563 et
839 2509 1110 2564 Jonathan
1137 2510 1283 2579 ﬁlius
1308 2519 1427 2564 tuus
1459 2510 1523 2563 “.
1571 2509 1840 2575 Secundo,
1869 2512 2074 2581 justum

517 2602 589 2659 ab
618 2602 820 2671 injusto
861 2602 992 2656 nihil
1025 2602 1217 2657 abesse
1247 2611 1479 2657 conatur
1511 2603 1759 2672 probare,
1787 2612 1846 2657 ut
1886 2604 2078 2657 callide

518 2693 734 2765 piorum
771 2702 1001 2748 conatus
1049 2702 1211 2763 atque
1252 2695 1484 2765 impetus
1517 2694 1856 2763 comprimat.
1888 2694 2077 2762 Nemo,

518 2790 579 2837 ut
597 2781 834 2847 videtur,
866 2784 1023 2853 plane
1064 2800 1174 2838 non
1208 2784 1378 2847 novit,
1418 2783 1619 2837 nullam
1673 2782 1813 2838 inter
1867 2783 2077 2839 fidelem

515 2880 575 2930 et
626 2872 899 2929 infidelem
945 2875 1384 2930 communionem
1443 2874 1824 2931 intercedere:
1867 2891 2077 2931 necnon

517 2979 735 3030 rursus,
771 2980 879 3035 quo
932 2973 1091 3035 pacto
1141 2968 1234 3037 qui
1291 2967 1602 3022 divitiarum
1634 2970 1788 3040 copia
1839 2969 2079 3039 profusis

516 3062 827 3110 marcuerat
855 3055 1051 3124 epulis,
1084 3055 1241 3126 longe
1275 3071 1305 3109 a
1351 3056 1540 3111 Lazari
1577 3058 1934 3113 contubernio
1992 3075 2080 3115 se-

2176 583 2402 648 ἐξελθε,
2437 585 2533 639 καὶ
2563 585 2825 651 ποίησον
2852 582 3056 647 οὕτως.
3104 582 3161 634 Ὀ
3202 581 3258 635 δὲ
3294 583 3577 654 προφήτης
3608 583 3753 636 αὐτά

2175 673 2344 728 ταῦτα
2371 674 2448 746 τῷ
2482 674 2688 744 βασιλεῖ
2714 673 3063 744 διηγούμενος
3092 672 3293 736 εὐθέως
3324 673 3611 745 ἐπιφέρει·
3648 674 3752 728 Δέ-

2174 764 2363 818 δωκεν
2386 768 2417 818 ὁ
2453 765 2596 830 Θεὸς
2623 764 2858 833 πνεῦμα
2882 763 3105 832 ψευδὲς
3131 764 3199 816 ἐν
3226 765 3476 833 στόματι
3508 763 3753 821 πάντων

2174 856 2294 910 τῶν
2321 857 2636 926 προφητῶν
2659 875 2775 910 σου
2804 857 3045 920 τούτων,
3089 856 3188 909 καὶ
3221 855 3491 924 ἐλάλησε
3529 859 3750 927 Κύριος

2173 947 2271 1001 ἐπὶ
2320 945 2394 999 σὲ
2434 948 2607 1001 κακά.
2654 946 2948 1019 Τοιγαροῦν
2995 947 3149 1022 εἴπερ
3197 948 3409 1019 ἀνάγκη
3458 952 3600 1004 νοεῖν
3648 950 3750 1003 οὒκ

2175 1039 2394 1108 ἀγαθὸν,
2422 1039 2559 1094 ἀλλά
2585 1040 2817 1109 πονηρὸν
2847 1035 2983 1094 εἶναι
3008 1040 3163 1093 τοῦτο
3189 1041 3249 1094 τὸ
3279 1042 3512 1113 πνεῦμα,
3551 1042 3612 1096 τὸ
3648 1044 3749 1114 τῆς

2174 1131 2535 1203 ψευδηγορίας
2588 1133 2777 1199 αἴτιον,
2831 1132 3116 1186 ἀκόλουθον
3171 1134 3567 1204 ὑπολαμϐάνειν
3615 1136 3752 1190 αὐτὸ

2175 1223 2332 1277 τοῦτο
2356 1223 2416 1276 τὸ
2446 1223 2744 1277 διαϐολικὸν
2775 1224 3001 1295 ὄργανον
3036 1224 3322 1296 ὑπάρχειν.
3354 1227 3418 1279 Εἰ
3444 1227 3501 1280 δὲ
3542 1228 3749 1299 κυρίως

2176 1316 2555 1369 ἀποδείκνυται
2608 1315 2764 1368 τοῦτο
2833 1311 2992 1380 εἶναι,
3053 1317 3393 1388 προακήκοεν
3459 1318 3567 1390 ἄρα
3628 1319 3750 1383 πῶς

2177 1408 2403 1480 ἤμελλεν
2453 1411 2480 1462 6
2512 1408 2703 1479 μιαρὸς
2767 1408 2969 1479 Ἀχαὰϐ
3012 1410 3092 1472 είς
3130 1408 3361 1479 πόλεμον
3392 1409 3568 1464 ἀπιὼν
3614 1412 3748 1466 ἀπο-

2179 1500 2427 1572 θνήσκειν
2445 1517 2459 1531 ·
2501 1500 2630 1553 αὐτὸ
2664 1499 2772 1570 γὰρ
2803 1500 3002 1570 ἠξίωσε
3029 1499 3088 1552 τὸ
3111 1499 3302 1569 ψεῦδος
3342 1501 3464 1554 ἀντὶ
3494 1501 3595 1574 τῆς
3619 1503 3749 1575 ἀλη-

2179 1593 2329 1657 θείας
2358 1591 2656 1656 ἐκϐάλλειν,
2685 1591 2772 1645 ἴνα
2794 1592 3026 1662 πολέμου
3052 1592 3262 1661 γένεσιν
3285 1594 3445 1648 αὐτου
3455 1597 3630 1669 ργήσῃ
3654 1598 3747 1652 καὶ

2177 1682 2458 1754 διαφθείρῃ
2484 1682 2574 1735 τὸν
2611 1682 2793 1735 ἄδικον
2829 1682 3073 1751 αἰσχίως.
3112 1682 3273 1735 Ὥστε
3308 1684 3403 1737 καὶ
3431 1684 3517 1738 διὰ
3546 1686 3745 1740 τούτων

2179 1775 2556 1829 ἀποδείκνυται
2591 1774 2697 1826 τῶν
2725 1773 2920 1847 ἔργων,
2968 1774 3049 1827 ὅτι
3098 1773 3165 1826 τά
3210 1776 3353 1830 κακά
3384 1779 3495 1839 τοῖς
3542 1778 3747 1843 ἀδίκοις

2179 1866 2550 1937 ἐπιφερόμενα
2582 1867 3004 1939 προμεμάθηκεν
3049 1870 3078 1921 6
3113 1867 3374 1934 διάϐολος,
3416 1870 3601 1941 ἐπειδὴ
3640 1872 3745 1924 τῶν

2180 1957 2439 2028 ἐχθίστων
2463 1961 2490 2012 6
2513 1960 2924 2032 δραματουργὸς
2957 1960 3119 2022 αὐτός
3141 1961 3285 2015 ἐστιν
3306 1962 3576 2015 ἁπάντων.
3620 1963 3746 2018 Ἐπὶ

2183 2046 2361 2115 μέντοι
2384 2046 2477 2100 τοῦ
2502 2047 2692 2111 Σαοὺλ,
2722 2049 2819 2101 ὅσα
2852 2046 3109 2123 προσθεὶς
3130 2048 3220 2119 ἀφ’
3242 2050 3432 2104 ἑαυτοῦ
3461 2051 3745 2118 συνέζευξε

2178 2143 2289 2203 τοῖς
2327 2138 2416 2192 τοῦ
2447 2138 2697 2211 Σαμουὴλ
2737 2138 3167 2212 ἀποφθέγμασιν,
3202 2141 3261 2194 οὐ
3295 2142 3450 2212 μόνον
3478 2140 3746 2211 ἐψεύσατο

2180 2230 2436 2294 πιθανῶς,
2482 2230 2615 2284 ἀλλά
2648 2231 2741 2285 καὶ
2779 2231 3195 2306 ἐϐλασφήμησεν
3226 2232 3452 2298 ἀσεϐῶς.
3501 2233 3741 2288 Ἐνθένδε

2180 2322 2342 2375 ποθὲν
2371 2321 2699 2393 διελέγχεται
2728 2325 2760 2394 ἡ
2790 2323 2977 2396 πρώτη
3022 2326 3325 2397 δυσφημία·
3361 2327 3576 2398 Πρῶτον
3618 2326 3740 2398 μὲν,

2179 2415 2259 2466 ὅτι
2290 2413 2426 2469 κατὰ
2448 2414 2695 2486 μίμησιν,
2717 2415 2790 2478 ὡς
2814 2416 2842 2467 6
2864 2417 3066 2487 Κύριος
3089 2418 3190 2489 ἔφη
3210 2417 3288 2489 τῷ
3305 2418 3499 2491 λῃστῇ,
3528 2418 3588 2471 τὺ
3612 2420 3745 2491 κρά-

2177 2520 2269 2566 τος
2292 2502 2682 2575 ὁμολογήσαντι
2708 2505 2806 2576 τῆς
2831 2504 3105 2575 βασιλείας
3136 2507 3321 2572 αὑτοῦ,
3342 2513 3386 2562 Σ
3395 2508 3609 2578 ήμερον
3630 2509 3744 2577 ἔσῃ

2174 2596 2301 2662 μετ’
2342 2595 2516 2664 ἐμοῦ,
2551 2597 2745 2665 λέγων,
2780 2598 2850 2650 ἐν
2899 2597 2979 2663 τῷ
3032 2600 3391 2669 παραδείσῳ,
3436 2604 3632 2655 ταυτὸν
3684 2601 3749 2672 δὴ

2180 2688 2334 2741 τοῦτο
2367 2689 2461 2742 καὶ
2486 2689 2560 2761 τῷ
2590 2689 2759 2744 Σαοὺλ
2788 2691 3199 2763 ἐκπληρώσαντι
3223 2695 3322 2758 τάς
3356 2693 3619 2766 μαντικὰς
3651 2695 3746 2749 αὑ-

2180 2780 2272 2832 τοῦ
2317 2780 2570 2850 μαντείας
2610 2780 2809 2853 ἔφησεν
2851 2786 2879 2835 6
2906 2784 3224 2855 δολομήτης·
3256 2785 3472 2852 Αὔριον
3510 2784 3626 2854 ἔσῃ
3663 2785 3744 2840 σὺ

2175 2871 2301 2940 μετ’
2352 2871 2519 2940 ἐμοῦ,
2569 2872 2669 2927 καὶ
2730 2873 3013 2930 Ἰωνάθαν
3051 2879 3084 2928 ό
3136 2878 3266 2942 υἱός
3297 2892 3435 2935 σου,
3489 2877 3747 2950 Δεύτερον

2184 2964 2427 3035 βούλεται
2461 2965 2731 3020 δεικνύναι
2767 2967 2854 3022 διὰ
2895 2968 3115 3033 τούτων,
3150 2969 3232 3022 ὅτι
3274 2971 3440 3041 μηδὲν
3474 2971 3502 3023 ό
3545 2971 3750 3038 δίκαιος

2181 3052 2362 3106 ἀδίκου
2411 3052 2675 3126 διαφέρει,
2718 3053 2816 3119 τὰς
2852 3054 2961 3109 τῶν
3003 3057 3239 3110 εὐσεϐῶν
3279 3058 3507 3128 ἐκκόψαι
3548 3062 3753 3132 προθυ-

512 3143 742 3217 junctus
770 3154 1124 3217 secretusque
1154 3146 1317 3204 fuerit
1338 3148 1405 3213 ⁸³,
1428 3150 1677 3218 quamvis
1704 3150 1837 3205 nihil
1856 3151 1910 3204 in
1930 3151 2077 3205 illum

2186 3144 2313 3215 μίας
2349 3145 2796 3218 ἐπιτεχνώμενος.
2841 3147 3024 3211 Οὐδεὶς
3052 3147 3227 3202 ἔοικεν
3266 3151 3499 3219 ἀγνοεῖν,
3530 3153 3613 3206 ὅτι
3644 3172 3753 3227 μητ-

517 3252 706 3294 ausus.
741 3236 882 3294 Sane
911 3239 1048 3293 nihil
1077 3241 1287 3310 uspiam
1313 3242 1662 3312 reliquiarum
1692 3250 1784 3298 aut
1817 3243 2078 3298 micarum

2183 3235 2342 3307 δεμία
2379 3236 2709 3309 συνυπάρχει
2745 3238 2997 3292 κοινωνία
3024 3238 3197 3311 πιστῷ
3239 3240 3375 3312 μετὰ
3414 3242 3668 3312 ἀπίστου,
3710 3245 3747 3321 ἦ

515 3327 576 3383 in
604 3328 973 3398 pavimentum
1007 3331 1317 3386 cadentium
1346 3333 1590 3389 exhibuit
1610 3375 1624 3399 ,
1657 3334 1750 3391 Sed
1782 3351 1882 3390 nec
1910 3335 2082 3406 plagis

513 3419 695 3479 virum
726 3420 1014 3486 amixerat,
1068 3437 1170 3477 nec
1219 3422 1403 3494 flagris
1453 3440 1651 3480 caesum
1711 3425 1817 3481 alio
1871 3427 2082 3497 longius

515 3510 857 3567 amandarat.
882 3510 1083 3567 Verum
1107 3529 1234 3569 cum
1268 3516 1430 3570 ambo
1454 3516 1579 3570 hinc
1602 3518 1901 3588 migrantes
1915 3519 2080 3575 vitam

513 3608 1085 3656 commutassentcum
1116 3610 1313 3668 morte,
1333 3605 1423 3659 hic
1441 3605 1659 3676 quidem
1685 3608 1739 3660 in
1772 3608 1893 3662 sinu
1918 3607 2082 3662 Abrav

516 3689 603 3746 hae
619 3692 834 3762 generis
851 3694 1093 3750 auctoris
1123 3695 1349 3764 quievit,
1378 3697 1467 3750 ille
1505 3700 1834 3768 perennibus
1851 3699 2082 3756 ﬂammis

515 3790 681 3854 atque
710 3785 1245 3857 inexstinguihilihus
1274 3797 1560 3860 correptus
1594 3798 1674 3846 est
1708 3809 1719 3844 :
1756 3792 1842 3846 hic
1868 3791 1996 3846 dum
2026 3794 2082 3848 in

515 3876 709 3933 inferis
731 3885 909 3933 tortus
939 3882 1353 3947 cremaretur“,
1389 3882 1536 3937 videt
1569 3899 1599 3937 a
1641 3885 1799 3954 longe
1831 3886 2083 3956 progeni-

516 3976 941 4035 torem,necnon
965 3980 1018 4024 et
1033 3969 1298 4027 Lazarum
1328 3974 1383 4029 in
1415 3975 1538 4029 sinu
1563 3975 1680 4045 ejus
1708 3994 1719 4030 :
1744 3983 1797 4029 at
1816 3977 1935 4046 igne
1958 3992 2080 4032 cum

518 4055 761 4120 arderet,
795 4073 858 4111 ex
898 4061 1080 4115 animo
1112 4061 1384 4117 Abraham
1417 4065 1644 4135 rogabat
1678 4074 1736 4120 ut
1761 4068 1827 4121 ad
1849 4082 1908 4123 se
1930 4083 2082 4124 men-

517 4145 700 4200 dicum
744 4148 985 4203 mitteret
1016 4169 1029 4203 :
1063 4153 1261 4222 quippe
1304 4154 1503 4211 obnixe
1534 4158 1860 4226 precabatur
1885 4167 1945 4214 ut
1973 4159 2079 4214 La-

519 4252 682 4293 zarus
712 4241 775 4293 ad
798 4255 921 4295 eum
942 4244 1167 4300 veniens
1192 4253 1490 4301 extremum
1517 4249 1669 4321 digiti
1694 4254 1776 4307 sui
1805 4254 1857 4307 in
1885 4269 2079 4324 aquam

519 4331 835 4404 intingeret,
893 4335 1082 4405 sicque
1128 4336 1368 4408 linguam
1404 4354 1556 4393 suam
1589 4344 1729 4398 roris
1759 4344 2081 4402 humiditate

518 4432 908 4481 contrectatam
949 4426 1336 4498 refrigeraret:
1378 4430 1560 4501 itaque
1597 4434 1784 4504 ignitis
1821 4437 2078 4491 cruciati—

2183 3326 2248 3383 αὖ
2283 3329 2462 3395 πάλιν,
2506 3331 2652 3396 ὅπως
2694 3331 2963 3404 67:106ch
2997 3336 3415 3405 κατατρυφήσας
3458 3336 3745 3410 ἀπλήστῳ,

2183 3420 2368 3498 πόρρω
2393 3422 2494 3492 τῆς
2529 3422 2779 3495 Λαζάρου
2810 3422 3018 3495 διαίτης
3047 3424 3339 3496 ἀπεκρίθη,
3370 3425 3544 3479 καίτοι
3577 3427 3745 3499 μηδὲν

2181 3512 2361 3583 ὅμοιον
2386 3510 2677 3583 ἐκείνῳ(5⁶)
2690 3514 2910 3585 δράσας.
2926 3514 3063 3571 Ἀλλ’
3076 3506 3229 3581 οὗτος
3252 3516 3348 3587 μὲν
3363 3504 3508 3577 οὐδὲν
3523 3517 3747 3581 πώποτε

2185 3604 2451 3673 μετέδωκε
2486 3604 2562 3676 τῷ
2590 3606 2889 3677 πενομένῳ,
2917 3605 2979 3660 τὸ
3006 3610 3262 3679 παράπαν
3290 3608 3461 3674 οὐδὲν,
3489 3608 3612 3662 οὔτε
3646 3629 3748 3665 πε·-

2184 3700 2572 3768 ριττευμάτων,
2591 3697 2710 3751 οὔτε
2738 3698 2911 3769 ψιχῶν
2938 3702 3017 3763 είς
3042 3700 3299 3770 τοῦδαφος
3322 3702 3747 3774 ἐκριπτομένωνο

2182 3790 2294 3843 ἀλλ’
2327 3791 2433 3843 οὐδ’
2468 3792 2770 3863 ἐλυμήνατο
2808 3791 2896 3845 τὸν
2929 3792 3097 3864 ἄνδρα
3124 3794 3376 3865 πληγαῖς,
3406 3795 3465 3848 οὐ
3499 3795 3750 3866 μάστιξιν

2181 3885 2531 3954 αἰκισάμενος
2571 3882 2753 3948 ἐδίωξε
2786 3884 3095 3955 περαιτέρω
3140 3902 3241 3938 που
3268 3887 3404 3957 γῆς’
3454 3886 3567 3940 ἀλλ’
3602 3888 3747 3951 ὅπως

2180 3973 2363 4044 ἐπειδὴ
2419 3972 2755 4044 μετήλλαξαν
2811 3974 2977 4048 ἄμφω
3034 3974 3364 4049 μετάραντες
3405 3975 3673 4043 ἐντεῦθεν,
3719 3980 3748 4030 ὁ

2183 4061 2279 4132 μὲν
2316 4064 2397 4125 είς
2441 4062 2670 4125 κόλπους
2707 4060 2861 4131 ἔληξε
2903 4061 2994 4113 τοῦ
3029 4061 3373 4134 προπάτορος
3424 4062 3688 4134 Ἀϐραὰμ,
3719 4063 3747 4114 6

2178 4153 2234 4206 δὲ
2267 4157 2386 4217 ταῖς
2420 4155 2733 4226 άκοιμήτοις
2766 4153 2919 4223 ἐδόθη
2970 4153 3123 4223 φλοξὶ
3162 4154 3256 4215 τοῦ
3292 4156 3495 4226 πυρός’
3533 4155 3608 4218 ὡς
3652 4151 3746 4208 οὖν

2180 4244 2236 4298 ἐν
2268 4244 2346 4314 τῷ
2395 4244 2492 4316 ᾅδῃ
2543 4244 2957 4315 βασανιζόμενος
2989 4245 3273 4313 ἐφλέγετο,
3321 4246 3601 4317 πόρρωθεν
3648 4247 3744 4318 μὲν

2178 4335 2279 4407 ὁρᾷ
2318 4337 2406 4389 τὸν
2444 4336 2782 4408 προπάτορα,
2823 4335 3016 4409 θεωρεῖ
3050 4335 3105 4388 δὲ
3146 4336 3239 4388 καὶ
3275 4336 3364 4388 τὸν
3405 4336 3655 4407 Λάζαρον
3686 4338 3745 4388 ἐν

2180 4431 2291 4492 τοῖς
2324 4429 2544 4492 κόλποις
2575 4428 2738 4482 αὐτοῦ
2760 4446 2772 4458 ο
2804 4431 2866 4500 τῇ
2903 4429 2959 4482 δὲ
2991 4429 3054 4500 δὴ
3101 4429 3257 4498 φλογὶ
3288 4429 3622 4500 πυρούμενος
3654 4434 3745 4485 ἐκ-

517 4515 622 4572 bus
650 4516 790 4573 male
815 4525 1042 4572 vexatus
1069 4518 1295 4589 supplex
1325 4519 1438 4575 haec
1467 4522 1631 4577 miser
1647 4526 1922 4582 exorabat.
1940 4528 2074 4583 Cum

2182 4521 2365 4591 θύμως
2388 4521 2539 4592 ήξίου
2571 4523 2661 4576 τὸν
2701 4522 2948 4595 Ἀϐραὰμ
2966 4523 3111 4585 ὅπως
3140 4522 3395 4595 ἐκπέμψῃ
3422 4524 3513 4577 τὸν
3538 4525 3745 4596 πένητα

519 4620 682 4675 porro
712 4608 1031 4678 progenitor
1062 4609 1128 4664 ad
1155 4612 1432 4679 postulata
1462 4614 1853 4683 respondisset,
1883 4633 2077 4686 quem-

517 4695 649 4750 libet
696 4697 753 4750 in
783 4698 1024 4766 qualibet
1068 4709 1223 4770 parte
1271 4700 1449 4771 justas
1480 4705 1751 4773 recepisse
1801 4707 2078 4763 mercedes

520 4787 727 4855 praemii
749 4789 891 4853 loco,
926 4797 1059 4845 tunc
1086 4793 1350 4864 temporis
1372 4793 1614 4849 subdidit
1645 4814 1658 4849 :
1686 4794 1754 4848 Et
1780 4796 1837 4850 in
1860 4797 1939 4851 his
1968 4816 2079 4851 om-

520 4878 671 4933 nibus
701 4879 834 4934 inter
858 4897 951 4935 nos
991 4890 1041 4935 et
1090 4900 1177 4938 ros
1200 4885 1359 4940 chaos
1399 4903 1644 4958 magnum
1673 4878 1943 4958 ﬁrmatum
1979 4902 2076 4958 est,

518 4978 578 5023 ut
626 4970 678 5024 hi
712 4972 802 5041 qui
836 4973 1010 5027 volunt
1046 4973 1164 5029 hinc
1207 4978 1434 5033 transire
1464 4978 1533 5031 ad
1576 4995 1662 5034 vos
1704 4997 1807 5035 non
1851 4983 2075 5051 possint,

520 5078 680 5133 neque
704 5062 823 5118 inde
850 5062 920 5118 ad
959 5082 1052 5119 nos
1094 5076 1415 5126 transmeare
1436 5070 1499 5123 ⁸⁷.
1529 5069 1585 5124 Si
1614 5071 1796 5143 itaque
1826 5087 2077 5142 magnum

519 5152 687 5208 chaos
719 5162 803 5209 est
824 5155 968 5226 quod
998 5157 1179 5225 justos
1200 5160 1268 5215 ab
1287 5161 1506 5232 injustis
1532 5163 1795 5236 seiungit,
1812 5164 1885 5220 ita
1910 5174 1966 5218 ut
1983 5166 2073 5236 qui

520 5243 631 5298 illic
664 5254 791 5299 sunt
818 5260 928 5300 non
960 5247 1172 5317 possint
1193 5250 1298 5305 huc
1342 5253 1642 5318 transvebi,
1676 5271 1854 5325 neque
1869 5256 1962 5325 qui
1985 5256 2073 5310 hic

519 5344 930 5392 commorantur
955 5337 1084 5392 illuc
1115 5338 1347 5406 adduci;
1370 5350 1519 5411 patet
1546 5343 1831 5401 manifeste
1857 5344 2069 5400 Saulem

522 5425 613 5495 qui
644 5427 882 5497 injustus
908 5437 1046 5493 erat,
1076 5443 1183 5483 una
1226 5445 1349 5484 cum
1377 5435 1635 5504 propheta
1681 5435 1930 5492 Samuele
1964 5453 2069 5493 non

522 5516 735 5589 degere.
754 5518 887 5574 Nam
921 5520 967 5577 si
1008 5521 1161 5577 dives
1200 5529 1253 5578 et
1283 5539 1489 5596 pauper
1516 5542 1625 5581 non
1649 5537 1877 5599 possunt
1909 5530 2068 5586 simul

2179 4615 2314 4686 πρὸς
2348 4615 2532 4668 αὐτόν·
2579 4616 2745 4669 ἐδεῖτο
2785 4615 2893 4686 γὰρ
2940 4615 3004 4668 ἵν’
3055 4615 3380 4685 ἀφικόμενος
3412 4617 3440 4669 6
3470 4617 3741 4689 Λάζαρος,

2177 4706 2237 4759 τὸ
2270 4693 2380 4777 μὲν
2400 4706 2564 4776 ἄκρον
2597 4705 2747 4760 ὕδατι
2771 4707 2916 4779 βάψῃ
2938 4705 3028 4759 τοῦ
3051 4705 3333 4769 δακτύλου,
3374 4706 3656 4780 καταψύξῃ
3683 4705 3744 4760 δὲ

2178 4796 2275 4867 τὴν
2308 4795 2546 4864 γλῶτταν
2559 4796 2743 4862 αὑτοῦ,
2763 4798 2963 4861 νοτίδος
2989 4796 3407 4867 ἐπαφησάμενος
3437 4794 3560 4865 (5⁸⁵)
3587 4794 3745 4865 ἰκμά-

2178 4887 2259 4941 δα·
2294 4887 2614 4958 πυροφόροις
2656 4883 2747 4940 οὗν
2783 4887 3144 4957 ἀλγυνόμενος
3178 4885 3409 4950 ὀδύναις,
3445 4885 3743 4956 ἐπρέσϐευε

2181 4979 2402 5033 τοιαῦτα
2436 4980 2552 5050 μεθ’
2589 4980 2822 5043 ἱκετείας
2849 4983 2876 5034 6
2903 4980 3090 5044 τάλας.
3131 4979 3344 5051 Ἐπειδὴ
3368 4979 3424 5032 δὲ
3453 4979 3585 5051 πρὸς
3617 4978 3742 5044 ἔπος

2180 5076 2611 5146 ἀποκρινάμενος
2641 5078 2669 5129 6
2703 5074 3020 5145 προπάτωρ,
3053 5072 3280 5127 ’ἑκαστον
3314 5074 3369 5125 ἐν
3402 5070 3612 5142 ἑκάστῳ
3649 5070 3745 5149 μέ-

2184 5183 2263 5237 ρει
2296 5167 2393 5230 τάς
2430 5167 2582 5234 ἀξίας
2610 5166 2826 5237 ἔφαινεν
2854 5164 3085 5236 ἀμοιϐὰς
3129 5164 3359 5218 ἐπάθλου
3406 5164 3565 5235 χάριν
3602 5163 3746 5233 εἰλη-

2181 5259 2358 5330 φέναι,
2408 5258 2704 5330 τηνικαῦτα
2757 5256 3012 5329 προσθεὶς
3054 5255 3459 5324 ἐπεφθέγξατο·
3494 5254 3601 5307 Καὶ
3643 5254 3741 5306 ἐπὶ

2179 5351 2327 5406 πᾶσι
2352 5353 2582 5416 τούτοις
2602 5348 2829 5419 μεταξὺ
2861 5346 3029 5419 ὑμῶν
3063 5348 3162 5400 καὶ
3190 5347 3356 5415 ἡμῶν
3387 5345 3609 5415 χάσμα,
3637 5363 3741 5417 φη-

2180 5445 2282 5508 σὶν,
2310 5441 2647 5511 ἐστήρικται
2674 5442 2847 5511 μέγα,
2887 5440 3045 5506 ὅπως
3073 5442 3124 5493 οἱ
3154 5438 3429 5504 θέλοντες
3467 5436 3741 5506 διαϐῆναι

2177 5531 2352 5587 ἔνθεν
2395 5532 2544 5601 πρὸς
2576 5530 2731 5602 ὑμᾶς
2760 5530 2845 5601 μὴ
2882 5530 3196 5593 δύνωνται,
3231 5528 3385 5598 μηδὲ
3426 5531 3481 5583 οἱ
3512 5526 3741 5583 ἐκεῖθεν

596 5630 642 5663 ⁸³
685 5631 811 5688 Luc.
861 5648 1019 5699 χχιιι,
1054 5636 1143 5692 45.
1216 5638 1262 5669 ⁸⁸
1292 5636 1324 5696 Ι
1361 5642 1481 5710 Heg.
1518 5657 1710 5707 xxvm,
1754 5645 1842 5703 19.
1920 5645 1963 5677 ⁸³
2004 5644 2078 5703 Lu

2178 5663 2282 5710 m,
2343 5644 2409 5700 19
2437 5660 2557 5715 sqq.
2634 5643 2681 5677 ιο
2725 5642 2855 5700 ibid.
2887 5644 2976 5700 ιε.
3060 5644 3104 5676 ιτ
3134 5643 3264 5698 ibid.
3295 5641 3383 5698 26.

592 5720 693 5791 (5‘)
730 5725 989 5794 Ἐκείνῳ.
1016 5724 1233 5787 Scilicet
1250 5729 1318 5783 τ’
1339 5729 1340 5732 “

592 5803 614 5842 5
645 5791 831 5859 ἐκιίιῳ
851 5795 931 5859 lad
962 5796 1249 5859 Lazarum.
1283 5748 1340 5859 i6

1354 5731 1593 5804 ἢπιςτᾷη
1627 5737 1709 5790 εἰη
1730 5745 1907 5793 autem
1935 5738 2074 5794 refe-

521 5802 614 5843 ras
645 5791 729 5845 ἐκι
742 5793 758 5846 ι
773 5812 831 5867 ίῳ
851 5791 949 5865 ιιιᾶ
962 5796 1249 5871 Lazarum,

1344 5810 1426 5860 rte
1470 5802 1757 5872 legendum
1805 5807 1952 5874 ὠμόν
1978 5823 2074 5877 pro

2177 5739 2377 5811 ὅμοιον.
2410 5738 2568 5811 Εᾲυιτ.

2170 5885 2175 5891 _
2210 5804 2223 5811 ⁷
2251 5810 2371 5875 (5“)
2408 5806 2923 5878 Ἐπαφησάμενος.
2949 5804 3561 5881 ιθοῐιεδπαφυσάμενος.
3582 5808 3740 5864 Eon.
