4090 6288
332 361 337 365 '
356 341 463 397 663
1240 342 1327 399 DE
1363 340 1952 400 ENGASTRIMYTHO
1970 338 2264 401 CONTRA
2304 339 2462 397 ORIG
2471 338 2681 395 ENEM.
3484 346 3588 397 uso

354 457 506 525 πρὸς
544 458 703 526 ἡμᾶς
740 455 1125 526 διαπερῶσιν.
1172 458 1236 511 Εί
1280 457 1459 512 τοίνυν
1494 457 1613 511 ἐστὶ
1655 456 1931 529 χάσματος

2035 470 2175 520 esse,
2207 454 2356 509 nulla
2403 452 2527 509 licet
2557 467 2844 522 pauperem
2893 453 3089 523 injuria
3114 455 3385 520 affecerit,
3417 472 3594 526 neque

356 547 501 602 εἰδέα
530 547 839 620 διείργουσα
885 548 1089 621 μεταξὺ
1118 547 1339 602 δικαίων
1368 548 1447 617 ἡδ’
1476 548 1696 613 ἀδίκων,
1741 547 1818 611 ὡς
1862 546 1935 618 μὴ

2036 546 2296 617 abegerit,
2327 552 2541 599 tantum
2586 560 2693 598 non
2735 546 2812 600 illi
2841 556 3089 616 prompte
3122 564 3240 617 quae
3280 549 3396 620 ipse
3427 549 3596 606 habe-

355 638 616 694 δύνασθαι
665 643 793 704 τοὺς
844 640 995 695 ἐνθεν
1050 642 1226 693 ὲκεῖσε
1280 638 1746 710 διαπορθμεῦσαι,
1800 642 1936 711 μήτε

2035 637 2127 691 bat
2152 654 2216 692 ex
2249 645 2402 708 parte
2434 638 2743 695 distributis
2766 658 2779 694 :
2801 646 3005 709 quanto
3030 640 3204 709 magis
3238 642 3503 698 scelestus
3533 657 3594 698 ac

357 729 521 802 δεῦρο
541 732 664 794 τοὺς
689 730 899 784 ἐκεῖθεν
923 730 1235 799 ἀφικέσθαι·
1266 730 1592 800 συνέστηκεν
1618 731 1693 793 ὡς
1714 731 1743 784 6
1766 729 1936 783 Σαοὺλ

2035 737 2327 785 contumax
2355 730 2517 786 homo
2546 731 2803 801 indignus
2841 741 2944 797 est,
2975 733 3070 803 qui
3102 741 3414 789 sanctorum
3441 749 3596 789 com-

358 822 544 885 ἄδικος
573 822 650 876 ὢν
680 823 782 877 οὐκ
822 822 937 877 ἔστι
979 822 1115 894 μετά
1138 820 1232 874 τοῦ
1271 822 1551 892 προφήτου
1591 820 1858 891 Σαμουήλ-
1889 821 1934 873 εί

2035 821 2346 875 munionem
2374 821 2694 891 participet?

361 918 470 990 γὰρ
498 921 528 972 6
555 918 807 984 πλούσιος
837 920 898 973 οὐ
932 919 1154 973 δύναται
1201 918 1338 988 μετά
1370 916 1464 971 τοῦ
1499 917 1727 989 πένητος
1768 913 1928 980 εἶναι,
1961 915 2055 968 καὶ
2085 914 2254 968 ταῦτα
2282 916 2447 987 μηδὲν
2482 917 2745 987 ἀδικήσας
2794 916 2926 986 μηδὲ
2987 916 3179 983 διώξας
3237 917 3417 981 αὐτὸν,
3464 917 3597 971 ἀλλά

360 1012 439 1083 ,μὴ
472 1011 731 1081 μεταδοὺς
772 1011 919 1082 αὑτῷ
953 1014 1255 1085 προχείρως
1290 1010 1347 1077 ἐξ
1391 1008 1466 1068 ὧν
1501 1010 1634 1082 εἶχε,
1672 1011 1822 1081 πόσῳ
1859 1008 1923 1079 δὴ
1947 1007 2144 1078 μᾶλλον
2182 1010 2210 1061 6
2269 1007 2507 1078 σχέτλιος
2536 1009 2675 1080 ἀνὴρ
2707 1008 2924 1075 ἀνάξιός
2959 1012 3076 1062 ἐστι
3117 1011 3216 1080 τῆς
3268 1010 3373 1064 τῶν
3428 1009 3598 1077 ἁγίων

362 1103 664 1159 ἀπολαῦσαι
705 1106 1014 1171 κοινωνίαςς

434 1190 552 1247 ιν.
595 1190 732 1245 Ἀλλ’
765 1192 826 1245 οὐ
873 1192 1177 1266 διανοητέον
1201 1197 1349 1260 ὅπως
1386 1191 1613 1264 αἰσχροῦ
1645 1190 1741 1262 μὲν
1765 1190 1930 1244 ἕνεκα

359 1285 587 1357 κέρδους
604 1287 785 1340 ἀθετεῖ
796 1286 856 1340 τὸ
878 1286 1018 1340 θεῖον
1037 1287 1335 1358 ἐπίταγμα,
1369 1288 1581 1370 δαίμονι
1612 1288 1669 1342 δὲ
1702 1284 1929 1357 πληγεὶς

356 1378 617 1443 ἀνιάτως,
651 1378 931 1433 ἐλαύνεται
963 1380 1229 1453 βασκανίᾳ
1259 1380 1472 1434 διώκειν
1498 1379 1588 1433 τὸν
1618 1377 1928 1449 ἀγιοπρεπῆ

356 1468 527 1524 ¹Δαυ⁴ίδ
553 1469 729 1523 οὐδενὶ
770 1470 957 1542 κόσμῳ
983 1472 1262 1543 πρέποντι,
1292 1471 1467 1526 καίτοι
1493 1468 1780 1541 ψαλμῳδίᾳ
1800 1485 1930 1541 προ-

365 1563 566 1633 φητικῇ
618 1561 717 1630 τὴν
762 1561 1058 1631 ἀγριότητα
1092 1561 1188 1615 τοῦ
1221 1559 1642 1631 ὲκϐακχεύοντος
1685 1561 1741 1612 ὲν
1779 1556 1928 1627 αὐτῷ

361 1653 610 1725 δαίμονος
639 1652 944 1725 ὴμεροῦντα
961 1670 975 1685 ’
1002 1654 1127 1718 τοὺς
1150 1655 1315 1725 ἱερεῖς
1336 1652 1667 1723 ἀποσφάττει
1690 1649 1782 1704 τοῦ
1814 1651 1927 1702 Κυ-

366 1744 481 1817 ρίου
538 1744 879 1816 τριακοσίους
931 1744 1089 1810 δντας
1125 1745 1261 1816 πρὸς
1310 1748 1424 1809 τοῖς
1467 1743 1801 1815 πεντήκοντα
1837 1739 1929 1799 τὸν

358 1838 593 1910 ἀριθμόν
616 1855 629 1868 ·
664 1839 949 1908 ἀφίσταται
974 1840 1067 1893 τοῦ
1101 1838 1233 1894 Θεοῦ
1283 1838 1672 1912 μαντευόμενος
1698 1835 1927 1900 ἀσεϐῶς.
1962 1866 2004 1922 Β

365 1932 429 1985 Et
456 1930 513 1984 δὲ
545 1929 715 1985 ταῦτα
741 1930 834 1984 καὶ
862 1931 930 1985 τὰ
960 1930 1166 1997 τούτοις
1199 1930 1403 2001 ἀδελφά
1439 1930 1786 2004 διεπράξατο,
1814 1927 1930 1990 πῶς

363 2017 474 2077 οἷόν
514 2039 575 2075 τε
628 2019 887 2090 νομίζειν,
924 2023 1004 2076 ὅτι
1046 2023 1181 2094 μετά
1206 2022 1298 2077 τοῦ
1346 2020 1756 2093 θαυματουργοῦ
1803 2037 1934 2076 κατ-

364 2113 524 2187 έληξε
552 2114 821 2186 Σαμουὴλ,
838 2114 896 2179 ὂς
928 2116 986 2167 ἐν
1013 2113 1132 2186 ὥρα
1152 2112 1340 2185 θέρους
1371 2113 1524 2166 ὑετὸν
1553 2111 1753 2183 ⁴ὴξίωσε
1785 2113 1934 2182 γενέ-

369 2207 512 2271 σθαι,
530 2206 625 2261 καὶ
650 2208 780 2277 παρ’
804 2205 952 2277 αὐτῷ
975 2205 1128 2276 (5'“)
1150 2204 1553 2275 κατεσκεδάσθη
1571 2202 1771 2275 πλῆθος
1799 2203 1935 2274 ἀμέ-

358 2314 561 2371 τρητον
594 2298 837 2363 ὑδάτων;
872 2299 935 2351 Et
960 2297 1017 2351 δὲ
1040 2296 1141 2350 οὐκ
1185 2295 1330 2350 ἐστιν
1389 2298 1585 2360 εἰπεῖν,
1634 2296 1717 2349 ὄτι
1762 2294 1933 2349 Σαούλ

356 2391 482 2443 ἐστι
518 2390 632 2460 μετ’
664 2387 827 2442 αὑτοῦ
863 2386 939 2459 (6)
982 2387 1253 2459 Σαμουὴλ,
1290 2386 1553 2457 ἐψεύσατο
1588 2386 1685 2458 μὲν
1712 2387 1740 2439 6
1761 2386 1933 2456 λέγων

368 2482 517 2553 αὐτῷ
534 2500 547 2512 ·
579 2481 797 2549 Αὔριον
822 2480 935 2550 ἔσῃ
966 2482 1047 2535 σὺ
1064 2480 1190 2549 μετ’
1213 2480 1376 2548 ἐμοῦ.
1404 2478 1703 2551 Τοιγαροῦν
1736 2482 1783 2532 εἰ
1805 2479 1935 2551 ψεύ-

372 2590 504 2643 στης
535 2575 564 2625 6
592 2570 760 2624 ταῦτα
809 2571 1045 2642 εἰρηκὼς
1099 2572 1355 2644 ὑπάρχει.
1406 2570 1690 2642 πρόδηλον,
1722 2571 1800 2635 ὼς
1835 2572 1934 2625 οὐκ

365 2664 515 2717 ἐστιν
544 2664 573 2716 6
611 2662 861 2735 Σαμουὴλ
894 2658 1079 2727 οὗτοςη
1115 2664 1175 2716 οὐ
1227 2662 1334 2734 γὰρ
1381 2661 1446 2717 ἂν
1484 2663 1656 2727 οὕτως
1693 2664 1935 2735 ἀχρόνως

362 2755 398 2808 6
428 2755 523 2808 τοῦ
552 2753 754 2824 Κυρίου
795 2754 1052 2823 ψεύσαιτο
1083 2754 1366 2825 προφήτης
1386 2771 1398 2783 ·
1425 2753 1571 2807 ὥστε
1601 2754 1826 2808 τοιαῦτα
1854 2754 1934 2825 (7)

369 2843 491 2915 δίχα
519 2843 849 2915 πτισσόμενα
869 2845 1106 2916 ῥήματα,
1138 2844 1341 2915 γυμνὸν
1370 2844 1707 2898 ὑποδεικνύει
1724 2845 1814 2899 τὸν
1841 2862 1939 2897 πο-

371 2932 724 3006 λυπρόσωπον
784 2934 1046 2989 ἐνδοτάτω
1111 2936 1251 3005 θῆρα
1311 2935 1701 3007 κρυπτόμενον.
1768 2936 1937 2999 Αὐτὸς

370 3022 501 3092 γοῦν
529 3025 672 3076 ἐστιν
705 3026 733 3077 6
774 3025 1126 3088 κατασπάσας
1178 3026 1256 3087 είς
1295 3023 1356 3077 16
1389 3022 1482 3077 τοῦ
1523 3024 1797 3095 ταρτάρου
1841 3024 1937 3094 χά-

370 3131 484 3185 σμα
529 3116 624 3168 καὶ
668 3114 759 3170 τὸν
816 3115 1037 3187 ἐμμανῆ
1095 3114 1296 3170 Σαούλο
1353 3114 1473 3169 ὅθεν
1525 3115 1738 3179 οἰκείως
1790 3113 1937 3186 αὐτῷ

2106 1178 2223 1234 XV.
2266 1179 2373 1234 Sed
2423 1179 2647 1236 minime
2701 1182 3045 1252 cogitandum
3092 1193 3175 1240 est
3224 1185 3442 1244 infamis
3472 1206 3594 1246 eum

2035 1272 2174 1327 lucri
2202 1287 2370 1328 causa
2399 1280 2724 1342 praeceptum
2752 1275 2987 1331 violasse
3031 1276 3272 1332 divinum
3302 1280 3349 1311 ⁸⁸
3380 1299 3394 1336 :
3430 1297 3462 1336 a
3489 1283 3597 1338 da:-

2036 1379 2199 1419 mone
2225 1380 2355 1419 vero
2384 1364 2672 1420 insanabili
2706 1365 2890 1421 furore
2929 1368 3166 1437 percitus
3188 1409 3202 1432 ,
3241 1371 3442 1427 invidia
3469 1389 3598 1430 san-

2034 1456 2376 1520 ctissimum,
2425 1458 2575 1511 nullo
2621 1458 2837 1513 decoris
2885 1466 3048 1530 atque
3086 1459 3300 1517 honesti
3347 1477 3595 1536 respectu

2034 1544 2251 1610 habito,
2284 1559 2604 1617 persecutus
2649 1556 2733 1602 est
2784 1546 2951 1604 David
3008 1549 3076 1615 ⁸⁸,
3132 1552 3225 1622 qui
3267 1556 3597 1626 propheticis

2033 1635 2371 1695 Psalmorum
2415 1639 2771 1695 concentibus
2811 1640 3144 1697 ferocitatem
3192 1644 3246 1698 in
3283 1646 3376 1701 illo
3402 1650 3599 1705 debac-

2035 1728 2252 1784 chantis
2292 1729 2555 1785 daemonis
2601 1730 2956 1787 demulcebat.
3014 1732 3334 1792 Sacerdotes
3384 1738 3597 1797 Domini

2038 1828 2307 1877 trecentos
2340 1830 2392 1877 et
2430 1823 2824 1894 quinquaginta
2873 1840 3099 1882 numero
3142 1829 3417 1886 occisione
3453 1832 3599 1886 occi-

2031 1910 2111 1965 dit
2142 1912 2188 1941 ³⁰
2218 1930 2230 1966 :
2255 1911 2453 1966 defecit
2482 1928 2515 1966 a
2558 1912 2695 1979 Deo,
2721 1914 3135 1973 vaticinationes
3159 1933 3221 1971 ac
3250 1927 3429 1975 vatum
3459 1936 3599 1992 prae-

2032 2003 2182 2072 sagia
2212 2001 2376 2072 impie
2409 2018 2728 2073 exposcens.
2768 2005 2892 2060 llaec
2926 2013 2981 2062 et
3017 2008 3103 2064 his
3136 2008 3331 2064 similia
3375 2011 3422 2066 si
3464 2027 3598 2069 con-

2032 2095 2160 2150 fecit
2179 2135 2193 2160 ,
2222 2111 2329 2165 qua
2357 2096 2570 2150 ratione
2602 2098 2821 2154 credere
2849 2114 3140 2169 possumus
3171 2116 3294 2156 eum
3324 2103 3600 2173 quievisse

2033 2204 2144 2244 una
2176 2205 2299 2245 cum
2327 2189 2714 2244 miraculorum
2745 2191 2996 2247 eﬂectore
3028 2191 3279 2249 Samuele
3303 2234 3318 2259 ,
3352 2195 3446 2265 qui
3483 2212 3600 2251 ma-

2032 2282 2180 2336 ximo
2206 2282 2260 2336 in
2282 2288 2414 2336 aestu
2444 2282 2640 2341 nubem
2662 2283 2969 2353 impetravit
2994 2285 3064 2350 ⁸¹,
3089 2284 3224 2342 adeo
3252 2294 3310 2341 ut
3338 2287 3597 2345 immensa

2034 2387 2296 2444 aquarum
2327 2376 2481 2444 copia
2531 2374 2675 2428 circa
2708 2374 2883 2445 ipsum
2922 2377 3213 2434 exundarit
3252 2380 3276 2433 ?
3314 2379 3511 2449 Verum
3553 2384 3598 2437 si

2034 2466 2388 2522 asserendum
2421 2481 2527 2521 non
2561 2474 2644 2521 est
2670 2465 2886 2521 Saulem
2923 2483 3045 2521 cum
3083 2468 3331 2525 Samuele
3367 2471 3560 2543 degere
3584 2513 3598 2534 ,

2034 2557 2255 2611 omnino
2298 2556 2554 2611 mentitus
2605 2566 2689 2611 est
2737 2558 2829 2627 qui
2869 2558 2945 2611 illi
2990 2558 3124 2613 dixit
3170 2576 3189 2613 :
3235 2560 3367 2616 Cras
3404 2565 3508 2617 eris
3543 2576 3601 2619 ιιι

2036 2664 2233 2703 mecum
2281 2650 2350 2703 ⁸⁸.
2396 2646 2564 2716 Igitur
2611 2650 2656 2702 si
2701 2650 2792 2719 qui
2837 2649 2951 2703 hare
2990 2650 3185 2705 effatur
3214 2653 3441 2707 mendax
3482 2662 3597 2714 est.

2034 2738 2403 2803 manifestum,
2432 2740 2573 2793 hunc
2601 2738 2905 2795 Samuelem
2928 2755 3036 2795 non
3059 2757 3216 2808 esse;
3251 2758 3426 2814 neque
3453 2745 3600 2800 enim

2035 2833 2115 2887 sic
2132 2832 2277 2887 circa
2302 2840 2541 2902 tempora
2562 2832 2822 2903 prepheta
2849 2832 3059 2889 Domini
3083 2835 3344 2891 mentitus
3367 2834 3562 2894 fuisset
3583 2857 3597 2892 :

2036 2927 2109 2980 ita
2140 2934 2199 2980 ut
2236 2942 2300 2981 ex
2334 2926 2420 2982 his
2457 2925 2536 2981 sic
2562 2926 2823 2997 expositis
2866 2927 3213 2983 multiformis
3245 2929 3387 2982 intra
3423 2928 3598 3000 ipsum

2036 3019 2236 3090 degens
2260 3019 2438 3075 bellua
2462 3026 2735 3089 appareat.
2762 3017 2997 3091 Hicergo
3016 3028 3119 3085 est,
3142 3021 3234 3090 qui
3258 3028 3312 3075 et
3334 3021 3599 3078 furiosum

2041 3109 2256 3167 Saulem
2290 3111 2344 3166 in
2385 3111 2601 3167 Tartari
2631 3109 2815 3168 fauces
2864 3111 3115 3168 detrusit.
3162 3113 3340 3179 Quare
3370 3129 3481 3170 non
3516 3115 3601 3170 in-

367 3206 802 3277 προσεφθέγγετο
840 3209 1138 3281 κρατήσας’
1170 3206 1390 3275 Αὔριον
1417 3206 1498 3260 σὺ
1531 3207 1629 3260 καὶ
1661 3206 1936 3262 Ἰωνάθαν

2035 3219 2276 3275 congrue
2293 3203 2384 3259 illo
2406 3204 2507 3260 sibi
2529 3205 2834 3275 mancipato
2858 3204 3057 3260 fatetur
3077 3222 3092 3260 :
3110 3202 3243 3259 Cras
3257 3206 3359 3260 eris
3379 3223 3597 3271 mecum,

367 3300 405 3352 ό
434 3298 565 3362 υἱός
602 3313 717 3355 σου
743 3303 869 3370 μετ’
894 3300 1062 3370 ἐμοῦ.
1096 3299 1266 3369 Διττῷ
1297 3300 1353 3354 δὲ
1374 3301 1635 3371 συστῆσαι
1664 3297 1937 3372 προσώπῳ

369 3392 724 3464 πειρώμενος,
745 3393 820 3457 ὡς
840 3393 1090 3447 οὐδέποτε
1109 3392 1313 3458 δίκαιος
1338 3393 1523 3448 ἀδίκου
1546 3392 1810 3463 διαφέρει,
1844 3391 1937 3446 καὶ

366 3481 457 3537 τὸν
502 3483 753 3537 Ἰωνάθαν
773 3485 887 3555 ἅμα
913 3484 990 3556 τῷ
1022 3486 1187 3556 πατρὶ
1209 3485 1299 3539 τὸν
1332 3484 1493 3539 αὐτὸν
1520 3483 1711 3554 ἐκείνῳ
1739 3484 1936 3556 κλῆρον

367 3572 768 3641 ἀπενέγκασθαι
813 3574 1206 3645 συνωμολόγει,
1238 3575 1414 3629 καίτοι
1446 3576 1519 3646 μὴ
1558 3574 1937 3644 συνενεχθέντα

368 3660 434 3729 τῇ
480 3657 668 3712 τούτου
711 3660 971 3731 ὠμότητι.
1021 3663 1116 3727 Τίς
1152 3663 1207 3716 δὲ
1247 3662 1354 3717 τῶν
1386 3663 1551 3716 ὄντων
1589 3664 1935 3735 ὑποκρίνεται

372 3748 446 3820 μὴ
497 3754 658 3816 νοεῖν,
711 3752 792 3804 ὅτι
842 3753 1107 3823 κράτιστα
1164 3753 1364 3822 βιώσας
1420 3757 1449 3807 6
1497 3754 1590 3808 τοῦ
1657 3756 1934 3826 προφήτου

368 3839 530 3895 Δαυῒδ
568 3841 820 3913 ἐραστὴς,
850 3916 853 3920 ν
880 3843 1013 3898 ἀλλά
1069 3846 1142 3916 μὴ
1165 3844 1350 3912 διῶξαι
1384 3846 1588 3900 δίκαιον
1629 3845 1823 3908 ἀδίκως
1852 3847 1938 3915 ὲγ-
1978 3880 1993 3896 .

369 3933 635 4005 χειρίσας,
662 3936 723 3988 οὐ
751 3935 847 4007 τὴν
863 3935 1030 4007 αὐτὴν
1051 3936 1368 4010 ἐπιφέρεται
1393 3936 1459 4009 If.
1481 3936 1839 4010 ἀποφέρεται]
1858 3937 1936 4008 τῷ

366 4022 614 4090 διώξαντι
640 4026 990 4099 μισθοφορίαν
1008 4044 1021 4093 ;
1040 4028 1100 4081 οὐ
1117 4027 1224 4100 γὰρ
1246 4028 1615 4094 ἀποθανεῖται,
1642 4029 1702 4083 16
1719 4028 1935 4100 ξύμπαν

367 4119 574 4183 εἰπεῖν,
618 4119 732 4183 υἱὸς
767 4119 907 4190 ὑπὲρ
937 4120 1122 4173 ἀδίκου
1162 4121 1387 4192 πατρός.
1431 4121 1590 4176 Ἀλλά
1636 4122 1741 4194 μὴν
1787 4122 1937 4191 ἐλέγ-

368 4206 521 4277 χεταί
566 4224 630 4276 γε
697 4208 789 4265 καὶ
826 4207 912 4263 διὰ
950 4208 1098 4264 τοῦδε
1142 4208 1233 4263 τοῦ
1276 4208 1589 4281 μηνύματος
1635 4210 1663 4262 ὁ
1712 4208 1937 4281 ψευδορ-

372 4299 560 4368 ράφος.

446 4391 579 4448 XVI.
626 4392 1024 4466 Ἀπαραλήπτῳ
1074 4394 1138 4464 (Ῑ.
1184 4392 1598 4466 ἀπαραλείπτῳ)
1635 4393 1691 4447 δὲ
1732 4394 1935 4461 τάξεως

369 4485 674 4557 ἀκολουθίᾳ,
710 4486 964 4558 προσθεὶς
1000 4485 1199 4557 ἔφησεν
1233 4486 1261 4536 6
1293 4486 1658 4559 συγγραφεὺς,
1692 4487 1793 4551 ὅτι,
1825 4489 1931 4540 Καὶ

368 4575 635 4631 ἔσπευσε
662 4577 878 4642 Σαοὺλ,
910 4577 1007 4632 καὶ
1034 4577 1254 4631 ἔπεσεν
1268 4558 1537 4645 έστηκὼς
1551 4578 1647 4635 ἐπὶ
1661 4578 1775 4646 τὴν
1792 4577 1926 4648 γῆν,
1964 4558 2006 4612 D

369 4670 466 4725 καί
497 4669 753 4739 ἐφοϐήθη
776 4671 1028 4739 σφόδρα,
1063 4671 1253 4740 λέγων,
1288 4669 1405 4725 ἀπὸ
1442 4670 1559 4724 τῶν
1588 4673 1784 4741 λόγων
1814 4674 1923 4724 Σα-

363 4760 583 4831 μουὴλ·
617 4763 855 4825 ἐκείνους
887 4763 994 4834 γὰρ
1009 4759 1114 4816 οἶδε
1140 4763 1233 4817 τοῦ
1260 4760 1511 4832 Σαμουὴλ
1535 4756 1812 4825 εἶναιτοὺς
1832 4762 1921 4815 λό-

370 4871 519 4922 γους,
540 4853 633 4917 οὒς
660 4856 1030 4925 προεφήτευσε
1058 4855 1154 4925 μὲν
1178 4854 1325 4924 αὐτῷ
1356 4853 1567 4924 σώματι
1598 4854 1690 4906 καὶ
1717 4852 1929 4924 γλώττῃ

370 4946 577 5018 παρών·
595 4946 655 5000 16
679 4946 733 4999 δὲ
759 4946 947 5017 φάσμα
968 4945 1187 5009 τούτους
1216 4944 1561 5012 ἀνεξελέξατο
1587 4947 1730 5009 τοὺς.
1765 4984 1779 4997 .
1815 4985 1829 4998 .
1862 4986 1876 5000 .
1913 4987 1926 4999 .

366 5037 463 5091 καὶ
520 5036 823 5110 προῦφερεν
873 5038 948 5102 ώς
984 5037 1143 5102 ἰδίους
1165 5055 1178 5069 ο
1215 5031 1289 5091 ὧν
1321 5039 1349 5090 6
1381 5037 1644 5108 δυνάστης
1684 5037 1928 5106 ὑπομνη-

368 5128 536 5194 σθεὶς,
596 5129 691 5183 καὶ
718 5128 786 5182 τά
848 5128 940 5182 τοῦ
996 5129 1234 5201 πολέμου
1262 5129 1504 5200 σύμϐολα
1546 5128 1761 5201 θεωρῶν
1786 5128 1929 5185 ἄντι-

367 5238 503 5294 κρυς
538 5220 814 5292 ἱδρυμένα,
862 5220 1113 5292 περιδεὴς
1143 5224 1403 5289 ἐγεγόνει,
1448 5220 1509 5274 16
1537 5220 1707 5291 πέρας
1749 5219 1927 5273 αὐτῶν

364 5312 580 5368 ἐννοῶν.
630 5311 767 5365 Ἀλλ’
825 5313 1103 5384 Ὠριγένης
1164 5312 1342 5383 ἑαυτῷ
1382 5313 1625 5383 δόγματα
1660 5311 1926 5374 πλάττων,

364 5404 539 5470 είδὼς,
590 5408 669 5460 ὅτι
723 5405 962 5458 πλεῖστοι
1008 5405 1105 5475 μὲν
1148 5406 1260 5459 ὅσοι
1302 5405 1655 5475 τυγχάνουσιν
1685 5406 1734 5458 οἰ
1760 5403 1927 5461 ταῦτα

2037 3305 2092 3351 ιιι
2118 3308 2166 3351 et
2200 3296 2341 3367 ﬁlius
2371 3306 2489 3352 tuus
2530 3295 2819 3350 Jonathan.
2854 3295 3061 3365 Duplici
3102 3310 3334 3366 persona
3364 3312 3602 3355 comme-

2036 3398 2244 3443 morata
2297 3389 2617 3443 confirmare
2674 3390 2887 3454 nititur,
2942 3404 3221 3459 nunquam
3275 3390 3486 3460 justum
3531 3391 3601 3446 ab

2035 3480 2238 3550 injusto
2286 3479 2532 3547 differre;
2583 3479 2851 3536 Jonathan
2917 3496 3040 3536 cum
3096 3488 3250 3552 patre
3306 3498 3477 3537 unum
3542 3492 3598 3538 et

2035 3571 2282 3627 eumdem
2311 3570 2468 3626 finem
2492 3580 2545 3626 et
2571 3580 2771 3627 sortem
2797 3572 3129 3636 habiturum,
3154 3572 3279 3627 licet
3303 3573 3447 3630 illius
3472 3589 3599 3629 cru-

2036 3662 2241 3718 delitati
2286 3664 2507 3719 minime
2557 3664 2930 3722 consenserit.
2966 3663 3255 3719 fatebatur.
3291 3664 3425 3732 Quis
3470 3681 3598 3722 vero

2037 3754 2345 3809 mortalium
2373 3770 2432 3810 se
2454 3769 2561 3809 non
2588 3770 2782 3825 capere
2810 3754 3108 3822 simulabit,
3128 3771 3250 3809 eum
3280 3757 3373 3826 qui
3398 3755 3600 3826 Optime

2034 3845 2263 3912 vixerit,
2293 3843 2771 3916 prophetae-David
2802 3854 3130 3907 amatorem,
3176 3854 3229 3900 et
3262 3848 3354 3916 qui
3390 3861 3599 3918 nequa-

2035 3951 2197 4004 quam
2225 3937 2432 4005 justum
2462 3938 2665 4007 injuste
2698 3938 2948 4007 persequi
2981 3953 3149 3993 ausus
3190 3938 3418 4003 fuisset,
3448 3952 3598 3994 eam-

2036 4027 2157 4083 dem
2201 4044 2322 4083 cum
2375 4037 2721 4100 persecutore
2762 4030 3061 4086 mercedem
3116 4030 3404 4100 accipere?
3446 4028 3597 4089 Nun-

2035 4135 2196 4192 quam
2227 4121 2403 4187 enim,
2441 4131 2500 4176 ut
2529 4122 2694 4176 verbo
2725 4122 2998 4192 expleam,
3046 4137 3146 4193 pro
3195 4122 3399 4192 injuste
3442 4130 3596 4192 patre

2036 4224 2264 4269 mortem
2319 4214 2488 4269 obibit
2542 4214 2704 4270 ﬁlius.
2751 4213 2983 4285 Ideoque
3033 4215 3136 4269 hoc
3183 4216 3345 4270 etiam
3394 4215 3595 4271 indicio

2035 4305 2445 4360 mendaciorum
2477 4304 2659 4376 opifex
2685 4305 3131 4375 deprehenditur.
3176 4362 3184 4371 ,

2106 4395 2244 4451 XVI.
2272 4394 2470 4449 Rerum
2499 4412 2661 4465 porro
2688 4404 2959 4467 gestarum
2988 4395 3129 4451 serie
3157 4410 3267 4450 non
3295 4396 3592 4465 interrupta

2038 4472 2228 4541 auctor
2254 4487 2467 4542 subdit:
2492 4486 2561 4541 Et
2583 4488 2849 4558 festinavit
2872 4486 3024 4551 Saul,
3052 4494 3101 4540 et
3123 4486 3306 4543 cecidit
3325 4496 3592 4555 porrectus

2034 4593 2191 4645 super
2214 4586 2407 4630 terram
2430 4618 2443 4639 ,
2479 4586 2527 4631 et
2565 4578 2740 4631 timuit
2780 4577 2929 4631 valde
2954 4594 2986 4632 a
3013 4578 3334 4631 sermonibus
3373 4575 3594 4631 Samue-

2034 4668 2098 4721 lis
2124 4668 2190 4721 ⁸³.
2221 4667 2327 4723 Eos
2355 4669 2497 4722 enim
2530 4684 2810 4724 sermones
2841 4668 3109 4723 Samuelis
3133 4683 3255 4723 esse
3281 4678 3591 4750 agnoverat,

2034 4775 2172 4831 quos
2197 4775 2318 4817 cum
2341 4759 2518 4814 adhuc
2551 4768 2694 4815 esset
2727 4763 2778 4814 in
2811 4759 2949 4815 vivis
2974 4766 3027 4815 et
3062 4773 3289 4829 corpore
3328 4767 3381 4815 et
3410 4760 3593 4833 lingua

2035 4853 2468 4923 prophetaverat.
2504 4852 2626 4907 Haec
2657 4868 2688 4906 a
2717 4859 2932 4921 spectro
2958 4851 3163 4907 delecta
3193 4853 3346 4920 quasi
3376 4856 3593 4925 propria

2037 4942 2469 5013 proferebantur.
2529 4941 2770 5011 Quorum
2815 4956 2937 4995 cum
2984 4943 3317 4999 meminisset
3370 4960 3496 5010 rex,
3541 4954 3595 4997 ot

2035 5033 2408 5102 conspexisset
2451 5033 2582 5087 satis
2627 5040 2808 5101 aperte
2846 5031 2971 5086 belli
3002 5031 3153 5103 signa
3190 5040 3403 5098 erecta,
3432 5031 3592 5086 ﬁnem

2036 5123 2406 5177 imminentem
2438 5122 2870 5177 animadvertens
2900 5129 3048 5177 metu
3079 5122 3284 5178 fractus
3316 5138 3379 5177 ac
3402 5123 3594 5178 debili-

2035 5223 2179 5268 tatus
2196 5223 2300 5269 est.
2316 5215 2384 5266 At
2399 5211 2678 5283 Origenes.
2698 5213 2913 5269 sibimet
2925 5215 3024 5285 ipsi
3044 5215 3294 5287 dogmata
3309 5214 3589 5283 efﬁngens.

2035 5308 2214 5363 sciens
2241 5305 2502 5377 plurimos
2527 5320 2650 5361 esse
2677 5306 2768 5375 qui
2799 5305 2913 5360 haec
2956 5307 3317 5363 determinant
3337 5346 3350 5369 ,
3396 5305 3463 5359 ad
3493 5320 3591 5359 sua

2036 5399 2179 5453 dicta
2233 5402 2608 5467 oppugnantes
2658 5395 2903 5452 oratione
2948 5411 3209 5452 conversa
3261 5391 3484 5449 minime
3537 5391 3592 5452 id

435 5521 489 5592 δέ
520 5520 551 5575 Ι
592 5520 715 5592 Reg.
747 5539 840 5588 xv,
869 5522 922 5577 9.
954 5522 996 5553 δ’
1030 5521 1059 5574 I
1118 5520 1241 5592 Reg.
1287 5537 1401 5587 xxx,
1434 5521 1488 5575 9.
1574 5520 1619 5552 ”
1658 5517 1685 5572 1
1718 5516 1841 5588 Reg.
1908 5532 1936 5570 Σ

2035 5555 2044 5580 ,
2092 5514 2177 5567 18.
2256 5512 2300 5542 ⁸¹
2353 5509 2383 5564 1
2431 5509 2557 5580 Reg.
2610 5525 2707 5575 xu,
2760 5510 2847 5564 18.
2928 5510 2973 5541 ⁸²
3043 5508 3070 5561 I
3107 5506 3233 5576 Reg.
3272 5520 3464 5569 xxvm,
3498 5504 3589 5563 l9.

370 5591 417 5625 ⁸³
449 5590 579 5646 ibid.
610 5590 701 5648 20.

439 5686 585 5753 (5’⁹⁹)
623 5685 764 5753 Hap’
791 5682 967 5751 αὐτῷ.
994 5682 1155 5737 Forte
1185 5680 1313 5751 παρ’
1330 5679 1482 5747 αὑτό,
1507 5679 1591 5737 vel
1613 5679 1741 5749 παρ’
1762 5674 1916 5732 αυτά.

370 5752 526 5899 Ευίῶ
542 5830 679 5905 Met:
704 5824 910 5882 αὐτοῦ.
937 5820 1098 5882 Forte
1124 5822 1260 5897 μετά
1275 5818 1390 5875 τοῦ.

2099 5676 2174 5748 (7)
2214 5675 2472 5748 Τοιαῦτα.
2504 5671 2877 5748 ξομε-ταῦτα.
2910 5669 3115 5742 (ταῦτα
3140 5669 3352 5741 ῥήματα
3381 5685 3486 5726 ηοη
3504 5687 3583 5732 est

2032 5744 2221 5804 ﬁrmet!
2260 5745 2480 5804 locutio.
2510 5744 2706 5816 Enn.)
