4090 6288
474 362 581 420 σιτ

1432 363 1514 419 .S.
1550 358 1926 417 EUSTA'l'Hll
1964 358 2272 418 EPISCOPI
2312 360 2728 419 ANTIOCllENl

3610 367 3720 423 643

473 491 623 533 cum
673 478 860 535 habuit
910 484 968 531 ut
1015 477 1198 532 debito
1229 483 1477 547 respectu
1524 474 1577 529 id
1632 475 1774 546 quod
1825 488 2029 544 aequum

2142 472 2521 547 ψηφιζόμενοι,
2553 474 2688 547 πρὸς
2724 474 2849 538 τοὺς
2884 473 3260 543 ἀντιλέγοντας
3287 476 3436 548 αὐτῷ
3468 479 3723 549 διαλεγό-

476 583 596 630 erat
615 571 991 642 conquireret,
1042 569 1135 625 sed
1170 570 1323 640 prius
1344 567 1757 638 engastrimythi
1802 566 2029 621 fabulam

2147 585 2323 638 μενος,
2377 568 2476 621 οὐκ
2527 566 2822 620 ἐσπούδασε
2868 567 3002 638 μετά
3045 567 3148 639 τῆς
3181 570 3538 643 ὀφειλομένης
3556 574 3725 627 εὐλα-

476 672 542 727 ad
590 684 779 726 omnes
817 668 1095 737 pertinere
1143 666 1359 729 fassus,
1395 665 1623 720 veritate
1667 663 1735 718 ad
1789 679 2043 721 necessa-

472 763 609 817 riam
636 760 1093 817 examinationem
1133 762 1384 814 invocata
1424 757 1705 812 veritatem
1738 756 1911 828 ipsam
1946 770 2043 828 pa-

472 853 578 908 lam
615 861 909 922 oppugnat.
962 850 1228 920 Deinceps
1258 847 1529 903 Samuelis
1575 847 1829 904 laudibus
1862 863 1929 904 ει
1958 846 2043 901 di-

470 943 612 996 vinis
638 941 837 997 litteris
866 942 994 996 hinc
1029 940 1153 995 inde
1184 939 1437 996 deductis
1466 947 1521 994 et
1561 939 1877 1007 recensitis,
1912 947 2043 994 tunc

472 1032 670 1087 iterum
702 1032 805 1088 sub
839 1039 1102 1103 potestate
1140 1031 1404 1087 daemonis
1438 1030 1590 1085 illum
1620 1046 1858 1101 ponens,
1892 1031 2043 1086 hisce

469 1125 653 1181 verbis
701 1125 1030 1197 syllabisque
1077 1140 1190 1179 rem
1226 1124 1335 1195 agit
1384 1142 1397 1178 :
1449 1123 1701 1178 Fortasse
1743 1134 1923 1178 tantus
1963 1124 2042 1177 vir

475 1220 569 1276 sub
620 1228 762 1274 terra
822 1221 979 1275 erat?
1025 1227 1075 1273 et
1123 1218 1306 1272 eduxit
1363 1216 1515 1271 illum
1555 1218 2042 1290 engastrimythus!

474 1310 709 1367 Habetne
739 1310 1047 1380 facultatem
1086 1309 1293 1364 daemon
1317 1311 1371 1364 in
1395 1310 1628 1365 animam
1647 1308 1997 1379 propheticum
2016 1313 2043 1367 ?

468 1402 573 1460 Sed
617 1405 731 1460 haec
762 1404 918 1473 quasi
947 1401 1205 1457 haesitans
1239 1402 1323 1457 vel
1354 1401 1590 1457 fortasse
1613 1402 1777 1457 etiam
1805 1402 2041 1458 interro-

467 1512 602 1567 gans
625 1495 839 1551 videtur
878 1495 982 1551 sibi
1015 1494 1157 1565 apud
1195 1495 1488 1550 nonnullos
1517 1494 1811 1565 aliquando
1836 1494 2038 1551 dicere.

466 1584 668 1643 Verum
699 1595 760 1641 ut
805 1601 902 1657 per
940 1584 1336 1656 subsequentes
1381 1586 1756 1656 perorationes
1803 1584 1919 1641 haec
1967 1583 2040 1637 ita

468 1696 529 1737 se
551 1681 752 1736 habere
779 1678 1147 1742 confirmaret,
1179 1678 1411 1734 clariore
1444 1679 1631 1734 nescio
1661 1692 1771 1749 quo
1800 1678 2040 1731 clamore

466 1774 783 1842 obstrepens
796 1780 848 1828 et
863 1772 1189 1840 elocutione,
1207 1772 1484 1844 subiungit
1501 1792 1515 1827 :
1532 1770 1745 1842 Scripta
1766 1781 1888 1827 sunt
1904 1772 2042 1827 Ita’c?

467 1865 576 1920 ait:
598 1880 781 1918 verane
807 1873 927 1918 sunt
954 1864 1063 1917 hinc
1079 1881 1145 1918 an
1165 1867 1297 1920 non?
1314 1863 1423 1918 Illa
1448 1881 1551 1918 non
1581 1879 1694 1919 esse
1722 1880 1844 1918 vera
1871 1863 2033 1933 afﬁr-

469 1974 614 2011 mare
636 1958 690 2010 in
717 1955 1079 2024 inﬁdelitatem
1096 1955 1277 2021 ducit,
1302 1972 1418 2027 qua:
1442 1956 1497 2010 in
1524 1955 1811 2010 dicentium
1833 1956 2030 2024 capita,

462 2057 528 2103 ut
566 2048 681 2118 ipse
720 2046 888 2115 dicit,
922 2048 1108 2102 veniet.
1142 2046 1202 2102 Si
1248 2063 1368 2101 vera
1414 2056 1573 2115 sunt,
1613 2047 1950 2117 quwstionem
1982 2056 2032 2101 et

464 2141 843 2195 dubitationem
888 2140 1040 2196 nobis
1072 2140 1333 2195 exhibent.
1361 2139 1441 2194 Ad
1474 2140 1590 2195 hac
1622 2155 1813 2195 rursus
1840 2153 2031 2210 parum

464 2240 623 2289 caute
666 2248 787 2306 quae
830 2232 934 2289 fert
981 2233 1297 2298 stabiliens,
1324 2243 1378 2288 et
1416 2233 1751 2288 contrarium
1794 2231 2033 2288 sentien—

463 2327 599 2381 tium
625 2327 976 2397 opinionibus
1004 2327 1270 2397 expositis
1291 2369 1306 2392 ,
1348 2327 1531 2381 subdit
1566 2345 1578 2381 :
1617 2324 1685 2379 Et
1725 2334 1897 2380 tamen
1926 2326 2032 2381 sci-

464 2434 581 2471 mus
619 2418 901 2472 nonnullos
936 2432 1001 2472 ex
1044 2419 1240 2473 nostris
1284 2417 1544 2487 fratribus
1589 2417 1810 2472 adverso
1854 2418 2030 2471 animo

465 2505 797 2577 Scripturam
859 2508 1119 2562 contuitos
1151 2508 1321 2562 dicere
1361 2525 1379 2562 :
1422 2507 1542 2562 Non
1588 2508 1739 2564 credo
1772 2511 2032 2580 engastri-

461 2598 662 2671 mytho.
689 2597 1150 2669 Engastrimythus
1172 2600 1300 2654 dicit
1326 2598 1621 2655 Samuelem
1644 2599 1834 2655 uidisse
1846 2618 1866 2667 ,'
1885 2617 2031 2655 men-

463 2693 617 2747 titur.
660 2690 821 2746 Plura
850 2691 955 2745 al'ia
984 2698 1243 2761 praeterea
1266 2693 1580 2756 interserit,
1613 2693 1813 2763 quibus
1847 2701 2031 2765 aperte

462 2783 710 2853 increpat
758 2798 950 2838 omnes
1008 2784 1103 2853 qui
1152 2783 1564 2841 vaticinationes
1615 2786 2030 2859 engastrimythi

462 2869 633 2927 falsas
662 2886 784 2928 esse
815 2871 1191 2942 pronuntiant,
1218 2882 1271 2927 et
1311 2873 1594 2929 maledicta
1628 2876 1681 2931 in
1711 2876 1890 2947 capita
1918 2892 2029 2933 non

458 2962 797 3019 credentium
852 2962 930 3020 illi
982 2962 1260 3034 congerit;
1310 2971 1366 3019 et
1412 2966 1562 3021 nullo
1610 2967 1825 3038 negotio
1870 2967 2029 3025 facile

462 3054 661 3110 animis
696 3054 987 3110 mobilibus
1019 3070 1077 3111 se
1107 3069 1494 3126 persuasurum
1533 3064 1718 3123 ratus,
1748 3058 1852 3129 ipsi
1881 3057 2029 3115 Sori-é

459 3153 634 3217 pturaa
680 3146 1049 3202 narrationem
1090 3147 1340 3219 impingit
1389 3168 1402 3203 :
1457 3148 1667 3217 Scripta
1716 3150 1825 3207 hcec
1870 3161 2026 3216 sunt,
2057 3182 2099 3240 ρ

456 3237 683 3302 dicens,
721 3254 790 3292 an
820 3255 925 3295 non
958 3238 1158 3309 scripta
1199 3244 1366 3296 sunt?
1409 3239 1473 3295 Et
1504 3242 1939 3302 ratiocinationis
1976 3245 2029 3300 vi

461 3329 577 3385 haec
610 3330 799 3387 eadem
834 3340 1084 3400 repetens
1130 3332 1338 3389 infert:
1386 3332 1585 3388 Verane
1628 3345 1750 3390 sunt
1792 3335 1934 3403 Ιιασ,
1959 3353 2030 3392 an

456 3438 564 3477 non
587 3431 708 3477 sunt
733 3426 892 3479 vera?
915 3423 1111 3478 Tamen
1147 3425 1411 3494 propheta:
1438 3426 1669 3481 animam
1702 3443 2027 3499 nequaquam

458 3512 623 3567 fuisse
661 3523 929 3569 evocatam
976 3515 1354 3571 dubitationem
1399 3516 1583 3583 nobis,
1633 3526 1683 3573 et
1721 3521 2028 3589 scrupulum

454 3602 649 3675 injicit.
704 3604 778 3661 At
829 3607 1029 3663 similia
1072 3608 1306 3665 daemoni
1351 3609 1676 3675 concedere,
1731 3614 1877 3682 quod
1924 3615 2027 3670 erit

454 3695 588 3750 illud
620 3697 840 3752 scelus?
877 3714 998 3770 qua:
1027 3698 1325 3771 impietas?
1360 3698 1613 3757 Nondum
1647 3700 1894 3767 besitat,
1926 3720 2023 3759 ne-

455 3803 563 3858 que
613 3804 749 3859 pura
795 3806 859 3844 ac
902 3806 1050 3847 mera
1092 3792 1368 3847 dementia
1410 3791 1737 3863 depravatus
1783 3797 2023 3850 animum

452 3878 709 3935 advertit.
771 3880 981 3952 Quippe
1026 3882 1402 3952 hujuscemodi
1470 3883 1781 3941 facultatem
1831 3895 2025 3957 praeter

452 3968 622 4026 Deum
672 3973 882 4028 animas
935 3975 1004 4030 ab
1059 3975 1249 4032 inferis
1304 3977 1594 4032 revocandi
1648 3980 2023 4052 educendique

451 4076 615 4117 nemo
660 4063 801 4119 alius
830 4064 1011 4121 habet.
1041 4066 1226 4138 Itaque
1252 4067 1432 4124 denuo
1458 4069 1549 4126 hic
1582 4072 2019 4142 respondendum

450 4161 566 4219 est,
595 4153 710 4210 hac
739 4156 959 4226 quidem
992 4158 1046 4213 in
1090 4160 1261 4215 sacris
1300 4158 1600 4231 Scripturis
1632 4165 1897 4221 contineri
1919 4205 1935 4230 ,
1965 4174 2020 4221 at

452 4258 564 4299 non
606 4260 672 4300 ex
712 4262 946 4317 persona
990 4250 1211 4320 pr0pria
1241 4250 1293 4306 id
1327 4260 1506 4307 actum
1541 4253 1710 4310 fuisse
1738 4265 2017 4311 auctorem

449 4338 766 4408 praedicere.
795 4339 981 4411 Neque
1015 4341 1160 4397 enim
1199 4341 1339 4396 liber
1371 4344 1701 4412 propheticis
1747 4348 2016 4401 sermoni-

450 4430 553 4486 bus
585 4432 881 4503 pugnantia
932 4432 1103 4487 multa
1147 4433 1308 4488 simul
1355 4434 1410 4488 in
1455 4450 1621 4489 unum
1666 4445 2013 4507 congereret,

2143 662 2291 725 ὄείας
2324 660 2629 734 ἀκριϐὦσαι
2662 660 2725 714 τὸ
2771 659 2909 725 δέον,
2936 660 3071 716 ἀλλά
3096 678 3161 730 γε
3189 662 3251 716 τὸ
3283 664 3385 734 τῆς
3423 666 3723 738 ἐγγαστρι-

2146 753 2313 825 μύθου
2357 754 2541 826 δρᾶμα
2590 752 2807 806 πάντων
2856 752 3123 807 ἅπτεσθαι
3163 754 3464 825 προλέγων,
3495 759 3589 812 καὶ
3615 758 3719 831 τὴν

2143 846 2397 918 ἀλήθειαν
2452 847 2532 910 εἰς
2580 845 2678 916 τὴν
2723 843 2968 909 ἐξέτασιν
2994 846 3280 917 ἀνειμαίαν
3313 847 3391 919 (8)
3423 849 3717 919 ἐπικαλού-

2145 916 2324 1009 μενος,
2355 936 2490 1009 αὐτῇ
2519 939 2583 1009 τῇ
2612 935 2838 1007 ἀληθείᾳ
2867 936 3094 1007 μάχεται
3117 916 3424 1010 προφανῶς.
3458 937 3589 996 Εἶτα
3606 916 3716 997 ’τοῦ

2142 1027 2394 1099 Σαμουὴλ
2416 1027 2664 1098 ἐγκώμια
2706 1025 2936 1093 διεξιὼν,
2963 1029 3063 1082 ὃσα
3095 1028 3223 1101 περὶ
3253 1030 3416 1084 αὐτοῦ
3436 1031 3717 1088 διαλαλοῦ-

2144 1136 2226 1174 σιν
2279 1121 2336 1174 αἱ
2388 1119 2527 1173 θεῖαι
2560 1120 2794 1193 Γραφαὶ,
2831 1118 3130 1192 τηνικαῦτα
3165 1122 3327 1177 πάλιν
3364 1123 3470 1176 ὑπὸ
3495 1123 3593 1197 τὴν
3612 1125 3712 1181 τοῦ

2138 1210 2388 1283 δαίμονος
2431 1210 2676 1278 ἐξουσίαν
2734 1211 3048 1281 ἀποφαίνων
3079 1212 3262 1279 αὐτὸν,
3296 1213 3477 1279 αὐτοῖς
3501 1218 3712 1288 ῥήμασι

2141 1305 2237 1360 καὶ
2292 1306 2482 1369 αὑταῖς
2530 1301 2807 1375 ἐπέφραζε
2832 1303 3121 1369 συλλαϐαῖς
3144 1320 3160 1336 ο
3184 1302 3304 1375 Ἆρ’
3335 1303 3449 1362 οὖν
3484 1312 3517 1363 ό
3545 1314 3710 1378 sum-

2141 1399 2356 1465 κοῦτος
2383 1398 2502 1452 ὑπὸ
2526 1397 2640 1467 τὴν
2664 1397 2783 1467 γῆν
2808 1393 2920 1468 ᾖν;
2960 1397 3057 1451 καὶ
3096 1397 3400 1469 ἀνήγαγεν
3443 1401 3630 1456 αὐτὸν
3665 1404 3706 1471 ἡ

2139 1491 2638 1561 ἑτηάστρίμυθοςς
2683 1488 2998 1553 Ἐξουσιαν
3019 1489 3144 1559 ἔχει
3172 1488 3479 1560 δαιμόνιον
3504 1490 3710 1562 ψυχῆς

2141 1581 2549 1653 apogcnstxﬁg;
2594 1581 2755 1636 Ἀλλά
2820 1580 2991 1637 ταῦτα
3052 1583 3151 1654 μὲν
3194 1582 3271 1648 ὡς
3315 1585 3629 1658 ἐπαπορῶν,
3671 1587 3704 1655 ἢ

2140 1677 2282 1747 τάχα
2331 1676 2458 1739 ἴσως
2504 1678 2760 1749 ἐρόμενος
2804 1676 3106 1730 ὑπονοεῐται
3139 1676 3318 1745 λέγειν
3347 1677 3517 1731 ἐνίοτε
3543 1678 3707 1751 παρὰ

2141 1788 2298 1824 τισιν.
2332 1770 2446 1823 Ἷνα
2495 1770 2553 1824 δέ
2589 1768 2677 1824 διὰ
2704 1769 2814 1823 τῶν
2846 1768 3035 1823 ἔπειτα
3070 1770 3384 1841 συστήσειεν
3419 1770 3705 1839 ἐπιλόγων,

2139 1865 2220 1918 ὅτι
2259 1863 2431 1917 ταῦτα
2477 1861 2651 1927 οὕτως
2686 1862 2820 1934 εχει,
2869 1862 3163 1935 λευκοτέρᾳ
3208 1862 3499 1935 προσετίθη
3547 1864 3706 1935 φάσει

2138 1974 2190 2010 τι
2244 1955 2655 2027 ὑποκεκραγὼς,
2723 1953 3145 2026 Ἐγτέῃοαπται
3206 1954 3431 2018 ταῦτα;
3497 1957 3662 2027 φησίν
3687 1973 3701 1987 ο

2137 2044 2333 2114 ἀληθῆ
2372 2045 2560 2109 ἐστιν,
2607 2045 2647 2115 ἢ
2687 2047 2798 2100 οὐκ
2846 2046 3017 2101 ἐστιν
3052 2045 3288 2115 ἀληθῆ;
3329 2047 3397 2101 Τὸ
3434 2048 3520 2117 μὴ
3552 2043 3704 2103 εἶναι

2136 2137 2329 2207 ἀληθῆ
2367 2136 2567 2208 λέγειν
2604 2139 2691 2204 εἰς
2731 2137 3018 2194 ἀπιστίαν
3060 2136 3400 2207 προτρέπει·
3444 2138 3701 2207 χωρήσει

2136 2229 2237 2283 ἐπὶ
2264 2230 2552 2299 κεφαλὰς,
2588 2230 2846 2301 φάμενος,
2875 2227 2997 2283 τῶν
3019 2232 3345 2300 λεγόντων
3376 2229 3444 2284 τὸ
3464 2229 3531 2283 δέ
3548 2230 3698 2284 εἶναι

2135 2318 2332 2390 ἀληθῆ
2392 2320 2638 2390 ζήτησιν
2689 2322 2785 2376 καὶ
2826 2321 3201 2390 έπαπόρησιν
3242 2322 3385 2391 ἡμῖν
3433 2320 3692 2392 παρέχει.

2136 2411 2286 2466 Μετά
2334 2413 2390 2466 δὲ
2432 2412 2608 2478 τοῦτο,
2643 2412 2803 2468 πάλιν
2854 2412 3083 2482 βεϐαιῶν
3112 2414 3515 2477 ἀνεπισκέπτως
3555 2414 3697 2484 ἅπερ

2136 2502 2495 2573 εἰσαγγέλλει,
2540 2503 2633 2556 καὶ
2668 2502 2768 2567 τὰς
2809 2503 2917 2556 τῶν
2950 2503 3356 2570 ἀντιδοξούντων
3386 2502 3533 2574 αὐτῷ
3569 2503 3698 2571 γνώ-

2138 2607 2245 2661 μας
2275 2590 2616 2661 ἐκτιθέμενος
2646 2591 2928 2664 ἐπιφέρει·
2981 2592 3091 2649 Καὶ
3151 2592 3278 2663 μὴν
3317 2593 3495 2663 ἴσμεν
3535 2592 3700 2660 τινὰς

2133 2681 2253 2735 τῶν
2270 2680 2567 2751 ἡμετέρων
2583 2682 2864 2753 ἀδελφῶν
2875 2684 3352 2755 armata-artat;
3377 2685 3452 2755 τῇ
3467 2687 3694 2757 Γραφῇ,

2132 2773 2232 2829 καί
2292 2773 2614 2842 λέγονταςο
2668 2775 2750 2828 Οὐ
2807 2776 3067 2827 πιστεύω
3107 2774 3182 2843 τῇ
3236 2776 3688 2847 ὲῃυστριμύθῳ.

2133 2865 2302 2935 Λέγει
2331 2866 2371 2934 ἠ
2400 2864 2863 2935 ἐγγαστρίμυθος
2897 2866 3216 2935 ἑωρακέναι
3244 2868 3351 2921 τὸν
3383 2867 3655 2939 Σαμουὴλ
3674 2886 3686 2899 ·

2132 2951 2433 3020 ψεύδεται.
2481 2953 2589 3007 Καὶ
2648 2953 2820 3009 πολλά
2861 2971 2924 3025 γε
2968 2957 3105 3029 πρὸς
3146 2958 3239 3011 ἐπὶ
3260 2958 3471 3023 τούτοις
3497 2958 3690 3031 ἐτερα·

2131 3045 2220 3101 διὰ
2250 3047 2307 3101 δὲ
2337 3047 2538 3104 τούτων
2569 3049 3043 3123 ἀπαρακαλύπτως
3073 3052 3296 3123 ἐπιτιμᾷ
3326 3056 3438 3117 τοῖς
3462 3055 3697 3125 ἀποφαί-

2133 3156 2282 3193 νουσι
2313 3139 2479 3212 ψευδῆ
2510 3140 2580 3195 τὰ
2606 3142 2703 3213 τῆς
2734 3143 3168 3216 ἐγγαστριμύθου
3203 3145 3572 3216 μαντεύματα,
3605 3150 3699 3202 καὶ

2133 3230 2517 3304 καταρώμενος
2573 3233 2647 3304 (9)
2680 3235 2773 3288 ἐπὶ
2816 3234 3054 3305 κεφαλὰς
3098 3236 3357 3308 ἀναφέρει
3412 3236 3521 3290 τῶν
3563 3240 3692 3291 ἁπι-

2133 3324 2395 3381 στούντων
2421 3328 2580 3399 αὐτῇ.
2642 3328 2838 3400 Ῥᾷστα
2870 3328 3050 3399 μέντοι
3070 3331 3251 3382 πεῖσαι
3282 3329 3407 3394 τοὺς
3449 3330 3693 3401 εὐχερεῖς

2129 3416 2350 3482 ἐθέλων,
2384 3419 2519 3491 αὐτῇ
2566 3420 2851 3491 περιάπτει
2882 3421 2948 3491 τῇ
2986 3420 3169 3492 Γραφῇ
3207 3420 3267 3474 τὸ
3300 3421 3559 3492 διήγημα,
3589 3421 3688 3475 Γέ-

2128 3524 2377 3580 γραπται
2403 3510 2609 3578 ταῦτα,
2638 3511 2830 3581 λέγων,
2876 3509 2916 3580 ἢ
2954 3513 3025 3566 οὐ
3053 3511 3399 3583 renouarat;
3438 3513 3691 3581 Συλλογι-

2129 3607 2284 3676 στικῇ
2298 3603 2355 3659 δὲ
2374 3604 2636 3676 δεινότητι
2660 3605 2937 3679 χρώμενος
2955 3606 3151 3677 ἐπάγει
3161 3605 3443 3678 δευτερῶν,
3478 3605 3688 3675 Ἀληθῆ

2126 3695 2310 3751 ταῦτά
2340 3698 2531 3763 ἐστιν,
2578 3697 2617 3766 ἢ
2661 3699 2772 3751 οὐκ
2810 3698 2983 3753 ἔστιν
3006 3698 3243 3769 ἀληθῆ]
3265 3701 3464 3753 Καίτοι
3493 3699 3559 3751 τὸ
3577 3698 3693 3767 μὲν

2125 3790 2235 3844 οὐκ
2255 3788 2513 3859 ἀνῆχθαι
2530 3789 2645 3858 τὴν
2666 3790 2772 3844 τοῦ
2800 3793 3110 3861 προφήτου
3137 3789 3366 3863 ψυχὴν,
3392 3790 3691 3859 ἐπαπόρη-

2125 3897 2228 3936 σιν
2242 3882 2406 3953 ἡμῖν,
2437 3881 2562 3954 ἔφη,
2589 3882 2832 3952 παρέχει
2861 3883 2961 3937 καὶ
2988 3881 3234 3953 ζήτησιν
3252 3899 3267 3913 ο
3296 3882 3426 3936 αὐτὸ
3453 3881 3507 3934 δὲ
3536 3882 3595 3934 τὸ
3621 3882 3690 3933 τὰ

2124 3972 2347 4028 τοιαῦτα
2398 3973 2596 4027 διδόναι
2624 3972 2702 4044 τῷ
2749 3972 2998 4045 δαίμονι,
3054 3977 3226 4046 πόσης
3272 3973 3529 4037 ἀσεὸείας
3574 3974 3689 4026 ἐστὶ

2125 4066 2352 4136 μεστόνς
2387 4066 2581 4120 Οὐκέτι
2612 4066 2758 4135 λέγει
2795 4065 2992 4138 ζητῶν,
3018 4066 3140 4121 ούδέ
3175 4067 3427 4138 προσέχει
3453 4064 3541 4119 τὸν
3566 4063 3689 4118 νοῦν

2121 4159 2345 4232 ἀκράτῳ
2380 4161 2607 4233 πληγεὶς
2647 4161 2922 4232 ἀσυνεσίᾳ.
2958 4160 3076 4232 Θεῷ
3124 4160 3233 4233 γὰρ
3275 4162 3507 4232 ὑπάρχει
3545 4158 3689 4229 μόνῳ

2119 4253 2338 4325 τοιαύτῃ
2359 4253 2574 4325 ἐξουσίᾳ
2610 4253 2941 4317 ἐπιτάσσειν,
2966 4252 3103 4306 ὥστε
3143 4252 3318 4323 ψυχὰς
3348 4251 3407 4317 ἐξ
3430 4251 3556 4322 ᾅδου
3592 4266 3689 4320 με·-

2119 4344 2501 4416 ταπέμπεσθαι
2548 4346 2641 4400 καὶ
2692 4345 2893 4401 καλεῖν.
2965 4342 3412 4398 Ἀνθυπενεκτέον
3471 4338 3563 4396 οὖν
3608 4344 3688 4396 ἐν·

2118 4434 2291 4489 ταῦθα
2341 4436 2499 4491 πάλιν
2522 4453 2536 4467 ⁸
2574 4438 2662 4492 Ἐν
2694 4438 2791 4509 μὲν
2820 4440 2939 4500 ταῖς
2974 4438 3144 4508 ἱεραῖς
3175 4435 3492 4507 ἀνείληπται
3515 4433 3685 4488 ταῦτα
3766 4494 3775 4505 ⁸

448 4530 511 4580 ut
546 4531 601 4580 et
641 4524 795 4594 prius
839 4523 1213 4590 oslendimus,
1256 4534 1309 4580 et
1344 4526 1506 4596 paulo
1550 4525 1693 4581 infra
1733 4528 2006 4596 dicemus;

2130 4529 2374 4601 Γραφαῖς,
2407 4531 2468 4585 οὐ
2497 4531 2601 4605 μὴν
2645 4532 2702 4600 ἐξ
2747 4532 2870 4585 ἰδίου
2910 4529 3201 4602 προσώπου
3245 4530 3305 4585 τὸ
3332 4531 3540 4584 τοιοῦτο
3570 4528 3684 4583 δια-

446 4614 543 4684 qui
580 4616 994 4688 eugastrimytbi
1025 4617 1189 4672 verba
1210 4658 1225 4680 ,
1256 4623 1311 4673 et
1343 4617 1603 4674 furiosam
1638 4619 1783 4689 regis
1816 4621 1997 4692 cogni-

2122 4623 2433 4693 πεπρᾶχθαι
2472 4625 2702 4696 γράμμα
2733 4623 2842 4695 (10)
2877 4622 3171 4695 προύλεγεν
3228 4622 3256 4675 ὁ
3302 4619 3678 4693 συγγραφεύς·

446 4708 650 4762 tionem
691 4709 946 4779 operibus
992 4710 1313 4781 ignorantia:
1356 4710 1571 4780 plenam
1618 4709 2009 4782 deprehensam

2130 4715 2176 4768 >ύ
2209 4714 2317 4786 γὰρ
2353 4714 2419 4769 ἂν
2465 4717 2820 4788 ἐκκλησίαξεν
2862 4719 2895 4789 ἡ
2930 4716 3127 4787 βίϐλος,
3161 4714 3379 4769 ἐναντία
3408 4716 3526 4776 ταῖς
3555 4728 3685 4782 προ-

445 4798 783 4870 designabat.
820 4799 954 4856 Nam
1007 4819 1185 4874 neque
1236 4812 1424 4874 aptum
1480 4819 1656 4874 neque
1708 4820 2009 4878 congruum

2130 4808 2374 4876 ρητικαῖς
2411 4806 2715 4861 ἀντιϐοῶσα
2761 4809 2994 4877 φωναῖς,
3055 4804 3130 4869 ὥς
3176 4822 3238 4875 γε
3295 4804 3389 4859 καὶ
3450 4800 3681 4875 πρόσθεν

443 4889 553 4945 erit
591 4890 665 4944 ita
713 4891 927 4950 divinas
962 4894 1170 4951 litteras
1221 4905 1575 4966 pertractare.
1623 4897 1832 4968 Quippe
1884 4914 2006 4954 cum

446 4982 579 5053 ipsa:
605 4981 875 5040 fateantur
903 4986 1174 5041 diabolum
1212 4998 1383 5045 semet
1422 4989 1598 5060 ipsum
1628 4989 1799 5046 Deum
1831 5003 2012 5061 aperte

446 5076 835 5145 pronuntiare;
874 5077 994 5133 ideo
1039 5094 1106 5133 ne
1143 5080 1257 5134 sola
1309 5082 1643 5138 narrationis
1686 5082 1830 5137 illius
1872 5084 2012 5139 serie

447 5165 525 5220 illi
575 5167 901 5223 credendum
950 5171 1087 5235 erit,
1125 5186 1189 5224 ac
1229 5174 1411 5228 omnia
1466 5173 1543 5228 illi
1595 5174 1919 5241 deferenda,
1952 5184 2012 5230 ut

446 5255 563 5327 ipse
603 5256 864 5331 Origenes
918 5264 1151 5317 asserit?
1197 5263 1248 5318 id
1300 5267 1443 5321 enim
1496 5266 1549 5321 in
1599 5268 1769 5323 sacris
1819 5268 2012 5325 litteris

445 5345 705 5416 scriptum
723 5347 971 5403 habetur.
988 5346 1085 5405 Vel
1115 5365 1353 5417 rursum,
1404 5368 1529 5409 cum
1575 5352 1863 5410 immodica
1899 5357 2011 5412 ela-

2112 4897 2411 4969 ἐδείξαμεν,
2446 4899 2539 4954 καὶ
2571 4900 2763 4972 μικρὸν
2804 4898 3027 4972 ὕστερον
3070 4897 3325 4970 ἐροῦμεν·
3360 4894 3494 4951 ἀλλὰ
3519 4893 3582 4966 δὴ
3614 4893 3682 4947 τά

2111 4988 2212 5059 τῆς
2244 4989 2678 5062 ὲγγαστριμύθου
2725 4989 3042 5062 διεχάραττε
3072 4989 3309 5061 ῥήματα,
3351 4986 3447 5040 καὶ
3474 4984 3567 5056 τὴν
3591 4985 3684 5056 ἐμ-

2117 5083 2254 5153 μανῆ
2295 5083 2389 5136 τοῦ
2424 5082 2681 5137 δυνάστου
2717 5081 2918 5151 γνῶσιν
2967 5080 3145 5153 ἔργοις
3186 5079 3458 5148 ἀγνωσίας
3486 5075 3681 5131 ἀποδε-

2111 5174 2396 5247 δειγμένην
2449 5175 2733 5231 ἀνάπλεον.
2786 5176 2850 5228 Et
2907 5172 3015 5246 γὰρ
3064 5172 3237 5236 οὕτως
3294 5169 3523 5243 ἁρμόσει
3563 5169 3682 5231 ταῖς

2112 5267 2291 5336 ἁγίαις
2317 5267 2619 5339 ἐπισκῆψαι
2643 5267 2908 5340 Γραφαῖς,
2955 5264 3150 5319 οὐκοῦν
3176 5262 3363 5334 ἐπειδή
3395 5276 3577 5330 φασιν,
3600 5259 3681 5312 ὅτι

2110 5359 2202 5411 καὶ
2224 5358 2354 5411 Θεὸν
2391 5359 2649 5430 ἄντικρυς
2695 5361 2724 5411 ό
2764 5356 3006 5419 διάϐολος
3039 5354 3228 5410 ἐαυτὸν
3260 5351 3597 5422 ἀναγορεύει,
3631 5351 3680 5403 εί

445 5445 535 5492 tus
560 5439 814 5510 superbia
843 5455 1057 5496 omnem
1088 5443 1249 5498 simul
1277 5447 1467 5501 mundi
1502 5447 1664 5518 hujus
1699 5453 2004 5509 machinam

2130 5451 2257 5523 ταρά
2291 5450 2445 5505 τοῦτο
2486 5451 2666 5524 δεήσει
2704 5450 2975 5505 πιστεύειν
3008 5449 3173 5521 αύτῷ,
3201 5450 3267 5518 τῇ
3311 5444 3678 5517 διηγηματικῇ

514 5728 589 5811 (β)
631 5731 975 5811 Ἆγειμαιαν.
1216 5738 1535 5808 ἀναγκαίαν.
1583 5767 1653 5783 -—
1692 5739 2000 5811 Legendum

446 5802 641 5869 potius,
673 5802 983 5881 ἀνειμένως.
1021 5802 1175 5863 Emi“.

2178 5741 2261 5814 (9)_
2286 5745 2724 5814 Καταρώμενιρς.
2761 5743 2941 5804 Forte.
2958 5743 3216 5812 κατάρας.

2182 5812 2293 5885 (10)
2320 5812 2583 5885 Γράμμα.
2616 5814 2784 5874 Fdrte
2818 5816 3069 5887 πρᾶγμα.
