4090 6288
382 372 488 430 649

1261 372 1350 427 DE
1384 371 1970 437 ENGASTRIMYTHO
2007 370 2289 426 CONTRA
2328 372 2700 430 ORIGENEM.

3519 385 3625 439 6530

380 491 478 549 τοῦ
516 491 840 565 γράμματος
878 490 1072 563 ἐκδοχῇ
1107 491 1170 546 τὸ
1204 495 1310 546 πᾶν
1335 491 1791 556 ἀνατιθέντας,ὼς
1825 491 1951 560 Ὠρι-

2066 491 2150 545 vel
2183 506 2347 562 regna
2397 492 2543 549 illius
2589 509 2685 549 sua
2737 509 2860 551 esse
2905 496 3050 552 dicat
3080 498 3145 563 “,
3186 498 3376 555 ideone
3419 500 3627 559 diceret

381 584 551 656 γένης
596 584 935 655 είσηγεῖται;
984 586 1079 638 καὶ
1126 583 1282 638 τοῦτο
1327 584 1436 657 γὰρ
1470 586 1549 649 είς
1571 584 1741 648 αὐτὰς
1767 583 1963 651 ἀναγέ-

380 692 622 748 γραπται
649 674 748 739 τάς
770 676 1020 748 Γραφάς’
1050 676 1084 748 ἢ
1129 671 1196 730 αὖ
1245 676 1406 731 πάλιν
1435 677 1649 731 ἐπειδὰν
1679 677 1962 749 ὑπερηφα-

380 768 472 841 νίᾳ
526 767 807 841 χρώμενος
859 768 1081 841 ἀμέτρῳ
1126 771 1306 824 πᾶσαν
1346 769 1482 841 ὁμοῦ
1542 769 1638 842 τὴν
1677 770 1830 823 τοῦδε
1865 766 1960 821 τοῦ

380 861 589 932 κόσμου
643 859 991 934 περιγραφὴν
1035 860 1156 931 ἤτοι
1207 860 1428 925 καὶτὰς
1477 860 1751 931 βασιλείας
1787 858 1960 928 αὐτῆς

384 954 520 1017 ἰδίας
568 949 706 1007 εἶναι
759 952 927 1023 λέγοι,
962 953 1114 1025 παρά
1164 952 1322 1007 τοῦτο
1351 954 1483 1025 φαίη
1511 971 1593 1015 τις
1616 951 1702 1017 ἂν,
1736 951 1811 1014 ὡς
1847 951 1954 1022 ἀρα

388 1048 657 1118 προσήκει
685 1050 847 1111 νοεῖν,
896 1048 978 1101 ὅτι
1019 1046 1348 1120 δημιουργὸς
1385 1046 1547 1110 αὐτός
1614 1047 1760 1098 ἐστιν
1783 1043 1955 1097 ἀπάν-

380 1155 521 1205 των;
561 1137 854 1210 Οῦμενουν,
886 1138 1027 1192 εἴποι
1053 1156 1138 1203 τις
1161 1139 1251 1194 ἀν·
1288 1139 1323 1210 ἡ
1351 1137 1458 1210 γάρ
1480 1155 1561 1191 τοι
1584 1133 1954 1207 διηγηματικὴ

380 1229 664 1303 δωχάραξε
703 1230 855 1303 φωνὴ
898 1231 994 1296 τὰς
1031 1230 1240 1285 ἐκείνου
1288 1228 1707 1301 μεγαληγορίας,
1740 1226 1803 1279 οὐ
1847 1224 1954 1296 μὴν

2064 581 2336 651 quispiam
2385 582 2713 639 credendum
2767 600 2889 642 esse
2944 588 3095 643 illum
3146 604 3326 643 rerum
3382 593 3622 648 omnium

2064 673 2313 742 opiﬁcem
2363 675 2528 731 esse?
2562 677 2633 730 At
2668 693 2828 734 nemo
2873 692 3006 736 sane
3049 678 3104 735 id
3151 679 3366 737 dixerit.
3415 681 3625 755 Quippe

2059 764 2105 820 si
2138 765 2470 823 narrationis
2507 768 2643 824 ordo
2698 769 2869 826 futilis
2916 771 3064 829 illius
3099 772 3412 844 iactationis
3458 777 3624 831 verba

2061 860 2351 928 expressit,
2377 869 2430 915 at
2447 875 2556 916 non
2577 877 2704 918 vera
2733 863 2825 919 illa
2854 865 3025 923 fuisse
3048 865 3373 923 determinat
3404 887 3418 923 :
3447 884 3625 941 neque

2060 950 2115 1008 id
2169 955 2315 1010 ullus
2363 955 2574 1027 uspiam
2604 957 2836 1026 probare
2889 961 3106 1029 poterit.
3143 960 3249 1018 Sed
3296 962 3494 1019 similia
3537 963 3624 1021 his

2060 1041 2275 1098 inﬁnita
2314 1051 2443 1100 sunt
2472 1046 2528 1100 in
2566 1054 2852 1117 promptu,
2897 1063 3019 1119 quae
3046 1050 3103 1106 in
3152 1051 3389 1108 medium
3429 1051 3623 1109 all‘erre

2058 1136 2285 1193 minime
2315 1138 2469 1202 libet,
2498 1154 2568 1195 ne
2595 1140 2883 1196 verborum
2915 1143 3077 1214 longo
3103 1144 3335 1199 circuitu
3370 1145 3624 1216 quaestio-

2059 1227 2147 1281 nis
2172 1227 2375 1284 nodum
2403 1228 2640 1301 eﬂugere
2671 1231 2970 1290 videamur.

381 1326 600 1400 ἀληθεῖς
633 1328 920 1397 ἀποφαίνει
947 1326 1148 1390 αὐτάς’
1183 1326 1290 1380 οὐδ’
1316 1325 1433 1379 ἐστὶ
1459 1324 1536 1386 δὲ,
1586 1323 1666 1376 ὃτι
1697 1320 1854 1374 τοῦτο
1901 1316 2070 1385 δεῖξαι
2103 1320 2397 1395 δυνάμενος
2422 1326 2597 1392 οὐδεὶς
2621 1327 2889 1400 οὐδαμῶς.
2954 1329 3113 1385 Ἀλλά
3175 1333 3342 1403 μυρία
3374 1335 3471 1405 μὲν
3506 1335 3622 1389 ἔστι

381 1420 602 1475 τοιαῦτα
634 1421 770 1492 πρὸς
800 1422 893 1475 ἐπὶ
922 1421 1127 1485 τούτοις
1161 1420 1310 1482 ἰδεῖν,
1334 1419 1433 1490 οὐχ
1466 1413 1574 1474 οἷόν
1607 1434 1667 1470 τε
1715 1414 1771 1468 δὲ
1797 1412 1975 1467 πάντα
2014 1417 2303 1490 παράγειν,
2341 1420 2431 1475 ἵνα
2477 1421 2553 1492 μὴ
2588 1423 2939 1496 μακρηγορίᾳ
2979 1422 3219 1497 δόξωμεν
3268 1429 3625 1500 ὲκκρούεσθαι

382 1511 475 1566 τοῦ
503 1512 831 1585 ζητήματος.

451 1603 614 1660 XVII.
631 1607 720 1670 Ὣς
738 1600 830 1659 οὖν
1036 1607 1145 1668 τοῖς
1170 1604 1434 1676 ὀρθότατα
1455 1599 1740 1674 φρονοῦσιν
1762 1599 1946 1690 οὐμε-

383 1695 547 1768 τρίως
565 1695 838 1766 ἐπιτιμᾷν,
852 1688 1009 1758 αὖθις
1025 1694 1374 1764 ὑπεκκλέψας
1390 1694 1474 1745 ἐπ’
1491 1692 1654 1762 ἄλλην
1670 1688 1948 1760 ἀπεπήδη-

2124 1591 2287 1649 XVll.
2326 1592 2527 1650 Verum
2562 1604 2850 1668 postquam
2900 1600 3210 1657 rectissime
3257 1606 3622 1666 sentientibus

2053 1700 2164 1739 non
2206 1686 2556 1744 mediocriter
2600 1690 2897 1749 insultasse
2934 1693 3085 1751 visus
3112 1703 3227 1760 est,
3263 1697 3458 1753 iterum
3513 1716 3622 1755 non

384 1802 475 1838 σεν
502 1784 722 1847 ἔννοιαν,
754 1784 1065 1838 ὲδεινοποίει
1085 1783 1142 1837 δὲ
1162 1783 1526 1855 δημαγωγῶν,
1563 1784 1645 1836 ὃτι
1680 1780 1947 1851 φάσκουσι

2054 1776 2288 1833 obscure
2315 1778 2667 1837 dissimulans
2696 1783 2753 1836 in
2783 1784 2943 1839 aliam
2973 1786 3232 1841 transiliit
3269 1790 3618 1854 sententiam,

383 1876 519 1948 πρὸς
544 1878 653 1940 τοῖς
681 1874 880 1941 ἄλλοις,
911 1876 986 1940 ὡς
1022 1875 1108 1945 εἴη
1128 1874 1395 1946 φρικῶδες
1424 1873 1805 1936 ὑπολαϐεῖν,ὲν
1821 1869 1948 1942 ᾅδου

385 1968 655 2040 γεγονέναι
677 1967 769 2021 τὸν
785 1968 978 2036 εὐκλεῆ
1000 1966 1272 2039 Σαμουὴλ,
1293 1965 1352 2030 ὃς
1366 1966 1604 2038 ὲκκρίτῳ
1620 1960 1950 2036 προφητείας

382 2061 505 2133 ἀξίᾳ
532 2060 835 2132 τετίμηται.
857 2058 1028 2113 Τοῦτο
1059 2060 1156 2131 μὲν
1175 2055 1269 2112 οὖν
1288 2059 1398 2114 ἄνω
1415 2059 1474 2112 δὲ
1486 2058 1577 2110 καὶ
1595 2057 1744 2110 κάτω
1757 2072 1949 2109 ταυτο-

379 2153 526 2222 λογεῖ
570 2152 854 2225 γραωδῶς,
902 2151 961 2217 ἐξ
994 2150 1168 2203 ἄλλων
1201 2153 1280 2214 είς
1319 2148 1452 2204 ἄλλα
1482 2143 1949 2220 μεταχειρίζεσθαι

376 2245 501 2311 τοὺς
549 2245 849 2317 αὑτηκόους
909 2245 1095 2316 ἀπάτῃ
1116 2241 1471 2313 τεχνώμενος.
1510 2239 1700 2309 Ἡμεῖς
1728 2237 1785 2291 δὲ
1820 2236 1950 2308 περὶ

374 2337 578 2392 τούτων
609 2338 670 2390 οὐ
700 2334 1067 2407 διαφερόμεθα
1090 2335 1218 2406 περὶ
1233 2327 1307 2388 ὧν
1333 2333 1503 2386 ἅπασι
1522 2329 1949 2400 ωνομολογητέα

373 2428 749 2499 καθέστηκεν,
816 2428 931 2482 ἀλλ’
974 2420 1051 2481 ὧν
1101 2427 1262 2479 ἕνεκα
1323 2424 1528 2495 κυρίως
1588 2421 1950 2492 ἀμφισϐητεῖν

374 2520 694 2591 ἐγνώκαμεν
712 2536 725 2550 ·
761 2520 822 2573 οὐ
856 2520 965 2592 γὰρ
994 2522 1041 2573 εἰ
1064 2518 1314 2590 Σαμουὴλ
1338 2516 1529 2585 γέγονε
1554 2513 1810 2585 ζητητέα,
1834 2512 1949 2567 ἀλλ’

374 2615 424 2666 εί
452 2613 705 2683 τοιαύτην
739 2611 851 2683 ἔχει
875 2611 1081 2682 δαίμων
1111 2610 1378 2675 ἐξουσίαν,
1405 2606 1551 2662 ὥστε
1576 2606 1798 2661 δικαίων
1822 2607 1951 2659 ἀνα-

374 2696 657 2760 καλεῖσθαι
708 2704 885 2776 ψυχὰς
948 2703 1008 2769 ἐξ
1053 2703 1201 2775 ᾅδου,
1232 2703 1325 2756 καὶ
1369 2701 1531 2754 πάλιν
1576 2699 1945 2769 ἀποπέμπειν.

387 2796 542 2851 Ἐπεὶ
571 2796 748 2851 τοίνυν
779 2795 1153 2868 ἑπαυτοφῶρῳ
1183 2794 1407 2867 ληφθεὶς
1433 2792 1575 2846 ἑάλω
1603 2790 1950 2863 βλασφημίας

376 2888 678 2954 ἐπαντλῶν,
724 2889 858 2944 ἀλλά
888 2889 987 2954 τὰς
1023 2887 1132 2942 τῶν
1172 2885 1460 2959 ἀκροατῶν
1493 2886 1664 2947 ἀκοὰς
1697 2881 1949 2955 ἀπατηλῇ

379 2982 478 3053 μὲν
510 2982 823 3036 ὑπεκκλίνει
873 2981 1060 3055 τέχνῃ,
1103 2979 1433 3048 καταφεύγει
1459 2977 1516 3031 δὲ
1537 2975 1696 3047 δῆθεν
1733 2974 1828 3028 ἐπὶ
1856 2972 1948 3027 τοῦ

2051 1869 2461 1942 orationemque
2508 1875 2747 1931 oratorie
2785 1891 3020 1947 augens,
3075 1879 3218 1935 inter
3246 1880 3351 1935 alia
3379 1897 3499 1952 qua:
3531 1881 3618 1938 di-

2048 1968 2211 2024 cunt,
2254 1962 2585 2020 horrendum
2627 1981 2760 2023 sane
2791 1967 2847 2022 id
2877 1984 3000 2025 esse
3028 1970 3336 2038 intellectu,
3370 1974 3616 2035 indutum

2052 2052 2360 2113 Samuelem
2417 2059 2690 2129 praecipua
2746 2061 2990 2116 vaticinii
3049 2062 3308 2134 dignitate
3351 2067 3617 2122 illustrem

2050 2144 2224 2202 fuisse
2257 2148 2401 2218 apud
2435 2148 2664 2205 inferos.
2704 2149 2819 2206 Hoc
2863 2152 3045 2221 itaque
3084 2155 3219 2211 satis
3261 2156 3476 2212 aniliter
3516 2175 3619 2214 sa:-

2050 2236 2173 2306 pius
2223 2237 2385 2292 iterat
2423 2240 2749 2311 repetendo,
2800 2256 2867 2296 ex
2901 2242 3022 2298 aliis
3066 2244 3123 2299 in
3177 2245 3285 2300 alia
3339 2248 3616 2327 auditores

2050 2327 2369 2400 impellens,
2415 2332 2561 2402 quod
2610 2332 2801 2387 fraude
2839 2333 3093 2405 deceptos
3150 2339 3406 2395 adversos
3459 2355 3617 2411 agere

2049 2428 2301 2475 conatur.
2352 2420 2459 2476 Sed
2504 2437 2606 2479 nos
2654 2424 2723 2479 de
2768 2424 2854 2480 his
2899 2441 3020 2496 quae
3069 2443 3179 2482 uno
3211 2429 3393 2484 animo
3425 2447 3616 2489 omnes

2049 2511 2319 2580 recipiunt
2348 2527 2458 2567 non
2484 2511 2847 2579 dissidemus,
2883 2531 3068 2571 verum
3101 2519 3169 2574 de
3209 2518 3295 2575 his
3337 2536 3458 2590 qua:
3490 2537 3618 2592 pro-

2049 2605 2166 2675 prie
2197 2604 2252 2658 in
2287 2604 2514 2661 dubium
2543 2608 2681 2665 verti
2708 2623 2871 2679 posse
2910 2610 3314 2679 cognoscimus.
3344 2611 3478 2667 Nam
3510 2616 3618 2670 mi-

2049 2699 2197 2754 nime
2211 2698 2599 2770 disputandum
2628 2716 2699 2757 an
2736 2701 2955 2758 Samuel
2979 2701 3162 2767 fuerit,
3186 2705 3283 2760 sed
3313 2719 3382 2761 an
3404 2706 3614 2763 daemon

2049 2791 2215 2846 talem
2246 2791 2444 2847 habeat
2471 2799 2819 2863 potestatem,
2854 2794 3130 2864 justorum
3156 2795 3368 2853 scilicet
3405 2799 3618 2856 animas

2051 2882 2121 2939 ab
2161 2883 2354 2940 inferis
2394 2884 2692 2951 evocandi,
2724 2902 3026 2958 rursusque
3058 2889 3477 2946 transmittendi.
3508 2888 3618 2946 Ita-

2051 2990 2156 3045 que
2193 2990 2255 3031 re
2302 2975 2591 3032 manifesta
2625 2976 2998 3048 deprehensus
3042 2980 3405 3051 blasphemias
3435 2980 3619 3037 fundi-

372 3073 614 3144 Χριστοῦ
640 3073 948 3146 πρόσωπον,
992 3072 1058 3125 ἵν’
1097 3070 1458 3136 ἀντεξετάσας
1487 3068 1618 3123 αὐτὸ
1636 3068 1748 3131 τοῖς
1779 3064 1951 3134 ἁγίοις

2053 3076 2188 3132 tare,
2218 3066 2555 3122 audientium
2586 3081 2747 3125 aures
2778 3067 3006 3124 subdola
3034 3078 3151 3126 arte
3182 3062 3438 3134 declinat,
3470 3080 3524 3128 et
3547 3073 3616 3128 ad

375 3142 650 3237 ἀνδράσιν,
686 3142 1044 3230 ἀποδείξειεν,
1100 3165 1181 3218 ὅτι
1215 3164 1307 3216 καὶ
1355 3162 1514 3225 αὐτὸς
1543 3163 1623 3225 είς
1654 3158 1778 3233 ᾅδου
1818 3173 1951 3213 κατ-

2051 3155 2257 3214 Christi
2289 3158 2556 3213 duntaxat
2609 3173 2897 3229 personam
2945 3160 3217 3233 confugit,
3261 3171 3321 3217 ut
3377 3177 3441 3219 ea
3489 3178 3615 3218 cum

375 3254 537 3328 ἦλθεν
568 3259 597 3310 ό
625 3255 858 3328 Χριστὸς
888 3253 1024 3327 ὁμοῦ
1063 3255 1174 3315 τοῖς
1199 3252 1377 3315 ἀλλοις
1400 3250 1601 3304 ἀπασιν
1619 3266 1633 3279 ⁸
1671 3246 1805 3302 ἀλλὰ
1836 3244 1944 3318 γὰρ

376 3347 453 3412 ὡς
479 3347 798 3402 ἀπεδείκνυε
842 3344 1020 3408 τοῦτο,
1051 3343 1144 3396 καὶ
1161 3341 1224 3414 δὴ
1252 3342 1346 3395 καὶ
1375 3341 1436 3393 τὸ
1464 3339 1585 3394 κατ’
1610 3338 1778 3411 ἄνδρα
1813 3354 1947 3409 παρ-

378 3440 543 3495 αινῶν
602 3439 990 3510 ἐπεφθέγγετο,
1048 3437 1112 3491 Τί
1149 3433 1323 3506 φοϐῇ,
1357 3434 1549 3502 λέγων,
1597 3431 1806 3499 εἰπεῖν,
1855 3430 1947 3485 ὅτι

376 3531 497 3599 πᾶς
518 3528 714 3601 χρῄζει
749 3533 933 3598 τόπος
960 3529 1145 3585 αὑτοῦ
1185 3545 1246 3583 τε
1284 3527 1389 3582 τοῦ
1416 3523 1673 3597 Χριστοῦ
1698 3521 1798 3577 καὶ
1828 3520 1948 3575 τῶν

376 3622 734 3693 προφητῶιη
760 3623 917 3691 ὀλίγα
964 3622 1099 3676 ἀττα
1159 3620 1249 3674 διά
1296 3621 1460 3691 μέσου
1498 3617 1728 3680 τάττων,
1780 3613 1944 3685 ἄλλην

378 3721 662 3774 ὲπιπλέκει
699 3722 1028 3793 δυσφημίαν,
1076 3719 1364 3789 ὲκφαίνων,
1402 3719 1483 3772 ὅτι
1506 3716 1604 3771 καὶ
1641 3713 1797 3769 κάτω
1817 3730 1947 3782 τυτ-

378 3809 580 3881 χάνων
597 3814 629 3864 ό
648 3810 922 3879 Χριστὸς,
940 3811 1005 3864 ἵν’
1029 3807 1202 3873 οὕτως
1224 3810 1379 3871 εῐπω,
1403 3807 1585 3878 φησιν,
1598 3805 1668 3859 ἐν
1687 3799 1771 3867 τῷ
1790 3803 1945 3858 κάτω

376 3902 538 3965 τόπῳ
557 3901 662 3965 ὢν,
691 3899 768 3970 τῇ
811 3900 1150 3970 προαιρέσει
1185 3900 1306 3952 ἄνω
1330 3894 1409 3968 ἦν
1427 3915 1440 3928 ·
1482 3897 1558 3960 ὡς
1577 3896 1703 3966 περὶ
1733 3893 1944 3965 ἀνθρὼ-

379 4012 483 4049 που
511 3994 566 4048 δὲ
600 3994 758 4065 μόνου
786 3992 1148 4066 προσομιλῶν,
1190 3992 1303 4046 ἀλλ’
1326 3991 1511 4044 οὐκέτι
1535 3988 1637 4059 τῆς
1676 3988 1825 4052 θείας
1856 3987 1944 4040 αὑ-

375 4084 471 4140 τοῦ
502 4084 890 4157 στοχαζόμενος
924 4085 1156 4154 φύσεως,
1179 4086 1237 4138 ὲν
1268 4086 1379 4146 τοῖς
1408 4082 1702 4135 κατωτάτω
1725 4079 1824 4150 μὲν
1848 4079 1945 4132 αὐ-

375 4181 469 4235 τὸν
525 4180 760 4249 ἔφασκεν
816 4177 1066 4250 ἀφῖχθαι,
1095 4176 1409 4250 προαιρέσει
1452 4174 1510 4227 δὲ
1541 4171 1807 4244 δήπουθεν
1832 4172 1944 4225 ἀνω

380 4278 686 4351 βεϐηκέναι,
720 4275 970 4347 καθάπερ
1003 4270 1095 4328 οῦν
1145 4271 1335 4344 ἀμέλει
1361 4270 1453 4323 καὶ
1483 4268 1607 4330 τοὺς
1634 4264 1827 4329 ἀλλους
1858 4266 1944 4318 ἀν-

376 4373 646 4446 θρώπους.
704 4370 867 4424 Οὕτω
908 4369 1049 4439 γὰρ,
1096 4365 1221 4436 ἔφη,
1271 4364 1367 4418 καὶ
1407 4365 1460 4416 οἱ
1504 4356 1801 4429 προφῆται
1843 4356 1941 4409 καὶ

376 4463 676 4535 Σαμουὴλ,
701 4463 816 4517 κᾶν
865 4458 1199 4515 καταϐῶσιν
1229 4456 1382 4510 ὅπου
1419 4456 1479 4507 αἱ
1510 4451 1725 4554 ψυχαὶ,
1757 4448 1940 4554 φησὶν,
1973 4497 2020 4554 D

377 4560 437 4611 al
465 4555 639 4619 κάτω,
669 4554 738 4608 ὲν
778 4551 857 4619 τῷ
898 4551 1054 4606 κάτω
1094 4548 1211 4620 μὲν
1244 4549 1529 4603 δύνανται
1572 4540 1724 4597 εἶναι
1759 4542 1940 4607 τόπῳ,

377 4652 448 4706 οὐ
470 4648 625 4703 κάτω
651 4647 717 4703 δέ
748 4650 866 4702 εἱσι
908 4645 986 4716 τῇ
1025 4645 1382 4716 προαιρέσει.
1423 4638 1765 4710 Κουφολογίᾳ
1801 4638 1858 4692 δὲ
1881 4637 1945 4710 δὴ

379 4741 715 4812 περιηχήσας
760 4738 1151 4811 ἀπειροπληθεῖ
1199 4736 1290 4789 τὸν
1332 4734 1556 4804 κόσμον,
1618 4731 1740 4786 οὐδὲ
1788 4729 1947 4784 τοῦτο

379 4831 638 4903 ξυνίησιν,
670 4832 751 4884 ὅτι
774 4831 882 4893 rei;
909 4828 1153 4883 ὁστισοῦν
1198 4824 1517 4898 ἀνθρώπων,
1541 4825 1589 4876 εί
1618 4824 1711 4877 καὶ
1743 4821 1949 4893 σφόδρα

381 4924 617 4995 σχέτλιός
641 4923 809 4986 ἐστιν,
851 4924 907 4974 ὲν
960 4921 1087 4993 ᾅδου
1117 4915 1413 4981 κατελθὼν,
1448 4916 1559 4971 ἀνω
1590 4917 1656 4986 τῇ
1688 4914 1948 4986 προαιρέ-

382 5033 463 5068 σει
518 5013 882 5086 καθέστηκεψ
913 5012 1088 5076 οὐδεὶς
1115 5011 1246 5079 γοῦν
1279 5009 1342 5063 ἂν
1389 5008 1474 5079 εἴη
1496 5025 1562 5077 γε
1585 5007 1809 5062 δικαίων
1838 5008 1945 5061 οὐδ’

380 5108 578 5161 ἀδίκων
604 5107 662 5171 ὃς
688 5107 748 5160 οὐ
768 5105 1010 5177 γλίχεται
1052 5101 1311 5158 ἀνωτάτω
1347 5102 1441 5171 μὲν
1465 5099 1722 5154 ἑκάστοτε
1752 5098 1950 5169 διατρί-

382 5200 490 5254 ϐων
518 5202 754 5272 ἔχεσθαι,
780 5199 887 5252 τῶν
908 5198 963 5251 δὲ
990 5194 1355 5267 καταχθονίων
1377 5192 1718 5266 ἀπηλλάχθαι
1746 5192 1943 5245 τόπων.

382 5294 444 5347 Ei
475 5295 654 5348 τοίνυν
685 5293 919 5356 ἅπαντες
950 5290 1083 5362 ὁμοῦ
1111 5292 1159 5344 οἱ
1192 5288 1551 5360 καταχθέντες
1576 5288 1656 5351 εἰς
1683 5286 1808 5359 ᾅδου
1840 5285 1947 5340 τῶν

382 5387 494 5442 ἄνω
517 5383 698 5458 φορῶν
730 5383 840 5456 (Η)
872 5383 1037 5455 ἐρῶσι
1093 5383 1430 5454 προαιρέσει,
1483 5381 1577 5435 καὶ⁸
1614 5381 1676 5434 οὐ
1712 5381 1849 5435 πάνυ
1877 5381 1948 5435 δι-

384 5477 539 5531 καίου
569 5476 712 5540 τινὲς
740 5474 1145 5545 ὲπεμελήσαντο
1170 5473 1304 5543 βίου,
1339 5470 1577 5526 ποταπὸν
1606 5470 1824 5543 ἀξίωμα
1852 5470 1946 5526 τοῦ
1990 5494 1993 5497 λ

383 5566 720 5638 προφητικοῦ
739 5565 984 5634 διεσάφει
1012 5561 1173 5635 χοροῦ
1201 5578 1215 5627 ;
1243 5561 1295 5615 τί
1326 5561 1385 5615 δὲ
1409 5561 1469 5615 τὺ
1502 5563 1752 5634 περιττὸν
1775 5563 1949 5635 ἀπήγ-

382 5658 528 5724 γειλε
576 5656 669 5711 τοῦ
722 5658 948 5731 Κυρίου,
980 5657 1143 5710 πᾶσιν
1181 5655 1364 5724 ὅμοιον
1408 5654 1722 5725 ἀποφαίνων
1743 5657 1945 5725 αὐτόν;

454 5751 500 5782 ⁸⁸⁵
527 5750 722 5808 Matth.
752 5769 824 5811 ιν,
858 5751 910 5811 8,
943 5751 995 5805 9.

455 5843 564 5913 (Η)
594 5843 816 5910 Φορῶν.
845 5841 1005 5897 Forte
1035 5842 1226 5915 χορῶν⁴

701 5938 970 5998 ΡΑτιιοι.
1017 5936 1136 5997 Gn.
1187 5934 1406 5996 XVIII.

2051 3250 2259 3306 sanctis
2284 3250 2420 3308 viris
2446 3251 2665 3315 collata,
2696 3267 2804 3306 una
2836 3266 2960 3306 cum
3005 3253 3128 3310 aliis
3175 3255 3428 3311 omnibus
3456 3255 3617 3311 Chri-

2050 3352 2194 3399 stum
2219 3343 2400 3414 ipsum
2432 3343 2497 3399 ad
2525 3341 2730 3399 inferos
2751 3343 3103 3402 descendisse
3125 3346 3479 3403 demonstret.
3508 3349 3614 3405 Sed

2048 3436 2144 3492 ubi
2189 3436 2322 3491 illud
2367 3436 2652 3508 probavit,
2683 3437 2753 3493 ad
2792 3437 3068 3493 hominem
3112 3438 3420 3494 hortatione
3448 3456 3615 3512 agens

2049 3529 2241 3587 scribit
2274 3547 2287 3584 :
2327 3529 2468 3597 Quid
2510 3529 2690 3585 horres
2712 3569 2727 3596 ,
2758 3529 3011 3601 inquiens
3034 3569 3050 3594 ,
3082 3530 3252 3585 dicere
3284 3548 3489 3587 omnem
3535 3533 3616 3589 ιο-

2005 3682 2010 3690 ,
2049 3639 2167 3676 cum
2187 3622 2352 3691 ipsius
2369 3620 2568 3678 Christi
2593 3631 2641 3676 et
2655 3624 3027 3692 prophetarum
3054 3622 3314 3692 indigere?
3334 3622 3399 3680 Et
3425 3627 3615 3695 paucis

2049 3711 2351 3782 interjectis
2396 3726 2598 3768 novum
2628 3712 2960 3768 horrendum
3002 3713 3151 3769 dictu
3182 3716 3491 3781 connectit,
3521 3717 3615 3773 de-

2048 3807 2291 3870 clarans,
2325 3804 2448 3860 licet
2492 3804 2729 3861 Christus
2760 3804 2977 3874 inferius
3008 3815 3177 3871 esset,
3212 3813 3271 3861 ut
3299 3807 3372 3862 ita
3400 3808 3577 3864 dicam
3596 3850 3611 3875 ,

2047 3905 2097 3949 et
2127 3895 2368 3966 inferiori
2409 3895 2552 3959 loco,
2582 3896 2826 3949 electione
2856 3904 3028 3950 tamen
3053 3906 3102 3950 et
3131 3896 3398 3953 voluntate
3433 3899 3486 3953 in
3518 3915 3614 3955 su-

2048 3987 2246 4057 periori
2273 3998 2409 4041 erat.
2447 3985 2523 4041 De
2551 4002 2660 4056 quo
2687 3987 2843 4057 quasi
2876 3986 2944 4043 de
2969 3989 3087 4043 solo
3116 3988 3336 4044 homine
3366 3991 3617 4060 loquere-

2048 4085 2158 4141 tur,
2194 4078 2346 4132 nulla
2375 4077 2522 4134 illius
2569 4076 2766 4133 divinae
2807 4085 3017 4133 naturae
3056 4079 3268 4134 ratione
3314 4079 3528 4147 habita,
3556 4081 3614 4136 in

2049 4169 2235 4224 inﬁma
2275 4170 2426 4226 illum
2467 4169 2604 4225 dixit
2630 4171 2946 4235 devenisse,
2974 4181 3030 4225 et
3057 4171 3106 4227 si
3130 4172 3411 4228 voluntate
3447 4187 3613 4244 supra

2050 4262 2417 4329 ascendisset,
2444 4278 2510 4320 eo
2544 4263 2663 4333 ipso
2717 4263 2879 4318 modo
2924 4264 3134 4319 scilicet
3187 4279 3297 4334 quo
3337 4272 3392 4320 et
3431 4264 3615 4322 caeteri

2051 4357 2323 4414 homines.
2351 4357 2444 4413 Sic
2469 4357 2606 4411 enim
2626 4397 2642 4423 ,
2679 4356 2886 4426 inquit,
2918 4364 2967 4410 et
2999 4356 3261 4426 propheta:
3290 4367 3340 4412 et
3359 4356 3611 4426 Samuel,

2050 4452 2263 4506 tametsi
2297 4467 2356 4506 eo
2384 4449 2700 4506 descendant
2731 4450 2819 4504 ubi
2860 4448 3052 4520 degunt
3093 4451 3286 4505 anima:
3322 4467 3439 4521 quae
3481 4452 3616 4522 infe-

2048 4546 2159 4600 rius
2199 4553 2352 4612 sunt,
2381 4554 2599 4614 possunt
2626 4544 2833 4614 quidem
2863 4546 2919 4597 in
2954 4543 3049 4597 illo
3079 4543 3317 4613 inferiori
3350 4545 3461 4599 loco
3497 4562 3617 4615 per-

2049 4652 2280 4702 manere,
2311 4643 2367 4691 at
2385 4635 2604 4706 inferius
2632 4635 2896 4689 voluntate
2926 4650 3032 4688 non
3060 4642 3205 4689 sunt.
3235 4634 3285 4691 ls
3310 4634 3457 4690 inani
3493 4652 3616 4693 ver-

2047 4732 2243 4786 borum
2289 4728 2448 4800 copia
2498 4726 2756 4798 profusa,
2808 4740 3041 4796 quorum
3078 4741 3180 4782 nec
3231 4727 3424 4784 modus
3468 4729 3616 4788 ullus

2048 4837 2151 4878 nec
2198 4821 2325 4879 ﬁnis
2373 4820 2604 4876 inveniri
2644 4827 2854 4890 potest,
2897 4816 3044 4873 haud
3087 4817 3350 4875 intellexit
3395 4835 3614 4883 omnem

2049 4911 2322 4967 hominem
2344 4952 2361 4980 ,
2398 4911 2525 4966 licet
2558 4909 2615 4964 in
2659 4908 2881 4964 miseria
2929 4909 3066 4965 alios
3106 4908 3369 4975 excedat,
3404 4909 3496 4966 ubi
3543 4911 3612 4967 ad

2050 5003 2255 5060 inferos
2293 5002 2565 5075 migravit,
2598 5000 2850 5073 superius
2876 5000 3074 5071 degere
3099 5002 3397 5059 voluntate.
3428 5002 3614 5075 Itaque

2049 5100 2267 5161 nullus,
2299 5097 2414 5153 sive
2456 5096 2638 5166 justus
2678 5097 2799 5149 sive
2846 5094 3082 5163 iujustus
3104 5134 3120 5159 ,
3160 5096 3372 5165 uspiam
3404 5106 3488 5153 est
3519 5097 3613 5167 qui

2049 5206 2159 5247 non
2191 5189 2454 5247 continuo
2506 5202 2720 5257 semper
2748 5193 2998 5241 teneatur
3028 5185 3300 5243 desiderio
3332 5203 3362 5243 a
3396 5189 3613 5245 subter-

2049 5283 2232 5339 raneis
2259 5264 2326 5337 ad
2368 5294 2625 5353 suprema
2664 5279 2786 5334 loca
2813 5278 3098 5335 redeundi.
3132 5278 3319 5352 Itaque
3347 5283 3393 5335 si
3422 5294 3613 5335 omnes

2048 5376 2214 5434 simul
2254 5373 2323 5429 ad
2367 5373 2574 5430 inferos
2609 5371 2850 5438 devecti,
2890 5372 3021 5429 licet
3075 5374 3241 5429 vitam
3296 5380 3497 5429 rectam
3547 5385 3614 5427 ac

2049 5471 2314 5542 integram
2346 5467 2569 5524 minime
2595 5467 2767 5524 secuti
2795 5466 2935 5532 sint,
2972 5481 3241 5537 supernas
3268 5479 3482 5536 semper
3511 5478 3610 5535 ap.

2049 5569 2239 5635 petunt
2291 5561 2566 5618 stationes
2594 5560 2873 5616 voluntate
2896 5599 2911 5624 ,
2936 5572 3101 5628 quam
3148 5557 3266 5628 ipse
3308 5554 3616 5626 prophetici

2048 5654 2201 5712 chori
2241 5651 2648 5725 praerogativam
2697 5651 2980 5724 agnoscit?
3020 5664 3182 5721 quam
3217 5649 3431 5706 Domini
3476 5649 3616 5708 emi-3

3175 5921 3252 5983 21
