4090 6288
540 326 648 383 ’651

1519 329 1576 383 S.
1619 328 1987 383 EUSTA'I‘IIII
2027 328 2330 386 EPISCOPI
2367 331 2780 390 ANTIOCHENI

3668 337 3782 392 652

537 445 793 498 'ncntiam
839 441 1176 506 manifestat,
1207 457 1331 498 cum
1377 445 1630 500 omnibus
1685 447 1915 500 Similem
1955 447 2086 500 illuu

2222 450 2358 503 Ἀλλ’
2383 451 2554 516 οὕτως
2599 453 2824 524 ἀμαθῶς
2860 454 3089 526 ἐξήχησε
3117 453 3216 526 τὴν
3246 455 3447 526 φωνὴν,
3477 456 3576 510 οὐκ
3597 457 3780 530 ἐννοή-

541 535 836 589 enuntiat?
868 533 958 588 Sic
988 534 1232 604 imperite
1259 551 1446 590 vocem
1487 537 1702 602 emisit,
1750 553 1857 592 non
1910 538 2108 592 intellio

2213 559 2330 605 σας,
2385 544 2466 597 ὅτι
2507 545 2638 608 Θεὸς
2678 541 2746 616 ἦν
2787 547 2815 598 ὁ
2860 546 3063 614 Λόγος·
3104 547 3164 600 οὐ
3200 549 3514 621 προαιρέσει
3549 549 3776 621 μᾶλλον,

551 644 680 698 gens
703 621 938 681 Verbum
970 641 1091 682 esse
1133 634 1187 680 et
1217 626 1515 697 Deum,qui
1555 643 1660 682 non
1688 637 1799 683 tam
1835 631 2086 684 voluntati

2207 635 2621 708 ἀλλ’ἀρετῇτῆς
2645 639 2894 710 θεότητος
2915 639 3222 711 ἁπανταχοῦ
3249 642 3507 713 πάρεστιν
3537 643 3774 714 ἀθρόως.

538 728 709 788 'quam
752 716 1053 773 divinitatis
1092 717 1144 770 vi
1197 718 1376 772 omnia
1425 719 1586 774 simul
1638 729 1904 791 penetrat.
1951 722 2016 776 Et
2059 722 2102 778 si

547 817 673 862 ante
702 807 884 861 omnia
924 808 1218 877 spectabile
1251 825 1411 864 suum
1448 810 1706 879 templum
1744 818 1802 864 ut
1842 811 2105 868 dissolve-

543 908 697 954 retur
739 899 1020 970 permisit,
1063 911 1185 970 post
1232 901 1453 955 tertium
1505 901 1644 956 diem
1692 918 1831 958 nova
1871 903 2101 974 quadam

543 991 753 1046 ratione
801 992 982 1046 statim
1039 1007 1103 1048 ac
1146 993 1340 1047 iterum
1387 994 1641 1048 excitavit
1684 1015 1696 1050 :
1745 998 1922 1051 anima
1975 1013 2103 1052 vero

543 1080 688 1136 illius
731 1081 980 1135 humanaa
1012 1081 1359 1138 habitationis
1397 1084 1451 1137 in
1481 1084 1695 1141 intimas
1727 1094 1885 1142 terra:
1921 1097 2101 1159 partes

538 1172 892 1242 perveniens,
930 1183 1115 1242 portas
1141 1190 1261 1245 quae
1289 1175 1365 1230 ibi
1395 1184 1551 1230 erant
1579 1178 1780 1247 impetu
1810 1179 1954 1235 facto
1982 1197 2102 1249 ape-

537 1267 668 1332 ruit,
688 1268 1003 1339 animasque
1021 1269 1096 1324 ibi
1111 1269 1358 1326 detentas
1369 1272 1619 1326 extraxit:
1637 1273 1716 1328 sic
1730 1283 1906 1328 autem
1919 1273 2099 1328 divina

537 1361 895 1415 corroborata
917 1361 1233 1418 fuitvirtute
1253 1370 1475 1433 propter
1492 1362 1584 1419 Dei
1598 1373 1652 1420 et
1669 1364 1830 1421 Verbi
1862 1381 2078 1422 commu

537 1452 779 1517 nionem,
798 1458 856 1506 ut
880 1467 1094 1507 omnem
1119 1453 1174 1506 in
1197 1454 1490 1510 seomnino
1515 1463 1831 1525 potestatem
1855 1458 2094 1514 haberet.

604 1538 790 1596 XVIII.
831 1540 944 1613 Ego
985 1557 1115 1596 vero
1166 1541 1330 1596 credo
1376 1543 1537 1613 hujus
1580 1545 1947 1615 conjecturam
1977 1564 2099 1604 esse

525 1634 761 1689 minime
804 1634 996 1690 levem.
1036 1634 1172 1689 Cum
1205 1636 1348 1691 enim
1403 1636 1459 1692 in
1510 1639 1895 1697 subterraneos
1948 1642 2096 1698 locos

524 1729 809 1800 perVenit,
842 1728 967 1784 inde
999 1729 1226 1786 latronis
1248 1732 1484 1786 animam
1513 1734 1700 1789 eodem
1733 1735 1822 1790 die
1849 1735 1902 1790 in
1937 1751 2096 1806 para-

535 1821 712 1876 disum
742 1817 1062 1876 introduxit.
1096 1820 1228 1876 Nam
1272 1823 1317 1877 si
1353 1838 1450 1893 per
1472 1840 1637 1878 unum
1668 1827 1934 1883 hominem
1967 1830 2090 1883 uni—

533 1913 713 1966 versis
755 1911 1089 1968 *mortalibus
1132 1913 1282 1968 salus
1321 1914 1572 1979 advenit,
1605 1917 1948 1973 manifestum
1995 1920 2086 1984 tit,

535 2005 770 2056 animam
804 2004 1014 2058 animas
1035 2020 1164 2074 qua:
1190 2004 1444 2074 ejusdem
1482 2015 1610 2062 sunt
1638 2009 1853 2078 generis
1884 2010 2089 2066 redem-

531 2099 654 2160 ptas
702 2091 1002 2157 liberasse,
1055 2101 1167 2147 tum
1206 2094 1272 2148 ‘in
1327 2093 1804 2152 subterranearum
1854 2100 2088 2170 partium

531 2181 698 2244 chaos
734 2196 955 2238 accessu
975 2221 990 2245 ,
1035 2191 1147 2237 tum
1177 2184 1232 2238 in
1263 2184 1694 2254 antiquissimam
1715 2189 1948 2259 paradisi
1979 2197 2089 2245 sta-

529 2271 731 2326 tionem
765 2271 1124 2338 restitutione,
1170 2275 1320 2344 regni
1371 2277 1752 2347 insuperabilis
1802 2287 2085 2350 potestate.

529 2365 630 2422 His
655 2382 894 2423 consona
925 2366 1016 2423 Dei
1047 2368 1216 2424 Filius
1255 2381 1542 2440 antequam
1579 2372 1691 2428 haec
1727 2384 1909 2429 essent
1952 2392 2089 2447 prae-

532 2458 746 2515 dicebat
775 2479 789 2514 :
825 2457 992 2513 Nemo
1025 2458 1256 2514 ascendit
1286 2463 1340 2515 in
1368 2463 1551 2518 caelum
1572 2505 1587 2527 ,
1629 2467 1732 2519 nisi
1763 2467 1851 2537 qui
1878 2466 1940 2520 de
1963 2469 2088 2523 caelo

533 2547 818 2613 descendit,
845 2547 1016 2603 Filius
1052 2549 1275 2604 hominis
1313 2554 1401 2622 qui
1434 2555 1490 2606 in
1529 2556 1670 2610 caelis
1700 2567 1776 2609 est
1801 2557 1866 2613 ⁵⁵.
1904 2558 2089 2627 Itaque

518 2641 581 2697 ‘si
610 2640 880 2696 fatebatur
907 2657 1030 2698 eum
1068 2645 1160 2714 qui
1191 2661 1256 2700 ex
1284 2646 1522 2702 humano
1558 2663 1754 2718 genere
1778 2658 1956 2704 ortum
1989 2651 2089 2706 du-

530 2738 701 2796 ceret,
722 2731 897 2787 solum
919 2748 982 2788 ex
1008 2735 1260 2791 omnibus
1288 2737 1344 2790 in
1372 2737 1568 2794 caelum
1591 2739 1923 2801 ascendisse.
1939 2740 2089 2797 inde-

508 2839 633 2890 --que
673 2839 889 2880 rursum
921 2825 1026 2879 huc
1057 2825 1435 2893 descendisse,
1469 2828 1663 2899 hicque
1695 2841 2087 2888 commoratum

523 2915 585 2971 in
618 2918 813 2970 coelum
847 2918 1100 2981 tendere,
1135 2925 1280 2987 patet
1313 2919 1507 2974 animae
1541 2921 1590 2974 vi
1622 2936 1686 2976 ac
1715 2923 1946 2992 quadam
1988 2939 2087 2980 ex-

509 3009 773 3063 ‘cellentia
802 3009 891 3063 illa
922 3010 1240 3066 absolvisse.
1273 3011 1470 3066 Sancta
1499 3013 1642 3068 enim
1677 3013 1879 3069 Christi
1909 3017 2088 3070 anima

2207 730 2269 782 Ei
2297 729 2353 782 δέ
2385 730 2560 783 καὶτὸ
2596 731 2828 800 μάλιστα
2857 731 2946 784 τὸν
2982 732 3228 803 ἔκκριτον
3259 733 3452 787 ἑαυτοῦ
3485 735 3612 789 ναὸν
3639 735 3772 788 ἐπέ-

2204 823 2368 893 τρεψε
2398 822 2639 894 λυθῆναι,
2669 827 2959 897 τριήμερον
2987 827 3084 895 μὲν
3109 821 3303 880 αὐτίκα
3329 827 3490 880 πάλιν
3510 829 3770 901 ἀνήγειρε

2204 917 2615 988 καινοπρεπῶς’
2647 917 2752 987 ήδέ
2775 916 2916 988 ψυχὴ
2949 917 3101 970 τοῦδε
3133 918 3224 971 τοῦ
3259 917 3595 989 ἀνθρωπείου
3629 937 3768 992 σκη-

2203 1007 2448 1080 νώματος
2477 1012 2556 1073 είς
2596 1009 2664 1063 τὰ
2689 1009 2973 1064 κατώτατα
2995 1011 3324 1066 κατελθοῦσα
3346 1013 3484 1085 μέρη
3513 1015 3609 1085 τῆς
3638 1014 3767 1086 γῆς,

2200 1101 2499 1154 ἀνεπέτασε
2553 1100 2650 1164 τὰς
2711 1103 2886 1156 ἐκεῖσε
2946 1103 3116 1167 πύλας
3155 1104 3326 1176 ἀθρόᾳ
3363 1106 3522 1176 ῥοπῇ,
3556 1106 3771 1170 καὶτὰς

2200 1193 2384 1247 αὐτόθι
2412 1192 2807 1265 καθειργμένας
2834 1195 3001 1266 ἀνῆκε
3034 1195 3238 1265 ψυχάς·
3267 1193 3770 1270 οῦτωὸἐέόεσπεσίᾳ

2201 1285 2598 1354 κεκραταίωται
2641 1278 2871 1356 δυνάμει
2924 1285 3012 1339 διὰ
3059 1283 3156 1356 τὴν
3176 1285 3270 1340 τοῦ
3301 1285 3434 1340 Θεοῦ
3471 1290 3563 1342 καὶ
3587 1289 3766 1358 Λόγου

2202 1379 2504 1443 συνουσίαν,
2531 1377 2666 1431 ὥστε
2702 1371 2796 1432 καὶ
2824 1375 3156 1450 παντέφορον
3185 1379 3324 1450 ἔχειν
3354 1381 3617 1448 ἐξουσίαν.

2266 1532 2452 1588 XVIII.
2511 1533 2668 1588 Ἀλλά
2729 1534 2835 1606 μὴν
2884 1533 3058 1602 ἔγωγε
3117 1533 3368 1606 πείθομαι
3423 1537 3514 1590 καὶ
3570 1536 3763 1591 τούτου

2195 1628 2489 1699 τεκμήριον
2521 1622 2655 1680 εἶναι
2690 1627 2885 1695 σαφέςο
2919 1627 3152 1698 ὁπηνίκα
3199 1628 3298 1698 μὲν
3329 1629 3407 1692 είς
3437 1629 3562 1692 τοὺς
3596 1647 3766 1683 κατα-

2195 1716 2434 1786 χθονίους
2461 1717 2736 1785 ἀφικνεῖτο
2761 1718 2976 1782 τόπους,
3009 1720 3067 1770 ἐν
3105 1717 3284 1788 ταυτῷ
3315 1719 3370 1772 δὲ
3408 1720 3500 1772 καὶ
3539 1720 3636 1790 τὴν
3667 1720 3764 1774 τοῦ

2126 1788 2166 1842 Β
2194 1807 2388 1879 λῃστοῦ
2415 1808 2589 1881 ψυχὴν
2619 1809 2922 1881 αὐθήμερον
2945 1810 3160 1881 εἰσῆγεν
3193 1811 3272 1872 είς
3298 1810 3386 1863 τὸν
3415 1788 3760 1882 παράδεισον.

2190 1901 2254 1954 Ei
2277 1900 2384 1974 γὰρ
2417 1901 2482 1954 δι’
2531 1901 2648 1966 ἑνὸς
2691 1901 2974 1974 ἀνθρώπου
3005 1905 3118 1968 τοῖς
3164 1903 3363 1958 ἅπασιν
3399 1904 3634 1976 ὑπῆρξεν
3663 1907 3758 1958 ἀν-

2191 1991 2426 2064 θρώποις
2453 1994 2485 2064 ή
2520 1993 2779 2064 σωτηρία,
2812 1993 3092 2065 πρόδηλον,
3136 1995 3213 2059 ὡς
3249 1997 3281 2066 ή
3326 1994 3471 2067 ψυχὴ
3498 1995 3595 2060 τὰς
3623 1996 3758 2067 ὁμοι

2189 2087 2364 2152 γενείς
2394 2084 2780 2154 ἀναλυτροῦται
2821 2085 3017 2156 ψυχὰς,
3063 2087 3180 2158 ἅμα
3221 2088 3320 2158 μέν
3361 2090 3440 2151 είς
3479 2088 3548 2141 τά
3590 2106 3758 2142 κατα-

2188 2178 2372 2248 χθόνια
2409 2178 2669 2232 κατιοῦσα
2692 2178 2833 2250 μέρη
2871 2177 2966 2232 τοῦ
2995 2180 3176 2250 χάους,
3206 2179 3322 2250 ἅμα
3347 2179 3405 2233 δὲ
3441 2180 3537 2234 καὶ
3563 2184 3628 2252 τῇ
3657 2182 3760 2253 ἀρ-

2189 2269 2443 2340 χαιοτάτῃ
2476 2267 2569 2322 τοῦ
2601 2269 2921 2341 παραδείσου
2970 2270 3128 2324 πάλιν
3173 2271 3589 2326 ἀποκαθιστῶσα
3619 2275 3756 2344 νομῇ

2188 2361 2278 2416 τὸν
2308 2361 2692 2416 ὑπεισδύνοντα
2715 2361 2794 2433 τῷ
2821 2363 3008 2434 κράτει
3036 2363 3134 2433 τῆς
3164 2365 3427 2436 ἀηττήτου
3459 2364 3753 2435 βασιλείας.

2203 2454 2492 2508 Ἀκόλουθα
2507 2455 2563 2508 δέ
2587 2456 2679 2508 καὶ
2699 2456 2803 2527 πρὸ
2826 2455 3026 2510 τούτων
3047 2458 3075 2509 ό
3090 2455 3182 2508 τοῦ
3201 2455 3334 2509 Θεοῦ
3357 2457 3491 2520 Παῖς
3521 2457 3757 2530 ἐμαρτύ-

2192 2561 2333 2616 ρετο,
2351 2544 2650 2616 προλέγων,
2682 2548 2763 2600 ὅτι
2797 2547 2887 2600 καὶ
2910 2547 3114 2613 Οὐδείς
3147 2548 3510 2618 ἀναϐέϐηκεν
3534 2552 3621 2617 είς
3650 2550 3756 2605 τὸν

2189 2639 2465 2708 οὐρανὸν,
2485 2641 2537 2693 εί
2566 2639 2647 2709 μὴ
2681 2643 2714 2694 ὀ
2745 2641 2811 2694 ἐκ
2844 2640 2950 2694 τοῦ
2981 2641 3238 2708 οὐρανοῦ
3272 2642 3548 2708 καταϐὰς,
3580 2645 3754 2711 ὀΥὶός

2187 2731 2295 2786 τοῦ
2311 2731 2641 2801 ἀνθρώπου,
2665 2735 2697 2786 ό
2717 2733 2800 2785 ὢν
2818 2733 2887 2786 ἐν
2904 2731 2984 2798 τῷ
3003 2733 3253 2802 οὐρανῷ.
3277 2735 3575 2806 Τοιγαροῦν
3597 2737 3753 2806 εἴπερ

2188 2823 2391 2892 ἔφασκε
2419 2823 2507 2877 τὸν
2537 2825 2601 2877 ἐκ
2632 2823 2722 2877 τοῦ
2753 2823 3085 2895 ἀνθρωπείου
3115 2825 3303 2893 γένους
3333 2826 3648 2898 ὁρμώμενον
3675 2831 3754 2891 εξς

2187 2916 2411 2988 οὐρανὸν
2455 2916 2550 2973 μὲν
2575 2915 2963 2987 ἀναϐεϐηκέναι
2997 2916 3296 2986 μονῶτατον
3329 2920 3393 2970 ἐκ
3427 2918 3664 2982 πάντων,
3689 2920 3754 2972 ἐκ

2187 3009 2245 3063 δὲ
2264 3009 2371 3063 τῶν
2399 3009 2574 3062 ἐκεῖσε
2608 3009 2765 3063 πάλιν
2795 3008 3220 3080 καταϐεϐηκέναι
3253 3009 3455 3065 ἐνθάδε.
3479 3011 3572 3064 καὶ
3597 3009 3755 3081 δεῦρο

511 3114 652 3153 λουηι
682 3099 790 3154 Deo
815 3107 868 3155 et
910 3099 1086 3156 Verbo
1115 3102 1435 3167 convivens,
1467 3105 1648 3159 omnia
1678 3106 1893 3176 quidem
1923 3107 2084 3162 simul

2190 3103 2456 3175 βεϐηκότα
2493 3105 2676 3174 φοιτᾷν
2715 3105 2770 3155 ἐν
2803 3102 3035 3174 οὐρανῷ,
3071 3104 3425 3173 συνέστηκεν,
3460 3103 3545 3158 ὅτι
3579 3102 3756 3174 ψυχῆς

527 3190 743 3254 Iusuat,
779 3189 834 3245 in
867 3192 1039 3262 ipsum
1075 3209 1384 3263 supremum
1417 3196 1614 3252 etclam
1649 3198 1928 3263 ascendit,
1976 3215 2085 3269 quo

511 3297 686 3337 nemo
709 3282 986 3338 hominum
1011 3285 1276 3354 pervenit.
1307 3283 1517 3356 Quippe
1547 3290 1610 3339 ad
1646 3287 1757 3342 haec
1780 3289 1983 3344 elevata
2002 3298 2086 3345 est

505 3382 578 3430 ὀι
610 3375 843 3430 humana
876 3374 1048 3430 forma
1077 3417 1089 3437 ,
1139 3392 1301 3446 quam
1333 3377 1473 3433 Deus
1502 3389 1556 3433 et
1582 3374 1819 3434 Verbum
1861 3391 2084 3436 susten-

505 3466 677 3520 tavit.
712 3465 911 3520 Verum
944 3465 1037 3521 Dei
1068 3465 1259 3522 Filium
1299 3469 1497 3540 ubique
1544 3478 1595 3524 et
1638 3480 1856 3541 repente
1895 3473 2085 3530 adesse

522 3561 640 3632 ipse
670 3560 832 3614 etiam
869 3559 1109 3618 ‘Joannes
1141 3569 1372 3619 testatus
1418 3571 1531 3625 cst,
1579 3564 1671 3633 qui
1700 3564 1974 3621 Christum
2003 3567 2085 3637 ip-

505 3667 644 3708 sum
673 3650 910 3716 audivit,
958 3653 1269 3724 ingentique
1321 3668 1453 3709 voce
1487 3655 1685 3710 clamat
1709 3657 1776 3711 ad
1810 3659 2028 3713 verbum
2067 3679 2080 3715 :

518 3742 688 3796 Deum
712 3759 858 3797 nemo
887 3743 1012 3799 vidit
1044 3761 1271 3814 unquam
1298 3762 1316 3799 :
1350 3747 1642 3816 unigenitus
1685 3745 1860 3802 Filius
1890 3750 1978 3819 qui
2006 3760 2082 3804 est

507 3835 575 3888 'in
604 3835 722 3888 sinu
750 3834 951 3899 Patris,
989 3836 1076 3889 ille
1103 3839 1342 3905 exposuit
1371 3838 1436 3893 ⁸⁸.
1464 3837 1528 3890 Et
1559 3847 1735 3893 tamen
1770 3855 1896 3894 cum
1925 3839 2084 3896 Chri-

521 3935 639 3982 stus
666 3926 754 3980 hic
776 3926 1021 3997 degeret,
1060 3943 1287 3998 corpore
1317 3930 1648 3995 ambulabat,
1679 3931 1806 3986 dum
1839 3931 1940 3988 hos
1961 3950 2082 3989 εει-ο

518 4033 708 4071 mones
745 4017 979 4073 Joannes
1011 4019 1296 4088 offerebat;
1329 4021 1451 4092 qui,
1508 4023 1656 4078 illius
1703 4024 1886 4081 verbis
1926 4041 2083 4082 exce-

520 4111 644 4180 ptis,
667 4111 1018 4178 praedicabat,
1045 4113 1193 4166 iIlum
1232 4115 1449 4184 quidem
1479 4116 1534 4170 in
1559 4116 1682 4172 sinu
1711 4115 1890 4173 Patris
1920 4133 2076 4184 esse,

519 4203 610 4271 qui
650 4216 814 4271 super
842 4215 981 4258 terra
1015 4219 1119 4258 una
1150 4220 1271 4259 cum
1305 4208 1424 4275 ipso
1451 4222 1678 4278 corpore
1715 4211 2078 4279 convivebat;

518 4295 788 4366 quomodo
822 4313 931 4351 non
961 4297 1367 4367 intelligendum
1416 4307 1497 4354 est
1530 4307 1659 4354 tunc
1706 4303 1868 4356 etiam
1912 4304 2080 4359 cmlos

517 4385 832 4452 ascendere,
866 4394 920 4441 et
945 4387 1075 4442 dum
1115 4387 1170 4440 in
1217 4388 1340 4442 sinu
1369 4387 1546 4443 Patris
1577 4390 1816 4460 degeret,
1847 4393 1902 4447 in
1933 4402 2078 4448 terra

2187 3194 2355 3264 ἀρετῇ
2387 3192 2556 3246 ταῦτα
2582 3192 2844 3262 ἔπραττεν
2875 3195 2903 3245 ὁ
2939 3191 3219 3262 ἄνθρωπος
3252 3193 3541 3264 ἐκκρίτως·
3577 3195 3608 3263 ἡ
3647 3193 3755 3266 γὰρ

2185 3283 2314 3352 ἀγία
2336 3283 2429 3336 τοῦ
2453 3283 2687 3354 Χριστοῦ
2707 3283 2849 3354 ψυχὴ
2873 3283 2950 3353 τῷ
2967 3283 3084 3354 Θεῷ
3111 3283 3531 3354 συνδιαιτωμένη
3549 3283 3642 3337 καὶ
3662 3284 3757 3336 Λόο

2185 3393 2286 3446 γῳ,
2305 3377 2476 3430 πάντα
2503 3377 2597 3446 μὲν
2620 3376 2965 3447 ὲκπεριπολεῖ
2982 3376 3295 3447 συλλήϐδην,
3315 3377 3394 3440 είς
3413 3377 3572 3429 αὐτὸν
3591 3376 3646 3429 δὲ
3675 3376 3754 3445 βέ-

2185 3467 2321 3538 ϐηκε
2361 3467 2451 3520 τὸν
2486 3465 2754 3521 ἀνώτατον
2797 3467 3041 3538 οὐρανὸν,
3077 3469 3154 3530 εἰς
3185 3467 3242 3519 ὃν
3274 3468 3446 3531 οὐδεὶς
3479 3467 3633 3531 ἄλλος
3662 3468 3753 3520 ἀν-

2183 3558 2312 3630 ἦλθε
2339 3559 2447 3612 τῶν
2470 3559 2766 3631 ἀνθρώπων
2783 3576 2795 3588 ·
2825 3559 2958 3613 ἀλλά
2977 3558 3145 3612 ταῦτα
3167 3562 3244 3622 είς
3270 3560 3439 3632 αὐτὴν
3460 3561 3754 3632 ἀνήρτηται

2183 3651 2282 3722 τὴν
2312 3651 2651 3722 ἀνθρωπείαν
2670 3651 2860 3715 είδέαν,
2887 3651 2952 3722 ἣν
2972 3653 3000 3704 ὁ
3023 3651 3153 3715 Θεὸς
3182 3653 3404 3723 ἐφόρεσε
3429 3654 3522 3706 καὶ
3551 3653 3750 3720 Λόγος·

2183 3744 2265 3798 ὅτι
2295 3745 2352 3799 δὲ
2385 3743 2654 3815 πανταχοῦ
2693 3744 2949 3814 πάρεστιν
2991 3743 3198 3814 ἀθρόως
3233 3746 3260 3796 ὁ
3293 3742 3385 3794 τοῦ
3417 3743 3549 3795 Θεοῦ
3592 3745 3747 3808 Παῖς,

2181 3841 2280 3912 οὐχ
2307 3840 2504 3909 ἣκιστα
2523 3839 2613 3893 καὶ
2642 3839 2766 3910 περὶ
2789 3836 2976 3889 τούτου
3000 3836 3203 3906 μάρτυς
3225 3834 3446 3900 ἕστηκεν
3476 3833 3742 3904 Ἰωάννης,

2183 3935 2445 4005 αὐτήκοος
2493 3934 2588 4004 μὲν
2633 3931 2890 4002 ὑπάρχων
2921 3927 3078 3981 αὐτοῦ
3108 3923 3197 3977 τοῦ
3245 3923 3509 3992 Χριστοῦ,
3553 3923 3646 3994 βοᾷ
3686 3925 3744 3976 δὲ

2183 4025 2492 4095 γεγωνότως
2519 4020 2790 4088 αὐτολεξεί
2807 4039 2819 4051 ·
2853 4019 2997 4073 Θεὸν
3019 4015 3212 4079 οὐδεὶς
3237 4012 3455 4080 ἑώρακε
3481 4012 3710 4066 πώποτε
3726 4031 3742 4044 ·

2183 4124 2216 4174 ό
2257 4117 2589 4188 μονογενὴς
2634 4114 2765 4179 Υἱὸς
2792 4116 2824 4166 ὁ
2852 4110 2935 4163 ὢν
2958 4113 3041 4174 εἰς
3079 4107 3185 4158 τὸν
3211 4107 3442 4159 κόλπον
3484 4105 3588 4159 τοῦ
3633 4109 3747 4158 Πω-

2182 4211 2320 4279 τρὸς
2347 4211 2572 4276 ἐκεῖνος
2602 4205 2954 4277 ἐξηγήσατο.
2986 4200 3092 4253 Καὶ
3117 4200 3222 4270 μὴν
3256 4201 3303 4252 εἱ
3347 4199 3512 4284 ,δεῦρο
3563 4199 3748 4272 παρὼν

2183 4303 2437 4372 ἐπεφοίτα
2484 4299 2802 4372 σωματικῶς
2855 4298 2883 4350 ὁ
2932 4291 3193 4364 Χριστὸς,
3247 4293 3482 4362 ὁπηνίκα
3532 4293 3746 4356 τούτους

2183 4394 2509 4466 ἀπήγγειλεν
2550 4393 2799 4462 Ἰωάννης
2828 4388 2948 4448 τοὺς
2993 4385 3202 4452 λόγους,
3243 4386 3271 4437 ὁ
3310 4383 3366 4435 δὲ
3415 4382 3513 4447 τὰς
3557 4386 3746 4439 τούτου

515 4479 969 4549 quemadmodum
1002 4479 1169 4535 Deum
1201 4480 1428 4535 decebat
1450 4479 1847 4552 deambulasse,
1878 4494 1932 4540 et
1957 4501 2076 4542 om-

2187 4489 2366 4560 ρήσεις
2397 4487 2783 4558 ὑποδεξάμενος
2810 4484 3065 4554 ἐκήρυττε
3094 4479 3190 4550 μὲν
3221 4479 3378 4532 αὐτὸν
3404 4479 3460 4530 ἐν
3485 4481 3595 4540 τοῖς
3627 4478 3744 4530 κόλ-

515 4572 675 4625 nibus
705 4571 886 4637 simul,
922 4570 1088 4626 veluti
1117 4570 1284 4626 Deum
1319 4569 1597 4627 adfuisse?

2185 4597 2307 4644 ποις
2329 4575 2464 4633 εἷναι
2488 4579 2581 4633 τοῦ
2608 4577 2837 4650 Πατρὸς,
2867 4572 3188 4642 ἑστιώμενον
3222 4572 3312 4624 ἐπὶ
3337 4571 3438 4638 γῆς
3467 4569 3613 4640 αὐτῷ
3645 4567 3739 4621 σώ-

518 4683 676 4734 ματιο
712 4665 828 4729 πῶς
853 4667 952 4720 οὐκ
979 4665 1272 4737 ἐννοητέον,
1301 4666 1382 4718 ὅτι
1410 4666 1502 4718 καὶ
1538 4665 1643 4720 τῶν
1702 4669 1942 4740 οὐρανῶν
1976 4673 2296 4748 ἐπεϐεϐήκει
2323 4675 2428 4728 τῶν
2459 4675 2614 4728 τοῦτο
2671 4672 2782 4743 (12)
2824 4670 2917 4724 καὶ
2967 4668 3041 4730 ὼς
3085 4666 3298 4719 κόλπων
3357 4667 3488 4718 εἴσω
3532 4662 3735 4716 διαιτώ·

519 4777 676 4829 μενος
725 4761 818 4814 καὶ
862 4764 927 4832 τῇ
977 4764 1048 4832 γῇ
1099 4761 1415 4833 θεοπρεπῶς
1455 4762 1749 4834 ἐπεδήμει,
1800 4766 1893 4820 καί¹
1936 4770 2097 4822 πᾶσιν
2123 4772 2257 4843 ὁμοῦ
2292 4773 2490 4844 παρῆν,
2517 4767 2604 4825 οἷα
2636 4769 2801 4831 Θεός;

586 4853 726 4909 XIX.
769 4854 828 4908 Si
875 4856 996 4925 quis
1030 4863 1208 4912 autem
1251 4854 1477 4910 Judaica
1513 4856 1764 4918 laborans
1794 4861 2068 4924 caecitate,

515 4946 853 5016 evangelicas
878 4962 1039 5003 voces
1067 4964 1175 5002 non
1206 4948 1434 5017 recipit,
1482 4949 1584 5017 ipsi
1619 4947 1925 5007 Salomonis
1949 4969 2073 5008 ora-

515 5040 634 5095 cula
665 5039 1032 5104 adducemus,
1083 5049 1137 5096 et
1186 5042 1266 5096 sic
1315 5041 1613 5098 orationem
1674 5043 2074 5105 formahimus:

516 5131 715 5200 Quippe
753 5148 871 5184 cum
900 5133 1128 5201 quietum
1172 5133 1438 5188 silentium
1469 5136 1752 5190 contineret
1776 5140 1953 5193 omnia
1979 5180 1993 5204 ,
2026 5151 2074 5196 et

516 5241 618 5279 no.1:
650 5225 703 5276 in
738 5239 833 5276 suo
862 5239 1017 5277 cursu
1057 5223 1280 5277 medium
1318 5227 1417 5280 iter
1456 5226 1697 5292 haberet,
1750 5234 2073 5300 omnipotens

516 5327 660 5370 tuum
696 5315 920 5368 Verbum
946 5332 974 5369 e
1007 5316 1132 5369 caelo
1161 5333 1193 5369 a
1220 5318 1478 5386 regalibus
1513 5320 1712 5376 thronis
1737 5338 1910 5376 ensem
1940 5340 2068 5376 acu-

517 5420 646 5474 tum,
676 5412 934 5464 sincerum
958 5411 1154 5464 scilicet
1189 5411 1493 5465 mandatum
1525 5425 1672 5468 tuum
1698 5417 1886 5485 ferens,
1920 5427 2068 5472 stans

580 5568 641 5600 -⁸³
665 5566 828 5623 Joan.
885 5583 963 5630 ιιι,
1015 5567 1101 5622 I5.
1178 5537 1222 5600 δὲ
1254 5569 1415 5625 Joan.
1453 5587 1491 5637 ι,
1525 5573 1614 5628 18.

575 5726 700 5800 (Ii)
739 5728 859 5784 Τῶν
886 5732 1078 5787 τοῦτο.
1112 5729 1267 5788 Fortc
1294 5730 1400 5786 τῶν
1436 5731 1649 5804 τρίτων.

2250 4865 2388 4919 XIX.
2421 4867 2481 4918 Et
2505 4865 2560 4918 δέ
2582 4881 2663 4926 τις
2699 4859 2988 4928 Ἰουδαῖκὴν
3012 4853 3306 4926 ἀρρωστῶν
3353 4849 3604 4919 ἀϐλεψίαν
3640 4849 3739 4913 τὰς

2181 4957 2534 5028 εὐαγγελικάς
2561 4957 2619 5008 οὐ
2653 4951 2928 5025 προσίεται
2975 4949 3176 5018 φωνὰς.
3215 4945 3475 5000 ἐπακτέον
3499 4943 3643 5014 αὐτῷ
3672 4941 3742 4996 τά

2181 5053 2274 5106 τοῦ
2304 5049 2642 5122 Σολομῶντος
2672 5043 3086 5114 ἀποφθέγματα,
3123 5041 3214 5094 καὶ
3245 5039 3430 5109 ῥητέον
3458 5032 3560 5092 ὧδέ
3594 5053 3737 5099 πῶς’

2185 5146 2450 5214 Ἦσύχου
2484 5143 2590 5212 γὰρ
2631 5136 2806 5208 σιγῆς
2849 5133 3242 5204 περιεχούσης
3289 5131 3359 5184 τὰ
3399 5129 3609 5190 πάντα,
3645 5126 3740 5179 καὶ

2179 5235 2400 5301 νυκτὸς
2432 5235 2500 5288 ἐν
2531 5233 2655 5296 ἰδίῳ
2693 5228 2851 5298 τάχει
2883 5223 3281 5294 μεσαζούσης,
3314 5226 3345 5276 ό
3375 5218 3739 5274 παντοδύνα-

2171 5328 2287 5395 μός
2317 5343 2432 5380 σου
2461 5325 2644 5391 Λόγος
2671 5321 2771 5376 ἀπ’
2794 5315 3050 5387 οὐρανοῦ
3079 5316 3148 5369 ἐκ
3171 5316 3391 5382 θρόνων
3408 5305 3741 5377 βασιλικῶν

2176 5419 2349 5488 ξίφος
2369 5417 2478 5484 ὀξὺ
2508 5415 2618 5485 τὴν
2647 5415 3045 5481 ἀνυπόκριτον
3068 5405 3353 5473 ἐπιταγήν
3383 5420 3497 5460 σου
3528 5401 3742 5470 φέρων,
