4090 6288
385 374 492 433 655

1265 374 1353 429 DE
1391 373 1981 431 ENGASTRIMYTHO
2019 374 2299 432 CONTRA
2341 373 2717 432 ORIGENEM.

3526 380 3631 435 ϐω

378 515 530 565 στας
558 496 875 566 ἐπλήρωσε
908 492 1167 550 θανάτου
1211 499 1283 552 τὰ
1316 505 1515 553 πάντα
1530 515 1544 529 ·
1578 500 1677 553 καὶ
1706 501 1960 571 οὐρανοῦ

2068 510 2233 556 morte
2255 501 2433 556 omnia
2450 502 2698 571 replevit;
2725 513 2774 555 et
2806 499 2992 553 caelum
3018 494 3223 566 quidem
3247 490 3511 563 tangebat,
3538 507 3632 563 pe-

378 593 496 665 μὲν
523 591 760 659 ἥπτετο,
783 590 1028 657 ,ϐεϐήκει
1055 591 1123 645 δὲ
1156 593 1253 646 ἐπὶ
1285 593 1416 662 τῆς.
1458 596 1519 648 Εἰ
1554 596 1731 649 τοίνυν
1752 599 1781 651 ὁ
1808 614 1966 669 μονο-

383 684 547 754 γενὴς
593 683 716 747 Υἱὸς
746 681 911 735 αὑτοῦ
942 682 1035 737 τοῦ
1077 683 1212 738 Θεοῦ
1252 687 1425 755 Λόγος
1456 689 1844 760 ἀναγορεύεται
1874 691 1968 745 καὶ

382 775 515 838 Θεὸς
538 772 776 845 ὁμοδὸξῳ
811 774 1042 844 συνοδίᾳ,
1076 775 1143 827 δι’
1180 771 1242 830 οὗ
1284 779 1570 846 γεγόνασιν
1597 781 1836 850 ἄγγελοι,
1875 783 1964 836 οὐ-

384 869 557 939 ρανοὶ,
596 867 687 921 καὶ
720 868 814 938 γῆ.
838 869 932 923 καὶ
951 867 1206 933 θάλαττα,
1239 871 1332 923 καὶ
1361 870 1534 940 βυθοὶ,
1561 875 1656 927 καὶ
1681 875 1967 948 φωστῆρες

381 960 785 1031 οὐρανοδρὸμοι,
821 962 915 1014 καὶ
945 961 1242 1034 συλλήϐδην
1277 964 1451 1018 εἰπεῖν
1489 966 1676 1021 ἀπασα
1706 967 1815 1021 τῶν
1845 985 1969 1037 γεν-

383 1051 560 1124 νητῶν
595 1055 627 1123 ἡ
661 1053 949 1116 σύστασις·
992 1048 1146 1116 οὗτος
1174 1054 1230 1108 δὲ
1268 1055 1451 1129 δικαίᾳ
1480 1059 1657 1131 κρίσει
1706 1061 1968 1132 σωφρονί-

384 1143 492 1208 ζων
521 1144 765 1208 ἅπαντας
796 1145 983 1216 θρόνου
1013 1146 1110 1218 μέν
1136 1147 1425 1219 οὐρανόθεν
1457 1150 1637 1221 ἔχεται
1665 1153 1765 1224 τῆς
1794 1153 1964 1207 ἀϊδίου

386 1235 684 1321 βασιλείας,
720 1238 871 1310 ὀξείᾳ
918 1239 973 1293 δὲ
1012 1243 1331 1310 τιμωρεῖται
1382 1241 1507 1315 δίκῃ
1548 1245 1673 1308 τοὺς
1718 1245 1961 1311 ἀδίκους·

384 1329 519 1383 ἀλλὰ
554 1330 660 1401 μὴν
691 1329 838 1401 ἔργῳ
880 1332 973 1384 xal
999 1330 1191 1403 πράξει
1215 1333 1620 1407 παντοδύναμος
1647 1334 1743 1401 ῶν,
1774 1337 1869 1391 ἀτε
1901 1336 1964 1409 δὴ

382 1419 514 1486 θεὸς
553 1423 646 1476 καὶ
694 1423 830 1478 Θεοῦ
870 1422 1068 1493 Λόγος,
1116 1424 1348 1493 οὐρανοῦ
1391 1427 1487 1498 μὲν
1531 1429 1753 1498 ἥπτετο,
1801 1430 1963 1502 βεϐή-

382 1531 468 1568 κει
506 1513 562 1567 δέ
600 1514 692 1568 ἐπὶ
720 1514 823 1585 γῆς
865 1515 923 1568 ἐν
962 1516 1174 1590 ταυτῷ·
1225 1517 1476 1591 θεότητος
1511 1520 1679 1592 ἀρετῇ
1724 1520 1963 1593 δηλονότι

384 1606 562 1660 πάντα
606 1605 803 1677 πληροῖ
847 1605 1152 1677 πανταχῶς.
1180 1608 1388 1662 Οὐκοῦν
1427 1611 1477 1663 εἰ
1517 1611 1773 1684 τοιαύτης
1811 1614 1961 1666 ἐπεί-

384 1695 585 1768 ληπται
627 1696 859 1766 φύσεως.
894 1696 1149 1749 ἀσεϐοῦσι
1186 1698 1283 1768 μὲν
1312 1700 1360 1751 οἰ
1395 1700 1701 1770 νομίζοντες
1737 1702 1964 1776 ἀϐουλίᾳ

385 1789 532 1859 τόπῳ
584 1788 677 1841 καὶ
729 1786 876 1859 ῥητῷ
919 1805 1025 1842 τινι
1062 1789 1262 1860 χωρίου
1303 1792 1477 1863 μορίῳ
1526 1794 1962 1865 περιγράφεσθαι

386 1880 444 1933 τὸ
497 1880 666 1933 θεῖον·
722 1880 931 1953 ἀμαθίᾳ
985 1880 1042 1934 δὲ
1093 1880 1289 1952 μᾶλλον
1352 1884 1385 1954 ἦ
1434 1888 1690 1958 φρονήσει
1760 1890 1962 1960 κοσμία

385 1973 675 2043 φθέγγεται
700 1972 1005 2045 προχείρως
1043 1973 1341 2046 ὀριγένης,
1373 1976 1455 2029 ὅτι
1488 1977 1763 2032 κατελθὼν
1789 1982 1869 2042 εἰς
1892 1979 1962 2034 τά

383 2064 668 2119 κατώτατα
709 2066 849 2137 μέρη
875 2066 973 2136 τῆς
1009 2064 1112 2137 γῆς
1154 2067 1182 2118 ό
1212 2067 1462 2138 Χριστὸς,
1501 2068 1615 2123 ἄνω
1655 2073 1720 2140 τῇ
1772 2089 1962 2143 προαι-

384 2157 530 2227 ρέσει
561 2156 852 2229 διέτριϐεν·
899 2156 960 2210 ού
992 2155 1101 2229 γὰρ
1136 2155 1377 2227 ἐνόησεν,
1411 2158 1492 2213 ὅτι
1525 2159 1655 2225 Θεὸς
1682 2161 1758 2215 ὢν
1784 2158 1958 2229 οὗτος,

382 2249 520 2304 οὕτω
548 2249 661 2323 (l5)
695 2249 975 2322 προθυμίᾳ
1002 2247 1225 2321 γνώμης
1251 2251 1363 2304 ἄνω
1392 2251 1470 2324 τῷ
1492 2253 1667 2308 δοκεῖν
1694 2255 1960 2330 ἐπιθυμία

381 2342 584 2414 παρῆν,
630 2343 741 2413 ὅσῳ
787 2341 1055 2413 θειότητος
1088 2341 1336 2416 ἐνεργείᾳ
1386 2346 1499 2410 τοῖς
1534 2345 1734 2402 ἅπασιν
1769 2349 1845 2414 ὡς
1880 2350 1958 2406 ἔνι

382 2438 618 2508 μάλιστα
645 2438 822 2493 πάντα
853 2439 1049 2511 πληροῖ
1076 2439 1382 2510 πανταχῶς.

451 2640 570 2695 XX.
610 2642 768 2697 Ἀλλά
789 2644 1011 2700 τοιαῦτα
1036 2647 1133 2718 μὲν
1167 2648 1423 2720 ἁρμόττει
1454 2651 1582 2723 περὶ
1607 2650 1700 2706 τοῦ
1724 2651 1958 2726 Χριστοῦ

379 2732 621 2799 δοξάζειν
646 2737 869 2800 ἐκεῖνον,
888 2737 946 2801 ὃς
969 2737 1073 2792 ὑπὸ
1093 2738 1344 2811 δαίμονος
1374 2740 1611 2814 ὁρίζεται
1629 2742 1807 2814 ψυχὰς
1831 2745 1960 2800 ἀνά-

381 2828 572 2897 γεσθαι
610 2830 967 2902 προφητικάς·
1018 2832 1050 2902 ή
1089 2831 1145 2884 δὲ
1196 2830 1530 2904 πυθόμαντις
1573 2833 1649 2898 ὡς
1701 2836 1959 2892 ἐθεάσατο

380 2920 507 2983 τοὺς
530 2920 921 2993 ὁμογαστρίους
951 2922 1086 2993 αὐτῇ
1119 2922 1394 2993 δαίμονας,
1423 2921 1510 2979 οἶα
1545 2926 1607 2999 δή
1651 2944 1803 2992 τινας
1827 2929 1957 3000 ὀμο-

382 3010 609 3074 κοιλίους
660 3010 919 3080 ἀδελφοὺς
970 3012 1267 3083 ἐπαίρουσα
1321 3013 1392 3067 τὰ
1446 3016 1756 3088 ὁμομήτρια
1803 3019 1955 3091 γένη,

382 3097 484 3169 βοᾷ
536 3097 709 3165 θεοὺς
750 3099 1065 3168 ἑωρακέναι
1112 3101 1544 3172 ἀναϐαίνοντας
1575 3105 1645 3159 ἐκ
1685 3106 1795 3176 τῆς
1822 3107 1952 3179 γῆς.

2066 592 2221 646 dibus
2249 608 2368 647 vero
2399 591 2639 646 calcabat
2671 601 2866 645 terram
2909 591 2977 642 δ’.
3019 585 3076 641 Si
3107 587 3290 655 itaque
3322 583 3638 652 unigenitus

2065 687 2237 742 Filius
2269 685 2362 742 Dei
2393 686 2664 757 coaequale
2698 684 2873 755 ipsius
2912 680 3180 745 Verbum,
3223 693 3319 748 per
3346 675 3492 748 quod
3537 691 3634 732 an-

2064 777 2169 846 geli
2198 775 2329 831 facti
2356 786 2505 840 sunt,
2536 784 2591 832 et
2631 777 2755 832 caeli
2775 816 2790 840 ,
2824 781 2876 829 et
2908 780 3088 835 terra,
3114 776 3169 825 et
3205 784 3388 833 mare,
3419 776 3473 825 et
3508 783 3635 839 pro-

2065 868 2383 935 funditates,
2411 876 2466 924 et
2501 869 2790 924 luminaria
2824 883 2920 940 per
2948 864 3146 921 coelum
3174 862 3434 929 errantia,
3465 869 3540 925 ct,
3575 871 3636 918 ut

2068 977 2176 1016 uno
2200 962 2592 1025 verbodicam,
2625 977 2808 1018 rerum
2829 959 3072 1016 omnium
3100 962 3403 1013 creatarum
3429 954 3636 1011 consti-

2064 1054 2225 1119 tutio,
2261 1053 2405 1111 Deus
2438 1053 2793 1110 denuntiatur
2824 1073 2837 1107 :
2874 1053 2964 1108 hic
2993 1053 3145 1123 justo
3181 1048 3636 1122 judiciO'cmlitus

2065 1147 2320 1204 omnibus
2348 1156 2585 1204 mentem
2620 1148 2758 1203 dans
2789 1146 3068 1202 meliorem
3097 1146 3351 1201 thronum
3391 1139 3636 1214 perpetui

2065 1239 2218 1309 regni
2264 1239 2517 1305 obtinet,
2560 1247 2615 1295 et
2662 1238 2826 1294 celeri
2868 1236 3140 1294 sententia
3190 1237 3347 1308 punit
3379 1235 3631 1306 injustas.

2064 1330 2208 1397 Quin
2250 1346 2415 1401 opera
2469 1339 2525 1387 et
2568 1331 2782 1387 actione
2803 1371 2821 1399 ,
2862 1345 2986 1386 cum
3024 1331 3095 1385 sit
3144 1331 3485 1400 omnipotens
3510 1366 3527 1394 ,
3574 1335 3636 1383 ut

2065 1421 2208 1478 Deus
2235 1428 2291 1477 et
2320 1421 2415 1479 Dei
2453 1418 2716 1483 Verbum,
2750 1422 2950 1477 coelum
2998 1422 3289 1492 tangebat,
3338 1420 3635 1490 eodemque

2062 1524 2310 1586 tempore
2363 1514 2675 1570 ambulabat
2722 1514 2783 1570 in
2831 1514 3027 1581 terris,
3074 1512 3377 1570 divinitatis
3426 1512 3635 1569 scilicet

2064 1607 2307 1677 potentia
2356 1609 2539 1663 omnia
2593 1609 2829 1680 replens.
2866 1607 3009 1679 Ergo
3047 1608 3096 1665 si
3127 1607 3290 1663 talem
3320 1607 3518 1662 retinet
3542 1619 3635 1661 na-

2065 1704 2268 1762 turam,
2302 1697 2451 1769 impii
2481 1697 2699 1768 quidem
2736 1706 2865 1754 sunt
2895 1698 2988 1768 qui
3025 1696 3636 1754 inconsiderate'existi-

2065 1794 2217 1841 mant
2244 1786 2363 1842 loco
2392 1787 2607 1858 locique
2652 1788 2833 1858 aliqua
2878 1794 3032 1858 parte
3055 1785 3412 1842 determinata
3435 1784 3635 1841 divini-

1991 1862 2035 1918 Β
2063 1882 2230 1931 tatem
2287 1878 2685 1934 circumscribi.
2748 1878 2814 1933 Et
2869 1877 3178 1950 ignorantia
3233 1878 3414 1948 potius
3468 1869 3633 1949 quam

2061 1976 2243 2025 mente
2288 1970 2565 2026 moderata
2595 1971 2998 2027 inconsiderate
3034 1970 3295 2043 Origenes
3348 1969 3590 2041 loquitur
3612 2009 3629 2036 ,

2059 2061 2250 2118 dicens
2277 2061 2579 2128 Christum,
2610 2063 2741 2119 dum
2770 2066 2839 2119 ad
2878 2063 3093 2122 inﬁmas
3119 2072 3279 2121 terra:
3304 2074 3485 2137 partes
3510 2079 3633 2136 per-

2058 2151 2318 2217 venisset,
2353 2152 2634 2208 voluntate
2686 2154 2939 2225 superius
2994 2162 3384 2211 commoratum
3436 2154 3626 2211 fuisse.

2058 2240 2180 2299 Non
2207 2242 2354 2299 enim
2383 2243 2648 2301 intellexit
2673 2246 2818 2316 quod
2838 2287 2854 2312 ,
2908 2261 3033 2303 cum
3087 2246 3135 2303 is
3170 2254 3315 2304 esset
3344 2246 3487 2303 Deus
3506 2289 3522 2312 ,
3550 2248 3632 2304 sic

2060 2334 2355 2391 voluntatis
2380 2333 2597 2401 aﬂ'ectu,
2626 2346 2686 2392 ut
2716 2336 3023 2404 videbatur,
3049 2348 3105 2394 et
3152 2339 3422 2396 desiderio
3467 2338 3632 2394 fuerit

2060 2427 2335 2497 superius,
2365 2429 2461 2499 qui
2491 2428 2797 2485 divinitatis
2824 2430 3141 2499 operatione
3170 2430 3425 2487 omnibus
3448 2431 3631 2486 omnia

2060 2518 2261 2590 ubique
2289 2528 2554 2591 quantum
2585 2520 2699 2576 ﬁeri
2723 2530 2904 2592 potest
2926 2522 3242 2593 compleret.

2132 2632 2247 2688 XX.
2269 2630 2374 2689 Sed
2397 2632 2762 2690 concedamus
2778 2632 2893 2689 haec
2911 2634 3210 2692 deChristo
3230 2635 3381 2690 illum
3403 2634 3628 2700 sentire.

2057 2726 2151 2799 qui
2169 2727 2552 2798 prophetarum
2574 2726 2784 2784 animas
2813 2742 2844 2782 a
2871 2727 3114 2785 daemone
3131 2729 3347 2785 evocari
3362 2728 3627 2785 decernit.

2058 2816 2436 2889 Pythomantis
2459 2824 2520 2873 ut
2549 2817 2654 2874 sibi
2682 2818 2893 2875 similes
2914 2827 3102 2876 ventre
3140 2820 3412 2876 daemones
3433 2820 3631 2875 intuita

2058 2918 2163 2975 est,
2195 2910 2361 2967 veluti
2394 2910 2662 2982 quosdam
2699 2925 2767 2967 ex
2798 2910 2988 2968 eodem
3018 2920 3206 2970 ventre
3234 2912 3434 2969 fratres
3455 2914 3631 2969 extol-

2058 3003 2177 3060 lens
2204 3004 2298 3075 qui
2345 3002 2415 3058 ah
2453 3002 2643 3059 eadem
2681 3011 2811 3059 sunt
2850 3004 2964 3059 nati
2993 3012 3198 3072 matre,
3240 3005 3471 3071 clamat,
3503 3004 3629 3061 deos

2058 3097 2387 3167 comperisse
2429 3096 2762 3152 ascendentes
2802 3113 2831 3150 e
2864 3105 3006 3151 terra
3031 3097 3100 3153 ⁵⁸.
3137 3096 3208 3153 At
3237 3098 3646 3171 grandiloquus!

394 3189 530 3241 Ἀλλ’
551 3191 578 3243 ὁ
608 3189 978 3263 μεγαληγόρος
1001 3191 1099 3244 οὐκ
1132 3191 1330 3247 ἔδεισεν
1359 3194 1635 3267 Ὦριγένης
1663 3198 1858 3263 εἰπεῖν,
1880 3200 1960 3253 ὅτι

2064 3191 2182 3260 ipse
2226 3186 2490 3259 Origenes
2530 3205 2640 3243 non
2690 3188 2961 3244 dubitavit
3008 3189 3192 3246 dicere
3228 3207 3244 3246 ι
3291 3188 3629 3248 Βωοιιὶιιιιι

377 3279 439 3332 τὸ
465 3280 736 3351 δαιμόνιον
756 3282 877 3353 οὐχί¹
891 3282 988 3355 τὴν
1016 3282 1110 3337 τοῦ
1131 3289 1409 3358 προφήτου
1428 3288 1588 3357 μόνον
1607 3289 1848 3361 ἀνήγαγε
1863 3290 1959 3362 ψυ-

378 3372 498 3446 χὴν,
533 3371 685 3428 ἀλλά·
704 3377 917 3449 Μήτιγε
958 3376 1055 3430 καί
1088 3377 1243 3433 άλλαι
1287 3379 1805 3454 συναναϐεϐήκασιν,
1830 3384 1956 3458 ἔφη,

377 3465 545 3537 ψυχαὶ
581 3469 871 3541 προφητῶν
898 3470 1079 3538 ἀγιαις
1115 3471 1207 3543 Μὴ
1256 3471 1532 3544 κορεσθείς
1562 3474 1616 3528 δὲ
1642 3478 1707 3546 τῇ
1735 3476 1956 3548 τοιαύτῃ

379 3557 669 3629 παρανοίᾳ,
683 3560 775 3614 καὶ
791 3561 915 3624 τοὺς
937 3562 1200 3631 ἀγγέλους
1211 3562 1449 3636 ὡρίσατο
1465 3566 1957 3637 συναναϐεϐηκέναι

379 3652 492 3713 τοῖς
521 3650 821 3722 πνεύμασιν
854 3651 1031 3706 αὐτῶν
1049 3671 1063 3684 ·
1092 3654 1279 3726 εἴρηκε
1311 3655 1440 3728 γὰρ,
1474 3658 1555 3710 ὅτι
1579 3658 1680 3729 τῆς
1706 3659 1815 3714 τῶν
1843 3659 1957 3713 8:0-

384 3741 560 3814 μένων
587 3743 747 3797 ἕνεκα
771 3747 1041 3818 σωτηρίας
1069 3748 1289 3802 ἀνίεσαν
1316 3749 1527 3803 ἐνθάδε·
1558 3752 1814 3821 μεγίστας
1843 3749 1955 3820 οὖν,

377 3832 456 3899 ὡς
475 3833 666 3900 ἔοικεν,
698 3836 973 3909 Ὤριγένης
996 3837 1215 3903 ἐλπίδας
1243 3839 1552 3894 ὑποτίθεται
1576 3845 1688 3906 τοῖς
1709 3844 1958 3913 ἀγγέλοις

380 3927 476 3983 καὶ
521 3930 844 4000 προφήταις,
882 3929 999 4000 ἤτοι
1039 3930 1130 3983 καὶ
1154 3932 1317 3984 παντὶ
1356 3932 1433 4002 τῷ
1464 3932 1570 3986 τῶν
1602 3934 1771 4003 ἁγίων
1795 3937 1957 4007 ὁμόσε

380 4018 553 4092 χορῷ·
582 4018 794 4090 πρῶτον
818 4020 915 4091 μὲν
937 4022 1172 4090 εἰσάγων
1200 4022 1276 4085 ὡς
1301 4023 1405 4076 ύπὸ
1426 4023 1678 4094 δαίμονος
1711 4025 1957 4090 ἐξουσίαν

379 4108 537 4172 εἰσὶν,
571 4109 759 4164 ἔπειτα
785 4110 840 4164 δὲ
874 4110 1113 4182 μηνύων,
1142 4112 1223 4165 ὅτι
1250 4112 1338 4165 διὰ
1372 4113 1624 4183 μαινάδος
1648 4116 1958 4187 ἀνήχθησαν

378 4200 611 4256 ἐνταῦθα
636 4203 890 4273 γυναικὸς
923 4203 1205 4275 ἰατρεῦσαι
1247 4206 1370 4269 τοὺς
1412 4206 1736 4277 πάσχοντας,
1768 4203 1854 4261 οἷα
1882 4209 1960 4262 δε-

380 4295 594 4367 σμῶται
626 4295 1016 4367 προαχθέντες·
1046 4294 1162 4349 οὔτι
1186 4296 1250 4365 γέ
1277 4313 1366 4367 μοι
1394 4297 1542 4351 δοκεῖ
1574 4302 1722 4370 μεῖον
1745 4301 1956 4373 ἐκείνης

378 4385 817 4456 ἀποφθέγγεσθαι
853 4387 1250 4459 φρενοϐλαϐῶς.
1290 4391 1468 4444 Ἔστω
1496 4390 1604 4463 γὰρ
1647 4392 1847 4458 οὕτως·
1881 4397 1958 4447 οἰ-

378 4480 559 4553 κτρῶς
592 4479 906 4550 ἐξεφαύλισε
949 4482 1076 4545 τοὺς
1124 4481 1311 4550 ἁγίους
1350 4482 1567 4554 ἄνδρας,
1598 4483 1721 4538 οὐδὲ
1757 4484 1819 4539 τὸ
1848 4485 1955 4540 τῶν

379 4573 753 4645 οὐρανοπετῶν
771 4573 1014 4643 ἀγγέλων
1035 4574 1274 4647 ᾐσχύνθη
1297 4576 1481 4646 τάγμα
1500 4575 1801 4631 διαλλαϐεῖν
1815 4577 1948 4647 (14)·
1983 4560 2027 4615 Ῑ)

380 4665 414 4731 ἢ
448 4664 707 4719 δεικνύτω
736 4665 943 4737 τρανῶς
983 4667 1012 4719 ὁ
1046 4665 1381 4743 τῷδτοιούτῳ
1417 4668 1801 4740 συνιστάμενος
1844 4670 1955 4742 ὅρῳ

380 4754 544 4808 πόθεν
572 4754 749 4809 λαϐὼν
779 4757 841 4809 ἐκ
867 4756 966 4827 τῆς
999 4755 1102 4825 γῆς
1134 4755 1334 4827 ἔφησεν
1367 4756 1572 4812 ἀνιέναι
1596 4760 1722 4823 τοὺς
1758 4762 1815 4815 ἐν
1843 4762 1956 4824 τοῖς

380 4848 624 4918 οὐρανοῖς
656 4848 1014 4919 ἑστιωμένους
1041 4848 1329 4917 ἀγγέλους·
1367 4850 1427 4902 ού
1474 4849 1581 4922 γὰρ
1611 4845 1754 4904 οὗτοι
1795 4869 1954 4906 κατε-

380 4938 671 5011 ληλύθασιν
700 4941 780 5004 εἰς
808 4940 933 5012 ᾅδου
961 4940 1242 5013 λυτηρίους
1271 4942 1599 5013 ἐπαγόμενοι
1622 4947 1732 5007 τοῖς
1757 4947 1953 5015 αἰχμα-

380 5028 571 5096 λώτοις
603 5031 839 5101 ἀφέσεις,
863 5031 976 5086 ἀλλ’
997 5033 1026 5084 ό
1047 5033 1296 5104 Χριστὸς,
1325 5033 1512 5105 ἐπειδὴ
1541 5034 1636 5088 καὶ
1662 5038 1952 5107 νικηφόρον

380 5117 533 5185 οὗτος
574 5122 753 5194 ἵδρυσε
800 5122 939 5177 κατὰ
981 5123 1073 5177 τοῦ
1115 5124 1371 5197 πολεμίου
1414 5125 1691 5197 τρόπαιον,
1732 5126 1954 5191 καὶτὰς

379 5216 488 5271 τῶν
515 5215 871 5287 αἰχμαλώτων
899 5216 1218 5280 ἀποσπάσας
1242 5217 1391 5282 λείας
1420 5217 1567 5289 αύτῷ
1590 5217 1798 5289 σώματι
1829 5235 1955 5290 μετ-

381 5307 584 5381 αρσίως
623 5306 850 5379 ἀνῆλθεν
895 5310 974 5372 εἰς
1013 5309 1301 5381 οὐρανούς·
1354 5309 1572 5379 ἄγγελοι
1615 5309 1673 5363 δέ
1716 5309 1794 5382 τῷ
1836 5310 1955 5384 Θεῷ

376 5399 725 5473 παρεστῶσιν
752 5399 1028 5466 ἑκάστοτε,
1054 5402 1152 5465 τὰς
1185 5401 1534 5472 ὀφειλομένας
1561 5400 1795 5456 ἐκτελεῖν
1817 5404 1959 5459 ἐπει-

379 5493 599 5563 γόμενοι
621 5492 894 5564 λατρείας,
928 5492 1041 5548 ἀλλ’
1056 5494 1175 5565 οὐχὶ
1204 5492 1295 5548 τὸν
1319 5492 1451 5565 ᾅδην
1478 5494 1735 5550 οἰκοῦσιν.

486 5677 531 5709 ⁸⁷
567 5685 696 5749 δαρ.
740 5693 897 5742 xvm,
939 5673 1126 5732 M-l6.
1180 5676 1226 5709 ⁸³
1252 5674 1283 5732 Ι
1312 5674 1438 5748 Reg.
1469 5692 1667 5746 xxvm,
1693 5676 1781 5734 15.

370 5886 383 5904 ο
454 5865 565 5933 (l3)
600 5867 779 5923 Οὕτω.
810 5865 893 5922 An
929 5863 1203 5933 τοσούτῳ;

2060 3298 2178 3337 non
2204 3290 2417 3335 tantum
2462 3283 2737 3352 prophetae
2766 3282 2999 3334 animam
3020 3280 3229 3347 eduxit,
3261 3282 3357 3339 sed
3379 3303 3391 3338 :
3410 3281 3548 3338 Num
3576 3293 3631 3340 et

2060 3374 2179 3428 alia
2203 3388 2310 3427 una
2338 3373 2500 3427 simul
2527 3371 2892 3428 ascenderunt
2932 3373 3129 3429 animae
3168 3380 3369 3429 sancta:
3394 3376 3629 3446 prophe-

2059 3468 2274 3523 tarum?
2299 3465 2470 3522 Porro
2494 3482 2616 3521 cum
2641 3466 2717 3520 illi
2758 3472 2906 3520 tanta
2931 3465 3201 3521 dementia
3230 3481 3338 3521 non
3367 3476 3513 3523 esset
3539 3482 3630 3522 sa-

2058 3562 2151 3625 tis,
2181 3560 2402 3631 angelos
2430 3559 2559 3615 item
2590 3557 2801 3614 detlniit
2828 3557 2991 3612 simul
3023 3558 3334 3615 ascendisse
3355 3573 3480 3614 cum
3509 3557 3628 3614 illo-

2059 3667 2181 3706 rum
2205 3652 2491 3723 spiritibus
2521 3668 2535 3706 :
2567 3650 2708 3706 dixit
2724 3649 2925 3720 quippe
2943 3649 3217 3721 egentium
3237 3650 3432 3707 salutis
3461 3665 3629 3708 causa

2058 3744 2189 3800 illuc
2234 3744 2537 3801 advenisse.
2584 3742 2792 3813 itaque,
2825 3749 2888 3797 ut
2931 3749 3185 3813 apparet,
3238 3742 3474 3797 maxima
3531 3756 3629 3813 spe

2059 3838 2280 3908 angelos
2314 3845 2368 3893 et
2396 3837 2714 3908 prophetas,
2746 3843 2921 3890 totum
2946 3833 3181 3905 denique
3212 3844 3527 3891 sanctorum
3549 3835 3627 3892 si-

2058 3931 2171 3985 mul
2203 3930 2469 3995 chorum,
2504 3928 2735 3995 excitat;
2769 3929 2944 3999 primo
2991 3926 3127 3981 illud
3151 3926 3450 3982 decernens
3473 3966 3490 3992 ,
3529 3940 3627 3982 eos

2059 4024 2161 4079 sub
2212 4030 2476 4092 potestate
2525 4021 2788 4078 daemonis
2836 4035 2995 4089 esse;
3050 4019 3291 4076 secundo
3346 4033 3627 4090 exponens

2057 4114 2319 4169 maenadis
2353 4113 2599 4169 mulieris
2631 4127 2795 4183 opera
2826 4112 2957 4166 illuc
2981 4111 3228 4176 eductos,
3260 4110 3424 4165 veluti
3446 4112 3623 4182 capti-

2057 4221 2155 4261 vos
2185 4204 2508 4268 conductos,
2542 4215 2601 4259 ut
2643 4203 3016 4259 laborantibus
3049 4202 3416 4258 mederentur.
3445 4201 3625 4270 Quare

2057 4311 2168 4351 non
2190 4296 2369 4349 minus
2397 4310 2558 4365 quam
2591 4294 2679 4348 illa
2708 4303 2888 4349 mente
2930 4294 3093 4350 laesus
3145 4293 3434 4349 enuntiare
3471 4294 3623 4351 vide-

2057 4396 2167 4443 tur.
2205 4385 2296 4441 Sic
2321 4387 2464 4440 enim
2493 4403 2551 4442 se
2600 4386 2798 4441 habet:
2833 4385 3033 4441 misere
3060 4384 3267 4441 sanctis
3311 4384 3624 4441 hominibus

2057 4479 2371 4544 insultavit;
2407 4478 2721 4549 angelorum
2753 4477 2881 4533 item
2906 4476 3153 4532 ordinem
3188 4475 3280 4547 qui
3309 4490 3408 4546 per
3426 4475 3625 4531 coelum

2056 4573 2273 4637 volant,
2328 4572 2467 4625 male
2500 4579 2733 4627 tractare
2773 4586 2881 4626 non
2921 4578 3007 4626 est
3033 4570 3260 4626 veritus.
3289 4568 3389 4625 Vel
3430 4569 3625 4626 saltem

2056 4672 2241 4736 aperte
2271 4664 2418 4719 dicat
2457 4665 2550 4735 qui
2595 4663 2921 4719 sententiam
2956 4663 3097 4719 hanc
3125 4662 3395 4729 defendit,
3449 4661 3653 4719 unde-.

2056 4774 2180 4813 nam
2216 4759 2426 4820 habuit,
2469 4772 2500 4812 e
2532 4765 2680 4813 terra
2708 4757 2929 4828 angelos
2959 4757 3015 4811 in
3044 4756 3198 4813 cmlis
3222 4763 3623 4814 commorantes

2056 4852 2370 4909 ascendere.
2392 4850 2578 4923 Neque
2607 4851 2750 4907 enim
2776 4851 2833 4905 hi
2849 4848 3247 4907 descenderunt
3272 4851 3327 4904 in
3347 4848 3623 4908 infernum

2058 4962 2240 5002 secum
2262 4945 2603 5003 liberatrices
2624 4944 2858 5001 ferentes
2896 4943 3128 5015 captivis
3147 4943 3497 5011 emissiones;
3524 4945 3622 4999 sed

2055 5039 2330 5105 Christus,
2361 5039 2455 5107 qui
2501 5054 2569 5093 ex
2626 5039 2783 5092 hoste
2832 5046 3048 5107 raptum
3077 5035 3254 5091 victor
3300 5035 3405 5091 sibi
3448 5035 3621 5092 erexit

2057 5139 2340 5203 tropaeum,
2370 5137 2424 5186 et
2456 5130 2793 5200 captivorum
2831 5129 3013 5200 praeda
3055 5138 3209 5201 parta
3233 5144 3461 5199 corpore
3501 5129 3621 5198 ipso

2057 5223 2126 5278 ad
2154 5222 2323 5277 cmlos
2357 5220 2606 5278 sublimis
2638 5221 2904 5276 ascendit.
2947 5219 3148 5277 Verum
3177 5222 3353 5293 angeli
3389 5219 3499 5275 Deo
3526 5219 3621 5289 ju-

2057 5310 2198 5382 giter
2229 5320 2523 5382 praesentes
2553 5311 2733 5368 cultus
2760 5310 2974 5368 debitos
3001 5312 3309 5383 persolvere
3328 5314 3621 5377 conantur,

2057 5419 2159 5461 nec
2183 5404 2387 5461 inferos
2408 5403 2675 5462 habitant.

2125 5859 2237 5933 (ﬂ)
2271 5859 2645 5948 Διαλλαόεῖν.
2667 5857 2826 5918 Forte
2856 5857 3177 5916 διαϐάλλειν.
