4090 6288
498 391 609 453 655

1471 364 1529 417 S.
1574 353 1942 415 EUSTATHII
1980 346 2289 408 EPISCOPI
2325 340 2740 400 ANTIOCHENI

3644 330 3752 387 656

578 505 719 567 X-Xl.
760 501 865 560 Sed
898 498 1178 568 Origenes,
1215 500 1277 547 ut
1300 490 1532 550 videtur,
1567 484 1681 538 haec
1717 495 1776 537 se
1804 493 1912 533 non
1950 490 2073 547 per-

2246 469 2387 527 XXI.
2417 467 2574 531 Ἀλλ’,
2615 464 2691 527 ὡς
2731 461 2925 526 ἔοικεν,
2966 455 3243 529 Ὦριγένης
3286 453 3633 524 ὑποκρίνεται
3675 451 3756 522 μὴ

505 608 686 675 cipere
741 567 1012 655 simulat,
1044 596 1105 644 ut
1152 582 1560 657 superstitiosas
1592 575 1826 631 inculcet
1859 567 2071 642 praesti-

505 662 640 769 gias.
670 690 956 748 Praeterea,
990 681 1083 752 qui
1115 677 1297 734 omnia
1348 671 1643 740 Scriptura:
1679 665 1844 721 verba
1874 662 2073 730 allego-

508 758 604 842 ;iis
628 791 895 853 exponere
922 789 1089 829 ausus
1117 780 1223 835 est,
1258 769 1361 823 hoc
1399 763 1579 819 solum
1609 758 1677 814 ad
1701 758 1933 813 litteram
1958 762 2072 807 tra-

507 879 635 933 dere
666 888 775 929 non
805 868 1118 928 erubescit,
1152 876 1248 933 per
1277 854 1682 915 simulationem
1731 857 1786 905 et
1817 846 1983 901 veluti
2010 859 2076 899 ex

508 967 729 1025 oraculo
757 957 1148 1018 determinans,
1175 967 1273 1008 nec
1308 950 1471 1006 etiam
1498 946 1565 1001 de
1590 946 1709 1015 ipso
1731 954 1959 1011 corpore
1994 953 2077 992 re-

508 1072 595 1119 cte
620 1058 893 1131 judicans.
922 1048 1178 1116 Quinimo
1223 1042 1291 1099 de
1334 1039 1591 1112 paradiso
1645 1050 1804 1106 quem
1849 1032 1992 1088 Deus
2022 1034 2076 1084 in

508 1153 677 1209 ﬁdem
708 1148 1045 1220 plautaverat
1067 1141 1111 1173 ⁸³
1139 1136 1302 1193 verba
1326 1133 1555 1195 faciens,
1577 1144 1680 1185 nec
1711 1142 1820 1181 non
1850 1139 1956 1195 qua
1989 1137 2079 1176 ra-

506 1248 657 1303 tione
685 1245 830 1315 ligna
864 1234 1142 1293 fructifera
1166 1230 1536 1302 germinarunt
1557 1236 1812 1280 enarrare
1839 1226 2075 1280 tentans,

509 1349 652 1398 inter
679 1310 782 1393 alia
824 1332 1048 1390 subdit:
1080 1325 1215 1383 Cum
1259 1324 1517 1394 legentes,
1545 1319 1761 1389 inquit,
1805 1331 1837 1367 a
1884 1310 2079 1381 fabulis

510 1433 741 1503 serieque
792 1441 910 1498 quia
966 1417 1252 1477 secundum
1308 1416 1541 1469 litteram
1590 1419 1666 1466 est
1714 1406 1884 1478 gradu
1938 1405 2079 1474 facta

512 1498 866 1586 ascendimus,
897 1531 1139 1589 quaenam
1192 1511 1288 1567 illa
1336 1509 1481 1579 ligna
1506 1506 1610 1561 sint
1639 1518 1755 1574 quae
1786 1500 1927 1554 Deus
1956 1498 2079 1551 colit

512 1618 796 1691 querimus
813 1627 832 1666 :
860 1611 1082 1665 dicimus
1103 1607 1158 1660 in
1187 1620 1248 1659 eo
1280 1602 1391 1657 loco
1424 1600 1565 1669 ligna
1589 1611 1705 1667 quae
1733 1609 1888 1647 sensu
1916 1589 2080 1657 accipi

513 1718 751 1783 possunt,
786 1722 891 1761 non
919 1702 1156 1772 reperiri.
1210 1696 1336 1751 Hinc
1388 1707 1512 1749 cum
1546 1705 1642 1761 per
1673 1685 2081 1742 translationem

515 1774 771 1875 exponat,
802 1813 912 1854 non
971 1796 1157 1849 horret
1210 1787 1423 1859 fabulas
1463 1781 1737 1853 appellare
1776 1792 1896 1848 quae
1939 1774 2083 1829 Deus

518 1905 701 1956 creata
729 1890 1025 1965 perfecisse
1042 1885 1296 1948 traditur,
1322 1878 1729 1944 ﬁdissimusque
1743 1872 1863 1941 ejus
1894 1883 2085 1925 servus

520 1962 746 2061 Moyses
780 1983 1000 2052 scriptis
1049 1972 1413 2045 consignavit.
1460 1967 1526 2021 Et
1575 1981 1642 2021 ex
1681 1962 1966 2034 opposito,
2022 1974 2085 2015 ea

518 2056 640 2151 qua:
677 2074 857 2131 fabula
883 2073 940 2126 in
971 2075 1157 2124 ventre
1173 2063 1381 2133 efﬁngit
1411 2069 1465 2115 et
1485 2058 1720 2113 obscure
1752 2056 1991 2114 insonat,
2023 2065 2087 2105 ac

518 2149 566 2230 si
593 2172 846 2242 dogmata
877 2170 1095 2230 essent,
1126 2161 1526 2230 programmate
1557 2149 1788 2214 stabilit,
1817 2161 1945 2202 vera
1966 2159 2090 2200 esse

520 2237 924 2323 demonstrans.
977 2254 1045 2309 Et
1107 2251 1271 2308 verba
1320 2242 1745 2317 Engastrimythi
1794 2255 1824 2294 a
1883 2237 2091 2309 Spiritu

521 2361 712 2417 sancto
728 2355 931 2410 dictata
956 2344 1315 2404 contendens,
1336 2354 1421 2404 ea,
1445 2344 1515 2402 ut,
1535 2336 1639 2392 sibi
1664 2334 1898 2397 videtur,
1922 2329 2092 2386 ascri-

523 2449 660 2508 bens
676 2449 982 2517 scriptura,
1002 2440 1116 2494 vult
1139 2437 1361 2491 immota
1382 2443 1728 2503 permanere;
1747 2424 1946 2481 divinis
1962 2436 2091 2479 vero

526 2539 765 2598 oraculis
786 2515 816 2592 a
832 2535 1015 2606 Moyse
1032 2528 1242 2585 traditis
1259 2522 1560 2595 fabularum
1577 2519 1798 2575 nomine
1820 2515 2091 2587 insignitis

526 2648 747 2694 sensum
774 2627 1025 2691 invertit,
1066 2623 1365 2688 litteraeque
1415 2614 1698 2670 traditioni
1740 2626 1850 2668 non
1891 2611 2006 2665 vult
2036 2615 2095 2662 ut

526 2729 651 2799 quis
683 2726 922 2780 animum
970 2714 1234 2773 intendat.
1273 2709 1466 2765 Nonne
1521 2707 1651 2763 item
1700 2704 1768 2760 ab
1818 2701 2094 2758 Abraham

530 2796 723 2896 puteos
747 2817 975 2873 effossos
989 2812 1058 2875 '°,
1077 2810 1290 2880 aliaque
1319 2806 1387 2861 ad
1415 2817 1511 2860 eos
1531 2798 1874 2873 pertinentia,
1893 2796 2096 2864 allego-

529 2916 631 2972 riis
657 2910 900 2984 exponit,
939 2912 1199 2973 tantaque
1237 2911 1552 2956 sermonum
1585 2892 1745 2962 copia
1781 2890 1837 2943 in
1868 2889 2097 2942 immen—

531 3021 653 3065 sum
678 2977 951 3074 protracta
979 3009 1140 3051 omne
1184 2992 1251 3047 de
1282 2989 1391 3045 illis
1436 2986 1711 3056 negotium
1755 2977 2098 3033 disterminat

531 3101 590 3155 in
615 3068 776 3153 aliam
800 3089 1124 3149 sententiam
1152 3068 1498 3143 translatum,
1531 3077 1659 3130 licet
1689 3073 1755 3127 ad
1783 3072 1897 3126 haec
1929 3082 2099 3138 usque

531 3200 780 3261 tempora
812 3186 868 3240 in
896 3182 1118 3254 regione
1138 3178 1230 3233 illa
1258 3174 1432 3230 oculis
1457 3169 1633 3225 adhuc
1653 3160 2099 3236 conspiciantur?

531 3283 722 3338 Nonne
767 3278 918 3334 Isaac
958 3281 1015 3330 et
1040 3270 1301 3327 Rebecca!
1329 3281 1419 3322 res
1451 3270 1632 3335 gestas
1660 3260 1703 3290 “
1754 3254 2061 3312 immutavit
2080 3293 2095 3318 ,

535 3379 755 3433 inaures
780 3378 837 3425 et
864 3365 1103 3423 armillas
1137 3374 1398 3416 sermones
1428 3369 1550 3411 esse
1576 3366 1761 3407 aureos
1786 3347 1974 3402 dicens
1994 3383 2008 3409 ,
2046 3350 2100 3398 et

537 3468 852 3524 universum
888 3458 1121 3526 denique
1170 3454 1547 3523 argumentum
1607 3458 1704 3517 per
1747 3441 1856 3496 vim
1899 3439 2103 3494 distor-

536 3569 674 3625 tum,
708 3557 775 3611 ad
800 3568 864 3610 ea
901 3566 1020 3623 quae
1045 3549 1226 3604 animo
1257 3551 1556 3599 cernuntur
1580 3546 1634 3593 et
1661 3536 1873 3591 ratione
1907 3529 2102 3586 intelli-

537 3622 739 3728 guntur
760 3622 1089 3708 traductum,
1113 3634 1550 3696 cavillationibus
1569 3625 1907 3697 deturpavit?
1933 3622 2101 3678 Porro

536 3715 606 3802 de
655 3742 758 3800 Job
798 3738 891 3811 qui
948 3735 1119 3791 multa
1178 3744 1376 3803 passus
1432 3732 1518 3782 est
1572 3724 1618 3755 θ’
1682 3715 2103 3776 commentarios

537 3839 738 3899 edens,
787 3807 895 3889 non
956 3829 1258 3885 admiratur
1301 3818 1676 3879 tolerantiam,
1738 3828 1844 3868 non
1895 3807 2105 3864 extollit

537 3931 776 3990 labores,
806 3939 915 3979 non
944 3916 1288 3976 commendat
1317 3912 1570 3968 virtutem
1595 3946 1609 3970 ,
1648 3920 1758 3960 non
1805 3903 1999 3973 probat
2038 3899 2103 3952 ft—

541 4013 684 4084 dem,
708 4031 818 4073 non
848 4009 1180 4068 fortitudinis
1209 4005 1372 4061 animi
1407 3999 1652 4070 exempla
1677 3993 1957 4055 describit,
1995 4005 2102 4044 non

542 4114 750 4167 tirones
781 4107 979 4162 milites
1021 4099 1393 4172 magnitudine
1433 4095 1601 4152 animi
1648 4092 1939 4163 vigoreque
1976 4101 2107 4155 pru-

544 4203 739 4256 dentiae
762 4196 828 4252 ad
853 4195 1105 4249 virtutem
1136 4189 1381 4243 hortatur
1400 4227 1415 4253 ,
1462 4199 1572 4239 non
1606 4190 1780 4235 armat
1809 4185 2106 4232 certatores

545 4299 605 4345 ut
647 4289 859 4343 fortiter
907 4298 1005 4355 pro
1057 4283 1255 4352 pietate
1293 4284 1561 4350 pugnent;
1622 4274 1716 4329 sed
1763 4271 1875 4326 haec
1922 4267 2107 4323 omnia

546 4390 962 4454 praetergressus
983 4370 1199 4431 sublimi
1228 4369 1441 4424 dicendi
1473 4365 1633 4420 modo
1667 4364 1896 4417 filiarum
1931 4357 2108 4414 nomi-

547 4476 709 4530 nibus
739 4466 1075 4541 exponendis
1111 4463 1328 4519 aniliter
1375 4459 1542 4513 multa
1575 4471 1706 4512 sane
1747 4450 2105 4520 consumpsit.

2175 564 2332 625 νοεῖν,
2364 560 2450 613 ἶνα
2481 552 2846 625 δεισιδαίμονα
2883 547 3277 622 παρασκευάσῃ
3315 545 3572 618 μαντείαν
3592 561 3605 574 ·
3635 540 3759 597 εἶτα

2175 656 2353 718 πάσας
2383 649 2749 723 ἀλληγορῆσαι
2777 645 2873 708 τάς
2902 641 3122 715 Γραφάς
3144 639 3472 711 ἐγχειρίσας,
3498 638 3597 690 οὐκ
3629 638 3761 709 ἐρυ-

2176 750 2300 822 θριᾷ
2333 745 2487 800 τοῦτο
2511 744 2667 816 μόνον
2699 741 2791 796 ἐπὶ
2828 737 2921 794 τοῦ
2943 737 3265 811 γράμματος
3291 730 3624 801 ἐκδέχεσθαι,
3668 729 3760 782 θε-

2177 840 2383 905 σπίζων
2431 836 2734 908 ὑποκρίσει,
2763 832 2939 888 καίτοι
2985 830 3106 902 μηδ’
3141 825 3288 897 αύτῷ
3336 823 3548 895 σώματι
3589 838 3756 894 προσ-

2177 934 2315 1006 έχων
2345 929 2729 1001 εὐγνωμόνως·
2759 924 2895 980 άλλὰ
2924 923 2987 995 δὴ
3020 920 3147 992 περὶ
3175 918 3264 973 τοῦ
3297 915 3625 985 παραδείσου
3650 915 3756 967 δια·

2176 1002 2465 1097 λεγόμενος
2504 1022 2561 1075 ὃν
2601 1019 2891 1090 ἐφύτευσεν
2939 1016 2969 1068 6
3008 1013 3140 1076 Θεὸς
3185 1012 3242 1065 ἐν
3280 1008 3468 1078 Ἐδέμ,
3501 1002 3617 1059 εἶτα
3663 1005 3759 1059 καὶ

2177 1120 2297 1173 τίνα
2314 1096 2514 1189 τρόπον
2541 1110 2839 1178 ἐξανέτειλε
2866 1107 2934 1161 τὰ
2960 1103 3283 1178 καρποφόρα
3309 1100 3438 1166 ξύλα
3458 1096 3760 1169 διηγεῖσθαι

2182 1211 2519 1282 βουλόμενος,
2554 1205 2789 1277 ἐπέφερε
2814 1201 2950 1273 πρὸς
2987 1201 3098 1262 τοῖς
3144 1196 3355 1259 ἄλλοις·
3403 1193 3576 1246 Ὅταν
3611 1190 3761 1245 ἀνα-

2178 1304 2573 1376 γινώσκοντες
2618 1296 3014 1363 ἀναϐαίνομεν
3050 1290 3169 1346 ἀπὸ
3205 1287 3324 1342 τῶν
3355 1286 3580 1357 μύθων,
3626 1282 3757 1353 ἐφη,

2181 1373 2281 1450 καὶ
2306 1392 2414 1462 τῆς
2451 1390 2603 1446 κατὰ
2640 1388 2706 1443 τὸ
2750 1384 2983 1456 γράμμα
3018 1378 3293 1449 ἐκδοχῆς,
3331 1375 3587 1446 ζητῶμεν
3621 1373 3761 1427 τινα

2180 1488 2253 1541 τὰ
2284 1486 2459 1551 ξύλα,
2495 1481 2676 1554 φησὶν,
2728 1477 2901 1531 ἐστὶν
2928 1473 3128 1528 ἐκεῖνα
3166 1470 3205 1524 ἂ
3246 1473 3278 1524 ό
3313 1466 3457 1534 Θεὸς
3485 1463 3755 1538 τεωρτεῦ

2180 1579 2455 1649 λέγομεν,
2482 1573 2572 1628 ὅτι
2594 1575 2706 1627 οὐκ
2742 1570 2835 1625 ἔνι
2881 1565 3140 1635 αισθητὰ
3171 1564 3328 1629 ξύλα
3357 1562 3426 1615 ὲν
3466 1558 3546 1626 τῷ
3576 1560 3756 1627 τόπῳ.

2184 1672 2367 1727 Ταῦτα
2402 1671 2457 1724 δέ
2492 1669 2556 1740 δὴ
2602 1662 2941 1739 τροπολογῶν
2968 1661 3029 1715 οὐ
3063 1659 3272 1731 φρίττει
3307 1657 3536 1727 μύθους
3561 1652 3761 1724 ὀνομά-

2185 1766 2296 1832 ζειν
2328 1766 2428 1819 ὅσα
2457 1756 2978 1832 δεδημιουργηκέναι
3010 1754 3106 1826 μὲν
3143 1753 3435 1823 ἱστορεῖται
3464 1748 3617 1813 Θεὸς,
3646 1750 3674 1801 6
3702 1748 3761 1801 δὲ

2119 1852 2158 1907 Β
2188 1857 2501 1918 πιστότατος
2532 1853 2625 1908 τοῦ
2657 1850 2790 1906 Θεοῦ
2826 1848 3076 1921 θεράπων
3113 1844 3318 1918 ἔγραψε
3346 1841 3585 1910 Μωῦσῆς
3604 1857 3616 1870 ·
3646 1838 3762 1893 ἀλλ’

2188 1955 2253 2006 ἐκ
2279 1949 2387 2003 τῶν
2413 1947 2687 2009 ἐναντίων,
2718 1945 2860 2015 άπερ
2887 1944 2915 1995 6
2950 1940 3115 2013 μῦθος
3148 1941 3205 1993 ἐν
3234 1936 3431 2007 γαστρὶ
3468 1933 3767 2003 πλαττόμε-

2188 2061 2278 2107 νος
2310 2040 2530 2111 ἀφανῶς
2570 2039 2789 2109 ὑπηχεῖ,
2833 2033 3005 2089 ταῦτα
3044 2030 3356 2102 δογματικῷ
3398 2027 3600 2099 βεϐαιοῖ
3630 2043 3767 2096 προ-

2189 2136 2497 2206 γράμματι,
2523 2129 2779 2184 δεικνύων
2806 2126 2999 2198 ἀληθῆ.
3031 2125 3112 2178 Τὰ
3140 2123 3239 2196 μέν
3268 2139 3332 2192 γε
3353 2122 3452 2192 τῆς
3478 2123 3767 2189 ἐγγαστρι-

2194 2228 2363 2301 μύθου
2394 2229 2614 2298 ῥήματα
2631 2221 2720 2276 διὰ
2746 2220 2840 2274 τοῦ
2864 2219 3020 2287 ἁγίου
3043 2216 3354 2288 Πνεύματος
3378 2212 3623 2285 εἰρῆσθαι
3648 2228 3768 2266 συν-

2195 2321 2377 2385 ιστῶν,
2432 2316 2703 2372 ἀσάλευτα
2751 2314 2928 2386 μένειν
2971 2311 3112 2376 ἀξιοῖ
3151 2312 3217 2380 τῇ
3265 2310 3451 2381 Γραφῇ
3487 2306 3546 2359 τὸ
3590 2305 3764 2358 δοκεῖν

2192 2412 2411 2474 ἀναθείς
2427 2427 2439 2440 ο
2470 2408 2608 2463 αύτά
2629 2408 2685 2460 δὲ
2706 2406 2773 2459 τὰ
2794 2404 2887 2459 τοῦ
2916 2403 3050 2458 Θεοῦ
3079 2401 3169 2456 διὰ
3187 2400 3462 2463 Μωῡσέως
3483 2397 3765 2452 ἐκδοθέντα

2198 2503 2486 2579 μηνύματα
2496 2502 2723 2571 μύθους
2741 2497 3031 2569 ὀνομάσας,
3051 2493 3406 2549 ὲνδιαλλάττει
3426 2491 3520 2563 τὴν
3542 2491 3767 2552 ἔννοιαν,

2192 2577 2254 2650 οὐ
2287 2592 2508 2649 δικαιῶν
2540 2590 2796 2662 ἐμμένειν
2827 2592 2891 2660 τῇ
2914 2587 3008 2641 τοῦ
3037 2587 3362 2657 γράμματος
3390 2581 3599 2653 ἐκδοχῇ.
3630 2577 3768 2632 Ἀλλ’

2194 2687 2314 2759 οὐχὶ
2351 2684 2421 2738 τὰ
2462 2682 2570 2736 ὑπὸ
2605 2680 2697 2735 τοῦ
2734 2678 2983 2752 Ἀϐραάμ
3020 2675 3377 2750 όρωρυγμένα
3420 2673 3647 2746 φρέατα,
3677 2672 3771 2725 καὶ

2194 2783 2302 2836 τῶν
2329 2778 2439 2853 (15)
2466 2779 2601 2850 ἀμφ’
2627 2774 2806 2829 αὐτῶν
2839 2773 3158 2845 ἀλληγορεῖ,
3212 2771 3304 2825 καὶ
3340 2768 3589 2823 τοσοῦτον
3632 2766 3770 2819 ἀπο-

2196 2870 2376 2934 τείνας
2405 2868 2560 2938 λόγου
2600 2863 2787 2935 ἐσμδν,
2822 2863 3038 2916 ἃπασαν
3066 2857 3213 2932 ’ὁμοῦ
3254 2859 3352 2931 τὴν
3395 2852 3771 2930 πραγματείαν

2199 2966 2374 3021 αὐτῶν
2399 2963 2630 3033 ἀναιρεῖ,
2665 2958 2914 3032 μεταθεὶς
2942 2959 3020 3020 είς
3066 2956 3249 3026 ἓτερον
3279 2952 3425 3016 νοῦν,
3466 2950 3637 3005 καίτοι
3664 2946 3772 2999 τῶν

2200 3058 2446 3131 φρεάτων
2490 3054 2580 3109 ἐπὶ
2621 3050 2804 3124 χώρας
2844 3049 2924 3102 ἔτι
2966 3048 3060 3102 καὶ
3106 3046 3199 3101 νῦν
3237 3045 3355 3116 ὄψει
3402 3041 3771 3113 φαινομένων;

2203 3151 2336 3222 υύχὶ
2367 3148 2437 3204 τὰ
2460 3145 2554 3201 τοῦ
2596 3143 2782 3198 Ἰσαὰκ
2811 3142 2906 3195 καὶ
2936 3140 3003 3194 τὰ
3030 3139 3128 3210 τῆς
3165 3137 3455 3198 Ῥεϐέκκας
3488 3132 3772 3205 ἐτροπολό·

2200 3261 2336 3315 γησε
2364 3242 2683 3314 πράγματα,
2719 3236 2787 3289 τὰ
2829 3234 2929 3305 μὲν
2960 3230 3150 3286 ἐνώτια
3197 3229 3291 3282 καὶ
3336 3226 3525 3297 ψέλλια
3551 3226 3773 3293 λόγους

2201 3335 2339 3392 εἶναι
2365 3332 2633 3405 χρυσοῦς
2660 3326 2913 3401 εἰρηκὼς,
2944 3327 3156 3380 ἃπασαν
3188 3321 3244 3374 δὲ
3273 3319 3371 3391 τὴν
3400 3316 3651 3370 ὑπόθεσιν
3679 3318 3772 3368 ἐκ-

2202 3404 2546 3498 ϐιασάμενος,
2577 3419 2792 3489 ἐκείνην
2820 3415 2910 3468 ἐπὶ
2937 3412 3029 3466 τοῦ
3069 3408 3256 3482 νοητοῦ
3286 3404 3613 3478 παραλαϐὼν
3643 3407 3766 3457 ἐσυ-

2202 3494 2543 3588 κοφάντησε;
2586 3509 2723 3582 Περὶ
2762 3507 2817 3560 δέ
2852 3522 2915 3575 γε
2953 3502 3044 3556 τοῦ
3094 3498 3327 3554 πολύτλα
3369 3494 3767 3568 προσομιλήσας

2215 3609 2356 3674 Ἰὼϐ,
2400 3606 2518 3661 ἀντὶ
2565 3601 2658 3657 τοῦ
2704 3598 2976 3670 θαυμάσαι
3015 3595 3113 3665 τὴν
3158 3589 3449 3663 ὑπομονὴν,
3495 3585 3772 3640 ἐπαινέσαι

2203 3702 2328 3765 τοὺς
2360 3698 2572 3762 πόνους,
2607 3692 2924 3765 εὐφημῆσαί
2956 3687 3054 3759 τὴν
3089 3683 3384 3757 ἀριστείαν,
3420 3676 3775 3746 ἀποδέξασθαι

2203 3795 2300 3867 τὴν
2326 3792 2527 3854 πίστιν,
2559 3785 2828 3857 ἐκφράσαι
2873 3781 2942 3836 τὰ
2969 3781 3067 3852 τῆς
3102 3774 3534 3849 καρτεροψυχίας
3564 3769 3777 3825 ὑποδεί-

2203 3863 2408 3958 γματα,
2444 3875 2850 3954 προτρέψασθαι
2874 3873 2963 3928 διὰ
2994 3871 3181 3927 τούτου
3208 3869 3330 3931 τοὺς
3364 3865 3672 3926 νεολέκτους
3698 3863 3776 3926 είς

2206 3953 2404 4048 ἀρετὴν
2430 3953 2659 4041 εὐψυχίᾳ.
2697 3966 2792 4021 καὶ
2840 3963 2999 4037 ῥώμῃ
3042 3962 3373 4036 φρονήσεως,
3409 3954 3624 4010 ὁπλίσαι
3653 3953 3779 4017 τοὺς

2206 4046 2506 4137 ἀγωνιστὰς
2538 4061 2797 4134 ἀνδρείως
2824 4057 2965 4129 ὑπὲρ
2992 4056 3092 4128 τῆς
3121 4052 3396 4116 εὐσεϐείας
3427 4050 3626 4112 ἀθλεῖν,
3653 4046 3782 4117 ἀφέ-

2210 4178 2364 4232 μενος
2398 4157 2626 4220 ἐκείνου,
2657 4150 2944 4225 μετεώρως
2981 4149 3061 4211 εἰς
3108 4146 3176 4200 τά
3210 4143 3314 4197 τῶν
3354 4140 3662 4213 θυγατέρων
3689 4141 3780 4210 ὁρ-

2211 4226 2387 4325 μήσας
2418 4248 2656 4319 ὀνόματα
2705 4241 2996 4313 κατετρίϐη
3041 4235 3319 4310 γραωδῶς.
3360 4233 3497 4285 Ἀλλ’
3551 4226 3637 4286 οἷα
3685 4230 3779 4301 μὲν

2209 4322 2544 4416 ἐφλυάρησεν
2578 4341 2657 4403 είς
2687 4338 2747 4391 τὸ
2776 4334 2885 4403 τῆς
2915 4330 3155 4401 Ἡμέρας
3186 4328 3352 4398 ὄνομα
3376 4326 3641 4397 ὁρμήσας,
3688 4322 3780 4376 καὶ

2207 4436 2482 4500 Κασσίας
2513 4433 2650 4504 ἦτοι,
2700 4430 2794 4484 καὶ
2830 4426 2894 4480 τὸ
2926 4423 3035 4492 τῆς
3069 4421 3404 4491 Ἀμαλθείας
3436 4417 3632 4487 κέρας,
3662 4417 3781 4470 οὐδὲ

547 4510 709 4530 mm...
739 4510 1075 4541 νην-ηπ...
1111 4510 1318 4519 ..,.------
1578 4510 1593 4512 τ
1979 4510 1996 4520 _

546 4565 744 4622 Verum
774 4576 894 4633 qua:
912 4561 979 4615 de
1005 4556 1123 4612 Diei
1149 4553 1388 4615 nomine,
1416 4558 1469 4606 et
1492 4548 1694 4605 Cassia:
1722 4552 1883 4614 atque
1903 4542 2096 4598 Cornu-

2211 4527 2386 4597 λέγειν
2415 4522 2524 4579 οἷόν
2557 4540 2644 4576 τε·
2683 4518 2877 4592 χλεύης
2914 4515 3022 4586 γάρ
3063 4515 3177 4565 ἐστι
3219 4511 3480 4575 παντοίας
3519 4510 3779 4564 ἀνάπλεα.

2212 4623 2255 4633 τι
2325 4620 2337 4633 ι
2375 4619 2416 4633 ιιι
2521 4616 2546 4627 ~
2587 4616 2602 4633 Α
2664 4612 2821 4633 PL---.
2861 4608 3053 4633 -.-L.-.-
3085 4603 3194 4633 llﬂ\
3257 4605 3395 4633 ’Διι-ιὶ
3445 4603 3537 4633 --π
3567 4602 3778 4633 ἕλει»...

500 4708 503 4711 .
547 4658 707 4727 copia:
744 4660 976 4725 nugatus
1028 4657 1133 4713 est,
1166 4647 1255 4702 hic
1283 4655 1708 4699 commemorare
1737 4636 1955 4694 difﬁcile
1983 4644 2108 4698 est;

550 4724 839 4815 multiplici
866 4756 1101 4813 namque
1131 4744 1343 4796 scatent
1366 4735 1635 4790 futilitate.
1667 4729 1746 4784 Ad
1767 4728 2034 4781 Lazarum
2067 4724 2113 4755 ⁸⁸

550 4840 772 4896 accedo.
799 4839 935 4892 Cum
965 4836 1241 4891 debuisset
1270 4828 1471 4885 Christi
1504 4826 1693 4895 ingens
1736 4835 1874 4892 Opus
1905 4817 2112 4888 magni-

551 4933 763 4995 facere,
797 4930 997 4999 illoque
1025 4927 1201 4997 palam
1232 4923 1609 4979 demonstrare
1653 4914 1821 4969 Deum
1849 4925 1990 4972 esse,
2020 4908 2114 4979 qui

551 5030 826 5080 mortuum
850 5020 963 5091 jam
998 5017 1252 5074 fetentem
1301 5028 1332 5068 e
1381 5011 1732 5065 monumento
1790 5000 2115 5055 auctoritate

553 5118 910 5177 evocaverat,
952 5115 1006 5163 et
1048 5105 1201 5162 verbi
1232 5101 1526 5159 emissione
1561 5107 1789 5166 corpora
1822 5086 2114 5146 tumefacta

554 5202 1009 5269 animaverat,bis
1031 5198 1283 5255 omnibus
1308 5192 1527 5251 silentio
1556 5184 2114 5251 involutis,Lazarum

556 5300 788 5355 amicum
818 5291 1053 5357 Domini,
1083 5305 1242 5361 quem
1277 5304 1383 5342 non
1406 5285 1502 5341 abs
1527 5298 1588 5338 re
1606 5287 1827 5353 prepter
1859 5276 2114 5332 virtutem

554 5388 832 5462 diligebat,
852 5388 907 5441 in
936 5382 1174 5456 peccatis
1204 5380 1536 5434 laborantem
1556 5382 1611 5431 et
1638 5378 1913 5428 mortuum
1936 5377 2113 5423 trans-

628 5554 674 5586 "
699 5547 827 5608 Gen.
860 5565 921 5613 ιι,
953 5546 1042 5600 2|.
1118 5544 1163 5575 '°
1194 5540 1320 5595 Gen.
1356 5555 1471 5603 xxI,
1510 5537 1600 5591 25.
1677 5536 1721 5566 ⁶¹
1754 5532 1880 5588 Gen.
1904 5544 2055 5594 xxrv,
2087 5525 2179 5580 22.

633 5705 748 5844 (ίὸἶ
779 5706 918 5759 Τῶν.
957 5704 1039 5757 Αιι
1072 5703 1171 5769 τά;

633 5779 719 5833 liti
776 5777 912 5843 Περὶ
937 5775 1003 5827 δὲ
1028 5773 1134 5826 τοῦ
1155 5800 1171 5826 λ

628 5759 677 5833 li
776 5777 912 5843 Περὶ
937 5775 1003 5827 δὲ
1028 5773 1134 5826 τοῦ
1155 5759 1417 5843 ξὶατᾴρου
1438 5764 1653 5843 γράφω.
1677 5760 1904 5840 lluctius
1929 5759 1981 5811 in
2018 5770 2119 5809 no-

571 5848 643 5903 tis
674 5828 737 5902 ud
764 5828 1034 5913 exegctica
1066 5828 1333 5911 Origetiis,
1358 5828 1486 5906 pag:
1531 5828 1644 5899 {9.2,
1685 5850 1779 5898 pro
1807 5828 2000 5895 γράφω
2035 5842 2117 5881 ιό-

2212 4620 2348 4693 Περὶ
2370 4619 2427 4672 δὲ
2456 4616 2548 4671 τοῦ
2574 4612 2826 4684 Λαζάρου
2861 4608 3056 4681 γράφω
3085 4603 3217 4677 (i6).
3257 4605 3400 4657 Ἀντί
3445 4603 3538 4657 τοῦ
3566 4602 3783 4667 δοξάσαι

2211 4715 2311 4785 τὴν
2340 4710 2433 4765 τοῦ
2465 4706 2698 4781 Χριστοῦ
2741 4700 3136 4778 μεγαλουργίαν
3170 4698 3263 4752 καὶ¹
3291 4697 3376 4751 διὰ
3407 4696 3608 4750 τούτων
3653 4696 3788 4750 ἀπο-

2211 4805 2380 4872 δεῖξαι
2410 4802 2615 4871 σαφῶς,
2636 4801 2718 4855 ὅτι
2742 4796 2873 4861 Θεός
2898 4798 3062 4858 ἐστιν,
3084 4794 3113 4846 6
3139 4792 3228 4845 τὸν
3260 4790 3486 4844 ὀδωδότα
3509 4788 3698 4859 νεκρὸν
3721 4789 3789 4840 ἐκ

2213 4897 2321 4951 τῶν
2353 4894 2646 4968 μνημάτων
2673 4888 2890 4961 ἐξουσίᾳ
2924 4883 3432 4959 μεταπεμψάμενος,
3472 4882 3564 4935 καὶ
3596 4883 3663 4952 τῇ
3693 4879 3788 4934 τοῦ

2226 4992 2465 5063 ῥήματος
2512 4987 2703 5057 ἀφέσει
2750 4982 2819 5037 τὰ
2870 4978 3166 5051 διῳδηκότα
3218 4975 3443 5045 σώματα
3489 4974 3745 5044 ψυχὼσας
3772 5014 3788 5036 ,

2222 5085 2370 5139 οὐδὲν
2402 5082 2500 5154 μὲν
2546 5079 2706 5134 ἓνεκα
2751 5074 2942 5129 τούτου
2975 5072 3169 5139 λέγων,
3204 5068 3448 5139 Λάζαρον
3479 5067 3538 5119 δὲ
3580 5065 3669 5119 τὸν
3694 5063 3788 5117 τοῦ

2221 5175 2426 5248 Κυρίου
2460 5173 2631 5244 φίλον,
2670 5169 2727 5223 ὃν
2763 5167 2864 5222 ούκ
2909 5163 3213 5225 ἀπεικότως
3239 5160 3428 5231 ἠγάπα
3464 5161 3528 5212 δι’
3572 5157 3786 5231 ἀρετὴν,

2220 5270 2302 5332 είς
2351 5265 2441 5320 τὸν
2484 5260 2809 5318 ἀσθενοῦντα
2858 5257 2952 5311 καὶ
2991 5252 3282 5308 τεθνειῶτα
3328 5254 3447 5311 ταῖς
3499 5248 3790 5321 ἁμαρτίαις

2222 5361 2515 5432 ἀνήγαγεν.
2556 5352 2742 5417 Οὐδεὶς
2779 5350 2836 5404 δέ
2879 5347 3023 5404 κατὰ
3046 5344 3140 5401 τοῦ
3177 5343 3380 5398 δικαίου
3412 5342 3587 5396 ταῦτα
3618 5335 3786 5401 εἶπεν,

2253 5523 2296 5554 ⁸⁸
2324 5518 2425 5573 Job
2449 5532 2581 5583 xui,
2614 5514 2701 5569 ﬂ.
2779 5511 2824 5545 ⁸³
2853 5508 3016 5564 Joan.
3066 5523 3120 5561 xi
3153 5544 3167 5567 ,
3198 5504 3286 5557 45.

2228 5679 2421 5735 scribit
2448 5670 2783 5746 γράφων,ρε
2797 5667 3031 5746 Qrigene
3058 5673 3285 5746 vernum
3314 5657 3456 5746 istud
3486 5656 3793 5746 accipiens;

2227 5752 2413 5820 sicque
2437 5727 2612 5820 rei-luit
2641 5763 2654 5797 :
2686 5727 2767 5794 'L’e
2798 5727 3006 5792 Lazvaro
3047 5741 3219 5786 autem
3257 5730 3485 5782 scribens
3512 5727 3797 5799 Origenes,

2226 5816 2342 5875 cuni
2371 5816 2649 5876 debuisset,
2677 5820 2778 5868 etc.
