4090 6288
412 394 515 451 657

1297 396 1383 451 DE
1421 394 2007 452 ENGASTRIMYTHO
2045 392 2323 451 CONTRA
2366 389 2741 447 ORIGENEM.

3550 386 3654 443 6358

405 509 518 567 οὔτ’
550 510 812 582 ἔγραψεν·
843 512 904 565 ού
944 510 1053 585 γὰρ
1097 511 1165 566 ἂν
1194 511 1364 577 οὕτως
1401 512 1637 584 ἀκρίτως
1666 513 1778 585 (l7)
1805 513 1946 585 ἐστεε

2046 532 2062 574 ι
2092 510 2235 581 tulit.
2268 509 2401 579 Quae
2431 524 2591 565 nemo
2619 508 2686 564 de
2708 508 2861 578 justo
2889 515 2981 563 aut
3007 507 3164 570 dixit,
3209 513 3301 561 aut
3337 505 3478 562 dicta
3514 508 3653 562 scri-

405 620 501 657 γεν
523 605 552 652 6
572 602 776 673 Κύριος
790 601 971 666 αὐτὸν,
997 605 1046 656 εί
1070 602 1144 674 μὴ
1169 602 1456 667 θεσπεσίας
1474 604 1677 675 ἐξῆπτο
1694 603 1981 669 πολιτείας.

403 695 520 750 υύκ
547 694 767 748 ἔλαττον
789 694 846 747 δὲ
873 695 966 749 καὶ
995 695 1056 748 τὸ
1080 697 1179 767 τῆς
1209 696 1506 761 λιθοδολίας
1535 697 1717 769 δρᾶμα
1745 696 1982 769 θεωρῶν,

404 787 589 859 ἐπειδὴ
628 788 721 841 καὶ
758 788 913 842 τοῦτο
955 790 1208 861 πειρᾶται
1247 790 1662 863 τροπολογῆσαι,
1697 789 1791 844 τοῦ
1823 791 1984 860 εὐαγ-

401 879 619 949 γελικοῦ
651 881 1041 953 καταψεύδεται
1072 884 1425 954 γράμματοςο
1462 886 1545 939 Οὐ
1590 883 1751 939 πάνυ
1782 902 1858 948 τι,
1892 884 1981 938 λέ-

398 987 531 1039 γων,
557 972 825 1041 εὕρομεν,
848 971 1209 1040 ζητήσαντες
1234 975 1302 1027 ἐν
1331 973 1455 1040 τοῖς
1484 974 1599 1042 πρὸ
1630 976 1862 1040 τούτου,
1890 976 1979 1029 ὅτι

396 1061 742 1117 ἐϐάστασαν
768 1068 823 1118 οἱ
864 1064 1127 1119 Ἰουδαῖοι
1150 1068 1360 1131 λίθους
1382 1066 1483 1120 ἵνα
1511 1065 1844 1121 λιθάσωσιν
1868 1070 1975 1122 αὺ-

399 1154 532 1205 τόν·
564 1148 691 1207 εἷται
715 1156 832 1226 μετ’
860 1154 1015 1224 ὀλίγα
1038 1154 1200 1227 φησίν
1218 1172 1232 1185 ·
1260 1157 1328 1209 Ei
1364 1155 1473 1227 γὰρ
1504 1156 1690 1211 πάλιν
1723 1156 1976 1213 ἐϐάστα-

396 1261 538 1309 σαν,
576 1247 864 1316 πρότερον
892 1247 1253 1302 ἐϐάστασαν·
1289 1250 1400 1304 ἀνω
1422 1249 1478 1303 δὲ
1502 1251 1595 1304 καὶ
1616 1252 1765 1305 κάτω
1793 1250 1977 1322 βούλε-

394 1354 483 1391 ται
510 1338 915 1393 κατασκεύασαι
945 1339 1019 1411 μὴ
1061 1342 1419 1413 προηγεῖσθαι
1460 1343 1553 1396 καὶ
1583 1342 1746 1415 ἀλλην
1774 1344 1973 1414 ὁμοίως

394 1429 641 1501 ἐκδοχὴν,
667 1431 754 1484 ἵνα
779 1431 1117 1500 συστήσειεν,
1138 1433 1221 1486 ὅτι
1244 1433 1455 1502 λόγους,
1481 1432 1594 1488 ἀλλ’
1621 1435 1740 1505 οὐχὶ
1770 1435 1969 1501 λίθους,

392 1521 698 1576 ἐϐάστασαν
725 1522 952 1594 ἀμελητὶ
992 1524 1114 1577 κατ’
1160 1524 1356 1577 αὐτοῦ’
1400 1527 1575 1580 καίτοι
1616 1527 1709 1581 τοῦ
1742 1511 1971 1597 εὐαγγε-

2090 603 2199 674 ptis
2228 602 2537 670 mandavit;
2571 617 2747 672 neque
2776 601 2919 657 enim
2949 616 3070 656 eum
3103 608 3212 653 tam
3262 597 3439 654 valido
3466 613 3651 656 amore

2087 694 2350 752 Dominus
2382 703 2704 766 prosecutus
2748 694 2980 758 fuisset,
3032 693 3140 748 nisi
3168 692 3291 747 vitae
3320 692 3458 746 ratio
3484 708 3647 763 quam

2085 786 2440 857 profitebatur
2470 789 2652 844 divina
2682 787 2894 845 fuisset.
2926 785 3111 857 Neque
3141 786 3320 843 minus
3359 787 3477 851 his,
3517 786 3646 841 dum

2082 880 2429 950 lapidationis
2475 879 2679 935 factum
2715 869 3066 951 speculatur,
3115 880 3246 933 illud
3282 880 3444 936 etiam
3490 894 3553 933 ac
3597 880 3641 935 si

2080 987 2178 1042 per
2202 981 2388 1043 tropos
2416 970 2618 1026 factum
2654 972 2707 1026 in
2735 972 2893 1026 aliam
2923 973 3242 1027 sententiam
3291 971 3520 1025 educere
3547 972 3645 1025 ob-

2079 1064 2280 1130 nitens,
2312 1064 2368 1118 in
2396 1063 2721 1133 evangelieis
2761 1064 2943 1119 verbis
2977 1063 3111 1119 mire
3144 1063 3404 1117 mentitur
3431 1082 3442 1116 :
3477 1060 3640 1126 Licet,

2077 1155 2292 1225 inquit,
2331 1154 2557 1208 multum
2587 1158 2904 1225 perscrutali
2935 1155 3208 1224 fuerimus,
3241 1153 3469 1208 nondum
3499 1154 3643 1207 inve.

2077 1247 2250 1301 nimus
2279 1247 2333 1301 in
2372 1246 2452 1300 Itis
2480 1262 2596 1316 qum
2621 1247 2817 1315 scripta
2840 1260 2984 1309 sunt,
3008 1246 3225 1302 Judteos
3252 1247 3537 1314 arripuisse
3555 1245 3638 1299 la-

2072 1336 2218 1406 pides
2250 1347 2307 1391 ut
2336 1339 2390 1393 in
2421 1337 2573 1391 illum
2603 1337 2895 1407 injicerent.
2929 1338 2995 1391 Et
3019 1339 3205 1408 paucis
3229 1339 3427 1394 additis
3452 1358 3464 1393 :
3498 1337 3643 1393 Nam

2072 1433 2119 1486 si
2149 1432 2338 1486 iterum
2363 1440 2756 1499 assumpserunt
2783 1468 2797 1492 ,
2852 1431 3001 1500 prius
3056 1441 3470 1500 assumpserunt.
3516 1429 3642 1487 Vult

2070 1532 2249 1606 autem
2279 1534 2390 1578 tum
2420 1525 2473 1578 in
2504 1523 2879 1593 superioribus
2922 1530 3036 1577 tum
3078 1523 3135 1578 in
3181 1524 3532 1583 inferioribus
3562 1528 3639 1583 nil

390 1612 573 1667 λιστοῦ
624 1614 854 1686 πρόσθεν
896 1615 1208 1687 είρηκότοςο
1241 1613 1427 1684 ’Ἦραν
1470 1614 1583 1674 οὖν
1616 1619 1825 1685 λίθους
1867 1621 1946 1673 ἵνι

2067 1616 2177 1672 tale
2192 1615 2559 1686 praecessisse,
2578 1622 2635 1668 ut
2651 1613 2945 1684 probeteos
2963 1612 3147 1677 verba,
3172 1612 3266 1668 sed
3279 1629 3387 1668 non
3406 1614 3634 1684 lapides,

382 1704 662 1770 ,βάλωσιν
682 1708 775 1760 ἐπ’
805 1709 1010 1762 αὐτόν.
1043 1709 1127 1773 Ὠς
1152 1709 1209 1762 δὲ
1234 1709 1405 1764 ταῦτα
1435 1710 1783 1784 προῦγραφεν
1806 1715 1864 1766 ὲν
1888 1712 1946 1784 τις

2068 1704 2431 1775 assumpsisse
2469 1719 2755 1774 perperam
2803 1703 2859 1757 in
2894 1703 3078 1770 illum;
3113 1710 3167 1758 et
3196 1713 3378 1760 tamen
3406 1719 3638 1775 evange-

390 1799 590 1870 μεταξὺ
618 1798 774 1853 πέντε
800 1817 903 1853 που
927 1800 1021 1855 καὶ
1040 1802 1331 1874 τριάκοντα
1355 1804 1489 1875 πρὸς
1507 1806 1618 1868 τοῖς
1642 1803 1833 1859 ἑκατὸν
1859 1805 1945 1858 στί

2068 1795 2191 1850 lista
2231 1795 2386 1866 prius
2421 1794 2587 1848 dixit:
2616 1792 3057 1863 Tulerunttigitur
3085 1792 3285 1862 lapides
3319 1802 3375 1848 ut
3398 1794 3637 1863 jacerent

384 1863 515 1959 χους
540 1863 811 1960 ήύπερόἀς,
859 1863 1108 1962 ἐπιφέρει
1147 1863 1432 1960 προσθείςι·
1453 1863 1824 1948 ’ἐϐάστασαν
1850 1889 1946 1950 οὖν

2064 1886 2119 1939 in
2146 1863 2296 1939 illam
2322 1884 2386 1936 “.
2446 1883 2576 1951 Qum
2605 1885 2693 1938 ubi
2729 1884 3060 1955 scripsisset,
3092 1893 3308 1940 centum
3332 1893 3397 1941 et.
3416 1886 3636 1955 triginta

380 1986 437 2036 oi
474 1982 736 2037 Ἰουδαῖοι
777 1984 986 2050 λίθους
1026 1985 1127 2037 ἵνα
1178 1985 1511 2039 λιθάσωσιν
1553 1988 1756 2040 αὐτόν.
1802 1986 1946 2040 Ἀλλέ

2063 1979 2303 2048 quinque
2334 1977 2620 2033 versiculis
2645 1977 2941 2047 interjectis
2962 2017 2977 2041 ,
3025 1977 3206 2032 subdit
3239 1995 3250 2033 ;
3294 1976 3636 2034 Sustulerunt

374 2073 550 2127 ταῦτα
582 2075 681 2145 μὲν
711 2073 908 2138 διττοτς
949 2074 1363 2146 ἀναγέγραπται
1402 2077 1641 2148 χωρίοις,
1685 2079 1743 2129 ἐν
1777 2078 1962 2147 διαφό-

377 2181 493 2235 ροις
517 2165 572 2219 δὲ
602 2166 847 2236 φαίνεται
873 2166 1235 2238 πεπραγμένα
1260 2169 1491 2241 καιροῖς
1506 2168 1613 2222 ἀπὸ
1637 2167 1730 2221 τοῦ
1760 2167 1836 2240 μὴ
1861 2170 1958 2233 τάς

373 2258 545 2321 αὑτὰς
577 2258 721 2328 ἔχειν
765 2258 873 2313 τῶν
920 2258 1179 2330 ῥημάτων
1228 2258 1527 2323 ἐπιπλοκὰς
1580 2259 1613 2331 ἢ
1663 2259 1952 2329 συζυγίας⁸

370 2348 485 2402 ἀλλ’
520 2350 819 2420 Ὠριγένης.
865 2352 895 2404 6
938 2350 1116 2413 πάσας
1157 2350 1401 2421 οἰόμενος
1443 2351 1641 2405 εἰδέναι
1677 2350 1776 2415 τὰς
1816 2351 1957 2424 Γρα-

371 2441 499 2508 φάς,
527 2440 627 2494 οὐκ
667 2441 874 2508 ἀνέγνω
905 2441 1063 2495 τοῦτο
1093 2441 1188 2494 καὶ
1228 2440 1403 2496 ταῦτα
1442 2441 1668 2513 γράφων
1715 2442 1790 2507 ὡς
1834 2441 1954 2496 ὅλον

369 2532 507 2603 ὁμοῦ
536 2532 597 2585 τὸ
623 2533 950 2601 Εύαγγέλιον
977 2534 1071 2587 ἐπὶ
1101 2533 1318 2599 λέξεως.

438 2709 602 2767 XXII.
637 2710 701 2765 Εί
726 2711 781 2766 δέ
810 2730 893 2776 τις
915 2711 1283 2784 ὑπολαμϐάνει
1305 2711 1480 2768 ταῦτα
1504 2712 1757 2767 πλάττειν
1778 2713 1944 2784 ἡμᾶς.

367 2806 557 2869 αὐταῖς
571 2808 691 2869 ταῖς
711 2805 1093 2875 εὐαγγελικαῖς
1116 2806 1353 2877 ἐντυχὼν
1380 2806 1704 2876 ἀποφάσεσι,
1722 2806 1816 2860 καὶ
1837 2809 1949 2870 τοῖς

365 2898 746 2970 ἐμπονηθεῖσιν
766 2898 913 2969 αύτῷ
937 2900 1063 2971 περὶ
1084 2898 1243 2953 τοῦτο
1269 2899 1694 2971 σπουδάσμασιν,
1724 2900 1946 2971 εὑρήσει

367 2989 532 3061 μηδὲν
551 2992 698 3062 ἡμᾶς
721 2990 998 3062 είρηκέναι
1021 2990 1234 3061 ψευδές.
1269 2991 1429 3046 Ἀλλά
1452 3010 1505 3046 τι
1523 2992 1609 3049 δεῖς
1634 2991 1945 3067 περαιτέρω

362 3081 573 3150 λέγειν;
612 3084 863 3136 Ἀπαντα
890 3083 1008 3154 μὲν,
1039 3082 1117 3147 ὡς
1138 3082 1268 3148 ἔπος
1295 3085 1488 3150 είπεῖν,
1519 3086 1583 3139 ἐκ
1605 3083 1713 3138 τῶν
1741 3084 1941 3156 ὀνομά-

357 3188 467 3227 των
496 3174 830 3246 ἀλληγορῶν,
856 3176 1072 3248 ἀναιρεῖ
1104 3176 1203 3242 τάς
1225 3178 1335 3231 τῶν
1373 3177 1713 3249 πραγμάτων
1749 3178 1942 3232 ὑποθέ-

358 3282 492 3330 σεις,
525 3266 647 3319 οὐδὲ
683 3267 839 3320 τοῦτο
875 3267 1093 3332 ἐννοῶν,
1126 3270 1209 3323 ὅτι
1239 3269 1431 3325 πολλαὶ
1478 3270 1578 3341 μέν
1618 3274 1753 3326 εἰσιν
1795 3273 1940 3344 ὁμω-

355 3358 540 3429 νυμίαι
572 3359 796 3413 δικαίων
828 3360 909 3431 ηδ’
940 3361 1162 3427 ἀδίκων,
1196 3363 1296 3423 οὐχ
1337 3360 1448 3418 οἷόν
1488 3381 1548 3417 τε
1577 3363 1648 3435 ζδὲ
1680 3366 1777 3430 τὰς
1812 3366 1937 3419 ἀνο-

355 3451 539 3522 μοίους
569 3452 662 3506 τοῦ
690 3451 807 3524 βίου
854 3453 1129 3519 πολιτείας
1165 3456 1232 3510 ὲκ
1256 3455 1349 3510 τοῦ
1390 3456 1507 3520 ἑνὸς
1528 3456 1790 3522 ὡσαύτως
1821 3458 1937 3512 6V6-

355 3560 523 3613 ματος
556 3544 864 3614 κρίνεσθαι·
907 3544 1024 3599 ἔστι
1056 3545 1188 3614 γοῦν
1237 3546 1434 3611 Ἰούδας
1465 3550 1495 3601 6
1525 3548 1809 3620 προδότης,
1839 3549 1935 3604 καὶ

350 3634 577 3706 θάτερος
614 3634 814 3699 Ἰούδας
851 3638 1174 3703 ἀπόστολος
1233 3639 1264 3710 ἢ
1314 3634 1383 3694 αὖ
1444 3641 1605 3695 πάλιν
1662 3642 1934 3713 Ζαχαρίας

349 3723 683 3788 ἀδικώτατος
731 3725 1003 3795 βασιλεὺς,
1047 3730 1142 3782 καὶ
1188 3730 1466 3801 Ζαχαρίας
1499 3731 1685 3803 ἕτερος
1723 3734 1752 3785 6
1798 3750 1932 3805 προ-

350 3815 547 3887 φήτης.
588 3817 662 3869 Οὐ
691 3816 797 3888 μὴν
820 3817 953 3871 ἀλλά
983 3820 1075 3872 καὶ
1107 3822 1136 3873 6
1165 3819 1380 3891 βληθεὶς
1411 3823 1469 3874 ὲν
1496 3825 1561 3894 τῇ
1600 3824 1814 3895 καμίνῳ
1838 3826 1930 3880 τοῦ

348 3908 520 3980 πυρὸς
556 3908 799 3973 Ἀνανίας
818 3925 831 3939 ·
860 3908 976 3962 ἐστι
995 3909 1055 3963 δὲ
1101 3911 1252 3983 παρὰ
1273 3911 1460 3965 τοῦτον
1494 3911 1651 3976 ἀλλος
1684 3914 1930 3979 Ἀνανίας

344 4002 375 4055 6
408 3998 618 4055 διώκων
665 4002 764 4073 μὲν
805 4000 903 4073 τὴν
948 4002 1273 4074 Ἐκκλησίαν
1314 4004 1434 4056 ἀντὶ
1485 4002 1578 4057 τοῦ
1616 4004 1926 4071 διώκεσθαι,
1987 4068 1995 4077 ,

346 4091 698 4162 προστάττων
751 4090 811 4145 δὲ
851 4092 1149 4146 τύπτεσθαι
1201 4092 1292 4148 τὸν
1332 4094 1685 4161 Ἀπόστολον,
1741 4090 1786 4165 ᾧ
1836 4099 1928 4153 καὶ

344 4184 674 4255 καταντικρὺ
702 4184 838 4256 πρὸς
862 4183 993 4250 ἔπος
1028 4186 1059 4237 6
1106 4184 1319 4250 Παῦλος
1351 4186 1748 4257 ἀντεφθέγξατο
1767 4205 1782 4218 ’
1824 4191 1927 4244 Τύ-

341 4288 514 4330 πτειν
550 4292 624 4331 σε
644 4277 856 4348 μέλλει
899 4280 934 4331 ὁ
965 4277 1131 4346 Θεὸς,
1164 4278 1326 4348 τοῖχε
1371 4281 1758 4351 κεκονιαμένε
1774 4299 1788 4313 ο
1827 4283 1924 4338 καί

340 4365 424 4419 σὺ
449 4365 603 4437 κάθῃ
633 4368 828 4437 κρῖναί
851 4386 931 4439 με
961 4371 1111 4440 μετὰ
1146 4369 1254 4424 τὸν
1291 4374 1501 4442 νόμον,
1534 4372 1633 4426 καὶ
1660 4388 1921 4442 παρανο-

336 4456 467 4527 μῶν
485 4474 563 4527 με
586 4460 855 4527 κελεύεις
879 4461 1242 4526 τύπτεσθαι;
1273 4461 1573 4534 Τοιγαροῦν
1613 4463 1771 4537 εἴπερ
1808 4466 1921 4519 ὀνό-

2061 2073 2236 2142 itaque
2282 2068 2462 2125 Juda'i
2511 2069 2709 2139 lapides
2758 2080 2814 2123 ut
2846 2067 3140 2139 lapidare»:
3171 2070 3344 2139 ipsum
3391 2070 3457 2127 °'.
3506 2070 3632 2127 Haec

2057 2161 2277 2233 quidem
2306 2162 2508 2230 duplici
2532 2162 2652 2217 loco
2674 2161 2944 2231 descripta
2962 2169 3114 2227 sunt,
3132 2161 3474 2233 diversisque
3494 2170 3630 2218 tem-

2058 2255 2283 2325 poribus
2315 2263 2468 2326 gesta
2496 2264 2777 2325 apparent.
2802 2254 2947 2325 quod
2978 2270 3089 2309 non
3134 2255 3370 2312 habeant
3402 2257 3622 2311 eosdem

2058 2346 2347 2403 verborum
2400 2362 2573 2402 nexus
2626 2346 2710 2401 vel
2741 2347 3176 2416 conjunctiones.
3211 2346 3317 2404 Sed
3362 2346 3625 2420 Origenes

2054 2440 2195 2510 ipse,
2214 2439 2308 2510 qui
2344 2454 2402 2495 se
2427 2437 2741 2508 Scripturas
2763 2453 2952 2495 omnes
2977 2447 3164 2495 tenere
3192 2441 3486 2503 existimat,
3511 2443 3624 2497 haec

2053 2532 2324 2596 scribens,
2354 2546 2462 2586 non
2485 2531 2738 2600 cognovit
2760 2539 2931 2585 totum
2964 2530 3018 2584 id
3052 2532 3327 2604 Evangelii
3360 2535 3620 2604 scriptum

2050 2624 2116 2678 ad
2147 2622 2404 2677 litteram.

2120 2713 2284 2770 XXII.
2326 2712 2498 2768 Porro
2528 2714 2574 2768 si
2605 2714 2727 2785 quis
2753 2714 2868 2770 haec
2895 2730 2996 2772 nos
3028 2715 3285 2786 efﬁngere
3302 2717 3615 2781 existimat,

2049 2806 2336 2864 sententiis
2393 2806 2723 2878 evangelieis
2784 2807 3072 2878 perlectis,
3125 2808 3382 2880 illiusque
3432 2810 3489 2863 in
3525 2824 3618 2865 eas

2046 2899 2484 2964 commentariis,
2515 2899 2588 2955 ab
2631 2899 2782 2955 omni
2816 2912 2917 2954 nos
2956 2900 3286 2957 abstinuisse
3335 2900 3617 2955 mendacio

2046 2992 2361 3061 comperiet.
2390 2990 2530 3057 Quid
2561 2990 2686 3046 inde
2713 3006 2851 3062 opus
2872 3000 2959 3050 est
2989 2993 3132 3047 ultra
3162 2992 3459 3064 progredi?
3486 2991 3617 3048 0m-

2044 3081 2154 3145 nia,
2181 3089 2242 3136 ut
2288 3080 2456 3137 verbo
2493 3080 2812 3152 expediam,
2872 3083 3143 3154 allegoriis
3178 3098 3259 3138 ex.
3298 3083 3614 3142 nominibus

2044 3173 2345 3242 desumptis
2372 3173 2616 3243 exponit,
2647 3189 2829 3229 rerum
2863 3183 3179 3245 argumenta
3213 3175 3278 3230 de
3302 3176 3478 3231 medio
3505 3178 3611 3233 toi-

2041 3263 2134 3332 lit;
2181 3278 2360 3335 neque
2399 3264 2534 3319 illud
2570 3265 2897 3335 percipiens,
2933 3267 3134 3322 multas
3171 3283 3293 3324 esse
3336 3268 3609 3338 justorum

2038 3364 2092 3410 et
2126 3356 2456 3427 injustorum
2483 3356 2705 3413 easdem
2736 3357 3209 3415 denominationes
3228 3399 3243 3425 ,
3284 3376 3461 3431 neque
3492 3361 3607 3417 fieri

2036 3463 2199 3518 posse
2228 3457 2289 3504 ut
2305 3449 2533 3505 diversae
2556 3454 2680 3505 vitae
2709 3450 2951 3507 rationes
2982 3451 3050 3506 ab
3078 3466 3185 3506 uno
3214 3453 3434 3509 nomine
3453 3453 3607 3509 simi-

2036 3542 2161 3597 liter
2184 3540 2572 3612 dijudicentur.
2594 3541 2687 3599 Est
2713 3543 2895 3613 itaque
2908 3541 3078 3598 Judas
3094 3544 3359 3613 proditor,
3391 3554 3446 3601 et
3470 3547 3607 3602 alter

2033 3631 2204 3690 Judas
2232 3635 2542 3704 apostolus;
2581 3634 2665 3690 vel
2703 3649 2946 3702 rursum,
2982 3633 3274 3691 Zacharias
3303 3651 3399 3691 rex
3461 3637 3605 3706 inju-

2034 3726 2330 3792 stissimus,
2363 3733 2418 3783 et
2451 3724 2744 3786 Zacharias
2786 3726 2924 3781 alter
2963 3726 3245 3796 propheta.
3295 3726 3362 3781 Et
3409 3728 3503 3799 qui
3546 3728 3603 3783 in

2033 3820 2309 3875 fornacem
2360 3818 2502 3890 ignis
2546 3818 2781 3888 injectus
2809 3826 2930 3881 est,
2973 3819 3216 3874 Ananias
3264 3821 3598 3892 vocabatur;

2031 3911 2167 3966 alter
2194 3902 2374 3965 autem
2402 3917 2489 3965 est
2511 3917 2708 3980 praeter
2734 3908 2881 3963 hunc
2910 3907 3149 3963 Ananias
3175 3910 3268 3979 qui
3297 3908 3599 3965 Ecclesium

2029 4001 2476 4071 persequebatur,
2500 4015 2623 4055 cum
2657 4000 2776 4073 ipse
2808 4001 2990 4072 potius
3017 4002 3450 4071 persecutionem
3483 4004 3596 4073 pati

2028 4092 2329 4160 debuisset,
2366 4093 2773 4165 imperabatque
2804 4102 2864 4149 ut
2898 4093 3083 4164 ﬂagris
3110 4094 3406 4149 caederetur
3449 4096 3595 4166 Apo-

2028 4186 2223 4249 stolus,
2259 4186 2347 4240 cui
2379 4185 2432 4239 in
2457 4184 2648 4240 faciem
2682 4185 2748 4241 ad
2777 4186 3003 4241 verbum
3030 4184 3233 4241 Paulus
3261 4188 3341 4242 sic
3364 4203 3595 4256 respon-

2025 4276 2104 4330 dit
2138 4294 2152 4329 :
2184 4273 2543 4330 Percussurus
2576 4285 2652 4330 est
2687 4284 2734 4329 te
2767 4273 2927 4340 Deus,
2962 4292 3111 4329 mure
3143 4275 3404 4331 dealbate.
3435 4276 3505 4331 Et
3536 4288 3591 4332 tu

2024 4368 2171 4423 sedes
2192 4378 2241 4423 et
2260 4368 2477 4438 judicas
2503 4386 2585 4423 me
2612 4370 2896 4425 secundum
2927 4371 3109 4442 legem,
3145 4378 3194 4426 et
3231 4380 3414 4425 contra
3458 4373 3591 4443 leges

2023 4479 2102 4516 me
2118 4461 2274 4531 jubes
2296 4463 2497 4531 percuti
2530 4464 2615 4517 “1?
2648 4461 2815 4534 Igitur
2842 4465 2888 4520 si
2918 4465 3137 4520 nomine
3184 4480 3275 4522 res
3322 4466 3450 4536 ipsa:
3476 4466 3591 4522 dis-

342 4567 469 4621 ματι
519 4552 587 4607 τά
636 4552 937 4625 πράγματα
983 4555 1259 4627 κρίνεται,
1321 4555 1629 4625 λεγέτωσαν
1695 4561 1746 4614 οἱ
1798 4562 1918 4623 ταῖς

2046 4564 2342 4621 rernuntur,
2376 4557 2470 4627 qui
2490 4558 2760 4615 similibus
2788 4560 3110 4630 tropologiis
3134 4559 3475 4621 incumbunt.
3504 4560 3588 4615 di-

336 4642 609 4707 τοιαύταις
647 4645 1043 4717 ὲπερειδόμενοι
1079 4646 1486 4719 τροπολογίαις,
1511 4649 1669 4720 ὁποίᾳ
1706 4650 1913 4723 μεθόδῳ

2046 4654 2145 4700 ant
2168 4662 2275 4717 qua
2314 4647 2568 4704 methodo
2596 4647 2841 4705 diversas
2864 4651 3122 4705 scientias
3146 4659 3238 4705 aut
3268 4652 3389 4706 vita:
3421 4651 3589 4707 ratio-

334 4733 433 4797 τὰς
456 4735 741 4807 ἀνομοίους
773 4738 1081 4809 ἐπιστήμας
1116 4739 1150 4811 ἢ
1194 4739 1479 4793 πολιτειῶν
1525 4741 1814 4811 ἀναγωγάς
1847 4744 1912 4797 ὲκ

2046 4752 2116 4793 res
2142 4752 2205 4793 ex
2249 4740 2438 4795 eodem
2468 4741 2688 4797 nomine
2727 4744 3018 4813 explicant.
3070 4745 3218 4799 Multi
3267 4744 3476 4799 scilicet
3528 4745 3585 4800 in

334 4826 434 4897 τῆς
462 4828 778 4900 ὁμωνυμίας
810 4819 1050 4895 ἀξιοῦσιν
1089 4830 1431 4903 ἑρμηνεύειν.
1474 4834 1685 4903 Ἀμέλει
1725 4834 1907 4889 πολλοὶ

2046 4846 2161 4886 ωηο
2189 4832 2329 4887 diem
2364 4834 2769 4904 progenitorum
2805 4842 2899 4889 aut
2928 4836 3315 4906 prophetarum
3347 4837 3585 4890 nomini-

334 4918 435 4989 μὲν
455 4920 535 4974 ἔτι
563 4923 658 4976 καὶ
686 4924 921 4995 τήμερον
954 4923 1191 4978 Ἰουδαῖοι
1227 4926 1582 4998 προπατόρων
1626 4927 1659 4998 ἢ
1695 4944 1907 5000 προφη-

2046 4939 2119 4979 »υε
2173 4925 2415 4997 insigniti
2457 4925 2629 4982 Judaei
2670 4927 2767 4997 jus
2805 4929 3011 4983 violant
3054 4938 3108 4984 et
3166 4930 3328 5000 impie
3357 4930 3579 4997 vivunt;

329 5008 438 5063 τῶν
468 5011 706 5081 ὀνόματα
750 5011 1063 5084 βαλλόμενοι
1094 5015 1292 5087 δρῶσιν
1328 5016 1591 5081 ἀθέμιτα’
1640 5018 1824 5072 πολλοὶ
1848 5020 1904 5073 δὲ

2046 5016 2168 5071 ιυιιί
2194 5019 2320 5073 item
2351 5027 2405 5072 et
2433 5019 2573 5089 apud
2594 5028 2783 5090 gentes
2808 5019 2953 5076 Petri
2985 5031 3039 5077 et
3068 5020 3221 5077 Pauli
3258 5023 3576 5094 nuncupati.

329 5101 422 5153 καὶ
445 5105 570 5173 παρ’
598 5103 821 5174 Ἕλλησι
842 5105 1036 5178 Πέτροι
1069 5108 1163 5161 καὶ
1184 5107 1383 5162 Παῦλοι
1402 5108 1722 5180 καλούμενοι
1741 5111 1905 5181 πράτο

325 5209 509 5248 τουσιν
548 5196 840 5267 ἀνήκεστα.
880 5198 960 5252 Τά
1005 5200 1105 5269 μὲν
1127 5202 1572 5256 τοίνυνρύπόκενα
1595 5202 1704 5256 τῶν
1729 5201 1902 5271 λόγων

338 5279 643 5352 Ὠριγένους
674 5285 771 5355 οὐχ
803 5285 1002 5356 ἥκιστα
1035 5289 1126 5342 καὶ
1158 5291 1246 5346 διὰ
1280 5291 1381 5362 τῆς
1406 5291 1661 5363 τοιαύτης
1689 5291 1903 5346 ἁλίσκεο

324 5386 415 5422 ται
449 5373 805 5442 κουφολογίας
825 5392 837 5405 ο
883 5377 982 5429 ὅσα
1016 5377 1074 5430 δὲ
1102 5380 1199 5450 τῆς
1230 5382 1577 5448 ἀναστάσεως
1611 5384 1776 5440 ἕνεκα
1800 5403 1899 5439 κα-

323 5462 554 5529 κοδόξως
589 5467 909 5538 εἰσηγεῖται,
938 5469 1172 5540 δηλῶσαι
1220 5472 1320 5543 μὲν
1362 5476 1455 5528 ἐπὶ
1500 5475 1592 5530 τοῦ
1632 5478 1896 5547 παρόντος

398 5642 443 5672 ⁸⁸
467 5640 628 5698 Joan.
656 5660 774 5709 vin,
802 5645 889 5702 59.
977 5647 1022 5703 ’ἔ
1054 5646 1213 5703 Joan.
1246 5667 1301 5713 ι,
1335 5653 1423 5709 51.
1498 5655 1681 5711 “Act.
1716 5673 1877 5724 mu,
1910 5659 1963 5714 5.

394 5823 501 5892 ιιι)
540 5825 1001 5894 Ἀκρίτως,ῐ““‹›ι·ιυ
1034 5831 1313 5899 ἐκκρίτως.

2008 5110 2216 5166 nefarie
2243 5126 2354 5166 rem
2384 5127 2536 5166 suam
2568 5121 2781 5183 gerunt.
2808 5112 2994 5185 Itaque
3020 5114 3245 5170 futilitas
3278 5116 3579 5184 levitasque

2011 5216 2326 5258 sermonum
2342 5200 2590 5272 Origenis
2613 5219 2718 5258 non
2741 5204 2923 5259 minus
2945 5221 3041 5276 per
3067 5206 3206 5261 hanc
3223 5206 3575 5275 vaniloquen—

2009 5293 2139 5348 tiam
2161 5291 2602 5362 deprehenditur.
2626 5294 2758 5361 Qua:
2788 5312 2951 5366 porro
2974 5300 3391 5356 resurrectionis
3409 5312 3572 5352 causa

2009 5388 2150 5443 male
2172 5388 2416 5443 sentiens
2449 5388 2696 5454 intrudit,
2720 5392 3000 5460 publicare
3022 5410 3130 5449 non
3168 5400 3252 5448 est
3292 5396 3572 5462 praesentis

2002 5482 2230 5553 negotii.
2271 5481 2762 5543 Methodiusenim
2793 5496 2997 5544 sancta:
3045 5486 3319 5543 memoriae
3349 5486 3403 5540 in
3436 5484 3569 5541 illud
