4090 6288
513 423 619 481 659

518 539 804 614 quaesitum
842 534 973 591 satis
1002 528 1216 587 abunde
1261 526 1501 598 scripsit,
1527 531 1818 595 aperteque
1841 519 2079 575 ostendit
2107 533 2151 587 Α

520 612 663 705 quod
688 626 931 685 haeresim
962 621 1339 679 aﬁ'ectantibus
1373 631 1561 674 ansam
1610 615 1900 686 praebuerit
1940 612 2080 666 male

522 703 806 783 sentiendi,
839 718 894 771 in
922 714 1124 786 specie,
1149 727 1260 768 non
1304 711 1425 782 ipso
1463 722 1693 778 corpore
1725 703 2083 760 resurrectio-

521 832 641 872 nem
673 813 787 868 fieri
824 807 1212 866 determinans.
1234 805 1417 874 Ipsum
1447 814 1575 857 vero
1603 796 1879 869 allegoriis
1901 795 2085 850 omnia

519 906 845 968 invertisse,
895 915 1180 971 pravseque
1230 893 1503 967 opinionis
1532 893 1733 961 ubique
1763 890 1973 945 semina
2001 887 2085 942 in-

521 998 777 1070 gessisse,
810 993 970 1048 facile
997 990 1221 1062 cognitu
1274 994 1393 1054 est;
1442 983 1748 1054 saepiusque
1790 981 1917 1035 hinc
1960 976 2087 1033 inde

520 1089 707 1148 eadem
738 1086 1104 1143 revolventem
1136 1096 1202 1136 ac
1253 1084 1587 1150 repetentem
1610 1114 1627 1141 ,
1678 1081 1853 1129 totum
1900 1071 2086 1128 orbem

522 1179 811 1237 immodica
842 1190 1086 1246 vanaque
1137 1171 1417 1243 loquentia
1450 1168 1725 1239 implesse.
1784 1164 1896 1219 Hac
1946 1164 2088 1219 dun-

521 1283 670 1327 taxat
695 1269 950 1326 methodo
978 1282 1042 1322 ex
1075 1280 1226 1320 more
1258 1263 1443 1318 omnia
1473 1260 1676 1329 ubique
1702 1256 1975 1327 allegoriis
2003 1255 2090 1310 in-

523 1363 780 1426 farciens,
805 1367 1016 1415 tantum
1035 1352 1459 1427 Engastrimytbi
1492 1350 1654 1406 verba
1680 1348 1907 1420 ﬁgurate
1932 1345 2095 1402 extri—

524 1471 650 1510 care
675 1468 782 1508 non
810 1451 1004 1522 potuit,
1037 1462 1214 1518 neque
1241 1445 1359 1517 ipsa
1381 1458 1566 1498 rerum
1597 1448 1873 1513 gestarum
1900 1453 2095 1494 conse-

523 1545 747 1618 quentia
777 1544 833 1598 in
864 1543 1040 1597 lucem
1068 1537 1314 1594 veritatis
1348 1535 1615 1607 proferre.

594 1634 783 1691 XXIII.
825 1633 966 1700 Quid
1016 1638 1274 1702 praeterea
1306 1627 1487 1682 attulit
1524 1624 1786 1694 religione
1818 1624 1923 1679 sibi
1968 1624 2097 1678 sub-

527 1727 759 1799 terfugia
791 1723 1039 1796 fingens?
1069 1722 1205 1779 Cum
1230 1728 1505 1791 spectrum
1539 1717 1690 1772 Sauli
1710 1717 1918 1772 dixisse
1947 1714 2099 1770 vide-

530 1830 681 1875 retur
710 1837 723 1871 :
758 1812 1040 1869 Abscindet
1065 1811 1321 1865 Dominus
1349 1822 1562 1877 regnum
1588 1804 1653 1858 de
1687 1820 1850 1858 manu
1898 1812 1989 1857 tua
2012 1801 2054 1832 ⁸⁷
2080 1817 2097 1866 ;

1460 407 1517 463 s.
1560 377 1927 461 rus'raruu
1968 394 2277 454 EPISCOPl
2307 388 2721 450 annosum

3644 372 3758 431 θοι)

2178 516 2276 585 οὐχ
2299 508 2408 566 οἷόν
2441 528 2519 563 τε.
2546 506 2798 568 Μεθόδιος
2830 501 2937 575 γὰρ
2976 501 3004 554 ὁ
3035 500 3133 570 τῆς
3162 497 3322 567 ἁγίας
3352 495 3499 561 ἄξιος
3537 489 3761 562 μνήμης

2180 582 2412 678 ἔγραψεν
2441 600 2803 672 ἀποχρώντως
2831 597 2911 659 είς
2939 593 3055 647 τόδε
3094 593 3156 644 τὸ
3201 588 3485 661 θεώρημα,
3527 585 3620 638 καὶ
3657 582 3763 636 διέε-

2179 672 2409 762 δειξέ-γε
2439 691 2654 762 φανδὸν,
2685 689 2767 742 ὅτι
2804 688 2916 748 τοῖς
2956 680 3302 754 αἱρεσιώταις
3337 678 3505 731 ἔδωκε
3528 672 3761 745 πάροδον

2181 786 2421 850 ἀϐούλως
2448 784 2541 839 ἐπὶ
2563 783 2756 846 εἴδους,
2796 777 2911 833 ἀλλ’
2937 777 3037 830 οὐκ
3072 774 3164 827 ἐπὶ
3193 771 3440 842 σώματος
3467 765 3629 821 αὑτοῦ
3661 765 3761 837 τὴν

2184 878 2475 933 ἀνάστασιν
2516 870 2858 945 ὁρισάμενος.
2887 864 3033 919 Ἀλλ’
3068 864 3150 917 ὅτι
3192 862 3288 933 μὲν
3323 859 3537 914 ἅπαντα
3567 872 3764 927 τροπο-

2184 968 2392 1038 λογίαις
2435 963 2696 1037 ἀνέτρεψε
2720 1001 2735 1027 ,
2776 959 2870 1013 καὶ
2893 957 2962 1011 τὰ
3006 956 3104 1026 τῆς
3144 951 3460 1017 κακοδοξίας
3513 948 3763 1017 ἔσπειρεν

2186 1037 2489 1129 ἑκασταχοῦ
2525 1055 2834 1127 σπέρματα,
2870 1048 2998 1120 ῥᾷόν
3035 1048 3180 1100 ἐστιν
3229 1045 3384 1098 ἰδεῖν·
3429 1043 3540 1096 ἄνω
3578 1039 3636 1093 δὲ
3670 1037 3766 1092 καὶ

2188 1153 2339 1208 κάτω
2366 1146 2701 1216 ταυωλογῶν
2732 1144 3016 1216 ἐπλήρωσε
3060 1140 3156 1212 τὴν
3189 1136 3510 1207 οἰκουμένην
3545 1134 3768 1204 ἀμέτρῳ

2191 1243 2447 1316 φλυαρίᾳ.
2510 1237 2745 1309 Τοιαύτη
2800 1236 2857 1289 δὲ
2913 1234 3119 1307 μεθόδῳ
3168 1229 3407 1301 συνήθως
3458 1224 3770 1297 ἀλληγορῶν

2193 1337 2404 1392 ἅπαντα
2437 1329 2744 1401 πανταχῶς,
2772 1328 2871 1398 οὐχ
2899 1321 3008 1389 οἶός
3037 1341 3097 1378 τε
3131 1322 3346 1392 ἐγένετο
3381 1319 3449 1372 τά
3483 1319 3581 1389 τῆς
3612 1318 3773 1386 ὲγγα-

2195 1426 2490 1501 στριμύθου
2544 1420 2943 1495 τροπολογῆσαι
2993 1420 3209 1491 ῥήματα
3265 1413 3445 1484 μόνον,
3496 1410 3604 1466 οὐδ’
3641 1408 3774 1463 αὐτὸ

2197 1500 2382 1588 σαφῶς
2404 1514 2463 1582 ἐξ
2491 1513 2661 1583 αὐτῆς
2688 1508 2969 1582 ἱστορῆσαι
2995 1507 3093 1577 τῆς
3121 1500 3457 1563 ἀκολουθίας.
3634 1568 3637 1571 _

2264 1631 2454 1689 XXIII.
2486 1629 2645 1684 Ἀλλά
2682 1626 2734 1681 τί
2778 1625 2913 1695 πρὸς
2945 1621 3036 1676 ἐπὶ
3075 1620 3283 1681 τούτοις
3314 1617 3604 1687 εἰσήγαγεν
3641 1612 3775 1680 ἀφο-

2199 1726 2382 1782 σιώσει
2414 1722 2777 1791 πλαττόμενος
2808 1712 3124 1784 ἁποφυγάς;
3167 1707 3492 1778 Ἐπειδήπερ
3522 1704 3693 1757 ἐδόκει
3716 1701 3778 1755 τὸ

2201 1816 2394 1889 φάσμα
2416 1813 2495 1885 τῷ
2523 1809 2692 1865 Σαοὺλ
2725 1806 3019 1879 είρηκέναι·
3060 1798 3369 1870 Διαρῤήξει
3410 1797 3625 1863 Κύριος
3666 1791 3780 1861 τὴν

533 1911 619 1966 liis
642 1907 992 1979 probabiliter
1020 1903 1211 1959 dicens
1267 1900 1591 1962 subintulit,
1644 1913 1757 1952 non
1798 1912 1934 1966 opus
1974 1910 2099 1953 esse

2216 1882 2520 1963 ὲασίιλείαν
2544 1904 2613 1957 ἐκ
2646 1901 2844 1972 χειρός
2876 1914 3013 1959 σου,
3041 1894 3178 1967 πρὸς
3211 1891 3383 1945 ταῦτα
3415 1882 3781 1952 πιθανολογῶν

533 1999 837 2072 intelligere
865 1995 1189 2051 dmmonium
1222 1993 1290 2047 de
1323 2006 1490 2062 regno
1514 1988 1876 2045 lsraelitarum
1908 1984 2103 2040 vatici-

534 2101 722 2147 natum
746 2090 933 2146 fuisse.
964 2087 1082 2142 Jam
1108 2085 1360 2156 superius
1382 2083 1698 2138 dicebamus
1722 2081 1886 2136 verba
1912 2079 1981 2134 ab
2007 2077 2106 2133 Sa-

534 2185 711 2239 muele
766 2182 976 2252 prolata
1035 2179 1333 2234 daemonem
1389 2174 1713 2230 suﬂ'uratum
1773 2172 1976 2234 fuisse,
2048 2177 2106 2224 ut

535 2283 748 2333 amente
775 2274 937 2329 Saule
967 2272 1190 2341 decepto
1215 2286 1280 2325 ex
1318 2267 1551 2339 propriis
1581 2279 1891 2321 sermonem
1922 2270 2107 2316 texere

539 2368 831 2423 videretur.
881 2364 951 2417 At.
991 2362 1081 2415 hic
1127 2359 1348 2416 simulat
1376 2357 1582 2413 similes
1630 2355 1832 2410 diaboli
1876 2360 2107 2407 conatus

538 2475 651 2516 non
685 2457 886 2513 habere
913 2463 1239 2523 compertos.
1272 2448 1343 2505 Ut
1369 2464 1498 2520 ergo
1520 2447 1803 2501 vaticinari
1825 2445 2109 2500 videbatur

541 2546 812 2602 dementis
843 2559 1056 2613 regnum
1084 2537 1520 2602 abscindendum,
1546 2545 1676 2591 tunc
1716 2535 1962 2605 adjunxit
1992 2553 2006 2588 :
2040 2533 2110 2587 Et

540 2641 690 2696 dabit
720 2637 854 2694 illud
884 2636 1123 2708 proximo
1161 2644 1248 2689 tuo
1279 2632 1467 2688 David.
1497 2631 1564 2684 At
1590 2629 1892 2700 polyhistor
1923 2627 2113 2699 Orige-

543 2751 644 2791 nes
671 2734 760 2787 hic
788 2741 970 2788 motus
991 2729 1129 2787 dixit
1164 2725 1541 2783 :'Daemouium
1572 2738 1678 2777 non
1720 2728 1896 2794 potest
1946 2736 2112 2791 agno-

547 2842 699 2883 scere
752 2839 980 2895 regnum
1011 2821 1178 2875 David
1207 2818 1395 2874 divino
1442 2814 1700 2886 suffragio
1755 2814 2112 2869 destinatum.

548 2919 677 2974 Mihi
710 2932 837 2973 vero
865 2916 953 2971 hic
991 2914 1181 2971 subest
1211 2910 1518 2976 admiratio,
1553 2922 1786 2979 quonam
1835 2906 1927 2961 hic
1956 2912 2114 2975 pacto

550 3010 692 3082 apud
728 3012 912 3080 plures
942 3007 1062 3063 sani
1090 3004 1306 3061 consilii
1334 3002 1583 3074 gloriam,
1610 3016 1674 3056 ac
1702 2999 1748 3056 si
1771 2998 2012 3070 prudens
2040 2997 2114 3053 si-

550 3102 663 3156 mul
682 3109 739 3156 et
768 3101 824 3155 in
864 3098 1144 3155 sententiis
1168 3093 1404 3150 ferendis
1439 3093 1680 3161 optimus
1702 3096 1866 3154 esset,
1894 3102 2116 3143 assecu-

552 3202 642 3248 tus
674 3193 764 3249 sit.
804 3190 973 3262 lgitur
1024 3187 1072 3245 si
1118 3200 1341 3259 regnum
1391 3189 1536 3239 esset
1561 3184 1888 3248 obscurum,
1934 3180 2116 3234 forsan

553 3299 663 3339 non
696 3282 995 3351 incongrue
1042 3294 1101 3334 se
1130 3276 1264 3332 illud
1311 3276 1493 3347 aliquo
1521 3273 1682 3329 modo
1714 3271 1929 3328 nescire
1956 3272 2119 3327 dissi-

552 3377 852 3430 mulasset:
885 3387 1009 3427 cum
1039 3385 1168 3427 vero
1206 3370 1275 3426 de
1305 3370 1400 3424 illo
1438 3375 1668 3425 testatus
1701 3366 1773 3422 sit
1801 3364 1972 3427 Deus,
2014 3363 2121 3417 Da-

553 3468 752 3538 vidque
781 3481 811 3521 a
850 3463 1100 3520 Samuele
1137 3470 1333 3517 unctus
1357 3501 1374 3525 ,
1407 3469 1462 3516 et
1509 3472 1725 3529 semper
1747 3459 1804 3512 in
1832 3457 1975 3513 bello
2008 3455 2121 3526 pri-

555 3577 673 3617 mas
696 3560 895 3627 ferens,
929 3558 1074 3629 regis
1101 3573 1267 3629 gener
1292 3558 1364 3613 sit
1388 3556 1636 3618 effectus,
1665 3554 1740 3607 ita
1763 3558 1821 3607 ut
1845 3551 1977 3605 huic
2000 3551 2123 3620 qui-

554 3655 676 3711 dem
712 3652 1068 3723 tripudiantes
1102 3648 1400 3723 myriadas,
1429 3646 1582 3702 Sauli
1627 3644 1890 3700 ehiliadas
1921 3643 2123 3699 decan-

552 3746 754 3811 tarint;
805 3743 851 3800 si
885 3745 996 3799 han:
1029 3749 1083 3798 et
1128 3741 1211 3797 bis
1254 3739 1453 3796 similia
1499 3736 1945 3799 manifestarant,
1990 3733 2122 3804 quid

556 3839 752 3891 mirum
780 3843 873 3890 aut
902 3843 1097 3906 praeter
1123 3833 1585 3905 exspectationem
1618 3830 1754 3894 erit,
1799 3830 1846 3884 si
1896 3842 2124 3899 regnum

556 3930 743 3985 divino
800 3927 1056 3999 suﬂragio
1113 3942 1207 3998 per
1249 3924 1568 3996 prophetam
1608 3921 1877 3976 munitum
1910 3920 2124 3975 daemon

557 4020 918 4092 agnosceret!
943 4018 1076 4073 Nam
1122 4019 1169 4072 si
1201 4031 1387 4073 verum
1421 4015 1602 4070 dicere
1624 4013 1874 4078 velimus,
1903 4027 2012 4067 non
2041 4012 2124 4066 in-
2154 4058 2161 4068 .

559 4111 906 4183 telligendum
972 4111 1122 4165 illum
1190 4109 1366 4166 solum
1440 4123 1701 4179 corporea
1755 4120 2119 4176 cognoscere,

561 4201 1015 4274 quemadmodum
1046 4201 1148 4256 olei
1179 4216 1334 4264 usus,
1354 4201 1513 4270 cujus
1540 4200 1734 4256 eﬂusio
1753 4207 1932 4255 tactus
1961 4214 2125 4255 sensu

564 4295 877 4367 percipitur.
913 4292 1019 4348 Sed
1048 4294 1233 4348 nullus
1255 4293 1490 4363 ambiget
1524 4293 1639 4347 haec
1670 4293 1925 4348 omnibus
1953 4291 2128 4346 mani-

565 4387 704 4441 feste
732 4386 1092 4441 innotescere.
1118 4383 1323 4439 Addam
1356 4398 1484 4437 vero
1506 4384 1647 4454 quod
1671 4384 1884 4439 excedit
1908 4392 2122 4439 caetera.

570 4478 629 4534 Si
650 4480 766 4534 haec
795 4477 1080 4533 manifesta
1110 4492 1218 4531 non
1253 4483 1457 4537 essent,
1490 4476 1764 4546 quodnam
1807 4476 1984 4546 majus
2013 4485 2126 4540 est,

568 4582 628 4626 ut
665 4573 827 4629 simul
856 4569 1232 4636 conferamus,
1275 4584 1500 4639 regnum
1532 4567 1701 4622 David
1751 4583 1847 4638 per
1895 4568 1999 4623 olei
2028 4585 2129 4623 un-
2163 4604 2210 4662 ο

569 4662 805 4718 ctionem
834 4676 1149 4732 agnoscere,
1182 4674 1250 4713 an
1291 4658 1676 4729 prophetarum
1707 4659 1914 4714 animas
1947 4661 2015 4714 ab
2044 4659 2132 4714 iu-

573 4753 704 4810 feris
732 4753 1027 4809 eduxisse?
1070 4752 1137 4806 Et
1167 4759 1346 4806 tamen
1395 4750 1525 4804 illud
1564 4750 1630 4804 de
1666 4751 1861 4820 potiori
1904 4767 2133 4819 persona

574 4854 1054 4902 commonstratum
1080 4853 1182 4901 est.
1223 4843 1356 4898 Nam
1382 4858 1409 4895 a
1435 4841 1653 4897 Christo
1679 4842 1952 4897 daemones
1984 4843 2132 4908 torti,

575 4939 731 4993 inviti
773 4940 1006 4992 clamant
1044 4938 1127 4992 his
1157 4936 1380 4992 verbis:
1417 4932 1556 4999 Quid
1581 4932 1727 4987 nobis
1776 4943 1826 4988 et
1854 4933 1980 5002 tibi,
2022 4934 2136 4988 Fili

574 5030 717 5087 Dei?
763 5030 960 5084 Venisti
990 5041 1107 5084 ante
1138 5040 1337 5097 tempus
1374 5028 1545 5083 delere
1576 5044 1668 5082 nos
1699 5027 1781 5080 '8?
1815 5026 1884 5081 At
1928 5028 2139 5083 animas

577 5122 649 5178 ab
677 5120 867 5176 inferis
888 5121 1167 5183 evocandi,
1185 5127 1239 5176 ct
1265 5129 1441 5176 cauus
1462 5120 1774 5190 angelorum
1799 5119 1890 5188 qui
1913 5135 2009 5189 per
2031 5134 2140 5175 cte-

575 5213 690 5268 lum
727 5213 910 5266 volant
949 5214 1195 5266 eumdem
1239 5213 1292 5266 in
1339 5214 1515 5268 locum
1548 5211 1902 5274 convocandi,
1941 5227 1998 5265 re
2025 5213 2142 5281 ipsa

577 5313 789 5360 tantum
820 5304 963 5361 Deus
1005 5313 1060 5359 et
1105 5305 1477 5361 divinissimus
1523 5305 1642 5373 ejus
1687 5303 1857 5358 Filius
1906 5312 2145 5372 potesta-

579 5407 687 5452 tem
720 5398 900 5461 habet,
934 5404 1235 5468 praeterque
1261 5413 1354 5453 eos
1384 5400 1567 5453 nullus
1603 5397 1844 5452 omnino.
1879 5395 1936 5450 Si
1959 5397 2143 5466 itaque

580 5490 853 5547 invisibile
902 5488 993 5544 Dei
1043 5504 1269 5560 regnum
1323 5503 1387 5543 ac
1431 5495 1620 5542 sancto
1659 5486 1863 5559 Spiritu
1919 5494 2141 5543 unctum

656 5650 704 5684 "
731 5644 758 5700 1
786 5647 910 5717 Reg.
945 5660 1137 5708 xxvm,
1172 5645 1256 5700 17.
1346 5645 1391 5678 ⁸⁸
1423 5643 1618 5700 Matth.
1656 5641 1862 5712 “11,29

661 5823 770 5892 (18)
810 5825 1069 5881 Τοιαῦτα.
1100 5825 1137 5880 F
1141 5832 1258 5881 orte
1289 5825 1477 5880 ταῦτα.

2206 1999 2598 2067 άνθυπέφερεν,
2632 1993 2708 2056 ὡς
2747 1992 2807 2045 οὐ
2852 1987 3026 2062 χρεὼν
3064 1985 3150 2056 εἴη
3194 1985 3355 2047 νοεῖν,
3390 1982 3470 2034 ὅτι
3512 1977 3783 2049 δαιμόνιον

2207 2087 2538 2164 προφητεύει
2587 2084 2716 2157 περὶ
2763 2080 3037 2153 βασιλείας
3080 2072 3490 2149 Ἰσραηλιτικῆς.
3534 2068 3671 2140 Ἤδη
3725 2066 3785 2121 δὲ

2205 2160 2301 2238 καὶ
2333 2160 2564 2253 πρόσθεν
2593 2177 2800 2247 ἔφαμεν
2845 2174 2928 2228 ὅτι
2967 2169 3138 2225 ταῦτα
3181 2167 3251 2221 τὰ
3293 2166 3514 2236 ῥήματα
3556 2160 3633 2232 τῷ
3675 2160 3785 2212 Σα-

2212 2252 2389 2347 μουὴλ
2422 2270 2685 2344 εἰρημένα
2726 2266 2959 2337 πρόσθεν
2998 2261 3218 2330 ἔκλεψεν
3260 2261 3288 2312 ὁ
3319 2256 3545 2326 δαίμων,
3589 2254 3674 2306 ἵνα
3719 2252 3787 2323 δὴ

2207 2344 2299 2421 τὸν
2340 2344 2588 2436 ἔκφρονα
2632 2358 2803 2413 Σαοὺλ
2865 2352 3211 2424 ἐξαπατήσας
3259 2349 3366 2402 ἴδια
3406 2348 3530 2418 δόξῃ
3586 2344 3787 2412 λέγειν.

2223 2458 2359 2512 Ἀλλ’
2387 2450 2539 2519 οὗτος
2577 2454 2638 2506 οὺ
2666 2449 3040 2523 προσποιεῖται
3082 2443 3153 2497 τὰ
3192 2442 3371 2497 τοιάδε
3409 2438 3502 2493 τοῦ
3543 2436 3788 2491 διαϐόλου

2210 2551 2461 2624 δράματα
2508 2545 2824 2617 γινώσκειν·
2884 2541 2959 2603 ὡς
3007 2537 3100 2592 οὖν
3146 2535 3319 2590 ἐδόκει
3362 2532 3665 2605 προλέγειν,
3705 2530 3789 2582 ὅτι

2211 2639 2597 2713 διαρῤαπηξσοι
2636 2635 2728 2691 τοῦ
2789 2630 3146 2705 ⁸τταραπλτήγος
3189 2629 3229 2697 ἡ
3276 2625 3563 2692 ,βασιλεία
3582 2664 3596 2687 ,
3644 2638 3790 2691 τηνι-

2214 2735 2389 2789 καῦτα
2434 2728 2761 2803 προσετίθει·
2790 2726 2899 2781 Καὶ
2926 2724 3104 2778 δώσει
3148 2720 3341 2788 αὐτὴν
3395 2717 3475 2783 τῷ
3525 2714 3791 2782 πλησίον

2215 2844 2331 2883 σου
2374 2824 2456 2891 τῷ
2503 2820 2701 2876 Δαυΐδ.
2746 2821 2804 2873 '0
2855 2817 3098 2890 μέντοιγε
3152 2813 3455 2880 πολυῖστωρ
3513 2806 3793 2879 Ὠριγένης

2215 2917 2449 2974 ἐνταῦθα
2500 2914 2738 2986 κινηθεὶς
2770 2911 2905 2980 ἔφη·
2961 2906 3243 2978 Δαιμόνιον
3274 2904 3331 2957 δὲ
3373 2901 3569 2970 λέγων,
3601 2898 3661 2951 ού
3702 2895 3794 2949 δύ-

2217 3028 2373 3067 ναται
2401 3008 2595 3064 εἰδέναι
2618 3005 2717 3076 τὴν
2748 3000 3022 3074 βασιλείαν
3052 2997 3214 3053 Δαυῖδ
3246 2995 3350 3048 ὑπὸ
3378 2992 3581 3065 Κυρίου
3612 2996 3789 3062 χειρο⁴

2216 3102 2562 3174 τονηθεϊσαν·
2623 3096 2737 3151 ἀλλ’
2793 3094 2982 3165 ἔμοιγε
3037 3087 3335 3161 θαυμάζειν
3384 3086 3590 3138 ἔπεισιν
3647 3084 3796 3145 ὅπως

2220 3173 2373 3258 οὗτος
2395 3191 2726 3262 ἀποφέρεται
2751 3184 2907 3250 δόξαν
2939 3185 3025 3237 ἐπ’
3057 3178 3307 3251 εὐϐουλίᾳ
3337 3176 3485 3248 παρὰ
3519 3178 3631 3235 τοῖς
3662 3173 3795 3226 πολ-

2221 3290 2353 3353 λοῖς,
2385 3287 2460 3351 ὡς
2502 3280 2725 3356 ἔμφρων
2768 3281 2883 3351 ἅμα
2920 3278 3011 3331 καὶ
3043 3273 3266 3344 γνώμης
3306 3273 3540 3342 ἀριστος.
3585 3268 3648 3319 Εἰ
3695 3268 3797 3337 μὲν

2223 3377 2316 3434 οὖν
2347 3378 2539 3449 ἄδηλος
2560 3371 2630 3446 ἦν
2661 3375 2695 3444 ἡ
2724 3370 2985 3443 βασιλεία,
3013 3366 3139 3437 ἐξῆν
3164 3365 3228 3420 ἂν
3256 3364 3384 3425 ἴσως
3414 3361 3631 3427 ἄγνοιαν
3660 3357 3795 3410 ύπο-

2224 3447 2502 3540 κρίνεσθαί
2529 3480 2653 3519 τινα
2675 3460 3076 3533 σκηπτόμενον·
3108 3457 3157 3509 εἰ
3189 3454 3247 3509 δὲ
3284 3450 3668 3525 μεμαρτύρητο
3696 3447 3794 3517 μὲν

2227 3538 2332 3615 ὑπὸ
2361 3558 2454 3613 τοῦ
2485 3554 2643 3620 Θεοῦ,
2674 3554 2929 3625 κέχριστο
2959 3549 3002 3602 δ’
3036 3546 3129 3602 ἐπὶ
3167 3545 3375 3606 τούτοις
3408 3541 3512 3595 ὑπὸ
3556 3538 3649 3592 τοῦ
3694 3538 3799 3590 Σα-

2230 3650 2418 3724 μουὴλ,
2457 3648 2513 3702 έν
2556 3664 2617 3700 τε
2660 3647 2773 3708 τοῖς
2808 3642 3060 3712 πολέμοις
3097 3638 3399 3712 ἀριστεύων
3437 3633 3525 3688 ἀεὶ
3554 3629 3803 3701 γαμϐρὸς

2228 3743 2567 3799 ἀναδέδεικτο
2585 3738 2680 3793 τοῦ
2706 3735 2988 3810 βασιλέως,
3015 3732 3158 3787 ὥστε
3176 3728 3349 3800 τούτῳ
3377 3727 3472 3799 μὲν
3498 3725 3594 3787 τὰς
3621 3738 3806 3794 χορευρ

2227 3835 2390 3899 ούσας
2408 3833 2672 3903 ἀναθῆναι
2694 3830 2792 3893 τὰς
2823 3824 3106 3900 μυριάδας,
3135 3819 3214 3893 τῷ
3239 3820 3297 3876 δὲ
3324 3817 3493 3873 Σαοὺλ
3516 3812 3804 3870 ἀποδοῦναι

2226 3927 2325 3991 τὰς
2346 3926 2585 3998 χιλιάδας
2604 3941 2619 3954 ·
2662 3925 2710 3976 εί
2742 3921 2797 3975 δὲ
2818 3919 2987 3974 ταῦτα
3008 3917 3103 3971 καὶ
3131 3914 3202 3968 τά
3234 3910 3456 3967 τοιαῦτα
3481 3907 3804 3998 καθεστήκει

2231 3997 2398 4091 σαφῆ,
2419 4017 2472 4072 τί
2504 4016 2649 4082 ξένον
2675 4015 2711 4086 ἢ
2728 4013 2781 4067 τι
2813 4007 3115 4083 παράδοξον
3141 4002 3228 4078 ἦν,
3252 4007 3301 4058 εί
3331 4003 3428 4074 τὴν
3446 3997 3608 4055 οὖσαν
3629 4014 3807 4068 κεχει-

2234 4111 2590 4184 ροτονημένην
2613 4108 2718 4162 ὑπὸ
2743 4106 2837 4160 τοῦ
2862 4102 3067 4175 Κυρίου
3104 4099 3191 4153 διὰ
3223 4096 3315 4150 τοῦ
3340 4095 3616 4168 προφήτου
3651 4091 3806 4161 βασι-

2230 4182 2376 4261 λείαν
2408 4182 2775 4272 έπεγίνωσκεν
2814 4201 2843 4252 ὁ
2880 4198 3117 4269 δαίμων;
3148 4195 3213 4248 Εί
3243 4189 3352 4261 γὰρ
3382 4189 3443 4242 οὐ
3475 4182 3804 4255 διανοητέον,

2233 4297 2347 4365 εἴγε
2371 4297 2453 4350 δεῖ
2474 4294 2650 4363 λέγειν
2678 4291 2738 4356 ἐξ
2759 4288 3082 4362 ύπερόολῆς,
3113 4287 3193 4340 ὅτι
3233 4282 3301 4336 τὰ
3331 4277 3615 4352 σωματικὰ
3649 4274 3808 4347 μόνον

2233 4384 2391 4451 εἶδεν,
2418 4385 2494 4450 ὡς
2525 4387 2560 4456 ὴ
2593 4382 2688 4437 τοῦ
2717 4382 2896 4436 ὲλαὶου
2928 4380 3121 4452 χρῆσις
3146 4372 3409 4445 αίσθητὴν
3440 4371 3553 4442 ἔχει
3580 4368 3679 4441 τὴν
3709 4367 3810 4437 τῆς

2235 4479 2376 4550 ἁφῆς
2426 4476 2718 4548 ἐπιφοράν·
2768 4471 2901 4527 ἀλλά
2943 4470 3114 4524 ταῦτα
3166 4468 3263 4539 μὲν
3307 4465 3480 4528 οὐδεὶς
3526 4458 3810 4532 ἀμφιλέξει

2237 4548 2474 4639 πρόδηλα
2513 4563 2836 4623 καθεστάναι
2886 4563 3079 4617 πᾶσιν·
3138 4560 3225 4613 ἵνα
3265 4555 3323 4610 δὲ
3367 4554 3428 4608 τὸ
3476 4548 3812 4623 ὑπερϐάλλον

2236 4659 2344 4732 ἐρῶ
2367 4657 2640 4730 προσθείς.
2674 4659 2737 4712 Ei
2756 4656 2863 4726 γὰρ
2896 4654 2990 4708 καὶ
3022 4652 3095 4725 μὴ
3117 4648 3338 4704 τοιαῦτα
3366 4645 3476 4719 (18)
3505 4643 3812 4711 καθέστηκε

2237 4731 2403 4822 σαφῆ,
2432 4750 2656 4822 πότερον
2691 4750 2756 4802 ἂν
2781 4749 2863 4820 εἴη
2897 4744 3063 4819 μείζω
3092 4743 3226 4815 πρὸς
3259 4740 3542 4811 σύγκρισιν
3578 4734 3638 4787 τὸ
3669 4731 3812 4802 γνῶ-

2234 4860 2321 4895 ναι
2346 4841 2444 4913 τὴν
2469 4839 2559 4894 τοῦ
2590 4840 2749 4895 Δαυῒδ
2779 4838 3073 4911 βασιλείαν,
3099 4832 3327 4907 ἢψυχὰς
3362 4830 3419 4898 ἐξ
3449 4829 3574 4902 ᾅδου
3604 4841 3815 4898 προφη-

2235 4932 2391 4996 τικάς
2429 4932 2656 5001 ἀνάξαι;
2693 4933 2884 4987 Καίτοι
2917 4930 3074 4985 τοῦτο
3118 4927 3212 4983 καὶ
3248 4926 3340 4980 ἐπὶ
3373 4922 3466 4977 τοῦ
3511 4918 3815 4992 κρείττονος

2241 5028 2613 5084 ἀποδέδεικται
2636 5028 2925 5100 προσώπου
2943 5042 2956 5055 ·
2984 5026 3078 5079 καὶ
3102 5022 3211 5094 γὰρ
3235 5021 3329 5075 καὶ
3354 5018 3446 5071 ἐπὶ
3465 5014 3557 5069 τοῦ
3581 5008 3816 5084 Χριστοῦ

2244 5121 2498 5190 στρεϐλού
2507 5138 2655 5192 μενοι
2679 5121 2772 5174 καὶ
2799 5120 3020 5181 ἄκοντες
3044 5114 3304 5169 ὲκὸοῶσιν
3326 5112 3374 5165 οἱ
3397 5109 3647 5178 δαίμονες
3668 5103 3819 5156 αύτο-

2242 5213 2406 5279 λεξεὶ,
2439 5213 2499 5268 Τί
2529 5212 2672 5281 ἡμῖν
2693 5210 2792 5265 καὶ
2815 5210 2934 5272 σοὶ,
2976 5205 3327 5278 κεκραγότες,
3365 5199 3458 5254 Υἱὲ
3488 5197 3594 5251 τοῦ
3639 5192 3819 5256 Θεοῦ;

2236 5300 2454 5371 Ἦλθες
2485 5302 2596 5372 πρὸ
2635 5300 2843 5369 καιροῦ
2880 5300 3177 5353 ἀπολέσαι
3206 5292 3399 5364 vigui“
3427 5289 3499 5342 Τὸ
3548 5287 3604 5341 δὲ
3641 5283 3818 5354 ψακὰς

2240 5394 2300 5462 ἐξ
2328 5395 2451 5467 ᾅδου
2484 5390 2954 5466 μεταπέμπεσθαι,
2986 5389 3081 5443 καὶ
3104 5387 3297 5459 χοροὺς
3324 5379 3567 5449 ἀγγέλων
3596 5376 3818 5447 ούρανο-

2243 5465 2424 5550 πετεῖς
2453 5488 2511 5540 ὲν
2548 5485 2698 5557 αὐτῷ
2732 5481 3170 5556 μετακαλεῐσθαι,
3224 5476 3379 5550 μόνος
3424 5468 3667 5539 ἐξουσίαν
3708 5465 3821 5536 ἔχει

3132 5674 3161 5696 α
