4090 6288
439 357 537 414 661
1355 358 1443 413 DE
1480 355 2076 414 ENGASTRIMYTIIO
2107 353 2389 414 CONTRA
2420 353 2800 414 ORIGENEM.
3579 353 3690 411 662

434 473 859 544 διαπράττεσθαι
881 475 1011 540 Θεὸς
1038 477 1129 532 καὶ
1156 479 1184 532 6
1212 477 1480 542 θειότατος
1503 478 1666 533 αὑτοῦ
1687 479 1842 543 Παῖς,
1864 477 2021 544 ἄλλος

2123 497 2482 560 agnoverunt,
2504 504 2683 544 nonne
2716 488 2888 543 multo
2918 485 3092 558 magis
3133 486 3273 541 scire
3304 493 3552 556 poterant
3599 501 3688 542 re-

431 563 490 676 is
535 567 629 676 καὶ.
658 567 722 620 τὸ
755 569 1012 640 παράπαν
1057 571 1250 635 οὐδείς.
1282 571 1344 624 Et
1377 566 1470 626 οὖν
1510 571 1606 642 τὴν
1650 570 1878 641 ἀόρατον
1915 569 2011 624 τοῦ

2116 610 2282 666 gnum
2308 595 2475 650 David
2506 611 2602 666 per
2632 594 2902 650 visibilem
2951 592 3264 647 unctionem
3308 591 3687 662 visibilemque

432 653 568 767 0:05
599 656 872 726 βασιλείαν
914 659 1157 729 ἔγνωσαν
1189 661 1330 733 ἁγίῳ
1372 659 1646 733 Πνεύματι
1677 661 2010 733 χρισθεῖσαν,

2115 687 2643 742 commutationem?
2673 685 2873 741 Verum
2896 700 2982 740 res
3019 692 3199 755 gestas
3223 684 3358 738 et-in
3390 681 3688 753 Scripturis

431 745 494 801 οὐ
536 747 714 820 πολλῷ
747 749 907 804 πλέον
937 751 1228 820 ἐπιγνῶναι
1272 752 1370 826 τὴν
1413 753 1507 807 τοῦ
1551 752 1712 808 Δαυῒδ
1763 753 2013 816 ἐδύναντο

2114 780 2416 850 descriptas
2463 781 2531 834 de
2583 779 2780 834 Davide
2801 745 3200 849 perditissimus
3244 791 3355 830 non
3395 745 3552 839 vidit;
3591 774 3686 845 qui

429 838 519 942 διὲι
568 841 867 912 χρίσματος
921 843 1178 916 αἰσθητοῦ
1226 845 1319 904 καὶ
1379 845 1722 908 καταλύσεως
1770 845 2007 917 ὁρατῆς;

2113 869 2402 926 Dominum
2432 885 2661 940 corpore
2686 868 3084 925 circumdatum
3116 881 3404 937 aggressus
3426 865 3686 920 audacter

461 931 582 984 Αλλ*
608 932 705 986 οὐκ
732 933 849 1005 ᾔδει
886 933 955 988 τὰ
981 935 1342 1007 πεπραγμένα
1393 936 1485 990 καὶ
1521 937 1764 1008 Γραφατς
1792 935 2010 992 ἀνακείσ-

2112 962 2288 1018 dixit:
2318 961 2378 1018 Si
2406 931 2579 1016 Filius
2612 962 2707 1016 Dei
2742 979 2817 1028 es,
2851 961 2997 1015 mitte
3021 969 3068 1014 te
3099 931 3380 1022 devovi-sum;
3431 959 3685 1026 scriptum

433 1040 570 1094 μενα
602 1025 728 1094 περὶ
758 1025 851 1079 τοῦ
881 1027 1042 1081 Δαυῖδ
1067 1030 1096 1081 6
1124 1028 1416 1100 ἀλιτήριος,
1443 1030 1470 1082 ὃ
1497 1046 1560 1098 γε
1591 1030 1684 1083 καὶ
1719 1027 1795 1098 τῷ
1821 1026 2010 1099 Κυρίῳ

428 1115 872 1189 περιϐαλλομένη)
896 1119 956 1172 τὸ
976 1119 1134 1191 σῶμα
1153 1120 1460 1188 προσελθὼν
1488 1121 1590 1191 ἔφη
1613 1119 1915 1192 τολμηρῶςο
1938 1121 2009 1173 Et

437 1207 570 1274 Υίός
599 1204 658 1261 εἷ
679 1209 786 1263 τοῦ
813 1210 976 1278 Θεοῦ,
989 1209 1188 1275 βάλλε
1209 1213 1468 1266 σεαυτὸν
1487 1211 1660 1266 κάτω·
1690 1210 2008 1282 γέγραπται

428 1299 559 1368 γὰρ,
593 1299 683 1353 ὅτι
716 1299 838 1367 τοῖς
878 1301 1151 1372 ἀγγέλοις
1192 1303 1400 1367 αὑτοῦ,
1445 1303 1608 1375 φησὶν
1630 1345 1644 1368 ,
1682 1301 2005 1356 ἐντελεῖται

426 1391 559 1458 περὶ
587 1390 842 1458 (manu)
867 1392 967 1445 ἐπί
988 1391 1198 1462 χειρῶν
1214 1394 1433 1463 ἀροῦσι
1459 1411 1552 1460 σε,
1571 1393 1803 1464 μήποτε
1827 1410 2006 1462 προσ·
2109 1390 2256 1413 uc";
2281 1390 2434 1463 ξ¹¹¹δ¹¹¹
2451 1398 2465 1421 ⁸
2499 1390 2602 1464 νίζ’
2643 1390 2762 1464 qua:

427 1486 627 1553 χοεῖςοῃς
663 1444 812 1553 πρὸς
837 1444 1142 1542 λίθον-τύν
1167 1444 1324 1542 πόὲα
1353 1506 1489 1543 σου.
1518 1444 1726 1542 ὀύκοῦν
1757 1444 1914 1558 είπεϊρ
1940 1487 2005 1540 ἐκ

2110 1467 2229 1522 quae
2253 1451 2298 1506 si
2326 1451 2599 1523 cognovit,
2631 1447 2877 1518 profecto
2916 1461 3143 1516 regnum
3173 1444 3342 1497 David
3383 1461 3490 1498 non
3524 1444 3680 1514 igno-

425 1575 532 1628 τῶν
569 1552 735 1645 ἁγίων
775 1578 1139 1633 ὑποτυποῦται
1185 1580 1416 1652 Γραφῶν
1459 1580 1683 1651 ὁμιλεῖν,
1717 1574 1855 1633 οἶδεν
1883 1552 2002 1649 ’ἄρα

2110 1554 2278 1618 rahat,
2303 1555 2450 1625 quod
2493 1552 2692 1608 divinis
2717 1552 2917 1608 litteris
2947 1559 3066 1608 erat
3097 1552 3396 1621 scriptum;
3430 1552 3502 1604 ita
3536 1561 3592 1603 ut
3618 1566 3679 1602 ra

426 1667 492 1722 τὰ
515 1668 870 1740 γεγραμμένα
908 1650 1266 1743 κακομαθῶςλ
1302 1675 1350 1726 εί
1389 1673 1446 1727 δὲ
1487 1650 1690 1727 τούτων
1722 1673 1779 1724 ἐν
1803 1669 2000 1740 γνώσει

2110 1670 2224 1726 quae
2251 1655 2456 1725 scripta
2477 1661 2603 1709 sunt
2643 1653 2856 1708 dzemon
2879 1650 3241 1722 pronuntians
3286 1651 3418 1704 nihil
3461 1668 3682 1704 omnino

427 1759 776 1832 καθέστηκεν,
795 1763 896 1816 οὐκ
921 1764 1028 1835 ἄρα
1052 1763 1150 1836 τὴν
1175 1764 1270 1818 τοῦ
1299 1765 1461 1819 Δαυῒδ
1487 1765 1670 1836 ἠγνόει
1703 1761 1999 1834 βασιλείαν,

2110 1761 2432 1816 vaticinatus
2457 1760 2545 1816 sit.

429 1858 593 1926 ἧτοῖς
626 1858 789 1930 ἱεροῖς
817 1858 1220 1932 ὲγκεχάρακται
1274 1863 1593 1934 γράμμασιν
1639 1877 1653 1890 ·
1695 1858 1835 1913 ὥστε
1869 1856 1937 1910 τὰ
1997 1856 2358 1928 γεγραμμένα
2401 1855 2571 1923 λέγων
2605 1856 2635 1908 6
2693 1853 2923 1926 δαίμων,
2960 1852 3109 1906 οὐδὲν
3153 1853 3554 1923 προεφῦτευσεν
3591 1851 3682 1902 οὐ-

427 1947 627 2020 δαμῶς.
3661 1958 3667 1964 .

490 2060 679 2116 XXIV.
735 2064 872 2118 Ἀλλ’
906 2067 934 2120 6
979 2065 1295 2137 πολύφημος
1339 2067 1639 2140 Ὠριγένης,
1671 2064 1780 2118 οὐδ’
1812 2062 1991 2116 ὁτιοῦν

2177 2051 2364 2107 XXIV.
2410 2051 2513 2107 Sed
2565 2053 2720 2106 multi
2759 2049 2998 2105 nominis
3059 2047 3342 2120 Origenes,
3383 2067 3506 2104 cum
3567 2067 3677 2105 non

425 2153 688 2226 εὑρίσκων
712 2159 904 2224 εἰπεῖν,
931 2159 1014 2222 είς
1038 2158 1196 2214 τοῦτο
1223 2158 1498 2228 κατέφυγε
1525 2155 1988 2228 τετεχνασμένως,

2110 2146 2320 2202 laberet
2365 2146 2494 2216 quid
2545 2146 2770 2210 diceret,
2799 2145 2868 2200 ad
2908 2144 3012 2198 hoc
3046 2142 3339 2198 artificiose
3393 2144 3673 2213 confugit,

416 2245 642 2317 ἑτέρωθι
675 2249 813 2321 πρὸς
841 2251 933 2304 ἐπὶ
973 2253 1181 2314 τούτοις
1211 2249 1536 2320 ἐπαγαγώνο
1585 2249 1725 2320 Ἐγὼ
1758 2248 1847 2313 δὲ,
1888 2264 1992 2318 φη-

2110 2239 2314 2295 iliunde
2362 2239 2702 2310 argumentis
2733 2237 3056 2309 excogitatis
3088 2255 3101 2291 :
3144 2235 3255 2308 Ego
3287 2253 3435 2299 sane,
3470 2235 3668 2306 inquit;

421 2334 523 2400 σίν,
551 2339 623 2391 οὐ
653 2337 907 2409 δύναμαι
933 2340 1159 2394 διδόναι
1185 2339 1466 2411 δαιμονίῳ
1487 2339 1855 2408 τηλικαύτην
1885 2336 1990 2390 δύ-

2110 2330 2227 2386 tales
2259 2331 2490 2385 dtemoni
2538 2331 2674 2384 vires
2734 2328 3015 2384 concedere
3071 2345 3286 2399 nequeo,
3319 2338 3378 2382 ut
3407 2328 3471 2382 de
3499 2326 3671 2384 Sauls

415 2442 616 2496 ναμιν,
650 2429 750 2481 ἵνα
785 2433 1130 2501 προφητεύῃ
1165 2434 1300 2502 περὶ
1331 2433 1530 2486 Σαοὺλ
1570 2431 1668 2485 καὶ
1699 2430 1806 2484 τοῦ
1834 2429 1989 2484 λαοῦ

2110 2434 2142 2478 ιε
2173 2424 2364 2494 populo
2393 2423 2610 2477 Domini
2650 2423 2903 2476 vaticinia
2931 2420 3087 2488 edat,
3123 2422 3248 2476 item
3277 2420 3528 2491 tle-regno
3557 2420 3669 2475 Da-

417 2517 523 2571 τοῦ
559 2519 727 2582 Θεοῦ,
762 2521 858 2574 καί
893 2524 1236 2593 προφητεύῃ
1273 2524 1406 2592 περὶ
1427 2523 1750 2588 ,Βασιλείας
1787 2519 1988 2587 Δαυῒδ,

2110 2517 2198 2582 rid,
2227 2517 2379 2572 illum
2429 2517 2630 2570 scilicet
2661 2531 2818 2586 regno
2855 2514 3172 2582 potiturum.
3211 2511 3318 2568 Sed
3349 2512 3492 2567 dicet
3516 2513 3668 2583 quis-

419 2607 509 2661 ὅτι
543 2607 756 2678 μέλλει
781 2611 1159 2675 βασιλεύειν.
1197 2609 1326 2666 Εἶτα
1357 2612 1490 2684 φαίη
1520 2630 1608 2677 τις
1625 2613 1709 2667 ἄν’
1742 2611 1806 2664 Ὦ
1829 2611 1993 2681 ἀνοη-

2110 2609 2235 2667 Jiam
2274 2630 2288 2665 :
2349 2607 2394 2665 Ο
2439 2608 2692 2664 omnium
2740 2607 3124 2663 stolidissime!
3163 2605 3538 2662 illi.vaticinia
3569 2623 3667 2662 ne-

417 2696 604 2750 τότατε
637 2699 865 2772 ἀνδρῶν,
888 2702 948 2754 ού
971 2701 1126 2766 δίδως
1157 2703 1253 2774 μὲν
1274 2703 1424 2774 αὐτῷ
1450 2702 1836 2776 προφητεύειν,
1872 2705 1992 2756 ἐπι-

2110 2718 2208 2775 gas,
2267 2711 2322 2760 et
2376 2702 2670 2774 prophetas
2712 2702 2782 2756 ab
2833 2699 3040 2755 inferis.
3070 2698 3323 2762 educere,
3381 2706 3666 2768 canusque

417 2789 636 2860 τρέπεις
685 2791 744 2845 δὲ
791 2788 938 2865 αὖτῷ
984 2797 1268 2867 προφήτας
1317 2797 1537 2865 ἀνάγειν
1589 2796 1648 2863 ἐξ
1696 2796 1846 2867 ᾅδου,
1894 2795 1990 2849 καὶ

2110 2794 2384 2863 lerepente
2412 2793 2749 2862 angelorum,
2779 2788 2924 2861 quod
2952 2787 3131 2857 majus
3160 2796 3245 2844 est
3273 2786 3668 2857 diviniorisque

417 2879 738 2948 ἀγγελικοὺς
769 2883 921 2952 ἄφνω
955 2885 1405 2954 μεταστέλλεσθαι
1437 2887 1652 2958 χοροὺς,
1687 2887 1826 2957 ὅπερ
1870 2885 1991 2939 ἐστὶ⁸

2110 2887 2348 2944 )otentite
2389 2891 2792 2956 argumentum,
2818 2879 3279 2948 concedis?-Quis
3326 2879 3399 2934 ita
3452 2879 3666 2936 inﬁrme

420 2972 603 3041 μεῖζον
632 2973 726 3027 καὶ
753 2971 988 3046 προῦχον
1009 2977 1103 3029 καὶ
1130 2975 1406 3048 θειοτέρας
1425 2977 1682 3048 ἐχόμενον
1705 2975 1985 3044 ἐξουσίαςς

2110 2985 2184 3034 iut
2211 2978 2425 3042 exiliter
2454 2993 2568 3032 rem
2603 2976 2911 3032 intellexit?
2938 2974 3031 3032 Nae
3072 2991 3172 3046 ego
3198 2973 3542 3043 potissimum
3577 2988 3665 3028 re-

417 3059 528 3135 ἇρά
554 3079 618 3131 γε
647 3064 730 3128 τίς
751 3064 920 3130 οὕτως
944 3067 1161 3139 ἐνόησεν
1182 3066 1423 3133 ἀσθενῶς
1451 3067 1484 3140 ἢ
1519 3067 1787 3139 πωχῶςς
1828 3066 1990 3121 Ἀλλὰ

2110 3069 2437 3142 ιροιιᾱοιειῐι,
2484 3068 2806 3132 daemonem,
2868 3075 2930 3122 ut
2968 3075 3034 3121 et.
3072 3067 3233 3122 antea
3265 3064 3662 3121 demonstravi-

418 3154 651 3224 μάλιστα
681 3157 780 3227 μὲν
808 3157 981 3228 ἔγωγε
1012 3161 1178 3232 φαίην
1208 3160 1276 3215 ἂν
1309 3160 1738 3231 ἀνθυπενέγκας,
1765 3161 1848 3214 ὅτι
1879 3178 1990 3232 μη-

2110 3178 2233 3230 nus,
2265 3161 2405 3216 nihil
2450 3159 2808 3214 vaticinatum
2847 3157 3055 3226 fuisse;
3086 3159 3182 3229 qui
3219 3158 3346 3213 licet
3375 3157 3659 3228 prophetia

412 3244 500 3301 ἂν
527 3250 931 3320 προεφήτευσεν
958 3253 986 3304 6
1008 3251 1237 3324 δαίμων,
1274 3251 1350 3318 ὥς
1371 3271 1435 3323 γε
1468 3255 1562 3307 καὶ
1590 3253 1827 3325 πρόσθεν
1855 3253 1990 3306 ἐδειι

2110 3269 2200 3309 ton
2251 3253 2478 3324 indigna
2521 3252 2828 3306 collocutus
2873 3248 3086 3317 fuisset,
3140 3264 3252 3304 non
3305 3248 3427 3306 ideo
3479 3259 3660 3303 tamen

413 3335 616 3408 ξαμεν·
666 3341 712 3393 εί
750 3340 796 3394 δ’
840 3341 950 3414 ἄρα
989 3344 1083 3398 καὶ
1131 3346 1468 3417 προφητείας
1515 3345 1644 3412 ἄξια
1683 3343 1987 3416 διαλεχθεὶς

2110 3344 2512 3400 :xistimandum
2565 3353 2703 3406 erat,
2735 3340 2962 3412 spiritus
3015 3350 3072 3397 et
3123 3341 3396 3412 justorum
3449 3341 3662 3396 animas

412 3428 729 3502 ἐτύγχανεν,
748 3431 856 3486 οὐδ’
883 3432 1054 3499 οὕτως
1081 3437 1246 3508 ἐχρῆν
1271 3436 1691 3509 ὑπολαμσάνειν,
1713 3438 1794 3490 ὅτι
1824 3434 1987 3490 πνεύ-
2013 3427 2022 3473 ⁴

2110 3452 2215 3492 tum
2248 3437 2316 3492 ab
2350 3434 2541 3490 inferis
2581 3449 2862 3490 evocasse.
2898 3433 3112 3490 Etenim
3152 3440 3207 3489 et
3262 3432 3499 3503 Caiphae
3535 3448 3658 3486 cum

415 3539 560 3593 ματα
592 3525 687 3578 καὶ
712 3524 890 3596 ψυχὰς
917 3527 1140 3581 δικαίων
1159 3531 1189 3582 6
1213 3529 1422 3602 δαίμων
1450 3531 1724 3603 ἀνήγαγεν
1748 3529 1808 3595 ἐξ
1833 3529 1979 3602 ᾂδουο

2110 3529 2159 3584 le
2187 3527 2409 3583 Christo
2457 3526 2861 3597 prophetasset,
2909 3525 3048 3580 dixit
3080 3544 3096 3580 :
3130 3522 3353 3594 Expedit
3409 3523 3556 3590 nobis
3601 3532 3660 3576 ut

412 3617 507 3669 xui.
537 3617 646 3689 γὰρ
677 3620 706 3671 6
733 3619 987 3690 Καῖάφας
1018 3621 1110 3674 ἐπὶ
1133 3625 1201 3694 τῇ
1229 3623 1372 3676 κατὰ
1395 3623 1490 3676 τοῦ
1514 3622 1752 3695 Χριστοῦ
1785 3624 1984 3678 συστά-

2110 3639 2226 3678 inus
2257 3621 2411 3676 homo
2439 3621 2700 3674 moriatur
2719 3633 2814 3688 pro
2827 3617 3041 3688 populo,
3063 3625 3112 3672 et
3134 3633 3236 3671 non
3268 3623 3380 3670 tota
3396 3631 3519 3687 gens
3539 3631 3659 3686 per-

415 3722 496 3758 σει
531 3709 956 3779 προεφήτευσεν,
983 3709 1240 3781 εἰρηκὼς,
1267 3711 1350 3766 ὅτι
1384 3714 1680 3782 Συμςοέρει
1709 3715 1856 3784 ἡμῖν
1882 3716 1983 3770 ἵνα

2110 3725 2174 3768 rat
2199 3715 2270 3768 ⁷ο.
2325 3711 2454 3767 Ηαο
2491 3721 2667 3765 autem
2697 3727 2802 3764 non
2844 3708 2981 3762 dixit
3025 3723 3099 3763 ex.
3129 3709 3423 3776 semetipso,
3459 3715 3519 3761 ut
3551 3707 3659 3762 sci-

413 3794 493 3865 εΙς
546 3799 856 3868 ἅνθρωπος
893 3802 1163 3872 ἀποθάνῃ
1209 3804 1362 3873 ὑπὲρ
1399 3805 1506 3860 τοῦ
1543 3806 1721 3871 λαοῦ,
1769 3807 1868 3862 καί
1894 3807 1980 3878 μὴ

2110 3807 2338 3863 ιὶεείιηιιε
2381 3803 2606 3858 tradidit
2639 3800 2909 3868 Joannes;
2950 3801 3040 3855 sed
3071 3816 3192 3854 cum
3241 3811 3372 3854 esset
3421 3799 3658 3870 pontifex

415 3889 565 3946 ὅλον
611 3892 677 3945 τὸ
721 3892 895 3959 ἔθνος
935 3895 1249 3964 ἀπόληται.
1291 3897 1482 3951 Ταῦτα
1520 3899 1637 3968 μὲν
1663 3902 1774 3954 οὐκ
1815 3901 1984 3955 εἶπεν

2110 3899 2218 3954 mni
2243 3897 2389 3952 illius
2417 3895 2766 3966 prophetavit.
2796 3892 2854 3948 Si
2887 3894 2996 3957 hic,
3025 3893 3119 3964 qui
3149 3901 3342 3948 contra
3365 3891 3654 3948 Dominum

413 3981 514 4052 ἀφ’
545 3983 784 4037 ἑαυτοῦο
819 3984 1069 4056 καθάπερ
1093 3988 1122 4040 6
1154 3986 1462 4057 σοφώτατος
1491 3989 1756 4056 ἐξέδωκεν
1801 3992 1984 4047 Ἰωάν-

2110 3991 2419 4046 sententiam
2450 3986 2713 4058 injustam
2757 3985 2901 4050 tulit,
2939 3992 3120 4040 tamen
3152 3986 3323 4039 non'a
3358 3983 3654 4056 semetipso

411 4091 541 4146 νης’
577 4076 888 4144 ἀρχιερεὺς
914 4076 983 4130 δὲ
1027 4076 1340 4148 τυγχάνων
1373 4080 1610 4135 ἐκείνου
1641 4081 1746 4136 τοῦ
1783 4081 1982 4150 ἔτους,

2110 4081 2442 4147 vaticinatur,
2475 4077 2576 4136 sed
2622 4085 2807 4133 motus
2836 4076 3104 4132 duntaxat
3142 4076 3213 4132 ab
3267 4076 3375 4133 alio
3403 4077 3657 4148 coargui-

412 4168 881 4236 προεφήτευσεν.
917 4169 980 4222 Εί
1006 4168 1062 4222 δέ
1090 4161 1246 4236 οὗτος
1273 4171 1302 4223 6
1340 4169 1481 4225 κατὰ
1514 4171 1608 4225 τοῦ
1631 4171 1836 4242 Κυρίου
1869 4171 1984 4243 βου-

2110 4189 2210 4241 ur;
2236 4188 2415 4244 neque
2444 4187 2575 4244 ergo
2627 4171 2675 4227 si
2704 4170 2834 4241 quis
2877 4169 3020 4225 alius
3060 4167 3205 4225 idem
3243 4167 3505 4234 etTecerit,
3537 4167 3657 4224 ideo

410 4259 506 4325 λὰς
535 4260 751 4325 ἀδίκους
779 4263 1072 4334 ἀράμενος,
1103 4265 1253 4336 ὅμως
1290 4265 1392 4319 οὐκ
1419 4265 1514 4336 ἀφ’
1546 4264 1740 4319 ἑαυτοῦ
1771 4283 1983 4339 προφη-

2110 4272 2378 4338 iropterea
2423 4263 2711 4320 divinioris
2754 4277 2882 4318 eum
2905 4259 3654 4319 essenaturaateensendum.

407 4355 574 4418 τεύει,
604 4354 918 4426 κινούμενος
943 4357 1000 4410 δέ
1027 4357 1292 4429 δήπουθεν
1316 4359 1406 4425 ὑφ’
1427 4358 1616 4430 ἐτέρου
1643 4359 1764 4413 καθ’
1788 4359 1981 4414 ἑαυτοῦ

2110 4358 2274 4430 ieque
2295 4358 2674 4416 sustinendum
2703 4367 2786 4413 est
2819 4356 2870 4417 si
2921 4356 3108 4412 dicant
3157 4355 3448 4426 praestigiis
3470 4353 3657 4410 diabo-

409 4449 640 4500 ποιεῖται
676 4446 767 4500 τὸν
800 4447 1042 4520 ἐλεγχονο
1075 4449 1196 4503 οὐδὲ
1237 4451 1395 4516 εἴτις
1439 4450 1597 4516 ἄλλος
1631 4452 1741 4525 ἄρα
1769 4452 1981 4508 τοιοῦτό

2110 4452 2212 4507 icis
2239 4451 2452 4506 animas
2500 4449 2568 4510 ab
2605 4448 2797 4512 inferis
2821 4448 3200 4518 exercitusque
3229 4446 3564 4523 angelorum,
3597 4454 3658 4500 ut

408 4555 460 4592 τι
502 4538 626 4612 δρᾷ,
669 4540 1015 4611 προσεκτέον,
1048 4542 1130 4595 ὅτι.
1165 4543 1315 4614 παρὰ
1344 4541 1502 4598 τοῦτο
1543 4544 1821 4617 θειοτέρας
1853 4543 1979 4617 ἐξῆ-

2110 4537 2324 4603 videtur,
2358 4537 2523 4593 veluti
2545 4535 2738 4604 Deum,
2750 4535 3049 4605 eduxisse.
3087 4531 3428 4602 Attendenda
3458 4533 3655 4604 quippe

409 4649 541 4685 πται
580 4631 876 4703 δυνάμεως.
927 4634 1062 4687 Οὐδὲ
1111 4635 1456 4707 ἀνασχετέον,
1509 4639 1559 4691 εί
1603 4637 1852 4708 λέγοντες
1895 4640 1979 4694 ὅτι

2110 4638 2219 4687 sunt
2247 4630 2480 4701 quaede
2521 4629 2608 4697 his
2663 4628 2946 4701 prophetis
2992 4627 3314 4698 praecipiens
3363 4627 3575 4697 Moyses
3599 4627 3655 4681 in

411 4723 638 4796 μαντείᾳ
663 4723 1001 4795 δαιμονιώδει
1041 4725 1218 4798 ψυχὰς
1251 4728 1470 4798 ἀνάγειν
1523 4730 1696 4786 ἔοικεν
1742 4732 1800 4800 ἐξ
1849 4732 1978 4805 ᾅδου
2019 4785 2022 4805 ,

2110 4722 2532 4790 )ειιιει·οηοηιίο.
2553 4719 2750 4788 effatur
2781 4718 2903 4790 :_Si
2951 4720 3238 4774 surrexerit
3271 4720 3326 4774 in
3359 4718 3525 4774 medio
3579 4720 3657 4773 tui

408 4782 503 4872 καὶ
545 4782 800 4890 στρατιάς
837 4782 1104 4889 ἀγγέλων,
1119 4782 1236 4874 "oi;
1270 4782 1401 4886 056;
1420 4782 1433 4853 ι
1452 4782 1457 4784 γ
1477 4782 1841 4880 ἐπακουστέον
2019 4785 2022 4838 l

2110 4787 2356 4887 goplseta,
2409 4833 2525 4880 seu_
2555 4786 2827 4879 somnium
2861 4815 3155 4879 somnians,
3208 4823 3258 4868 et
3302 4814 3504 4881 dederit
3558 4814 3656 4869 tibi

407 4903 494 4962 οἷα
526 4911 652 4982 περὶ
688 4909 796 4962 τῶν
836 4910 1090 4964 τοιούτων
1132 4911 1442 4985 ἐξαγορεύει
1474 4916 1766 4987 προφητῶν
1799 4919 1858 4972 ἐν
1897 4917 1975 4991 τῷ

2115 4911 2292 4981 ignum
2325 4909 2403 4963 vel
2445 4909 2764 4979 prodigium,
2793 4915 2847 4961 et
2877 4909 3100 4962 evenerit
3152 4908 3357 4979 signum
3395 4909 3501 4972 sive
3530 4924 3654 4976 pro-

407 5002 808 5073 Δευτερονομίῳ
837 5002 1108 5069 θεσπίζων
1128 5006 1156 5057 6
1178 5006 1438 5076 Μωῦσῆς·
1475 5007 1610 5061 Ἐὰν
1630 5009 1698 5062 δὲ
1715 5009 1974 5080 ἀναστῇ,

2110 5004 2281 5074 figium
2304 5002 2442 5074 quod
2473 5003 2678 5057 locutus
2708 5011 2785 5055 est
2805 5002 2873 5054 ad
2903 5011 2974 5067 te,
3005 5001 3182 5055 dicens
3208 5017 3224 5055 :
3252 4999 3452 5055 Eamus
3486 5010 3536 5054 et
3568 5016 3652 5054 co-

407 5095 652 5163 φάσκων,
690 5095 760 5148 ἐν
793 5097 891 5150 σοὶ
936 5097 1267 5167 προφήτης,
1308 5099 1346 5167 ἢ
1386 5099 1885 5171 ἐνυπνιαζόμενος
1907 5103 1976 5156 τὸ

2110 5113 2255 5159 amns
2278 5097 2400 5152 deos
2424 5096 2622 5150 alienos
2641 5111 2770 5164 quos
2794 5093 3085 5163 ignoratis;
3110 5109 3214 5146 non
3241 5093 3482 5152 audietis.
3497 5090 3650 5144 verba

405 5185 714 5252 ἐνύπνιον,
732 5188 830 5240 καὶ
847 5187 930 5254 δῷ
947 5205 1046 5243 σοι
1075 5190 1325 5259 σημεῖον
1341 5189 1379 5260 ἢ
1403 5190 1597 5259 τέρας,
1617 5195 1715 5248 καὶ
1739 5195 1885 5265 ἔλθῃ
1910 5195 1976 5250 τὸ

2110 5190 2343 5260 ινυρΙιειιε
2372 5189 2538 5254 illius,
2571 5188 2667 5251 ait,
2691 5195 2785 5240 aut
2823 5186 3138 5240 somniantis
3177 5187 3438 5241 somnium
3490 5183 3647 5245 illud,

407 5279 657 5348 σημεῖον
687 5279 726 5349 ἢ
759 5279 826 5334 τὸ
857 5281 1032 5348 τέρας
1062 5280 1094 5334 6
1127 5281 1396 5352 ἐλάλησε
1435 5284 1587 5352 πρὸς
1619 5286 1714 5350 σὲ,
1761 5285 1972 5357 λέγων’

2110 5283 2393 5341 uiatentat
2431 5297 2520 5334 vos
2553 5278 2810 5332 Dominus
2843 5277 3004 5344 Deus,
3037 5288 3093 5340 ut
3128 5281 3308 5346 palam
3331 5277 3425 5346 [ξω
3463 5285 3648 5327 utrum

371 5407 375 5411 -
405 5368 812 5439 Πορευθῶμεν,
843 5371 942 5424 καὶ
971 5373 1391 5443 λατρεύσωμεν
1415 5376 1574 5442 θεοῖς
1601 5376 1845 5444 ἑτέροις,
1874 5378 1982 5444 οὓς

2110 5373 2317 5444 ῗὶίίραιίε
2371 5371 2655 5426 Dominum
2708 5371 2876 5426 Deum
2933 5381 3160 5426 vestrum
3202 5372 3264 5424 ⁷³.
3312 5369 3526 5427 Verum.
3559 5365 3649 5418 hic

407 5463 518 5515 οὐκ
553 5461 782 5526 οἴδατε,
824 5465 935 5516 οὐκ
983 5465 1322 5522 ἀκούσεσθε
1363 5465 1482 5520 τῶν
1507 5469 1706 5538 λόγων
1743 5469 1978 5524 ἐκείνου

2118 5468 2394 5527 ualitatem
2426 5463 2607 5520 Patris
2631 5473 2684 5520 et
2723 5464 2842 5535 cjds
2873 5464 3138 5536 unigeniti
3181 5461 3302 5515 Filii
3346 5475 3648 5530 repraesen-

405 5553 512 5608 τοῦ
558 5555 887 5624 προφήτου,
919 5557 1103 5628 φησὶν,
1143 5557 1182 5626 ἢ
1229 5558 1338 5612 τοῦ
1364 5558 1870 5630 ὲνὋπνιαζομένου
1909 5561 1977 5615 τὸ

2110 5577 2220 5623 ins,
2253 5561 2484 5615 alterum
2535 5559 2753 5630 quidem
2792 5559 3080 5614 Dominum
3121 5563 3418 5612 tentantem
3467 5555 3625 5625 appel

405 5647 692 5703 θύειν-ιον
708 5649 924 5716 ἐκεῖνο,
954 5650 1042 5703 ὅτι
1061 5649 1314 5720 πειράζει
1337 5651 1550 5720 Κύριος
1574 5655 1607 5706 ὁ
1629 5653 1773 5720 Θεὸς
1797 5652 1974 5724 ὑμᾶς,

2110 5664 2170 5719 it,
2200 5658 2428 5712 alterum
2454 5669 2576 5710 csse
2609 5651 2896 5709 Dominum
2930 5651 3058 5713 item
3094 5656 3150 5704 et
3172 5647 3338 5702 Deum
3361 5647 3642 5722 dilectum,

2109 1074 2188 1120 est
2213 1066 2351 1120 enim
2373 1081 2392 1120 :
2414 1065 2626 1134 Angelis
2657 1065 2767 1118 suis
2795 1062 3064 1117 mandavit
3087 1061 3150 1115 de
3180 1073 3259 1125 te;
3292 1070 3341 1114 et
3361 1061 3413 1114 in
3445 1060 3684 1114 manibus

2111 1159 2353 1212 attollent
2405 1167 2489 1223 te,
2538 1174 2602 1212 ne
2643 1157 2777 1227 forte
2829 1157 3064 1226 offendas
3113 1154 3182 1208 ad
3223 1152 3450 1224 lapidem
3505 1156 3684 1222 pedem

2112 1275 2260 1319 tuum
2291 1266 2354 1320 °'.
2393 1262 2562 1335 igitur
2614 1264 2658 1318 si
2711 1279 2778 1317 ex
2823 1261 3022 1316 divinis
3055 1261 3247 1315 litteris
3270 1259 3538 1328 colloquia
3590 1273 3680 1312 ne-

2109 1365 2256 1413 ctere
2281 1357 2465 1429 ﬁngit,
2499 1359 2602 1414 scit
2643 1372 2763 1428 qua:
2799 1355 3002 1424 scripta
3037 1349 3186 1417 sunt,
3221 1353 3436 1406 tametsi
3487 1366 3681 1420 prave;

480 5806 732 5863 “Malm.
779 5820 852 5876 ιν,
896 5811 948 5868 6.
1019 5813 1060 5842 ⁷⁰
1090 5808 1249 5864 Juan.
1291 5826 1364 5877 ιι,
1391 5812 1478 5867 50.
1557 5813 1598 5843 ⁷¹
1633 5812 1790 5870 Deut.
1822 5830 1942 5881 xm,
1974 5815 2081 5873 1-5.
