4090 6288
464 362 571 414 665

1447 364 1505 419 S.
1548 362 1920 418 EUSTATHII
1960 363 2267 422 EPISCOPI
2305 366 2718 424 ANTIOCHENI

3591 368 3692 425 66‘

466 490 528 536 ut
557 489 660 538 hoc
696 497 922 538 numero
974 483 1185 536 binario
1233 499 1395 538 unam
1449 483 1713 539 Deitatem
1756 485 2030 554 probaret,

2141 488 2241 543 τοῦ
2283 489 2430 543 ἰδεῖν
2470 493 2520 542 εί
2572 489 2838 558 ἀγαπᾶτε
2889 489 3108 558 Κύριον
3155 488 3264 542 τὸν
3315 489 3463 543 Θεὸν
3506 487 3691 557 ὑμῶν,

458 592 762 648 veramque
817 575 907 630 Dei
960 577 1386 646 generationem.
1440 578 1496 632 Si
1552 586 1731 634 autem
1764 579 2029 648 propheta

469 671 558 723 ille
605 671 698 738 qui
736 670 948 738 signum
1011 675 1104 722 aut
1137 677 1449 738 portentum
1502 669 1790 725 ostendere
1826 671 2030 740 promi-

467 769 635 818 serat.
657 758 909 813 omnibus
940 758 1115 814 modis
1145 760 1488 829 abjiciendus
1505 769 1610 824 est,
1627 761 1750 816 ideo
1772 762 1916 831 quod
1935 778 2032 818 ne-

467 849 659 906 farium
714 852 982 905 idolorum
1040 854 1243 908 cultum
1297 853 1684 915 introduceret,
1721 854 1847 908 licet
1886 854 2029 924 signi

465 944 704 1018 potentia
739 945 1096 1012 praecesserit,
1115 953 1320 1016 quanto
1344 949 1518 1018 magis
1550 947 1804 1012 daamoni,
1838 949 1929 1017 qui
1963 948 2032 1002 ab

465 1008 654 1087 inici-is
685 1033 913 1102 spiritus
959 1034 1234 1103 justorum
1271 1052 1500 1092 evocare
1541 1037 1850 1108 pollicetur,
1883 1039 2032 1094 nulla

465 1125 598 1180 tides
625 1133 711 1180 est
757 1125 1098 1181 adhibenda?
1134 1127 1304 1183 Nemo
1337 1138 1597 1199 praeterea
1650 1131 1900 1201 quamvis
1933 1131 2033 1184 im-

461 1219 584 1288 pius
621 1219 844 1282 diceret,
873 1219 978 1276 illis
1004 1221 1224 1276 oracula
1249 1223 1684 1287 consulentibus,
1716 1222 1885 1278 Deum
1917 1231 2034 1278 ten-

465 1318 666 1365 tantem
714 1311 964 1381 impium,
1015 1312 1314 1369 suscitasse
1364 1313 1699 1382 Samuelem;
1736 1324 1792 1369 ut
1832 1316 2034 1370 factum

463 1410 651 1472 postea
707 1404 1060 1459 subsecutum
1093 1405 1356 1462 daemonis
1387 1407 1734 1476 promissioni
1795 1409 2035 1464 ascribe-

461 1501 632 1554 retur,
661 1509 833 1563 eoque
882 1497 1101 1552 nomine
1157 1512 1253 1566 per
1282 1497 1523 1554 fraudem
1567 1500 1770 1556 deleret
1796 1501 2030 1570 aliquos.

461 1585 595 1640 Nam
628 1589 851 1643 omnino
899 1589 1202 1644 cavendum
1237 1599 1375 1655 erat,
1401 1601 1460 1645 ut
1491 1593 1667 1663 legum
1716 1594 1855 1647 lator
1881 1611 2037 1650 man-

461 1677 706 1742 daverat,
765 1695 795 1733 a
827 1681 1070 1736 vaticinii
1135 1683 1356 1737 scelere.
1392 1681 1473 1736 An
1534 1699 1638 1738 non
1685 1685 1912 1755 auguria
1944 1701 2039 1740 eo-

463 1783 694 1838 rumque
752 1785 948 1826 causas
979 1773 1343 1827 exsecrandas
1389 1775 1581 1842 putas?
1610 1789 1791 1830 nonne
1839 1779 2028 1831 vatici-

463 1859 712 1916 nationes
756 1862 1171 1933 engastrimythi
1214 1875 1266 1918 et
1304 1863 1534 1918 sortium
1581 1867 1865 1936 symbola?
1895 1869 2036 1924 Audi
2067 1843 2110 1898 Β

463 1966 583 2020 qua}
606 1952 763 2020 paulo
786 1964 906 2020 post
931 1953 1124 2006 iterum
1146 1955 1436 2024 praecepit:
1461 1954 1522 2010 Si
1545 1956 1810 2010 introieris
1843 1959 1896 2011 in
1933 1968 2038 2013 ter-

461 2061 577 2097 ram
611 2061 767 2114 quant
793 2044 1050 2098 Dominus
1073 2045 1209 2099 Deus
1232 2055 1352 2100 tuus
1375 2047 1467 2099 dat
1501 2049 1615 2110 tibi,
1636 2065 1739 2103 non
1761 2049 1929 2104 disces
1953 2051 2038 2118 fa-

461 2146 570 2186 cere
591 2131 872 2186 secundum
891 2133 1306 2189 abominationes
1325 2137 1541 2190 illarum
1559 2141 1809 2209 gentium.
1828 2139 1876 2192 Ν
1884 2158 1949 2194 οη
1964 2143 2039 2195 in-

459 2225 696 2278 veniatur
720 2227 772 2278 in
792 2234 840 2279 te
862 2227 951 2296 qui
969 2225 1153 2281 lustret
1170 2228 1341 2296 ﬁlium
1361 2246 1514 2282 suum
1533 2231 1611 2284 vel
1625 2231 1790 2298 ﬁliam
1815 2248 1967 2286 suam
1984 2234 2039 2286 in

461 2318 597 2386 igne,
613 2328 662 2372 et
687 2319 981 2374 vaticinans
1002 2322 1274 2385 vaticinia,
1293 2330 1343 2376 et
1365 2323 1574 2377 mittens
1592 2332 1780 2387 sortes,
1797 2333 1846 2378 et
1869 2341 2038 2392 augu-

460 2425 586 2463 rans
618 2411 1070 2468 incantationibus
1113 2415 1550 2482 incantationem,
1582 2416 1956 2487 ventriloquus,
1986 2427 2036 2472 et

460 2514 821 2572 portentorum
860 2507 1141 2575 inspector,
1181 2517 1229 2562 et
1262 2509 1593 2579 interrogans
1652 2521 1882 2564 mortuos
1914 2528 1932 2564 :
1961 2521 2037 2566 est

461 2597 600 2649 enim
655 2597 978 2652 abominatio
1029 2599 1257 2656 Domino
1306 2604 1475 2656 omnis
1520 2604 1609 2673 qui
1649 2603 1778 2671 facit
1820 2603 1929 2657 lucc
1964 2605 2032 2658 ".

463 2687 592 2744 Post
621 2689 735 2745 [nec
764 2693 998 2747 innuens
1026 2694 1191 2748 etiam
1215 2694 1538 2765 alienigenis
1579 2704 1864 2766 propterea
1899 2712 2040 2751 mor-

463 2787 570 2835 tem
630 2790 682 2836 et
741 2781 1164 2838 internecionem
1225 2784 1444 2848 minari,
1505 2785 1689 2839 statim
1746 2786 2034 2842 subdidit:

465 2872 688 2942 Propter
712 2876 850 2928 enim
880 2876 1014 2930 tales
1057 2877 1472 2931 abominationes
1505 2877 1760 2934 Dominus
1798 2881 2041 2934 extermi-

464 2964 611 3019 nabit
644 2967 768 3020 illos
803 2985 833 3021 a
871 2977 936 3022 te.
986 2967 1334 3023 Manifestum
1388 2970 1572 3040 itaque
1616 2977 1730 3032 est,
1769 2971 2038 3042 engastri—

463 3056 634 3126 mythi
657 3058 1101 3115 vaticinationem
1143 3075 1268 3114 cum
1315 3061 1529 3116 caeteris
1571 3060 1891 3117 idololatriae
1920 3080 2040 3118 cau-

463 3149 541 3203 sis
585 3149 936 3218 conjunctam
967 3167 1106 3208 esse.
1143 3151 1222 3206 Ita
1252 3153 1396 3208 enim
1433 3152 1487 3205 in
1521 3151 1765 3209 febribus
1809 3155 2040 3211 interna:

463 3241 653 3296 sordes
701 3243 954 3297 morbum
1013 3244 1330 3304 incendunt.
1387 3244 1720 3315 vitiososque
1781 3249 2037 3304 humores

463 3341 760 3398 exacuunt,
807 3334 943 3390 adeo
976 3343 1036 3390 ut
1072 3352 1138 3392 ex
1174 3345 1388 3391 tumore
1443 3350 1498 3394 et
1549 3341 1902 3409 corruptione
1930 3343 2038 3410 ple-

463 3443 694 3498 rumque
729 3436 932 3498 pestem
965 3428 1224 3484 inferant.
1264 3428 1328 3482 Et
1379 3430 1506 3485 dum
1557 3440 1928 3501 portentorum
1962 3435 2040 3488 in-

464 3521 774 3590 spectiones
817 3521 1004 3577 tristes
1038 3519 1280 3577 visiones
1311 3524 1547 3588 vocavit,
1581 3541 1702 3594 qua:
1745 3541 1842 3594 per
1870 3525 2037 3594 Euga-

464 3610 784 3683 strimythos
838 3611 994 3668 factae
1043 3611 1272 3667 historia
1329 3614 1642 3676 traduntur,
1674 3615 1926 3683 probavit
1983 3617 2036 3669 in

464 3703 572 3758 illis
601 3703 736 3757 nihil
774 3705 886 3757 veri
929 3704 1220 3761 contineri.
1253 3705 1398 3770 Ideo,
1446 3713 1506 3760 ut
1529 3707 1806 3770 existimo,
1845 3723 2039 3762 rursus

462 3797 516 3852 in
539 3796 782 3854 Levitico
816 3798 1146 3853 atrociorem
1182 3807 1374 3853 contra
1396 3814 1490 3854 eos
1517 3799 1844 3854 sententiam
1875 3799 2034 3863 dixit,

465 3890 550 3946 liis
607 3889 742 3960 ipsis
790 3890 974 3945 verbis
1025 3898 1302 3960 peractam
1339 3909 1352 3944 :
1384 3889 1453 3943 Et
1498 3891 1577 3944 vir
1622 3899 1716 3944 aut
1747 3889 1955 3954 mulier,
1991 3892 2037 3944 si

463 3983 594 4052 facti
635 3984 833 4051 fuerint
877 3984 1185 4053 ventriloqui
1222 3985 1299 4038 vel
1346 3985 1707 4038 incantatores
1750 3983 1888 4052 apud
1927 4000 2038 4046 vos,

466 4086 632 4128 morte
698 4077 1045 4139 moriantur;
1117 4076 1381 4144 lapidibus
1444 4077 1567 4132 illos
1634 4077 1839 4131 obruite
1897 4093 1913 4130 :
1965 4077 2040 4130 rei

463 4176 586 4219 sunt
625 4167 694 4219 ⁷³.

2143 581 2282 634 Ἀλλ’
2327 581 2559 636 ἐνταῦθα
2608 581 2705 652 μέν
2746 581 2844 651 τὴν
2891 580 3054 635 δυάδα
3097 579 3306 652 Πατρός
3351 597 3410 633 τε
3461 579 3555 640 καί
3593 579 3690 632 τοῦ

2135 671 2454 740 μονογενοῦς
2486 671 2616 724 Υίοῦ
2645 671 2948 742 παριστῶν,
2979 670 3136 724 ἄλλον
3183 672 3280 741 μὲν
3316 671 3406 723 τὸν
3460 667 3687 740 ,κπειρά·

2132 759 2290 824 ζοντα
2325 759 2526 830 Κύριον
2569 761 2841 830 ὀνομάζει,
2877 759 3033 814 ἄλλον
3069 759 3124 812 δέ
3154 758 3304 830 παρά
3342 756 3527 811 τοῦτον
3555 753 3691 815 εἶναι

2131 849 2220 902 τὸν
2247 850 2606 922 ἀγαπώμενον
2644 851 2842 922 Κύριόν
2873 868 2931 903 τε
2972 853 3062 904 καὶ
3091 850 3242 913 Θεὸν,
3279 850 3366 903 ⁶ίνα
3406 850 3470 902 ἐκ
3506 847 3688 912 δυάδος

2130 943 2228 1014 τὴν
2257 943 2385 1014 μίαν
2407 943 2657 1014 ἀποδείξῃ
2693 943 2919 1014 θεότητα
2943 943 3036 996 καὶ
3061 942 3158 1012 τὴν
3191 940 3362 1011 ἀληθῆ
3397 937 3688 1006 θεογονίαν.

2131 1037 2196 1090 El
2232 1037 2288 1089 δέ
2315 1039 2344 1090 ὁ
2373 1037 2656 1108 προφήτης
2685 1037 2887 1098 ἐκεῖνος
2916 1038 2944 1088 ὁ
2970 1035 3030 1088 τὸ
3069 1035 3292 1105 σημεῖον
3330 1032 3690 1101 ὑποσχόμενος

2133 1129 2166 1200 ἢ
2197 1129 2260 1181 τὸ
2296 1128 2460 1199 τέρας
2489 1125 2762 1192 ὑποδεῖξαι
2804 1126 3149 1179 παντάπασιν
3190 1124 3514 1196 ἀποκριτέος
3556 1123 3690 1186 ἐστὶ,

2132 1219 2211 1290 τῷ
2256 1220 2354 1290 τὴν
2386 1218 2641 1290 ἀθέμιτον
2669 1218 3106 1289 εἰδωλολατρείαν
3135 1215 3488 1287 εἰσηγεῖσθαι,
3529 1215 3630 1268 κᾶν
3659 1218 3692 1285 ή

2133 1311 2226 1365 τοῦ
2257 1311 2480 1382 σημείου
2509 1311 2735 1381 δύναμις
2777 1309 3072 1382 ἐνεργοῦσα
3102 1309 3378 1380 προτρέχῃ
3397 1323 3410 1337 ·
3456 1306 3604 1376 πόσῳ
3631 1305 3695 1374 δὴ

2140 1403 2336 1473 μᾶλλον
2387 1402 2448 1456 οὑ
2492 1403 2597 1474 χρὴ
2645 1401 2854 1472 δαίμονι
2917 1399 3188 1454 πιστεύειν
3248 1397 3696 1468 ἐπαγγελλομένῳ

2134 1495 2312 1566 ψυχὰς
2362 1495 2420 1562 ἐξ
2469 1495 2594 1566 ᾅδου
2649 1494 3099 1566 μεταπέμπεσθαι
3147 1495 3238 1546 κα)⁹
3287 1493 3570 1563 πνεύματα
3618 1491 3697 1544 δι-

2137 1587 2336 1650 καίων;
2382 1587 2520 1639 Ἀλλ’
2553 1586 2673 1640 οὐδὲ
2701 1587 2833 1656 φαίη
2865 1603 2948 1649 τις
2977 1587 3041 1639 ἂν
3067 1585 3299 1649 ἀσεϐῶν,
3329 1587 3410 1638 ὅτι
3439 1601 3697 1655 μαντευο-

2140 1681 2315 1751 μένων
2346 1680 2568 1733 ἐκείνων
2592 1683 2620 1734 ὁ
2647 1681 2779 1744 Θεὸς
2812 1680 3077 1750 ἀνέστησε
3109 1681 3200 1734 τὸν
3229 1679 3479 1751 Σαμουὴλ
3511 1682 3698 1733 ἐκπει-

2139 1773 2301 1845 ράσαι
2332 1773 2422 1826 τὸν
2451 1773 2634 1827 ἄδικον
2679 1773 2900 1837 ἐθέλων,
2941 1774 3027 1828 ἵνα
3063 1772 3340 1845 ἐπιγράψῃ
3366 1776 3433 1844 τῇ
3466 1772 3559 1826 τοῦ
3587 1771 3700 1825 δαί-

2144 1883 2299 1936 μονος
2331 1865 2630 1935 ἐπαγγελίᾳ
2658 1865 2718 1918 τὸ
2756 1864 2957 1936 δρᾶμα,
2991 1865 3085 1918 καὶ⁴
3115 1865 3202 1918 διὰ
3233 1865 3389 1936 τῆσδε
3419 1865 3520 1934 τῆς
3564 1881 3698 1936 προ⁴

2140 1957 2354 2026 φάσεως
2417 1958 2600 2028 ἀπάτῃ
2671 1956 2866 2028 φθείρῃ
2945 1957 3126 2020 τινάς·
3190 1957 3398 2027 ἀνάγκη
3475 1956 3584 2027 γὰρ
3640 1956 3700 2020 ἐξ

2139 2049 2376 2112 ἅπαντος
2425 2047 2782 2117 φυλάττεσθαι
2819 2049 2880 2100 τὸ
2922 2049 3019 2118 τῆς
3067 2049 3321 2119 μαντείας
3368 2049 3520 2116 ἄγος,
3567 2048 3639 2110 ὡς
3670 2050 3698 2102 ὁ

2139 2140 2432 2213 νομοθέτης
2459 2139 2761 2194 ἐθέσπισενο
2791 2138 2901 2192 ἀλλ’
2935 2139 2997 2192 οὐ
3031 2139 3248 2212 μυσαρά
3279 2157 3362 2202 τις
3389 2141 3600 2210 ἡγεῖται
3631 2139 3697 2192 τά

2137 2231 2237 2301 τῆς
2277 2229 2662 2292 οἰωνοσκοπίας
2703 2229 2870 2292 αἴτια,
2901 2230 2998 2283 καὶ
3026 2229 3094 2283 τὰ
3124 2231 3224 2300 τῆς
3264 2229 3696 2302 ἐγγαστριμύθου

2143 2325 2368 2393 μαντεῖα
2397 2324 2490 2376 καὶ
2515 2321 2754 2392 σύμϐολα
2786 2324 3080 2396 κλῃδόνων;
3119 2323 3389 2376 Ἀκουέτω
3409 2323 3526 2386 πῶς
3547 2322 3702 2391 ὀλίγα

2142 2414 2375 2486 πρόσθεν
2401 2414 2643 2484 ὑπερϐὰς
2667 2415 2984 2484 ἐδογμάτισε
3010 2415 3196 2468 πάλιν·
3238 2415 3372 2468 Ἐὰν
3394 2414 3481 2477 δὲ,
3513 2415 3700 2484 φησὶν,

2139 2508 2418 2576 εἰσέλθῃς
2449 2511 2535 2573 είς
2565 2508 2680 2576 τὴν
2718 2507 2833 2578 Tﬁr
2864 2507 2942 2575 ἣν
2991 2511 3203 2576 Κύριος
3229 2512 3262 2562 ό
3298 2509 3441 2574 Θεός
3471 2524 3586 2562 σου
3622 2507 3703 2561 δι’·

2138 2600 2289 2653 δωσί
2312 2615 2429 2664 σοι,
2459 2601 2530 2653 οὺ
2559 2599 2806 2668 μαθήσῃ
2829 2599 3022 2652 ποιεῖν
3042 2599 3189 2652 κατὰ
3218 2600 3288 2653 τὰ
3313 2598 3704 2668 βδελύπιιιατα

2140 2693 2256 2747 τῶν
2300 2694 2490 2750 ἐθνῶν
2535 2693 2812 2747 ἐκείνων
2878 2696 2986 2760 οὐχ
3042 2692 3423 2760 εὑρεθήσεται
3479 2693 3550 2746 ἐν
3602 2693 3702 2746 σοὶ

2140 2783 2568 2853 περικαθαίρων
2604 2782 2710 2836 τὸν
2753 2781 2886 2836 υἱὸν
2922 2782 3107 2836 αὑτοῦ
3141 2782 3239 2835 καὶ
3265 2782 3378 2850 τὴν
3414 2782 3706 2851 θυγατέρα

2139 2875 2326 2930 αὑτοῦ
2359 2875 2430 2929 ὲν
2474 2875 2640 2943 πυρὶ,
2677 2875 2774 2928 καί
2810 2875 3249 2944 μαντευόμενος
3267 2875 3572 2942 μαντείαν,
3605 2873 3706 2927 καί

2141 2963 2656 3034 κλῃδονιζόμενος,
2741 2964 2841 3018 καὶ
2909 2963 3308 3032 οἰωνιζόμενος
3369 2965 3703 3032 φαρμάκοις

2140 3055 2448 3124 ἐπαοιδήν,
2481 3056 2966 3127 ἐγγαστρίμυθος,
3002 3058 3456 3122 τερατοσκόπος,
3490 3055 3706 3124 ἐπερω-

2142 3149 2260 3204 τῶν
2287 3151 2427 3216 τοὺς
2446 3151 2716 3218 νεκρούς·
2745 3149 2877 3203 ἐστι
2903 3152 3011 3218 γὰρ
3033 3147 3345 3217 βδέλυῃια
3366 3149 3558 3214 Κιιρίῳ
3588 3146 3707 3213 πᾶς

2143 3249 2175 3298 ό
2221 3245 2405 3298 ποιῶν
2443 3245 2650 3300 ταῦτα.
2698 3243 2852 3297 Μετά
2890 3241 3047 3296 τοῦτο
3094 3241 3324 3312 μηνύων,
3358 3241 3435 3293 ὃτι
3471 3241 3563 3292 καὶ
3590 3244 3702 3302 τοῖς

2143 3337 2454 3406 ἀλλογενέσι
2497 3336 2586 3390 διά
2630 3334 2803 3390 ταῦτα
2845 3334 3074 3389 θανάτου
3116 3333 3319 3402 γένεσιν
3358 3330 3568 3384 ἀπειλεῖ
3608 3332 3702 3384 καὶ

2145 3429 2380 3500 φθορὰν,
2428 3431 2706 3500 ἐπήγαγεν
2746 3427 2947 3490 εὐθέως
2973 3445 2986 3458 ο
3021 3428 3236 3482 ’Ἕνεκα
3268 3425 3372 3492 γὰρ
3407 3421 3525 3476 τῶν
3555 3421 3700 3486 βδε-

2143 3526 2180 3575 .1
2189 3520 2458 3590 υγμάτων
2476 3521 2699 3574 τούτων⁰
2710 3520 2919 3586 Κύριος
2933 3517 3341 3584 ἐξολοθρεύσει
3356 3514 3570 3578 αὐτοὺς
3585 3513 3704 3568 ἀπὸ

2145 3614 2278 3667 σοῦ.
2313 3613 2562 3666 Φαίνεται
2609 3611 2805 3674 τοίνυν,
2849 3611 2924 3672 ῶς
2959 3612 2990 3680 ἡ
3029 3609 3253 3679 μαντεία
3294 3608 3388 3678 τῆς
3419 3608 3708 3676 ἐγγαστρι-

2149 3704 2317 3774 μύθου
2361 3702 2709 3767 συνέζευκται
2747 3700 2884 3770 μετά
2931 3699 3145 3752 πάντων
3174 3698 3308 3764 ὁμοῦ
3345 3696 3450 3750 τῶν
3499 3697 3596 3765 τῆς
3630 3695 3709 3746 εἱ-

2143 3795 2535 3866 δωλολατρείας
2581 3791 2802 3847 αἰτιῶν·
2853 3790 3039 3860 ὥσπερ
3075 3791 3134 3844 ἐν
3173 3788 3392 3859 πυρετῷ
3433 3785 3712 3841 σκυϐάλων

2145 3888 2350 3942 ἔνδοθεν
2417 3887 2792 3960 ὑποκειμένων
2859 3884 3155 3957 ἐγερτικῶν
3225 3884 3322 3952 μὲν
3378 3879 3709 3952 ἀρρωστίας,

2145 3981 2582 4053 ὑπεκκαυμάτων
2614 3981 2671 4033 δέ
2707 3978 3011 4050 μοχθηρῶν,
3049 3975 3248 4046 οίδήσει
3282 3975 3376 4026 καὶ
3409 3973 3583 4042 φθορᾷ
3610 3970 3709 4040 τὴν

2146 4073 2363 4144 λυμώδη
2404 4074 2554 4128 νόσον
2595 4071 2856 4126 ἀποκύειν
2889 4067 3175 4122 εἰωθότων.
3211 4067 3275 4119 Εἰ
3305 4065 3362 4118 δέ
3393 4065 3456 4134 δὴ
3489 4065 3581 4116 καὶ
3622 4079 3714 4115 τε-

2149 4168 2513 4238 ρατοσκοπίας
2565 4167 2808 4235 ὠνόμασε
2853 4163 2949 4225 τάς
2988 4161 3228 4232 ἀμειδεῖς
3267 4158 3553 4219 ὀπτασίας,
3587 4156 3710 4208 ὅσαι

464 4259 550 4312 διὰ
578 4259 684 4311 τῶν
715 4260 1168 4332 ἐγγαστριμύθων
1195 4265 1550 4336 ἱστοροῦνται,
1585 4267 1927 4337 συνέστησεν,
1952 4267 2032 4318 ὅτι
2067 4265 2230 4336 μηδέν
2254 4265 2401 4316 ἐστιν
2424 4263 2619 4333 ἀληθὲς
2647 4262 2703 4312 ἐν
2729 4260 2909 4322 αὐτοῖς
2959 4275 2972 4288 ·
3005 4255 3267 4315 ἐντεῦθεν,
3327 4250 3500 4321 οἶμαι,
3551 4251 3713 4304 πάλιν

466 4356 523 4406 ἐν
555 4354 633 4426 τῷ
665 4356 934 4428 Λευῖτικῷ
973 4358 1428 4430 σκυθρωποτέραν
1467 4362 1738 4429 ἀπόφασιν
1795 4363 2051 4433 ἐξήνεγκε
2112 4363 2228 4415 κατ’
2264 4359 2460 4424 αὐτῶν,
2495 4355 2790 4426 ἐπαγαγὼν
2832 4356 3010 4416 αὐτοῖς
3045 4354 3268 4423 ῥήμασιο
3324 4349 3434 4403 Καὶ
3479 4347 3639 4415 ἀνὴρ
3673 4348 3712 4415 ἢ

465 4449 641 4519 γυνὴ,
671 4450 929 4520 φάμενος,
957 4452 1034 4506 ἂν
1059 4452 1297 4522 γένηται
1328 4456 1793 4528 ἐγγαστρίμυθος
1822 4459 1859 4526 ἢ
1885 4457 2158 4522 ἐπαοιδός
2210 4458 2282 4511 ἐν
2328 4457 2489 4526 ὑμῖν,
2540 4452 2768 4515 θανάτῳ
2821 4449 3342 4506 θανατοῦσθωσαν,
3381 4443 3572 4506 λίθοις
3629 4441 3694 4494 .tt'

467 4550 818 4603 θοϐολίσατε
848 4551 1068 4616 αὐτούς
1086 4568 1099 4580 ο
1133 4551 1336 4621 ἐνοχοί
1362 4555 1543 4608 εἰσιν.

539 4639 707 4694 XXV.
749 4639 889 4706 Quid
919 4641 1008 4697 hic
1065 4644 1232 4715 igitur
1285 4644 1468 4700 dicent
1515 4646 1607 4716 qui
1651 4663 1820 4701 novas
1859 4646 2038 4717 Orige-

2213 4641 2379 4696 Χχν.
2421 4640 2485 4692 Τί
2538 4637 2716 4690 τοίνυν
2765 4637 2924 4702 φασὶν
2959 4633 3008 4685 oi.
3037 4630 3134 4692 τὰς
3187 4625 3490 4697 Ὠριγένους
3533 4625 3714 4717 ἀσπα-

470 4733 557 4790 nis
625 4734 924 4788 sententias
1001 4737 1406 4806 amplectendas
1481 4753 1602 4793 esse
1672 4739 2041 4793 contendunt?

467 4821 668 4876 Utrum
693 4822 860 4874 veluti
886 4822 1247 4891 pessimarum
1290 4827 1488 4880 artium
1518 4837 1834 4896 operatores
1864 4827 2042 4900 Enga-

474 4912 795 4983 strimythos
828 4915 982 4983 jubet
1031 4919 1230 4982 occidi,
1263 4919 1348 4974 vel
1391 4935 1421 4972 e
1459 4920 1737 4973 contrario
1778 4921 2044 4975 bonorum

473 5023 697 5078 operum
732 5011 1127 5077 praeceptores?
1170 5010 1305 5066 Nam
1369 5012 1415 5067 si
1462 5012 1755 5082 impiorum
1795 5020 1922 5066 sunt
1945 5028 2044 5067 au-

475 5109 654 5155 ctores
681 5099 1147 5171 facinorum,jure
1172 5105 1349 5174 legum
1387 5105 1528 5158 lator
1548 5104 1921 5167 detestandos,
1953 5105 2046 5175 qui

477 5193 614 5247 nihil
661 5194 773 5248 veri
826 5195 1204 5264 pronuntiant,
1249 5197 1534 5264 eliminat;
1587 5197 1672 5253 sin
1717 5198 2044 5268 cptimarum

478 5287 753 5341 actionum
805 5285 1051 5358 magistri
1089 5294 1234 5351 sunt,
1272 5289 1472 5342 frustra
1524 5290 1580 5344 in
1626 5306 1722 5346 eos
1755 5291 1837 5345 lex
1877 5289 2041 5343 anim-

481 5379 729 5432 advertit.
787 5377 997 5448 Quippc
1049 5380 1094 5432 si
1141 5381 1209 5434 ab
1273 5382 1463 5437 inferis
1533 5384 1744 5438 animas
1805 5383 2046 5438 educunt

479 5485 600 5538 qua;
627 5486 750 5524 cum
793 5471 900 5524 huc
930 5469 1249 5525 advenerint
1283 5473 1462 5528 futura
1495 5474 1813 5544 praedicant,
1860 5489 2046 5529 neces-

483 5563 625 5615 saria
660 5563 1026 5633 indigentibus
1069 5565 1275 5619 utiliter
1314 5575 1645 5635 suggerunt;
1682 5567 1883 5636 injuste
1913 5582 2044 5636 ergo

483 5654 753 5723 lapidibus
786 5655 944 5710 obrui
972 5657 1348 5714 benefactores
1373 5659 1550 5728 legum
1575 5659 1711 5713 lator
1744 5661 1998 5730 praecepit
2029 5678 2039 5711 :

555 5833 602 5866 '-’
626 5834 780 5891 Deut.
809 5855 962 5908 xvm,
1002 5841 1145 5897 9-12.
1208 5841 1253 5874 ⁷³
1273 5840 1437 5896 ισυίι.
1480 5857 1572 5904 Π.
1605 5839 1691 5895 Ἦν

2149 4737 2310 4798 στέας
2340 4731 2478 4786 εἶναι
2510 4729 2782 4800 τιθέμενοι
2816 4723 3164 4790 δοξοκοπίαςς
3197 4720 3427 4792 Πότερον
3456 4717 3531 4780 ὡς
3573 4716 3715 4786 ἐχθί-

2150 4848 2288 4885 στων
2324 4824 2768 4896 ἐπιτηδευμάτων
2797 4819 3002 4879 αἰτίους
3032 4811 3370 4885 ἀναιρεῖσθαι
3395 4809 3716 4881 προστάττει

2149 4925 2275 4985 τοὺς
2309 4916 2800 4990 ἐγγαστριμύθους,
2838 4912 2871 4983 ἢ
2897 4908 3202 4964 τούναντίον
3231 4905 3305 4968 ῶς
3335 4901 3556 4972 ἀγαθῶν
3589 4901 3716 4952 ὑπο-

2149 5015 2388 5085 θήμονας
2421 5011 2634 5082 ἕργων;
2668 5010 2728 5060 El
2766 5004 2863 5075 μὲν
2901 4998 2993 5055 οὖν
3033 4996 3246 5054 ἀσεϐῶν
3280 4993 3385 5048 εἰσὶ
3426 4992 3717 5064 δραμάτων

2147 5105 2460 5176 αὐτουργοὶ,
2491 5099 2712 5161 δικαίως
2739 5100 2766 5150 ὁ
2794 5093 3090 5165 νομοθέτης
3117 5088 3414 5144 ἀπελαύνει
3437 5095 3573 5176 τους
3591 5086 3715 5136 ἐνα-

2149 5203 2286 5268 γεῖς,
2319 5174 2469 5250 οὺδέν
2503 5188 2951 5259 εἰσαγγέλλοντας
2989 5181 3182 5253 ἀληθές
3202 5198 3214 5210 ·
3259 5181 3307 5230 εἰ
3335 5177 3393 5230 δέ
3421 5174 3716 5268 καλλίστων

2151 5265 2371 5362 είιρεταὶ
2406 5282 2656 5356 πράξεών
2699 5281 2824 5341 εἰσι,
2856 5275 3123 5347 περιττῶς
3165 5275 3192 5327 ὁ
3221 5270 3380 5362 νόμος
3419 5265 3717 5362 ἐψηφίσατο

2153 5354 2269 5436 κᾶτ’
2306 5354 2502 5433 αὐτῶν.
2533 5376 2595 5427 Εἰ
2636 5371 2744 5442 γὰρ
2775 5369 3031 5437 ἀνάγουσι
3065 5366 3162 5436 μὲν
3204 5362 3262 5428 ἐξ
3287 5361 3412 5431 ᾅδου
3437 5357 3633 5428 ψυχάς,
3662 5354 3716 5408 al

2150 5473 2204 5526 δὲ
2227 5469 2616 5540 ἀφικνούμεναι
2649 5465 2806 5536 δεῦρο
2835 5461 3156 5532 κηρύττουσι
3185 5455 3245 5508 τὸ
3275 5453 3484 5523 μέλλον,
3509 5446 3695 5518 ἐφοδιά

2153 5566 2304 5630 ζουσι
2362 5564 2489 5624 τοὺς
2537 5559 2821 5630 δεομένους
2872 5551 3188 5622 ἐπωφελῶς,
3231 5547 3290 5599 οὐ
3340 5543 3564 5606 δικαίως
3610 5540 3718 5606 ἀρα

2150 5654 2540 5711 λιθοϐολεῖσθαι
2571 5654 2691 5715 τοὺς
2716 5649 3006 5719 εὐεργέτας
3031 5643 3312 5698 ἐθέστ-ισεν
3344 5640 3372 5690 ὁ
3403 5634 3716 5706 νομοθέτης·
