4090 6288
375 401 481 456 665

1294 399 1382 453 DE
1414 397 2003 456 ENGASTRIMYTHO
2025 396 2302 456 CONTRA
2331 396 2700 455 ORIGENEM.

3504 397 3620 457 ’666

372 522 515 578 ῶστε
537 522 683 577 δυοῖν
715 522 927 593 ἀνάγκη
959 523 1205 593 θάτερον,
1231 523 1264 593 ἦ
1300 521 1503 586 ταύτας
1533 521 1831 594 ἀχρειῶσαι
1850 522 1908 575 τὸ

2012 556 2023 584 ι
2052 525 2125 576 ita
2162 528 2222 577 ut
2250 538 2419 576 unum
2460 537 2529 577 ex
2569 520 2784 576 duobus
2831 530 3056 576 necesse
3081 514 3230 575 iactu
3267 514 3362 583 sit,
3388 525 3484 573 aut
3515 518 3617 575 has

371 614 577 688 φωνὰς,
613 615 646 685 ἢ
682 614 752 669 τὰ
794 615 893 686 τῆς
940 613 1377 687 ἐγγαστριμύθου
1424 615 1644 685 ῥήματα
1678 612 1946 667 διαϐαλεῖν

371 707 447 772 ὡς
477 708 618 761 ἕωλα
656 709 750 762 καὶ
783 707 977 778 ψευδῆ.
1024 706 1181 761 Ἀλλά
1210 708 1263 760 τί
1290 705 1512 778 φῶμεν;
1559 705 1945 774 Ἀντιδοξοῦσιν

373 799 592 865 ἐαυταῖς
623 802 678 854 αἱ
708 800 848 855 θεῖαι
877 800 1089 872 Γραφαί
1113 817 1127 865 ;
1154 802 1273 864 ταῖς
1302 800 1360 853 δὲ
1392 799 1611 864 πολλαῖς
1637 801 1671 871 ἡ
1712 798 1808 872 μία
1842 798 1944 871 μά-

371 907 524 962 χεται
565 891 783 963 ψῆφοςς
827 893 891 946 Ei
937 892 981 945 δ’
1027 893 1136 963 ἀρα
1173 892 1268 945 καὶ
1314 890 1460 962 μάχη
1500 892 1583 953 τίς
1621 893 1789 955 ἐστιν,
1822 891 1943 943 ἐπι-

369 981 632 1055 κρατοῦσι
685 983 896 1039 πολλαί.
938 982 1049 1037 Καὶ
1101 982 1207 1055 μὴν
1246 984 1311 1036 ἐκ
1342 982 1450 1036 τῶν
1483 980 1740 1035 ἐναντίων
1769 979 1940 1044 οὕτως

365 1073 631 1147 ὁμοφὼνῳ
675 1075 892 1147 συνοδίᾳ
922 1073 1389 1145 καταψηφίζονται
1419 1073 1526 1128 τῶν
1569 1073 1936 1145 ἐγγαστριμύ-

367 1165 473 1221 θων
502 1169 577 1233 ὼς
606 1169 795 1224 ἀνόσια
825 1169 1086 1241 δρῶνται·
1130 1169 1283 1222 οὐδὲν
1309 1165 1471 1243 ἦττον
1506 1168 1585 1222 ἔτι
1618 1171 1721 1224 κάν
1755 1172 1817 1241 τῇ
1846 1186 1935 1223 τε·

362 1259 536 1335 τάρτῃ
579 1260 687 1315 τῶν
715 1261 1012 1315 Βασιλειῶν
1049 1262 1444 1334 ἀνειλημμένον
1481 1264 1653 1326 ἐστὶν,
1702 1263 1783 1316 ὅτι
1811 1265 1937 1317 Μα-

360 1353 566 1424 νασσῆς
598 1352 697 1424 μὲν
731 1352 985 1417 ἀσεϐείας
1016 1352 1286 1425 ὑπερὸολῇ
1315 1354 1452 1425 πρὸς
1483 1348 1568 1418 οἷς
1608 1353 1934 1407 ἐδικαιοκτό-

361 1460 461 1507 νει,
507 1444 601 1497 καὶ
633 1443 890 1508 παντοίας
918 1444 1252 1517 ἐθρήσκευεν
1296 1444 1730 1518 είδωλομόρφους
1777 1444 1929 1509 ὕλας·

369 1530 686 1599 Ἐποίησεν
740 1532 951 1599 ἐαυτῷ,
1016 1535 1201 1605 φησὶν,
1259 1535 1765 1605 ἐγγαστριμύθους
1831 1534 1932 1589 καὶ

355 1623 657 1694 τνώσταςο
705 1625 1074 1697 ἀντιστρόφως
1115 1624 1161 1678 δ’
1211 1620 1277 1680 αῦ
1314 1625 1473 1681 πάλιν
1519 1628 1547 1680 ό
1586 1625 1929 1697 δικαιοσύνης

352 1718 521 1788 ἀρετῇ
568 1716 874 1789 διαπρέψας
931 1717 1140 1782 Ἰωσίας
1185 1719 1214 1771 ό
1267 1716 1520 1788 βασιλεὺς
1567 1717 1782 1772 ἅπαντα
1828 1716 1927 1788 μὲν

350 1807 484 1880 ὁμοῦ
527 1808 595 1862 τά
634 1809 986 1881 χειρότευκτα
1019 1810 1267 1865 καθεῖλεν
1297 1808 1668 1882 ἀφιδρύματα,
1712 1809 1843 1882 πυρὶ
1867 1808 1924 1862 δὲ

2048 629 2212 669 voces
2246 622 2510 685 tanquam
2539 614 2762 669 inutiles
2800 612 3059 683 abjicere,
3086 612 3171 668 vel
3197 611 3613 685 engastrimythi

2049 706 2213 761 verba
2267 713 2529 777 tanquam
2578 706 2713 762 falsa
2766 713 2927 776 atque
2982 720 3124 761 vana
3162 705 3465 761 criminari.
3506 704 3610 762 Sed

2044 800 2176 869 quid
2223 798 2509 855 dicemus?
2538 799 2859 873 Pugnanlne
2902 800 3047 854 inter
3075 815 3134 855 se
3171 813 3340 854 sacrae
3384 798 3614 855 litterae?

2044 903 2114 942 an
2154 903 2260 945 una
2291 888 2561 944 sententia
2598 889 2785 944 multis
2814 887 3175 969 adversatur?
3204 887 3261 943 Si
3290 903 3409 958 quae
3430 897 3611 944 tamen

2041 980 2186 1036 inter
2229 995 2323 1037 eas
2382 981 2754 1037 controversia
2800 988 2918 1046 est,
2966 977 3164 1050 potiori
3223 981 3437 1036 eoru'tn‘

2038 1075 2220 1146 palma
2261 1074 2441 1128 danda
2495 1080 2599 1129 est.
2661 1072 2727 1127 Et
2771 1079 2952 1128 tamen
3015 1074 3304 1127 contrariae
3353 1064 3610 1128 omnibus

2038 1165 2327 1222 sententiis
2400 1165 2458 1219 in
2518 1165 3071 1237 engastrimythorum
3133 1163 3604 1229 condemnatione,

2036 1266 2295 1329 tanquam
2325 1271 2516 1313 eorum
2555 1256 2649 1327 qui
2694 1256 2860 1326 impie
2888 1264 3074 1327 agunt,
3108 1268 3461 1312 concurrunt.
3493 1257 3606 1314 nec

2034 1348 2218 1405 minus
2250 1358 2509 1419 praeterea
2538 1349 2595 1402 in
2621 1357 2819 1419 quarto
2846 1348 3051 1420 Regum
3087 1350 3314 1405 relatum
3352 1358 3457 1416 est,
3491 1350 3608 1405 Ila-

2034 1455 2252 1495 nasscm
2283 1440 2580 1510 impietatis
2607 1455 2859 1504 excessu,
2897 1448 3092 1510 praeter
3117 1441 3390 1511 justorum
3416 1458 3601 1510 neces,

2032 1528 2287 1584 omnibus
2334 1530 2497 1585 rebus
2540 1544 2659 1600 quae
2691 1529 2833 1585 idola
2866 1545 2980 1599 prae
3037 1546 3096 1587 se
3134 1530 3381 1586 ferebant
3427 1533 3601 1589 servi-

2031 1617 2176 1676 visse
2210 1640 2221 1674 :
2260 1619 2410 1675 Fecit
2441 1620 2543 1676 sibi
2576 1622 2701 1690 ipsi,
2736 1621 2810 1675 ait
2832 1621 2899 1685 ⁷⁸,
2930 1621 3375 1692 engastrimythos
3401 1632 3451 1677 et
3470 1639 3602 1694 gno-

2030 1722 2165 1768 stas.
2205 1711 2280 1767 Ex
2315 1714 2489 1769 altera
2540 1728 2669 1769 vero
2714 1722 2892 1785 parte,
2940 1714 3035 1784 qui
3075 1713 3302 1784 iustitiae
3343 1714 3502 1770 laude
3533 1715 3600 1769 il-

2029 1803 2188 1868 luxit,
2221 1802 2403 1859 Josias
2436 1819 2532 1859 rex
2574 1818 2765 1860 omnes
2809 1803 2971 1859 simul
3006 1801 3351 1859 manufactas
3388 1811 3599 1859 statuas

349 1869 666 1977 τεφρώσαςῖ
689 1869 981 1969 ἠφάνισενο
1024 1901 1085 1956 οὐ
1138 1901 1244 1975 μὴν
1273 1869 1413 1956 άλλά
1433 1869 1517 1971 ’γέ
1550 1869 1686 1974 πρὸς
1713 1869 1908 1964 τούτοις

2027 1895 2291 1965 dejectas,
2328 1897 2452 1966 igne
2483 1905 2839 1967 consumptas
2870 1896 3090 1952 delevit.
3130 1892 3278 1951 Inter
3303 1901 3501 1951 cetera
3541 1903 3598 1952 et

346 1991 612 2062 ἀφεῖλεν,
664 1991 807 2065 ἔφη,
863 1995 1004 2061 τοὺς
1045 1995 1590 2065 ἐγγαστριμύθους,
1636 1993 1734 2047 καί
1778 1992 1921 2060 τοὺς

344 2084 634 2152 γνώστας,
680 2086 782 2142 καὶ
838 2087 911 2141 τὰ
941 2087 1212 2157 θεραφῖμ,
1261 2087 1359 2140 καὶ
1408 2085 1481 2140 τὰ
1531 2084 1770 2148 εἴδωλα,
1819 2086 1919 2141 καὶ

340 2174 414 2229 ιὰ
462 2178 810 2245 καρασαείνο
871 2174 991 2233 εἶτα
1049 2177 1143 2233 καὶ
1210 2178 1328 2250 μετ’
1394 2175 1551 2245 ὀλίγα
1596 2176 1780 2246 φησὶν,
1833 2178 1916 2231 ὅτι

339 2263 432 2318 καὶ
456 2265 839 2337 ἐνεπύρισεν,
867 2268 943 2333 ῶς
977 2267 1210 2340 ἀθέμιτα
1254 2265 1475 2338 δηλαδή.
1509 2266 1807 2336 Τοιγαροῦν
1840 2266 1917 2320 εῖ-
1962 2302 1967 2305 -

339 2374 446 2429 περ
476 2360 505 2412 ὁ
552 2360 716 2425 αὑτός
759 2363 877 2415 ἐστι
908 2361 1261 2433 συγγραφεὺς
1302 2358 1582 2431 ἐκατέρου
1610 2358 1703 2412 τοῦ
1737 2360 1918 2432 γράμ-

340 2467 527 2521 ματος,
573 2453 807 2507 ἐνταῦθα
845 2453 903 2507 δὲ
934 2453 1028 2507 δύο
1058 2453 1325 2526 πρόσωπα
1358 2450 1591 2522 βιολογεῖ
1630 2450 1910 2522 βασιλέων,

334 2537 455 2595 εἶτα
497 2544 708 2597 τούτοιν
731 2544 793 2598 τὺ
824 2545 922 2615 μὲν
950 2545 1133 2600 ἄδικον
1161 2546 1369 2616 εἰσάγει
1398 2546 1503 2620 [ὅτι
1545 2547 1704 2621 πρὸς]
1731 2548 1911 2613 ἀλλοις

334 2634 509 2689 εἵλετο
534 2636 630 2689 καὶ
662 2635 770 2689 τῶν
795 2636 1267 2708 ἐγγαστριμύθων,
1296 2638 1358 2693 τὸ
1380 2639 1437 2693 δὲ
1460 2639 1603 2713 ζήλῳ
1623 2641 1908 2711 διεγηγερ-

338 2728 499 2799 μένον
534 2729 765 2793 ἐπαινεῖ,
800 2727 879 2799 τῷ
916 2730 1009 2783 καὶ
1046 2731 1172 2795 τοὺς
1209 2731 1679 2803 ἐγγαστριμύθους
1719 2731 1907 2801 ἐξᾶραι

334 2821 471 2892 πρὸς
508 2819 681 2874 ἅπασι
718 2822 832 2885 τοῖς
874 2819 1109 2893 ἐχθροῖς.
1141 2822 1205 2875 Et
1248 2823 1306 2876 δὲ
1337 2821 1514 2878 ταῦτα
1554 2823 1726 2887 οὕτως
1772 2823 1904 2894 ἔχει,

335 2911 681 2981 συνέστηκεν,
721 2911 803 2964 ὅτι
833 2912 933 2983 οὐχ
970 2912 1148 2984 ἐαυτῷ
1183 2914 1492 2986 μαχομένας
1522 2912 1751 2979 ἐξεδίδου
1794 2931 1906 2983 φω-

329 3002 446 3066 νάς.
489 3001 613 3055 Οὐδ’
647 2998 715 3057 αὖ
749 3002 810 3056 τὸ
836 3000 1061 3074 Πνεῦμα
1091 3004 1153 3058 τδ
1180 3004 1334 3074 ἅγιον
1371 3002 1607 3073 ἔφασκεν
1635 3003 1905 3076 meum-

329 3093 485 3147 κέναι
527 3095 620 3147 τὸν
664 3094 936 3166 Σαμουὴλ,
981 3094 1117 3148 ἀλλά
1152 3098 1280 3160 τοὺς
1326 3096 1425 3167 τῆς
1462 3097 1902 3169 ἐγγαστριμύθου

325 3186 562 3259 διηγεῖτο
588 3186 799 3257 λόγους,
833 3188 909 3251 ὼς
950 3185 1088 3259 ᾤετο
1123 3189 1217 3242 καὶ
1260 3188 1319 3243 τὺ
1367 3189 1544 3243 δοκεῖν
1590 3191 1902 3263 ἐκόμπαζεν

325 3279 509 3351 ἐκείνη
553 3281 1036 3350 φαντασιοκοπίαις
1087 3281 1467 3354 ἀναπτεροῦσα
1513 3283 1604 3337 τὸν
1637 3283 1904 3357 δυνάστην

324 3371 555 3444 ἀδήλοιςο
607 3373 667 3427 οὐ
704 3373 812 3445 γάρ
854 3372 921 3426 ἂν
959 3371 1137 3445 ἐαυτῷ
1170 3374 1262 3428 καὶ
1289 3375 1408 3438 ταῖς
1447 3374 1634 3439 ἀλλαις
1663 3376 1903 3440 ἀπάσαις

324 3464 556 3536 ἐμάχετό
584 3481 701 3529 πως
728 3465 990 3537 Γραφαῖς.
1033 3463 1172 3517 Ἀλλ’
1202 3465 1322 3536 οὐχὶ
1359 3466 1518 3537 μόνον
1549 3462 1708 3521 αὗται
1732 3466 1903 3522 ταῦτα

323 3553 689 3625 διελέγχουσιν
732 3556 788 3607 αἱ
835 3554 1040 3625 ῥήσεις,
1087 3554 1205 3608 ἀλλ’
1234 3554 1314 3608 ἔτι
1344 3572 1409 3624 γε
1453 3554 1663 3620 τούτοις
1702 3557 1901 3629 ἐπιψη-

326 3642 541 3713 φίζεται
588 3644 682 3696 καὶ
733 3642 942 3714 μάρτυς
982 3642 1139 3708 ἀλλος
1185 3643 1500 3715 ἀξιοφανὴς,
1546 3646 1577 3697 ό
1617 3645 1901 3717 προφήτης

332 3736 581 3801 Ἥσαῖας,
617 3738 693 3808 πὴ
726 3737 824 3803 μὲν
858 3736 1216 3809 ἀπαγορεύων
1259 3738 1328 3792 τά
1373 3738 1551 3792 τοιάδε
1607 3738 1774 3809 μύση,
1821 3741 1898 3812 πή

317 3826 377 3882 δὲ
408 3828 686 3901 παραινῶν
724 3829 988 3900 ὀρθότατα
1027 3831 1140 3893 τοῖς
1180 3830 1441 3901 ὑπηκόοις
1481 3830 1631 3902 αὐτῷ
1660 3832 1894 3886 κελαδεῖο

321 3918 429 3972 Kal
462 3917 571 3972 ἐὰν
606 3917 819 3972 εῖπωσι
868 3917 1018 3986 πρὸς
1057 3918 1230 3990 ὑμᾶς·
1272 3919 1582 3989 Ζητήσατε
1622 3922 1764 3991 τοὺς
1803 3924 1899 3993 ἐγ-

321 4014 777 4083 γαστριμύθους,
804 4010 901 4066 καὶ
924 4011 1069 4076 τοὺς
1097 4012 1216 4066 ἀπὸ
1246 4011 1359 4081 τῆς
1387 4011 1502 4082 γῆς
1525 4014 1892 4083 φωνοῦντας,

320 4103 462 4170 τοὺς
479 4101 975 4191 κενολογοῦντας,
1002 4102 1059 4155 οἳ
1079 4102 1148 4156 ἐκ
1178 4102 1288 4172 τῆς
1310 4105 1541 4171 κοιλίας
1564 4106 1891 4175 φωνοῦσιν·

318 4198 456 4266 οὐχὶ
480 4198 654 4265 ἔθνος
678 4197 826 4267 πρὸς
851 4197 1017 4251 Θεόν.
1049 4192 1183 4251 Εἶτά
1203 4214 1254 4249 τι
1281 4196 1420 4267 μετά
1439 4199 1612 4252 ταῦτα
1638 4199 1894 4272 προσθεὶς

318 4291 590 4364 ἐπιφέρει’
642 4293 702 4346 Τί
760 4290 1131 4359 ἐκζητοῦσιν,
1177 4289 1300 4363 ἔφη,
1338 4291 1472 4359 περὶ
1516 4290 1635 4345 τῶν
1666 4291 1894 4353 ζώντων

320 4387 463 4452 τοὺς
510 4387 760 4455 νεκρούς
777 4402 796 4450 ;
835 4387 1036 4456 Νόμον
1065 4384 1177 4454 γὰρ
1208 4387 1295 4451 εὶς
1325 4384 1615 4453 ,βοήθειαν
1647 4385 1889 4455 ἔδωκεν,

316 4478 419 4535 ἵνα
447 4479 698 4533 εἴπωσιν
728 4481 840 4547 οὐχ
870 4478 949 4544 ὠς
981 4476 1047 4531 τὸ
1068 4476 1235 4547 ῥῆμα
1265 4476 1461 4540 τοῦτο,
1496 4476 1632 4545 περὶ
1669 4472 1741 4532 οὗ
1779 4479 1891 4532 οὐκ

2026 1986 2082 2040 id
2112 1996 2412 2041 memoratu
2442 1988 2664 2059 dignum
2708 1988 2860 2059 egit:
2895 1988 3149 2053 Sustulit,
3173 1988 3349 2059 inquit
3369 1989 3438 2057 ⁷⁸,
3482 2003 3599 2044 ven-

2026 2078 2305 2150 triloquos,
2335 2088 2386 2134 et
2412 2089 2651 2150 gnosius,
2683 2091 2733 2135 et
2756 2080 3073 2151 theraphim,
3092 2088 3142 2135 et
3172 2080 3340 2146 idola,
3359 2090 3409 2135 et
3439 2096 3595 2135 cara-

2023 2172 2161 2226 uim
2189 2186 2211 2225 :
2238 2180 2293 2228 et
2323 2173 2516 2243 paucis
2542 2172 2869 2242 interjectis,
2892 2190 2954 2229 ea
2975 2173 3279 2238 combussit,
3305 2173 3402 2238 ait,
3423 2171 3593 2228 veluti

2020 2261 2249 2318 nefaria.
2306 2262 2492 2335 Itaque
2535 2265 2583 2321 si
2614 2264 2902 2336 utriusque
2951 2265 3268 2335 scriptionis
3310 2279 3455 2320 unus
3505 2271 3593 2320 est

2020 2362 2232 2423 auctor,
2281 2355 2339 2411 in
2385 2356 2586 2428 quibus
2631 2357 2863 2413 duorum
2921 2372 3111 2428 regum
3158 2357 3300 2413 vitas
3346 2355 3588 2427 scripsit,

2019 2446 2213 2501 borum
2256 2448 2490 2504 alterum
2524 2448 2789 2519 injustum
2827 2447 3001 2504 fuisse
3055 2448 3152 2513 ait,
3202 2447 3348 2518 quod
3391 2453 3590 2516 praeter

2017 2539 2124 2594 alia
2146 2540 2518 2612 ventriloquos
2546 2541 2844 2607 induxerit,
2880 2542 3110 2597 alterum
3132 2539 3386 2595 laudibus
3419 2539 3590 2595 extol-

2014 2631 2078 2685 lit
2106 2633 2252 2703 quod
2281 2633 2468 2689 divino
2492 2634 2609 2690 zelo
2636 2635 2907 2690 excitatus
2929 2635 3298 2703 ventriloquos
3339 2647 3449 2703 prae
3474 2645 3589 2687 om-

2013 2725 2177 2779 nibus
2226 2724 2467 2782 inimicis
2492 2726 2772 2782 deleverit.
2808 2725 2933 2782 llaec
2961 2727 3009 2783 si
3051 2726 3125 2780 ita
3155 2740 3213 2781 se
3236 2724 3456 2788 habent,
3488 2737 3587 2793 pa-

2013 2822 2090 2871 tet
2144 2832 2255 2872 non
2300 2819 2403 2875 sibi
2454 2818 2809 2874 adversantes
2851 2833 3015 2874 voces
3066 2817 3338 2874 emisisse.
3395 2815 3582 2887 Neque

2014 2909 2252 2982 Spiitus
2271 2922 2496 2970 sanctus
2524 2912 2752 2971 dixisset
2773 2912 3079 2971 Samuelem
3123 2912 3458 2977 ascendisse,
3486 2911 3580 2966 sed

2009 3004 2421 3077 engastrimythi
2468 3004 2738 3061 referebat
2792 3021 3096 3070 sermones,
3145 3005 3316 3069 illam,
3368 3003 3446 3058 uti
3478 3003 3583 3061 sibi

2011 3097 2295 3153 videbatur
2326 3108 2490 3170 atque
2521 3099 2867 3169 opinabatur,
2914 3098 3201 3169 magnitice
3232 3113 3292 3154 se
3317 3097 3579 3168 iactasse,

2008 3190 2241 3259 spectris
2275 3204 2396 3259 quae
2430 3197 2643 3243 tantum
2682 3190 3073 3261 imaginatione
3104 3189 3340 3246 obscure
3380 3188 3580 3263 deprc-

2008 3281 2408 3346 hendebantur,
2451 3296 2634 3352 regem
2683 3297 2780 3353 spe
2832 3283 2975 3338 bona
3027 3284 3346 3340 extollendi.
3395 3284 3581 3357 Neque

2008 3375 2155 3427 enim
2184 3372 2402 3427 sibimet
2445 3372 2550 3443 ipsi
2580 3373 2811 3443 aliisque
2843 3371 3144 3444 Scripturis
3199 3375 3453 3432 omnibus
3481 3376 3580 3431 ad-

2007 3471 2337 3519 versaretur.
2394 3462 2583 3534 Neque
2636 3473 2846 3519 tantum
2908 3466 2993 3520 has
3047 3467 3406 3523 auctoritates
3470 3468 3574 3524 ista

2007 3555 2289 3620 damnant,
2319 3555 2413 3612 sed
2443 3565 2641 3627 praeter
2681 3556 2781 3612 has
2814 3556 2957 3613 alius
2990 3558 3119 3613 item
3172 3558 3332 3614 testis
3362 3557 3465 3615 [ide
3493 3559 3575 3615 di-

2005 3662 2146 3717 gnus
2176 3646 2344 3703 Isaias
2380 3646 2667 3717 propheta,
2700 3647 2970 3702 calculum
3005 3648 3174 3702 addit.
3217 3647 3318 3703 Hic
3358 3648 3573 3719 quidem

2006 3738 2212 3794 similes
2260 3738 2695 3794 abominationes
2748 3746 3066 3795 exsecratus
3118 3739 3232 3794 hzec
3278 3739 3480 3806 subdit,
3516 3749 3577 3795 ut

2005 3830 2079 3886 ita
2120 3832 2378 3897 sentiant,
2410 3831 2715 3887 rectissime
2767 3832 3084 3888 adhortatus
3121 3851 3134 3887 :
3173 3832 3241 3886 Et
3272 3833 3319 3887 si
3341 3833 3573 3887 dixerint

2002 3921 2186 3976 vobis:
2213 3921 2445 3989 Quaerite
2492 3923 2863 3995 ventriloquos,
2886 3934 2937 3979 et
2970 3942 3057 3981 eos
3087 3928 3177 3998 qui
3223 3945 3255 3982 a
3283 3939 3424 3985 terra
3468 3929 3575 3985 cia-

2003 4027 2170 4082 numt,
2199 4017 2290 4087 qui
2324 4033 2455 4071 vane
2488 4017 2793 4088 loquuntur,
2842 4021 2923 4074 vel
2953 4039 2980 4075 e
3010 4030 3185 4075 ventre
3224 4023 3439 4077 dicunt:
3468 4040 3572 4079 non

2000 4120 2079 4165 est
2136 4127 2261 4181 gens
2299 4110 2369 4164 ad
2414 4109 2603 4165 Deum.
2657 4110 2861 4167 Deinde
2912 4115 3102 4183 paucis
3160 4116 3396 4172 additis:
3431 4116 3570 4183 Quid

1999 4211 2241 4273 quierunt
2267 4202 2333 4257 de
2378 4204 2506 4258 vivis
2545 4206 2823 4258 mortuos?
2849 4204 3033 4276 Legem
3072 4209 3256 4277 quippe
3304 4209 3361 4262 in
3416 4210 3571 4265 auxi-
3646 4279 3649 4283 _

1999 4293 2131 4349 lium
2186 4294 2349 4361 dedit,
2394 4303 2454 4348 ut
2482 4293 2684 4360 dicant,
2716 4311 2820 4349 non
2875 4298 2952 4351 sic
2981 4307 3039 4350 ut
3075 4298 3286 4352 verbum
3326 4299 3441 4366 hoc,
3471 4317 3568 4371 pro

1998 4403 2099 4457 quo
2121 4396 2326 4441 nonest
2358 4386 2488 4441 dare
2526 4403 2747 4442 munera
2774 4403 2869 4456 pro
2907 4404 2967 4444 ea
2992 4390 3059 4455 ",
3092 4390 3237 4444 clara
3270 4400 3570 4463 sanctaque

1995 4492 2131 4534 voce
2189 4493 2361 4550 genus
2416 4493 2579 4534 omne
2635 4479 3105 4550 ventriloquorum
3135 4482 3387 4552 explosit.
3422 4483 3487 4539 Et
3518 4483 3567 4539 si

314 4571 449 4627 ἔστι
485 4570 643 4638 δῶρα
689 4569 917 4623 δοῦναιο
954 4568 1204 4641 προδήλῳ
1245 4567 1342 4640 μὲν
1374 4568 1664 4641 ἱεροφωνία
1694 4567 1755 4621 τὸ
1782 4568 1890 4623 τῶν

2012 4573 2411 4643 raniloquorum
2463 4572 2695 4629 similem
2742 4588 3063 4629 consessum
3093 4573 3410 4644 declaravit,
3445 4579 3568 4634 sine

316 4663 770 4735 ἐγγαστριμύθων
816 4662 1129 4736 ἀπεκήρυξε
1169 4663 1343 4732 γένος.
1384 4663 1447 4715 El
1488 4662 1544 4715 δὲ
1590 4660 1889 4731 κενολόγων

315 4745 562 4825 ἀπέφηνε
590 4753 651 4808 τὸ
678 4754 887 4809 τοιοῦτο
927 4755 1220 4826 συνέδριον,
1262 4752 1644 4824 ἀναμφιλόγως
1676 4751 1889 4807 ἀπέδει-

315 4844 423 4912 ξεν,
464 4847 546 4901 ὅτι
589 4846 791 4901 τούτων
832 4847 982 4900 οὐδὲν
1021 4846 1195 4911 οὐδεὶς
1245 4844 1588 4899 οὐδεπώποτε
1630 4843 1779 4913 λέγει
1823 4844 1886 4898 τὸ

314 4939 575 5009 παράπαν
636 4938 854 5010 ἀληθὲς,
907 4938 1043 4993 ἀλλά
1101 4937 1435 5011 ψευδηγορίςξ⁴
1495 4938 1592 5009 μὲν
1639 4936 1886 5006 ὑποκένῳ

313 5027 604 5083 πλάττουσι
646 5028 744 5100 τὴν
784 5029 1020 5100 ἀπάτην,
1064 5028 1215 5100 ἐὼλῳ
1250 5030 1308 5083 δὲ
1348 5028 1628 5099 κενολογίᾳ
1661 5028 1883 5097 φενακί-

310 5118 463 5184 ζουσι
513 5122 641 5186 τοὺς
682 5120 933 5192 ἀμαθεῖς.
979 5121 1141 5175 Ὅθεν
1179 5121 1487 5183 ἀκολούθως
1528 5120 1883 5173 ἐπέσκωπτεν

309 5214 536 5280 ἐκείνοις
571 5216 683 5268 ὅσοι
705 5214 957 5286 περὶτῶν
980 5214 1195 5280 ζώντων
1219 5212 1461 5285 ἐρωτῶσι
1484 5213 1609 5275 τοὺς
1635 5212 1881 5284 νεκρούς·

310 5304 464 5359 αὐτοὶ
492 5306 623 5379 γὰρ,
654 5305 763 5359 ὅλοι
796 5306 979 5378 νεκροὶ
1003 5305 1096 5359 καὶ
1126 5306 1291 5378 πηροὶ¹
1311 5304 1688 5375 τυγχάνοντες,
1711 5305 1762 5356 oi
1790 5321 1882 5358 κε-

308 5397 516 5468 νολόγοι
546 5399 645 5462 τὰς
692 5397 799 5451 τῶν
829 5397 1037 5469 νεκρῶν
1083 5395 1483 5451 ὑποτυποῦνται
1522 5395 1881 5450 διακονεῖσθαι

310 5491 493 5560 φωνάς
512 5508 525 5521 ·
548 5491 647 5545 ὁδέ
672 5492 953 5565 προφήτης
984 5489 1394 5563 ἐπεμαρτύρετο
1427 5488 1585 5560 βοῶν,
1610 5490 1691 5543 ὅτι
1720 5489 1880 5560 νόμος

308 5579 555 5652 ἀρραγὴς
584 5581 828 5635 ἔκκειται
848 5581 1216 5652 περὶτούτων,
1235 5582 1321 5635 ἵνα
1351 5582 1424 5653 μὴ
1450 5581 1589 5636 κατά
1601 5582 1726 5646 τοὺς
1746 5582 1878 5635 ἀπο-

308 5672 709 5744 φθεγγομένους
740 5673 1023 5747 ὑπαχθῶσι
1059 5675 1437 5745 κουφολογίαις
1466 5670 1652 5739 ἑώλοις
1671 5692 1683 5705 ο
1712 5676 1876 5747 ἀκρο-

301 5874 309 5897 ,
378 5828 421 5859 ⁷⁸
454 5827 537 5883 IV
560 5828 685 5897 Reg.
714 5847 826 5895 xxI,
860 5832 912 5888 6.
990 5834 1033 5866 "
1067 5831 1152 5888 ιγ
1181 5831 1305 5897 Req.
1335 5848 1488 5895 xxiii.
1522 5832 1614 5889 2i.

1994 4664 2160 4719 dubio
2186 4666 2580 4721 demonstravit
2604 4666 2799 4721 horum
2825 4668 3099 4723 neminem
3131 4670 3292 4724 ullam
3323 4688 3564 4744 unquam

1992 4757 2217 4811 omnino
2257 4755 2504 4828 proferre
2540 4757 2848 4824 veritatem,
2876 4760 2971 4816 sed
3022 4762 3342 4828 mendaciis,
3389 4763 3565 4837 iisque

1994 4848 2272 4915 inanibus,
2309 4850 2536 4922 ingestis
2588 4850 2809 4907 fraudes
2857 4866 3203 4923 componere,
3258 4856 3470 4927 levique
3498 4874 3564 4915 ac

1994 4940 2189 4997 frivolo
2221 4928 2474 5000 s'ermone
2518 4944 2757 4999 indoctis
2786 4944 3084 5016 imponere.
3124 4946 3301 5013 Quare
3336 4965 3446 5005 non
3487 4951 3564 5007 in-

1993 5035 2368 5101 congrueillis
2399 5037 2763 5106 exprobrabat
2796 5040 2887 5109 qui
2919 5037 2987 5095 de
3015 5039 3157 5096 vivis
3195 5050 3441 5100 mortuos
3473 5045 3561 5099 in-

1993 5133 2292 5196 terrogant.
2324 5126 2429 5197 Ipsi
2460 5129 2606 5183 enim
2636 5129 2934 5200 vaniloqui,
2975 5146 3097 5185 cum
3139 5135 3338 5190 mortui
3368 5136 3476 5191 sint
3505 5145 3560 5191 ct

1990 5218 2144 5281 caci,
2166 5225 2502 5273 mortuorum
2532 5234 2692 5277 voces
2713 5221 2926 5280 deferre
2956 5239 3015 5282 se
3040 5226 3319 5281 simulant.
3354 5227 3559 5283 Contra

1988 5320 2127 5376 quos
2154 5307 2523 5364 testimonium
2547 5310 2761 5367 dicebat
2792 5315 3053 5386 propheta
3082 5317 3345 5381 clamans,
3382 5318 3554 5388 legem

1983 5400 2098 5468 jam
2133 5400 2200 5455 de
2222 5399 2308 5456 his
2337 5399 2507 5458 fuisse
2537 5404 2721 5470 latam,
2758 5422 2826 5461 ne
2868 5406 3019 5463 inani
3051 5408 3322 5464 sermonis
3348 5407 3553 5465 dicaci-

1987 5497 2099 5545 tate
2128 5492 2524 5562 subducantur,
2553 5498 3007 5566 quemadmodum
3036 5506 3090 5553 ct
3137 5499 3191 5553 bi
3236 5498 3330 5569 qui
3364 5500 3551 5556 talium

1984 5600 2166 5640 rerum
2211 5594 2341 5642 sunt
2385 5597 2657 5647 auctores.
2720 5589 2816 5647 Est
2864 5593 3007 5647 enim
3060 5591 3371 5650 ﬁrmissima
3418 5594 3555 5666 legis

1983 5675 2251 5739 custodia,
2289 5680 2510 5738 cmleste
2531 5683 2792 5739 auxilium
2832 5683 3141 5754 implorare,
3172 5692 3227 5739 et
3260 5699 3369 5742 non
3399 5703 3431 5745 ο
3468 5704 3556 5746 τε·

1690 5835 1735 5865 ’⁷⁸
1778 5832 1894 5889 lsa.
1922 5851 2038 5896 vui.
2076 5836 2163 5896 l9.
2195 5836 2279 5894 20.
