4090 6288
509 383 618 442 067

1477 378 1538 438 S.
1577 375 1951 436 EUSTA'I'HII
1988 371 2296 432 EPISCOPI
2332 364 2745 427 ANTIOCHENI

3638 349 3744 408 668

514 502 619 560 bus
642 501 894 570 terrenis,
924 501 982 557 in
1010 501 1144 572 ipsis
1170 500 1540 559 subterraneis
1558 501 1799 555 animum
1829 498 2074 570 ligentes,
2106 542 2112 556 ι

2213 491 2314 566 ἀτη
2335 491 2465 561 γάρ,
2496 484 2672 559 οἶμαι
2705 480 2920 556 φυλακὴ
2944 481 3107 553 νόμου
3136 476 3488 572 urwa
3519 467 3746 572 2w-

515 610 675 667 opem
697 595 1064 653 emendicare.

585 857 775 914 XXVI.
818 857 925 915 Sed
956 859 1052 930 qui
1082 875 1275 918 omnes
1294 859 1409 930 jam
1462 856 1777 931 Scriptum
1816 859 2086 929 interpre-

515 958 769 1009 tatumse
795 966 919 1009 esse
958 951 1241 1010 existimat
1283 952 1565 1025 Origenes,
1611 952 1727 1012 haec
1775 951 2086 1013 testimonia

508 1041 766 1112 ignorare
797 1040 1038 1108 simulat,
1067 1057 1245 1112 neque
1272 1043 1352 1103 uti
1374 1044 1531 1104 decet
1560 1054 1808 1114 usurpat,
1849 1044 1944 1099 sed
1967 1058 2089 1115 qua:

517 1131 586 1186 ad
616 1133 955 1203 propositum
995 1133 1218 1190 minime
1250 1133 1722 1201 iaciuntinfarcit,
1750 1135 1819 1199 iis
1866 1144 2089 1206 praeter-

516 1224 607 1281 itis
633 1240 754 1296 quae
781 1235 977 1281 natura
1013 1242 1111 1284 sua
1139 1228 1529 1299 congruebant.
1563 1227 1719 1295 Quod
1761 1227 1806 1283 si
1835 1228 2090 1299 ignoran-

517 1317 618 1386 tia,
648 1317 844 1377 stolide
884 1318 1124 1388 quidem,
1161 1325 1221 1373 ut
1270 1318 1504 1386 videtur,
1535 1319 1813 1389 ell‘ecit;jsi
1846 1319 2093 1390 maligni-

519 1416 651 1474 tate,
706 1410 982 1480 negotium
1047 1410 1312 1465 audacter
1360 1410 1553 1467 obivit.
1588 1410 1729 1477 Quin
1760 1426 1885 1466 cum
1918 1412 2092 1467 ambi-

520 1518 662 1571 guus
691 1510 746 1558 et
776 1518 977 1574 anceps
1007 1503 1238 1561 dixisset
1268 1522 1281 1557 :
1306 1502 1449 1569 Quid
1478 1504 1643 1574 igitur
1674 1505 1757 1558 hic
1794 1504 1925 1573 facit
1967 1521 2090 1559 ven-

524 1593 797 1664 tritaque?
820 1593 963 1661 Quid
990 1595 1153 1665 igitur
1198 1595 1329 1664 facit
1368 1596 1695 1666 uentriloqua
1732 1597 1874 1649 circa
1903 1597 2092 1651 anima:

523 1684 655 1755 iusti
711 1685 1076 1741 adactionem?
1131 1686 1402 1742 sermonis
1453 1685 1731 1751 dubietate
1786 1687 2093 1744 sublimiter

525 1776 913 1847 ell‘ugit.,-qu.od
938 1778 1054 1847 ipse
1084 1776 1287 1833 fecerat
1311 1779 1435 1834 aliis
1457 1779 1669 1834 donans
1705 1798 1718 1833 :
1753 1786 1925 1834 totum
1963 1794 2096 1835 vero

530 1842 826 1938 Scriptura:
864 1842 1190 1936 attribuens,
1251 1869 1558 1927 Samuelem
1608 1870 1868 1926 eductum
1925 1870 2098 1928 fuisse
2124 1842 2169 1899 Β

528 1963 864 2021 conﬁdenter
892 1974 1190 2029 asseverat,
1238 1972 1295 2028 at
1337 1980 1447 2020 non
1479 1965 1721 2021 secundo
1749 1966 1918 2022 audet
1944 1981 2098 2038 repe-

532 2064 684 2111 tere:
717 2055 848 2122 Quis
893 2056 1065 2125 ipsum
1101 2057 1324 2121 eduxit?
1364 2056 1477 2129 Ego
1519 2074 1683 2129 porro
1718 2059 1975 2115 existimo
2000 2073 2099 2131 pro

529 2148 705 2218 prima
744 2149 1194 2219 interpretatione
1227 2166 1258 2205 a
1290 2152 1595 2207 rectissime
1623 2168 1839 2223 semper
1861 2153 2101 2213 sentiens-

529 2237 677 2297 tibus
716 2240 1129 2308 reprehensum,
1180 2241 1419 2297 secunda
1473 2244 1814 2314 expositione
1855 2258 1979 2300 cum
2010 2259 2100 2299 re-

531 2328 864 2398 sponderet,
901 2330 1109 2393 dixisse
1165 2331 1512 2391 observatum
1556 2333 1970 2405 engastrimythi
2020 2333 2102 2393 l0:-

530 2436 677 2476 cum.
726 2418 991 2492 Deinceps
1036 2422 1220 2479 subdit
1266 2425 1530 2494 scriptum
1560 2443 1575 2479 :
1608 2424 2103 2497 Engastrimytltum

533 2506 759 2577 aliquem
787 2509 1072 2575 eduxisse;
1095 2510 1353 2582 itemque,
1387 2511 1605 2568 Saulem
1626 2512 1862 2570 Samueli
1883 2516 2101 2582 dixisse,

534 2595 753 2656 Litteris
775 2601 1048 2669 proditum
1074 2618 1217 2658 esse.
1260 2603 1353 2660 liis
1396 2605 1597 2660 similia
1644 2607 1926 2676 complura
1954 2607 2105 2662 inani

535 2689 827 2747 uerborum
871 2693 1077 2748 ambitu
1100 2695 1297 2749 iterum
1325 2700 1488 2765 atque
1518 2696 1714 2751 iterum
1750 2700 1962 2766 repetit,
1989 2704 2105 2752 tum

536 2779 718 2838 denuo
742 2783 859 2839 inﬁt
894 2804 906 2838 :
944 2784 1066 2840 Non
1099 2796 1277 2841 autem
1299 2789 1611 2855 enuntiavit,
1632 2790 1680 2844 si
1716 2789 1891 2856 volens
1921 2807 2105 2847 ascen-

535 2874 636 2928 dit.
671 2873 795 2930 Non
826 2878 965 2931 enim
1002 2878 1178 2946 habes,
1202 2880 1399 2951 inquit,
1426 2890 1646 2948 textum,
1672 2884 1720 2936 si
1751 2881 1930 2937 eduxit
1953 2882 2106 2951 illum

534 2967 999 3039 cngasttimythus.
1048 2968 1110 3024 Si
1159 2971 1362 3038 minus,
1414 2969 1749 3042 Scripturam
1799 2989 2107 3043 percurrens

538 3057 736 3128 aliquis
766 3075 847 3114 me
870 3060 1233 3129 reprehendat.
1268 3062 1438 3133 Igitur
1458 3080 1524 3119 ex
1559 3064 1789 3122 adverso
1815 3066 2110 3138 reprehen-

2182 585 2273 638 θεν
2300 562 2673 638 ἐπικαλεῖσθαι
2695 577 2793 651 τὴν
2820 575 3091 648 βοήθειαν,
3118 570 3253 626 ἀλλά
3284 568 3360 641 μὴ
3385 567 3452 621 ἐκ
3480 564 3590 618 τῶν
3619 562 3748 634 γηΐ-

2180 692 2286 730 νων
2316 672 2659 747 ἐρανίζεσθαι
2685 669 2783 743 τὴν
2821 666 3162 737 ἐπικουρίαν,
3192 664 3273 727 εἰς
3311 657 3452 713 αύτά
3485 655 3554 710 τὰ
3583 672 3750 709 κατα-

2181 766 2370 841 χθόνια
2396 763 2717 834 summe.

2254 853 2452 915 XXVI.
2499 853 2640 911 Ἀλλ’
2668 852 2696 904 ὁ
2720 849 2899 912 πάσας
2925 843 3263 920 ἑρμηνεῦσαι
3278 841 3376 908 τὰς
3401 837 3623 912 Γραφάς
3644 839 3751 908 οἰη-

2185 948 2299 1013 θεὶς
2342 946 2621 1019 Ὡριγένης
2649 944 2723 1009 ού,
2762 940 3135 1014 προσποιεῖται
3170 934 3373 1000 ταύτας
3413 930 3612 985 εἰδέναι
3650 926 3752 992 τὰς

2190 1037 2511 1112 μαρτυρίας,
2555 1036 2678 1090 οὐδὲ
2716 1033 2928 1106 τίθησιν
2956 1028 3148 1093 αὑτὰς,
3182 1028 3258 1091 ὡς
3299 1024 3438 1093 δέον,
3471 1021 3586 1078 ἀλλ’
3632 1019 3756 1112 ἐπεὶ

2190 1109 2449 1199 συγκαλεῖ
2475 1128 2573 1200 μὲν
2612 1127 2825 1189 ἐκείνας
2866 1125 2988 1178 ὅσαι
3035 1120 3200 1193 μηδὲν
3233 1121 3291 1172 ἐν
3332 1113 3519 1188 μηδενὶ
3548 1112 3626 1185 τῷ
3657 1109 3757 1183 ζη-

2186 1221 2392 1292 τήματι
2418 1218 2783 1289 διαφέρουσιν,
2830 1212 3144 1285 ὑπερϐαίνει
3181 1209 3239 1263 δὲ
3285 1206 3389 1273 τὰς
3412 1205 3550 1277 αὐτῇ
3596 1201 3758 1273 φύσει

2190 1309 2567 1383 προσηκούσας
2588 1324 2601 1338 ’
2637 1308 2757 1379 ἦτοι
2782 1305 2891 1378 γὰρ
2920 1303 3129 1377 ἀμαθίᾳ.
3165 1299 3321 1356 τοῦτο
3363 1297 3619 1372 πράττειν
3646 1296 3756 1350 ἐοι-

2190 1423 2286 1470 κεν
2317 1405 2587 1477 ἀφρόνως,
2627 1401 2663 1473 ἢ
2698 1397 2988 1470 κακοθελία
3031 1392 3515 1469 πραγματεύεσθαι
3558 1388 3758 1461 τολμη-

2196 1496 2332 1568 ρῶςο
2382 1493 2519 1549 ἀλλά
2567 1491 2662 1547 καὶ
2715 1489 2967 1561 καθάπερ
3003 1483 3465 1558 ἐπαμφοτενρίζων,
3499 1477 3757 1568 εἰρηκὰις,

2192 1564 2295 1655 δτι,
2335 1588 2394 1642 Τί
2418 1582 2532 1643 οὖν
2567 1583 2728 1639 ποιεῖ
2760 1581 3233 1652 ἐγγαστρίμυθος
3271 1573 3514 1637 ὲνθάδες
3544 1572 3602 1626 Τί
3648 1564 3762 1624 οὖν

2194 1679 2353 1741 ποιεῖ
2369 1676 2840 1750 ἐγγαστρίμυθος
2863 1672 2997 1740 περὶ
3023 1669 3136 1739 τὴν
3164 1664 3482 1738 ἀναγωγὴν
3504 1659 3613 1730 τῆς
3643 1663 3760 1750 ww

2195 1772 2313 1843 χῆς
2341 1749 2448 1825 τοῦ
2483 1768 2716 1832 δικαίου
2738 1782 2756 1832 ;
2781 1764 2940 1836 λόγου
2966 1762 3061 1834 μὲν
3086 1758 3288 1840 ἀπορία
3313 1753 3601 1829 μετεώρως
3631 1749 3764 1805 ἀπέ-

2197 1877 2386 1931 φυγεν·
2421 1858 2534 1914 ἀλλ’
2571 1859 2599 1911 ὁ
2623 1855 2780 1910 10610
2813 1852 3132 1928 ἐπιγράφων
3164 1852 3299 1920 ὅπερ
3332 1848 3551 1920 ἔδρασεν
3582 1843 3761 1908 αὐτός’

2197 1952 2333 2023 αὐτῇ
2370 1951 2428 2007 δέ
2459 1952 2525 2021 τῇ
2555 1949 2747 2021 Γραφῇ
2778 1944 2841 2000 τδ
2885 1947 2995 1999 πᾶν
3027 1941 3266 2008 ἀναθεὶς,
3304 1939 3635 2012 ἰσχυρίζεται
3669 1938 3765 2010 μὲν

2196 2043 2428 2115 ἀνῆχθαι
2465 2042 2554 2096 τὸν
2601 2028 2873 2112 Σαμουὴλ,
2903 2038 3005 2092 οὐκ
3038 2036 3118 2090 ἔτι
3146 2034 3204 2088 δὲ
3236 2033 3410 2107 τολμᾷ
3438 2031 3767 2103 δευτερῶσαι

2196 2136 2275 2189 τό·
2315 2136 2408 2200 Τίς
2436 2132 2738 2203 ἀνήγαγεν
2773 2123 3210 2203 αὐτόνλοῖμαι.
3236 2126 3316 2193 δέ,
3361 2125 3442 2178 ὅτι
3483 2124 3579 2177 καὶ
3613 2121 3770 2207 μετέ-

2199 2240 2360 2278 πειτα
2392 2210 2796 2292 διελεγχόμενος
2842 2217 2948 2274 ὑπὸ
2977 2216 3083 2272 τῶν
3127 2215 3393 2289 ὀρθότατα
3434 2213 3770 2286 φρονούντων

2198 2315 2306 2379 ἀεὶ,
2351 2315 2599 2386 δευτέρᾳ⁵
2619 2313 2778 2367 πάλιν
2819 2298 3248 2383 ἀπολογούμενος
3288 2309 3567 2382 ἐξηγήσει,
3610 2325 3768 2382 τετη-

2202 2407 2412 2480 ρῆσθαιΔ
2432 2408 2530 2479 μὲν
2563 2391 2665 2478 ἔφη
2700 2405 2791 2471 τὸν
2821 2404 2924 2475 τῆς
2953 2403 3394 2475 ἐγγαστριμύθου
3424 2402 3589 2456 τόπον
3607 2419 3621 2432 ·
3651 2396 3769 2456 εἶτα

2201 2500 2469 2569 λέγεικαὶ
2505 2500 2586 2554 ὅτι
2623 2498 2721 2579 μὲν
2760 2499 2799 2567 ἡ
2839 2496 3311 2567 ἐγγαστρίμυθός
3344 2512 3478 2551 τινα
3511 2494 3772 2581 ἀνήγαγε

2202 2596 2508 2668 γέγραπται
2532 2611 2546 2624 ο
2581 2594 2675 2647 καὶ
2695 2591 2781 2645 ὅτι
2810 2589 3011 2645 Σαοὺλ
3041 2585 3171 2655 εἷπε
3200 2586 3281 2653 τῷ
3314 2589 3601 2657 Σαμουὴλ
3645 2588 3774 2642 ἀνα-

2204 2665 2535 2759 γέγραπται.
2580 2682 2824 2756 Φλυαρία
2866 2682 2923 2735 δέ
2967 2679 3136 2753 πολλῇ
3179 2679 3404 2734 τοιαῦτα
3442 2679 3625 2751 συχνά,
3651 2696 3773 2735 τινα

2203 2764 2624 2852 ταυτολογήσας,
2649 2777 2899 2848 ἐπιφέρει
2917 2774 3099 2841 πάλινο
3128 2764 3250 2843 οὐχ
3264 2774 3465 2842 εἴρηκε
3481 2772 3568 2837 δὲ,
3591 2774 3774 2846 φησιν,

2205 2877 2255 2941 εὶ
2287 2873 2578 2947 ἑκουσίως
2605 2870 3005 2938 ἀναϐέϐηκεν·
3039 2867 3247 2937 οὐγὰρ
3278 2866 3461 2937 ἔχεις,
3495 2865 3621 2939 ἐφη,
3668 2868 3781 2921 κεί-

2201 2983 2390 3039 μενον
2413 2967 2471 3034 εἱ
2495 2964 2796 3035 ἀνήγαγεν
2826 2960 3013 3017 αὐτὸν
3044 2961 3084 3031 ἡ
3115 2960 3607 3037 ἐγγαστρίμυθος
3648 2959 3778 3023 ἐπεὶ

2208 3056 2508 3129 ἐλεγξάτω
2538 3056 2615 3126 μέ
2645 3072 2738 3123 τις
2769 3053 3093 3124 ἀναγνοὺς
3112 3050 3228 3121 τὴν
3258 3051 3551 3127 Γραφήνη
3573 3050 3782 3116 Οὐκοῦν

538 3163 637 3209 sus
657 3159 842 3220 aperte
873 3154 1089 3224 negavit
1117 3170 1238 3226 qua:
1269 3157 1421 3227 prius
1461 3160 1633 3215 sensit
1679 3159 2104 3221 inconsiderate.

2211 3150 2637 3224 ἀντιπροσώπῳς
2683 3149 3041 3231 ἐλεγχόμενος
3087 3147 3360 3218 ἠρνήσατο
3402 3144 3611 3209 λευκῶς
3639 3147 3783 3218 ἅπερ

537 3237 618 3299 ﬁli
647 3242 791 3299 enim
830 3243 1213 3302 determinavit
1267 3247 1606 3319 Scripturam
1652 3250 1839 3322 potius
1877 3250 2107 3319 dixisse,

538 3342 651 3389 non
672 3333 957 3391 mulierem
984 3356 997 3393 :
1029 3337 1196 3406 Quem
1231 3340 1450 3396 evocabo
1487 3341 1621 3398 tibi?
1654 3341 1753 3408 Hic
1771 3359 1903 3399 vero
1930 3341 2110 3401 mani-

538 3424 678 3482 feste
704 3427 990 3486 convictus
1017 3431 1291 3489 oblivione
1331 3437 1736 3491 accusationem
1778 3437 1955 3499 vitare
1994 3441 2112 3498 stu,-

537 3516 680 3575 duit.
717 3518 808 3578 Sic
838 3525 1044 3596 ubique
1086 3525 1193 3581 sibi
1223 3526 1578 3584 adversantes
1624 3527 1917 3600 opiniones
1944 3543 2113 3599 expo-

539 3610 644 3677 nit,
667 3615 1121 3681 quemadmodum
1147 3625 1204 3674 et
1251 3619 1342 3677 hic
1373 3633 1656 3691 perperam
1708 3619 1849 3681 inter
1901 3618 2114 3691 opinio-

539 3718 673 3758 num
707 3721 918 3777 pugnas
961 3724 1026 3764 ac
1069 3711 1261 3768 turbas
1308 3713 1556 3770 criminis
1590 3713 1860 3770 actionem
1888 3724 2115 3771 coactus

542 3796 646 3853 fuit
687 3798 945 3871 ell‘ugere.
974 3802 1205 3869 Quando
1262 3805 1429 3878 igitur
1459 3807 1513 3862 vi
1563 3805 1800 3878 quadam
1846 3807 2117 3865 adductus

542 3888 829 3946 mulierem
864 3893 1141 3964 prophetae
1189 3897 1425 3951 animam
1464 3912 1589 3961 non
1624 3912 1886 3960 evocasse
1934 3897 2117 3960 fassus

542 3987 651 4044 est,
679 3983 825 4038 dicat
848 3987 972 4055 quis
990 4002 1109 4042 eam
1148 3988 1357 4043 eduxit.
1385 3988 1506 4061 Ipse
1538 3990 1682 4053 enim
1708 3990 2120 4057 intendit-mittar

546 4078 716 4137 stetit,
738 4089 1018 4137 evocatam
1064 4092 1275 4138 tantum
1307 4099 1427 4139 eam
1474 4085 1718 4146 tradens.
1772 4083 1893 4157 Ipsa
1937 4084 2119 4156 itaque

547 4168 664 4222 sola
707 4172 1073 4240 pythomantis
1119 4184 1258 4242 erat,
1302 4184 1356 4233 et
1397 4177 1529 4236 Saul
1559 4187 1815 4236 exorator
1851 4180 2021 4246 illius,
2053 4188 2116 4234 ut

550 4259 868 4329 prophetam
890 4265 1166 4323 educeret.
1206 4267 1276 4321 At
1301 4268 1391 4325 hic
1419 4286 1762 4342 nequaquam
1794 4271 1959 4333 fuerit
2013 4287 2113 4326 au-

549 4356 671 4402 ctor
701 4349 897 4409 fabula:
926 4371 1139 4428 :neque
1179 4358 1323 4414 enim
1347 4369 1513 4422 noctu
1538 4362 1609 4417 ad
1637 4364 1783 4418 illam
1815 4362 2110 4419 deveniens

549 4445 1039 4518 engastrimythum
1076 4458 1412 4520 precaretur.
1453 4450 1511 4507 Si
1537 4467 1668 4508 vero
1692 4452 1894 4508 factum
1935 4454 2125 4510 subse-

2213 3240 2701 3316 ἀβουλίᾳπρόσθεν
2732 3226 3011 3307 ἐδόξασεν·
3044 3237 3310 3309 ἐκεῖγάρ,
3340 3237 3507 3309 αὐτὴν
3532 3236 3777 3309 ὡρίσατο

2211 3336 2310 3409 τήν
2341 3333 2563 3413 Γραφὴν
2591 3316 2869 3405 εἰρηκέναι
2905 3329 3127 3403 μᾶλλον,
3160 3328 3273 3384 ἀλλ’
3300 3328 3360 3382 ού
3393 3327 3490 3413 τὴν
3523 3331 3779 3397 γυναῖκα⁴

2212 3408 2296 3483 τόέ
2341 3429 2482 3483 Τίνα
2523 3408 2801 3496 tirade
2841 3438 2977 3488 σοι;
3018 3421 3189 3495 Δεῦρο
3224 3420 3278 3475 δέ
3304 3408 3627 3490 καταφανῶς
3661 3421 3777 3475 ἀλι-

2217 3521 2314 3575 σκό
2320 3537 2477 3593 μενος
2499 3519 2758 3588 ἐκφυγεῖν
2779 3515 3080 3571 ἐσπούδασε
3099 3514 3239 3588 λήθῃ
3258 3513 3355 3587 τὴν
3372 3513 3546 3568 αἰτίαν
3565 3530 3579 3544 ·
3611 3513 3785 3579 οὕτως

2216 3612 2518 3684 ἑκασταχοῦ
2549 3609 2859 3685 μαχομένας
2879 3608 3055 3681 ἐαυτῷ
3076 3607 3235 3675 δόξας
3256 3606 3521 3661 ἐκτιθέναι
3541 3605 3787 3678 γυμνῶς,

2218 3704 2405 3778 ὥσπερ
2428 3699 2520 3759 οὖν
2550 3702 2742 3775 ἀμέλει
2766 3699 3044 3755 κάνταῦθα
3068 3699 3494 3771 γνωσιμαχήσας
3521 3697 3663 3752 ἐάλω
3687 3697 3792 3771 τήν

2217 3795 2626 3869 ἐγκληματικὴν
2664 3794 2970 3867 ἀποδρᾶναι
3001 3791 3156 3863 δίκην
3197 3788 3502 3860 ἐπειχθείςο
3534 3789 3655 3843 ἐπεὶ
3682 3787 3793 3842 10l-

2217 3908 2312 3954 νυν
2354 3889 2502 3945 ἄκων
2546 3869 2836 3959 ἑλκόμενος
2874 3882 3223 3956 ὡμολόγησεν
3261 3883 3338 3945 ὡς
3383 3882 3483 3936 οὐκ
3520 3882 3793 3952 ἀνήγαγεν

2218 3985 2255 4056 ή
2286 3982 2424 4055 γυνὴ
2452 3982 2551 4053 τὴν
2579 3979 2674 4047 τοῦ
2708 3978 2992 4059 προφήτου
3021 3976 3222 4058 ψυχὴν,
3261 3975 3471 4037 εἰπάτω
3496 3974 3581 4041 τίς
3608 3976 3637 4027 ὁ
3666 3972 3794 4039 ταύτ

2217 4092 2321 4147 τήν
2349 4071 2666 4144 ἀναγαγών·
2711 4071 2955 4143 ἐνέμεινε
2985 4068 3095 4140 γὰρ
3125 4067 3520 4145 ἁμεταστάτῳς
3553 4065 3791 4137 ἀνῆφθαι

2224 4166 2384 4246 μόνον
2430 4165 2601 4237 αὐτὴν
2642 4163 2983 4246 ὁρισάμενος
3034 4160 3173 4231 αὕτη
3213 4159 3346 4238 γρῦν
3380 4161 3435 4241 ή,
3463 4157 3796 4229 πυθόμαντις

2223 4242 2486 4328 ἐτύγχανε
2522 4255 2681 4328 μόνη,
2701 4242 2810 4321 ’καὶ
2852 4252 3026 4308 Σαοὺλ
3064 4251 3100 4314 ὁ,
3129 4251 3378 4322 δεόμενος
3418 4250 3633 4321 ἐκείνης
3666 4249 3798 4311 ἀνα-τ

2225 4348 2312 4414 ξαι
2337 4347 2427 4402 τὸν
2451 4348 2756 4420 προφήτην.
2799 4344 2937 4399 Ἀλλ’
2969 4340 3122 4408 οὗτος
3151 4342 3256 4415 μὲν,
3276 4343 3377 4405 ούκ
3404 4340 3470 4395 ἂν
3501 4340 3587 4413 εῖη
3610 4358 3673 4411 γε
3701 4338 3793 4394 106

2223 4440 2498 4513 δράματος
2540 4438 2863 4511 αὐτουργός*
2913 4437 2974 4492 ού
3020 4437 3130 4509 γὰρ
3179 4435 3244 4491 ἂν
3293 4434 3461 4490 ἐδεῖτο
3495 4434 3595 4506 τῆς
3635 4436 3800 4506 ἐγγαι-

548 4545 736 4591 cutum
791 4550 909 4608 est,
956 4541 1092 4597 nulli
1145 4542 1235 4598 alii
1282 4560 1449 4617 quam
1503 4545 1934 4618 engastrimytho
1980 4562 2112 4617 opus

2228 4531 2525 4605 στριμύθου
2570 4530 2786 4603 νύκτωρ
2837 4528 3234 4613 ἀφικνούμενος
3281 4526 3357 4591 ὡς
3396 4527 3601 4599 αὐτήν·
3646 4526 3695 4578 ει
3741 4524 3799 4579 δὲ

550 4629 754 4684 ascribi
785 4630 964 4688 debet.
1009 4630 1087 4688 [ta
1132 4642 1191 4690 ut
1220 4650 1288 4691 ex
1317 4635 1402 4693 his
1416 4634 1631 4691 duobus
1655 4651 1822 4690 unum
1857 4634 2126 4696 affirmare

550 4734 777 4778 necesse
807 4724 901 4788 sit,
946 4726 1030 4782 vel
1062 4726 1166 4783 hoc
1197 4743 1478 4800 nunquam
1531 4728 1756 4783 omnino
1785 4743 1950 4799 opere
1989 4744 2125 4798 pras-

552 4813 743 4869 stitum
792 4815 981 4882 fuisse,
1038 4822 1124 4877 vel
1167 4821 1237 4878 ab
1290 4821 1724 4894 engastrimytlio
1775 4828 1829 4876 ct
1880 4819 2127 4885 daemone

553 4902 829 4963 hominem
859 4917 1067 4966 rectum
1118 4913 1381 4970 eductum
1414 4913 1606 4968 fuisse.
1651 4910 1969 4979 Nonne'qui
2000 4911 2127 4967 reli-

552 4997 713 5070 gione
741 5018 903 5060 voces
946 5006 1199 5076 proprias
1236 5007 1367 5062 dum
1397 5022 1597 5079 negare
1639 5005 1874 5070 videtur,
1912 5004 2128 5060 diversa

556 5092 813 5150 methodo
840 5097 1085 5153 eamdem
1109 5099 1422 5170 opinionem
1453 5097 1831 5160 [raudulenter
1850 5097 2130 5153 obtrudit?

560 5180 664 5239 Sed
686 5199 784 5256 per
814 5188 1117 5243 orationem
1147 5205 1252 5260 qua
1279 5207 1338 5248 se
1379 5190 1675 5247 defendere
1700 5192 1932 5258 videtur,
1967 5206 2123 5245 men-

556 5276 793 5344 dacium,
859 5292 924 5332 ac
978 5279 1025 5334 si
1089 5282 1290 5337 veritas
1323 5292 1490 5348 esset,
1537 5283 1797 5339 inculcat.
1820 5282 2009 5352 Neque
2048 5279 2127 5335 illi

560 5370 824 5441 pudorem
876 5372 1151 5428 incutiunt
1199 5382 1279 5429 tot
1334 5383 1597 5447 tantaque
1665 5380 1842 5449 legum
1898 5377 2131 5431 latorum

561 5462 808 5531 decreta,
863 5480 1106 5522 consona
1173 5469 1561 5539 prophetarum
1625 5469 1960 5534 testimonia,
2007 5467 2136 5522 reli-

562 5572 815 5629 quosque
844 5561 1005 5617 seriei
1033 5560 1313 5617 historica:
1343 5578 1488 5618 unus
1529 5577 1594 5617 ac
1635 5562 1775 5619 idem
1805 5576 2129 5617 consensus.

566 5647 708 5714 Quin
740 5651 1104 5709 sanetissimis
1133 5653 1376 5709 oraculis
1403 5669 1570 5724 prava
1596 5654 1807 5709 ratione
1839 5653 2135 5724 perversis,

564 5740 736 5798 libere
785 5748 1200 5819 engastrimythi
1249 5748 1411 5801 verba
1457 5745 1779 5811 conﬁrmat,
1833 5746 2137 5800 recentiora

566 5833 837 5891 idolorum
891 5840 1073 5898 cultus
1099 5841 1462 5900 instrumenta
1491 5840 1836 5911 decernens,
1868 5855 1989 5906 qua:
2024 5838 2138 5907 pla-

2224 4625 2444 4695 γέγονεν
2480 4625 2519 4696 ή
2550 4623 2770 4695 πρᾶξις,
2808 4624 2909 4694 οὐχ
2937 4622 3108 4695 ἑτέρῳ
3137 4621 3244 4674 τινὶ
3264 4620 3325 4674 τὸ
3354 4618 3549 4692 δραθέν
3571 4619 3801 4689 ἐπιγρα-

2230 4696 2410 4770 πτέονο
2457 4713 2598 4767 ὣστε
2625 4713 2770 4769 δυοῖν
2812 4714 3027 4784 ἀνάγκη
3080 4711 3306 4784 θάτερόν
3344 4712 3491 4764 ἐστιν
3527 4711 3721 4777 εἰπεῖν,
3764 4707 3799 4780 ἦ

2226 4808 2386 4867 τοῦτο
2433 4805 2791 4885 μηδεπώποτε
2834 4806 3140 4877 γεγονέναι,
3162 4803 3449 4877 μηδαμῶς,
3496 4803 3529 4874 ἢ
3573 4802 3663 4857 διὰ
3702 4802 3802 4885 τῆς

2238 4882 2682 4981 ἐγγαστριμύθου
2713 4902 2807 4955 καὶ
2832 4899 2927 4954 106
2960 4899 3213 4982 δαίμονος
3245 4896 3480 4967 ἀνῆχθαι
3519 4894 3608 4948 τὸν
3637 4882 3805 4966 ἄνδρα

2229 4996 2319 5061 τὸν
2346 4994 2549 5067 ὄρθιον.
2593 4990 2721 5065 ’Ἆρ’
2768 4988 2861 5046 οὖν
2908 4989 3204 5063 ἀφοσιώσει
3239 4989 3340 5056 τὰς
3386 4987 3578 5057 ἑαυτοῦ
3622 4986 3806 5058 φωνὰς

2230 5088 2513 5166 ἀρνεῖσθαι
2547 5087 2718 5142 δοκῶν
2754 5086 2890 5160 ἄλλῃ
2928 5084 3136 5157 μεθόδῳ
3178 5083 3276 5166 τὴν
3309 5082 3478 5154 αὐτὴν
3506 5084 3805 5154 εἰσηγεῖται

2231 5165 2549 5249 δοξοκοπίαν
2579 5177 2902 5250 ἀπατηλῶς;
2948 5176 3108 5230 Ἀλλὰ
3133 5175 3200 5228 δι’
3236 5165 3311 5229 ὧν
3342 5174 3440 5247 μὲν
3469 5172 3644 5228 ἔοικεν
3671 5174 3805 5226 ἀπο-

2233 5276 2529 5346 λογεῖσθαι,
2577 5271 2666 5339 διά
2703 5254 2908 5325 τούτων
2953 5271 3028 5334 ὼς
3069 5268 3332 5340 ἀλήθειαν
3388 5268 3693 5338 εἰσηγεῖται
3747 5264 3808 5317 τὸ

2233 5369 2464 5440 ψεῦδοςη
2508 5367 2591 5434 Οὐ.
2647 5362 2957 5420 καταιδοῦσι
3009 5362 3086 5431 δὲ,
3116 5360 3281 5429 αὑτὸν
3323 5359 3381 5413 αι
3423 5357 3682 5413 τοσαῦται
3716 5356 3812 5410 καὶ

2236 5459 2483 5513 τοιαῦται
2514 5456 2861 5529 νομοθετικαὶ
2880 5451 3327 5535 ψηφοφορίαι,,ού
3360 5451 3646 5523 σύμφωνοι
3680 5465 3787 5520 προ

2238 5553 2465 5624 φητικαὶ
2498 5549 2815 5623 μαρτυρίαι,
2837 5550 2935 5620 οὐχ
2965 5532 3020 5602 αἱ
3042 5532 3224 5601 λοιπαὶ
3246 5546 3346 5616 τῆς
3368 5541 3814 5617 ἱστοριογραφιας

2237 5647 2478 5720 ὁμόδοξοι
2512 5644 2749 5699 συνοδίαι
2768 5661 2782 5675 ·
2814 5642 2968 5708 τὰ,δέ
2997 5640 3062 5713 δὴ
3098 5641 3350 5709 mulina,
3370 5636 3814 5708 παραλογισάμε-
3847 5672 3855 5717 τ

2238 5758 2327 5804 νος
2372 5735 2791 5806 ἀποφθέγματα,
2825 5730 3140 5803 προαιρέσει
3178 5728 3386 5800 βεϐαιοῖ
3420 5725 3488 5778 τὰ
3518 5725 3616 5796 τῆς
3647 5725 3815 5791 ἐγγα-

2244 5828 2539 5904 στριμύθθυ
2589 5828 2830 5898 ῥήματα,
2878 5824 3166 5895 καινότερα
3221 5820 3323 5892 μὲν
3369 5814 3817 5885 εἰδωλολατρείας
