4090 6288
425 371 528 427 669

1340 377 1424 428 llis
1463 375 2054 433 ENGASTRIMYTHO
2090 377 2368 434 CONTRA
2404 379 2779 440 OBIGENEM.

3558 391 3663 444 670

422 488 631 560 ὄργανα.
672 485 964 551 θεσπίζων,
1004 488 1189 543 ἀσεϐεῖ
1228 489 1284 544 δὲ
1316 492 1543 564 μαντείᾳ
1582 492 1851 565 δαιμόνων
1876 497 1974 549 ὲπι⁴

2094 495 2268 568 giaria
2315 498 2625 554 dtemonum
2679 499 3071 558 vaticinatione
3119 501 3439 559 obtrudunt.
3480 503 3663 574 Ipsum

423 579 657 633 σκυλῶν.
691 580 763 631 Oi:
797 578 974 633 πείθει
1004 580 1061 632 δὲ
1094 582 1255 636 αὐτὸν
1284 582 1404 635 οὐδὲ
1437 582 1505 637 τὸ
1538 584 1788 640 σύνθετον
1823 587 1974 659 ὄνομα

2094 602 2298 643 nomen
2347 590 2715 660 compositum
2771 593 3061 662 persuadet
3111 608 3346 665 quanam
3404 594 3460 650 in
3508 605 3663 666 parte

425 671 675 742 ποταπὴν
712 670 821 742 ἔχει
873 671 1173 745 διαγωγήν,
1230 674 1296 727 Ἡ
1336 674 1445 748 γάρ
1492 677 1974 749 Ἐγγαστρίμυθος

2094 685 2366 734 versatur.
2392 678 2856 750 Engastrimythus
2883 681 3029 736 enim
3061 682 3452 752 interpretatur
3481 699 3512 737 a
3541 699 3664 738 veu~

422 763 779 836 ἑρμηνεύεται
810 764 963 838 παρά
993 765 1059 819 τὸ
1083 766 1279 836 μῦθον
1300 768 1371 822 ἐν
1401 771 1611 840 γαστρὶ
1646 771 1991 842 πεπλασμέ-

423 875 534 912 νον
563 857 905 927 ἐμφαίνεινσ
952 860 987 930 ἠ
1024 858 1080 912 δὲ
1116 858 1211 912 τοῦ
1256 860 1423 932 μύθου
1466 862 1711 928 σύνθεσις
1742 863 1987 936 ἐσχημά-

2096 696 2366 734 versatur.
2392 696 2856 750 nngasmmytuus
2883 696 3029 736 enim
3062 696 3452 752 interpretatur
3481 699 3512 737 a
3541 699 3664 738 ven-

2096 774 2175 820 tre
2205 776 2259 822 et
2287 766 2493 837 fabula,
2533 771 2690 839 quasi
2716 770 2956 838 fabulam
2988 772 3043 826 in
3070 781 3245 826 ventre
3271 772 3550 842 conﬁctam
3577 696 3709 894 ιιι-Ι

2096 868 2396 894 nonnon-nn.
2448 857 2783 894 nnmnnoilin
2816 870 2995 894 on'nm
3026 861 3221 894 Palu-Im
3246 861 3385 894 ἷηιιισι
3416 870 3656 894 “Anima...

2094 868 2418 912 monstrum.
2448 857 2783 929 Compositio
2814 870 2995 916 autem
3025 861 3221 917 fabulte
3245 861 3388 916 intra
3416 870 3657 918 ventrem

422 964 598 1001 τισται
626 950 1138 1021 σκηνοπηγουμὲνου
1171 951 1414 1018 πιθανῶς
1446 953 1577 1007 εῐσω
1600 952 1854 1026 γαστρὸς,
1888 954 1974 1006 οὐν

2091 948 2448 1020 probabiliter
2482 951 2935 1019 quemadmodum
2979 961 3032 1007 et
3074 953 3307 1008 tentoria
3349 953 3654 1019 efformata,

421 1039 696 1111 ἀλήθειαν,
727 1040 865 1095 ἀλλά
910 1042 971 1094 τὸ
1016 1041 1211 1112 ψεῦδος
1251 1043 1511 1117 ἄντικρυς
1564 1046 1817 1116 ὲκφωνεῖ.
1865 1046 1989 1099 Ma-

2091 1055 2204 1097 non
2235 1041 2542 1105 veritatem,
2569 1042 2667 1097 sed
2717 1043 3060 1098 mendacium
3097 1049 3283 1113 aperte
3308 1046 3648 1114 pronuntiat.

422 1130 540 1203 κρῷ
571 1130 700 1201 γοῦν
744 1134 963 1204 ἄμεινον
1011 1133 1187 1187 ἴσασιν
1227 1137 1276 1189 οἱ
1321 1136 1589 1202 ποικίλαις
1632 1137 1974 1209 ὁμιλήσαντες

2089 1132 2270 1189 .Multo
2288 1133 2484 1189 melius
2518 1134 2703 1206 itaque
2734 1136 2828 1205 qui
2860 1135 3012 1190 varia
3042 1135 3206 1205 periti
3243 1142 3372 1191 sunt
3402 1135 3654 1203 lectione,

420 1220 593 1291 λόγων
620 1224 935 1297 ἀναφοραῖς,
960 1227 1141 1282 ὁποῖόν
1164 1229 1279 1283 ἐστι
1309 1229 1370 1282 τὺ
1393 1230 1545 1299 γένος
1575 1227 1766 1283 αὐτοῦ’
1796 1228 1899 1283 κᾶν
1917 1228 1974 1282 τι]

2093 1236 2361 1282 noverunt
2395 1225 2668 1296 quodnam
2699 1227 2849 1282 illius
2874 1243 3047 1298 genus
3073 1247 3086 1282 :
3123 1227 3218 1299 qui
3243 1243 3353 1283 non
3384 1228 3544 1283 modo
3567 1229 3657 1285 ille

422 1313 655 1385 μάλιστα
681 1317 738 1370 δὲ
763 1316 1177 1389 δεισιδαιμονίαν
1202 1321 1485 1392 πυρέττων
1516 1321 1828 1397 Ἑλληνικὴν
1856 1338 1992 1395 μαν-

417 1405 567 1461 τείαν
599 1408 896 1479 εἰσηγεῖται
933 1408 1252 1482 λεληθότως.

487 1498 702 1555 XXVII.
756 1503 893 1555 Ἀλλ’
920 1504 1071 1576 ὅμως
1096 1505 1158 1572 οὐ
1188 1509 1553 1579 παραιτητέον
1579 1507 1820 1581 ἡγοῦμαι
1853 1509 1985 1563 κάν·

415 1590 605 1645 τεῦθεν
647 1592 858 1661 ἐλέγξαι
890 1595 988 1667 τὴν
1018 1595 1300 1663 ἀξυνεσίαν
1343 1599 1509 1653 αὐτοῦ
1550 1600 1617 1654 δι’
1649 1600 1866 1669 ὀλίγων,
1906 1597 1983 1664 ὡς

415 1683 554 1740 δέον.
588 1684 652 1737 Ai
675 1684 783 1756 γάρ
807 1702 888 1740 τοι
919 1689 1203 1765 ῥητορικαὶ
1228 1689 1444 1770 δηλοῦσι
1467 1692 1854 1769 τεχνογραφίαι
1886 1709 1981 1745 σα-

417 1776 552 1846 φῶς,
575 1778 655 1831 ὅτι
687 1777 852 1849 μῦθός
897 1781 1012 1834 ἐστι
1052 1781 1276 1854 πλάσμα
1323 1784 1672 1856 συγκείμενον
1705 1783 1845 1857 μετὰ
1881 1784 1982 1855 ψυ-

416 1868 693 1941 χαγωγίας
734 1872 873 1945 πρός
901 1892 951 1927 τι
982 1874 1090 1931 τῶν
1117 1877 1175 1929 ὲν
1220 1876 1297 1949 τῷ
1335 1877 1434 1949 βίῳ
1467 1880 1658 1950 χρήσει
1692 1878 1977 1950 διαφέρον·

412 1963 642 2035 πλάσμα,
691 1964 748 2018 δὲ
793 1966 1061 2037 δήπουθεν
1113 1967 1327 2042 εἴρηται
1365 1969 1515 2040 ποιρά
1558 1970 1619 2023 τὸ
1650 1971 1977 2037 πεπλάσθαι,

414 2057 599 2126 φασὶν,
630 2057 795 2111 αὐτὸν
839 2059 1415 2131 συνομολογουμένωςο
1462 2062 1522 2116 οὒ
1568 2062 1678 2133 γὰρ
1709 2062 1789 2116 ἔτι
1830 2065 1982 2135 νομί-

413 2144 557 2209 ζοιτο
590 2147 794 2214 μῦθος,
831 2150 877 2200 εί
923 2141 1157 2217 γεγονὼς
1198 2150 1282 2222 εἴη
1320 2151 1463 2205 κατὰ
1509 2151 1802 2222 ἀλήθειαν·
1831 2154 1880 2205 εί
1923 2152 1980 2205 δὲ

413 2237 728 2309 πλάσματος
766 2239 1112 2310 αὐτοσχεδίου
1148 2241 1394 2306 σύνθεσίς
1424 2244 1569 2296 ἐστιν
1600 2245 1633 2314 ἡ
1674 2243 1977 2314 μυθοποιία,

412 2330 600 2402 πόῤῥω
632 2331 730 2401 μὲν
755 2329 900 2402 ἔργῳ
924 2332 1023 2403 τῆς
1058 2332 1312 2404 ἀληθείας
1339 2334 1661 2406 ὲλήλεγκται
1678 2376 1694 2399 ,
1719 2335 1861 2406 λόγῳ
1885 2336 1979 2390 καὶ

412 2423 751 2493 πραγμάτων
785 2424 913 2488 ὕλας
938 2425 1191 2489 είκονίζει
1217 2430 1283 2498 τῇ
1314 2427 1509 2500 πράξει
1540 2427 1862 2500 λειπομένη·
1910 2430 1978 2485 τά

394 2512 519 2601 χάρ
561 2515 660 2567 οὐκ
691 2514 820 2570 ὄντα
854 2516 1219 2588 πιθανολογεῖν
1248 2518 1422 2573 ἔοικεν
1453 2520 1528 2583 ὡς
1557 2520 1703 2587 ὄντας
1734 2523 1828 2576 καὶ
1859 2523 1977 2594 διη-

411 2602 572 2672 γήσει
618 2603 848 2676 μίμησιν
893 2608 1098 2677 εἰσάγει
1146 2608 1575 2681 πεπλασμένηνο
1630 2611 1979 2666 ἀνυπόστατα

411 2693 591 2747 τοίνυν
632 2695 886 2750 είδοποιεῖ
925 2699 1247 2769 πράγματα,
1297 2702 1569 2775 μηδεμιᾶς
1614 2703 1978 2775 ὑποκειμένης

411 2784 590 2856 ἕδρας,
642 2786 718 2851 ὡς
749 2785 860 2840 οἷόν
896 2807 954 2842 τε
983 2789 1233 2860 βεϐαίως.
1271 2792 1435 2846 Οὐδὲν
1473 2794 1529 2847 δέ
1558 2811 1649 2864 μοι
1686 2794 1832 2848 δοκεί
1865 2794 1978 2848 δια-

413 2878 598 2949 φέρειν
626 2879 832 2951 ἀψύχου
869 2882 1235 2953 σκιαγραφίας
1281 2884 1316 2953 ή
1351 2884 1444 2937 τοῦ
1477 2885 1645 2955 μύθου
1679 2886 1979 2958 πλαστουρ-

410 2968 537 3035 γία·
586 2968 708 3022 καθ’
750 2971 1037 3042 ὁμοιότητα
1073 2974 1202 3046 γάρ,
1237 2969 1411 3045 οἶμαι,
1445 2974 1540 3028 τοῦ
1578 2976 1804 3041 πίνακος
1836 2979 1974 3050 αὐτῇ

406 3057 824 3129 διαχαράττεται
844 3065 908 3134 τῇ
938 3067 1199 3135 γραμμῇ·
1228 3066 1592 3147 παραπλησίῳ
1621 3067 1686 3137 γέ
1715 3087 1797 3128 τοι
1817 3086 1977 3141 προσ-

2094 1318 2499 1389 superstitiosis
2536 1319 2826 1389 praestigiis
2863 1320 3108 1390 apprime
3142 1320 3380 1386 deditus,
3414 1320 3653 1392 gentium

2092 1412 2509 1481 superstitiones
2531 1413 2839 1467 clanculum
2880 1412 3199 1467 introducit.

2162 1502 2375 1558 XXVII.
2416 1503 2783 1559 Nihilominus
2807 1503 2934 1560 inde
2965 1504 3130 1560 etiam
3158 1505 3347 1574 paucis
3374 1504 3496 1575 ejus
3545 1514 3655 1563 sto-

2088 1597 2370 1660 liditatem,
2415 1597 2492 1651 ut-i
2549 1612 2648 1666 par
2679 1605 2784 1661 est,
2843 1597 3259 1668 reprehendere,
3291 1599 3652 1656 omittendum

2086 1696 2327 1745 nonest.
2359 1687 2572 1744 Etenim
2608 1689 2898 1744 rhetoricae
2949 1690 3084 1746 artis
3140 1690 3466 1747 traditiones
3516 1694 3652 1756 satis

2085 1782 2367 1837 commode
2396 1790 2692 1851 exponunt,
2729 1782 2964 1838 fabulam
3007 1799 3128 1839 esse
3160 1784 3429 1839 ﬁctionem
3456 1801 3651 1855 quam-

2080 1870 2204 1924 dam
2239 1886 2363 1925 cum
2392 1870 2753 1926 delectatione
2792 1872 2861 1925 ad
2885 1871 3120 1941 aliquem
3181 1874 3305 1928 vita:
3357 1891 3513 1931 usum
3552 1890 3649 1931 ne-

2078 1960 2402 2015 cessarium.
2428 1958 2603 2014 Fictio
2653 1976 2783 2016 vero
2821 1961 2966 2017 dicta
3021 1972 3106 2018 est
3147 1963 3316 2034 quod,
3350 1972 3410 2019 ut
3456 1981 3648 2022 omnes

2079 2066 2234 2121 aeque
2272 2050 2533 2118 fatentur,
2571 2051 2800 2106 conﬁcta
2827 2052 2920 2108 sit.
2958 2052 3144 2125 Neque
3173 2057 3320 2111 enim
3348 2057 3533 2126 fabula
3561 2058 3648 2113 di-

2078 2151 2313 2208 ceretur,
2341 2144 2387 2198 si
2418 2159 2477 2199 re
2515 2144 2632 2214 ipsa
2655 2153 2807 2215 gesta
2837 2144 3050 2201 fuisset.
3078 2145 3258 2213 Quare
3283 2150 3328 2204 si
3359 2147 3538 2204 fabula
3568 2152 3646 2206 rei

2080 2235 2219 2292 ﬁcta:
2246 2252 2310 2292 ex
2348 2237 2644 2307 improviso
2703 2239 3027 2309 compositio
3057 2249 3163 2303 est,
3189 2255 3249 2296 re
3274 2240 3491 2312 quidem
3528 2242 3646 2313 ipsa

2077 2327 2238 2398 longe
2268 2328 2423 2383 abest
2454 2344 2484 2381 a
2513 2328 2764 2393 veritate,
2797 2338 2852 2383 at
2897 2345 3079 2385 rerum
3132 2331 3342 2387 ratione
3388 2334 3648 2389 materias

2078 2421 2478 2492 suppeditando
2506 2428 2863 2492 repraesentat
2890 2423 3106 2479 actione
3128 2424 3408 2480 destituta.
3434 2425 3646 2497 Quippe

2077 2530 2198 2584 qua:
2225 2531 2332 2570 non
2377 2523 2524 2581 sunt,
2553 2515 3055 2581 verisimilitudine,
3089 2516 3244 2587 quasi
3275 2525 3477 2583 essent,
3516 2534 3646 2588 pro-

2079 2606 2250 2676 ponit,
2293 2606 2717 2676 narrationeque
2758 2607 3119 2662 imitationem
3153 2606 3439 2661 conﬁctam
3473 2609 3644 2663 intro‘

2078 2697 2245 2752 ducit.
2273 2695 2379 2753 Res
2406 2698 2587 2769 itaque
2609 2714 2729 2768 qua:
2752 2714 2858 2753 non
2886 2698 3215 2761 subsistunt,
3252 2697 3444 2754 formis
3473 2706 3637 2767 atque

2080 2787 2268 2858 ﬁguris
2314 2796 2567 2852 ornatas,
2619 2788 2765 2842 nulla
2813 2786 3063 2843 suﬂultas
3114 2786 3406 2850 ﬁrmitate,
3462 2788 3640 2858 quoad

2079 2878 2193 2934 ﬁeri
2217 2886 2419 2950 potest,
2451 2878 2681 2933 stabilit.
2717 2877 2845 2932 Mihi
2878 2893 3008 2933 vero
3039 2877 3255 2933 videtur
3286 2877 3480 2932 fabula:
3512 2893 3646 2932 con-

2081 2971 2231 3026 Iictio
2262 2970 2400 3025 nihil
2429 2970 2497 3025 ab
2531 2970 2841 3024 inanimata‘.
2877 2969 3087 3024 umbra:
3129 2968 3493 3025 delineatione
3534 2968 3642 3023 dif-

2080 3061 2240 3117 ferre.
2274 3061 2357 3116 Ad
2389 3061 2800 3116 similitudinem
2829 3062 3030 3132 quippe
3062 3061 3277 3116 'tabulae
3303 3060 3461 3117 lineis
3503 3062 3641 3132 ipsis

408 3150 677 3223 εμφερείᾳ
720 3157 1129 3223 προσωποποιεῖ
1174 3157 1272 3227 μὲν
1297 3156 1573 3224 ὑπόθεσιν,
1605 3159 1687 3224 εἷς
1721 3178 1774 3213 τι
1811 3162 1974 3234 μέρος

2077 3152 2483 3225 designata-et
2511 3152 2628 3224 pari
2659 3152 2970 3221 aequalitate
2998 3158 3341 3222 argumento,
3384 3152 3440 3206 in
3472 3166 3637 3206 unam

406 3239 805 3307 ἀποϐλέπουσα,
839 3245 979 3300 αὐτά
1022 3244 1079 3299 δὲ
1128 3249 1449 3319 σχηματίζει
1502 3253 1572 3327 τῇ
1624 3254 1850 3327 μιμήσει
1905 3254 1975 3307 τά

405 3331 706 3404 πράγματα
735 3340 1018 3408 γραμμαῖς
1049 3340 1450 3411 ὲντεταμέναις,
1486 3325 1839 3414 ἀνομολογίαν
1877 3346 1975 3416 μὲν

403 3419 497 3477 οὖν
532 3424 616 3493 ἐφ’
662 3426 906 3481 ἑκάστων
936 3430 994 3493 ἐς
1021 3431 1087 3485 τὰ
1124 3432 1353 3503 μάλιστα
1391 3437 1551 3506 τηρεῖ
1586 3434 1693 3488 τῶν
1730 3436 1971 3508 ῥυθμῶν.

409 3516 588 3586 ’Ἄκρα
618 3533 678 3569 τε
710 3519 948 3589 πολέμου
990 3524 1189 3598 γράφει
1216 3526 1309 3579 καὶ
1344 3526 1514 3591 τέλος,
1556 3527 1769 3581 ἐοικότα
1800 3528 1970 3600 βάσει,

405 3606 501 3659 καὶ
546 3608 696 3681 χείλη
752 3610 1118 3683 φθεγγόμενα,
1168 3616 1264 3670 καὶ
1310 3618 1502 3686 φωνῶν
1546 3618 1830 3690 ἰδιώματα,
1878 3621 1975 3675 καὶ

405 3697 664 3764 γέλωτας,
710 3701 804 3754 καὶ
829 3701 1158 3774 κλαυθμοὺς,
1190 3706 1223 3776 ἢ
1259 3707 1597 3781 δημηγορίας
1625 3713 1970 3787 ἀρχοντικάς,

405 3788 439 3858 ἢ
484 3787 759 3859 συμπόσια
798 3792 893 3844 καὶ
930 3790 1171 3863 κώμους,
1202 3794 1236 3865 ἢ
1288 3795 1538 3865 βακχίας,
1579 3798 1612 3869 ἢ
1661 3799 1966 3873 τελετάς,ἢ

605 3880 957 3971 ἀκολάστους,
982 3883 1015 3953 ἢ
1048 3884 1330 3956 παροινίας
1367 3887 1656 3958 ἐρωτικὰς,
1689 3890 1723 3960 ἢ
1752 3891 1971 3971 λῃστρι-

406 3966 508 4029 κάς
538 3968 812 4039 ἁρπαγὰς,
842 3968 1103 4042 ἦφθοράς
1130 3972 1480 4044 ἀνηκέστους,
1506 3977 1539 4049 ἢ
1573 3966 1973 4053 σφαγάςάκρίέ

407 4077 552 4124 τους,
602 4060 635 4131 ἢ
683 4061 874 4126 πενίας
922 4063 1257 4136 ὑποκρίσεις,
1297 4066 1330 4138 ἢ
1375 4067 1620 4123 πλούτων
1664 4073 1966 4146 ἐπιρροίας.

406 4149 752 4223 Είκοτολογίᾳ
784 4152 881 4222 μὲν
927 4147 1020 4207 οὖν
1068 4151 1280 4207 ἅπαντα
1309 4158 1716 4230 χαρακτηρίζει,
1757 4177 1973 4234 προσω-

407 4243 607 4296 ποποία
632 4242 690 4296 δὲ
733 4246 1133 4317 προσεμφερεῖς
1174 4244 1478 4318 διαγορεύει
1519 4250 1747 4322 πράξεις
1776 4253 1971 4326 ἀνδρα-

405 4339 545 4399 νεῖς·
578 4337 627 4389 οἱ
650 4335 757 4407 γάρ
789 4354 871 4390 τοι
905 4337 1189 4407 μυθοποιοὶ
1228 4339 1328 4403 τὰς
1364 4340 1605 4413 άνθηράς
1634 4344 1968 4417 ἀναλεγόμε-

405 4447 486 4485 voc
511 4429 683 4495 λέξεις
725 4431 1082 4504 αὑτουργοῦσι
1112 4433 1325 4488 ποικίλα
1368 4437 1673 4506 χρωμάτων
1693 4438 1831 4511 εἴδη,
1874 4442 1967 4495 καὶ¹

2078 3254 2291 3317 partem
2337 3242 2668 3311 respiciens,
2717 3255 3005 3310 personam
3053 3240 3332 3312 conﬁngit,
3377 3240 3639 3297 imitatio—

2075 3348 2253 3405 neque
2286 3347 2372 3388 res
2419 3333 2566 3403 ipsas
2612 3331 2774 3387 lineis
2823 3331 3063 3386 inductis
3094 3330 3308 3402 ﬁgurat,
3349 3338 3406 3386 et
3434 3331 3489 3386 in
3520 3346 3638 3388 om-

2076 3428 2240 3483 nibus
2262 3426 2631 3496 inaaqualitate
2658 3440 2946 3480 numerum
2970 3424 3226 3480 observat
3258 3425 3634 3495 potissimum;

2076 3520 2268 3589 sicque
2298 3530 2452 3574 ortus
2482 3526 2536 3573 et
2563 3515 2701 3573 ﬁnes
2733 3516 2999 3572 bellorum
3021 3531 3132 3571 non
3167 3515 3392 3572 dissona
3413 3516 3636 3572 basibus

2074 3612 2270 3684 pingit,
2313 3611 2455 3666 labia
2495 3608 2766 3680 loquacia,
2799 3622 2997 3663 vocum
3028 3607 3412 3679 proprietates,
3464 3607 3634 3673 risus,

2073 3705 2348 3776 planctus,
2393 3708 2487 3756 aut
2535 3701 2831 3756 conciones
2863 3698 3192 3771 principum,
3223 3699 3495 3767 convivia,
3527 3699 3636 3754 sal-

2073 3793 2334 3859 tationes,
2386 3792 2602 3847 furores
2639 3789 2953 3856 bacchicos,
3005 3789 3290 3860 mysteria,
3336 3788 3633 3844 ebrietates

2070 3884 2442 3956 turpissimas,
2472 3882 2803 3955 petulantias
2845 3881 3163 3946 amatorias,
3187 3880 3514 3952 {praedonum
3547 3880 3634 3934 dio

2070 3975 2370 4045 reptiones,
2405 3969 2717 4045 deploratas
2746 3972 2944 4036 caedes,
2976 3971 3161 4027 clades
3197 3985 3470 4035 enormes,
3507 3984 3638 4041 pau-

2071 4066 2299 4137 pertatis
2351 4064 2749 4130 simulationes,
2801 4064 3118 4120 divitiarum
3159 4063 3484 4120 aﬁluentias.
3530 4063 3634 4119 De-

2070 4157 2216 4214 eenti
2254 4157 2420 4229 igitur
2463 4157 2711 4213 oratione
2766 4163 2926 4212 notas
2974 4156 3229 4227 apponit,
3272 4162 3326 4212 et
3370 4169 3633 4226 persona-

2070 4265 2195 4305 rum
2244 4249 2463 4305 ﬁctione
2517 4249 2585 4304 ad
2639 4248 2882 4304 actiones
2940 4248 3148 4304 similes
3194 4263 3317 4319 qua:
3360 4248 3507 4303 viros
3535 4245 3632 4301 de-

2069 4352 2216 4407 cent,
2250 4341 2518 4421 designat.
2556 4339 2914 4395 Fabulatores
2942 4340 3146 4410 quippe
3168 4338 3375 4394 ﬂoridis
3406 4339 3633 4395 vocibus

2042 4424 2286 4490 selectis
2313 4432 2496 4488 varias
2523 4432 2768 4487 colorum
2817 4430 3031 4500 species
3053 4429 3361 4503 ~adhihent,
3406 4429 3634 4499 compli-

398 4525 469 4593 τῇ
507 4523 894 4594 προσωποποίᾳ
922 4524 1342 4595 συμπλέκουσιν·
1369 4521 1490 4579 εἶτα
1527 4527 1704 4596 λόγοις
1734 4532 1972 4603 ἐπιχρώ-

2075 4534 2306 4597 cantque
2356 4539 2713 4597 personarum
2762 4522 3006 4590 ﬁctioni;
3060 4522 3320 4592 deinceps
3368 4521 3635 4579 orationis

406 4632 595 4679 σαντες
616 4614 790 4686 ἡδέσι,
826 4616 1003 4669 πᾶσαν
1032 4617 1130 4687 μὲν
1150 4618 1536 4687 ὲπισυνάγουσι
1558 4620 1657 4693 τὴν
1676 4621 1771 4676 τοῦ
1798 4623 1969 4694 μύθου

403 4706 683 4779 διήγησιν*
709 4707 897 4779 ὥσπερ
925 4707 982 4761 δὲ
1012 4708 1370 4782 ξωδιογράφοι
1409 4712 1508 4783 τὴν
1553 4713 1652 4785 τῆς
1682 4713 1857 4785 ὅψεως
1894 4718 1971 4770 εῖ-

403 4801 704 4865 κονίζουσιν
732 4799 902 4873 ὥραν,
930 4801 1177 4874 ὲρυθροῖς
1206 4804 1288 4873 ἡδ’
1314 4804 1546 4870 ἀνθινοῖς
1588 4807 1839 4880 χρώμασι
1863 4827 1967 4881 κη-

405 4892 830 4963 ωγραφοῦντες·
880 4894 1083 4964 ῥήμασι
1135 4895 1191 4948 δὲ
1240 4897 1335 4950 καὶ
1382 4899 1623 4970 σχήμασι
1668 4902 1968 4972 μελοποιεῖν

403 4987 765 5056 ἐπειγόμενοι,
796 4988 1147 5060 χαρακτῆρας
1170 4987 1385 5053 ὑλικοὺς
1414 4990 1557 5063 ἔργῳ
1590 4993 1690 5063 τῆς
1712 4995 1966 5065 ἀληθείας

403 5078 573 5148 αὐτῆς
620 5078 955 5132 ἀποδέουσιν.
1002 5078 1140 5131 Ἀλλ’
1188 5073 1333 5134 οὗτοι
1373 5080 1470 5152 μέν
1511 5099 1593 5135 τοι
1637 5084 1810 5156 τούτῳ
1842 5102 1964 5138 ποι-

402 5170 642 5224 κίλλουσι
668 5171 853 5242 τρόπῳ
878 5171 975 5235 τάς
1001 5171 1109 5224 τῶν
1140 5171 1323 5242 μύθων
1356 5174 1569 5238 εἰκόνας
1588 5192 1602 5205 ·
1635 5176 1880 5231 ἐντεῦθεν
1908 5177 1966 5231 δὲ

406 5260 636 5331 μουσική
672 5278 755 5323 τις
787 5261 1019 5332 ἁρμονία
1049 5263 1380 5329 συνίσταται,
1415 5266 1511 5319 καὶ
1538 5266 1826 5337 ποιητικῆς
1850 5269 1966 5345 οίηέ

405 5352 651 5416 σικοπίας
686 5350 920 5424 εὕρεσις.

470 5526 702 5583 XXVIII.
746 5528 960 5600 Ἀμέλει
989 5529 1121 5599 γοῦν
1151 5530 1500 5604 ἐρωτώμενος
1525 5537 1554 5588 ὀ
1580 5534 1803 5590 Πλάτων
1828 5551 1958 5608 μου·

403 5620 560 5691 σικῆς
603 5620 703 5692 μὲν
730 5617 867 5674 εἶναι
909 5620 1100 5690 λόγους
1126 5621 1383 5694 ὁρίζεται,
1428 5625 1630 5694 λέγων·
1663 5628 1865 5700 Λόγων
1892 5625 1960 5681 δὲ

400 5711 600 5767 διττὸν
639 5708 827 5780 εἶδος,
861 5713 962 5787 ἔφη
980 5758 994 5780 ,
1054 5715 1118 5768 τὸ
1162 5714 1279 5784 μὲν
1329 5717 1549 5785 ἀληθὲς
1566 5759 1580 5783 ,
1614 5719 1838 5789 ψεῦδος
1892 5719 1961 5772 δὲ

402 5804 671 5869 θάτερον·
706 5805 1053 5862 παιδευτέον
1088 5806 1156 5862 δὲ
1190 5808 1260 5863 ὲν
1302 5808 1673 5877 ἀμφοτέροις,
1708 5811 1866 5867 ἀλλά
1896 5830 1960 5877 γε

2072 4619 2339 4675 suavitate
2371 4616 2765 4672 adumbrantes
2798 4630 3015 4671 omnem
3043 4613 3260 4685 quidem
3293 4613 3489 4669 fabulae
3508 4628 3635 4668 nar-

2069 4711 2334 4766 rationem
2389 4708 2705 4780 expediunt.
2757 4707 2824 4762 Et
2860 4707 3028 4762 veluti
3080 4707 3361 4777 signorum
3398 4705 3635 4776 pictores

2078 4812 2330 4874 aspectus
2363 4800 2826 4873 pulchritudinem
2863 4798 3049 4854 rubeis
3078 4797 3395 4868 ﬁoridisque
3435 4798 3637 4853 colori«

2069 4894 2194 4959 bus,
2226 4896 2290 4948 ac
2320 4892 2363 4947 si
2396 4906 2521 4946 cera
2551 4890 2858 4961 pingerent,
2886 4888 3267 4959 distinguunt;
3298 4888 3480 4943 verbis
3504 4889 3631 4944 item

2071 4986 2366 5056 ﬁgurisque
2389 4984 2516 5038 dum
2550 4996 2838 5036 numerum
2881 4981 3297 5037 accommodare
3337 4992 3629 5052 coguntur,

2069 5077 2482 5134 cliaracteribus
2522 5075 2860 5146 pinguibus,
2914 5074 3161 5131 veritatis
3212 5091 3414 5140 causa,
3470 5077 3629 5146 quasi

2068 5171 2420 5241 compedibus
2462 5169 2728 5223 vinciunt.
2787 5167 2856 5221 At
2906 5167 2962 5221 bi
3010 5167 3229 5238 quidem
3275 5168 3375 5222 hac
3417 5168 3630 5222 ratione

2067 5262 2374 5317 fabularum
2409 5260 2673 5332 imagines
2715 5269 3002 5316 exornant.
3050 5259 3189 5315 Hinc
3233 5260 3436 5313 musica
3477 5273 3629 5327 qua:-

2069 5356 2192 5410 dam
2235 5353 2522 5408 harmonia
2567 5354 2944 5416 constituitur,
2989 5368 3053 5407 ac
3089 5352 3314 5423 poeticae
3357 5351 3626 5422 imagina-

2070 5448 2234 5504 tionis
2266 5447 2525 5500 inventio.
3211 5514 3215 5519 γ

2134 5535 2373 5594 XXVIII.
2415 5536 2601 5608 Itaque
2632 5537 2786 5592 Plato
2829 5538 3196 5607 interrogatus
3246 5533 3468 5590 musica:
3502 5535 3627 5605 qui-

2066 5630 2186 5686 dem
2230 5629 2528 5684 orationem
2582 5644 2705 5684 esse
2754 5627 3097 5690 determinat,
3139 5625 3326 5682 dicens
3368 5626 3625 5681 orationis

2065 5723 2197 5775 duas
2229 5736 2341 5774 esse
2368 5721 2584 5786 species,
2632 5735 2794 5771 unam
2823 5733 3016 5778 veram,
3048 5716 3272 5771 alteram
3300 5717 3531 5786 falsam;
3565 5719 3621 5772 in

2066 5811 2301 5881 utrisque
2332 5823 2448 5865 vero
2475 5806 2851 5863 instituendum
2877 5805 3133 5877 (civitatis
3162 5808 3489 5880 custodem),
3529 5811 3620 5865 sed
