4090 6288
430 378 527 432 6⁸71

1412 374 1471 430 S.
1514 367 1883 429 EUSTATIIII
1911 366 2216 426 EPISCOPI
2254 366 2673 424 ANTIOCHI-3M

3559 366 3669 422 672

431 498 659 566 primum
679 494 886 567 quidem
916 493 967 546 in
1011 490 1323 548 mendaciis.
1355 490 1517 546 Prius
1539 490 1741 561 quippe
1778 489 1996 544 dixerat

2106 487 2383 553 πρότερον
2400 484 2470 538 ἐν
2493 484 2616 551 τοῖς
2647 482 2928 553 ψεύδεσι·
2962 485 3382 554 προηγουμέιως
3402 480 3511 553 γὰρ
3543 477 3669 535 εἷπε

431 605 633 662 pueros
662 586 964 642 fabularum
996 591 1161 637 cantu
1188 583 1430 640 del-iniri.
1464 581 1653 651 itaque
1674 581 1730 633 in
1754 595 1995 650 unaqua-

431 697 599 753 quere
634 679 922 733 maximum
961 687 1040 731 est
1075 685 1230 747 atque
1259 672 1756 745 prmstantissimum
1792 669 1994 741 princi-

431 788 612 843 pium;
637 770 965 835 potissimum
985 785 1104 823 vero
1115 768 1296 838 juveni
1320 775 1370 820 et
1392 774 1565 819 tenero
1588 762 1819 817 cuilibet.
1852 762 1996 817 Tunc

432 868 571 919 enim
610 861 838 915 maxime
872 859 1138 929 formatur
1165 867 1216 913 et
1247 857 1517 911 inducitur
1548 856 1724 927 ﬁgura
1756 855 1871 924 ejus
1896 855 1993 921 rei,

432 954 589 1023 quam
625 951 742 1021 quis
777 950 1057 1020 unicuique
1088 947 1385 1017 imprimere
1423 955 1576 1016 atque
1618 944 1893 1016 obsignare
1922 960 1999 998 ue.

435 1045 511 1101 lit.
536 1044 744 1110 Quibus
771 1042 934 1098 dictis
978 1041 1112 1097 illud
1142 1047 1375 1096 conatur
1417 1039 1727 1104 ostendere,
1771 1039 1996 1095 minime

434 1151 555 1192 esse
579 1135 948 1191 necessarium
972 1132 1281 1188 immodicis
1300 1131 1564 1202 purisque
1583 1129 1883 1185 mendaciis
1899 1129 1961 1199 ju
1979 1157 1993 1169 -

433 1242 634 1282 venum
660 1227 876 1282 animos
901 1240 1208 1296 occupare;
1236 1239 1363 1280 cum
1392 1237 1514 1294 quae
1535 1221 1781 1292 puerulis
1806 1236 1995 1276 recen-

434 1315 663 1372 tioribus
692 1331 873 1387 pravze
895 1315 1171 1387 opinionis
1197 1324 1341 1371 nota:
1363 1313 1768 1385 imprimuntur,
1799 1312 1890 1368 vix
1913 1311 1998 1366 di-

432 1406 561 1461 velli
597 1415 692 1459 aut
732 1406 936 1462 aboleri
981 1406 1215 1477 possint.
1246 1404 1589 1475 Quapropter
1632 1404 1844 1458 ratione
1886 1417 1995 1457 non

435 1496 740 1566 interrupta
767 1496 988 1553 subdit:
1014 1495 1221 1550 Adeone
1257 1495 1412 1564 facile
1447 1493 1808 1563 permittemus
1843 1509 1999 1563 quas-

435 1584 559 1638 libet
578 1584 788 1654 fabulas
806 1603 838 1639 a
851 1585 1162 1657 quibuslibet
1182 1601 1274 1655 pro
1291 1583 1552 1637 arbitratu
1568 1584 1801 1637 inventas
1816 1580 1999 1636 audire

434 1692 645 1746 pueros,
676 1695 864 1748 easque
887 1679 1349 1747 animosuscipere
1370 1678 1634 1746 opiniones
1657 1694 1772 1748 qua:
1799 1685 1855 1730 ut
1880 1676 1998 1745 plu-

438 1770 627 1823 rimum
668 1780 789 1825 sunt
826 1771 890 1824 iis
921 1772 1223 1834 contrariae,
1271 1787 1404 1840 quas
1445 1769 1532 1824 ubi
1560 1769 1629 1823 ad
1672 1777 1998 1823 constantem

2096 578 2167 632 τά
2213 579 2403 633 παιδία
2454 576 2847 647 καταλέγεσθαι
2901 576 3083 646 μύθων
3132 576 3375 648 ἐπαοιδῇ.
3432 574 3669 630 Οὐκοῦν

2096 669 2254 739 ἀρχὴ
2302 669 2529 737 παντὸς
2571 670 2748 740 ἔργου
2772 666 3093 737 μέγιστον·
3121 665 3320 732 ἄλλως
3342 682 3406 719 τε
3426 666 3521 720 καὶ
3550 664 3669 731 νέῳ

2099 762 2195 815 καὶ
2227 760 2439 826 ἁπαλῷ
2470 760 2696 827 ὁτῳοῦν
2715 778 2728 790 ·
2759 760 3025 829 μάλιστα
3055 758 3163 829 γὰρ
3196 757 3272 827 δὴ
3309 758 3442 828 τότε
3479 756 3671 813 πλάτ-

2097 869 2255 906 τεται
2298 853 2395 906 καὶ
2447 851 2719 906 ἐνδύεται
2771 852 2977 917 τύπος,
3008 849 3080 905 ὃν
3109 850 3190 904 ἄν
3243 868 3333 917 τις
3378 850 3672 915 ,βούλεται

2097 943 2549 1012 ἐνσημήνασθαι
2584 942 2836 1008 ἑκάστῳ.
2877 942 2976 996 Διά
3019 942 3075 995 δὲ
3112 941 3220 995 τῶν
3259 940 3514 995 τοιούτων
3547 957 3670 995 πει-

2101 1036 2261 1107 ρᾶται
2314 1036 2522 1105 ῥήσεων
2574 1034 2887 1104 ἐκφαίνειν,
2932 1034 3007 1098 ὡς
3037 1036 3095 1088 οὺ
3144 1033 3320 1107 χρεὼν
3367 1034 3432 1090 ἂν
3463 1036 3547 1108 εῐη
3601 1052 3669 1105 γε

2097 1126 2482 1198 ψευδηγορίαις
2525 1126 2804 1181 ὲπαντλεῖν
2836 1126 3092 1198 ἀκράτοις
3123 1126 3220 1189 τὰς
3253 1125 3360 1180 τῶν
3397 1125 3667 1198 νεηλύδων

2100 1219 2302 1283 ἀκοάς·
2331 1219 2514 1291 ἐπειδὴ
2552 1222 2664 1281 τοῖς
2693 1218 2891 1289 ἀρτίως
2932 1218 3381 1290 ἐνσημαινόμενοι
3421 1215 3667 1291 μείραξιν

2098 1314 2147 1365 οἱ
2182 1312 2377 1366 κτύποι
2431 1312 2530 1381 τῆς
2574 1311 2891 1377 κακοδοξίας
2922 1312 3284 1383 ἀμετάστατοι
3328 1311 3537 1381 φιλοῦσι
3577 1310 3665 1379 γί-

2101 1403 2284 1458 νεσθαι
2326 1403 2420 1455 καὶ
2450 1402 2790 1455 δυσέκνιπτοι
2810 1419 2822 1432 ·
2870 1402 3059 1473 διόπερ
3087 1401 3389 1466 ἀκολούθως
3419 1399 3669 1473 ἐπιφέρει

2101 1494 2290 1549 πάλιν·
2330 1491 2451 1562 Ἆρ’
2494 1490 2608 1548 οὖν
2645 1493 2866 1562 ῥᾳδίως
2908 1494 3059 1547 οὕτω
3107 1492 3488 1563 παρήσομεν,
3526 1492 3664 1564 ἔφη,

2101 1586 2242 1653 τοὺς
2277 1586 2670 1654 ἐπιτυχόντας
2697 1585 2815 1641 ὑπὸ
2858 1585 2977 1639 τῶν
3006 1585 3408 1654 ἐπιτυχόντων
3438 1585 3669 1655 μύθους

2102 1677 2484 1742 πλασθέντας
2503 1676 2746 1731 ἀκούειν
2773 1674 2913 1742 τοὺς
2946 1674 3179 1742 παῖδας,
3211 1675 3309 1728 καὶ
3341 1672 3667 1744 λαμϐάνειν

2101 1767 2172 1821 ἐν
2209 1767 2338 1834 ταῖς
2370 1766 2615 1837 ψυχαῖς,
2639 1767 2717 1832 ὠς
2748 1766 2846 1819 ἐπὶ
2882 1764 2948 1820 τὸ
2982 1766 3139 1819 πολὺ
3181 1766 3458 1832 ἐναντίας
3482 1765 3668 1833 δόξας

438 1870 642 1915 tetatem
671 1863 1013 1930 pervenerint,
1044 1862 1231 1918 habere
1258 1862 1378 1917 illos
1417 1861 1600 1917 debere
1636 1860 2001 1917 arbilramur?

2106 1859 2354 1924 ἐκείναις
2374 1857 2466 1925 ἂς,
2487 1857 2730 1911 ἐπειδὰν
2750 1856 3156 1923 τελειωθῶσιν,
3172 1856 3334 1927 ἔχειν
3347 1858 3668 1927 οἰησόμεθα

440 1951 494 2005 Ν
501 1953 607 2006 ιιίίο
640 1955 692 2006 id
727 1953 934 2024 quidem
959 1953 1133 2019 modo,
1163 1953 1322 2019 dixit,
1344 1957 1726 2025 permittemus.
1756 1953 1999 2008 Primum

436 2045 642 2114 quidem
675 2046 1022 2100 constituendi
1044 2055 1165 2101 sunt
1188 2045 1574 2116 fabulatoribus
1603 2046 1712 2100 illis
1737 2062 1998 2112 censores,

436 2139 545 2208 qui,
578 2139 626 2193 si
661 2156 815 2209 quam
846 2140 929 2193 illi
958 2140 1148 2194 bonam
1175 2139 1415 2210 fabulam
1444 2139 1681 2209 fecerint,
1717 2151 1999 2195 excernunt

437 2237 592 2299 atque
611 2228 855 2300 seligant,
887 2230 1060 2285 malas
1092 2239 1268 2284 autem
1295 2228 1568 2299 repudient
1594 2229 1771 2284 eodem
1799 2230 1892 2283 illo
1907 2229 2002 2298 ju-

436 2318 573 2373 dicio
601 2329 755 2389 atque
781 2321 1039 2375 examine.
1072 2320 1218 2386 Quas
1246 2336 1362 2374 vero
1392 2319 1607 2389 fabulas
1631 2336 1659 2373 e
1685 2328 2000 2373 cwterarum

438 2424 649 2462 numero
682 2411 1045 2474 exemerimus,
1081 2408 1323 2463 dabimus
1358 2426 1571 2479 operam
1601 2417 1657 2462 ut
1678 2420 1729 2463 et
1771 2408 1999 2462 nutrices

436 2511 486 2553 et
530 2508 722 2554 matres
753 2502 928 2569 pueris
970 2518 1061 2556 eas
1093 2512 1493 2558 commemorent
1520 2511 1617 2557 :ut
1665 2502 1770 2556 illis
1801 2501 2000 2571 fabulis

436 2592 610 2659 potius
648 2591 997 2661 informentur
1036 2602 1188 2664 atque
1220 2594 1565 2647 instituantur
1596 2609 1777 2648 eorum
1809 2593 2001 2656 animi,

439 2700 596 2753 quam
618 2700 836 2753 corpora
872 2684 1112 2740 manibus
1134 2694 1400 2741 curentur.
1429 2686 1498 2739 At
1527 2701 1591 2740 ex
1613 2688 1677 2739 iis
1701 2702 1832 2756 quas
1862 2702 2004 2741 nunc

373 2833 377 2837 _
438 2786 866 2841 commemorant,
892 2777 1071 2831 multa:
1091 2764 1242 2831 erunt
1265 2778 1623 2848 repudiandte.
1651 2777 1855 2834 Deinde
1872 2793 2001 2833 cum

440 2866 507 2920 de
546 2882 733 2920 earum
785 2881 883 2938 pro
913 2868 1124 2922 ratione
1174 2867 1495 2924 dill'erentiis
1546 2869 2003 2939 interrogaretur,

443 2956 511 3011 In
533 2957 842 3027 majoribus,
868 2958 1103 3026 dicebat,
1136 2959 1331 3029 fabulis
1354 2968 1402 3012 et
1442 2960 1667 3014 minores
1690 2959 2003 3014 uidebimus.

441 3046 578 3102 Cum
611 3062 803 3101 rursus
841 3046 1186 3110 Adimantus,
1227 3064 1320 3103 eas
1347 3064 1405 3102 se
1434 3064 1542 3102 non
1573 3048 1871 3118 intelligere
1911 3048 2000 3102 in-

443 3154 640 3202 nitens,
679 3147 969 3209 quaereret,
1014 3141 1336 3195 subintulit:
1373 3141 1518 3207 Quas
1553 3149 1602 3195 et
1648 3140 1908 3194 Hesiodus
1953 3150 2002 3195 et

2097 1950 2226 2006 δεῖν
2254 1950 2475 2018 αῠτάς;
2504 1950 2640 2005 Οὐδ’
2671 1950 3028 2014 ὁπωστιοῦν,
3052 1950 3262 2023 εἴρηκε,
3291 1949 3665 2021 παρήσομεν.

2096 2045 2340 2115 Πρῶτον
2386 2045 2503 2115 μὲν
2547 2043 2690 2115 ἡμῖν
2734 2045 2814 2110 ὡς
2857 2044 3052 2098 ἔοικεν
3088 2044 3516 2112 ἐπιστατητέον
3545 2043 3669 2110 τοῖς

2092 2137 2471 2208 μυθοποιοῖς·
2516 2137 2613 2191 καὶ
2660 2136 2731 2190 ὃν
2754 2135 2891 2206 μὲν,
2931 2136 3008 2191 ἂν
3038 2137 3226 2191 καλὸν
3260 2136 3455 2206 μῦθον
3496 2134 3668 2203 ποιή-

2098 2244 2311 2294 σωσιν,
2357 2229 2690 2299 ἐγκριτέον·
2723 2228 2795 2283 ὃν
2843 2227 2911 2282 δέ
2942 2229 3063 2298 μὴ,
3096 2230 3481 2298 ἀποκριτέον·
3529 2228 3669 2295 τοὺς

2099 2321 2168 2376 δὲ
2195 2323 2573 2392 ἐγκριθέντας
2624 2321 2954 2393 ποιήσομεν
3002 2322 3109 2387 τὰς
3153 2321 3409 2389 τροφούς
3457 2337 3520 2375 τε
3569 2320 3667 2377 καὶ

2094 2416 2359 2486 μητέρας
2419 2416 2621 2486 λέγειν
2671 2414 2797 2480 τοῖς
2850 2414 3050 2479 παισὶ,
3098 2415 3192 2468 καὶ
3240 2413 3526 2469 πλάττειν
3564 2413 3669 2479 τὰς

2098 2509 2304 2577 ψυχὰς
2350 2507 2549 2562 αὐτῶν
2603 2506 2726 2574 τοῖς
2756 2508 2988 2577 μύθοις,
3023 2506 3179 2560 πολὺ
3224 2503 3465 2576 μᾶλλον
3506 2504 3545 2575 ἢ
3598 2505 3669 2560 τὰ

2100 2598 2343 2669 σώματα
2389 2599 2518 2665 ταῖς
2549 2599 2789 2667 χερσίν·
2834 2593 2922 2653 ὧν
2957 2597 3025 2651 δὲ
3079 2598 3196 2652 νῦν
3244 2597 3490 2667 λέγουσι
3526 2596 3668 2663 τοὺς

2100 2691 2367 2757 πολλοὺς
2395 2691 2739 2759 ἐκϐλητέον.
2763 2686 2896 2745 Εἶτα
2926 2689 3113 2761 ἐπειδὴ
3147 2690 3274 2761 περὶ
3299 2689 3396 2760 τῆς
3426 2689 3669 2743 ἑκάστων

2101 2778 2364 2848 ἀναλόγου
2397 2780 2659 2851 διαφορᾶς
2687 2778 3056 2852 ἐρωτώμενος,
3105 2782 3206 2833 Ἐν
3236 2779 3358 2846 τοῖς
3382 2779 3668 2849 μείζοσιν,

2100 2870 2302 2939 ἔφασκε
2324 2912 2339 2934 ,
2383 2874 2597 2941 μύθοις
2637 2870 3130 2942 ἀναγνωρίζεσθαι
3178 2872 3318 2938 τοὺς
3349 2872 3668 2938 ἐλάττους·

2099 2962 2176 3025 ὼς
2210 2963 2375 3035 ἤρετο
2403 2961 2564 3017 πάλιν
2602 2965 2631 3017 ὁ
2668 2964 3032 3034 Ἀδείμαντος,
3063 2963 3181 3019 οὐδὲ
3220 2963 3439 3027 τούτους
3477 2962 3671 3017 εἰδέναι

2099 3049 2295 3123 δηλῶν,
2330 3048 2486 3115 αὖθις
2528 3051 2933 3121 ἀνθυπενέγκας
2984 3052 3199 3122 ἔφησεν·
3251 3052 3369 3120 Οὓς
3407 3051 3671 3118 Ἡσίοδός

2100 3161 2183 3209 τε,
2240 3138 2431 3207 εἷπον,
2459 3145 2555 3198 καὶ
2598 3145 2858 3214 Ὄμηρος
2887 3142 3030 3212 ἡμῖν
3048 3143 3345 3214 ἐλεγέτην·
3375 3139 3539 3198 οὗτοι
3563 3142 3670 3212 γάρ

444 3230 707 3286 Homerus
759 3232 908 3287 nobis
958 3243 1453 3288 commemorarunt.
1521 3232 1594 3287 Hi
1634 3234 1773 3288 enim
1830 3231 2001 3302 falsas

2106 3249 2218 3286 που
2246 3234 2475 3302 μύθους
2506 3233 2834 3302 ἀνθρώποις
2855 3233 3097 3303 ψευδεῖς
3126 3231 3505 3297 συντιθέντες
3536 3231 3667 3285 ἕλε-

440 3324 699 3395 quasdam
742 3324 955 3393 fabulas
975 3324 1279 3392 efﬁnxerunt
1312 3341 1444 3394 quas
1484 3324 1779 3380 hominibus
1811 3339 2008 3393 propo—

443 3426 642 3478 nerent,
686 3424 737 3469 et
775 3432 890 3485 qua:
914 3415 1034 3485 jam
1065 3415 1191 3469 olim
1240 3415 1595 3484 innatuerunt,
1646 3426 1802 3486 atque
1841 3415 2007 3470 etiam

443 3523 581 3562 nunc
609 3506 861 3561 obtinent.

514 3598 704 3655 XXIX.
747 3598 932 3669 Itaque
967 3598 1015 3654 si
1050 3596 1266 3652 Homeri
1298 3598 1542 3652 carmina
1574 3603 1738 3667 atque
1784 3596 2005 3655 Hesiodi

441 3691 657 3749 fabulas
684 3691 852 3748 falsas
881 3690 1100 3755 fatetur,
1147 3706 1269 3760 qua:
1299 3690 1643 3761 potissimum
1682 3691 2006 3750 eruditionis

441 3803 609 3843 causa
639 3786 915 3842 auditores
939 3784 1232 3851 delectant,
1265 3786 1400 3855 quin
1431 3793 1487 3840 et
1526 3786 1785 3841 dictionis
1808 3795 2006 3842 ornatu

443 3887 678 3935 mentem
706 3877 773 3932 ad
797 3878 1090 3950 perfectam
1121 3879 1484 3948 eloquentiam
1515 3879 1777 3943 excitant,
1801 3887 2008 3948 quanto

445 3974 615 4045 magis
645 3988 926 4028 sermones
958 3972 1082 4027 illos
1112 3988 1249 4042 quos
1290 3971 1527 4027 fanatica
1557 3972 1756 4028 mulier
1787 3971 2005 4034 ell'utiit,

445 4068 617 4122 malas
673 4066 886 4123 tabulas
948 4082 1102 4130 esse,
1148 4082 1349 4138 easque
1392 4067 1653 4135 fallaces,
1710 4068 2006 4136 fatebitur,

446 4155 666 4226 quando
687 4166 741 4211 et
784 4156 1202 4229 Engastrimythi
1232 4174 1431 4216 nomen
1464 4161 1644 4231 ipsum
1672 4162 1780 4218 hoc
1812 4162 2010 4234 praedi-

446 4255 555 4304 cat.
594 4248 765 4303 Graeci
792 4251 960 4313 enim,
985 4251 1078 4320 qui
1110 4251 1390 4305 nominum
1420 4254 1688 4324 cujusque
1716 4255 1797 4310 rei
1837 4256 2012 4326 impo-

447 4343 703 4398 sitionem
752 4349 1006 4396 accurata
1058 4344 1439 4415 exquisitaque
1489 4346 1766 4417 diligentia
1804 4349 2012 4403 exami-

448 4442 599 4496 nant,
632 4433 688 4487 in
715 4450 780 4489 ea
813 4434 992 4505 lingua
1024 4435 1271 4489 ﬁctiones
1298 4436 1463 4493 falsas
1490 4437 1712 4507 μύθους,
1736 4440 1790 4494 id
1812 4447 1897 4496 est
1926 4440 2010 4509 fa-

2103 3326 2210 3394 γύν
2237 3342 2302 3378 τε
2326 3326 2423 3379 καὶ
2451 3325 2758 3388 λέγουσιν.

2176 3610 2367 3667 XXIX.
2408 3612 2469 3664 Ei
2500 3611 2555 3665 δὲ
2579 3612 2756 3665 τοίνυν
2794 3612 3032 3683 Ὀμήρου
3061 3609 3128 3663 τὰ
3160 3608 3263 3680 ἐπη
3294 3608 3388 3661 καὶ
3426 3608 3668 3663 Ἡσιόδου

2111 3702 2308 3774 μύθους
2329 3702 2618 3773 ἀποφαίνει
2649 3701 2881 3772 ψευδεῖς,
2910 3702 2946 3755 ὃ.
2972 3702 3028 3755 δὲ
3052 3701 3145 3754 καὶ
3173 3700 3403 3772 μάλιστα
3426 3701 3518 3753 καί
3546 3717 3673 3753 παι-

2105 3792 2251 3857 δείας
2274 3793 2435 3847 ἕνεκα
2462 3793 2779 3864 ψυχαγωγεῖ
2813 3793 2935 3855 τοὺς
2960 3790 3289 3862 αὑτηκόους,
3306 3790 3365 3842 οὐ
3406 3788 3508 3861 μὴν
3538 3789 3673 3844 ἀλλά

2106 3902 2171 3954 γε
2195 3888 2290 3939 καὶ
2316 3884 2623 3956 καλλιλεξίᾳ
2645 3883 2900 3955 διεγείρει
2919 3883 2979 3936 τὸ
2999 3883 3252 3957 φρόνημα
3286 3880 3420 3952 πρὸς
3443 3879 3673 3949 εὐγλωτ-

2107 3977 2228 4030 τίαν
2264 3977 2484 4049 ἐντελῆ·
2529 3977 2681 4047 πόσῳ
2731 3975 2796 4047 δὴ
2827 3973 3025 4047 μᾶλλον
3074 3974 3233 4037 ὅσους
3279 3976 3312 4044 ἡ
3363 3969 3672 4043 δαιμονῶσα

2108 4068 2281 4140 γραῦς
2317 4068 2696 4139 ἀπεφθέγξατο
2739 4067 2927 4136 λόγους
2958 4066 3077 4136 οὐχὶ
3121 4063 3438 4137 μυθοποιίας
3469 4060 3672 4134 ὁρεῖταί

2108 4182 2192 4229 τις
2220 4160 2357 4217 εἶναι
2385 4163 2617 4233 ψευδεῖς,
2658 4161 2890 4231 ὁπηνίκα
2930 4159 3024 4213 καὶ
3060 4158 3296 4230 τοῦνομα
3327 4158 3427 4228 τῆς
3477 4159 3673 4228 Erra-

2108 4256 2431 4323 στριμύθου
2494 4252 2681 4306 τοῦτον
2734 4250 3060 4322 ὑπαγορεύει
3111 4251 3203 4304 τὸν
3247 4250 3410 4316 νοῦν;
3457 4249 3518 4304 Οἱ
3566 4250 3689 4321 γὰρ.

2123 4345 2386 4417 Ἐλλήνων
2429 4345 2635 4410 παῖδες,
2668 4347 2718 4397 οί
2752 4348 2844 4400 καὶ
2873 4346 2970 4409 τὰς
3007 4341 3416 4415 ὀνοματοποιίαις
3444 4342 3672 4394 ἑκάστου
3715 4405 3721 4410 Δ

2112 4437 2436 4508 πράγματος
2481 4436 2832 4509 ἀκριϐοῦντες
2869 4439 2926 4490 ὲν
2970 4439 3034 4508 τῇ
3072 4434 3277 4488 Ἐλλάδι
3327 4436 3507 4505 φωνῇ,
3543 4433 3679 4488 πλά-

449 4526 625 4589 bulas,
672 4527 967 4597 appellant.
1002 4527 1261 4598 Sequitur
1284 4544 1414 4600 ergo
1440 4544 1554 4585 rem
1585 4531 1758 4602 ipsam
1800 4547 1868 4587 ex
1910 4548 2004 4588 ιιο·

2114 4544 2296 4599 σματα
2317 4527 2487 4598 ψευδῆ
2507 4528 2632 4592 τοὺς
2667 4527 2865 4598 μύθους
2891 4525 3262 4599 ὀνομάζουσιν,
3292 4525 3583 4580 ἀκόλουθον
3611 4526 3677 4579 ἐκ

450 4618 598 4671 mitte
640 4634 750 4688 quo
797 4620 1013 4688 proprie
1046 4620 1384 4689 nominatur,
1431 4626 1770 4693 conspicere.
1817 4623 2005 4695 Αἰδορί

450 4708 666 4779 quidem
698 4708 906 4763 ludicra
933 4710 1139 4765 similes
1166 4725 1277 4781 pra:
1312 4725 1371 4766 se
1400 4710 1581 4768 l‘erunt
1610 4710 1915 4767 fabularum
1950 4712 2013 4766 li-

452 4802 683 4864 ctiones,
730 4816 867 4871 quas
910 4802 1062 4871 pueri
1093 4802 1149 4858 in
1194 4803 1337 4861 ludis
1370 4803 1550 4861 facere
1596 4804 1911 4876 urbaneque
1934 4803 2014 4875 jo-

450 4894 627 4949 eandn
674 4897 926 4959 recitant,
971 4904 1026 4952 et
1071 4913 1210 4954 anus
1246 4898 1615 4972 Corybantum
1667 4913 1820 4953 more
1861 4900 2011 4954 insa-

450 4987 666 5043 nientes
719 4988 941 5058 garrulo
989 5004 1242 5046 sermone
1297 4991 1627 5057 decantant;
1684 4990 2013 5061 quandoque

450 5080 616 5134 etiam
648 5078 775 5134 dum
810 5079 925 5134 haec
957 5092 1142 5151 agunt,
1175 5084 1324 5155 larga
1354 5085 1479 5139 vina
1515 5084 1724 5156 gutturi
1755 5083 2012 5147 fundunt,

451 5170 720 5241 calicique
751 5178 806 5226 et
843 5171 1048 5242 potioni
1082 5174 1301 5230 intenta:
1344 5177 1544 5231 mirum
1592 5185 1859 5248 quantum
1892 5177 2013 5232 blo-

455 5271 654 5319 terant.
686 5262 788 5330 Qui
818 5278 951 5317 vero
979 5264 1334 5336 philosophiae
1368 5284 1548 5325 mores
1578 5270 1821 5340 apprime
1852 5269 2016 5339 proli-

455 5366 658 5420 tentur,
686 5362 742 5411 et
772 5370 929 5411 veras
973 5356 1250 5413 Musarum
1300 5362 1603 5423 cautiones,
1658 5364 1822 5418 veluti
1857 5363 2017 5418 falso-

456 5465 575 5503 rum
609 5450 1100 5506 l'abnlamentorum
1130 5448 1362 5519 species,
1412 5452 1489 5505 uti
1522 5467 1619 5520 par
1648 5462 1752 5515 est,
1792 5468 2016 5508 accusa-

459 5541 605 5596 bant.

530 5632 696 5689 XXX.
739 5636 795 5691 Si
842 5652 1040 5691 nomen
1088 5637 1270 5706 itaque
1304 5636 1480 5706 ipsum
1515 5646 1660 5692 recte
1705 5638 1775 5694 de
1809 5655 1867 5693 re
1898 5638 2015 5706 ipsa

462 5726 695 5791 positum
722 5738 825 5793 est,
857 5729 1347 5800 engastrimytltum.
1381 5729 1568 5798 utique
1610 5729 1722 5783 haec
1751 5730 2017 5799 engastri-

463 5815 680 5881 mythus
721 5818 1002 5877 ell‘urmare
1052 5822 1284 5878 videtur.
1327 5822 1508 5893 Neque
1545 5822 1688 5877 enim
1722 5838 1750 5874 a
1784 5820 2018 5876 naturali

2112 4619 2204 4673 τοῦ
2236 4619 2496 4690 ὀνόματος
2539 4620 2874 4675 ἐποπτεῦσαι
2904 4621 2967 4674 τὸ
2993 4621 3224 4692 πρᾶγμα
3260 4618 3382 4672 καθ’
3413 4614 3473 4672 οὗ
3517 4619 3675 4672 τέτα-

2112 4729 2237 4766 κται
2259 4711 2461 4784 κυρίως
2478 4728 2492 4741 ·
2522 4711 2633 4765 ἀλλ’
2658 4713 2716 4765 αἱ
2745 4712 2841 4783 μὲν
2865 4712 3114 4766 Αἰσώπου
3137 4712 3432 4781 λογοποιίαι
3454 4710 3679 4766 τοιαῦτα

2115 4805 2298 4877 μύθων
2327 4805 2473 4858 ἴσασι
2498 4804 2811 4877 πλάσματα,
2837 4800 2926 4859 οἶα
2963 4806 3057 4859 καὶ
3089 4805 3157 4859 τὰ
3191 4805 3446 4877 μειράκια
3477 4804 3675 4857 πολλα-

2112 4898 2223 4969 χῶς
2257 4900 2314 4951 ἐν
2340 4900 2460 4960 ταῖς
2491 4897 2726 4961 παιδιαῖς
2765 4896 3118 4967 ἀστεῖζόμενα
3147 4896 3350 4962 παίζει,
3377 4896 3470 4949 καὶ
3498 4897 3676 4967 Κορυ-

2115 4990 2410 5047 6αντιῶσαι
2442 4991 2630 5061 γραῖαι
2668 4988 2913 5052 κωτίλοις
2945 4989 3199 5060 ἐπᾴδουσι
3225 4988 3401 5057 λόγοις
3420 5006 3433 5018 ·
3458 4987 3567 5041 ἐσθ’
3589 4989 3688 5047 ὅτε,

2113 5084 2287 5139 ταῦτα
2316 5083 2512 5155 δρῶσιν
2545 5084 2670 5154 οἴνῳ
2701 5082 2798 5152 μὲν
2855 5081 3237 5153 ἐπιϐρέχουσαι
3284 5082 3375 5135 τὸν
3426 5082 3682 5154 φάρυγγα

2118 5174 2324 5247 συχνῷ·
2373 5175 2557 5229 κύλικι
2597 5174 2652 5227 δὲ
2706 5174 3066 5244 προσέχουσαι
3110 5173 3257 5244 ποτῷ
3281 5216 3296 5240 ,
3355 5174 3679 5246 φλυαροῦσιν

2114 5267 2393 5338 ἀμέτρως·
2447 5267 2497 5318 οί
2543 5262 2789 5335 μέντοιγε
2835 5261 3146 5333 φιλοσοφίας
3204 5262 3308 5334 ηθη
3357 5260 3677 5334 πρεσϐεύειν

2116 5355 2435 5426 ἡγούμενοι,
2478 5354 2571 5409 καὶ⁸
2622 5352 2723 5416 τὰς
2746 5351 3052 5423 ἐμμούσους
3097 5353 3342 5424 ποιήσεις
3391 5347 3478 5405 οἷα
3512 5350 3691 5422 ψευδῆ.

2120 5448 2302 5517 μύθων
2335 5447 2450 5519 εἴδη
2491 5445 2786 5513 διέϐαλλον,
2813 5444 2889 5508 ὼς
2912 5443 3046 5498 δέον.

2190 5630 2356 5685 XXX.
2395 5632 2458 5683 Εἰ
2485 5624 2575 5683 οὖν
2614 5627 2742 5681 αὐτὸ
2770 5626 3005 5695 τοῦνομα
3047 5623 3191 5678 κατὰ.
3225 5623 3318 5676 τοῦ
3357 5620 3683 5692 πράγματός,
3730 5664 3735 5673 .

2119 5727 2233 5779 ἐστι
2263 5722 2589 5792 τεταγμένον
2608 5719 2801 5791 ὀρθῶς,
2832 5718 3303 5789 ἐγγαστρίμυθον
3342 5713 3516 5767 ἔοικεν
3546 5713 3678 5765 ἀνα-

2122 5818 2373 5872 πλάττειν
2412 5818 2443 5885 ἠ
2479 5810 2925 5882 ὲγγαστρίμυθος.
2954 5810 3027 5861 Οὐ
3067 5808 3173 5875 γὰρ
3217 5809 3279 5859 ὲκ
3318 5804 3410 5857 τοῦ
3451 5801 3679 5869 φυσικοῦ
