4090 6288
425 354 531 413 675

1499 344 1888 402 ALLOCUTIO
1927 298 2020 399 Al)
2056 340 2623 399 CONSTANTINUM.

3560 344 3664 400 676

427 469 718 545 φθέγγεται
740 464 833 518 νοῦ
862 463 1151 535 σωφρόνως
1170 479 1183 490 ·
1214 460 1325 514 ἀλλ’
1355 462 1414 513 ὲν
1445 464 1557 523 τοῖς
1590 459 1854 513 ἐνδοτάτω
1895 474 1990 529 μο-

2096 469 2340 524 sanaque
2380 462 2558 509 mente
2595 454 2858 524 loquitur,
2902 453 2999 509 sed
3029 454 3084 508 in
3119 453 3327 508 inlimis
3358 454 3661 514 visceribus
3714 508 3721 519 .

426 562 563 637 ρίοις
590 553 922 630 ὲμφωλεύων
951 554 980 606 ὁ
1025 554 1266 625 δαίμων,
1313 551 1484 621 αὐτὴν
1520 552 1834 624 ἐπινέμεται
1853 590 1869 611 .
1898 552 1990 606 καὶ

425 655 652 728 βλάπτει
685 651 786 722 τὴν
829 648 1088 721 φρόνησιν
1108 664 1121 677 ·
1168 650 1234 701 ὲκ
1277 647 1334 701 δὲ
1382 646 1482 717 τῆς
1530 645 1767 717 γαστρὸς
1811 640 1993 718 eam:

426 747 645 821 μυθώδη
679 743 976 816 πλάσματα
1002 741 1314 813 συγκροτῶν
1336 758 1348 770 ο
1384 741 1463 804 είς
1491 739 1709 793 ποικίλα
1741 739 1797 792 δὲ
1830 757 1994 812 μετα-

426 839 798 914 μορφούμενος
831 836 967 908 εἴδη.
1005 835 1279 908 διαφόροις
1315 834 1627 906 ίνδάλμασιν
1654 833 1853 904 ὑπάγει
1893 835 1992 907 τὴν

422 936 619 1006 ψυχήν.
639 930 856 1002 Ἐπειδὴ
882 930 940 983 δὲ
962 927 1318 991 παντοδαποῖς
1340 926 1724 981 ὲναλλάττεται
1753 927 1991 998 σχήμασι

425 1025 851 1096 πολυπρόσωπος
890 1019 996 1085 ῶν,
1029 1020 1178 1074 οὐδὲν
1209 1014 1369 1092 ἦττον
1408 1018 1487 1072 ἔτι
1538 1018 1631 1072 καὶ.
1667 1019 1732 1071 ἐκ
1764 1018 1865 1087 τῆς
1888 1017 1993 1087 γῆς

424 1116 736 1174 ἀναϐαίνειν
777 1112 1125 1184 ὑποκρίνεται
1164 1112 1261 1165 καὶ
1284 1112 1478 1181 φωνεῖν
1499 1126 1515 1141 ο
1552 1106 1670 1164 εἶτα
1704 1111 1832 1182 παρ’
1865 1109 1995 1163 ἑκά-

423 1227 556 1282 τερα
608 1208 706 1273 τὰς
754 1205 1026 1269 διακονίας
1075 1203 1316 1275 ἀμείϐων
1369 1201 1506 1275 ὁμοῦ
1560 1205 1682 1267 ταῖς
1724 1205 1990 1275 μορφαῖς,

424 1302 582 1357 ἄλλον
619 1302 717 1374 μὲν
750 1301 840 1355 τὸν
875 1298 1230 1354 ἀναϐαίνοντα
1263 1297 1416 1369 παρά
1446 1298 1536 1351 τὸν
1566 1297 1661 1351 τοῦ
1705 1297 1994 1361 καλοῦντος

423 1397 570 1450 δοκεῖ
596 1395 898 1468 παριστᾷν·
937 1395 966 1447 ό
997 1392 1159 1457 αὐτὸς
1197 1391 1276 1457 δὲ,
1311 1392 1436 1463 τῇδε
1471 1393 1693 1446 κάκεῖσε
1740 1393 1995 1465 περιτρέ-

426 1505 556 1560 χων,
592 1485 837 1540 ἀλλάττει
861 1483 959 1548 τάς
994 1483 1163 1548 ίδέας,
1204 1483 1290 1537 ἵνα
1315 1482 1498 1555 ἔργοις
1530 1483 1873 1537 ἀποδεικνύοι
1901 1485 1995 1537 καὶ

426 1578 634 1648 λόγοις,
674 1579 755 1632 ὅτι
793 1576 1031 1647 ψεύστης
1059 1575 1238 1629 ἐστίν·
1277 1574 1644 1628 ὑποτυποῦται
1682 1573 1812 1642 γοῦν
1854 1574 1994 1629 αὑτά

425 1669 496 1725 τά
532 1670 794 1741 πρόσωπα
821 1668 1027 1739 νεκρῶν
1062 1668 1311 1737 ἀνάγειν,
1339 1668 1415 1732 ὡς
1457 1668 1604 1730 εἰκός
1634 1669 1780 1721 ἐστιν
1803 1668 1868 1722 ἐκ
1896 1666 1992 1721 τοῦ

427 1761 631 1816 τοιοῦδε
657 1761 931 1832 δράματος
963 1758 1252 1813 ὑπολαϐεῖν
1274 1775 1288 1790 ο
1320 1759 1531 1830 ἀμειδεῖ
1557 1758 1656 1830 μὲν
1688 1759 1828 1829 ὄψει,
1859 1775 1991 1812 σκυ-

428 1852 620 1927 θρωπά
665 1852 721 1905 δὲ
765 1851 1023 1922 φάσματα
1069 1849 1464 1922 πεπλασμένως
1503 1850 1768 1919 είσάγωψ
1811 1850 1906 1904 ὅλα
1936 1851 1993 1905 δὲ

427 1941 646 2013 κατηφῆ
674 1942 767 1996 καὶ
792 1943 995 2014 νεκρᾶς
1023 1940 1194 2013 ὀδμῆς
1223 1942 1466 1997 ἀνάπλεα
1498 1941 1799 2014 παριστῶν,
1825 1943 1901 2007 ὡς
1934 1942 1992 2010 ἐξ

429 2036 553 2101 ᾆδον
582 2034 890 2107 μετακεκλη
900 2035 1032 2107 μένα
1053 2036 1359 2100 δεινοποιεῖ,
1381 2035 1474 2089 καὶ
1498 2034 1748 2106 καθάπερ
1771 2035 1995 2107 εἱρκτῆς

425 2127 459 2197 ἢ
490 2125 702 2198 δεσμῶν
729 2126 990 2197 ἀνειμένα
1021 2126 1156 2199 πρὸς
1188 2126 1387 2195 ὀλίγον,
1413 2121 1531 2179 εἶτα
1560 2126 1721 2180 πάλιν
1748 2124 1994 2178 ἐντεῦθεν

427 2220 607 2272 ἐκεῖσε
635 2218 995 2273 διαϐαίνοντα.
1038 2217 1325 2289 Τοιγάρτοι
1355 2218 1448 2272 καὶ
1488 2217 1852 2288 καταπλήττει
1884 2221 1994 2283 τοῖς

423 2309 642 2381 δείμασι
676 2309 772 2382 τὴν
801 2309 978 2382 ψυχὴν
1028 2311 1094 2364 ἐκ
1140 2309 1249 2364 τῶν
1275 2309 1484 2381 ὄψεων·
1532 2310 1685 2382 ὠχρά
1739 2310 1836 2382 μὲν
1878 2309 1992 2383 εἴδη

429 2401 679 2454 πλάττων
702 2419 716 2430 ·
768 2401 921 2472 ὄμμα
971 2400 1029 2455 δὲ
1075 2401 1332 2474 βλοσυρὸν
1383 2401 1417 2473 ἢ
1464 2402 1739 2473 κατηφὲς,
1790 2401 1885 2455 ἆτε
1931 2402 1994 2474 δὴ

428 2493 635 2563 νεκρῶν
663 2491 861 2563 ἀρτίως
897 2495 1122 2564 ἐμπνεῖν
1145 2534 1159 2559 ,
1200 2494 1293 2548 xal
1335 2493 1493 2547 πάλιν
1535 2493 1991 2565 ὑπισχνουμένων.

430 2583 603 2637 Είωθε
625 2583 734 2656 γὰρ
763 2584 1047 2656 ὑποκρίσει
1077 2585 1570 2658 συσχηματίζεσθαι
1603 2589 1716 2649 τοῖς
1751 2586 1942 2650 δεινοῖς
1967 2589 1995 2639 ὁ

431 2677 865 2751 πλαστογράφος.
918 2678 1054 2732 Ἀλλ’
1092 2678 1204 2732 ἐσθ’
1236 2680 1321 2732 ὅτε
1365 2679 1424 2733 δὲ
1469 2682 1749 2751 συνεργοῖς
1792 2679 1994 2734 ἀποκέ-

430 2787 630 2842 χρηται
657 2773 767 2835 τοῖς
789 2770 1079 2843 ὁμοηθέσιν
1106 2770 1253 2842 αὐτῷ
1278 2771 1525 2842 δαίμοσιν
1542 2789 1555 2802 ·
1581 2770 1703 2825 οὔτε
1730 2770 1785 2825 δὲ
1819 2771 1998 2842 ψυχάς

433 2862 493 2926 ἐξ
543 2860 669 2933 ᾅδου
718 2862 1131 2933 μεταπέμπεται
1175 2862 1495 2933 προφητῶν·
1548 2862 1671 2915 οὔτε
1714 2861 1996 2932 πνεύματα

431 2952 674 3017 δικαίων,
705 2953 827 3008 οὔτε
864 2954 964 3019 τάς
988 2955 1279 3025 ἀγγελικάς
1308 2955 1482 3020 ἀξίας,
1521 2954 1656 3008 ἀλλά
1690 2954 1997 3009 τούναντίον

433 3049 648 3118 εγενετο
684 3050 781 3121 μὲν
827 3052 907 3115 εἰς
946 3052 1004 3104 τὸ
1053 3051 1478 3116 καταπιέζεσθαι
1520 3052 1656 3124 πρὸς
1689 3051 1795 3104 τῶν
1828 3050 1995 3120 ἀγγέ-

2092 548 2305 602 daemon
2329 547 2637 614 diversans,
2667 557 2904 602 mentem
2934 547 3107 616 ipsam
3147 547 3458 617 depascitur
3488 558 3541 603 et
3568 551 3661 607 lar-
3728 524 3737 591 ί

2093 639 2194 704 dit,
2234 647 2289 694 et
2332 654 2400 694 ex
2455 646 2646 694 ventre
2696 637 2976 693 fabulosas
3028 636 3276 692 ﬁctiones
3324 653 3659 710 componens

2094 732 2381 803 strepitum
2413 730 2546 795 edit,
2579 745 2680 786 nec
2710 745 2816 784 non
2848 730 2904 784 in
2944 729 3124 785 varias
3156 739 3524 787 commutatus
3548 731 3662 788 l‘or—
3740 729 3763 803 |.

2093 841 2212 880 mas
2249 823 2419 880 variis
2448 824 2683 894 spectris
2714 822 2929 879 seducit
2978 823 3236 879 animam.
3267 824 3499 890 Quando
3528 841 3660 882 vero
3742 822 3756 887 ἶ

2093 918 2281 974 multis
2306 915 2521 981 formis,
2563 917 2679 988 ipse
2708 915 3061 973 multiformis
3095 931 3218 971 cum
3264 919 3358 983 sit,
3394 920 3661 985 varietur,

2092 1025 2202 1064 non
2236 1009 2414 1065 minus
2466 1015 2521 1063 et
2550 1022 2697 1062 nunc
2745 1024 2776 1064 e
2820 1017 2962 1064 terra
2997 1009 3294 1066 ascendere
3327 1026 3386 1066 se
3416 1012 3662 1080 simulat,

2093 1111 2148 1155 et
2175 1101 2394 1154 clamat.
2444 1097 2511 1152 Et
2561 1098 2629 1152 ad
2674 1099 2965 1154 ministerii
3010 1099 3140 1154 bina
3185 1103 3427 1160 membra
3475 1102 3665 1174 ﬁguris

2094 1192 2465 1257 commutatis,
2499 1193 2668 1247 alium
2697 1192 2918 1263 quidem
2952 1194 3360 1261 ascendentem,
3389 1196 3459 1252 ab
3484 1212 3550 1252 eo
3567 1198 3663 1267 qui

2094 1285 2149 1339 in
2191 1292 2423 1341 vocante
2469 1291 2575 1347 est,
2615 1284 2837 1340 videtur
2863 1284 2934 1339 ob
2962 1285 3155 1340 oculos
3205 1287 3482 1343 exhibere.
3516 1286 3663 1344 Idem

2093 1391 2223 1431 vero
2251 1377 2359 1430 huc
2386 1376 2623 1446 illucque
2659 1375 2977 1431 discurrens
3007 1379 3221 1446 species
3259 1388 3455 1446 mutat,
3492 1390 3554 1435 ut
3583 1381 3665 1436 fa-

2095 1466 2200 1520 ctis
2240 1465 2695 1536 sermonibusque
2738 1465 2993 1521 ostendat
3041 1480 3101 1522 se
3146 1481 3269 1522 esse
3321 1469 3662 1526 mendacem.

2097 1554 2328 1611 Simulat
2352 1557 2534 1628 itaque
2555 1571 2820 1627 personas
2850 1556 2999 1627 ipsas
3025 1564 3367 1613 mortuorum
3401 1560 3661 1625 educere,

2096 1658 2154 1701 ut
2195 1663 2261 1703 ex
2308 1649 2387 1705 rei
2416 1656 2583 1718 gestae
2615 1649 2756 1704 serie
2802 1648 2990 1703 videre
3037 1655 3140 1704 est.
3194 1648 3261 1702 Et
3303 1663 3428 1704 cum
3468 1649 3665 1704 tetrico

2095 1741 2247 1795 vultu
2269 1741 2449 1796 tristia
2476 1748 2688 1812 spectra
2712 1740 2838 1797 ﬁcte
2860 1739 3107 1804 inducat,
3136 1742 3501 1811 universaque
3528 1755 3665 1796 mm-

2026 1810 2067 1867 B
2096 1838 2204 1895 sta,
2242 1810 2694 1902 mortuorumqne
2723 1839 2918 1900 putore
2955 1832 3114 1900 plena
3158 1810 3473 1898 ostendens,
3505 1832 3663 1902 quasi

2103 1922 2173 1978 ab
2198 1920 2391 1978 inferis
2425 1931 2652 1978 evocata
2685 1922 2906 1978 horride
2939 1931 3320 1993 repraasentat,
3360 1930 3415 1979 et
3440 1924 3606 1980 veluti
3632 1938 3665 1979 a

2100 2031 2324 2071 carcere
2344 2015 2691 2086 vinculisque
2721 2016 2919 2079 soluta,
2948 2031 3058 2070 non
3084 2015 3177 2071 diu
3207 2025 3330 2087 post
3357 2032 3573 2072 rursum
3595 2033 3666 2072 ex

2095 2107 2200 2163 hoc
2226 2109 2347 2164 loco
2383 2108 2515 2162 illuc
2546 2116 2908 2163 transmeare.
2957 2108 3100 2174 Quin
3137 2107 3248 2162 imo
3279 2115 3333 2164 et
3365 2108 3500 2165 visis
3532 2108 3666 2177 ipsis

2096 2207 2312 2255 terrore
2343 2199 2582 2269 percutit
2607 2200 2873 2262 animum,
2916 2199 3149 2269 pallidas
3181 2198 3387 2256 formas
3430 2200 3661 2270 (ingens,

2095 2300 2148 2346 ct
2187 2292 2379 2347 oculos
2409 2290 2714 2347 horrendos
2752 2299 2918 2360 atque
2969 2290 3263 2354 demissos,
3295 2291 3486 2360 quales
3517 2305 3665 2355 mor-

2096 2394 2316 2438 tuorum
2349 2400 2475 2440 esse
2504 2384 2703 2451 solent,
2735 2385 2828 2454 qui
2857 2382 3088 2454 jamjam
3121 2383 3356 2437 animam
3384 2383 3562 2438 eﬂlare
3585 2384 3668 2437 vi—

2095 2477 2312 2534 dentur.
2348 2476 2482 2531 Nam
2519 2477 2779 2533 similium
2828 2491 3012 2531 rerum
3048 2474 3205 2531 ﬁctor
3230 2490 3329 2545 per
3361 2475 3667 2531 simulatio-

2097 2586 2220 2626 nem
2248 2569 2590 2625 terribilibus
2620 2568 2876 2624 omnibus
2907 2583 3027 2624 sese
3056 2568 3452 2623 accommodat.
3481 2567 3667 2635 Quan-

2096 2664 2275 2734 doque
2321 2663 2485 2718 etiam
2532 2676 2642 2717 non
2688 2659 3048 2715 dissimilibus
3093 2659 3179 2715 sui
3218 2659 3557 2715 daemonibus
3597 2657 3666 2713 ad

2094 2773 2232 2829 opus
2257 2758 2483 2814 ascitis:
2520 2757 2618 2814 sed
2661 2769 2840 2824 neque
2881 2753 3268 2824 prophetarum
3292 2755 3524 2821 animas,
3568 2769 3668 2810 ne-

2096 2868 2203 2922 que
2233 2851 2509 2921 justorum
2557 2850 2811 2920 spiritus,
2859 2862 3039 2917 neque
3069 2847 3361 2917 dignitates
3390 2847 3667 2917 angelicas

2097 2945 2165 2999 ab
2198 2943 2389 2999 inferis
2433 2943 2654 3011 educit;
2685 2944 2819 3014 quin
2856 2958 2925 2998 ex
2975 2942 3207 2997 adverso
3241 2940 3310 2995 ab
3339 2940 3544 3010 angelis
3567 2939 3666 2994 de-

2099 3036 2372 3105 primitur,
2426 3035 2696 3105 datusque
2746 3042 2834 3091 est
2881 3033 3105 3107 optimis
3147 3032 3301 3097 viris,
3348 3039 3409 3085 ut
3453 3031 3521 3085 ab
3560 3030 3666 3084 illis

431 3141 571 3199 λων*
599 3142 812 3215 ἐξεδόθη
842 3143 897 3198 δὲ
923 3147 1034 3207 τοῖς
1080 3144 1322 3216 ἀρίστοις
1363 3121 1651 3216 ἀνδράσιν,
1707 3143 1845 3197 ὥστε
1891 3160 1997 3197 πα-

2100 3129 2520 3184 conculcaretur
2556 3128 2706 3185 humi
2736 3126 2943 3183 eﬂ‘usus
2973 3127 3389 3196 disruptusque.
3442 3121 3547 3178 Sed
3578 3122 3669 3176 hic

432 3234 638 3289 τεῖσθαι
670 3237 881 3308 πρηνὴς
906 3238 985 3301 είς
1012 3215 1274 3306 τοῦδαφος
1293 3215 1641 3310 άπορῤαγείς.
1681 3235 1817 3289 Ἀλλ’
1843 3230 1997 3300 οὗτος

2099 3239 2129 3277 a
2160 3222 2430 3294 supremis
2456 3222 2564 3276 illis
2594 3229 2752 3291 raptu
2785 3221 3023 3275 violento
3050 3219 3284 3281 deletus,
3316 3224 3468 3287 terga
3492 3215 3664 3271 illisit.

435 3326 534 3397 μὲν
566 3330 630 3380 ἐκ
673 3326 781 3380 τῶν
809 3329 1098 3394 ἀνωτάτω,
1141 3327 1427 3401 ῥοιζήματι
1470 3329 1626 3401 βιαίῳ
1657 3328 1998 3399 κατενεχθεὶς

433 3419 762 3491 ὑπεστόρεσε
782 3418 851 3473 τά
872 3420 1035 3474 νῶτα’
1073 3422 1215 3493 μόνῳ
1244 3421 1300 3476 δὲ
1322 3420 1397 3493 τῷ
1428 3421 1824 3494 παντοκράτορι
1858 3422 2000 3493 πάρ-

432 3526 549 3565 εστι
590 3510 708 3581 Θεῷ
751 3512 842 3580 καὶ
891 3511 970 3582 τῷ
1020 3513 1278 3584 θειοτάτῳ
1330 3512 1521 3567 τούτου
1570 3513 1728 3568 Παιδὶ
1777 3513 1998 3581 ἀνάγειν

432 3602 609 3673 ψυχάς
634 3604 693 3669 ἐξ
726 3604 852 3675 ᾅδου
873 3623 886 3637 ’
917 3606 1010 3661 καὶ
1034 3607 1227 3678 χοροὺς
1268 3607 1514 3676 ἀγγέλων
1546 3608 1604 3660 ὲν
1644 3604 1794 3672 τάξει
1832 3623 2001 3679 παρε-

436 3691 647 3755 στῶτας
677 3693 839 3765 ἔχειν,
875 3696 1010 3766 ὅπερ
1050 3696 1177 3750 ίδιον
1213 3696 1460 3770 ἔκκριτον
1500 3698 1734 3770 ὑπάρχει
1775 3697 1873 3769 τῆς
1903 3696 1996 3752 τοῦ

434 3784 579 3841 θείου
613 3787 840 3856 φύσεως.

462 3942 697 3957 *-

2106 3314 2287 3370 Solius
2313 3330 2442 3370 vero
2473 3313 2569 3369 Dei
2607 3311 2999 3384 omnipotentis
3036 3320 3141 3377 est,
3174 3309 3403 3379 ejusque
3437 3307 3667 3362 divinis-

2105 3408 2228 3462 simi
2265 3406 2383 3461 Filii
2418 3408 2631 3462 animas
2660 3407 2729 3460 ab
2758 3404 2948 3460 inferis
2972 3403 3226 3467 educere,
3251 3409 3538 3470 coetusque
3568 3414 3668 3454 an.

2106 3501 2347 3570 gelorum
2373 3500 2565 3554 ordine
2604 3505 2847 3555 astantes
2890 3498 3112 3562 habere,
3160 3496 3303 3567 quod
3332 3495 3532 3550 divinae
3571 3507 3668 3548 na-

2106 3599 2242 3647 tura:
2269 3591 2574 3663 proprium,
2612 3590 2874 3647 eximium
2896 3605 2962 3646 ac
2996 3589 3274 3660 singulare
3296 3597 3398 3644 est.

1280 4088 1841 4219 SANCTI
1960 4085 2757 4216 EUSTATHI
2774 4086 2823 4209 Ι

1610 4326 1968 4389 EPISCOPI
2002 4325 2497 4388 ANTIOCHENI

604 4508 1292 4607 ALLOCUTIO
1365 4510 1512 4598 AD
1597 4506 2468 4600 IMPERATOBEM
2542 4507 3493 4601 CONSTANTINUM

1712 4719 1772 4762 IN
1808 4720 2098 4765 CONCILIO
2136 4722 2170 4764 Ν
2181 4720 2406 4766 ΙΟΒΝΟ.

543 4878 706 4941 (Apud
735 4878 1026 4942 Gregorium
1049 4877 1393 4941 presbyterum
1415 4875 1783 4936 Cesariensem,
1811 4875 1946 4926 Orat.
1968 4867 2021 4920 in
2041 4866 2269 4921 Nicaeum
2291 4870 2496 4929 Patres;
2523 4880 2588 4918 ex
2611 4866 2885 4919 Combelisil
2911 4871 3106 4918 Auctor.
3135 4866 3333 4927 navitis,
3360 4867 3422 4933 ΙΙ,
3442 4868 3575 4936 535.)

2032 5008 2102 5021 —

507 5061 958 5175 Εὐχάριστοῦμεν
1000 5096 1137 5168 Θεῷ,
1194 5096 1451 5168 κράτιστε
1503 5093 1745 5165 βασιλεῦ,
1786 5093 1862 5165 τῷ
1898 5096 2000 5168 τὴν

2178 5095 2289 5151 Deo
2318 5094 2522 5165 gratias
2551 5092 2785 5162 agimus,
2819 5090 3021 5160 optime
3068 5090 3384 5162 imperator,
3428 5093 3522 5164 qui
3555 5098 3660 5148 ter.

440 5196 679 5265 ἐπίγειον
720 5189 1024 5246 συνθύνοντί
1056 5206 1136 5243 σοι
1186 5187 1458 5260 βασιλείαν
1481 5203 1495 5217 °
1541 5186 1619 5259 τῷ
1648 5187 1747 5259 τὴν
1795 5185 2000 5259 πλάνην

439 5288 546 5342 τῶν
573 5286 803 5340 εἰδώλων
830 5282 917 5337 διὰ
952 5279 1044 5335 σοῦ
1086 5280 1508 5351 καταργήσαντι,
1538 5279 1633 5333 καὶ
1660 5276 1768 5333 τῶν
1798 5278 2000 5333 πιστῶν

438 5381 837 5451 καταστήσαντι
878 5375 935 5428 ὲν
982 5371 1260 5444 παρρησίᾳ
1295 5371 1386 5424 τὸν
1434 5368 1685 5440 εῠθυμον.
1721 5368 1999 5423 Πέπαυται

440 5474 635 5529 κνίσσα
665 5468 929 5541 δαιμόνων
947 5484 960 5498 ’
991 5464 1345 5520 καταλέλυται
1371 5462 1657 5525 πολυθεῖας
1690 5461 2000 5533 Ἑλληνικῆς

440 5565 511 5620 τά
529 5563 840 5633 σεϐάσματα
859 5576 871 5590 ·
903 5558 963 5611 τὸ
988 5557 1089 5628 τῆς
1116 5553 1388 5624 ἀγνωσίας
1417 5551 1769 5606 ἀπελαύνεται
1793 5552 1998 5615 σκότος·

440 5657 520 5729 τῷ
544 5658 642 5726 τῆς
679 5649 1003 5721 θεογνωσίας
1031 5646 1169 5716 φωτὶ
1199 5648 1232 5716 ἡ
1260 5642 1546 5714 οἰκουμένη
1580 5639 1998 5710 καταυγάζεται·

444 5748 631 5819 Πατὴρ
654 5743 1009 5812 δοξολογεῖται
1025 5756 1038 5768 ·
1069 5737 1194 5801 Υἱὸς
1213 5752 1275 5789 συ
1283 5736 1701 5807 μπροσκυνεῖται
1720 5750 1732 5762 ’
1758 5732 1819 5786 τὸ
1842 5732 2005 5787 Πνεῦυ

449 5852 522 5905 μα
568 5834 627 5888 τδ
670 5832 819 5903 ἆγιον
868 5825 1313 5898 καταγγέλλεται*
1348 5824 1516 5897 Τριάς
1550 5824 1859 5895 όμοούσιος,
1904 5823 2002 5894 μία

2106 5203 2298 5244 renum
2332 5187 2427 5241 tibi
2456 5184 2742 5254 imperium
2765 5182 2947 5253 dirigit
2983 5202 2996 5238 :
3029 5183 3122 5254 qui
3141 5185 3556 5240 simulacrorum
3579 5200 3659 5240 er-

2108 5294 2286 5335 rorem
2313 5294 2410 5349 per
2436 5285 2490 5332 te
2515 5276 2770 5339 abolevit,
2803 5289 2868 5329 ac
2899 5289 3083 5346 aequos
3114 5274 3348 5332 ﬁdelium
3376 5275 3587 5330 animos
3609 5276 3664 5331 in

2109 5374 2357 5429 libertate
2413 5370 2718 5427 collocavit.
2778 5367 3026 5425 Cessavit
3078 5367 3385 5424 daemonum
3435 5366 3593 5422 nidor
3646 5384 3663 5424 :

2107 5465 2394 5535 multiplici
2422 5465 2647 5521 deorum
2681 5462 2834 5518 cultu
2885 5477 3075 5520 eversa
3122 5469 3206 5519 est
3235 5460 3522 5531 gentilium
3569 5476 3667 5515 su-

2105 5554 2357 5624 perstitio
2395 5573 2409 5609 :
2442 5554 2790 5624 expelluntur
2833 5554 3068 5609 tenebra:
3127 5550 3422 5621 impietatis
3472 5569 3485 5606 :
3540 5551 3666 5608 illu-

2104 5653 2312 5701 stratur
2344 5644 2496 5698 orbis
2524 5651 2791 5698 terrarum
2824 5643 2948 5698 luce
2979 5641 3173 5696 divina
3199 5639 3459 5695 scientia.
3503 5638 3653 5699 Pate.

2101 5732 2459 5804 gloriﬁcatur,
2520 5730 2693 5788 Filius
2752 5731 2914 5787 simul
2961 5728 3239 5792 adoratur,
3305 5731 3664 5785 annuntiatur

2104 5822 2341 5892 Spiritus
2368 5830 2592 5879 sanctus
2627 5839 2640 5876 :
2696 5816 2961 5874 Trinitas
2991 5816 3501 5884 consubstantialis,
3552 5831 3661 5874 una
