  <div class='ocr_page' id='page_1' title='image "/cluster/home/n/w/nwhite01/storage/ocr_20150623/18/mdp.39015008168943/349.png"; bbox 0 0 4090 6288; ppageno 0'>
   <div class='ocr_carea' id='block_1_1' title="bbox 448 334 555 390">
    <p class='ocr_par' dir='ltr' id='par_1_1' title="bbox 448 334 555 390">
     <span class='ocr_line' id='line_1_1' title="bbox 448 334 555 390; baseline 0 -1"><span class='ocrx_word' id='word_1_1' title='bbox 448 334 555 390; x_wconf 87' lang='lat'><strong>675</strong></span> 
     </span>
    </p>
   </div>
   <div class='ocr_carea' id='block_1_2' title="bbox 1465 331 2733 392">
    <p class='ocr_par' dir='ltr' id='par_1_2' title="bbox 1465 331 2733 392">
     <span class='ocr_line' id='line_1_2' title="bbox 1465 331 2733 392; baseline -0.002 -2"><span class='ocrx_word' id='word_1_2' title='bbox 1465 337 1523 391; x_wconf 89' lang='lat' dir='ltr'><strong>S.</strong></span> <span class='ocrx_word' id='word_1_3' title='bbox 1560 333 1932 391; x_wconf 81' lang='lat' dir='ltr'><strong>EUSTATHII</strong></span> <span class='ocrx_word' id='word_1_4' title='bbox 1972 334 2279 392; x_wconf 83' lang='lat' dir='ltr'><strong>EPISCOPI</strong></span> <span class='ocrx_word' id='word_1_5' title='bbox 2317 331 2733 390; x_wconf 79' lang='lat' dir='ltr'><strong>ANTIOCHENI</strong></span> 
     </span>
    </p>
   </div>
   <div class='ocr_carea' id='block_1_3' title="bbox 3569 331 3675 387">
    <p class='ocr_par' dir='ltr' id='par_1_3' title="bbox 3569 331 3675 387">
     <span class='ocr_line' id='line_1_3' title="bbox 3569 331 3675 387; baseline -0.009 -1"><span class='ocrx_word' id='word_1_6' title='bbox 3569 331 3675 387; x_wconf 80' lang='lat'><strong>676</strong></span> 
     </span>
    </p>
   </div>
   <div class='ocr_carea' id='block_1_4' title="bbox 447 446 2010 526">
    <p class='ocr_par' dir='ltr' id='par_1_4' title="bbox 447 450 2007 525">
     <span class='ocr_line' id='line_1_4' title="bbox 447 450 2007 525; baseline 0.001 -18"><span class='ocrx_word' id='word_1_7' title='bbox 447 450 708 508; x_wconf 77' lang='lat' dir='ltr'><strong>divinitas</strong></span> <span class='ocrx_word' id='word_1_8' title='bbox 738 451 795 506; x_wconf 93' lang='lat' dir='ltr'><strong>in</strong></span> <span class='ocrx_word' id='word_1_9' title='bbox 814 452 992 507; x_wconf 88' lang='lat' dir='ltr'><strong>tribus</strong></span> <span class='ocrx_word' id='word_1_10' title='bbox 1015 453 1267 522; x_wconf 78' lang='lat' dir='ltr'><strong>personis</strong></span> <span class='ocrx_word' id='word_1_11' title='bbox 1313 460 1368 510; x_wconf 87' lang='lat' dir='ltr'><strong>et</strong></span> <span class='ocrx_word' id='word_1_12' title='bbox 1395 452 1783 525; x_wconf 87' lang='lat' dir='ltr'><strong>hypostasibus</strong></span> <span class='ocrx_word' id='word_1_13' title='bbox 1807 456 2007 524; x_wconf 74' lang='lat' dir='ltr'><strong>praedi-</strong></span> 
     </span>
    </p>
   </div>
   <div class='ocr_carea' id='block_1_5' title="bbox 2112 446 3677 526">
    <p class='ocr_par' dir='ltr' id='par_1_5' title="bbox 2112 446 3677 526">
     <span class='ocr_line' id='line_1_5' title="bbox 2112 446 3677 526; baseline -0.003 -20"><span class='ocrx_word' id='word_1_14' title='bbox 2112 452 2299 526; x_wconf 88' lang='grc' dir='ltr'>θεότης</span> <span class='ocrx_word' id='word_1_15' title='bbox 2329 453 2386 505; x_wconf 86' lang='grc' dir='ltr'><strong>ἐν</strong></span> <span class='ocrx_word' id='word_1_16' title='bbox 2414 452 2560 524; x_wconf 77' lang='grc' dir='ltr'>τρισὶ</span> <span class='ocrx_word' id='word_1_17' title='bbox 2594 450 2904 523; x_wconf 82' lang='grc' dir='ltr'><strong>προσώποις</strong></span> <span class='ocrx_word' id='word_1_18' title='bbox 2940 452 3034 505; x_wconf 67' lang='grc' dir='ltr'>καὶ</span> <span class='ocrx_word' id='word_1_19' title='bbox 3058 451 3380 504; x_wconf 78' lang='grc' dir='ltr'><strong>ὑποστάσεσι</strong></span> <span class='ocrx_word' id='word_1_20' title='bbox 3409 446 3677 519; x_wconf 79' lang='grc' dir='ltr'>κηρύττε-</span> 
     </span>
    </p>
   </div>
   <div class='ocr_carea' id='block_1_6' title="bbox 449 541 2009 615">
    <p class='ocr_par' dir='ltr' id='par_1_6' title="bbox 449 541 2009 615">
     <span class='ocr_line' id='line_1_6' title="bbox 449 541 2009 615; baseline 0.002 -17"><span class='ocrx_word' id='word_1_21' title='bbox 449 549 630 599; x_wconf 88' lang='lat' dir='ltr'><strong>catur.</strong></span> <span class='ocrx_word' id='word_1_22' title='bbox 679 541 784 598; x_wconf 89' lang='lat' dir='ltr'><strong>Per</strong></span> <span class='ocrx_word' id='word_1_23' title='bbox 831 558 974 605; x_wconf 90' lang='lat' dir='ltr'><strong>eam,</strong></span> <span class='ocrx_word' id='word_1_24' title='bbox 1022 543 1340 612; x_wconf 85' lang='lat' dir='ltr'><strong>imperator,</strong></span> <span class='ocrx_word' id='word_1_25' title='bbox 1384 546 1628 599; x_wconf 83' lang='lat' dir='ltr'><strong>munitur</strong></span> <span class='ocrx_word' id='word_1_26' title='bbox 1657 554 1765 600; x_wconf 72' lang='lat' dir='ltr'><strong>tua:</strong></span> <span class='ocrx_word' id='word_1_27' title='bbox 1791 547 2009 615; x_wconf 90' lang='lat' dir='ltr'><strong>pietatis</strong></span> 
     </span>
    </p>
   </div>
   <div class='ocr_carea' id='block_1_7' title="bbox 452 633 2011 704">
    <p class='ocr_par' dir='ltr' id='par_1_7' title="bbox 452 633 2011 704">
     <span class='ocr_line' id='line_1_7' title="bbox 452 633 2011 704; baseline 0.002 -16"><span class='ocrx_word' id='word_1_28' title='bbox 452 633 770 704; x_wconf 83' lang='lat' dir='ltr'><strong>imperium;</strong></span> <span class='ocrx_word' id='word_1_29' title='bbox 799 648 916 687; x_wconf 88' lang='lat' dir='ltr'><strong>eam</strong></span> <span class='ocrx_word' id='word_1_30' title='bbox 947 634 1106 689; x_wconf 86' lang='lat' dir='ltr'><strong>nobis</strong></span> <span class='ocrx_word' id='word_1_31' title='bbox 1127 651 1284 690; x_wconf 89' lang='lat' dir='ltr'><strong>serva</strong></span> <span class='ocrx_word' id='word_1_32' title='bbox 1317 636 1650 691; x_wconf 71' lang='lat' dir='ltr'><strong>inviolatam.</strong></span> <span class='ocrx_word' id='word_1_33' title='bbox 1685 634 1880 693; x_wconf 87' lang='lat' dir='ltr'><strong>Nullus</strong></span> <span class='ocrx_word' id='word_1_34' title='bbox 1902 638 2011 691; x_wconf 64' lang='lat' dir='ltr'><strong>haz-</strong></span> 
     </span>
    </p>
   </div>
   <div class='ocr_carea' id='block_1_8' title="bbox 451 723 2009 798">
    <p class='ocr_par' dir='ltr' id='par_1_8' title="bbox 451 723 2009 798">
     <span class='ocr_line' id='line_1_8' title="bbox 451 723 2009 798; baseline 0.002 -18"><span class='ocrx_word' id='word_1_35' title='bbox 451 728 653 780; x_wconf 90' lang='lat' dir='ltr'><strong>reticus</strong></span> <span class='ocrx_word' id='word_1_36' title='bbox 701 725 755 778; x_wconf 93' lang='lat' dir='ltr'><strong>in</strong></span> <span class='ocrx_word' id='word_1_37' title='bbox 796 723 1098 780; x_wconf 85' lang='lat' dir='ltr'><strong>Ecclesiam</strong></span> <span class='ocrx_word' id='word_1_38' title='bbox 1144 728 1463 783; x_wconf 85' lang='lat' dir='ltr'><strong>subintrans</strong></span> <span class='ocrx_word' id='word_1_39' title='bbox 1516 743 1683 781; x_wconf 91' lang='lat' dir='ltr'><strong>unum</strong></span> <span class='ocrx_word' id='word_1_40' title='bbox 1730 729 1934 798; x_wconf 89' lang='lat' dir='ltr'><strong>aliquid</strong></span> <span class='ocrx_word' id='word_1_41' title='bbox 1979 744 2009 783; x_wconf 91' lang='lat' dir='ltr'><strong>a</strong></span> 
     </span>
    </p>
   </div>
   <div class='ocr_carea' id='block_1_9' title="bbox 452 811 2011 885">
    <p class='ocr_par' dir='ltr' id='par_1_9' title="bbox 452 811 2011 885">
     <span class='ocr_line' id='line_1_9' title="bbox 452 811 2011 885; baseline 0 -17"><span class='ocrx_word' id='word_1_42' title='bbox 452 813 719 869; x_wconf 88' lang='lat' dir='ltr'><strong>Trinitate</strong></span> <span class='ocrx_word' id='word_1_43' title='bbox 747 811 985 877; x_wconf 77' lang='lat' dir='ltr'><strong>auferat,</strong></span> <span class='ocrx_word' id='word_1_44' title='bbox 1010 814 1129 869; x_wconf 88' lang='lat' dir='ltr'><strong>sine</strong></span> <span class='ocrx_word' id='word_1_45' title='bbox 1152 815 1359 869; x_wconf 84' lang='lat' dir='ltr'><strong>honore</strong></span> <span class='ocrx_word' id='word_1_46' title='bbox 1390 814 1751 884; x_wconf 83' lang='lat' dir='ltr'><strong>afl&#39;ectumque</strong></span> <span class='ocrx_word' id='word_1_47' title='bbox 1780 815 2011 885; x_wconf 83' lang='lat' dir='ltr'><strong>ignomi-</strong></span> 
     </span>
    </p>
   </div>
   <div class='ocr_carea' id='block_1_10' title="bbox 450 904 2010 977">
    <p class='ocr_par' dir='ltr' id='par_1_10' title="bbox 450 904 2010 977">
     <span class='ocr_line' id='line_1_10' title="bbox 450 904 2010 977; baseline 0.001 -18"><span class='ocrx_word' id='word_1_48' title='bbox 450 905 542 960; x_wconf 90' lang='lat' dir='ltr'><strong>nia</strong></span> <span class='ocrx_word' id='word_1_49' title='bbox 572 904 909 975; x_wconf 85' lang='lat' dir='ltr'><strong>relinquens,</strong></span> <span class='ocrx_word' id='word_1_50' title='bbox 936 904 1084 974; x_wconf 90' lang='lat' dir='ltr'><strong>quod</strong></span> <span class='ocrx_word' id='word_1_51' title='bbox 1110 914 1194 960; x_wconf 88' lang='lat' dir='ltr'><strong>est</strong></span> <span class='ocrx_word' id='word_1_52' title='bbox 1216 906 1507 975; x_wconf 86' lang='lat' dir='ltr'><strong>reliquum.</strong></span> <span class='ocrx_word' id='word_1_53' title='bbox 1537 906 1703 961; x_wconf 82' lang='lat' dir='ltr'><strong>Arius</strong></span> <span class='ocrx_word' id='word_1_54' title='bbox 1735 907 1895 963; x_wconf 90' lang='lat' dir='ltr'><strong>nobis</strong></span> <span class='ocrx_word' id='word_1_55' title='bbox 1914 907 2010 977; x_wconf 88' lang='lat' dir='ltr'><strong>qui</strong></span> 
     </span>
    </p>
   </div>
   <div class='ocr_carea' id='block_1_11' title="bbox 448 995 2012 1068">
    <p class='ocr_par' dir='ltr' id='par_1_11' title="bbox 448 995 2012 1068">
     <span class='ocr_line' id='line_1_11' title="bbox 448 995 2012 1068; baseline 0.001 -16"><span class='ocrx_word' id='word_1_56' title='bbox 448 1012 480 1052; x_wconf 84' lang='lat' dir='ltr'><strong>a</strong></span> <span class='ocrx_word' id='word_1_57' title='bbox 510 995 694 1051; x_wconf 85' lang='lat' dir='ltr'><strong>furore</strong></span> <span class='ocrx_word' id='word_1_58' title='bbox 716 1011 915 1052; x_wconf 88' lang='lat' dir='ltr'><strong>nomen</strong></span> <span class='ocrx_word' id='word_1_59' title='bbox 947 998 1181 1068; x_wconf 88' lang='lat' dir='ltr'><strong>accepit,</strong></span> <span class='ocrx_word' id='word_1_60' title='bbox 1211 998 1477 1054; x_wconf 92' lang='lat' dir='ltr'><strong>orationis</strong></span> <span class='ocrx_word' id='word_1_61' title='bbox 1495 1013 1662 1052; x_wconf 91' lang='lat' dir='ltr'><strong>causa</strong></span> <span class='ocrx_word' id='word_1_62' title='bbox 1694 1006 1778 1054; x_wconf 90' lang='lat' dir='ltr'><strong>est</strong></span> <span class='ocrx_word' id='word_1_63' title='bbox 1802 1006 1856 1053; x_wconf 87' lang='lat' dir='ltr'><strong>et</strong></span> <span class='ocrx_word' id='word_1_64' title='bbox 1878 1013 2012 1053; x_wconf 88' lang='lat' dir='ltr'><strong>con-</strong></span> 
     </span>
    </p>
   </div>
   <div class='ocr_carea' id='block_1_12' title="bbox 448 1086 2012 1158">
    <p class='ocr_par' dir='ltr' id='par_1_12' title="bbox 448 1086 2012 1158">
     <span class='ocr_line' id='line_1_12' title="bbox 448 1086 2012 1158; baseline -0.001 -15"><span class='ocrx_word' id='word_1_65' title='bbox 448 1094 685 1154; x_wconf 86' lang='lat' dir='ltr'><strong>ventus;</strong></span> <span class='ocrx_word' id='word_1_66' title='bbox 732 1086 826 1158; x_wconf 88' lang='lat' dir='ltr'><strong>qui</strong></span> <span class='ocrx_word' id='word_1_67' title='bbox 853 1088 1042 1143; x_wconf 92' lang='lat' dir='ltr'><strong>nescio</strong></span> <span class='ocrx_word' id='word_1_68' title='bbox 1069 1087 1365 1158; x_wconf 89' lang='lat' dir='ltr'><strong>quomodo,</strong></span> <span class='ocrx_word' id='word_1_69' title='bbox 1398 1088 1455 1142; x_wconf 89' lang='lat' dir='ltr'><strong>in</strong></span> <span class='ocrx_word' id='word_1_70' title='bbox 1484 1086 1745 1143; x_wconf 60' lang='lat' dir='ltr'><strong>Ecclesiae</strong></span> <span class='ocrx_word' id='word_1_71' title='bbox 1780 1088 2012 1143; x_wconf 81' lang='lat' dir='ltr'><strong>Alexan-</strong></span> 
     </span>
    </p>
   </div>
   <div class='ocr_carea' id='block_1_13' title="bbox 449 1180 2008 1250">
    <p class='ocr_par' dir='ltr' id='par_1_13' title="bbox 449 1180 2008 1250">
     <span class='ocr_line' id='line_1_13' title="bbox 449 1180 2008 1250; baseline 0.002 -17"><span class='ocrx_word' id='word_1_72' title='bbox 449 1180 622 1234; x_wconf 71' lang='lat' dir='ltr'><strong>drina:</strong></span> <span class='ocrx_word' id='word_1_73' title='bbox 665 1180 1070 1250; x_wconf 75' lang='lat' dir='ltr'><strong>presbyterium</strong></span> <span class='ocrx_word' id='word_1_74' title='bbox 1117 1180 1367 1245; x_wconf 87' lang='lat' dir='ltr'><strong>allectus,</strong></span> <span class='ocrx_word' id='word_1_75' title='bbox 1408 1180 1780 1236; x_wconf 86' lang='lat' dir='ltr'><strong>nescientibus</strong></span> <span class='ocrx_word' id='word_1_76' title='bbox 1824 1180 2008 1245; x_wconf 81' lang='lat' dir='ltr'><strong>nobis,</strong></span> 
     </span>
    </p>
   </div>
   <div class='ocr_carea' id='block_1_14' title="bbox 450 1269 2010 1342">
    <p class='ocr_par' dir='ltr' id='par_1_14' title="bbox 450 1269 2010 1342">
     <span class='ocr_line' id='line_1_14' title="bbox 450 1269 2010 1342; baseline 0.002 -20"><span class='ocrx_word' id='word_1_77' title='bbox 450 1269 662 1324; x_wconf 86' lang='lat' dir='ltr'><strong>alienus</strong></span> <span class='ocrx_word' id='word_1_78' title='bbox 704 1284 735 1322; x_wconf 94' lang='lat' dir='ltr'><strong>a</strong></span> <span class='ocrx_word' id='word_1_79' title='bbox 777 1269 1026 1325; x_wconf 87' lang='lat' dir='ltr'><strong>doctrina</strong></span> <span class='ocrx_word' id='word_1_80' title='bbox 1052 1271 1494 1326; x_wconf 85' lang='lat' dir='ltr'><strong>beatissimorum</strong></span> <span class='ocrx_word' id='word_1_81' title='bbox 1523 1271 1910 1342; x_wconf 89' lang='lat' dir='ltr'><strong>prophetarum</strong></span> <span class='ocrx_word' id='word_1_82' title='bbox 1956 1282 2010 1326; x_wconf 87' lang='lat' dir='ltr'><strong>et</strong></span> 
     </span>
    </p>
   </div>
   <div class='ocr_carea' id='block_1_15' title="bbox 448 1361 2014 1433">
    <p class='ocr_par' dir='ltr' id='par_1_15' title="bbox 448 1361 2014 1433">
     <span class='ocr_line' id='line_1_15' title="bbox 448 1361 2014 1433; baseline 0.001 -18"><span class='ocrx_word' id='word_1_83' title='bbox 448 1363 823 1432; x_wconf 86' lang='lat' dir='ltr'><strong>apostolorum</strong></span> <span class='ocrx_word' id='word_1_84' title='bbox 856 1362 1111 1418; x_wconf 85' lang='lat' dir='ltr'><strong>inventus</strong></span> <span class='ocrx_word' id='word_1_85' title='bbox 1154 1362 1279 1418; x_wconf 87' lang='lat' dir='ltr'><strong>fuit.</strong></span> <span class='ocrx_word' id='word_1_86' title='bbox 1334 1361 1686 1433; x_wconf 87' lang='lat' dir='ltr'><strong>Unigenitum</strong></span> <span class='ocrx_word' id='word_1_87' title='bbox 1729 1363 1874 1419; x_wconf 92' lang='lat' dir='ltr'><strong>enim</strong></span> <span class='ocrx_word' id='word_1_88' title='bbox 1920 1362 2014 1417; x_wconf 89' lang='lat' dir='ltr'><strong>Fi-</strong></span> 
     </span>
    </p>
   </div>
   <div class='ocr_carea' id='block_1_16' title="bbox 449 1452 2011 1525">
    <p class='ocr_par' dir='ltr' id='par_1_16' title="bbox 449 1452 2011 1525">
     <span class='ocr_line' id='line_1_16' title="bbox 449 1452 2011 1525; baseline 0.002 -18"><span class='ocrx_word' id='word_1_89' title='bbox 449 1454 583 1510; x_wconf 90' lang='lat' dir='ltr'><strong>lium</strong></span> <span class='ocrx_word' id='word_1_90' title='bbox 616 1463 670 1510; x_wconf 89' lang='lat' dir='ltr'><strong>et</strong></span> <span class='ocrx_word' id='word_1_91' title='bbox 700 1452 939 1511; x_wconf 80' lang='lat' dir='ltr'><strong>Verbum</strong></span> <span class='ocrx_word' id='word_1_92' title='bbox 969 1452 1149 1510; x_wconf 86' lang='lat' dir='ltr'><strong>Patris</strong></span> <span class='ocrx_word' id='word_1_93' title='bbox 1187 1470 1298 1509; x_wconf 88' lang='lat' dir='ltr'><strong>non</strong></span> <span class='ocrx_word' id='word_1_94' title='bbox 1342 1465 1561 1510; x_wconf 88' lang='lat' dir='ltr'><strong>veretur</strong></span> <span class='ocrx_word' id='word_1_95' title='bbox 1608 1454 1853 1525; x_wconf 86' lang='lat' dir='ltr'><strong>ejusdem</strong></span> <span class='ocrx_word' id='word_1_96' title='bbox 1884 1469 2011 1510; x_wconf 88' lang='lat' dir='ltr'><strong>cum</strong></span> 
     </span>
    </p>
   </div>
   <div class='ocr_carea' id='block_1_17' title="bbox 447 1544 2009 1619">
    <p class='ocr_par' dir='ltr' id='par_1_17' title="bbox 447 1544 2009 1619">
     <span class='ocr_line' id='line_1_17' title="bbox 447 1544 2009 1619; baseline 0.001 -19"><span class='ocrx_word' id='word_1_97' title='bbox 447 1544 629 1603; x_wconf 90' lang='lat' dir='ltr'><strong>Patris</strong></span> <span class='ocrx_word' id='word_1_98' title='bbox 653 1547 977 1602; x_wconf 68' lang='lat' dir='ltr'><strong>substantiae</strong></span> <span class='ocrx_word' id='word_1_99' title='bbox 1017 1546 1297 1604; x_wconf 88' lang='lat' dir='ltr'><strong>consortio</strong></span> <span class='ocrx_word' id='word_1_100' title='bbox 1325 1549 1561 1619; x_wconf 86' lang='lat' dir='ltr'><strong>privare,</strong></span> <span class='ocrx_word' id='word_1_101' title='bbox 1592 1555 1646 1603; x_wconf 90' lang='lat' dir='ltr'><strong>et</strong></span> <span class='ocrx_word' id='word_1_102' title='bbox 1673 1546 2009 1613; x_wconf 84' lang='lat' dir='ltr'><strong>Creatorem,</strong></span> 
     </span>
    </p>
   </div>
   <div class='ocr_carea' id='block_1_18' title="bbox 448 1636 2012 1705">
    <p class='ocr_par' dir='ltr' id='par_1_18' title="bbox 448 1636 2012 1705">
     <span class='ocr_line' id='line_1_18' title="bbox 448 1636 2012 1705; baseline 0.001 -14"><span class='ocrx_word' id='word_1_103' title='bbox 448 1644 714 1693; x_wconf 69' lang='lat' dir='ltr'><strong>creaturae</strong></span> <span class='ocrx_word' id='word_1_104' title='bbox 741 1639 939 1703; x_wconf 86' lang='lat' dir='ltr'><strong>cultor,</strong></span> <span class='ocrx_word' id='word_1_105' title='bbox 969 1639 1254 1694; x_wconf 89' lang='lat' dir='ltr'><strong>contendit</strong></span> <span class='ocrx_word' id='word_1_106' title='bbox 1275 1636 1480 1705; x_wconf 76' lang='lat' dir='ltr'><strong>creatis</strong></span> <span class='ocrx_word' id='word_1_107' title='bbox 1526 1655 1835 1697; x_wconf 88' lang='lat' dir='ltr'><strong>accensere.</strong></span> <span class='ocrx_word' id='word_1_108' title='bbox 1874 1638 2012 1694; x_wconf 87' lang='lat' dir='ltr'><strong>Eum</strong></span> 
     </span>
    </p>
   </div>
   <div class='ocr_carea' id='block_1_19' title="bbox 451 1731 2011 1802">
    <p class='ocr_par' dir='ltr' id='par_1_19' title="bbox 451 1731 2011 1802">
     <span class='ocr_line' id='line_1_19' title="bbox 451 1731 2011 1802; baseline 0.002 -21"><span class='ocrx_word' id='word_1_109' title='bbox 451 1735 633 1784; x_wconf 82' lang='lat' dir='ltr'><strong>autem</strong></span> <span class='ocrx_word' id='word_1_110' title='bbox 682 1731 1044 1800; x_wconf 84' lang='lat' dir='ltr'><strong>persuaseris,</strong></span> <span class='ocrx_word' id='word_1_111' title='bbox 1090 1731 1408 1802; x_wconf 85' lang='lat' dir='ltr'><strong>imperator,</strong></span> <span class='ocrx_word' id='word_1_112' title='bbox 1472 1741 1678 1788; x_wconf 88' lang='lat' dir='ltr'><strong>mutata</strong></span> <span class='ocrx_word' id='word_1_113' title='bbox 1744 1732 2011 1788; x_wconf 90' lang='lat' dir='ltr'><strong>sententia</strong></span> 
     </span>
    </p>
   </div>
   <div class='ocr_carea' id='block_1_20' title="bbox 2109 540 3675 615">
    <p class='ocr_par' dir='ltr' id='par_1_20' title="bbox 2109 540 3675 615">
     <span class='ocr_line' id='line_1_20' title="bbox 2109 540 3675 615; baseline -0.001 -17"><span class='ocrx_word' id='word_1_114' title='bbox 2109 561 2217 599; x_wconf 86' lang='lat' dir='ltr'><strong>rat.</strong></span> <span class='ocrx_word' id='word_1_115' title='bbox 2248 542 2431 615; x_wconf 78' lang='grc' dir='ltr'>Ταύτῃ</span> <span class='ocrx_word' id='word_1_116' title='bbox 2456 543 2768 614; x_wconf 77' lang='grc' dir='ltr'><strong>τειχίζεται,</strong></span> <span class='ocrx_word' id='word_1_117' title='bbox 2801 542 3037 613; x_wconf 82' lang='grc' dir='ltr'>βασιλεῦ,</span> <span class='ocrx_word' id='word_1_118' title='bbox 3064 542 3124 596; x_wconf 83' lang='grc' dir='ltr'>τὸ</span> <span class='ocrx_word' id='word_1_119' title='bbox 3154 542 3251 614; x_wconf 86' lang='grc' dir='ltr'>τῆς</span> <span class='ocrx_word' id='word_1_120' title='bbox 3278 540 3557 603; x_wconf 85' lang='grc' dir='ltr'>εὐσεϐείας</span> <span class='ocrx_word' id='word_1_121' title='bbox 3583 558 3675 596; x_wconf 89' lang='grc' dir='ltr'><strong>σου</strong></span> 
     </span>
    </p>
   </div>
   <div class='ocr_carea' id='block_1_21' title="bbox 2109 633 3679 708">
    <p class='ocr_par' dir='ltr' id='par_1_21' title="bbox 2109 633 3679 708">
     <span class='ocr_line' id='line_1_21' title="bbox 2109 633 3679 708; baseline -0.003 -18"><span class='ocrx_word' id='word_1_122' title='bbox 2109 637 2306 708; x_wconf 84' lang='grc' dir='ltr'>κράτος</span> <span class='ocrx_word' id='word_1_123' title='bbox 2328 653 2342 666; x_wconf 89' lang='grc'><strong>·</strong></span> <span class='ocrx_word' id='word_1_124' title='bbox 2398 635 2600 706; x_wconf 90' lang='grc' dir='ltr'>ταύτην</span> <span class='ocrx_word' id='word_1_125' title='bbox 2656 637 2790 707; x_wconf 77' lang='grc' dir='ltr'>ἡμῖν</span> <span class='ocrx_word' id='word_1_126' title='bbox 2835 635 3028 690; x_wconf 79' lang='grc' dir='ltr'><strong>ἄσυλον</strong></span> <span class='ocrx_word' id='word_1_127' title='bbox 3077 633 3421 705; x_wconf 82' lang='grc' dir='ltr'><strong>διαφύλαττε.</strong></span> <span class='ocrx_word' id='word_1_128' title='bbox 3474 633 3679 702; x_wconf 82' lang='grc' dir='ltr'><strong>Μηδεὶς</strong></span> 
     </span>
    </p>
   </div>
   <div class='ocr_carea' id='block_1_22' title="bbox 2109 725 3677 802">
    <p class='ocr_par' dir='ltr' id='par_1_22' title="bbox 2109 725 3677 802">
     <span class='ocr_line' id='line_1_22' title="bbox 2109 725 3677 802; baseline -0.002 -19"><span class='ocrx_word' id='word_1_129' title='bbox 2109 727 2399 802; x_wconf 79' lang='grc' dir='ltr'>αἱρετικὸς,</span> <span class='ocrx_word' id='word_1_130' title='bbox 2431 727 2629 792; x_wconf 84' lang='grc' dir='ltr'>ύποδὺς</span> <span class='ocrx_word' id='word_1_131' title='bbox 2676 727 2776 799; x_wconf 81' lang='grc' dir='ltr'>τὴν</span> <span class='ocrx_word' id='word_1_132' title='bbox 2812 726 3154 799; x_wconf 84' lang='grc' dir='ltr'><strong>Ἐκκλησίαν,</strong></span> <span class='ocrx_word' id='word_1_133' title='bbox 3194 725 3252 780; x_wconf 76' lang='grc' dir='ltr'><strong>ἐν</strong></span> <span class='ocrx_word' id='word_1_134' title='bbox 3293 743 3347 779; x_wconf 89' lang='grc' dir='ltr'><strong>τι</strong></span> <span class='ocrx_word' id='word_1_135' title='bbox 3382 725 3481 795; x_wconf 82' lang='grc' dir='ltr'>τῆς</span> <span class='ocrx_word' id='word_1_136' title='bbox 3510 725 3677 796; x_wconf 81' lang='grc' dir='ltr'>Τριά-</span> 
     </span>
    </p>
   </div>
   <div class='ocr_carea' id='block_1_23' title="bbox 2108 817 3674 891">
    <p class='ocr_par' dir='ltr' id='par_1_23' title="bbox 2108 817 3674 891">
     <span class='ocr_line' id='line_1_23' title="bbox 2108 817 3674 891; baseline -0.002 -17"><span class='ocrx_word' id='word_1_137' title='bbox 2108 820 2197 884; x_wconf 87' lang='grc' dir='ltr'><strong>δος</strong></span> <span class='ocrx_word' id='word_1_138' title='bbox 2221 821 2541 891; x_wconf 88' lang='grc' dir='ltr'>ἀφαιρείτω,</span> <span class='ocrx_word' id='word_1_139' title='bbox 2575 819 2996 891; x_wconf 80' lang='grc' dir='ltr'>καταλιμπάνων</span> <span class='ocrx_word' id='word_1_140' title='bbox 3026 819 3088 873; x_wconf 85' lang='grc' dir='ltr'>τὸ</span> <span class='ocrx_word' id='word_1_141' title='bbox 3107 818 3421 889; x_wconf 86' lang='grc' dir='ltr'>λειπόμενον</span> <span class='ocrx_word' id='word_1_142' title='bbox 3462 817 3674 888; x_wconf 77' lang='grc' dir='ltr'>ἄτιμον.</span> 
     </span>
    </p>
   </div>
   <div class='ocr_carea' id='block_1_24' title="bbox 2114 905 3679 980">
    <p class='ocr_par' dir='ltr' id='par_1_24' title="bbox 2114 905 3679 980">
     <span class='ocr_line' id='line_1_24' title="bbox 2114 905 3679 980; baseline 0 -20"><span class='ocrx_word' id='word_1_143' title='bbox 2114 909 2331 980; x_wconf 75' lang='grc' dir='ltr'>’Ἄρειος</span> <span class='ocrx_word' id='word_1_144' title='bbox 2369 910 2498 979; x_wconf 80' lang='grc' dir='ltr'>ἡμῖν</span> <span class='ocrx_word' id='word_1_145' title='bbox 2524 910 2553 961; x_wconf 87' lang='grc' dir='ltr'><strong>ό</strong></span> <span class='ocrx_word' id='word_1_146' title='bbox 2583 908 2683 978; x_wconf 80' lang='grc' dir='ltr'>τῆς</span> <span class='ocrx_word' id='word_1_147' title='bbox 2720 909 2915 980; x_wconf 88' lang='grc' dir='ltr'>μανίας</span> <span class='ocrx_word' id='word_1_148' title='bbox 2957 907 3240 979; x_wconf 84' lang='grc' dir='ltr'>ἐπώνυμος</span> <span class='ocrx_word' id='word_1_149' title='bbox 3271 906 3365 961; x_wconf 83' lang='grc' dir='ltr'>τοῦ</span> <span class='ocrx_word' id='word_1_150' title='bbox 3398 907 3556 976; x_wconf 82' lang='grc' dir='ltr'>λόγου</span> <span class='ocrx_word' id='word_1_151' title='bbox 3585 905 3679 960; x_wconf 76' lang='grc' dir='ltr'>καὶ</span> 
     </span>
    </p>
   </div>
   <div class='ocr_carea' id='block_1_25' title="bbox 2110 997 3678 1071">
    <p class='ocr_par' dir='ltr' id='par_1_25' title="bbox 2110 997 3678 1071">
     <span class='ocr_line' id='line_1_25' title="bbox 2110 997 3678 1071; baseline 0 -20"><span class='ocrx_word' id='word_1_152' title='bbox 2110 1000 2210 1071; x_wconf 83' lang='grc' dir='ltr'>τῆς</span> <span class='ocrx_word' id='word_1_153' title='bbox 2243 999 2603 1063; x_wconf 88' lang='grc' dir='ltr'>συνελεύσεως</span> <span class='ocrx_word' id='word_1_154' title='bbox 2635 1000 2835 1064; x_wconf 83' lang='grc' dir='ltr'>αῐτιος”</span> <span class='ocrx_word' id='word_1_155' title='bbox 2874 1000 2954 1063; x_wconf 82' lang='grc' dir='ltr'>ὃς,</span> <span class='ocrx_word' id='word_1_156' title='bbox 2990 1000 3065 1064; x_wconf 84' lang='grc' dir='ltr'>ὡς</span> <span class='ocrx_word' id='word_1_157' title='bbox 3085 1000 3185 1053; x_wconf 82' lang='grc' dir='ltr'>οὐκ</span> <span class='ocrx_word' id='word_1_158' title='bbox 3219 998 3374 1070; x_wconf 82' lang='grc' dir='ltr'>ῐσμεν</span> <span class='ocrx_word' id='word_1_159' title='bbox 3406 1000 3572 1063; x_wconf 81' lang='grc' dir='ltr'>ὅπως,</span> <span class='ocrx_word' id='word_1_160' title='bbox 3599 997 3678 1068; x_wconf 83' lang='grc' dir='ltr'><strong>τῷ</strong></span> 
     </span>
    </p>
   </div>
   <div class='ocr_carea' id='block_1_26' title="bbox 2112 1089 3680 1164">
    <p class='ocr_par' dir='ltr' id='par_1_26' title="bbox 2112 1089 3680 1164">
     <span class='ocr_line' id='line_1_26' title="bbox 2112 1089 3680 1164; baseline 0.001 -22"><span class='ocrx_word' id='word_1_161' title='bbox 2112 1090 2486 1162; x_wconf 80' lang='grc' dir='ltr'>πρεσϐυτερίῳ</span> <span class='ocrx_word' id='word_1_162' title='bbox 2531 1090 2632 1161; x_wconf 79' lang='grc' dir='ltr'>τῆς</span> <span class='ocrx_word' id='word_1_163' title='bbox 2681 1089 3063 1164; x_wconf 81' lang='grc' dir='ltr'><strong>Ἀλεξανδρέων</strong></span> <span class='ocrx_word' id='word_1_164' title='bbox 3110 1091 3494 1161; x_wconf 80' lang='grc' dir='ltr'>ἐγκαταλεγεὶς</span> <span class='ocrx_word' id='word_1_165' title='bbox 3557 1090 3680 1143; x_wconf 89' lang='grc' dir='ltr'><strong>Ἐκ-</strong></span> 
     </span>
    </p>
   </div>
   <div class='ocr_carea' id='block_1_27' title="bbox 2111 1178 3678 1255">
    <p class='ocr_par' dir='ltr' id='par_1_27' title="bbox 2111 1178 3678 1255">
     <span class='ocr_line' id='line_1_27' title="bbox 2111 1178 3678 1255; baseline 0.001 -23"><span class='ocrx_word' id='word_1_166' title='bbox 2111 1178 2356 1251; x_wconf 88' lang='grc' dir='ltr'>κλησίας,</span> <span class='ocrx_word' id='word_1_167' title='bbox 2405 1180 2691 1235; x_wconf 78' lang='grc' dir='ltr'><strong>ἐλάνθανεν</strong></span> <span class='ocrx_word' id='word_1_168' title='bbox 2736 1182 2911 1253; x_wconf 77' lang='grc' dir='ltr'>ἡμᾶς,</span> <span class='ocrx_word' id='word_1_169' title='bbox 2961 1183 3062 1253; x_wconf 83' lang='grc' dir='ltr'>τῆς</span> <span class='ocrx_word' id='word_1_170' title='bbox 3106 1182 3214 1236; x_wconf 91' lang='grc' dir='ltr'><strong>τῶν</strong></span> <span class='ocrx_word' id='word_1_171' title='bbox 3269 1181 3678 1255; x_wconf 87' lang='grc' dir='ltr'>τρισμακαρίων</span> 
     </span>
    </p>
   </div>
   <div class='ocr_carea' id='block_1_28' title="bbox 2112 1271 3679 1346">
    <p class='ocr_par' dir='ltr' id='par_1_28' title="bbox 2112 1271 3679 1346">
     <span class='ocr_line' id='line_1_28' title="bbox 2112 1271 3679 1346; baseline -0.001 -19"><span class='ocrx_word' id='word_1_172' title='bbox 2112 1271 2403 1345; x_wconf 85' lang='grc' dir='ltr'>προφητῶν</span> <span class='ocrx_word' id='word_1_173' title='bbox 2433 1274 2527 1327; x_wconf 77' lang='grc' dir='ltr'>καὶ</span> <span class='ocrx_word' id='word_1_174' title='bbox 2556 1273 2866 1329; x_wconf 81' lang='grc' dir='ltr'>ἀποστόλων</span> <span class='ocrx_word' id='word_1_175' title='bbox 2887 1274 3229 1338; x_wconf 79' lang='grc' dir='ltr'><strong>διδασκαλίας</strong></span> <span class='ocrx_word' id='word_1_176' title='bbox 3249 1275 3505 1346; x_wconf 83' lang='grc' dir='ltr'><strong>ὑπάρχων</strong></span> <span class='ocrx_word' id='word_1_177' title='bbox 3527 1273 3679 1327; x_wconf 87' lang='grc' dir='ltr'>ἁλλό-</span> 
     </span>
    </p>
   </div>
   <div class='ocr_carea' id='block_1_29' title="bbox 2110 1362 3678 1436">
    <p class='ocr_par' dir='ltr' id='par_1_29' title="bbox 2110 1362 3678 1436">
     <span class='ocr_line' id='line_1_29' title="bbox 2110 1362 3678 1436; baseline -0.001 -18"><span class='ocrx_word' id='word_1_178' title='bbox 2110 1381 2279 1436; x_wconf 91' lang='grc' dir='ltr'>τριος.</span> <span class='ocrx_word' id='word_1_179' title='bbox 2302 1364 2404 1418; x_wconf 82' lang='grc' dir='ltr'><strong>Τὸν</strong></span> <span class='ocrx_word' id='word_1_180' title='bbox 2428 1363 2537 1436; x_wconf 85' lang='grc' dir='ltr'>γὰρ</span> <span class='ocrx_word' id='word_1_181' title='bbox 2565 1364 2821 1436; x_wconf 83' lang='grc' dir='ltr'>μονογενῆ</span> <span class='ocrx_word' id='word_1_182' title='bbox 2860 1364 2987 1417; x_wconf 82' lang='grc' dir='ltr'>Υίδν</span> <span class='ocrx_word' id='word_1_183' title='bbox 3015 1366 3109 1419; x_wconf 78' lang='grc' dir='ltr'>καὶ</span> <span class='ocrx_word' id='word_1_184' title='bbox 3136 1365 3308 1433; x_wconf 84' lang='grc' dir='ltr'>Λόγον</span> <span class='ocrx_word' id='word_1_185' title='bbox 3333 1364 3426 1418; x_wconf 83' lang='grc' dir='ltr'><strong>τοῦ</strong></span> <span class='ocrx_word' id='word_1_186' title='bbox 3466 1362 3678 1436; x_wconf 86' lang='grc' dir='ltr'>Πατρὸς</span> 
     </span>
    </p>
   </div>
   <div class='ocr_carea' id='block_1_30' title="bbox 2110 1454 3678 1528">
    <p class='ocr_par' dir='ltr' id='par_1_30' title="bbox 2110 1454 3678 1528">
     <span class='ocr_line' id='line_1_30' title="bbox 2110 1454 3678 1528; baseline -0.001 -19"><span class='ocrx_word' id='word_1_187' title='bbox 2110 1457 2428 1527; x_wconf 79' lang='grc' dir='ltr'>ἀποστερεῖν</span> <span class='ocrx_word' id='word_1_188' title='bbox 2455 1456 2555 1527; x_wconf 83' lang='grc' dir='ltr'>τῆς</span> <span class='ocrx_word' id='word_1_189' title='bbox 2581 1456 2992 1527; x_wconf 87' lang='grc' dir='ltr'>ὁμοουσιότητος</span> <span class='ocrx_word' id='word_1_190' title='bbox 3014 1454 3108 1509; x_wconf 88' lang='grc' dir='ltr'><strong>τοῦ</strong></span> <span class='ocrx_word' id='word_1_191' title='bbox 3136 1456 3347 1528; x_wconf 82' lang='grc' dir='ltr'>Πατρὺς</span> <span class='ocrx_word' id='word_1_192' title='bbox 3376 1456 3476 1508; x_wconf 84' lang='grc' dir='ltr'>οὐκ</span> <span class='ocrx_word' id='word_1_193' title='bbox 3499 1454 3678 1525; x_wconf 89' lang='grc' dir='ltr'>ἐντρέ-</span> 
     </span>
    </p>
   </div>
   <div class='ocr_carea' id='block_1_31' title="bbox 2112 1547 3679 1620">
    <p class='ocr_par' dir='ltr' id='par_1_31' title="bbox 2112 1547 3679 1620">
     <span class='ocr_line' id='line_1_31' title="bbox 2112 1547 3679 1620; baseline -0.001 -19"><span class='ocrx_word' id='word_1_194' title='bbox 2112 1564 2295 1613; x_wconf 90' lang='grc' dir='ltr'>πεται,</span> <span class='ocrx_word' id='word_1_195' title='bbox 2327 1548 2421 1601; x_wconf 73' lang='grc' dir='ltr'>καὶ</span> <span class='ocrx_word' id='word_1_196' title='bbox 2441 1550 2506 1620; x_wconf 83' lang='grc' dir='ltr'>τῇ</span> <span class='ocrx_word' id='word_1_197' title='bbox 2534 1547 2707 1602; x_wconf 85' lang='grc' dir='ltr'>κτίσει</span> <span class='ocrx_word' id='word_1_198' title='bbox 2736 1548 2828 1603; x_wconf 84' lang='grc' dir='ltr'>τὸν</span> <span class='ocrx_word' id='word_1_199' title='bbox 2850 1548 3070 1619; x_wconf 84' lang='grc' dir='ltr'>κτίστην</span> <span class='ocrx_word' id='word_1_200' title='bbox 3089 1549 3118 1600; x_wconf 88' lang='grc' dir='ltr'>ὁ</span> <span class='ocrx_word' id='word_1_201' title='bbox 3147 1547 3529 1619; x_wconf 86' lang='grc' dir='ltr'>κτιστολάτρης</span> <span class='ocrx_word' id='word_1_202' title='bbox 3553 1563 3679 1600; x_wconf 86' lang='grc' dir='ltr'>συν-</span> 
     </span>
    </p>
   </div>
   <div class='ocr_carea' id='block_1_32' title="bbox 2112 1638 3675 1712">
    <p class='ocr_par' dir='ltr' id='par_1_32' title="bbox 2112 1638 3675 1712">
     <span class='ocr_line' id='line_1_32' title="bbox 2112 1638 3675 1712; baseline 0 -20"><span class='ocrx_word' id='word_1_203' title='bbox 2112 1638 2236 1712; x_wconf 91' lang='grc' dir='ltr'>αριθ</span> <span class='ocrx_word' id='word_1_204' title='bbox 2245 1641 2363 1710; x_wconf 85' lang='grc' dir='ltr'>μεῖν</span> <span class='ocrx_word' id='word_1_205' title='bbox 2389 1638 2689 1709; x_wconf 87' lang='grc' dir='ltr'>ἐπείγεται.</span> <span class='ocrx_word' id='word_1_206' title='bbox 2712 1639 2909 1693; x_wconf 82' lang='grc' dir='ltr'>Τοῦτον</span> <span class='ocrx_word' id='word_1_207' title='bbox 2929 1639 2995 1694; x_wconf 83' lang='grc' dir='ltr'>ἂν</span> <span class='ocrx_word' id='word_1_208' title='bbox 3019 1640 3277 1704; x_wconf 84' lang='grc' dir='ltr'>πείσειας,</span> <span class='ocrx_word' id='word_1_209' title='bbox 3299 1639 3675 1710; x_wconf 81' lang='grc' dir='ltr'>αὐτοκράτωρ,</span> 
     </span>
    </p>
   </div>
   <div class='ocr_carea' id='block_1_33' title="bbox 2117 1730 3675 1806">
    <p class='ocr_par' dir='ltr' id='par_1_33' title="bbox 2117 1730 3675 1806">
     <span class='ocr_line' id='line_1_33' title="bbox 2117 1730 3675 1806; baseline -0.003 -18"><span class='ocrx_word' id='word_1_210' title='bbox 2117 1732 2570 1806; x_wconf 83' lang='grc' dir='ltr'>μεταφρονοῦντα,</span> <span class='ocrx_word' id='word_1_211' title='bbox 2607 1736 2719 1797; x_wconf 87' lang='grc' dir='ltr'>τοῖς</span> <span class='ocrx_word' id='word_1_212' title='bbox 2748 1733 3120 1798; x_wconf 73' lang='grc' dir='ltr'>ἀποπολικοῖς</span> <span class='ocrx_word' id='word_1_213' title='bbox 3152 1733 3225 1805; x_wconf 86' lang='grc' dir='ltr'>μὴ</span> <span class='ocrx_word' id='word_1_214' title='bbox 3254 1731 3564 1787; x_wconf 83' lang='grc' dir='ltr'>ἀντιτείνειν</span> <span class='ocrx_word' id='word_1_215' title='bbox 3595 1730 3675 1784; x_wconf 80' lang='grc' dir='ltr'>δι-</span> 
     </span>
    </p>
   </div>
   <div class='ocr_carea' id='block_1_34' title="bbox 450 1816 2010 1897">
    <p class='ocr_par' dir='ltr' id='par_1_34' title="bbox 450 1821 2010 1893">
     <span class='ocr_line' id='line_1_34' title="bbox 450 1821 2010 1893; baseline 0.003 -21"><span class='ocrx_word' id='word_1_216' title='bbox 450 1833 562 1873; x_wconf 92' lang='lat' dir='ltr'><strong>non</strong></span> <span class='ocrx_word' id='word_1_217' title='bbox 588 1835 894 1891; x_wconf 82' lang='lat' dir='ltr'><strong>repugnare</strong></span> <span class='ocrx_word' id='word_1_218' title='bbox 932 1821 1252 1893; x_wconf 88' lang='lat' dir='ltr'><strong>apostolicis</strong></span> <span class='ocrx_word' id='word_1_219' title='bbox 1282 1821 1579 1892; x_wconf 89' lang='lat' dir='ltr'><strong>doctrinis;</strong></span> <span class='ocrx_word' id='word_1_220' title='bbox 1628 1831 1724 1878; x_wconf 92' lang='lat' dir='ltr'><strong>aut</strong></span> <span class='ocrx_word' id='word_1_221' title='bbox 1765 1823 1812 1879; x_wconf 90' lang='lat' dir='ltr'><strong>si</strong></span> <span class='ocrx_word' id='word_1_222' title='bbox 1843 1824 1900 1879; x_wconf 90' lang='lat' dir='ltr'><strong>in</strong></span> <span class='ocrx_word' id='word_1_223' title='bbox 1933 1822 2010 1879; x_wconf 89' lang='lat' dir='ltr'><strong>si-</strong></span> 
     </span>
    </p>
   </div>
   <div class='ocr_carea' id='block_1_35' title="bbox 2112 1816 3675 1897">
    <p class='ocr_par' dir='ltr' id='par_1_35' title="bbox 2112 1820 3675 1897">
     <span class='ocr_line' id='line_1_35' title="bbox 2112 1820 3675 1897; baseline -0.003 -17"><span class='ocrx_word' id='word_1_224' title='bbox 2112 1825 2377 1897; x_wconf 77' lang='grc' dir='ltr'>δάγμασιν</span> <span class='ocrx_word' id='word_1_225' title='bbox 2395 1842 2408 1855; x_wconf 75' lang='grc' dir='ltr'><strong>ο</strong></span> <span class='ocrx_word' id='word_1_226' title='bbox 2450 1824 2484 1895; x_wconf 80' lang='grc' dir='ltr'><strong>ἢ</strong></span> <span class='ocrx_word' id='word_1_227' title='bbox 2515 1826 2626 1889; x_wconf 87' lang='grc' dir='ltr'>τοῖς</span> <span class='ocrx_word' id='word_1_228' title='bbox 2658 1826 2718 1879; x_wconf 82' lang='grc' dir='ltr'><strong>ἐν</strong></span> <span class='ocrx_word' id='word_1_229' title='bbox 2744 1820 2823 1889; x_wconf 74' lang='grc' dir='ltr'>οἷς</span> <span class='ocrx_word' id='word_1_230' title='bbox 2853 1825 2994 1879; x_wconf 86' lang='grc' dir='ltr'><strong>ἐάλω</strong></span> <span class='ocrx_word' id='word_1_231' title='bbox 3020 1824 3333 1890; x_wconf 82' lang='grc' dir='ltr'>κακοδοξίας</span> <span class='ocrx_word' id='word_1_232' title='bbox 3365 1823 3675 1893; x_wconf 82' lang='grc' dir='ltr'>ἐγκείμενον</span> 
     </span>
    </p>
   </div>
   <div class='ocr_carea' id='block_1_36' title="bbox 450 1910 2012 1988">
    <p class='ocr_par' dir='ltr' id='par_1_36' title="bbox 450 1910 2012 1988">
     <span class='ocr_line' id='line_1_36' title="bbox 450 1910 2012 1988; baseline 0.004 -24"><span class='ocrx_word' id='word_1_233' title='bbox 450 1910 640 1966; x_wconf 72' lang='grc' dir='ltr'>ηἰειτιε</span> <span class='ocrx_word' id='word_1_234' title='bbox 665 1912 936 1982; x_wconf 88' lang='lat' dir='ltr'><strong>opinionis</strong></span> <span class='ocrx_word' id='word_1_235' title='bbox 966 1913 1126 1983; x_wconf 82' lang='lat' dir='ltr'><strong>cujus</strong></span> <span class='ocrx_word' id='word_1_236' title='bbox 1151 1923 1234 1970; x_wconf 88' lang='lat' dir='ltr'><strong>est</strong></span> <span class='ocrx_word' id='word_1_237' title='bbox 1253 1915 1558 1981; x_wconf 89' lang='lat' dir='ltr'><strong>convictus,</strong></span> <span class='ocrx_word' id='word_1_238' title='bbox 1587 1915 1864 1988; x_wconf 88' lang='lat' dir='ltr'><strong>impietate</strong></span> <span class='ocrx_word' id='word_1_239' title='bbox 1886 1930 2012 1987; x_wconf 54' lang='lat' dir='ltr'><strong>per.</strong></span> 
     </span>
    </p>
   </div>
   <div class='ocr_carea' id='block_1_37' title="bbox 452 2001 2013 2077">
    <p class='ocr_par' dir='ltr' id='par_1_37' title="bbox 452 2001 2013 2077">
     <span class='ocr_line' id='line_1_37' title="bbox 452 2001 2013 2077; baseline 0.004 -21"><span class='ocrx_word' id='word_1_240' title='bbox 452 2001 674 2065; x_wconf 84' lang='lat' dir='ltr'><strong>stiterit.</strong></span> <span class='ocrx_word' id='word_1_241' title='bbox 702 2019 734 2058; x_wconf 78' lang='grc' dir='ltr'>ι</span> <span class='ocrx_word' id='word_1_242' title='bbox 761 2002 967 2061; x_wconf 87' lang='lat' dir='ltr'><strong>Christi</strong></span> <span class='ocrx_word' id='word_1_243' title='bbox 996 2015 1051 2061; x_wconf 89' lang='lat' dir='ltr'><strong>et</strong></span> <span class='ocrx_word' id='word_1_244' title='bbox 1075 2017 1266 2062; x_wconf 83' lang='lat' dir='ltr'><strong>nostro</strong></span> <span class='ocrx_word' id='word_1_245' title='bbox 1291 2013 1435 2062; x_wconf 65' lang='lat' dir='ltr'><strong>coetu</strong></span> <span class='ocrx_word' id='word_1_246' title='bbox 1485 2021 1712 2077; x_wconf 88' lang='lat' dir='ltr'><strong>prorsus</strong></span> <span class='ocrx_word' id='word_1_247' title='bbox 1746 2007 2013 2062; x_wconf 79' lang='lat' dir='ltr'><strong>extermi-</strong></span> 
     </span>
    </p>
   </div>
   <div class='ocr_carea' id='block_1_38' title="bbox 449 2096 2009 2169">
    <p class='ocr_par' dir='ltr' id='par_1_38' title="bbox 449 2096 2009 2169">
     <span class='ocr_line' id='line_1_38' title="bbox 449 2096 2009 2169; baseline 0.004 -21"><span class='ocrx_word' id='word_1_248' title='bbox 449 2096 689 2164; x_wconf 88' lang='lat' dir='ltr'><strong>naveris,</strong></span> <span class='ocrx_word' id='word_1_249' title='bbox 714 2112 782 2153; x_wconf 89' lang='lat' dir='ltr'><strong>ne</strong></span> <span class='ocrx_word' id='word_1_250' title='bbox 804 2098 1194 2169; x_wconf 89' lang='lat' dir='ltr'><strong>simpliciorum</strong></span> <span class='ocrx_word' id='word_1_251' title='bbox 1224 2100 1439 2159; x_wconf 90' lang='lat' dir='ltr'><strong>animus</strong></span> <span class='ocrx_word' id='word_1_252' title='bbox 1461 2101 1699 2156; x_wconf 92' lang='lat' dir='ltr'><strong>turbidis</strong></span> <span class='ocrx_word' id='word_1_253' title='bbox 1720 2100 2009 2157; x_wconf 79' lang='lat' dir='ltr'><strong>verborum</strong></span> 
     </span>
    </p>
   </div>
   <div class='ocr_carea' id='block_1_39' title="bbox 450 2187 1644 2261">
    <p class='ocr_par' dir='ltr' id='par_1_39' title="bbox 450 2187 1644 2261">
     <span class='ocr_line' id='line_1_39' title="bbox 450 2187 1644 2261; baseline 0.003 -20"><span class='ocrx_word' id='word_1_254' title='bbox 450 2199 673 2241; x_wconf 76' lang='lat' dir='ltr'><strong>suorum</strong></span> <span class='ocrx_word' id='word_1_255' title='bbox 709 2187 996 2246; x_wconf 89' lang='lat' dir='ltr'><strong>lenociniis</strong></span> <span class='ocrx_word' id='word_1_256' title='bbox 1017 2187 1319 2261; x_wconf 61' lang='lat' dir='ltr'><strong>depraedari</strong></span> <span class='ocrx_word' id='word_1_257' title='bbox 1339 2189 1644 2261; x_wconf 74' lang='lat' dir='ltr'><strong>contingat.</strong></span> 
     </span>
    </p>
   </div>
   <div class='ocr_carea' id='block_1_40' title="bbox 2116 1916 3676 1990">
    <p class='ocr_par' dir='ltr' id='par_1_40' title="bbox 2116 1916 3676 1990">
     <span class='ocr_line' id='line_1_40' title="bbox 2116 1916 3676 1990; baseline -0.004 -17"><span class='ocrx_word' id='word_1_258' title='bbox 2116 1917 2472 1989; x_wconf 81' lang='grc' dir='ltr'>ἀσεϐήμασιν,</span> <span class='ocrx_word' id='word_1_259' title='bbox 2494 1917 2662 1989; x_wconf 80' lang='grc' dir='ltr'>ἄρδην</span> <span class='ocrx_word' id='word_1_260' title='bbox 2684 1916 2782 1987; x_wconf 81' lang='grc' dir='ltr'>τῆς</span> <span class='ocrx_word' id='word_1_261' title='bbox 2810 1916 3043 1990; x_wconf 81' lang='grc' dir='ltr'>Χριστοῦ</span> <span class='ocrx_word' id='word_1_262' title='bbox 3069 1918 3162 1972; x_wconf 72' lang='grc' dir='ltr'>καὶ</span> <span class='ocrx_word' id='word_1_263' title='bbox 3183 1916 3336 1988; x_wconf 79' lang='grc' dir='ltr'>ἡμῶν</span> <span class='ocrx_word' id='word_1_264' title='bbox 3362 1916 3676 1986; x_wconf 79' lang='grc' dir='ltr'>ἀφανίσειας</span> 
     </span>
    </p>
   </div>
   <div class='ocr_carea' id='block_1_41' title="bbox 2116 2005 3676 2080">
    <p class='ocr_par' dir='ltr' id='par_1_41' title="bbox 2116 2005 3676 2080">
     <span class='ocr_line' id='line_1_41' title="bbox 2116 2005 3676 2080; baseline -0.003 -17"><span class='ocrx_word' id='word_1_265' title='bbox 2116 2009 2412 2073; x_wconf 83' lang='grc' dir='ltr'>ἐπαύλεως,</span> <span class='ocrx_word' id='word_1_266' title='bbox 2451 2008 2527 2072; x_wconf 87' lang='grc' dir='ltr'><strong>ῶς</strong></span> <span class='ocrx_word' id='word_1_267' title='bbox 2558 2006 2625 2061; x_wconf 79' lang='grc' dir='ltr'>ἂν</span> <span class='ocrx_word' id='word_1_268' title='bbox 2657 2007 2732 2080; x_wconf 85' lang='grc' dir='ltr'>μὴ</span> <span class='ocrx_word' id='word_1_269' title='bbox 2760 2009 2857 2080; x_wconf 80' lang='grc' dir='ltr'><strong>τῆς</strong></span> <span class='ocrx_word' id='word_1_270' title='bbox 2885 2008 3105 2080; x_wconf 81' lang='grc' dir='ltr'>θολερᾶς</span> <span class='ocrx_word' id='word_1_271' title='bbox 3131 2008 3294 2062; x_wconf 75' lang='grc' dir='ltr'>αὑτοῦ</span> <span class='ocrx_word' id='word_1_272' title='bbox 3316 2005 3676 2076; x_wconf 85' lang='grc' dir='ltr'>λογοθωπείσς</span> 
     </span>
    </p>
   </div>
   <div class='ocr_carea' id='block_1_42' title="bbox 2113 2098 3540 2173">
    <p class='ocr_par' dir='ltr' id='par_1_42' title="bbox 2113 2098 3540 2173">
     <span class='ocr_line' id='line_1_42' title="bbox 2113 2098 3540 2173; baseline -0.001 -20"><span class='ocrx_word' id='word_1_273' title='bbox 2113 2099 2213 2165; x_wconf 82' lang='grc' dir='ltr'>τὰς</span> <span class='ocrx_word' id='word_1_274' title='bbox 2237 2098 2345 2154; x_wconf 88' lang='grc' dir='ltr'><strong>τῶν</strong></span> <span class='ocrx_word' id='word_1_275' title='bbox 2371 2099 2750 2173; x_wconf 76' lang='grc' dir='ltr'>ἁπλουστέρων</span> <span class='ocrx_word' id='word_1_276' title='bbox 2777 2098 2954 2172; x_wconf 77' lang='grc' dir='ltr'>ψυχὰς</span> <span class='ocrx_word' id='word_1_277' title='bbox 2982 2100 3278 2173; x_wconf 85' lang='grc' dir='ltr'>ἐργάσηται</span> <span class='ocrx_word' id='word_1_278' title='bbox 3312 2100 3540 2172; x_wconf 87' lang='grc' dir='ltr'>θέραμα.</span> 
     </span>
    </p>
   </div>
   <div class='ocr_carea' id='block_1_43' title="bbox 1553 2420 2533 2693">
    <p class='ocr_par' dir='ltr' id='par_1_43' title="bbox 1553 2420 2533 2693">
     <span class='ocr_line' id='line_1_43' title="bbox 1553 2420 2533 2693; baseline 0.002 -66"><span class='ocrx_word' id='word_1_279' title='bbox 1553 2671 1572 2693; x_wconf 29' lang='grc' dir='ltr'>δ</span> <span class='ocrx_word' id='word_1_280' title='bbox 1637 2420 2533 2630; x_wconf 68' lang='grc' dir='ltr'><strong>ΡΒΑρΜΕΝΤᾹ</strong></span> 
     </span>
    </p>
   </div>
   <div class='ocr_carea' id='block_1_44' title="bbox 823 2745 3283 2815">
    <p class='ocr_par' dir='ltr' id='par_1_44' title="bbox 823 2745 3283 2815">
     <span class='ocr_line' id='line_1_44' title="bbox 823 2745 3283 2815; baseline 0 -2"><span class='ocrx_word' id='word_1_281' title='bbox 823 2752 934 2815; x_wconf 82' lang='lat' dir='ltr'><strong>EX</strong></span> <span class='ocrx_word' id='word_1_282' title='bbox 967 2750 1220 2814; x_wconf 79' lang='lat' dir='ltr'><strong>LIBRIS</strong></span> <span class='ocrx_word' id='word_1_283' title='bbox 1264 2751 1328 2813; x_wconf 90' lang='lat' dir='ltr'><strong>S.</strong></span> <span class='ocrx_word' id='word_1_284' title='bbox 1371 2749 1799 2813; x_wconf 85' lang='lat' dir='ltr'><strong>EUSTATHII</strong></span> <span class='ocrx_word' id='word_1_285' title='bbox 1860 2745 2208 2811; x_wconf 81' lang='lat' dir='ltr'><strong>EPISCOPI</strong></span> <span class='ocrx_word' id='word_1_286' title='bbox 2278 2748 2778 2812; x_wconf 82' lang='lat' dir='ltr'><strong>ANTIOCHENI</strong></span> <span class='ocrx_word' id='word_1_287' title='bbox 2805 2750 3283 2814; x_wconf 80' lang='lat' dir='ltr'><strong>DEPERDITIS</strong></span> 
     </span>
    </p>
   </div>
   <div class='ocr_carea' id='block_1_45' title="bbox 592 2991 3531 3067">
    <p class='ocr_par' dir='ltr' id='par_1_45' title="bbox 592 2991 3531 3067">
     <span class='ocr_line' id='line_1_45' title="bbox 592 2991 3531 3067; baseline 0 -17"><span class='ocrx_word' id='word_1_288' title='bbox 592 2996 651 3051; x_wconf 91' lang='lat' dir='ltr'><strong>In</strong></span> <span class='ocrx_word' id='word_1_289' title='bbox 678 2994 811 3051; x_wconf 90' lang='lat' dir='ltr'><strong>illud</strong></span> <span class='ocrx_word' id='word_1_290' title='bbox 839 2994 1097 3051; x_wconf 86' lang='lat' dir='ltr'><strong>Proverb.</strong></span> <span class='ocrx_word' id='word_1_291' title='bbox 1131 3008 1251 3059; x_wconf 79' lang='lat' dir='ltr'><strong>Vill,</strong></span> <span class='ocrx_word' id='word_1_292' title='bbox 1274 2992 1368 3059; x_wconf 73' lang='lat'><strong>22,</strong></span> <span class='ocrx_word' id='word_1_293' title='bbox 1398 2994 1651 3049; x_wconf 75' lang='lat' dir='ltr'><strong>Dominus</strong></span> <span class='ocrx_word' id='word_1_294' title='bbox 1683 2994 1877 3049; x_wconf 80' lang='lat' dir='ltr'><strong>creavit</strong></span> <span class='ocrx_word' id='word_1_295' title='bbox 1910 3011 2010 3050; x_wconf 81' lang='lat' dir='ltr'><strong>me.</strong></span> <span class='ocrx_word' id='word_1_296' title='bbox 2037 3023 2109 3035; x_wconf 94' lang='lat'>—</span> <span class='ocrx_word' id='word_1_297' title='bbox 2138 2993 2294 3065; x_wconf 78' lang='lat' dir='ltr'><strong>Apud</strong></span> <span class='ocrx_word' id='word_1_298' title='bbox 2328 2991 2740 3061; x_wconf 86' lang='lat' dir='ltr'><strong>Theodoritum,</strong></span> <span class='ocrx_word' id='word_1_299' title='bbox 2783 2995 2880 3051; x_wconf 89' lang='lat' dir='ltr'><strong>lib.</strong></span> <span class='ocrx_word' id='word_1_300' title='bbox 2920 3011 2937 3050; x_wconf 86' lang='grc' dir='ltr'><strong>ι</strong></span> <span class='ocrx_word' id='word_1_301' title='bbox 2975 2993 3117 3050; x_wconf 79' lang='lat' dir='ltr'><strong>Hist.</strong></span> <span class='ocrx_word' id='word_1_302' title='bbox 3145 2996 3295 3060; x_wconf 83' lang='lat' dir='ltr'><strong>eccl.,</strong></span> <span class='ocrx_word' id='word_1_303' title='bbox 3330 3010 3448 3067; x_wconf 88' lang='lat' dir='ltr'><strong>cap.</strong></span> <span class='ocrx_word' id='word_1_304' title='bbox 3479 2998 3531 3053; x_wconf 90' lang='lat'><strong>8.</strong></span> 
     </span>
    </p>
   </div>
   <div class='ocr_carea' id='block_1_46' title="bbox 522 3106 2010 3183">
    <p class='ocr_par' dir='ltr' id='par_1_46' title="bbox 522 3106 2008 3181">
     <span class='ocr_line' id='line_1_46' title="bbox 522 3106 2008 3181; baseline 0 -16"><span class='ocrx_word' id='word_1_305' title='bbox 522 3106 747 3166; x_wconf 81' lang='lat' dir='ltr'><strong>Veniam</strong></span> <span class='ocrx_word' id='word_1_306' title='bbox 778 3118 961 3165; x_wconf 89' lang='lat' dir='ltr'><strong>autem</strong></span> <span class='ocrx_word' id='word_1_307' title='bbox 989 3123 1134 3164; x_wconf 90' lang='lat' dir='ltr'><strong>nunc</strong></span> <span class='ocrx_word' id='word_1_308' title='bbox 1160 3108 1229 3164; x_wconf 89' lang='lat' dir='ltr'><strong>ad</strong></span> <span class='ocrx_word' id='word_1_309' title='bbox 1257 3124 1321 3165; x_wconf 90' lang='lat' dir='ltr'><strong>ea</strong></span> <span class='ocrx_word' id='word_1_310' title='bbox 1351 3125 1472 3180; x_wconf 64' lang='lat' dir='ltr'><strong>qum</strong></span> <span class='ocrx_word' id='word_1_311' title='bbox 1499 3119 1650 3181; x_wconf 86' lang='lat' dir='ltr'><strong>gesta</strong></span> <span class='ocrx_word' id='word_1_312' title='bbox 1686 3120 1833 3168; x_wconf 87' lang='lat' dir='ltr'><strong>sunt.</strong></span> <span class='ocrx_word' id='word_1_313' title='bbox 1867 3110 2008 3178; x_wconf 81' lang='lat' dir='ltr'><strong>Quid</strong></span> 
     </span>
    </p>
   </div>
   <div class='ocr_carea' id='block_1_47' title="bbox 2112 3106 3678 3183">
    <p class='ocr_par' dir='ltr' id='par_1_47' title="bbox 2184 3108 3678 3183">
     <span class='ocr_line' id='line_1_47' title="bbox 2184 3108 3678 3183; baseline 0.004 -21"><span class='ocrx_word' id='word_1_314' title='bbox 2184 3108 2481 3181; x_wconf 86' lang='grc' dir='ltr'>Βαδιοῦμαι</span> <span class='ocrx_word' id='word_1_315' title='bbox 2526 3109 2581 3163; x_wconf 85' lang='grc' dir='ltr'>δὲ</span> <span class='ocrx_word' id='word_1_316' title='bbox 2632 3108 2879 3165; x_wconf 78' lang='grc' dir='ltr'>ἐντεῦθεν</span> <span class='ocrx_word' id='word_1_317' title='bbox 2928 3110 3032 3182; x_wconf 71' lang='grc' dir='ltr'>ἤδη.</span> <span class='ocrx_word' id='word_1_318' title='bbox 3072 3110 3163 3164; x_wconf 77' lang='grc' dir='ltr'>καὶ</span> <span class='ocrx_word' id='word_1_319' title='bbox 3206 3110 3299 3165; x_wconf 77' lang='grc' dir='ltr'><strong>ἐπὶ</strong></span> <span class='ocrx_word' id='word_1_320' title='bbox 3353 3110 3420 3164; x_wconf 81' lang='grc' dir='ltr'><strong>τὰ</strong></span> <span class='ocrx_word' id='word_1_321' title='bbox 3460 3128 3678 3183; x_wconf 72' lang='grc' dir='ltr'>πεπρα-</span> 
     </span>
    </p>
   </div>
   <div class='ocr_carea' id='block_1_48' title="bbox 450 3202 2009 3275">
    <p class='ocr_par' dir='ltr' id='par_1_48' title="bbox 450 3202 2009 3275">
     <span class='ocr_line' id='line_1_48' title="bbox 450 3202 2009 3275; baseline 0.001 -18"><span class='ocrx_word' id='word_1_322' title='bbox 450 3202 661 3275; x_wconf 82' lang='lat' dir='ltr'><strong>igitur?</strong></span> <span class='ocrx_word' id='word_1_323' title='bbox 708 3202 844 3257; x_wconf 90' lang='lat' dir='ltr'><strong>Cum</strong></span> <span class='ocrx_word' id='word_1_324' title='bbox 878 3202 949 3258; x_wconf 89' lang='lat' dir='ltr'><strong>ob</strong></span> <span class='ocrx_word' id='word_1_325' title='bbox 974 3217 1066 3259; x_wconf 89' lang='lat' dir='ltr'><strong>eas</strong></span> <span class='ocrx_word' id='word_1_326' title='bbox 1099 3217 1187 3258; x_wconf 91' lang='lat' dir='ltr'><strong>res</strong></span> <span class='ocrx_word' id='word_1_327' title='bbox 1219 3202 1455 3257; x_wconf 83' lang='lat' dir='ltr'><strong>maxima</strong></span> <span class='ocrx_word' id='word_1_328' title='bbox 1502 3203 1743 3275; x_wconf 83' lang='lat' dir='ltr'><strong>synodus</strong></span> <span class='ocrx_word' id='word_1_329' title='bbox 1775 3203 2009 3260; x_wconf 67' lang='lat' dir='ltr'><strong>Nicaeam</strong></span> 
     </span>
    </p>
   </div>
   <div class='ocr_carea' id='block_1_49' title="bbox 450 3294 2011 3367">
    <p class='ocr_par' dir='ltr' id='par_1_49' title="bbox 450 3294 2011 3367">
     <span class='ocr_line' id='line_1_49' title="bbox 450 3294 2011 3367; baseline 0 -16"><span class='ocrx_word' id='word_1_330' title='bbox 450 3295 814 3360; x_wconf 86' lang='lat' dir='ltr'><strong>convenisset,</strong></span> <span class='ocrx_word' id='word_1_331' title='bbox 867 3294 1120 3350; x_wconf 88' lang='lat' dir='ltr'><strong>ducentis</strong></span> <span class='ocrx_word' id='word_1_332' title='bbox 1149 3294 1371 3349; x_wconf 89' lang='lat' dir='ltr'><strong>circiter</strong></span> <span class='ocrx_word' id='word_1_333' title='bbox 1400 3309 1465 3349; x_wconf 90' lang='lat' dir='ltr'><strong>ac</strong></span> <span class='ocrx_word' id='word_1_334' title='bbox 1497 3296 1843 3367; x_wconf 69' lang='lat' dir='ltr'><strong>septuaginta</strong></span> <span class='ocrx_word' id='word_1_335' title='bbox 1893 3297 2011 3366; x_wconf 92' lang='lat' dir='ltr'><strong>epi-</strong></span> 
     </span>
    </p>
   </div>
   <div class='ocr_carea' id='block_1_50' title="bbox 450 3386 2010 3459">
    <p class='ocr_par' dir='ltr' id='par_1_50' title="bbox 450 3386 2010 3459">
     <span class='ocr_line' id='line_1_50' title="bbox 450 3386 2010 3459; baseline -0.001 -15"><span class='ocrx_word' id='word_1_336' title='bbox 450 3389 630 3459; x_wconf 84' lang='lat' dir='ltr'><strong>scopis</strong></span> <span class='ocrx_word' id='word_1_337' title='bbox 660 3389 862 3459; x_wconf 87' lang='lat' dir='ltr'><strong>(neque</strong></span> <span class='ocrx_word' id='word_1_338' title='bbox 888 3387 1034 3442; x_wconf 90' lang='lat' dir='ltr'><strong>enim</strong></span> <span class='ocrx_word' id='word_1_339' title='bbox 1065 3401 1351 3442; x_wconf 87' lang='lat' dir='ltr'><strong>numerum</strong></span> <span class='ocrx_word' id='word_1_340' title='bbox 1385 3394 1537 3444; x_wconf 91' lang='lat' dir='ltr'><strong>certo</strong></span> <span class='ocrx_word' id='word_1_341' title='bbox 1555 3386 1758 3443; x_wconf 87' lang='lat' dir='ltr'><strong>referre</strong></span> <span class='ocrx_word' id='word_1_342' title='bbox 1789 3403 2010 3458; x_wconf 89' lang='lat' dir='ltr'><strong>possum</strong></span> 
     </span>
    </p>
   </div>
   <div class='ocr_carea' id='block_1_51' title="bbox 449 3480 2013 3553">
    <p class='ocr_par' dir='ltr' id='par_1_51' title="bbox 449 3480 2013 3553">
     <span class='ocr_line' id='line_1_51' title="bbox 449 3480 2013 3553; baseline 0 -16"><span class='ocrx_word' id='word_1_343' title='bbox 449 3484 520 3537; x_wconf 90' lang='lat' dir='ltr'><strong>ob</strong></span> <span class='ocrx_word' id='word_1_344' title='bbox 549 3483 819 3553; x_wconf 79' lang='lat' dir='ltr'><strong>ingentem</strong></span> <span class='ocrx_word' id='word_1_345' title='bbox 843 3488 1146 3535; x_wconf 89' lang='lat' dir='ltr'><strong>conventus</strong></span> <span class='ocrx_word' id='word_1_346' title='bbox 1176 3480 1324 3535; x_wconf 91' lang='lat' dir='ltr'><strong>illius</strong></span> <span class='ocrx_word' id='word_1_347' title='bbox 1363 3481 1786 3544; x_wconf 88' lang='lat' dir='ltr'><strong>multitudinem.</strong></span> <span class='ocrx_word' id='word_1_348' title='bbox 1812 3482 2013 3553; x_wconf 87' lang='lat' dir='ltr'><strong>quippe</strong></span> 
     </span>
    </p>
   </div>
   <div class='ocr_carea' id='block_1_52' title="bbox 446 3572 2009 3643">
    <p class='ocr_par' dir='ltr' id='par_1_52' title="bbox 446 3572 2009 3643">
     <span class='ocr_line' id='line_1_52' title="bbox 446 3572 2009 3643; baseline -0.002 -14"><span class='ocrx_word' id='word_1_349' title='bbox 446 3589 570 3629; x_wconf 89' lang='lat' dir='ltr'><strong>cum</strong></span> <span class='ocrx_word' id='word_1_350' title='bbox 599 3590 699 3629; x_wconf 90' lang='lat' dir='ltr'><strong>nec</strong></span> <span class='ocrx_word' id='word_1_351' title='bbox 720 3573 773 3627; x_wconf 88' lang='lat' dir='ltr'><strong>in</strong></span> <span class='ocrx_word' id='word_1_352' title='bbox 809 3587 876 3628; x_wconf 94' lang='lat' dir='ltr'><strong>eo</strong></span> <span class='ocrx_word' id='word_1_353' title='bbox 897 3572 1271 3643; x_wconf 81' lang='lat' dir='ltr'><strong>investigando</strong></span> <span class='ocrx_word' id='word_1_354' title='bbox 1298 3572 1455 3627; x_wconf 86' lang='lat' dir='ltr'><strong>valde</strong></span> <span class='ocrx_word' id='word_1_355' title='bbox 1483 3573 1739 3629; x_wconf 90' lang='lat' dir='ltr'><strong>curiosus</strong></span> <span class='ocrx_word' id='word_1_356' title='bbox 1770 3572 2009 3643; x_wconf 81' lang='lat' dir='ltr'><strong>fuerim),</strong></span> 
     </span>
    </p>
   </div>
   <div class='ocr_carea' id='block_1_53' title="bbox 448 3664 2012 3738">
    <p class='ocr_par' dir='ltr' id='par_1_53' title="bbox 448 3664 2012 3738">
     <span class='ocr_line' id='line_1_53' title="bbox 448 3664 2012 3738; baseline -0.003 -15"><span class='ocrx_word' id='word_1_357' title='bbox 448 3676 737 3738; x_wconf 82' lang='lat' dir='ltr'><strong>postquam</strong></span> <span class='ocrx_word' id='word_1_358' title='bbox 761 3667 829 3721; x_wconf 92' lang='lat' dir='ltr'><strong>de</strong></span> <span class='ocrx_word' id='word_1_359' title='bbox 852 3666 1014 3721; x_wconf 90' lang='lat' dir='ltr'><strong>modo</strong></span> <span class='ocrx_word' id='word_1_360' title='bbox 1049 3664 1171 3720; x_wconf 86' lang='lat' dir='ltr'><strong>fidei</strong></span> <span class='ocrx_word' id='word_1_361' title='bbox 1202 3666 1371 3736; x_wconf 69' lang='lat' dir='ltr'><strong>quaeri</strong></span> <span class='ocrx_word' id='word_1_362' title='bbox 1396 3672 1634 3736; x_wconf 69' lang='lat' dir='ltr'><strong>emptum</strong></span> <span class='ocrx_word' id='word_1_363' title='bbox 1663 3673 1767 3732; x_wconf 88' lang='lat' dir='ltr'><strong>est,</strong></span> <span class='ocrx_word' id='word_1_364' title='bbox 1797 3664 2012 3719; x_wconf 90' lang='lat' dir='ltr'><strong>libellus</strong></span> 
     </span>
    </p>
   </div>
   <div class='ocr_carea' id='block_1_54' title="bbox 448 3753 2014 3828">
    <p class='ocr_par' dir='ltr' id='par_1_54' title="bbox 448 3753 2014 3828">
     <span class='ocr_line' id='line_1_54' title="bbox 448 3753 2014 3828; baseline -0.003 -15"><span class='ocrx_word' id='word_1_365' title='bbox 448 3758 668 3814; x_wconf 84' lang='lat' dir='ltr'><strong>Eusebii</strong></span> <span class='ocrx_word' id='word_1_366' title='bbox 705 3757 953 3828; x_wconf 90' lang='lat' dir='ltr'><strong>prolatus</strong></span> <span class='ocrx_word' id='word_1_367' title='bbox 983 3762 1069 3811; x_wconf 91' lang='lat' dir='ltr'><strong>est</strong></span> <span class='ocrx_word' id='word_1_368' title='bbox 1101 3755 1159 3810; x_wconf 89' lang='lat' dir='ltr'><strong>in</strong></span> <span class='ocrx_word' id='word_1_369' title='bbox 1208 3754 1467 3818; x_wconf 89' lang='lat' dir='ltr'><strong>medium,</strong></span> <span class='ocrx_word' id='word_1_370' title='bbox 1516 3754 1636 3824; x_wconf 86' lang='lat' dir='ltr'><strong>ejus</strong></span> <span class='ocrx_word' id='word_1_371' title='bbox 1662 3753 2014 3825; x_wconf 62' lang='lat' dir='ltr'><strong>blasphemiae</strong></span> 
     </span>
    </p>
   </div>
   <div class='ocr_carea' id='block_1_55' title="bbox 445 3844 2014 3916">
    <p class='ocr_par' dir='ltr' id='par_1_55' title="bbox 445 3844 2014 3916">
     <span class='ocr_line' id='line_1_55' title="bbox 445 3844 2014 3916; baseline -0.003 -13"><span class='ocrx_word' id='word_1_372' title='bbox 445 3848 810 3903; x_wconf 84' lang='lat' dir='ltr'><strong>certissimum</strong></span> <span class='ocrx_word' id='word_1_373' title='bbox 841 3852 1241 3916; x_wconf 79' lang='lat' dir='ltr'><strong>argumentum.</strong></span> <span class='ocrx_word' id='word_1_374' title='bbox 1275 3845 1380 3912; x_wconf 86' lang='lat' dir='ltr'><strong>Qui</strong></span> <span class='ocrx_word' id='word_1_375' title='bbox 1406 3860 1532 3900; x_wconf 92' lang='lat' dir='ltr'><strong>cum</strong></span> <span class='ocrx_word' id='word_1_376' title='bbox 1567 3845 1745 3915; x_wconf 86' lang='lat' dir='ltr'><strong>palam</strong></span> <span class='ocrx_word' id='word_1_377' title='bbox 1788 3844 2014 3899; x_wconf 74' lang='lat' dir='ltr'><strong>audien~</strong></span> 
     </span>
    </p>
   </div>
   <div class='ocr_carea' id='block_1_56' title="bbox 447 3935 2012 4001">
    <p class='ocr_par' dir='ltr' id='par_1_56' title="bbox 447 3935 2012 4001">
     <span class='ocr_line' id='line_1_56' title="bbox 447 3935 2012 4001; baseline -0.001 -7"><span class='ocrx_word' id='word_1_378' title='bbox 447 3942 592 3995; x_wconf 89' lang='lat' dir='ltr'><strong>tibus</strong></span> <span class='ocrx_word' id='word_1_379' title='bbox 622 3938 838 3994; x_wconf 90' lang='lat' dir='ltr'><strong>cunctis</strong></span> <span class='ocrx_word' id='word_1_380' title='bbox 897 3938 1159 3992; x_wconf 91' lang='lat' dir='ltr'><strong>recitatus</strong></span> <span class='ocrx_word' id='word_1_381' title='bbox 1192 3935 1415 4001; x_wconf 79' lang='lat' dir='ltr'><strong>fuisset‘,</strong></span> <span class='ocrx_word' id='word_1_382' title='bbox 1454 3938 1635 3993; x_wconf 88' lang='lat' dir='ltr'><strong>statim</strong></span> <span class='ocrx_word' id='word_1_383' title='bbox 1672 3936 2012 3992; x_wconf 88' lang='lat' dir='ltr'><strong>auditoribus</strong></span> 
     </span>
    </p>
   </div>
   <div class='ocr_carea' id='block_1_57' title="bbox 446 4032 2012 4109">
    <p class='ocr_par' dir='ltr' id='par_1_57' title="bbox 446 4032 2012 4109">
     <span class='ocr_line' id='line_1_57' title="bbox 446 4032 2012 4109; baseline -0.004 -17"><span class='ocrx_word' id='word_1_384' title='bbox 446 4037 663 4107; x_wconf 90' lang='lat' dir='ltr'><strong>quidem</strong></span> <span class='ocrx_word' id='word_1_385' title='bbox 700 4036 1029 4090; x_wconf 87' lang='lat' dir='ltr'><strong>immensum</strong></span> <span class='ocrx_word' id='word_1_386' title='bbox 1090 4032 1335 4087; x_wconf 88' lang='lat' dir='ltr'><strong>dolorem</strong></span> <span class='ocrx_word' id='word_1_387' title='bbox 1391 4034 1574 4109; x_wconf 88' lang='lat' dir='ltr'><strong>attulit</strong></span> <span class='ocrx_word' id='word_1_388' title='bbox 1629 4033 1699 4087; x_wconf 87' lang='lat' dir='ltr'><strong>ob</strong></span> <span class='ocrx_word' id='word_1_389' title='bbox 1748 4033 2012 4087; x_wconf 65' lang='lat' dir='ltr'><strong>doctrinae</strong></span> 
     </span>
    </p>
   </div>
   <div class='ocr_carea' id='block_1_58' title="bbox 447 4125 2013 4201">
    <p class='ocr_par' dir='ltr' id='par_1_58' title="bbox 447 4125 2013 4201">
     <span class='ocr_line' id='line_1_58' title="bbox 447 4125 2013 4201; baseline -0.003 -18"><span class='ocrx_word' id='word_1_390' title='bbox 447 4132 764 4201; x_wconf 81' lang='lat' dir='ltr'><strong>pravitatem</strong></span> <span class='ocrx_word' id='word_1_391' title='bbox 799 4146 811 4182; x_wconf 91' lang='lat'>:</span> <span class='ocrx_word' id='word_1_392' title='bbox 848 4135 1123 4182; x_wconf 90' lang='lat' dir='ltr'><strong>auctorem</strong></span> <span class='ocrx_word' id='word_1_393' title='bbox 1153 4136 1332 4182; x_wconf 91' lang='lat' dir='ltr'><strong>autem</strong></span> <span class='ocrx_word' id='word_1_394' title='bbox 1368 4127 1549 4196; x_wconf 90' lang='lat' dir='ltr'><strong>ipsum</strong></span> <span class='ocrx_word' id='word_1_395' title='bbox 1577 4126 1781 4196; x_wconf 82' lang='lat' dir='ltr'><strong>ingenti</strong></span> <span class='ocrx_word' id='word_1_396' title='bbox 1807 4125 2013 4195; x_wconf 90' lang='lat' dir='ltr'><strong>pudore</strong></span> 
     </span>
    </p>
   </div>
   <div class='ocr_carea' id='block_1_59' title="bbox 449 4218 2010 4277">
    <p class='ocr_par' dir='ltr' id='par_1_59' title="bbox 449 4218 2010 4277">
     <span class='ocr_line' id='line_1_59' title="bbox 449 4218 2010 4277; baseline -0.002 -2"><span class='ocrx_word' id='word_1_397' title='bbox 449 4239 513 4277; x_wconf 92' lang='lat' dir='ltr'><strong>ac</strong></span> <span class='ocrx_word' id='word_1_398' title='bbox 557 4221 822 4276; x_wconf 90' lang='lat' dir='ltr'><strong>dedecore</strong></span> <span class='ocrx_word' id='word_1_399' title='bbox 853 4218 1050 4275; x_wconf 82' lang='lat' dir='ltr'><strong>aﬂ‘ecit.</strong></span> <span class='ocrx_word' id='word_1_400' title='bbox 1105 4219 1277 4276; x_wconf 93' lang='lat' dir='ltr'><strong>Porro</strong></span> <span class='ocrx_word' id='word_1_401' title='bbox 1309 4234 1433 4275; x_wconf 91' lang='lat' dir='ltr'><strong>cum</strong></span> <span class='ocrx_word' id='word_1_402' title='bbox 1464 4219 1894 4275; x_wconf 88' lang='lat' dir='ltr'><strong>Eusebianorum</strong></span> <span class='ocrx_word' id='word_1_403' title='bbox 1926 4218 2010 4274; x_wconf 86' lang='lat' dir='ltr'><strong>of-</strong></span> 
     </span>
    </p>
   </div>
   <div class='ocr_carea' id='block_1_60' title="bbox 450 4311 2009 4383">
    <p class='ocr_par' dir='ltr' id='par_1_60' title="bbox 450 4311 2009 4383">
     <span class='ocr_line' id='line_1_60' title="bbox 450 4311 2009 4383; baseline -0.004 -13"><span class='ocrx_word' id='word_1_404' title='bbox 450 4316 608 4370; x_wconf 81' lang='lat' dir='ltr'><strong>ficina</strong></span> <span class='ocrx_word' id='word_1_405' title='bbox 633 4313 745 4383; x_wconf 89' lang='lat' dir='ltr'><strong>jam</strong></span> <span class='ocrx_word' id='word_1_406' title='bbox 768 4313 981 4367; x_wconf 89' lang='lat' dir='ltr'><strong>detecta</strong></span> <span class='ocrx_word' id='word_1_407' title='bbox 1011 4321 1178 4377; x_wconf 87' lang='lat' dir='ltr'><strong>esset,</strong></span> <span class='ocrx_word' id='word_1_408' title='bbox 1204 4321 1259 4368; x_wconf 93' lang='lat' dir='ltr'><strong>et</strong></span> <span class='ocrx_word' id='word_1_409' title='bbox 1283 4311 1482 4382; x_wconf 87' lang='lat' dir='ltr'><strong>impius</strong></span> <span class='ocrx_word' id='word_1_410' title='bbox 1515 4311 1730 4367; x_wconf 92' lang='lat' dir='ltr'><strong>libellus</strong></span> <span class='ocrx_word' id='word_1_411' title='bbox 1770 4312 1826 4366; x_wconf 90' lang='lat' dir='ltr'><strong>in</strong></span> <span class='ocrx_word' id='word_1_412' title='bbox 1874 4326 2009 4365; x_wconf 91' lang='lat' dir='ltr'><strong>con-</strong></span> 
     </span>
    </p>
   </div>
   <div class='ocr_carea' id='block_1_61' title="bbox 448 4400 2009 4477">
    <p class='ocr_par' dir='ltr' id='par_1_61' title="bbox 448 4400 2009 4477">
     <span class='ocr_line' id='line_1_61' title="bbox 448 4400 2009 4477; baseline -0.003 -16"><span class='ocrx_word' id='word_1_413' title='bbox 448 4415 635 4477; x_wconf 86' lang='lat' dir='ltr'><strong>spectu</strong></span> <span class='ocrx_word' id='word_1_414' title='bbox 667 4401 910 4458; x_wconf 88' lang='lat' dir='ltr'><strong>omnium</strong></span> <span class='ocrx_word' id='word_1_415' title='bbox 968 4400 1321 4471; x_wconf 86' lang='lat' dir='ltr'><strong>discerptus;</strong></span> <span class='ocrx_word' id='word_1_416' title='bbox 1383 4401 1603 4471; x_wconf 87' lang='lat' dir='ltr'><strong>quidam</strong></span> <span class='ocrx_word' id='word_1_417' title='bbox 1655 4401 2009 4456; x_wconf 89' lang='lat' dir='ltr'><strong>nihilominus</strong></span> 
     </span>
    </p>
   </div>
   <div class='ocr_carea' id='block_1_62' title="bbox 2116 3197 3677 3274">
    <p class='ocr_par' dir='ltr' id='par_1_62' title="bbox 2116 3197 3677 3274">
     <span class='ocr_line' id='line_1_62' title="bbox 2116 3197 3677 3274; baseline -0.001 -19"><span class='ocrx_word' id='word_1_418' title='bbox 2116 3201 2313 3274; x_wconf 87' lang='grc' dir='ltr'>γμένα.</span> <span class='ocrx_word' id='word_1_419' title='bbox 2350 3201 2415 3254; x_wconf 87' lang='grc' dir='ltr'>Τί</span> <span class='ocrx_word' id='word_1_420' title='bbox 2449 3197 2572 3267; x_wconf 76' lang='grc' dir='ltr'>ούνς</span> <span class='ocrx_word' id='word_1_421' title='bbox 2603 3201 2787 3273; x_wconf 83' lang='grc' dir='ltr'>ἐπειδὴ</span> <span class='ocrx_word' id='word_1_422' title='bbox 2810 3201 2897 3255; x_wconf 89' lang='grc' dir='ltr'><strong>διά</strong></span> <span class='ocrx_word' id='word_1_423' title='bbox 2921 3202 3089 3255; x_wconf 77' lang='grc' dir='ltr'>ταῦτα</span> <span class='ocrx_word' id='word_1_424' title='bbox 3119 3201 3330 3264; x_wconf 83' lang='grc' dir='ltr'>σύνοδος</span> <span class='ocrx_word' id='word_1_425' title='bbox 3349 3203 3428 3263; x_wconf 80' lang='grc' dir='ltr'><strong>εἰς</strong></span> <span class='ocrx_word' id='word_1_426' title='bbox 3452 3201 3550 3272; x_wconf 73' lang='grc' dir='ltr'>τὴν</span> <span class='ocrx_word' id='word_1_427' title='bbox 3576 3202 3677 3254; x_wconf 88' lang='grc' dir='ltr'><strong>Νι-</strong></span> 
     </span>
    </p>
   </div>
   <div class='ocr_carea' id='block_1_63' title="bbox 2117 3296 3675 3367">
    <p class='ocr_par' dir='ltr' id='par_1_63' title="bbox 2117 3296 3675 3367">
     <span class='ocr_line' id='line_1_63' title="bbox 2117 3296 3675 3367; baseline -0.001 -16"><span class='ocrx_word' id='word_1_428' title='bbox 2117 3297 2293 3352; x_wconf 90' lang='grc' dir='ltr'>καέων</span> <span class='ocrx_word' id='word_1_429' title='bbox 2322 3297 2627 3367; x_wconf 88' lang='grc' dir='ltr'>ἀφικνεῖται</span> <span class='ocrx_word' id='word_1_430' title='bbox 2660 3296 2918 3367; x_wconf 86' lang='grc' dir='ltr'>μεγίστη,</span> <span class='ocrx_word' id='word_1_431' title='bbox 2963 3296 3243 3351; x_wconf 84' lang='grc' dir='ltr'>διακοσίων</span> <span class='ocrx_word' id='word_1_432' title='bbox 3277 3296 3405 3366; x_wconf 84' lang='grc' dir='ltr'>μήτι</span> <span class='ocrx_word' id='word_1_433' title='bbox 3455 3313 3518 3364; x_wconf 91' lang='grc' dir='ltr'><strong>γε</strong></span> <span class='ocrx_word' id='word_1_434' title='bbox 3579 3298 3675 3350; x_wconf 78' lang='grc' dir='ltr'><strong>καὶ</strong></span> 
     </span>
    </p>
   </div>
   <div class='ocr_carea' id='block_1_64' title="bbox 2118 3386 3670 3459">
    <p class='ocr_par' dir='ltr' id='par_1_64' title="bbox 2118 3386 3670 3459">
     <span class='ocr_line' id='line_1_64' title="bbox 2118 3386 3670 3459; baseline -0.001 -18"><span class='ocrx_word' id='word_1_435' title='bbox 2118 3387 2484 3457; x_wconf 86' lang='grc' dir='ltr'>ἐϐδομήκοντα</span> <span class='ocrx_word' id='word_1_436' title='bbox 2510 3387 2599 3440; x_wconf 81' lang='grc' dir='ltr'>τὸν</span> <span class='ocrx_word' id='word_1_437' title='bbox 2624 3387 2852 3459; x_wconf 80' lang='grc' dir='ltr'>ἀριθμὸν</span> <span class='ocrx_word' id='word_1_438' title='bbox 2879 3387 3041 3459; x_wconf 87' lang='grc' dir='ltr'>ὁμόσε</span> <span class='ocrx_word' id='word_1_439' title='bbox 3065 3387 3441 3458; x_wconf 83' lang='grc' dir='ltr'>συναχθέντων·</span> <span class='ocrx_word' id='word_1_440' title='bbox 3474 3388 3534 3441; x_wconf 84' lang='grc' dir='ltr'>τὸ</span> <span class='ocrx_word' id='word_1_441' title='bbox 3561 3386 3670 3459; x_wconf 85' lang='grc' dir='ltr'><strong>γὰρ</strong></span> 
     </span>
    </p>
   </div>
   <div class='ocr_carea' id='block_1_65' title="bbox 2119 3460 3672 3551">
    <p class='ocr_par' dir='ltr' id='par_1_65' title="bbox 2119 3460 3672 3551">
     <span class='ocr_line' id='line_1_65' title="bbox 2119 3460 3672 3551; baseline 0.001 -19"><span class='ocrx_word' id='word_1_442' title='bbox 2119 3479 2286 3549; x_wconf 84' lang='grc' dir='ltr'>σαφὲς</span> <span class='ocrx_word' id='word_1_443' title='bbox 2324 3477 2413 3530; x_wconf 87' lang='grc' dir='ltr'>διὰ</span> <span class='ocrx_word' id='word_1_444' title='bbox 2454 3477 2544 3533; x_wconf 84' lang='grc' dir='ltr'><strong>τὸν</strong></span> <span class='ocrx_word' id='word_1_445' title='bbox 2591 3477 2691 3548; x_wconf 81' lang='grc' dir='ltr'>τῆς</span> <span class='ocrx_word' id='word_1_446' title='bbox 2732 3478 3088 3551; x_wconf 89' lang='grc' dir='ltr'>πολυανδρίας</span> <span class='ocrx_word' id='word_1_447' title='bbox 3129 3460 3278 3548; x_wconf 73' lang='grc' dir='ltr'>ὄχλον</span> <span class='ocrx_word' id='word_1_448' title='bbox 3309 3480 3407 3550; x_wconf 81' lang='grc' dir='ltr'>οὐχ</span> <span class='ocrx_word' id='word_1_449' title='bbox 3457 3473 3567 3542; x_wconf 81' lang='grc' dir='ltr'>οἷός</span> <span class='ocrx_word' id='word_1_450' title='bbox 3609 3479 3672 3533; x_wconf 83' lang='grc' dir='ltr'><strong>τέ</strong></span> 
     </span>
    </p>
   </div>
   <div class='ocr_carea' id='block_1_66' title="bbox 2116 3568 3676 3642">
    <p class='ocr_par' dir='ltr' id='par_1_66' title="bbox 2116 3568 3676 3642">
     <span class='ocr_line' id='line_1_66' title="bbox 2116 3568 3676 3642; baseline 0.001 -20"><span class='ocrx_word' id='word_1_451' title='bbox 2116 3571 2232 3640; x_wconf 84' lang='grc' dir='ltr'>εἰμι</span> <span class='ocrx_word' id='word_1_452' title='bbox 2256 3568 2504 3639; x_wconf 79' lang='grc' dir='ltr'>γράφειν,</span> <span class='ocrx_word' id='word_1_453' title='bbox 2521 3569 2704 3641; x_wconf 82' lang='grc' dir='ltr'>ἐπειδὴ</span> <span class='ocrx_word' id='word_1_454' title='bbox 2729 3568 2803 3641; x_wconf 86' lang='grc' dir='ltr'>μὴ</span> <span class='ocrx_word' id='word_1_455' title='bbox 2831 3570 3004 3642; x_wconf 80' lang='grc' dir='ltr'>πάντη</span> <span class='ocrx_word' id='word_1_456' title='bbox 3027 3569 3182 3623; x_wconf 79' lang='grc' dir='ltr'>τοῦτο</span> <span class='ocrx_word' id='word_1_457' title='bbox 3203 3569 3676 3642; x_wconf 75' lang='grc' dir='ltr'>περισπουδάστως</span> 
     </span>
    </p>
   </div>
   <div class='ocr_carea' id='block_1_67' title="bbox 2117 3659 3680 3731">
    <p class='ocr_par' dir='ltr' id='par_1_67' title="bbox 2117 3659 3680 3731">
     <span class='ocr_line' id='line_1_67' title="bbox 2117 3659 3680 3731; baseline -0.001 -18"><span class='ocrx_word' id='word_1_458' title='bbox 2117 3660 2424 3729; x_wconf 81' lang='grc' dir='ltr'>ἀνίχνευον’</span> <span class='ocrx_word' id='word_1_459' title='bbox 2462 3659 2536 3723; x_wconf 85' lang='grc' dir='ltr'>ὡς</span> <span class='ocrx_word' id='word_1_460' title='bbox 2569 3659 2625 3712; x_wconf 85' lang='grc' dir='ltr'>δὲ</span> <span class='ocrx_word' id='word_1_461' title='bbox 2674 3659 2918 3730; x_wconf 78' lang='grc' dir='ltr'>ἐζητεῖτο</span> <span class='ocrx_word' id='word_1_462' title='bbox 2959 3661 3057 3731; x_wconf 81' lang='grc' dir='ltr'>τῆς</span> <span class='ocrx_word' id='word_1_463' title='bbox 3113 3660 3345 3723; x_wconf 86' lang='grc' dir='ltr'>πίστεως</span> <span class='ocrx_word' id='word_1_464' title='bbox 3392 3661 3420 3713; x_wconf 88' lang='grc' dir='ltr'>ὁ</span> <span class='ocrx_word' id='word_1_465' title='bbox 3456 3659 3680 3731; x_wconf 75' lang='grc' dir='ltr'>τρόπος,</span> 
     </span>
    </p>
   </div>
   <div class='ocr_carea' id='block_1_68' title="bbox 2116 3747 3684 3823">
    <p class='ocr_par' dir='ltr' id='par_1_68' title="bbox 2116 3747 3684 3823">
     <span class='ocr_line' id='line_1_68' title="bbox 2116 3747 3684 3823; baseline 0.003 -23"><span class='ocrx_word' id='word_1_466' title='bbox 2116 3748 2348 3820; x_wconf 81' lang='grc' dir='ltr'>ἐναργὴς</span> <span class='ocrx_word' id='word_1_467' title='bbox 2380 3747 2483 3819; x_wconf 82' lang='grc' dir='ltr'>μὴν</span> <span class='ocrx_word' id='word_1_468' title='bbox 2518 3748 2735 3819; x_wconf 78' lang='grc' dir='ltr'>ἔλεγχος</span> <span class='ocrx_word' id='word_1_469' title='bbox 2766 3748 2826 3802; x_wconf 79' lang='grc' dir='ltr'>τὸ</span> <span class='ocrx_word' id='word_1_470' title='bbox 2853 3750 3083 3820; x_wconf 85' lang='grc' dir='ltr'>γράμμα</span> <span class='ocrx_word' id='word_1_471' title='bbox 3107 3750 3208 3819; x_wconf 83' lang='grc' dir='ltr'>τῆς</span> <span class='ocrx_word' id='word_1_472' title='bbox 3234 3748 3493 3802; x_wconf 83' lang='grc' dir='ltr'>Εὑσεϐίου</span> <span class='ocrx_word' id='word_1_473' title='bbox 3522 3750 3684 3823; x_wconf 80' lang='grc' dir='ltr'>πρού-</span> 
     </span>
    </p>
   </div>
   <div class='ocr_carea' id='block_1_69' title="bbox 2118 3838 3679 3910">
    <p class='ocr_par' dir='ltr' id='par_1_69' title="bbox 2118 3838 3679 3910">
     <span class='ocr_line' id='line_1_69' title="bbox 2118 3838 3679 3910; baseline 0.003 -20"><span class='ocrx_word' id='word_1_474' title='bbox 2118 3838 2339 3894; x_wconf 84' lang='grc' dir='ltr'>ϐάλλετο</span> <span class='ocrx_word' id='word_1_475' title='bbox 2373 3838 2737 3910; x_wconf 82' lang='grc' dir='ltr'>βλασφημίας.</span> <span class='ocrx_word' id='word_1_476' title='bbox 2799 3841 2922 3893; x_wconf 75' lang='grc' dir='ltr'><strong>Ἐπὶ</strong></span> <span class='ocrx_word' id='word_1_477' title='bbox 2965 3841 3178 3893; x_wconf 86' lang='grc' dir='ltr'>πάντων</span> <span class='ocrx_word' id='word_1_478' title='bbox 3222 3840 3279 3893; x_wconf 83' lang='grc' dir='ltr'>δὲ</span> <span class='ocrx_word' id='word_1_479' title='bbox 3313 3840 3679 3909; x_wconf 66' lang='grc' dir='ltr'>ἀναγνωσθειι,</span> 
     </span>
    </p>
   </div>
   <div class='ocr_carea' id='block_1_70' title="bbox 2116 3930 3681 4005">
    <p class='ocr_par' dir='ltr' id='par_1_70' title="bbox 2116 3930 3681 4005">
     <span class='ocr_line' id='line_1_70' title="bbox 2116 3930 3681 4005; baseline 0.003 -22"><span class='ocrx_word' id='word_1_480' title='bbox 2116 3930 2312 3984; x_wconf 86' lang='grc' dir='ltr'>αὐτίκα</span> <span class='ocrx_word' id='word_1_481' title='bbox 2366 3931 2648 4003; x_wconf 87' lang='grc' dir='ltr'>συμφορὰν</span> <span class='ocrx_word' id='word_1_482' title='bbox 2704 3931 2808 4003; x_wconf 83' lang='grc' dir='ltr'>μὴν</span> <span class='ocrx_word' id='word_1_483' title='bbox 2865 3930 3207 4003; x_wconf 75' lang='grc' dir='ltr'>ἀστάθμητον</span> <span class='ocrx_word' id='word_1_484' title='bbox 3256 3934 3356 4005; x_wconf 84' lang='grc' dir='ltr'>τῆς</span> <span class='ocrx_word' id='word_1_485' title='bbox 3408 3934 3681 4005; x_wconf 75' lang='grc' dir='ltr'>ἐκτροπῆς</span> 
     </span>
    </p>
   </div>
   <div class='ocr_carea' id='block_1_71' title="bbox 2116 4023 3679 4100">
    <p class='ocr_par' dir='ltr' id='par_1_71' title="bbox 2116 4023 3679 4100">
     <span class='ocr_line' id='line_1_71' title="bbox 2116 4023 3679 4100; baseline 0.001 -22"><span class='ocrx_word' id='word_1_486' title='bbox 2116 4024 2278 4078; x_wconf 77' lang='grc' dir='ltr'>ἕνεκα</span> <span class='ocrx_word' id='word_1_487' title='bbox 2329 4027 2441 4088; x_wconf 88' lang='grc' dir='ltr'>τοῖς</span> <span class='ocrx_word' id='word_1_488' title='bbox 2473 4025 2760 4093; x_wconf 87' lang='grc' dir='ltr'>αύτηκόοις</span> <span class='ocrx_word' id='word_1_489' title='bbox 2794 4023 3107 4096; x_wconf 79' lang='grc' dir='ltr'>προύξένει’</span> <span class='ocrx_word' id='word_1_490' title='bbox 3155 4027 3420 4098; x_wconf 87' lang='grc' dir='ltr'>αἰσχύνην</span> <span class='ocrx_word' id='word_1_491' title='bbox 3462 4027 3507 4079; x_wconf 84' lang='grc' dir='ltr'>δ’</span> <span class='ocrx_word' id='word_1_492' title='bbox 3548 4028 3679 4100; x_wconf 83' lang='grc' dir='ltr'>ἀνή-</span> 
     </span>
    </p>
   </div>
   <div class='ocr_carea' id='block_1_72' title="bbox 2117 4114 3679 4190">
    <p class='ocr_par' dir='ltr' id='par_1_72' title="bbox 2117 4114 3679 4190">
     <span class='ocr_line' id='line_1_72' title="bbox 2117 4114 3679 4190; baseline 0.003 -24"><span class='ocrx_word' id='word_1_493' title='bbox 2117 4130 2304 4167; x_wconf 89' lang='grc' dir='ltr'>κεστον</span> <span class='ocrx_word' id='word_1_494' title='bbox 2334 4114 2412 4186; x_wconf 83' lang='grc' dir='ltr'><strong>τῷ</strong></span> <span class='ocrx_word' id='word_1_495' title='bbox 2444 4115 2715 4190; x_wconf 80' lang='grc' dir='ltr'>γράψαντι</span> <span class='ocrx_word' id='word_1_496' title='bbox 2756 4117 3034 4186; x_wconf 88' lang='grc' dir='ltr'>παρεῖχεν.</span> <span class='ocrx_word' id='word_1_497' title='bbox 3083 4115 3297 4186; x_wconf 82' lang='grc' dir='ltr'>Ἐπειδὴ</span> <span class='ocrx_word' id='word_1_498' title='bbox 3333 4117 3390 4169; x_wconf 87' lang='grc' dir='ltr'>δὲ</span> <span class='ocrx_word' id='word_1_499' title='bbox 3419 4117 3480 4170; x_wconf 84' lang='grc' dir='ltr'>τὸ</span> <span class='ocrx_word' id='word_1_500' title='bbox 3512 4119 3679 4190; x_wconf 85' lang='grc' dir='ltr'>ἐργα-</span> 
     </span>
    </p>
   </div>
   <div class='ocr_carea' id='block_1_73' title="bbox 2118 4206 3680 4278">
    <p class='ocr_par' dir='ltr' id='par_1_73' title="bbox 2118 4206 3680 4278">
     <span class='ocr_line' id='line_1_73' title="bbox 2118 4206 3680 4278; baseline 0.004 -20"><span class='ocrx_word' id='word_1_501' title='bbox 2118 4208 2338 4278; x_wconf 88' lang='grc' dir='ltr'>στήριον</span> <span class='ocrx_word' id='word_1_502' title='bbox 2364 4206 2472 4261; x_wconf 89' lang='grc' dir='ltr'><strong>τῶν</strong></span> <span class='ocrx_word' id='word_1_503' title='bbox 2496 4208 2637 4278; x_wconf 75' lang='grc' dir='ltr'>ἀμφὶ</span> <span class='ocrx_word' id='word_1_504' title='bbox 2664 4207 2755 4260; x_wconf 84' lang='grc' dir='ltr'>τὸν</span> <span class='ocrx_word' id='word_1_505' title='bbox 2778 4206 3033 4260; x_wconf 88' lang='grc' dir='ltr'>Εύσέϐιον</span> <span class='ocrx_word' id='word_1_506' title='bbox 3055 4208 3237 4275; x_wconf 81' lang='grc' dir='ltr'>σαφῶς</span> <span class='ocrx_word' id='word_1_507' title='bbox 3264 4209 3424 4273; x_wconf 86' lang='grc' dir='ltr'>ἐάλω,</span> <span class='ocrx_word' id='word_1_508' title='bbox 3451 4210 3546 4264; x_wconf 78' lang='grc' dir='ltr'><strong>τοῦ</strong></span> <span class='ocrx_word' id='word_1_509' title='bbox 3574 4229 3680 4264; x_wconf 89' lang='grc' dir='ltr'>πα-</span> 
     </span>
    </p>
   </div>
   <div class='ocr_carea' id='block_1_74' title="bbox 2118 4298 3676 4371">
    <p class='ocr_par' dir='ltr' id='par_1_74' title="bbox 2118 4298 3676 4371">
     <span class='ocr_line' id='line_1_74' title="bbox 2118 4298 3676 4371; baseline 0.002 -20"><span class='ocrx_word' id='word_1_510' title='bbox 2118 4299 2351 4370; x_wconf 89' lang='grc' dir='ltr'>ρανόμου</span> <span class='ocrx_word' id='word_1_511' title='bbox 2381 4300 2706 4371; x_wconf 85' lang='grc' dir='ltr'>γράμματος</span> <span class='ocrx_word' id='word_1_512' title='bbox 2743 4298 3126 4371; x_wconf 76' lang='grc' dir='ltr'>διαρραγέντος</span> <span class='ocrx_word' id='word_1_513' title='bbox 3156 4299 3246 4352; x_wconf 81' lang='grc' dir='ltr'><strong>ὑπ’</strong></span> <span class='ocrx_word' id='word_1_514' title='bbox 3287 4298 3406 4369; x_wconf 76' lang='grc' dir='ltr'>ὄψει</span> <span class='ocrx_word' id='word_1_515' title='bbox 3438 4303 3676 4365; x_wconf 78' lang='grc' dir='ltr'>πάντων,</span> 
     </span>
    </p>
   </div>
   <div class='ocr_carea' id='block_1_75' title="bbox 2116 4390 3679 4465">
    <p class='ocr_par' dir='ltr' id='par_1_75' title="bbox 2116 4390 3679 4465">
     <span class='ocr_line' id='line_1_75' title="bbox 2116 4390 3679 4465; baseline 0.002 -22"><span class='ocrx_word' id='word_1_516' title='bbox 2116 4390 2249 4461; x_wconf 83' lang='grc' dir='ltr'>ὁμοῦ</span> <span class='ocrx_word' id='word_1_517' title='bbox 2283 4408 2425 4455; x_wconf 89' lang='grc' dir='ltr'>τινες</span> <span class='ocrx_word' id='word_1_518' title='bbox 2458 4392 2522 4444; x_wconf 87' lang='grc' dir='ltr'><strong>ἐκ</strong></span> <span class='ocrx_word' id='word_1_519' title='bbox 2553 4391 2840 4461; x_wconf 70' lang='grc' dir='ltr'>ωσκευῆς.</span> <span class='ocrx_word' id='word_1_520' title='bbox 2864 4390 3099 4462; x_wconf 83' lang='grc' dir='ltr'>τούνομα</span> <span class='ocrx_word' id='word_1_521' title='bbox 3127 4391 3549 4464; x_wconf 88' lang='grc' dir='ltr'>προϐαλλόμενοι</span> <span class='ocrx_word' id='word_1_522' title='bbox 3579 4395 3679 4465; x_wconf 86' lang='grc' dir='ltr'><strong>τῆς</strong></span> 
     </span>
    </p>
   </div>
   <div class='ocr_carea' id='block_1_76' title="bbox 447 4482 2010 4566">
    <p class='ocr_par' dir='ltr' id='par_1_76' title="bbox 447 4491 2010 4566">
     <span class='ocr_line' id='line_1_76' title="bbox 447 4491 2010 4566; baseline -0.004 -13"><span class='ocrx_word' id='word_1_523' title='bbox 447 4514 514 4553; x_wconf 79' lang='lat' dir='ltr'><strong>ex</strong></span> <span class='ocrx_word' id='word_1_524' title='bbox 545 4496 848 4566; x_wconf 91' lang='lat' dir='ltr'><strong>composito</strong></span> <span class='ocrx_word' id='word_1_525' title='bbox 882 4510 1077 4549; x_wconf 91' lang='lat' dir='ltr'><strong>nomen</strong></span> <span class='ocrx_word' id='word_1_526' title='bbox 1111 4495 1263 4564; x_wconf 91' lang='lat' dir='ltr'><strong>pacis</strong></span> <span class='ocrx_word' id='word_1_527' title='bbox 1317 4491 1715 4562; x_wconf 60' lang='lat' dir='ltr'><strong>praetendentes</strong></span> <span class='ocrx_word' id='word_1_528' title='bbox 1735 4531 1750 4556; x_wconf 94' lang='lat'><strong>,</strong></span> <span class='ocrx_word' id='word_1_529' title='bbox 1786 4491 2010 4562; x_wconf 89' lang='lat' dir='ltr'><strong>reliquis</strong></span> 
     </span>
    </p>
   </div>
   <div class='ocr_carea' id='block_1_77' title="bbox 2112 4482 3678 4566">
    <p class='ocr_par' dir='ltr' id='par_1_77' title="bbox 2118 4482 3678 4556">
     <span class='ocr_line' id='line_1_77' title="bbox 2118 4482 3678 4556; baseline 0.002 -19"><span class='ocrx_word' id='word_1_530' title='bbox 2118 4484 2358 4555; x_wconf 80' lang='grc' dir='ltr'>εἰρήνης,</span> <span class='ocrx_word' id='word_1_531' title='bbox 2394 4482 2755 4553; x_wconf 86' lang='grc' dir='ltr'>κατεσίγησαν</span> <span class='ocrx_word' id='word_1_532' title='bbox 2797 4483 2894 4554; x_wconf 83' lang='grc' dir='ltr'>μὲν</span> <span class='ocrx_word' id='word_1_533' title='bbox 2933 4482 3176 4546; x_wconf 77' lang='grc' dir='ltr'>ἅπαντας</span> <span class='ocrx_word' id='word_1_534' title='bbox 3207 4484 3332 4548; x_wconf 78' lang='grc' dir='ltr'>τοὺς</span> <span class='ocrx_word' id='word_1_535' title='bbox 3364 4485 3562 4556; x_wconf 78' lang='grc' dir='ltr'>ἄριστα</span> <span class='ocrx_word' id='word_1_536' title='bbox 3590 4485 3678 4539; x_wconf 88' lang='grc' dir='ltr'>λέ-</span> 
     </span>
    </p>
   </div>
   <div class='ocr_carea' id='block_1_78' title="bbox 446 4584 2013 4657">
    <p class='ocr_par' dir='ltr' id='par_1_78' title="bbox 446 4584 2013 4657">
     <span class='ocr_line' id='line_1_78' title="bbox 446 4584 2013 4657; baseline -0.004 -14"><span class='ocrx_word' id='word_1_537' title='bbox 446 4589 702 4643; x_wconf 81' lang='lat' dir='ltr'><strong>omnibus</strong></span> <span class='ocrx_word' id='word_1_538' title='bbox 728 4586 822 4657; x_wconf 91' lang='lat' dir='ltr'><strong>qui</strong></span> <span class='ocrx_word' id='word_1_539' title='bbox 856 4586 1061 4657; x_wconf 90' lang='lat' dir='ltr'><strong>optima</strong></span> <span class='ocrx_word' id='word_1_540' title='bbox 1098 4586 1281 4641; x_wconf 88' lang='lat' dir='ltr'><strong>dicere</strong></span> <span class='ocrx_word' id='word_1_541' title='bbox 1338 4590 1784 4648; x_wconf 89' lang='lat' dir='ltr'><strong>consueverant,</strong></span> <span class='ocrx_word' id='word_1_542' title='bbox 1843 4584 2013 4639; x_wconf 86' lang='lat' dir='ltr'><strong>silen-</strong></span> 
     </span>
    </p>
   </div>
   <div class='ocr_carea' id='block_1_79' title="bbox 448 4677 2012 4751">
    <p class='ocr_par' dir='ltr' id='par_1_79' title="bbox 448 4677 2012 4751">
     <span class='ocr_line' id='line_1_79' title="bbox 448 4677 2012 4751; baseline -0.004 -17"><span class='ocrx_word' id='word_1_543' title='bbox 448 4678 584 4736; x_wconf 88' lang='lat' dir='ltr'><strong>tium</strong></span> <span class='ocrx_word' id='word_1_544' title='bbox 619 4680 1017 4751; x_wconf 91' lang='lat' dir='ltr'><strong>imposuerunt.</strong></span> <span class='ocrx_word' id='word_1_545' title='bbox 1049 4677 1237 4732; x_wconf 86' lang='lat' dir='ltr'><strong>Ariani</strong></span> <span class='ocrx_word' id='word_1_546' title='bbox 1266 4692 1416 4739; x_wconf 92' lang='lat' dir='ltr'><strong>vero,</strong></span> <span class='ocrx_word' id='word_1_547' title='bbox 1451 4681 1756 4730; x_wconf 86' lang='lat' dir='ltr'><strong>metuentes</strong></span> <span class='ocrx_word' id='word_1_548' title='bbox 1810 4690 1901 4738; x_wconf 89' lang='lat' dir='ltr'><strong>ne,</strong></span> <span class='ocrx_word' id='word_1_549' title='bbox 1932 4682 2012 4729; x_wconf 91' lang='lat' dir='ltr'><strong>tot</strong></span> 
     </span>
    </p>
   </div>
   <div class='ocr_carea' id='block_1_80' title="bbox 447 4766 2013 4843">
    <p class='ocr_par' dir='ltr' id='par_1_80' title="bbox 447 4766 2013 4843">
     <span class='ocr_line' id='line_1_80' title="bbox 447 4766 2013 4843; baseline -0.003 -16"><span class='ocrx_word' id='word_1_550' title='bbox 447 4772 718 4843; x_wconf 89' lang='lat' dir='ltr'><strong>episcopis</strong></span> <span class='ocrx_word' id='word_1_551' title='bbox 763 4772 820 4827; x_wconf 92' lang='lat' dir='ltr'><strong>in</strong></span> <span class='ocrx_word' id='word_1_552' title='bbox 855 4788 1022 4827; x_wconf 90' lang='lat' dir='ltr'><strong>unum</strong></span> <span class='ocrx_word' id='word_1_553' title='bbox 1047 4770 1410 4841; x_wconf 73' lang='lat' dir='ltr'><strong>congregatis,</strong></span> <span class='ocrx_word' id='word_1_554' title='bbox 1445 4768 1551 4840; x_wconf 90' lang='lat' dir='ltr'><strong>ipsi</strong></span> <span class='ocrx_word' id='word_1_555' title='bbox 1585 4766 1826 4822; x_wconf 86' lang='lat' dir='ltr'><strong>Ecclesia</strong></span> <span class='ocrx_word' id='word_1_556' title='bbox 1849 4767 2013 4837; x_wconf 82' lang='lat' dir='ltr'><strong>ejice-</strong></span> 
     </span>
    </p>
   </div>
   <div class='ocr_carea' id='block_1_81' title="bbox 449 4857 2011 4934">
    <p class='ocr_par' dir='ltr' id='par_1_81' title="bbox 449 4857 2011 4934">
     <span class='ocr_line' id='line_1_81' title="bbox 449 4857 2011 4934; baseline -0.005 -15"><span class='ocrx_word' id='word_1_557' title='bbox 449 4871 658 4931; x_wconf 88' lang='lat' dir='ltr'><strong>rentur,</strong></span> <span class='ocrx_word' id='word_1_558' title='bbox 680 4863 734 4916; x_wconf 91' lang='lat' dir='ltr'><strong>in</strong></span> <span class='ocrx_word' id='word_1_559' title='bbox 758 4862 994 4918; x_wconf 89' lang='lat' dir='ltr'><strong>medium</strong></span> <span class='ocrx_word' id='word_1_560' title='bbox 1023 4863 1390 4934; x_wconf 87' lang='lat' dir='ltr'><strong>prosilientes,</strong></span> <span class='ocrx_word' id='word_1_561' title='bbox 1414 4860 1609 4931; x_wconf 87' lang='lat' dir='ltr'><strong>dogma</strong></span> <span class='ocrx_word' id='word_1_562' title='bbox 1638 4858 1780 4929; x_wconf 90' lang='lat' dir='ltr'><strong>quod</strong></span> <span class='ocrx_word' id='word_1_563' title='bbox 1808 4857 2011 4928; x_wconf 89' lang='lat' dir='ltr'><strong>impro-</strong></span> 
     </span>
    </p>
   </div>
   <div class='ocr_carea' id='block_1_82' title="bbox 449 4949 2011 5019">
    <p class='ocr_par' dir='ltr' id='par_1_82' title="bbox 449 4949 2011 5019">
     <span class='ocr_line' id='line_1_82' title="bbox 449 4949 2011 5019; baseline -0.004 -9"><span class='ocrx_word' id='word_1_564' title='bbox 449 4955 634 5010; x_wconf 89' lang='lat' dir='ltr'><strong>batum</strong></span> <span class='ocrx_word' id='word_1_565' title='bbox 657 4952 853 5017; x_wconf 87' lang='lat' dir='ltr'><strong>fuerat,</strong></span> <span class='ocrx_word' id='word_1_566' title='bbox 882 4954 1228 5009; x_wconf 88' lang='lat' dir='ltr'><strong>anathemate</strong></span> <span class='ocrx_word' id='word_1_567' title='bbox 1248 4953 1602 5015; x_wconf 89' lang='lat' dir='ltr'><strong>damnarunt,</strong></span> <span class='ocrx_word' id='word_1_568' title='bbox 1622 4958 1676 5005; x_wconf 91' lang='lat' dir='ltr'><strong>et</strong></span> <span class='ocrx_word' id='word_1_569' title='bbox 1708 4949 1890 5004; x_wconf 90' lang='lat' dir='ltr'><strong>libello</strong></span> <span class='ocrx_word' id='word_1_570' title='bbox 1917 4950 2011 5019; x_wconf 92' lang='lat' dir='ltr'><strong>qui</strong></span> 
     </span>
    </p>
   </div>
   <div class='ocr_carea' id='block_1_83' title="bbox 451 5042 2013 5115">
    <p class='ocr_par' dir='ltr' id='par_1_83' title="bbox 451 5042 2013 5115">
     <span class='ocr_line' id='line_1_83' title="bbox 451 5042 2013 5115; baseline -0.004 -14"><span class='ocrx_word' id='word_1_571' title='bbox 451 5045 696 5101; x_wconf 87' lang='lat' dir='ltr'><strong>unanimi</strong></span> <span class='ocrx_word' id='word_1_572' title='bbox 719 5046 958 5100; x_wconf 90' lang='lat' dir='ltr'><strong>omnium</strong></span> <span class='ocrx_word' id='word_1_573' title='bbox 987 5060 1259 5101; x_wconf 88' lang='lat' dir='ltr'><strong>consensu</strong></span> <span class='ocrx_word' id='word_1_574' title='bbox 1291 5045 1639 5115; x_wconf 87' lang='lat' dir='ltr'><strong>conscriptus</strong></span> <span class='ocrx_word' id='word_1_575' title='bbox 1663 5042 1856 5106; x_wconf 87' lang='lat' dir='ltr'><strong>fuerat,</strong></span> <span class='ocrx_word' id='word_1_576' title='bbox 1884 5057 2013 5112; x_wconf 55' lang='lat' dir='ltr'><strong>pro.</strong></span> 
     </span>
    </p>
   </div>
   <div class='ocr_carea' id='block_1_84' title="bbox 450 5134 2011 5210">
    <p class='ocr_par' dir='ltr' id='par_1_84' title="bbox 450 5134 2011 5210">
     <span class='ocr_line' id='line_1_84' title="bbox 450 5134 2011 5210; baseline -0.004 -16"><span class='ocrx_word' id='word_1_577' title='bbox 450 5139 568 5210; x_wconf 84' lang='lat' dir='ltr'><strong>pria</strong></span> <span class='ocrx_word' id='word_1_578' title='bbox 594 5152 759 5194; x_wconf 91' lang='lat' dir='ltr'><strong>manu</strong></span> <span class='ocrx_word' id='word_1_579' title='bbox 776 5136 1240 5207; x_wconf 84' lang='lat' dir='ltr'><strong>subscripserunt.</strong></span> <span class='ocrx_word' id='word_1_580' title='bbox 1269 5134 1470 5192; x_wconf 82' lang='lat' dir='ltr'><strong>Verum</strong></span> <span class='ocrx_word' id='word_1_581' title='bbox 1505 5136 1802 5208; x_wconf 89' lang='lat' dir='ltr'><strong>episc0pali</strong></span> <span class='ocrx_word' id='word_1_582' title='bbox 1831 5135 2011 5206; x_wconf 87' lang='lat' dir='ltr'><strong>digni-</strong></span> 
     </span>
    </p>
   </div>
   <div class='ocr_carea' id='block_1_85' title="bbox 449 5226 2007 5300">
    <p class='ocr_par' dir='ltr' id='par_1_85' title="bbox 449 5226 2007 5300">
     <span class='ocr_line' id='line_1_85' title="bbox 449 5226 2007 5300; baseline -0.004 -15"><span class='ocrx_word' id='word_1_583' title='bbox 449 5235 562 5286; x_wconf 77' lang='lat' dir='ltr'><strong>tate</strong></span> <span class='ocrx_word' id='word_1_584' title='bbox 594 5244 689 5300; x_wconf 91' lang='lat' dir='ltr'><strong>per</strong></span> <span class='ocrx_word' id='word_1_585' title='bbox 732 5228 994 5282; x_wconf 89' lang='lat' dir='ltr'><strong>ambitum</strong></span> <span class='ocrx_word' id='word_1_586' title='bbox 1022 5233 1077 5283; x_wconf 86' lang='lat' dir='ltr'><strong>et</strong></span> <span class='ocrx_word' id='word_1_587' title='bbox 1102 5227 1354 5284; x_wconf 89' lang='lat' dir='ltr'><strong>assiduas</strong></span> <span class='ocrx_word' id='word_1_588' title='bbox 1404 5226 1865 5298; x_wconf 89' lang='lat' dir='ltr'><strong>interpellationes</strong></span> <span class='ocrx_word' id='word_1_589' title='bbox 1919 5240 2007 5279; x_wconf 91' lang='lat' dir='ltr'><strong>re-</strong></span> 
     </span>
    </p>
   </div>
   <div class='ocr_carea' id='block_1_86' title="bbox 451 5317 2011 5390">
    <p class='ocr_par' dir='ltr' id='par_1_86' title="bbox 451 5317 2011 5390">
     <span class='ocr_line' id='line_1_86' title="bbox 451 5317 2011 5390; baseline -0.003 -14"><span class='ocrx_word' id='word_1_590' title='bbox 451 5331 622 5387; x_wconf 90' lang='lat' dir='ltr'><strong>tenta,</strong></span> <span class='ocrx_word' id='word_1_591' title='bbox 662 5336 787 5377; x_wconf 92' lang='lat' dir='ltr'><strong>cum</strong></span> <span class='ocrx_word' id='word_1_592' title='bbox 818 5333 913 5374; x_wconf 90' lang='lat' dir='ltr'><strong>eos</strong></span> <span class='ocrx_word' id='word_1_593' title='bbox 948 5319 1317 5389; x_wconf 61' lang='lat' dir='ltr'><strong>paenitentiam</strong></span> <span class='ocrx_word' id='word_1_594' title='bbox 1345 5335 1503 5390; x_wconf 89' lang='lat' dir='ltr'><strong>agere</strong></span> <span class='ocrx_word' id='word_1_595' title='bbox 1531 5326 1825 5390; x_wconf 82' lang='lat' dir='ltr'><strong>oporteret,</strong></span> <span class='ocrx_word' id='word_1_596' title='bbox 1856 5317 2011 5372; x_wconf 83' lang='lat' dir='ltr'><strong>dam-</strong></span> 
     </span>
    </p>
   </div>
   <div class='ocr_carea' id='block_1_87' title="bbox 452 5409 2010 5485">
    <p class='ocr_par' dir='ltr' id='par_1_87' title="bbox 452 5409 2010 5485">
     <span class='ocr_line' id='line_1_87' title="bbox 452 5409 2010 5485; baseline -0.003 -19"><span class='ocrx_word' id='word_1_597' title='bbox 452 5422 609 5469; x_wconf 87' lang='lat' dir='ltr'><strong>natas</strong></span> <span class='ocrx_word' id='word_1_598' title='bbox 663 5413 947 5485; x_wconf 91' lang='lat' dir='ltr'><strong>opiniones</strong></span> <span class='ocrx_word' id='word_1_599' title='bbox 989 5424 1134 5464; x_wconf 92' lang='lat' dir='ltr'><strong>nunc</strong></span> <span class='ocrx_word' id='word_1_600' title='bbox 1182 5409 1343 5473; x_wconf 91' lang='lat' dir='ltr'><strong>clam,</strong></span> <span class='ocrx_word' id='word_1_601' title='bbox 1397 5426 1544 5466; x_wconf 91' lang='lat' dir='ltr'><strong>nunc</strong></span> <span class='ocrx_word' id='word_1_602' title='bbox 1589 5421 1773 5481; x_wconf 88' lang='lat' dir='ltr'><strong>aperte</strong></span> <span class='ocrx_word' id='word_1_603' title='bbox 1819 5409 2010 5465; x_wconf 88' lang='lat' dir='ltr'><strong>defen-</strong></span> 
     </span>
    </p>
   </div>
   <div class='ocr_carea' id='block_1_88' title="bbox 453 5498 2012 5575">
    <p class='ocr_par' dir='ltr' id='par_1_88' title="bbox 453 5498 2012 5575">
     <span class='ocr_line' id='line_1_88' title="bbox 453 5498 2012 5575; baseline -0.003 -17"><span class='ocrx_word' id='word_1_604' title='bbox 453 5504 608 5568; x_wconf 92' lang='lat' dir='ltr'><strong>dunt,</strong></span> <span class='ocrx_word' id='word_1_605' title='bbox 631 5504 799 5559; x_wconf 85' lang='lat' dir='ltr'><strong>variis</strong></span> <span class='ocrx_word' id='word_1_606' title='bbox 818 5498 1378 5575; x_wconf 76' lang='lat' dir='ltr'><strong>argumentationibus</strong></span> <span class='ocrx_word' id='word_1_607' title='bbox 1403 5501 1747 5556; x_wconf 88' lang='lat' dir='ltr'><strong>insidiantes.</strong></span> <span class='ocrx_word' id='word_1_608' title='bbox 1780 5499 2012 5570; x_wconf 87' lang='lat' dir='ltr'><strong>Cupien-</strong></span> 
     </span>
    </p>
   </div>
   <div class='ocr_carea' id='block_1_89' title="bbox 454 5592 2009 5663">
    <p class='ocr_par' dir='ltr' id='par_1_89' title="bbox 454 5592 2009 5663">
     <span class='ocr_line' id='line_1_89' title="bbox 454 5592 2009 5663; baseline -0.002 -16"><span class='ocrx_word' id='word_1_609' title='bbox 454 5602 538 5650; x_wconf 90' lang='lat' dir='ltr'><strong>tes</strong></span> <span class='ocrx_word' id='word_1_610' title='bbox 567 5604 744 5650; x_wconf 89' lang='lat' dir='ltr'><strong>autem</strong></span> <span class='ocrx_word' id='word_1_611' title='bbox 772 5595 1109 5650; x_wconf 86' lang='lat' dir='ltr'><strong>zizaniorum</strong></span> <span class='ocrx_word' id='word_1_612' title='bbox 1140 5592 1345 5647; x_wconf 89' lang='lat' dir='ltr'><strong>semina</strong></span> <span class='ocrx_word' id='word_1_613' title='bbox 1373 5592 1635 5656; x_wconf 89' lang='lat' dir='ltr'><strong>stabilire,</strong></span> <span class='ocrx_word' id='word_1_614' title='bbox 1683 5593 1888 5663; x_wconf 91' lang='lat' dir='ltr'><strong>peritos</strong></span> <span class='ocrx_word' id='word_1_615' title='bbox 1911 5592 2009 5645; x_wconf 85' lang='lat' dir='ltr'><strong>lm-</strong></span> 
     </span>
    </p>
   </div>
   <div class='ocr_carea' id='block_1_90' title="bbox 455 5683 2003 5755">
    <p class='ocr_par' dir='ltr' id='par_1_90' title="bbox 455 5683 2003 5755">
     <span class='ocr_line' id='line_1_90' title="bbox 455 5683 2003 5755; baseline -0.001 -18"><span class='ocrx_word' id='word_1_616' title='bbox 455 5685 626 5740; x_wconf 84' lang='lat' dir='ltr'><strong>mines</strong></span> <span class='ocrx_word' id='word_1_617' title='bbox 642 5684 1013 5751; x_wconf 87' lang='lat' dir='ltr'><strong>reformidant,</strong></span> <span class='ocrx_word' id='word_1_618' title='bbox 1038 5694 1090 5740; x_wconf 92' lang='lat' dir='ltr'><strong>et</strong></span> <span class='ocrx_word' id='word_1_619' title='bbox 1112 5697 1335 5755; x_wconf 75' lang='lat' dir='ltr'><strong>sagaces</strong></span> <span class='ocrx_word' id='word_1_620' title='bbox 1352 5684 1684 5751; x_wconf 85' lang='lat' dir='ltr'><strong>inspectores</strong></span> <span class='ocrx_word' id='word_1_621' title='bbox 1699 5683 1970 5753; x_wconf 80' lang='lat' dir='ltr'><strong>refugiunt</strong></span> <span class='ocrx_word' id='word_1_622' title='bbox 1991 5702 2003 5736; x_wconf 87' lang='lat'><strong>:</strong></span> 
     </span>
    </p>
   </div>
   <div class='ocr_carea' id='block_1_91' title="bbox 455 5769 2006 5846">
    <p class='ocr_par' dir='ltr' id='par_1_91' title="bbox 455 5769 2006 5846">
     <span class='ocr_line' id='line_1_91' title="bbox 455 5769 2006 5846; baseline -0.001 -19"><span class='ocrx_word' id='word_1_623' title='bbox 455 5780 616 5843; x_wconf 83' lang='lat' dir='ltr'><strong>atque</strong></span> <span class='ocrx_word' id='word_1_624' title='bbox 646 5774 848 5832; x_wconf 85' lang='lat' dir='ltr'><strong>idcirco</strong></span> <span class='ocrx_word' id='word_1_625' title='bbox 877 5774 1094 5845; x_wconf 89' lang='lat' dir='ltr'><strong>pietatis</strong></span> <span class='ocrx_word' id='word_1_626' title='bbox 1124 5788 1403 5846; x_wconf 63' lang='lat' dir='ltr'><strong>praecones</strong></span> <span class='ocrx_word' id='word_1_627' title='bbox 1428 5773 1569 5827; x_wconf 85' lang='lat' dir='ltr'><strong>bello</strong></span> <span class='ocrx_word' id='word_1_628' title='bbox 1597 5779 1874 5843; x_wconf 84' lang='lat' dir='ltr'><strong>appetunt.</strong></span> <span class='ocrx_word' id='word_1_629' title='bbox 1907 5769 2006 5825; x_wconf 77' lang='lat' dir='ltr'><strong>Ve-</strong></span> 
     </span>
    </p>
   </div>
   <div class='ocr_carea' id='block_1_92' title="bbox 2112 4562 3754 4650">
    <p class='ocr_par' dir='ltr' id='par_1_92' title="bbox 2112 4562 3754 4650">
     <span class='ocr_line' id='line_1_92' title="bbox 2112 4562 3754 4650; baseline 0.001 -21"><span class='ocrx_word' id='word_1_630' title='bbox 2112 4593 2227 4645; x_wconf 86' lang='grc' dir='ltr'>γειν</span> <span class='ocrx_word' id='word_1_631' title='bbox 2255 4574 2528 4638; x_wconf 83' lang='grc' dir='ltr'>εἰωθότας.</span> <span class='ocrx_word' id='word_1_632' title='bbox 2561 4576 2622 4628; x_wconf 78' lang='lat' dir='ltr'><strong>Ol.</strong></span> <span class='ocrx_word' id='word_1_633' title='bbox 2657 4575 2699 4628; x_wconf 86' lang='grc' dir='ltr'>δ’</span> <span class='ocrx_word' id='word_1_634' title='bbox 2742 4576 3137 4647; x_wconf 83' lang='grc' dir='ltr'>Ἀρειομανῖται</span> <span class='ocrx_word' id='word_1_635' title='bbox 3163 4575 3451 4641; x_wconf 86' lang='grc' dir='ltr'>δείσαντες,</span> <span class='ocrx_word' id='word_1_636' title='bbox 3480 4579 3676 4650; x_wconf 91' lang='grc' dir='ltr'>μήπως</span> <span class='ocrx_word' id='word_1_637' title='bbox 3737 4562 3754 4580; x_wconf 73' lang='grc'><em>’</em></span> 
     </span>
    </p>
   </div>
   <div class='ocr_carea' id='block_1_93' title="bbox 2113 4666 3676 4741">
    <p class='ocr_par' dir='ltr' id='par_1_93' title="bbox 2113 4666 3676 4741">
     <span class='ocr_line' id='line_1_93' title="bbox 2113 4666 3676 4741; baseline -0.001 -17"><span class='ocrx_word' id='word_1_638' title='bbox 2113 4670 2219 4739; x_wconf 84' lang='grc' dir='ltr'>ἄρα</span> <span class='ocrx_word' id='word_1_639' title='bbox 2267 4667 2532 4737; x_wconf 84' lang='grc' dir='ltr'>τοσαύτης</span> <span class='ocrx_word' id='word_1_640' title='bbox 2579 4668 2636 4720; x_wconf 89' lang='grc' dir='ltr'><strong>ἐν</strong></span> <span class='ocrx_word' id='word_1_641' title='bbox 2679 4666 2857 4738; x_wconf 85' lang='grc' dir='ltr'><strong>ταύτῷ</strong></span> <span class='ocrx_word' id='word_1_642' title='bbox 2902 4668 3114 4722; x_wconf 83' lang='grc' dir='ltr'>συνόδου</span> <span class='ocrx_word' id='word_1_643' title='bbox 3164 4671 3676 4741; x_wconf 86' lang='grc' dir='ltr'>συγκεκροτημένης</span> 
     </span>
    </p>
   </div>
   <div class='ocr_carea' id='block_1_94' title="bbox 2112 4755 3677 4829">
    <p class='ocr_par' dir='ltr' id='par_1_94' title="bbox 2112 4755 3677 4829">
     <span class='ocr_line' id='line_1_94' title="bbox 2112 4755 3677 4829; baseline 0.001 -20"><span class='ocrx_word' id='word_1_644' title='bbox 2112 4756 2596 4829; x_wconf 74' lang='grc' dir='ltr'>ἐξοπρακισθεῖεν,</span> <span class='ocrx_word' id='word_1_645' title='bbox 2625 4755 3074 4827; x_wconf 77' lang='grc' dir='ltr'>ἀναθεματίζουσι</span> <span class='ocrx_word' id='word_1_646' title='bbox 3103 4755 3200 4826; x_wconf 85' lang='grc' dir='ltr'>μὲν</span> <span class='ocrx_word' id='word_1_647' title='bbox 3229 4756 3677 4827; x_wconf 75' lang='grc' dir='ltr'>προπηδήσαντες</span> 
     </span>
    </p>
   </div>
   <div class='ocr_carea' id='block_1_95' title="bbox 2110 4846 3672 4921">
    <p class='ocr_par' dir='ltr' id='par_1_95' title="bbox 2110 4846 3672 4921">
     <span class='ocr_line' id='line_1_95' title="bbox 2110 4846 3672 4921; baseline -0.002 -17"><span class='ocrx_word' id='word_1_648' title='bbox 2110 4851 2172 4904; x_wconf 84' lang='grc' dir='ltr'>τὸ</span> <span class='ocrx_word' id='word_1_649' title='bbox 2235 4850 2676 4921; x_wconf 81' lang='grc' dir='ltr'>ἀπηγορευμένον</span> <span class='ocrx_word' id='word_1_650' title='bbox 2734 4848 2928 4920; x_wconf 89' lang='grc' dir='ltr'>δόγμα,</span> <span class='ocrx_word' id='word_1_651' title='bbox 2991 4846 3298 4918; x_wconf 80' lang='grc' dir='ltr'>συμφώνοις</span> <span class='ocrx_word' id='word_1_652' title='bbox 3352 4849 3672 4919; x_wconf 82' lang='grc' dir='ltr'>γράμμασιν</span> 
     </span>
    </p>
   </div>
   <div class='ocr_carea' id='block_1_96' title="bbox 2112 4937 3674 5013">
    <p class='ocr_par' dir='ltr' id='par_1_96' title="bbox 2112 4937 3674 5013">
     <span class='ocr_line' id='line_1_96' title="bbox 2112 4937 3674 5013; baseline -0.003 -18"><span class='ocrx_word' id='word_1_653' title='bbox 2112 4941 2523 5013; x_wconf 83' lang='grc' dir='ltr'>ύπογράψαντες</span> <span class='ocrx_word' id='word_1_654' title='bbox 2584 4941 2875 5012; x_wconf 80' lang='grc' dir='ltr'>αὐτοχειρί.</span> <span class='ocrx_word' id='word_1_655' title='bbox 2946 4939 3064 4994; x_wconf 90' lang='grc' dir='ltr'><strong>Τῶν</strong></span> <span class='ocrx_word' id='word_1_656' title='bbox 3124 4939 3180 4992; x_wconf 89' lang='grc' dir='ltr'>δὲ</span> <span class='ocrx_word' id='word_1_657' title='bbox 3236 4938 3530 5012; x_wconf 87' lang='grc' dir='ltr'>προεδριῶν</span> <span class='ocrx_word' id='word_1_658' title='bbox 3584 4937 3674 4992; x_wconf 83' lang='grc' dir='ltr'><strong>διὰ</strong></span> 
     </span>
    </p>
   </div>
   <div class='ocr_carea' id='block_1_97' title="bbox 2113 5028 3674 5102">
    <p class='ocr_par' dir='ltr' id='par_1_97' title="bbox 2113 5028 3674 5102">
     <span class='ocr_line' id='line_1_97' title="bbox 2113 5028 3674 5102; baseline -0.002 -19"><span class='ocrx_word' id='word_1_659' title='bbox 2113 5031 2370 5102; x_wconf 87' lang='grc' dir='ltr'>πλείστης</span> <span class='ocrx_word' id='word_1_660' title='bbox 2399 5031 2529 5102; x_wconf 86' lang='grc' dir='ltr'>ὅσης</span> <span class='ocrx_word' id='word_1_661' title='bbox 2556 5031 2887 5101; x_wconf 84' lang='grc' dir='ltr'>περιδρομῆς</span> <span class='ocrx_word' id='word_1_662' title='bbox 2917 5030 3307 5100; x_wconf 86' lang='grc' dir='ltr'>κρατήσαντες,</span> <span class='ocrx_word' id='word_1_663' title='bbox 3333 5028 3449 5082; x_wconf 85' lang='grc' dir='ltr'>δέον</span> <span class='ocrx_word' id='word_1_664' title='bbox 3476 5028 3674 5091; x_wconf 76' lang='grc' dir='ltr'>αὐτοὺς</span> 
     </span>
    </p>
   </div>
   <div class='ocr_carea' id='block_1_98' title="bbox 2112 5118 3673 5195">
    <p class='ocr_par' dir='ltr' id='par_1_98' title="bbox 2112 5118 3673 5195">
     <span class='ocr_line' id='line_1_98' title="bbox 2112 5118 3673 5195; baseline -0.004 -16"><span class='ocrx_word' id='word_1_665' title='bbox 2112 5126 2424 5179; x_wconf 87' lang='grc' dir='ltr'>ύπόπτωσιν</span> <span class='ocrx_word' id='word_1_666' title='bbox 2463 5123 2778 5195; x_wconf 83' lang='grc' dir='ltr'>λαμϐάνειν,</span> <span class='ocrx_word' id='word_1_667' title='bbox 2810 5120 2932 5173; x_wconf 84' lang='grc' dir='ltr'>τοτὲ</span> <span class='ocrx_word' id='word_1_668' title='bbox 2981 5119 3079 5191; x_wconf 83' lang='grc' dir='ltr'>μὲν</span> <span class='ocrx_word' id='word_1_669' title='bbox 3111 5118 3425 5190; x_wconf 85' lang='grc' dir='ltr'>λεληθότως,</span> <span class='ocrx_word' id='word_1_670' title='bbox 3468 5119 3585 5172; x_wconf 86' lang='grc' dir='ltr'>τοτὲ</span> <span class='ocrx_word' id='word_1_671' title='bbox 3614 5119 3673 5173; x_wconf 82' lang='grc' dir='ltr'>δὲ</span> 
     </span>
    </p>
   </div>
   <div class='ocr_carea' id='block_1_99' title="bbox 2112 5210 3667 5290">
    <p class='ocr_par' dir='ltr' id='par_1_99' title="bbox 2112 5210 3667 5290">
     <span class='ocr_line' id='line_1_99' title="bbox 2112 5210 3667 5290; baseline -0.005 -18"><span class='ocrx_word' id='word_1_672' title='bbox 2112 5219 2402 5290; x_wconf 86' lang='grc' dir='ltr'>προφανῶς</span> <span class='ocrx_word' id='word_1_673' title='bbox 2440 5217 2538 5280; x_wconf 83' lang='grc' dir='ltr'>τὰς</span> <span class='ocrx_word' id='word_1_674' title='bbox 2577 5213 3046 5287; x_wconf 79' lang='grc' dir='ltr'>ἅποψηφισθείσας</span> <span class='ocrx_word' id='word_1_675' title='bbox 3096 5211 3452 5284; x_wconf 89' lang='grc' dir='ltr'>πρεσϐεύουσι</span> <span class='ocrx_word' id='word_1_676' title='bbox 3481 5210 3667 5277; x_wconf 82' lang='grc' dir='ltr'>δόξας,</span> 
     </span>
    </p>
   </div>
   <div class='ocr_carea' id='block_1_100' title="bbox 2109 5300 3669 5380">
    <p class='ocr_par' dir='ltr' id='par_1_100' title="bbox 2109 5300 3669 5380">
     <span class='ocr_line' id='line_1_100' title="bbox 2109 5300 3669 5380; baseline -0.006 -17"><span class='ocrx_word' id='word_1_677' title='bbox 2109 5309 2385 5380; x_wconf 85' lang='grc' dir='ltr'>διαφόροις</span> <span class='ocrx_word' id='word_1_678' title='bbox 2416 5304 2848 5367; x_wconf 79' lang='grc' dir='ltr'>ἐπιϐουλεύοντες</span> <span class='ocrx_word' id='word_1_679' title='bbox 2887 5306 2998 5367; x_wconf 88' lang='grc' dir='ltr'>τοῖς</span> <span class='ocrx_word' id='word_1_680' title='bbox 3046 5301 3304 5372; x_wconf 81' lang='grc' dir='ltr'>ἐλέγχοις.</span> <span class='ocrx_word' id='word_1_681' title='bbox 3349 5300 3669 5371; x_wconf 84' lang='grc' dir='ltr'>Βουλόμενοι</span> 
     </span>
    </p>
   </div>
   <div class='ocr_carea' id='block_1_101' title="bbox 2108 5391 3669 5469">
    <p class='ocr_par' dir='ltr' id='par_1_101' title="bbox 2108 5391 3669 5469">
     <span class='ocr_line' id='line_1_101' title="bbox 2108 5391 3669 5469; baseline -0.005 -14"><span class='ocrx_word' id='word_1_682' title='bbox 2108 5401 2165 5455; x_wconf 85' lang='grc' dir='ltr'>δὲ</span> <span class='ocrx_word' id='word_1_683' title='bbox 2204 5399 2482 5469; x_wconf 85' lang='grc' dir='ltr'>παγιῶσαι</span> <span class='ocrx_word' id='word_1_684' title='bbox 2512 5397 2580 5451; x_wconf 89' lang='grc' dir='ltr'><strong>τά</strong></span> <span class='ocrx_word' id='word_1_685' title='bbox 2611 5395 2894 5466; x_wconf 79' lang='grc' dir='ltr'>ζιζανιώδη</span> <span class='ocrx_word' id='word_1_686' title='bbox 2922 5395 3367 5466; x_wconf 89' lang='grc' dir='ltr'>φυτουργήματα,</span> <span class='ocrx_word' id='word_1_687' title='bbox 3402 5391 3669 5447; x_wconf 86' lang='grc' dir='ltr'>δεδοίκασι</span> 
     </span>
    </p>
   </div>
   <div class='ocr_carea' id='block_1_102' title="bbox 2107 5487 3671 5562">
    <p class='ocr_par' dir='ltr' id='par_1_102' title="bbox 2107 5487 3671 5562">
     <span class='ocr_line' id='line_1_102' title="bbox 2107 5487 3671 5562; baseline -0.006 -14"><span class='ocrx_word' id='word_1_688' title='bbox 2107 5496 2234 5559; x_wconf 80' lang='grc' dir='ltr'>τοὺς</span> <span class='ocrx_word' id='word_1_689' title='bbox 2265 5491 2659 5562; x_wconf 74' lang='grc' dir='ltr'>ἐπιγνώμονας,</span> <span class='ocrx_word' id='word_1_690' title='bbox 2680 5489 2772 5542; x_wconf 82' lang='grc' dir='ltr'>καὶ</span> <span class='ocrx_word' id='word_1_691' title='bbox 2795 5487 3096 5541; x_wconf 80' lang='grc' dir='ltr'>ἐκκλίνουσι</span> <span class='ocrx_word' id='word_1_692' title='bbox 3128 5488 3253 5550; x_wconf 80' lang='grc' dir='ltr'>τοὺς</span> <span class='ocrx_word' id='word_1_693' title='bbox 3280 5487 3505 5558; x_wconf 79' lang='grc' dir='ltr'>ἐφόρους</span> <span class='ocrx_word' id='word_1_694' title='bbox 3522 5502 3536 5516; x_wconf 78' lang='grc' dir='ltr'><strong>ο</strong></span> <span class='ocrx_word' id='word_1_695' title='bbox 3574 5488 3671 5541; x_wconf 72' lang='grc' dir='ltr'>καὶ</span> 
     </span>
    </p>
   </div>
   <div class='ocr_carea' id='block_1_103' title="bbox 2107 5579 3666 5660">
    <p class='ocr_par' dir='ltr' id='par_1_103' title="bbox 2107 5579 3666 5660">
     <span class='ocr_line' id='line_1_103' title="bbox 2107 5579 3666 5660; baseline -0.007 -19"><span class='ocrx_word' id='word_1_696' title='bbox 2107 5587 2280 5660; x_wconf 78' lang='grc' dir='ltr'>ταύτῃ</span> <span class='ocrx_word' id='word_1_697' title='bbox 2324 5585 2450 5648; x_wconf 87' lang='grc' dir='ltr'>τοὺς</span> <span class='ocrx_word' id='word_1_698' title='bbox 2495 5583 2593 5654; x_wconf 84' lang='grc' dir='ltr'>τῆς</span> <span class='ocrx_word' id='word_1_699' title='bbox 2644 5579 2921 5644; x_wconf 75' lang='grc' dir='ltr'>εὐσεϐείας</span> <span class='ocrx_word' id='word_1_700' title='bbox 2962 5581 3205 5651; x_wconf 86' lang='grc' dir='ltr'>κήρυκας</span> <span class='ocrx_word' id='word_1_701' title='bbox 3250 5579 3666 5649; x_wconf 66' lang='grc' dir='ltr'>ἐκπολεμώσιν.</span> 
     </span>
    </p>
   </div>
   <div class='ocr_carea' id='block_1_104' title="bbox 2109 5670 3669 5751">
    <p class='ocr_par' dir='ltr' id='par_1_104' title="bbox 2109 5670 3669 5751">
     <span class='ocr_line' id='line_1_104' title="bbox 2109 5670 3669 5751; baseline -0.007 -18"><span class='ocrx_word' id='word_1_702' title='bbox 2109 5681 2222 5751; x_wconf 79' lang='grc' dir='ltr'>Οὐχ</span> <span class='ocrx_word' id='word_1_703' title='bbox 2253 5678 2393 5731; x_wconf 79' lang='grc' dir='ltr'>οὕτω</span> <span class='ocrx_word' id='word_1_704' title='bbox 2423 5676 2480 5728; x_wconf 80' lang='grc' dir='ltr'>δὲ</span> <span class='ocrx_word' id='word_1_705' title='bbox 2514 5673 2856 5743; x_wconf 85' lang='grc' dir='ltr'>πιστεύομεν,</span> <span class='ocrx_word' id='word_1_706' title='bbox 2897 5672 2971 5735; x_wconf 89' lang='grc' dir='ltr'>ὼς</span> <span class='ocrx_word' id='word_1_707' title='bbox 3006 5670 3322 5741; x_wconf 84' lang='grc' dir='ltr'>ἀνθρώπους</span> <span class='ocrx_word' id='word_1_708' title='bbox 3349 5671 3543 5734; x_wconf 81' lang='grc' dir='ltr'>ἀθέους</span> <span class='ocrx_word' id='word_1_709' title='bbox 3573 5670 3669 5724; x_wconf 71' lang='grc' dir='ltr'>δύο</span> 
     </span>
    </p>
   </div>
   <div class='ocr_carea' id='block_1_105' title="bbox 2109 5759 3663 5837">
    <p class='ocr_par' dir='ltr' id='par_1_105' title="bbox 2109 5759 3663 5837">
     <span class='ocr_line' id='line_1_105' title="bbox 2109 5759 3663 5837; baseline -0.008 -11"><span class='ocrx_word' id='word_1_710' title='bbox 2109 5769 2302 5826; x_wconf 85' lang='grc' dir='ltr'>νασθαι</span> <span class='ocrx_word' id='word_1_711' title='bbox 2344 5763 2611 5837; x_wconf 80' lang='grc' dir='ltr'>κρατῆσαι</span> <span class='ocrx_word' id='word_1_712' title='bbox 2657 5763 2871 5817; x_wconf 83' lang='grc' dir='ltr'>πώποτε</span> <span class='ocrx_word' id='word_1_713' title='bbox 2921 5760 3013 5815; x_wconf 75' lang='grc' dir='ltr'><strong>τοῦ</strong></span> <span class='ocrx_word' id='word_1_714' title='bbox 3058 5759 3223 5815; x_wconf 87' lang='grc' dir='ltr'>θείου.</span> <span class='ocrx_word' id='word_1_715' title='bbox 3254 5761 3377 5815; x_wconf 76' lang='grc' dir='ltr'><strong>,Κᾶν</strong></span> <span class='ocrx_word' id='word_1_716' title='bbox 3417 5763 3527 5828; x_wconf 82' lang='grc' dir='ltr'>γὰρ</span> <span class='ocrx_word' id='word_1_717' title='bbox 3563 5766 3663 5819; x_wconf 69' lang='grc' dir='ltr'>παῖ-</span> 
     </span>
    </p>
   </div>
  </div>
