4090 6288
328 370 438 433 677
1746 367 1927 423 FRAG

2024 365 2196 423 ZNTA.
3462 368 3569 425 678

328 491 415 549 λιν
447 489 729 562 ἰσχύσωσι,
772 489 865 543 καὶ
891 487 1053 543 πάλιν
1087 487 1476 561 ἡττηθήσονται
1518 486 1658 542 κατά
1680 489 1771 542 τὸν
1815 505 1901 541 σε-

2024 502 2124 541 ‘um
2154 502 2223 543 ne
2256 486 2338 543 sic
2364 485 2583 557 quidem
2613 487 2909 555 credimus,
2960 488 3161 559 impios
3212 487 3464 544 homines
3486 492 3572 543 di-

332 584 611 661 μνόφωνον
639 582 925 655 προφήτην
953 583 1198 638 Ἡσαΐαν.

2024 580 2189 634 rinum
2225 595 2427 635 numen
2483 596 2721 651 unquam
2775 596 2940 651 posse
2995 579 3570 652 superare-Quamvie

2002 671 2147 726 enim
2162 670 2309 726 vires
2323 670 2504 726 denuo
2523 681 2863 743 comparent,
2889 672 3068 729 denuo
3086 673 3393 741 vincentur,
3412 672 3571 744 juxta

2002 761 2348 833 magniﬁcum
2377 763 2698 834 prophetam
2728 762 2946 821 Isaiam.

1030 868 1182 940 Apud
1215 866 1465 923 eumdem
1487 864 1900 927 Theodoritum.
1939 873 2080 930 Dial.
2117 874 2313 947 LOpp'.
2345 887 2476 932 tom.
2500 877 2594 944 ιν,
2623 893 2745 951 pag.
2777 878 2868 934 58.

339 979 449 1039 Τοῦ
479 977 665 1037 αὐτοῦ
712 978 785 1035 ἐκ
814 976 923 1033 τοῦ
947 979 1130 1047 λόγου
1163 980 1249 1044 εἰς
1279 979 1365 1031 τό·
1396 996 1416 1030 ε
1460 980 1675 1047 Κύριος
1702 981 1905 1039 ἕκτισέ

2024 986 2284 1057 Ejusdem,
2305 1003 2373 1043 ea:
2398 1005 2634 1044 sermone
2659 991 2715 1044 in
2748 990 2918 1045 illud:
2946 1008 2965 1042 ι
2998 989 3252 1045 Dominus
3278 991 3472 1046 creavit
3493 1007 3574 1047 me

714 1089 793 1143 με
832 1071 1030 1142 ἀρχὴν
1058 1072 1213 1127 ὁδῶν
1239 1069 1448 1125 αὐτοῦ.
1493 1090 1512 1124 ι

2431 1061 2635 1113 initium
2656 1062 2859 1115 viarum
2878 1078 3114 1115 suarum.
3131 1082 3150 1114 ι

404 1165 467 1218 Εἰ
495 1163 594 1236 μὲν
620 1159 714 1219 οὖν
746 1163 919 1236 ἀρχὴν
945 1164 1045 1235 τῆς
1070 1162 1369 1235 γεννήσεως
1397 1156 1618 1235 εἴληφεν
1649 1166 1679 1219 6
1708 1166 1900 1236 Λόγος,

2081 1147 2139 1204 Si
2161 1165 2292 1221 ergo
2319 1153 2686 1221 generationis
2717 1152 3044 1224 principium
3070 1153 3281 1224 accepit
3310 1150 3569 1218 Verbum,

333 1261 427 1331 ἀφ’
454 1254 515 1314 οὗ
554 1258 642 1313 διὰ
672 1260 772 1331 τῆς
818 1256 1074 1330 μητρῴας
1101 1256 1374 1321 διοδεύσας
1400 1256 1636 1330 γαστρὸς
1666 1258 1766 1324 τὰς
1793 1277 1901 1313 σω-

2024 1257 2076 1297 ex
2096 1258 2206 1314 quo
2249 1258 2346 1313 per
2373 1249 2682 1299 maternum
2712 1245 2989 1301 transiens
3023 1253 3239 1300 uterum
3269 1246 3576 1315 corporalia

339 1349 573 1422 ματικάς
613 1349 870 1422 ὲφόρεσεν
914 1347 1199 1420 ἁρμονίας,
1245 1349 1599 1421 συνέστηκεν,
1632 1350 1713 1403 ὅτι
1742 1349 1898 1419 γέγο-

2024 1335 2249 1391 nemhra
2281 1334 2536 1407 gestavit,
2568 1342 2785 1392 constat
2810 1337 2957 1407 quod
3006 1336 3183 1394 iactus
3212 1345 3298 1394 est
3335 1354 3403 1395 ex
3454 1354 3576 1393 mu-

336 1456 426 1492 νεν
454 1440 518 1493 ὲκ
545 1438 828 1508 γυναικός·
863 1437 912 1490 εἰ
943 1436 1001 1490 δὲ
1036 1435 1207 1504 Λόγος
1248 1436 1344 1489 καὶ
1371 1434 1503 1500 Θεὸς
1530 1431 1598 1506 ἦν
1638 1435 1900 1490 ἀνέκαθεν

2029 1426 2160 1482 iere.
2194 1427 2263 1482 At
2292 1426 2339 1482 si
2385 1425 2623 1483 Verbum
2653 1435 2708 1482 et
2737 1426 2881 1483 Deus
2918 1435 3083 1484 antea
3128 1437 3246 1483 erat
3284 1429 3428 1499 apud
3473 1427 3578 1483 Pa-

340 1532 492 1607 παρὰ
519 1530 598 1604 τῷ
629 1531 824 1601 Πατρὶ,
872 1528 964 1582 καὶ
1002 1527 1073 1582 τὰ
1112 1527 1401 1599 σύμπαντα
1436 1527 1503 1582 δι’
1544 1527 1710 1582 αὐτοῦ
1741 1545 1901 1598 γεγε-

2024 1532 2147 1574 .rem
2176 1527 2231 1576 et.
2264 1518 2518 1573 universa
2549 1532 2645 1589 per
2668 1518 2846 1588 ipsum
2872 1515 3014 1573 facta
3039 1533 3161 1575 esse
3182 1519 3438 1587 dicimus,
3464 1535 3575 1574 non

339 1624 533 1697 νῆσθαί
563 1641 772 1695 φαμεν,
809 1624 910 1677 οὐκ
941 1622 1050 1695 ἄρα
1076 1622 1297 1692 γέγονεν
1338 1622 1403 1676 ὲκ
1441 1623 1698 1692 γυναικὸς
1732 1622 1763 1676 6
1803 1622 1899 1686 ὢν,

2024 1618 2093 1667 est
2118 1612 2304 1682 utique
2352 1609 2532 1667 factus
2559 1625 2626 1666 ex
2648 1610 2878 1667 muliere
2903 1650 2919 1676 ,
2953 1610 3050 1682 qui
3084 1619 3190 1675 est,
3223 1618 3277 1667 et
3306 1612 3578 1669 creaturis

340 1716 438 1771 καὶ
464 1719 574 1780 τοῖς
602 1716 875 1786 γεννητοῖς
915 1714 1117 1768 ἆπασιν
1154 1712 1326 1779 αἴτιος
1357 1712 1434 1768 ὢν
1453 1730 1468 1745 ο
1500 1713 1614 1769 ἀλλ’
1654 1713 1770 1768 ἐστι
1806 1713 1906 1786 τὴν

2024 1704 2265 1761 amnibus
2293 1713 2353 1759 ut
2384 1704 2498 1760 sint
2527 1718 2748 1760 causam
2777 1703 3019 1775 praebet:
3067 1702 3163 1760 sed
3193 1703 3337 1760 Deus
3380 1717 3578 1760 natura

342 1808 501 1880 φύσιν
531 1809 662 1873 Θεὸς
692 1808 991 1880 αὐτάρκης,
1022 1806 1265 1879 ἄπειρος,
1298 1807 1650 1880 ἀπερινόητθς
1668 1824 1682 1838 ·
1719 1810 1785 1861 ὲκ
1809 1824 1907 1876 γυ-

2024 1805 2113 1863 3st,
2131 1798 2387 1853 omnibus
2398 1796 2558 1854 bonis
2573 1796 2881 1863 abundans,
2911 1796 3176 1863 inﬁnitus,
3208 1805 3264 1854 et
3289 1799 3582 1869 qui‘m'ente

341 1903 523 1966 ναικὸς
549 1902 604 1956 δὲ
641 1902 862 1971 γέγονεν
894 1899 1196 1973 ἄνθρωπος,
1223 1901 1253 1954 6
1286 1903 1344 1956 ὲν
1374 1904 1440 1973 τῇ
1470 1900 1769 1975 παρθενικῇ
1803 1902 1906 1973 μή·

2024 1889 2396 1961 comprehendi
2429 1888 2657 1959 nequit:
2688 1904 2755 1944 ex
2784 1888 3012 1945 muliere
3052 1897 3237 1944 autem
3289 1888 3468 1946 factus
3495 1898 3581 1945 est

339 2008 444 2065 τρᾳ
468 1990 744 2065 Ηνεύματι
772 1992 970 2061 παγεὶς
1003 1990 1163 2062 ἁγίῳ.

2024 1978 2197 2041 homo,
2220 1978 2314 2048 qui
2344 1977 2402 2033 in
2420 1976 2676 2049 virginali
2704 1984 2860 2034 utero
2877 1977 3084 2049 Spiritu
3101 1985 3293 2035 sancto
3315 1977 3581 2036 formatus

2011 2077 2119 2126 est.

1844 2182 2051 2238 Inlusit.

596 2303 711 2359 Τοῦ
740 2303 958 2368 αὑτοῦ,
985 2304 1055 2359 ἐκ
1092 2303 1200 2359 τοῦ
1238 2302 1425 2359 αὑτοῦ
1452 2304 1659 2374 λόγου.

413 2396 559 2460 Ναὸς
590 2397 698 2469 γάρ
726 2395 930 2468 κυρίως
955 2398 984 2451 6
1011 2396 1249 2470 καθαρὸς
1274 2396 1369 2450 καὶ
1394 2396 1677 2467 ἄχραντος,
1710 2394 1745 2467 ἡ
1770 2393 1914 2448 κατά

342 2486 434 2541 τὸν
472 2484 754 2557 ἄνθρωπόν
782 2486 899 2538 ὲστι
930 2485 1058 2554 περὶ
1087 2484 1178 2538 τὸν
1205 2483 1375 2553 Λόγον
1408 2483 1602 2553 σκηνὴ,
1625 2480 1753 2535 ἔνθα
1782 2496 1915 2551 προ-

346 2575 531 2647 φανῶς
559 2574 865 2648 σκηνώσας,
892 2576 1105 2649 ᾤκησεν
1135 2578 1164 2630 6
1194 2575 1346 2640 Θεός.
1377 2576 1488 2629 Καὶ
1518 2573 1693 2627 ταῦτα
1723 2574 1823 2627 οὐκ
1849 2574 1914 2626 ὲκ

345 2671 456 2724 τῶν
497 2669 720 2723 εἰκότων
752 2669 950 2740 φαμέν.
984 2669 1186 2723 Τούτου
1236 2668 1344 2740 γὰρ
1376 2669 1406 2720 6
1443 2667 1603 2737 φύσει
1636 2665 1732 2721 τοῦ
1777 2666 1913 2721 Θεοῦ

349 2757 497 2822 Υἱὸς,
552 2757 650 2828 τὴν
701 2756 853 2810 λύσιν
899 2758 992 2812 καὶ
1050 2757 1775 2830 ἀνάστασιν¹προαγορεύων
1819 2756 1915 2813 τοῦ

348 2846 487 2914 νεὼ,
537 2847 921 2919 ἀναμφιϐόλως
965 2850 1116 2919 ἡμᾶς
1164 2848 1431 2903 διδάσκων
1480 2847 1750 2916 ὲφοδιάζει
1801 2850 1917 2912 τοῖς

354 2941 657 3013 μιαιφόνοις
702 2941 924 3011 φάσκων
980 2940 1253 3004 Ἰουδαίοις
1272 2956 1287 2971 ο
1329 2940 1567 2994 Λύσατε
1608 2938 1716 2993 τὸν
1765 2938 1917 2995 ναὸν

349 3034 585 3101 τοῦτον,
617 3034 715 3089 καὶ
745 3034 814 3088 ἐν
840 3034 1037 3102 τρισὶν
1060 3032 1306 3103 ’ἡμέραις
1332 3032 1514 3104 ἐγερῶ
1539 3033 1744 3091 αὐτόν.

2366 2296 2641 2369 Ejusdem,
2671 2314 2735 2352 ex
2768 2298 2948 2354 eodem
2974 2314 3230 2355 sermone.

2085 2390 2367 2462 Templum
2389 2391 2536 2447 enim
2558 2392 2775 2462 proprie
2802 2391 3065 2447 mundum
3083 2399 3137 2448 et
3152 2393 3582 2462 immaculatum,

2015 2492 2100 2540 est
2133 2483 2431 2538 humanum
2470 2480 2635 2537 Verbi
2664 2483 3099 2550 tabernaculum,
3130 2485 3187 2539 in
3216 2500 3325 2555 quo
3358 2500 3418 2543 se
3448 2501 3583 2541 con-

2018 2574 2358 2646 spiciendum
2380 2574 2627 2644 praebens
2647 2574 2911 2630 habitavit
2926 2573 3093 2633 Deus.
3114 2575 3299 2647 Neque
3317 2593 3448 2632 vero
3469 2579 3586 2634 hanc

2015 2666 2392 2739 probabilibus
2420 2665 2572 2721 ducti
2606 2666 2939 2738 coniecturis
2966 2667 3222 2724 dicimus.
3251 2668 3388 2725 Nam
3426 2671 3473 2726 is
3489 2672 3585 2742 qui

2014 2766 2214 2813 natura
2259 2755 2430 2814 Filius
2459 2757 2552 2813 Dei
2585 2768 2700 2822 est,
2734 2759 2903 2828 hujus
2939 2761 3123 2831 templi
3155 2761 3584 2818 destructionem

2014 2856 2072 2904 et
2098 2850 2551 2906 instaurationem
2577 2850 2902 2921 praedicens,
2950 2852 3070 2909 sine
3099 2854 3208 2908 ulla
3232 2854 3588 2926 ambiguitate

2020 2957 2123 2998 nos
2151 2942 2254 2997 hac
2286 2943 2355 2998 de
2369 2958 2430 2998 re
2457 2943 2660 3007 docuit,
2690 2945 2936 3000 cruentis
2963 2944 3167 3002 Iudaeis
3199 2945 3388 3002 dicens
3414 2967 3428 3003 :
3465 2945 3589 3004 Sol-

2020 3036 2121 3089 vile
2155 3037 2403 3104 templum
2449 3035 2579 3105 hoc,
2610 3047 2659 3092 et
2689 3039 2746 3092 in
2779 3037 2948 3092 tribus
2997 3038 3180 3094 diebus
3226 3039 3470 3096 excitabo
3507 3041 3589 3111 ip-

1945 3110 1988 3165 (ἶ
2021 3142 2140 3179 sum
2173 3128 2240 3180 ⁷⁷.

1851 3239 2052 3299 isnon.

591 3357 704 3412 Τοῦ
749 3356 969 3421 αὐτοῦ,
1019 3354 1089 3410 ἐκ
1128 3356 1234 3411 τοῦ
1268 3355 1454 3411 αὐτοῦ
1479 3354 1686 3427 λόγου.

432 3448 698 3522 ὐπηνίκα
728 3444 821 3503 οὖν
851 3449 940 3502 τὸν
978 3448 1260 3520 ἄνθρωπον
1289 3440 1634 3520 ναὸυργήσας
1660 3449 1920 3520 ὲφόρεσεν

349 3542 381 3596 6
402 3543 590 3612 Λόγος,
619 3540 831 3612 σώματι
861 3542 958 3612 μὲν
982 3542 1094 3605 τοῖς
1115 3539 1420 3612 ἀνθρώποις
1448 3540 1760 3610 ἐπιφοιτῶν,
1785 3560 1920 3597 πανο

351 3634 587 3698 τοδαπὰς
618 3633 864 3704 ἀοράτως
905 3632 1348 3704 θαυματουργίας
1388 3633 1765 3698 ἐπεδείκνυτο,
1797 3637 1922 3699 τοὺς

353 3727 412 3779 δὲ
459 3718 785 3788 ἀποστόλους
829 3719 1077 3795 κήρυκας
1126 3723 1229 3795 τῆς
1264 3724 1435 3779 ἀϊδίου
1483 3723 1756 3794 βασιλείας
1802 3725 1919 3791 ἑξέ-

356 3834 424 3871 πε
428 3835 560 3889 μπε.

2417 3356 2691 3425 Ejusdem,
2729 3375 2794 3414 ea:
2821 3354 2999 3414 eodem
3033 3358 3186 3413 libro.

2095 3451 2323 3519 Quando
2371 3454 2533 3524 igitur
2577 3454 2851 3509 hominem
2907 3461 3166 3522 tanquam
3215 3452 3476 3523 templum
3512 3451 3591 3506 l‘a-

2025 3544 2298 3600 bricatum
2316 3540 2555 3600 Verbum
2618 3545 2892 3616 gestavit,
2936 3559 3166 3614 corpore
3197 3544 3415 3614 quidem
3449 3545 3591 3599 inter

2028 3636 2278 3693 homines
2301 3647 2576 3693 versatum
2591 3645 2696 3699 est,
2715 3631 2867 3688 varia
2890 3644 3073 3690 autem
3107 3635 3368 3689 miracula
3399 3635 3591 3692 invisi-

2026 3728 2207 3784 biliter
2258 3728 2427 3785 edidit
2481 3738 2536 3785 et
2564 3729 2842 3800 apostolos
2886 3727 3075 3783 aeterni
3125 3727 3278 3799 regni
3314 3744 3594 3798 praecones

2026 3817 2196 3877 misit.

1264 3927 1421 3998 Apud
1451 3941 1700 3984 eumdem
1728 3930 2137 4002 Theodoritum,
2174 3935 2321 3991 Dial.
2346 3953 2408 4005 ιι,
2437 3953 2559 4010 pag.
2586 3936 2676 3993 90.

363 4073 472 4127 Τοῦ
512 4069 716 4141 αὑτοῦ,
760 4069 827 4141 ἐκ
869 4066 976 4141 τοῦ
1019 4068 1359 4141 ,λόγουτοῦ
1390 4071 1478 4135 εἰς
1525 4070 1611 4141 eo"
1650 4089 1668 4121 ι
1702 4072 1921 4141 Κύριος

621 4138 822 4194 ἐκτισέ
842 4155 920 4209 με
945 4137 1143 4207 ἀρχὴν
1176 4136 1331 4192 όδῶν
1373 4139 1579 4194 αὐτοῦ.
1631 4160 1650 4193 ι

429 4253 503 4308 υῦ
534 4253 643 4326 γὰρ
674 4248 824 4306 εἶπεν
852 4253 881 4304 6
912 4250 1125 4315 Παῦλος
1154 4251 1509 4324 συμμόρφους
1534 4252 1628 4306 τοῦ
1668 4254 1799 4310 Υἱοῦ
1829 4254 1922 4310 τοῦ

356 4346 514 4410 Θεοῦ,
534 4345 672 4401 ἀλλὰ
698 4346 1089 4416 συμμόρφους
1111 4341 1219 4413 τῆς
1248 4346 1483 4411 εἰκόνος
1514 4345 1620 4400 τοῦ
1666 4347 1802 4402 Υἱοῦ
1825 4352 1927 4404 αὐ-

359 4441 464 4496 τοῦ
483 4404 511 4471 "
539 4439 665 4495 ἄλλο
820 4404 1293 4492 ’τι-δεικνύωνΙτὸν
1327 4404 1474 4490 Υίὸνν
1495 4431 1654 4504 εἶναι,
1699 4439 1829 4493 ἄλλο
1862 4439 1920 4494 δὲ
1955 4404 1999 4458 D

358 4533 457 4604 τὴν
487 4532 669 4586 εἰκόνα
712 4530 893 4585 αὐτοῦ’
938 4531 966 4584 6
996 4530 1094 4600 μὲν
1128 4529 1233 4604 γάρ
1263 4530 1413 4594 Υἱὸς,
1440 4529 1506 4583 τά
1535 4531 1654 4586 θεῖα
1697 4532 1794 4603 τῆς
1827 4550 1929 4586 πα-

359 4624 540 4697 τρῴας
583 4623 780 4695 ἀρετῆς
817 4623 1170 4695 γνωρίσματα
1214 4621 1417 4695 φέρων,
1469 4623 1631 4678 εἰκών
1675 4626 1790 4678 ἐστι
1834 4624 1928 4680 τοῦ

360 4716 592 4789 Ματρὸς,
635 4715 822 4786 ἐπειδὴ
870 4717 965 4770 καὶ
1004 4717 1178 4786 ὅμοιοι
1221 4713 1281 4778 ἐξ
1330 4715 1529 4787 ὁμοίων
1577 4716 1926 4789 γεννώμενοι,

361 4810 567 4873 εἰκόνες
619 4810 669 4862 οἱ
725 4808 1031 4878 τικτόμενοι
1086 4805 1367 4875 φαίνονται
1424 4806 1532 4860 τῶν
1590 4808 1930 4881 γεννητόρων

363 4900 601 4971 ἀληθεῖς.
650 4898 707 4953 '0
735 4897 793 4952 δὲ
840 4895 1142 4969 ἄνθρωπος,
1179 4895 1239 4949 ὃν
1280 4895 1568 4968 ὲφόρησεν,
1605 4895 1768 4951 εἰκών
1810 4898 1928 4950 ἐστι

362 4993 458 5050 τοῦ
513 4990 644 5047 Υἱοῦ
665 5030 680 5055 ,
730 4989 823 5044 τοῦ
875 4989 968 5043 καὶ
1019 4986 1081 5053 ἐξ
1143 4986 1408 5058 ἀνομοίων
1467 4988 1929 5060 κηρογραφεῖσθαι

364 5084 672 5159 χρωμάτων
707 5082 948 5144 εἰκόνας*
986 5078 1210 5141 καὶτὰς
1247 5077 1344 5149 μὲν
1385 5073 1523 5131 εἶναι
1563 5077 1707 5132 θέσει
1750 5097 1929 5152 χειρο-

362 5178 643 5241 τεύκτους,
668 5173 768 5237 τὰς
807 5173 861 5227 δὲ
895 5170 1052 5243 φύσει
1081 5170 1175 5224 καὶ
1216 5170 1493 5241 ὁμοιότητι
1539 5171 1929 5241 γεγενημένας.

369 5268 577 5333 Ἄλλως
607 5283 667 5320 τε
708 5265 802 5319 καὶ
842 5263 1000 5327 αὐτὸς
1037 5264 1066 5316 6
1098 5261 1199 5331 τῆς
1231 5259 1485 5331 ἀληθείας
1530 5258 1674 5314 τοῦθ’
1728 5261 1934 5328 ὑπαγο-

367 5360 516 5435 ρεύει
566 5357 784 5429 θεσμός.
836 5355 910 5409 οὐ
974 5352 1083 5425 γάρ
1137 5352 1196 5406 τὸ
1251 5351 1540 5422 ἀσώματον
1584 5351 1683 5423 τῆς
1743 5353 1933 5422 σοφίας

367 5453 583 5525 πνεῦμα
655 5450 972 5522 σύμμορφον
1047 5448 1162 5510 τοῖς
1235 5445 1565 5516 σωματικοῖς
1625 5443 1933 5516 ἀνθρώποις

366 5545 538 5609 ἐστὶν,
573 5542 688 5599 ἀλλ’
718 5544 747 5596 6
783 5540 861 5612 τῷ
903 5537 1170 5608 πνεύματι
1211 5534 1681 5607 σωματοποιηθεὶς
1724 5535 1933 5608 ἄνθρω-

2029 4074 2304 4146 Ejusdem,
2334 4092 2399 4132 ea:
2425 4093 2661 4132 sermone
2690 4092 2741 4128 in
2769 4074 2939 4128 illud:
2960 4092 2979 4124 ι
3008 4072 3259 4127 Dominus
3292 4075 3481 4129 creavit
3512 4093 3594 4131 me

2412 4149 2622 4221 initium
2643 4148 2846 4202 viarum
2874 4161 3115 4199 suarum.
3145 4163 3165 4197 ι

2027 4221 2030 4225 ’
2098 4236 2218 4291 Νοη
2248 4237 2394 4292 enim
2427 4237 2565 4292 dixit
2597 4236 2823 4300 Paulus,
2854 4234 3164 4291 conformes
3184 4234 3321 4291 Filio
3352 4234 3467 4301 Dei,
3498 4238 3592 4293 sed

2031 4328 2325 4396 conformes
2350 4327 2569 4398 imagini
2592 4324 2720 4378 Filii
2750 4323 2915 4393 ipsius
2939 4323 3016 4376 ἐξ
3060 4322 3207 4377 aliud
3239 4323 3444 4378 docens
3472 4338 3595 4380 esse

2031 4417 2227 4476 Filium
2249 4420 2365 4485 Dei,
2384 4420 2532 4474 aliud
2557 4417 2847 4489 imaginem
2874 4415 3016 4485 ejus.
3048 4413 3183 4469 Nam
3214 4412 3387 4470 Filius
3410 4415 3592 4470 divina

2025 4523 2262 4585 paternae
2285 4512 2503 4568 virtutis
2567 4509 2802 4581 insignia
2825 4522 3043 4578 gerens,
3073 4507 3252 4577 imago
3273 4514 3358 4562 est
3376 4504 3590 4571 Patris;

2025 4607 2154 4679 quia
2185 4607 2391 4662 similes
2420 4621 2487 4661 ex
2513 4603 2786 4659 similibus
2811 4600 3000 4672 geniti,
3025 4614 3168 4656 vera:
3188 4588 3468 4670 imagines
3496 4597 3595 4655 ﬁlii

2026 4710 2156 4760 sunt
2200 4707 2508 4773 parentum.
2543 4697 2718 4752 Homo
2759 4712 2888 4752 vero
2920 4710 3082 4767 quem
3123 4693 3374 4766 gestavit,
3417 4692 3598 4764 imago

2024 4802 2110 4852 est
2126 4794 2280 4861 Filii;
2335 4792 2595 4862 quoniam
2629 4797 2684 4845 et
2712 4805 2779 4845 ex
2806 4787 3167 4844 dissimilibus
3201 4785 3498 4855 pinguntur
3538 4783 3598 4840 in

2032 4901 2158 4942 cera
2177 4884 2456 4941 coloribus
2476 4883 2739 4954 imagines
2774 4901 2788 4937 :
2835 4890 2889 4936 et
2918 4880 3000 4934 hae
3033 4877 3250 4950 quidem
3280 4892 3444 4931 manu
3486 4874 3599 4930 for-

2033 4978 2406 5043 mantur,aliae
2434 4991 2563 5032 vero
2589 4982 2784 5030 natura
2800 4980 2855 5029 et
2885 4969 3243 5028 similitudine
3274 4968 3429 5024 fiunt.
3451 4966 3598 5022 Prae-

2031 5083 2179 5131 terea
2206 5076 2293 5130 lex
2326 5075 2444 5144 ipsa
2483 5071 2730 5128 veritatis
2756 5070 2859 5125 hoc
2904 5068 3165 5124 declarat.
3193 5064 3313 5120 Non
3336 5067 3478 5122 enim
3510 5064 3598 5117 in-

2032 5181 2328 5237 corporeus
2364 5164 2643 5235 sapientiae
2690 5163 2915 5233 spiritus
2964 5158 3265 5216 conformis
3292 5167 3374 5212 est
3403 5169 3601 5224 corpo-

2035 5259 2145 5314 reis
2178 5258 2490 5313 hominibus
2520 5276 2533 5312 :
2571 5254 2666 5311 sed
2689 5255 2780 5326 qui
2803 5269 2900 5325 per
2928 5253 3179 5325 spiritum
3223 5248 3490 5303 formatus
3513 5251 3598 5300 est

2035 5349 2199 5405 homo
2225 5350 2543 5412 character,
2578 5347 2671 5417 qui
2714 5346 2835 5401 aliis
2864 5344 3120 5400 omnibus
3173 5339 3323 5411 paria
3370 5348 3598 5389 numero

2034 5441 2280 5499 membra
2316 5442 2474 5515 gerit,
2507 5448 2563 5498 et
2590 5439 2824 5497 similem
2852 5435 3148 5523 unicuique
3171 5431 3398 5486 formam
3436 5425 3600 5481 indu-

2035 5543 2126 5590 tus
2157 5544 2261 5591 63L
2770 5577 2773 5580 .

366 5659 468 5706 πος
506 5608 888 5713 χαρακτὴρ,νὸ
916 5639 1027 5702 τοῖς
1067 5633 1245 5695 ἄλλοις
1309 5630 1511 5684 ἆπασιν
1565 5630 1826 5703 ἰσάριθμα
1869 5630 2006 5704 μέλη
2044 5629 2244 5703 φορῶν,
2303 5629 2399 5685 καὶ
2446 5630 2545 5701 τὴν
2598 5627 2789 5700 ὁμοίαν
2848 5624 3093 5683 ἑκάστοις
3139 5608 3598 5686 περιϐεϐλημένος

369 5740 533 5796 ἰδέαν.

442 5853 488 5886 "
522 5851 684 5907 Joan.
738 5865 799 5915 ιι,
840 5846 925 5904 l9.
1001 5845 1048 5878 "
1081 5841 1231 5899 Rom.
1274 5855 1398 5906 vm.
1434 5838 1537 5896 εν.
