4090 6288
488 361 595 420 679
1126 350 1131 355 ’
1543 347 1599 400 5.
1634 340 2002 401 EUSTATHII
2042 335 2351 394 EPISCOPI
2390 328 2803 390 ANTIOCHENI
3639 331 3743 389 ego

1998 459 2204 515 inlusit.

850 593 1123 665 Ejusdem,
1146 608 1212 648 ex
1247 589 1428 647 eadem
1459 588 1716 644 oratione.

2442 572 2552 627 Τοῦ
2576 570 2783 638 αὐτοῦ,
2811 571 2879 625 ἐκ
2913 568 3020 624 τοῦ
3047 567 3233 623 αὐτοῦ
3266 568 3475 638 λόγου.

570 691 727 761 Quod
742 697 919 745 autem
945 703 1145 759 corpus
1166 686 1311 742 dicat
1339 682 1619 740 conforme
1646 678 1902 734 humanis
1921 691 2065 741 esse,

501 786 743 858 apertius
779 800 881 839 nos
920 782 1080 838 docet
1138 781 1385 836 scribens
1440 776 1508 832 ad
1562 773 1943 845 Philippenses
1981 773 2065 829 7‘:

501 876 707 934 Nostra
745 874 1090 938 conversatio,
1147 870 1343 941 inquit,
1390 869 1446 922 in
1483 867 1628 923 uelis
1658 875 1736 922 est
1776 882 1795 920 :
1852 864 1990 919 unde
2014 871 2067 919 et

498 969 827 1027 Saluatorem
856 974 1217 1035 exspectamus
1240 961 1520 1017 Dominum
1551 959 1737 1014 Iesum
1770 956 2064 1022 Christum,

496 1065 588 1130 qui
616 1058 1016 1132 transﬁgurabit
1059 1073 1247 1128 corpus
1297 1056 1620 1110 humilitatis
1654 1064 1871 1117 ηοειτιτ,
1908 1061 1966 1105 ιιι
1995 1052 2064 1105 sit

497 1156 668 1224 ipsum
719 1150 983 1221 conforme
1023 1148 1230 1216 corpori
1273 1147 1459 1218 gloriae
1482 1147 1669 1215 ipsius.
1700 1144 1857 1211 Quod
1881 1145 1929 1198 si
1962 1143 2064 1196 hu-

495 1246 624 1302 mile
654 1259 855 1315 corpus
887 1241 1166 1297 hominum
1189 1238 1612 1309 transﬁgurans,
1636 1236 1917 1293 conforme
1946 1248 2069 1306 pro-

496 1338 843 1413 priocorpori
873 1335 1054 1398 allicit,
1115 1348 1256 1388 vana
1285 1346 1513 1405 prorsus
1564 1331 1935 1386 demonstrata
1981 1334 2067 1385 est

496 1433 933 1491 adversariorum
963 1427 1257 1485 calumnia.

2247 668 2369 720 Ὀτι
2399 665 2453 719 δὲ
2497 666 2557 719 τὸ
2597 663 2755 735 σῶμα
2798 663 2946 732 λέγει
2976 661 3298 734 σύμμορφον
3324 663 3436 725 τοῖς
3469 661 3743 734 ἀνθρωπί-

2171 776 2283 824 νοις
2314 753 2475 821 εἶναι,
2523 755 2851 827 σαφέστερον
2897 755 3044 825 ἡμᾶς
3085 752 3325 806 διδάσκει
3363 753 3743 825 Φιλιππησίοις

2172 851 2524 906 ἐπιστέλλων·
2572 847 2767 919 Ἠμῶν
2805 846 2873 902 τὸ
2907 846 3256 915 πολίτευμα,
3291 844 3478 917 φησὶν,
3526 845 3596 899 ἐν
3643 849 3742 901 οὐ·

2169 944 2379 1014 ρανοῒς
2429 943 2706 1014 ὑπάρχει,
2738 942 2808 1007 ἐξ
2857 934 2945 996 ὧν
2983 939 3083 994 καί
3131 937 3374 1007 Σωτῆρα
3421 938 3743 1010 ἀπεκδεχό-

2165 1039 2317 1107 μεθα
2354 1037 2573 1104 Κύριον
2625 1034 2872 1103 Ἰησοῦν
2921 1030 3200 1101 Χριστὸν,
3254 1030 3324 1097 ὃς
3365 1045 3742 1102 μετασχημα-

2169 1132 2322 1185 τίσει
2352 1129 2416 1184 τὸ
2454 1127 2625 1199 σῶμα
2655 1126 2763 1194 τῆς
2794 1125 3202 1193 ταπεινώσεως
3238 1123 3409 1195 ἡμῶν
3444 1126 3530 1192 είς
3561 1124 3627 1179 τὸ
3651 1143 3764 1195 γει

2168 1221 2377 1277 νέσθαι
2424 1219 2571 1275 αὐτὸ
2611 1220 2964 1290 σύμμορφον
3008 1217 3088 1284 τῷ
3130 1216 3357 1287 σώματι
3400 1216 3512 1287 τῆς
3560 1216 3743 1286 δόξης

2168 1311 2378 1367 αὑτοῦ.
2411 1312 2476 1366 Et
2501 1311 2561 1365 δὲ
2586 1309 2648 1365 τὸ
2688 1309 2940 1364 ταπεινὸν
2976 1306 3466 1381 μετασχηματίζων
3497 1308 3605 1363 τῶν
3651 1309 3742 1363 ἁν-

2173 1400 2406 1473 θρώπων
2452 1401 2632 1472 σῶμα,
2674 1398 2996 1472 σύμμορφον
3034 1399 3113 1472 τῷ
3160 1400 3274 1471 ἰδίῳ
3313 1397 3526 1472 σώματι
3575 1417 3742 1454 κατα-

2174 1493 2462 1560 σκευάζει,
2518 1493 2685 1558 ἕωλος
2741 1493 3075 1564 πανταχόθεν
3125 1492 3495 1548 ἀποδέδεικται
3547 1493 3581 1564 ή
3635 1493 3743 1547 τῶν

2171 1585 2430 1641 ἐναντίων
2471 1585 2821 1656 συκοφαντία.

1875 1702 2078 1770 Israel,
2117 1721 2237 1761 nc.
2268 1705 2330 1762 9i
2344 1747 2359 1760 .

846 1816 1123 1889 Ejusdem,
1154 1831 1220 1873 ex
1246 1816 1430 1873 eadem
1452 1818 1709 1872 oratione.

569 1910 673 1969 Sed
707 1910 1160 1984 quemadmodum
1204 1924 1273 1965 ex
1316 1908 1525 1980 virgine
1577 1918 1741 1966 natus
1772 1910 1965 1977 homo,
1997 1928 2063 1969 ex
2097 1931 2139 1988 Β

495 2004 723 2061 muliere
745 2001 949 2058 dicitur
981 2000 1160 2055 factus
1182 2014 1325 2063 esse,
1360 1999 1435 2054 ita
1482 2007 1536 2055 et
1583 2001 1685 2055 sub
1712 1999 1851 2072 Lege
1884 2000 2061 2058 factus

493 2114 616 2155 esse
647 2097 868 2161 dicitur,
900 2095 1026 2166 quia
1056 2109 1154 2165 per
1187 2093 1380 2164 legalia
1406 2093 1735 2165 quandoque
1791 2108 2063 2167 praecepta

492 2190 752 2256 incessit;
788 2196 848 2243 ut
894 2203 1018 2243 cum
1076 2187 1338 2243 infantem
1373 2186 1550 2256 ipsum
1582 2201 1706 2242 octo
1738 2188 1946 2243 dierum
1975 2206 2066 2260 pa-

491 2289 673 2338 rcntes
687 2278 1080 2336 circumcidere
1093 2285 1345 2350 prompto
1360 2279 1544 2335 animo
1561 2277 1905 2345 festinarunt,
1921 2281 2064 2337 sicut

490 2373 668 2430 Lucas
715 2372 1047 2444 evangelista
1096 2370 1265 2425 tradit
1293 2371 1363 2424 3°.
1409 2368 1607 2426 Postea
1641 2372 1805 2427 etiam
1837 2372 1893 2426 in
1924 2380 2066 2426 tem-

490 2470 637 2536 plum
666 2462 1032 2527 adduxerunt,
1065 2468 1127 2516 ut
1164 2461 1422 2517 sisterent
1452 2476 1577 2517 eum
1607 2460 1838 2517 Domino
1867 2462 2062 2532 puriﬁ-

490 2556 723 2612 cationis
753 2555 1081 2610 oblationem
1106 2562 1452 2625 peragentes,
1487 2563 1546 2608 ut
1577 2554 1813 2610 hostiam
1844 2555 2058 2623 darent,

491 2651 632 2705 sicut
662 2647 926 2718 scriptum
957 2652 1042 2703 est
1086 2646 1144 2701 in
1176 2645 1320 2718 Lege
1366 2646 1605 2710 Domini,
1647 2662 1746 2718 par
1779 2655 2059 2704 turturum

491 2751 583 2796 aut
610 2741 749 2796 duos
781 2740 959 2810 pullos
1017 2727 1418 2794 columbarum.
1469 2736 1526 2793 Si
1555 2753 1686 2811 ergo
1717 2740 2061 2812 purgationis

491 2848 717 2889 munera
769 2831 1070 2890 secundum
1114 2831 1286 2903 legem
1321 2844 1422 2903 pro
1461 2831 1583 2902 ipso
1619 2832 1801 2886 oblata
1830 2840 1979 2899 sunt,
2005 2842 2061 2889 et

491 2924 664 2979 octavi
694 2922 801 2979 diei
833 2921 1308 2978 circumcisionem
1339 2922 1581 2993 pertulit,
1610 2937 1717 2977 non
1746 2923 1844 2978 abs
1876 2937 1934 2978 re
1955 2923 2059 2978 hac

491 3016 557 3072 de
585 3030 753 3071 causa
775 3014 878 3071 sub
922 3013 1065 3085 Lege
1093 3011 1299 3069 factum
1328 3027 1452 3069 esse
1480 3013 1688 3069 scribit.
1716 3012 1901 3084 Neque
1929 3029 2060 3070 vero

492 3108 727 3165 Verbum
752 3107 1070 3178 subjacebat
1095 3105 1247 3179 Legi,
1266 3113 1327 3161 ut
1354 3105 1652 3176 opinantur
1680 3106 2054 3176 sycophantae,

490 3219 615 3258 cum
657 3203 774 3273 ipse
802 3201 912 3256 Lex
941 3200 1013 3257 sit
1044 3221 1057 3255 :
1084 3215 1264 3272 neque
1292 3198 1434 3254 Deus
1458 3198 1735 3271 indigebat
1771 3198 2058 3255 sacriﬁciis

2416 1818 2526 1876 Τοῦ
2570 1820 2776 1886 αὑτοῦ,
2821 1821 2891 1875 ἐκ
2931 1820 3039 1875 τοῦ
3076 1818 3264 1874 αὐτοῦ
3291 1819 3499 1890 λόγου.

2253 1911 2391 1965 Ἀλλ’
2424 1911 2614 1986 ὥσπερ
2640 1913 2705 1968 ὲκ
2731 1913 2832 1986 τῆς
2876 1910 3145 1986 παρθένου
3172 1912 3382 1984 τεχθεὶς
3407 1895 3435 1964 6
3460 1911 3739 1984 ἄνθρωπος

2165 2005 2230 2057 ὲκ
2265 2005 2520 2073 γυναικὸς
2545 2004 2762 2075 λέγεται
2788 2004 3088 2075 γεγονέναι,
3117 2005 3259 2059 οὕτω
3296 2004 3360 2076 δὴ
3385 2005 3477 2058 καὶ
3506 2005 3613 2060 ὑπὸ
3637 2004 3738 2057 Νό-

2168 2112 2267 2166 μον
2306 2096 2634 2168 γεγενῆσθαι
2667 2097 2937 2169 γράφεται
2980 2097 3059 2168 τῷ
3094 2096 3183 2152 διὰ
3226 2097 3334 2151 τῶν
3360 2097 3598 2169 νομικῶν
3626 2098 3737 2151 ἔσθ’

2163 2187 2250 2241 ὅτε
2290 2187 2502 2258 βαδίσαι
2548 2190 2907 2261 μηνυμάτωνο
2949 2191 3109 2244 ὁπότε
3157 2190 3390 2262 μάλιστα
3436 2190 3599 2244 παῖδα
3640 2191 3737 2262 μὲν

2163 2279 2324 2334 αὐτὸν
2356 2279 2485 2335 ὄντα
2516 2281 2879 2354 όκταήμερον,
2930 2281 3227 2355 προθύμως
3271 2283 3321 2336 οἱ
3359 2286 3535 2351 γονεῖς
3579 2300 3737 2355 περιη

2162 2372 2379 2445 τέμνειν
2404 2373 2711 2444 ἠπείγοντο,
2742 2374 2991 2447 καθάπερ
3017 2375 3046 2426 6
3072 2372 3461 2445 εὐαγγελιστὴς
3491 2372 3736 2427 ἐκδίδωσι

2162 2465 2395 2528 Λουκᾶς.
2424 2466 2520 2529 Είς
2550 2465 2607 2519 δὲ
2629 2466 2689 2519 τὸ
2716 2466 2859 2538 ἱερὸν
2888 2465 3091 2535 ἀνῆγον
3135 2465 3425 2537 μετέπειτα
3458 2464 3737 2536 παραστῆ-

2165 2573 2254 2610 σαι
2280 2555 2359 2627 τῷ
2395 2557 2606 2629 Κυρίῳ,
2638 2557 2737 2622 τὰς
2771 2556 3102 2630 καθαρσίους
3138 2557 3512 2621 ἐπιτελοῦντες
3540 2557 3736 2624 ἀναφο-

2165 2646 2287 2717 ρὰς,
2319 2646 2413 2700 τοῦ
2449 2646 2633 2701 δοῦναι
2664 2646 2853 2700 θυσίαν
2882 2647 3025 2702 κατὰ
3058 2647 3120 2701 τὸ
3155 2646 3442 2719 εἰρημένον
3480 2647 3538 2699 ὲν
3569 2644 3736 2716 Νόμῳ

2161 2736 2390 2808 Κυρίου,
2408 2735 2600 2807 ζεῦγος
2619 2737 2916 2809 τρυγόνων,
2936 2737 2968 2809 ἦ
2988 2737 3082 2792 δύο
3098 2738 3353 2801 νεοσσοὺς
3375 2736 3731 2810 περιστερῶν.

2161 2828 2225 2881 Et
2268 2828 2446 2884 τοίνυν
2485 2828 2557 2883 τὰ
2588 2828 2863 2901 καθάρσια
2893 2828 3041 2902 δῶρα
3072 2828 3216 2883 κατὰ
3249 2829 3342 2883 τὸν
3371 2829 3552 2900 Νόμον
3594 2829 3734 2900 ὑπὲρ

2161 2918 2325 2975 αὐτοῦ
2359 2922 2747 2995 προσεφέρετο,
2782 2923 2877 2977 καί¹
2911 2924 3213 2996 περιτομὴν
3240 2923 3582 2995 ὀκταήμερον
3609 2924 3737 2992 ὲςό-

2163 3032 2274 3087 ρει’
2299 3015 2473 3090 ταύτῃ
2499 3018 2593 3071 καὶ
2636 3018 2741 3072 ὑπὸ
2771 3018 2953 3090 Νόμον
2984 3018 3148 3073 αὐτὸν
3179 3018 3279 3072 οὐκ
3310 3018 3618 3081 ἀπεικότως
3641 3034 3736 3088 γε-

2159 3108 2422 3180 γενῆσθαι
2469 3111 2692 3184 γράφει.
2752 3111 2891 3165 Οὖτε
2949 3111 3007 3164 δὲ
3049 3109 3082 3165 ’ό
3127 3111 3298 3180 Λόγος
3352 3111 3606 3165 ὑπέκειτο
3658 3110 3736 3174 τῷ

2160 3201 2350 3273 Νόμῳ,
2383 3202 2629 3277 καθάπερ
2658 3206 2709 3258 οἱ
2746 3203 3078 3274 συκοφάνται
3106 3202 3433 3269 δοξάζουσιν,
3468 3203 3631 3267 αὐτὸς
3658 3201 3735 3256 ὢν

490 3271 871 3372 purgantibus.
902 3295 995 3367 qui
1027 3296 1146 3350 solo
1175 3271 1312 3349 nutu
1340 3294 1523 3350 omnia
1539 3301 1733 3366 purgat
1764 3303 1818 3349 et
1847 3294 2058 3349 sancti-

2164 3295 2191 3347 6
2224 3271 2436 3367 Νόμοςο
2480 3271 2611 3349 οὔτε.
2639 3296 2669 3348 6
2711 3295 2843 3360 Θεὸς
2891 3271 3060 3349 ἐδεῖτο
3102 3295 3352 3365 θυμάτων
3398 3293 3728 3365 καθαρσίων,

489 3391 634 3446 (icat.
668 3389 773 3446 Sed
790 3389 1040 3461 quamvis
1072 3394 1411 3459 assumptum
1442 3402 1509 3442 ex
1527 3386 1738 3458 virgine
1760 3386 2059 3441 humanum

488 3498 750 3554 organum
776 3482 1024 3553 gestavit,
1049 3484 1103 3537 et
1132 3481 1237 3537 sub
1267 3479 1410 3551 Lege
1440 3478 1619 3536 factus
1649 3487 1755 3544 est,
1781 3480 2061 3552 primoge-

489 3582 726 3631 nitorum
757 3575 865 3630 ritu
888 3582 1190 3646 purgatus;
1221 3588 1332 3629 non
1361 3573 1507 3644 quod
1535 3573 1652 3644 ipse
1685 3572 1786 3628 hoc
1818 3574 2058 3630 remedio

488 3671 771 3742 indigeret,
804 3671 902 3726 has
937 3670 1349 3726 observationes
1374 3666 1657 3734 sustinuit,
1690 3668 1784 3724 sed
1813 3677 1874 3721 ut
1905 3683 1936 3720 a
1958 3666 2060 3723 Le-

488 3764 570 3835 gis
620 3763 881 3820 servitute
931 3777 1026 3819 eos
1055 3762 1374 3827 redimeret,
1426 3759 1522 3832 qui
1568 3760 1867 3816 venundati
1898 3768 2057 3817 erant

488 3853 926 3911 condemnationi
955 3851 1250 3911 maledicti.

2161 3386 2333 3459 ἀθρόᾳ.
2365 3389 2493 3460 ῥιπῇ
2526 3388 2836 3461 καθαρίζων
2869 3388 3104 3452 ἅπαντα,
3148 3388 3240 3441 καὶ
3274 3386 3533 3456 ἁγιάζων.
3586 3386 3726 3440 Ἀλλ’

2165 3483 2213 3533 εί
2247 3482 2343 3534 καὶ
2371 3482 2434 3535 ὲκ
2463 3480 2561 3552 τῆς
2591 3481 2866 3553 Παρθένου
2894 3480 2956 3536 τὸ
2984 3478 3315 3552 ἀνθρώπινον
3348 3480 3572 3552 ὃργανον
3599 3481 3728 3533 ἁνα-

2164 3570 2346 3624 λασὼν
2381 3568 2638 3645 ἐφόρησε,
2674 3574 2770 3627 καὶ
2818 3573 2925 3628 ὑπὸ
2969 3574 3153 3645 Νόμον
3187 3573 3418 3642 ἐγένετο,
3451 3570 3591 3625 κατὰ
3627 3571 3732 3636 τὰς

2161 3663 2268 3718 τῶν
2299 3665 2657 3737 πρωτοτόκων
2700 3665 2857 3732 ἀξίας
2894 3664 3267 3738 καθαρισθεὶς,
3295 3665 3394 3718 οὐκ
3429 3665 3589 3728 αὐτὸς
3615 3663 3731 3718 δεό-

2168 3773 2326 3827 μενος
2349 3757 2446 3829 τῆς
2475 3757 2678 3811 τούτων
2707 3758 2969 3831 χορηγίας
3003 3760 3263 3832 ὑπέμεινε
3290 3758 3389 3822 τὰς
3422 3755 3730 3830 θεραπείας,

2166 3849 2280 3904 ἀλλ’
2330 3850 2416 3904 ἵνα
2467 3850 2564 3922 τῆς
2593 3848 2685 3903 τοῦ
2736 3851 2920 3921 Νόμου
2965 3850 3207 3916 δουλείας
3256 3849 3562 3924 ἐξαγοράσῃ
3608 3851 3733 3913 τοὺς

2165 3941 2548 4014 πεπραμένους
2576 3944 2640 4013 τῇ
2666 3940 2790 4013 δίκῃ
2820 3941 2921 4012 τῆς
2945 3942 3105 4013 ἀρᾶς.

1362 4055 1519 4128 Apud
1545 4058 1798 4114 eumdem
1825 4057 2243 4127 Theodoritum,
2280 4060 2422 4117 Dial.
2456 4076 2540 4125 ιιι,
2569 4076 2696 4133 pag.
2734 4060 2855 4117 156.

490 4169 764 4239 Eiusdem,
785 4186 851 4225 ex
880 4174 1116 4257 aratione
1146 4175 1200 4256 in
1232 4176 1402 4231 illud:
1443 4197 1462 4230 ι
1485 4178 1740 4234 Dominus
1770 4183 1964 4237 ereavit
1984 4199 2063 4239 me

888 4258 1100 4298 mutum
1121 4261 1326 4300 marum
1355 4265 1594 4306 suarum.
1626 4271 1646 4304 ι

557 4359 690 4414 Nam
720 4360 880 4414 homo
913 4360 1006 4429 qui
1036 4368 1288 4415 mortuus
1328 4370 1467 4428 erat,
1497 4364 1660 4420 tertia
1682 4366 1772 4421 die
1804 4383 2057 4424 resurre-

490 4454 584 4516 xit,
619 4461 673 4508 et
698 4451 878 4507 Mariae
899 4468 1020 4522 quae
1046 4454 1115 4508 ad
1145 4462 1336 4510 sancta
1368 4457 1612 4512 membra
1646 4461 1922 4530 tangenda
1938 4476 2055 4515 ma-

488 4566 591 4621 gna
614 4547 897 4604 alacritate
928 4545 1225 4614 ferebatur,
1257 4549 1543 4620 respondit
1567 4551 1611 4583 ⁸¹
1638 4571 1652 4606 :
1690 4550 1820 4605 Noli
1844 4570 1923 4607 me
1944 4564 2057 4609 tan—

2166 4182 2276 4237 Τοῦ
2304 4180 2511 4247 αὑτοῦ,
2540 4182 2610 4235 ἐκ
2637 4180 2742 4235 τοῦ
2770 4181 2973 4251 λόγου
2991 4183 3078 4246 εις
3106 4181 3194 4234 τό·
3222 4199 3256 4251 fc
3290 4181 3507 4248 Κύριος
3533 4177 3735 4233 ἐκτισέ

2541 4269 2618 4321 με
2649 4249 3031 4320 ἀρχὴνοδῶν
3061 4250 3266 4305 αὐτοῦ.
3314 4269 3333 4301 ι

2250 4364 2308 4417 ’0
2334 4363 2622 4436 ἄνθρωπος
2654 4362 2761 4435 γὰρ
2790 4365 2818 4416 6
2848 4361 3129 4417 ἀποθανὼν
3160 4364 3456 4434 τριήμερος
3482 4360 3579 4433 μὲν
3614 4360 3731 4415 ἀνί-

2165 4472 2375 4521 σταται,
2403 4458 2469 4528 τῇ
2512 4455 2567 4508 δὲ
2611 4455 2859 4528 Μαριὰμ,
2892 4457 3185 4527 καρτερίαν
3214 4455 3315 4525 μὲν
3343 4453 3538 4526 ψυχῆς,
3570 4454 3735 4507 ἆπτε-

2163 4546 2287 4601 σθαι
2317 4546 2738 4620 προθυμουμένῃ
2761 4546 2868 4600 τῶν
2895 4548 3066 4617 ἁγίων
3097 4546 3292 4619 μελῶν,
3326 4544 3733 4612 ἅνθυπενέγκας

489 4658 643 4714 gere;
674 4639 905 4696 nondum
942 4642 1079 4696 enim
1118 4641 1331 4697 ascendi
1355 4642 1424 4697 ad
1453 4643 1672 4698 Patrem
1717 4663 1885 4701 meum
1915 4666 1933 4702 :
1965 4649 2056 4704 sed

2165 4638 2427 4709 ὲκφωνεῖ³
2462 4636 2559 4703 Μή
2603 4655 2722 4706 μου
2770 4637 2997 4692 ἅπτου·
3034 4637 3197 4691 οὔπω
3249 4635 3358 4705 γὰρ
3400 4632 3736 4700 ἀναϐέϐηκα

490 4733 614 4790 vade
643 4732 711 4788 ad
744 4733 937 4800 fratres
996 4751 1158 4797 meos,
1190 4745 1241 4789 et
1284 4735 1369 4789 dic
1398 4737 1473 4792 eis
1497 4756 1515 4792 :
1549 4738 1788 4793 Ascendo
1828 4741 1897 4793 ad
1946 4741 2058 4796 Pa-

490 4838 618 4881 trem
648 4841 817 4879 meum
845 4835 896 4880 et
942 4823 1157 4881 Patrem
1202 4836 1453 4893 vestrum,
1504 4838 1552 4882 et
1590 4827 1753 4882 Deum
1802 4847 1972 4886 meum
2005 4843 2055 4886 et

492 4923 656 4977 Deum
704 4930 950 4976 vestrum.
991 4920 1127 4976 Illud
1176 4928 1396 4976 autem:
1424 4919 1676 4976 Nondum
1728 4925 1941 4980 ascendi
1978 4929 2052 4982 ad

492 5014 703 5069 Patrem
718 5028 911 5077 meum,
933 5027 1044 5066 non
1066 5010 1204 5066 dixit
1225 5010 1466 5067 Verbum
1481 5019 1535 5066 et
1565 5010 1709 5069 Deus
1735 5015 1827 5084 qui
1857 5032 1887 5071 e
1913 5018 2053 5073 cmlo

491 5101 842 5161 descenderat
882 5114 936 5158 et
972 5102 1025 5157 in
1060 5102 1183 5158 sinu
1231 5101 1411 5158 Patris
1449 5106 1791 5174 versabatur,
1827 5124 1930 5163 nec
1959 5106 2058 5163 Sa-

491 5194 688 5265 pientia
722 5208 841 5263 quae
869 5208 959 5249 res
1010 5209 1202 5251 omnes
1235 5205 1448 5251 creatas
1479 5196 1761 5255 continet:
1811 5199 1904 5256 sed
1938 5199 2056 5270 ipse

491 5286 579 5357 .ιυί
604 5301 668 5340 ex
698 5284 929 5341 diversis
965 5285 1229 5341 membris
1289 5297 1604 5358 compactus
1634 5298 1772 5356 erat,
1804 5290 1967 5348 homo
2001 5292 2054 5346 id

488 5377 746 5447 protulit;
776 5378 867 5447 qui
901 5392 966 5431 ex
981 5376 1213 5430 mortuis
1245 5389 1638 5445 resurrexerat,
1665 5387 1723 5435 et
1756 5381 1820 5436 ad
1834 5379 2054 5437 Patrem

487 5470 726 5526 nondum
756 5478 878 5539 post
913 5475 1144 5524 mortem
1188 5468 1433 5535 abierat,
1463 5471 1568 5526 sibi
1623 5480 1805 5528 autem
1867 5474 2051 5530 profe-

484 5562 682 5619 ctionis
708 5562 980 5633 primitias
1010 5561 1348 5618 reservabat.

2164 4730 2316 4798 πρὸς
2359 4730 2467 4784 τὸν
2511 4729 2740 4798 Πατέρα
2769 4746 2921 4799 μου·
2971 4729 3227 4798 πορεύου
3278 4727 3345 4781 δὲ
3394 4726 3543 4795 πρὸς
3595 4724 3736 4792 τοὺς

2163 4820 2466 4890 ἀδελφούς
2487 4838 2626 4890 μου,
2661 4821 2756 4875 καὶ
2787 4819 2919 4875 εἰπὲ
2944 4820 3182 4886 αὐτοῖς·
3229 4820 3540 4874 Ἀναϐαίνω
3587 4818 3736 4886 πρὸς

2164 4912 2270 4965 τόν
2300 4912 2530 4981 Πατέρα
2550 4930 2670 4981 μου
2702 4912 2799 4968 καὶ
2835 4912 3066 4980 Πατέρα
3097 4911 3281 4981 ὑμῶν,
3313 4910 3412 4964 καὶ
3448 4911 3593 4964 Θεόν
3614 4927 3735 4978 μου

2162 5003 2259 5058 καί
2295 5003 2442 5058 Θεὸν
2466 5003 2649 5075 ὑμῶν.
2685 5004 2758 5058 T6
2784 5004 2861 5058 δέ’
2888 5004 3061 5058 Οὔπω
3086 5003 3425 5069 ἀναϐέϐηκα
3452 5001 3600 5070 πρὸς
3629 5000 3737 5054 τὸν

2160 5094 2392 5164 Πατέρα
2416 5114 2556 5165 μου,
2582 5098 2682 5168 οὐχ
2708 5098 2736 5150 6
2767 5097 2937 5165 Λόγος
2969 5096 3196 5166 ἔφασκε,
3223 5095 3317 5149 καὶ
3349 5094 3481 5157 Θεὸς
3515 5098 3542 5147 6
3572 5094 3736 5164 οὐρα·-

2159 5189 2310 5243 νόθεν
2360 5189 2712 5262 ὁρμώμενος,
2742 5190 2837 5243 καὶ
2871 5193 2930 5244 ὲν
2978 5193 3089 5254 τοῖς
3137 5190 3356 5252 κόλποις
3385 5186 3734 5257 διαιτώμενος

2157 5281 2251 5335 τοῦ
2290 5282 2524 5354 Πατρὸς,
2581 5282 2690 5336 οὐδ’
2739 5284 2773 5354 ή
2824 5284 3001 5338 πάντα
3058 5283 3128 5338 τὰ
3163 5282 3365 5355 γενητὰ
3410 5282 3735 5353 περιέχουσα

2160 5373 2352 5443 Σοφία,
2382 5373 2497 5427 ἀλλ’
2530 5374 2693 5438 αὐτὸς
2729 5376 2757 5427 ό
2810 5376 2875 5429 ὲκ
2905 5374 3259 5430 παντοδαπῶν
3291 5372 3736 5446 ἡρμολογημένος

2163 5466 2338 5537 μελῶν
2372 5466 2657 5539 ἄνθρωπος
2698 5466 2858 5521 τοῦτο
2889 5468 3189 5538 ὲπέφηνεν·
3232 5469 3260 5522 ὁ
3289 5470 3352 5521 ὲκ
3385 5466 3493 5519 τῶν
3524 5461 3735 5532 νεκρῶν

2159 5557 2423 5629 ἐγερθεὶς,
2454 5558 2549 5611 καὶ
2576 5558 2787 5613 οὐδέπω
2818 5560 2915 5631 μὲν
2945 5559 3080 5631 πρὸς
3113 5562 3205 5615 τὸν
3236 5560 3453 5632 Πατέρα
3480 5558 3617 5628 μετὰ
3642 5555 3734 5608 τὸν

2158 5648 2386 5702 θάνατον
2411 5649 2670 5715 ἀνελθὼν,
2705 5652 3093 5722 ταμιευόμενος
3118 5650 3173 5706 δὲ
3195 5651 3342 5722 αὐτῷ
3369 5652 3468 5721 τῆς
3505 5646 3737 5722 προόδου

2157 5742 2257 5812 τὴν
2288 5743 2563 5813 ἀπαρχήν.

554 5846 599 5880 τ’
625 5844 858 5917 Philipp.
890 5862 977 5913 ιιι,
1007 5846 1098 5917 20,
1151 5848 1241 5905 2|;
1281 5849 1328 5882 ”
1356 5847 1484 5903 Luc.
1520 5866 1582 5916 ιι,
1616 5849 1678 5905 Si
1719 5868 1871 5915 seqq.
1950 5855 1990 5885 ³¹
2021 5853 2059 5908 J

2172 5895 2185 5908 .
2216 5871 2313 5914 τι.
2347 5854 2463 5939 17..
