4090 6288
380 318 481 380 681

1777 324 2213 387 FBAGMEN'I’A.

1703 436 1909 508 Ιιιωει,
1961 457 2078 498 Ps6.
2127 444 2250 500 157.

664 547 780 609 τοῦ
797 550 1007 620 αὐτοῦ,
1030 550 1105 607 ἐκ
1122 551 1230 608 τοῦ
1249 551 1433 608 αὐτοῦ
1459 555 1664 623 λόγου.

447 642 656 717 Κύριον
686 643 742 698 δὲ
765 642 866 715 τῆς
887 643 1045 715 δόξης
1066 644 1225 698 αὐτόν
1244 644 1334 698 τὸν
1359 645 1637 717 ἄνθρωπον
1666 644 1940 699 τὺνσταυ-

378 735 623 809 ρωθέντα
647 735 832 805 σαφῶς
856 735 1126 807 ὀνομάζει,
1141 735 1383 805 γράφωνο
1409 734 1593 807 ὲτπιδὴ
1614 736 1708 790 καὶ
1737 735 1936 808 Κύριον

377 831 472 884 καὶ
506 827 738 901 Χριστόν
774 827 1040 894 ἀνέδειξεν
1068 827 1252 889 αὑτὸν,
1279 825 1528 899 καθάπερ
1563 828 1612 881 οι
1655 825 1938 881 ἀπόστολοι

377 917 457 990 τῷ
489 916 730 989 αἰσθητῷ
772 916 984 993 Ἰσραὴλ
1018 915 1310 991 ὁμοφώνως
1342 915 1709 986 ,διαλεγόμενοι
1742 915 1936 985 φασίν*

393 1009 693 1080 Ἀσφαλῶς
728 1005 842 1065 οὖν
869 1008 1202 1081 γινωσκέτω
1227 1008 1345 1077 πᾶς
1369 1004 1532 1074 οἶκος
1567 1002 1823 1075 Ἰσραὴλ,
1854 1005 1942 1060 ὅτι

382 1104 600 1172 Κύριον
637 1103 822 1157 αὐτὸν
856 1103 955 1155 καὶ
987 1100 1242 1170 Χριστόν
1268 1104 1301 1154 ό
1328 1098 1470 1166 Θεὸς
1504 1098 1772 1166 ἐποίησε,
1807 1096 1941 1151 τοῦ·

383 1211 488 1248 τον
514 1194 621 1248 τὸν
659 1195 890 1262 Ἰησοῦν
919 1194 990 1247 ὃν
1026 1192 1194 1262 ὑμεῖς
1224 1191 1658 1261 ἐσταυρώσατε.
1701 1190 1803 1243 Τὸν
1836 1206 1940 1242 πα-

384 1284 543 1341 θόντα
574 1285 855 1358 τοιγαροῦν
897 1284 1102 1355 Ἰησοῦν
1124 1283 1328 1356 Κύριον
1359 1282 1604 1353 ἐποίησε,
1632 1281 1725 1335 καὶ
1756 1281 1815 1334 οὺ
1844 1280 1940 1352 τὴν

314 1438 322 1448 ,
387 1380 579 1449 σοφίαν
629 1380 747 1435 οὐδὲ
797 1378 884 1432 τδν
937 1376 1106 1446 Λόγον
1153 1376 1244 1430 τόν
1300 1374 1557 1429 ἀνέκαθεν
1608 1372 1795 1444 ἔχοντα
1842 1372 1941 1443 τῆς

384 1467 696 1533 δεσποτείας
717 1467 775 1522 τὸ
793 1467 1014 1539 κράτος.
1036 1465 1169 1520 ἀλλά
1192 1465 1282 1520 τὸν
1310 1464 1601 1538 μετέωρον,
1623 1462 1699 1535 τῷ
1726 1460 1941 1538 σταυρῷ

388 1561 898 1632 προσεκπετάσαντα
931 1559 1030 1624 τὰς
1061 1561 1267 1631 χεῖρας.

2390 556 2662 627 Ejusdem,
2689 574 2755 614 ea:
2776 559 2957 616 eadem
2983 563 3239 622 oratione.

2117 646 2403 703 Dominum
2430 666 2558 705 vero
2584 651 2769 722 gloriae
2818 652 2996 723 ipsum
3045 656 3318 712 hominem
3370 661 3591 718 cruciﬁ-

2041 754 2170 794 xum
2198 736 2399 796 diserte
2424 742 2669 797 nominat
2697 744 2971 809 scribens.
3003 746 3129 817 quia
3155 759 3210 803 et
3232 746 3515 807 Dominum
3537 760 3592 810 et

2040 830 2314 886 Christum
2348 832 2644 890 declaravit
2675 834 2873 905 ipsum,
2912 838 3054 893 sicut
3104 840 3332 911 apostoli
3362 857 3473 898 uno
3496 859 3591 901 ore

2043 923 2109 977 ad
2140 924 2395 992 populum
2437 924 2601 987 Israel
2631 925 2821 986 dicunt
2846 927 2893 960 ⁸²
2914 946 2935 989 ;
2980 928 3280 990 Certissima
3305 934 3436 987 sciat
3469 952 3592 1007 ergo

2040 1016 2214 1070 omnis
2242 1016 2427 1072 domus
2452 1018 2646 1086 Israel,
2671 1023 2811 1094 quod
2829 1032 2886 1083 et
2913 1022 3194 1083 Dominum
3221 1041 3339 1085 eum
3360 1037 3410 1082 et
3436 1028 3593 1085 Citri-

2041 1113 2179 1188 stttm
2202 1104 2324 1179 fecit
2359 1106 2519 1175 Deus,
2559 1109 2694 1165 hunc
2725 1110 2908 1167 Iesum
2938 1130 3088 1184 quem
3120 1131 3207 1169 vos
3228 1119 3587 1188 cruciﬁzistis.

2036 1187 2220 1244 Jesum
2251 1194 2416 1265 igitur
2436 1195 2528 1265 qui
2557 1211 2753 1266 passus
2772 1212 2880 1266 'est,
2907 1200 3197 1258 Dominqu
3222 1187 3381 1271 fecit,
3400 1217 3459 1267 et
3480 1225 3588 1268 non

2038 1278 2369 1356 Sapientiam
2401 1301 2576 1358 neque
2607 1286 2839 1344 Verbum
2876 1293 3022 1362 quod
3054 1295 3123 1350 ab
3169 1299 3318 1356 omni
3347 1303 3587 1372 antiqui-

2037 1381 2147 1429 tate
2191 1374 2282 1445 jus
2310 1375 2469 1432 habet
2499 1378 2763 1447 dominii;
2816 1383 2913 1445 sed
2945 1399 3069 1441 eum
3116 1389 3213 1458 qui
3259 1389 3316 1447 in
3351 1395 3604 1453 sublime

2030 1474 2196 1526 actus
2224 1474 2329 1537 est,
2363 1476 2417 1526 et
2440 1486 2640 1529 manus
2664 1475 2920 1548 expandit
2949 1476 3007 1537 in
3043 1492 3226 1540 cruce.

1878 1665 2084 1725 Istneu.

644 1785 757 1841 Τοῦ
785 1785 991 1849 αὑτοῦ,
1020 1784 1090 1839 ἐκ
1119 1784 1227 1839 τοῦ
1252 1783 1437 1838 αὑτοῦ
1462 1782 1668 1853 λόγου.

456 1879 520 1934 Et
550 1875 660 1949 γὰρ
688 1875 974 1948 ἀσώματός
1003 1877 1172 1940 ἐστιν,
1199 1873 1327 1928 οὔτε
1363 1875 1475 1947 ἀφῇ
1508 1871 1704 1946 χειρῶν
1741 1869 1941 1926 ὑποπί-

389 1984 532 2030 πτει,
584 1966 694 2021 οὔτ’
746 1965 1021 2041 αἰσθητοῖς
1074 1966 1283 2038 ὄμμασι
1331 1964 1824 2038 περιλαμϐάνεται·
1877 1962 1938 2016 ού

385 2059 585 2130 τρῶσιν
615 2059 893 2132 ὑπομένει,
915 2060 1012 2130 οὐχ
1039 2058 1187 2130 ἣλοις
1218 2056 1596 2131 προσηλοῦται,
1635 2057 1696 2110 οὐ
1724 2054 1939 2126 θανάτῳ

382 2152 644 2209 κοινωνεῖ,
676 2150 737 2203 οὐ
781 2148 1075 2221 κρύπτεται
1118 2151 1210 2219 γῇ,
1244 2148 1303 2203 ού
1340 2146 1498 2219 τάφῳ
1538 2145 1935 2211 κατακλείεται,

382 2238 485 2293 οὐκ
508 2240 574 2294 ὲκ
604 2238 899 2312 μνημάτων
926 2236 1225 2291 ἀνίσταται.

2386 1782 2658 1854 Ejusdem,
2678 1801 2753 1841 es;
2781 1787 2960 1845 eadem
2990 1793 3244 1848 oratione.

2104 1872 2168 1928 'Si
2198 1874 2343 1928 enim
2366 1884 2451 1930 est
2474 1878 2844 1948 incorporeus,
2860 1897 2960 1937 nec
2972 1890 3416 1943 manuumrtaotui
3444 1891 3581 1947 sub-

2036 1963 2200 2034 jacet,
2230 1979 2331 2019 nec
2355 1980 2519 2021 sensu
2551 1969 2829 2024 oculorum
2857 1973 3153 2042 percipitur
3179 1992 3197 2042 ;
3223 1977 3445 2034 vulnera
3469 1997 3586 2040 non

2041 2051 2261 2121 accipit,
2284 2052 2453 2109 clavis
2481 2069 2591 2111 non
2615 2055 2864 2128 adigitur,
2889 2066 3115 2117 mortem
3136 2079 3243 2119 non
3274 2069 3582 2143 participat,

2036 2155 2147 2201 non
2187 2143 2394 2213 tegitur
2434 2150 2605 2208 terra,
2636 2147 2886 2218 sepulcro
2915 2167 3025 2207 non
3056 2153 3372 2227 includitur,
3422 2176 3524 2218 nec
3546 2180 3585 2219 te

2035 2241 2386 2289 monumento
2400 2235 2656 2307 resurgit.

1880 2344 2084 2402 Immin.

654 2466 765 2523 Τοῦ
790 2464 996 2529 αὐτοῦ,
1028 2463 1096 2518 ἐκ
1127 2460 1233 2518 τοῦ
1262 2460 1449 2516 αὐτοῦ
1471 2459 1674 2530 λόγου.

462 2557 670 2623 Οὐδεὶς
704 2557 853 2625 αἶρει
894 2557 1006 2625 τὴν
1043 2554 1254 2625 ψυχὴν
1287 2556 1387 2610 ἀπ’
1436 2554 1611 2624 ἐμοῦ*
1652 2549 1941 2617 ἐξουσίαν

385 2650 505 2721 ἔχω
547 2648 732 2704 θεῖναι
773 2647 890 2716 τὴν
922 2646 1132 2716 ψυχήν
1163 2664 1301 2714 μου,
1357 2646 1453 2702 καὶ
1493 2643 1782 2709 ἐξουσίαν
1823 2643 1941 2711 ἔχω

386 2741 575 2796 πάλιν
595 2739 806 2795 λαϐεῖν
833 2738 1043 2807 αὐτήν.
1078 2738 1140 2793 Εἰ
1173 2737 1229 2793 δὲ
1260 2737 1531 2809 ἑκατέρων
1568 2735 1665 2806 τὴν
1691 2734 1938 2802 ἐξουσίαν

385 2827 527 2903 εἶχεν
557 2826 645 2887 οἷα
679 2830 829 2894 Θεὸς,
869 2828 1156 2901 συνεχώρει
1185 2828 1285 2900 μὲν
1308 2828 1487 2890 αὐτοῖς
1518 2826 1664 2880 λύειν
1699 2826 1938 2889 ἀϐούλως

383 2925 477 2980 τὸν
525 2922 659 2977 νεὼν
721 2921 1076 2994 ἐγχειροῦσιν,
1134 2921 1556 2989 ἐπιφανέστερον
1602 2918 1659 2971 δὲ
1708 2916 1936 2972 ἀνιστῶν

385 3015 679 3086 ἐνεούργει.
742 3014 830 3080 Ἐξ
871 3014 1269 3084 ἀναπιρῤήτων
1301 3011 1566 3066 δέδεικται
1592 3009 1803 3081 ψήφωδ,
1852 3009 1934 3064 ὅτι

2397 2457 2672 2529 Ejusdem,
2699 2477 2764 2516 ea:
2791 2464 2970 2519 eadem
2989 2465 3243 2520 oratione.

2109 2542 2278 2600 Nemo
2305 2547 2441 2602 tollit
2497 2552 2732 2605 animam
2759 2569 2793 2605 a
2822 2570 2900 2607 me
2921 2571 2940 2608 :
2968 2563 3271 2623 potestatem
3298 2557 3461 2614 habeo
3489 2574 3585 2628 po-

2040 2640 2196 2695 nendi
2244 2643 2475 2696 animam
2514 2660 2717 2713 meam,
2754 2655 2806 2701 et
2836 2655 3144 2716 potestatem
3182 2649 3352 2705 habeo
3394 2651 3586 2709 iterum

2018 2735 2276 2797 ,sumendt'
2298 2750 2414 2789 eam
2444 2734 2512 2788 ⁸³.
2546 2734 2703 2803 Quod
2740 2739 2791 2795 si
2820 2740 3104 2811 utriusque
3127 2748 3451 2812 potestatem
3481 2746 3583 2800 ha-

2039 2822 2202 2881 bebat
2250 2834 2311 2882 ut
2347 2825 2510 2892 Deus,
2557 2829 2801 2899 permisit
2853 2831 3071 2902 quidem
3140 2834 3273 2905 ipsis
3324 2837 3586 2907 templum

2042 2915 2255 2971 solvere
2327 2917 2728 2976 inconsiderate
2794 2923 3101 2981 volentibus
3135 2963 3153 2991 ,
3204 2926 3350 2996 quod
3405 2936 3586 2986 tamen

2037 3010 2601 3079 resurgensillustrius
2628 3014 2967 3073 instauravit.
2995 3017 3429 3085 Demonstratum
3442 3024 3584 3079 enim

387 3107 550 3172 αὐτὸς
590 3105 655 3162 δι’
704 3103 897 3162 ἑαυτοῦ
935 3104 1024 3157 τὸν
1058 3104 1185 3157 ἴδιον
1232 3102 1562 3171 ἀνεστήσατο
1603 3098 1933 3173 νεοιιργήσας

2035 3104 2120 3150 est
2141 3099 2463 3157 certissimis
2478 3104 2822 3174 testimoniis,
2840 3108 2982 3178 quod
3002 3106 3116 3179 ipse
3131 3124 3227 3180 per
3243 3126 3301 3166 se
3310 3114 3583 3183 propriam

379 3196 545 3254 οἷκον.
593 3197 898 3253 ’Δναθετέον
921 3196 977 3250 δὲ
1001 3196 1100 3250 καὶ
1128 3194 1206 3267 τῷ
1234 3193 1490 3263 θειοτάτῳ
1519 3191 1689 3262 [Ιατρὶ⁷
1714 3192 1813 3255 τὰς
1839 3189 1932 3244 τοῦ

381 3290 514 3345 Υίοῦ
551 3289 966 3362 μεγαλουργίας.
995 3287 1133 3342 Οὔτε
1160 3285 1268 3358 γὰρ
1306 3285 1432 3349 Υἱὸς
1462 3285 1587 3340 ἄνευ
1611 3281 1703 3341 τοῦ
1724 3281 1936 3353 Πατρός

379 3382 697 3454 δημιουργεῖ
735 3379 876 3435 κατὰ
906 3380 1003 3444 τὰς
1034 3380 1298 3454 ἀρῤαγεῐς
1325 3377 1432 3431 τῶν
1482 3375 1639 3453 ἱερῶν
1674 3373 1935 3448 γραμμά-

379 3490 488 3527 των
525 3474 843 3544 ἀποφάσεις.
893 3470 1092 3523 Τούτου
1145 3470 1253 3544 γὰρ
1293 3467 1356 3542 δὴ
1400 3467 1559 3543 χάριν
1601 3465 1723 3521 τοτὲ
1765 3465 1861 3535 μὲν
1905 3467 1935 3518 ό

381 3564 648 3629 θειότατος
676 3565 952 3634 γεννήτωρ
991 3563 1080 3615 τὸν
1111 3561 1340 3633 Χριστὸν
1372 3563 1436 3615 ὲκ
1465 3559 1671 3633 νεκρῶν
1702 3560 1933 3631 ἐγηγερ-

382 3654 536 3708 κέναι
562 3654 844 3726 γράφεται’
872 3654 990 3707 τοτὲ
1017 3653 1073 3708 δὲ
1104 3655 1135 3708 6
1172 3652 1298 3716 Υἱὸς
1320 3650 1411 3706 τὸν
1444 3651 1571 3706 ίδιον
1615 3652 1934 3722 ἀναστήσειν

384 3746 718 3815 ὑπισχνεῖται
763 3743 909 3797 ναόν.
956 3744 1019 3797 Et
1054 3741 1146 3798 οὖν
1195 3747 1259 3798 ἐκ
1295 3744 1402 3798 τῶν
1451 3742 1934 3815 προεξητασμένων

381 3836 587 3900 ἀπαθὲς
614 3835 881 3893 δέδεικται
915 3836 974 3888 τὸ
1004 3834 1141 3891 θεῶν
1178 3834 1269 3889 τοῦ
1299 3835 1532 3908 Χριστοῦ
1571 3833 1807 3905 πνεῦμα,
1834 3850 1937 3888 περ

384 3928 578 4002 ριττῶς
612 3930 723 3990 τοῖς
745 3924 1117 3990 smmum;
1142 3928 1561 3997 ὲπισκήπτουσιν
1596 3927 1738 3999 ὅροις
1766 3929 1817 3981 oi
1852 3929 1934 3981 ὲν-

379 4024 553 4090 αγεῑς.
578 4020 642 4073 Et
672 4019 780 4090 γὰρ
808 4021 836 4072 ὁ
872 4017 1083 4083 Παῦλος
1110 4018 1332 4090 ἔφρασε,
1361 4019 1451 4072 τὸν
1482 4018 1683 4091 Κύριον
1715 4019 1813 4091 τῆς
1851 4019 1936 4074 δός

380 4110 477 4186 ξης
498 4111 908 4182 ισταυρῶσθαι,
940 4110 1123 4180 σαφῶς
1151 4112 1229 4174 είς
1254 4110 1345 4167 τὸν
1380 4111 1658 4184 ἄνθρωπον
1690 4110 1931 4183 ἀφορῶν,

376 4204 438 4259 οὐ
470 4203 618 4277 παρά
646 4202 802 4262 τοῦτο
827 4203 1007 4274 δεήσει
1035 4202 1204 4266 πάθος
1237 4201 1312 4274 τῷ
1342 4202 1469 4275 θείῳ
1490 4204 1839 4276 προσάπτειν.
1867 4201 1933 4258 Τί

376 4290 470 4351 οῦν
497 4295 655 4351 τοῦτο
684 4294 1008 4353 συνάπτουσι
1038 4295 1322 4361 πλέκοντες
1348 4293 1406 4363 ἐξ
1436 4294 1715 4359 ἀσθενείας
1739 4297 1932 4349 ἐσταυ-

379 4386 584 4460 ρῶσθαι
612 4386 857 4461 λέγοντες
886 4386 976 4445 τὸν
996 4388 1040 4440 X
1049 4387 1258 4461 pta-16v;

2036 3186 2256 3243 domum
2288 3201 2599 3248 renovatam
2617 3198 2886 3253 excitarit.
2916 3196 3250 3255 Ascribenda
3266 3211 3444 3257 autem
3457 3213 3586 3260 sunt

2035 3277 2197 3333 etiam
2229 3279 2565 3337 divinissimo
2582 3282 3024 3357 Patrimagniﬁca
3051 3285 3173 3343 Filii
3199 3304 3384 3360 opera.
3401 3290 3585 3364 Neque

2035 3369 2180 3426 enim
2212 3368 2383 3427 Filius
2407 3374 2533 3430 sine
2556 3372 2720 3431 Patre
2752 3387 3010 3448 operatur
3036 3381 3334 3440 secundum
3378 3383 3583 3440 invicta

2034 3473 2314 3517 sacrarum
2343 3464 2646 3520 litterarum
2673 3468 2852 3524 enata.
2904 3468 3024 3537 Quo
3059 3466 3118 3523 ﬁt
3146 3507 3163 3535 .
3209 3480 3276 3526 ut
3302 3472 3582 3533 Christum

2033 3552 2170 3609 alias
2198 3553 2412 3625 quidem
2448 3558 2742 3614 suscitasse
2770 3559 3142 3617 divinissimus
3170 3559 3392 3619 Genitor
3435 3566 3584 3622 dicar

2033 3655 2144 3713 tur,
2184 3650 2321 3705 alias
2350 3665 2478 3706 vero
2500 3650 2672 3708 Filius
2688 3653 2966 3722 proprium
2997 3668 3057 3708 se
3087 3656 3346 3729 templum
3381 3658 3582 3713 excita-

2033 3747 2216 3796 turum
2240 3743 2576 3813 polliceatur.
2612 3741 2667 3797 Si
2696 3758 2823 3814 ergo
2846 3760 2910 3798 ex
2937 3744 3004 3799 iis
3031 3761 3150 3814 qua:
3196 3746 3458 3802 hactenus
3487 3762 3585 3803 ex-

2032 3834 2210 3903 posita
2246 3841 2396 3897 sunt,
2426 3833 2777 3905 impatihilem
2806 3848 2928 3889 esse
2972 3834 3216 3889 divinum
3245 3836 3447 3893 Christi
3472 3838 3586 3910 spi-

2031 3925 2198 3980 ritum
2228 3933 2506 3981 ostensum
2536 3932 2640 3988 est,
2675 3928 2987 3996 apostolicis
3013 3926 3245 3983 decretis
3276 3928 3474 3986 frustra
3500 3930 3580 3986 in-

2031 4017 2282 4071 nituntur
2311 4017 2505 4086 impuri
2536 4017 2802 4075 homines.
2847 4016 2981 4072 Nam
3012 4019 3057 4074 si
3092 4017 3373 4074 Dominum
3402 4020 3589 4090 gloria

2030 4108 2353 4163 cruciﬁxum
2384 4105 2589 4167 Paulus
2630 4109 2769 4165 dixit
2797 4108 2864 4177 “,
2894 4110 2959 4166 ad
2989 4112 3259 4168 hominem
3289 4122 3475 4185 aperte
3495 4130 3585 4172 rea

2031 4200 2308 4270 spiciens:
2349 4214 2462 4257 non
2492 4209 2776 4273 propterea
2805 4200 3076 4258 divinitati
3131 4205 3437 4275 passionem
3484 4206 3581 4267 tris

2031 4291 2201 4348 buere
2227 4292 2515 4365 oportebit.
2546 4289 2656 4347 Cur
2688 4292 2854 4364 igitur
2882 4294 2989 4351 ista
3017 4295 3378 4368 coniungunt,
3397 4296 3585 4360 dicen—

2029 4390 2116 4442 tes
2141 4399 2210 4441 οι
2228 4382 2595 4441 imbecillitate
2623 4383 2901 4443 Christum
2922 4401 3044 4446 esse
3080 4389 3446 4451 cruciﬁxum?

1871 4499 2073 4557 Ιιιιιιειι.

634 4618 743 4676 Τοῦ
773 4618 984 4683 αὑτοῦ,
1022 4618 1094 4674 ἐκ
1127 4616 1235 4673 τοῦ
1267 4616 1454 4672 αὐτοῦ
1478 4618 1684 4687 λόγου.

447 4713 511 4767 Et
548 4708 606 4765 δὲ
646 4711 709 4782 δὴ
763 4712 856 4764 καὶ
904 4709 1184 4773 ἀσθενείας
1240 4706 1378 4773 εἶδος
1416 4708 1736 4781 περιάπτειν
1783 4705 1931 4777 αὐτῷ

377 4805 652 4875 προσῆκον
687 4799 776 4875 ἦν.
819 4801 897 4872 τῷ
939 4800 1211 4873 ἀνθρώπῳ
1251 4799 1425 4854 ταῦτα
1453 4799 1766 4873 πῳσαρτᾷν
1805 4799 1933 4852 ἀκό-

375 4893 563 4949 λουθον
602 4891 739 4949 εἶναι
767 4895 900 4965 φαίη
937 4911 1021 4958 τις
1058 4892 1145 4955 ἂν,
1174 4890 1354 4961 οῦτιγε
1395 4891 1461 4964 δὴ
1500 4891 1577 4963 τῷ
1604 4887 1935 4964 πληρώματι

374 4987 474 5059 τῆς
510 4985 780 5057 θεότητος,
812 4985 845 5056 ἦ
880 4984 958 5054 τῷ
995 4981 1259 5053 ἀξιώματι
1296 4985 1398 5053 τῆς
1427 4981 1684 5037 ἀνωτάτω
1723 4980 1932 5052 σοφίας,

375 5078 410 5150 ἢ
440 5078 517 5150 τῷ
531 5078 629 5133 ἐπὶ
646 5076 905 5141 πάντων,
921 5075 1061 5130 κατά
1081 5075 1172 5131 τδν
1187 5073 1416 5137 Παῦλον,
1438 5072 1767 5145 γραφομένῳ
1792 5071 1933 5139 Θεῷ.

2383 4612 2658 4686 Ejusdem,
2683 4629 2750 4671 ea:
2771 4614 2951 4670 eadem
2972 4625 3226 4671 *orattane.

2101 4704 2258 4774 Quod
2280 4706 2326 4764 si
2360 4709 2586 4763 omnino
2612 4708 2999 4764 imbecillitatis
3029 4708 3240 4778 species
3264 4709 3339 4763 illi
3363 4717 3480 4765 erat
3500 4719 3555 4766 at

2029 4799 2338 4863 tribuenda.
2395 4800 2601 4856 homini
2642 4801 2759 4856 haec
2796 4799 3123 4871 assignanda
3154 4808 3581 4859 consentaneum

2030 4889 2236 4948 diceret
2262 4891 2555 4962 quispiam,
2607 4906 2717 4946 non
2742 4906 2874 4946 vero
2901 4891 3224 4962 plenitudini
3257 4893 3582 4959 divinitatis,

2031 4990 2128 5037 aut
2156 4998 2383 5039 summae
2407 4982 2700 5054 Sapientiae
2731 4982 3001 5054 dignitati,
3031 4991 3127 5039 aut
3155 4983 3206 5039 ei
3233 4985 3348 5054 qui,
3381 5001 3581 5041 secun-

2032 5072 2162 5130 dum
2189 5072 2417 5130 Paulum
2443 5074 2515 5139 ⁸⁵,
2548 5074 2787 5146 scriptus
2813 5081 2899 5130 est
2931 5074 3072 5131 Deus
3105 5090 3258 5147 super
3278 5078 3476 5136 omnia.

1723 5184 1928 5251 Ιιιιοειι,
1959 5199 2079 5240 me.
2102 5184 2226 5242 I58.

639 5303 751 5362 Τοῦ
780 5301 986 5368 αὐτοῦ,
1015 5300 1083 5357 ἐκ
1106 5300 1214 5357 τοῦ
1239 5300 1424 5356 αὐτοῦ
1456 5300 1664 5372 λόγου.

441 5390 610 5460 οὗτος
640 5396 736 5467 μὲν
779 5393 843 5466 δὴ
880 5394 979 5465 τῆς
1028 5391 1310 5457 ἀσθενείας
1338 5395 1367 5447 6
1403 5393 1621 5466 τρόπος,
1660 5392 1726 5446 δι’
1752 5392 1810 5447 όν
1852 5394 1932 5457 εἰς

373 5487 599 5544 θάνατον
622 5560 627 5565 γ
653 5484 924 5557 γράφεται
975 5484 1114 5540 κατὰ
1160 5483 1253 5537 τὸν
1302 5483 1513 5538 Παῦλον
1557 5483 1801 5555 ἀφῖχθαι.
1842 5482 1930 5553 Ζῇ

374 5580 480 5653 γὰρ
503 5577 894 5648 ἐκδυνάμεως
923 5577 1092 5644 Θεοῦ,
1116 5575 1194 5649 τῷ
1229 5577 1359 5649 θείῳ
1384 5577 1657 5650 Πνεύματι
1691 5578 1931 5654 δηλονότι

470 5734 518 5772 ⁸³
536 5734 654 5791 Aet.
683 5748 741 5790 tr.
771 5730 862 5788 36.

725 5822 995 5884 Psnos.
1046 5818 1164 5885 Gtt.
1210 5820 1433 5889 XVIII.

2391 5297 2663 5370 Ejusdem,
2697 5314 2764 5361 ea:
2780 5300 2959 5361 eadem
2977 5309 3232 5365 oratione.

2101 5391 2204 5447 IIic
2253 5405 2387 5449 sane
2439 5399 2526 5449 est
2574 5390 2909 5449 inﬁrmitatis
2939 5393 3154 5459 modus,
3183 5408 3279 5463 per
3306 5405 3464 5462 quem
3495 5404 3585 5447 se-

2029 5485 2267 5549 cundum
2296 5483 2521 5541 Paulum
2551 5483 2622 5549 “.
2657 5484 2724 5540 ad
2757 5494 2988 5541 mortem
3038 5485 3256 5540 venisse
3303 5483 3580 5542 scribitur.

2039 5578 2179 5634 Vivit
2214 5579 2357 5636 enim
2403 5594 2470 5634 es
2518 5579 2713 5635 uirtute
2757 5579 2885 5645 Dei,
2928 5580 3023 5657 qui
3070 5594 3179 5634 una
3230 5595 3353 5636 cum
3398 5578 3586 5641 divino

959 5731 1007 5765 ³⁸
1031 5729 1192 5786 Joan.
1232 5746 1289 5788 ι.
1325 5730 1410 5786 I8.
1485 5731 1533 5765 ”
1556 5731 1585 5789 I
1610 5731 1732 5790 Cor.
1769 5749 1825 5799 ιι,
1856 5733 1909 5788 8.

2050 5730 2209 5811 Rom.
2248 5748 2325 5800 ix,
2356 5733 2407 5791 ὅ.
2482 5735 2527 5767 ⁸⁸
2565 5731 2624 5789 II
2654 5731 2778 5790 Cor.
2819 5750 2936 5798 sm,
2969 5733 3021 5788 ι.
