4090 6288
577 288 684 344 683

1552 285 1610 341 S.
1651 282 2015 339 EUSTATHII
2044 283 2352 340 EPISCOPI
2389 282 2804 339 ANTIOCHENI

3692 281 3803 340 684

581 404 788 476 Spiritu
815 413 1060 460 versatur
1084 404 1246 458 homo
1271 445 1285 469 ,
1321 405 1574 475 quoniam
1607 411 1660 458 et
1688 407 1942 459 virtutem
1970 404 2109 459 Altis

2242 400 2682 472 συνδιαιτώμενος
2733 403 2763 454 6
2817 399 3126 471 ἄνθρωπος·
3187 399 3370 471 ἐπειδὴ
3419 398 3513 453 καὶ
3566 398 3806 471 δύναμις

579 498 702 551 simi
733 513 873 560 esse,
917 495 1009 566 qui
1037 495 1092 549 in
1138 495 1258 564 ipso
1299 495 1562 562 creditur,
1595 510 1661 551 ex
1690 494 2121 566 praecedentibus

579 589 810 646 decretis
842 593 1120 642 ostensum
1151 595 1254 642 est.

2240 495 2492 564 Ὑψίστου
2532 497 2560 548 6
2601 496 2656 546 ἐν
2685 492 2834 562 αὐτῷ
2871 492 3272 563 πιστευόμενος,
3307 491 3447 545 κατά
3486 492 3608 554 τοὺς
3653 492 3801 563 φθά-

2234 605 2432 651 σαντας
2460 589 2618 659 ὄρους
2646 585 3036 639 ἀποδέδεικται.

2080 697 2285 755 lumen.

924 815 1196 886 Ejusdem,
1221 830 1285 870 ea:
1306 815 1486 870 eadem
1518 817 1754 870 oratione

646 911 799 979 Quod
821 911 869 968 si
896 910 1129 983 Virginis
1158 920 1367 965 uterum
1424 910 1734 982 ingressus,
1780 926 1886 965 non
1933 909 2129 964 minuit

572 1015 914 1081 potestatem,
948 1021 1049 1062 nec
1086 1019 1308 1076 corpore
1356 1005 1501 1074 ligno
1530 1004 1711 1059 crucis
1743 1003 1920 1068 allixo,
1964 1002 2130 1073 spiri-

571 1114 661 1158 tus
691 1102 968 1174 polluitur.
1005 1099 1216 1170 Corpus
1245 1098 1386 1172 enim
1421 1095 1651 1151 sublime
1705 1095 1760 1149 in
1802 1110 1964 1149 cruce
1992 1110 2128 1164 pen-

570 1195 749 1258 debat,
783 1194 1001 1249 divinus
1023 1207 1152 1247 vero
1181 1189 1473 1260 Sapientiae
1503 1188 1730 1258 spiritus
1761 1195 1814 1242 et
1837 1189 1980 1242 intra
1997 1203 2122 1242 cor-

573 1305 672 1360 pus
696 1287 1040 1346 versabatur,
1071 1293 1124 1339 et
1152 1285 1205 1338 in
1233 1281 1544 1337 caalestibus
1569 1281 1856 1344 insidebat,
1877 1291 1926 1336 et
1957 1290 2124 1336 totam

569 1393 768 1437 terram
807 1380 1136 1441 continebat,
1177 1385 1231 1432 et
1263 1375 1474 1448 abyssis
1507 1375 1826 1444 imperabat,
1855 1382 1909 1428 et
1937 1374 2124 1444 singu-

573 1478 748 1528 lorum
781 1474 991 1528 animas
1045 1471 1385 1540 perlustrans
1436 1466 1734 1537 judicabat,
1766 1473 1819 1520 et
1849 1466 2030 1520 omnia
2066 1473 2125 1520 ut

569 1567 714 1622 Deus
739 1565 807 1620 de
836 1580 985 1619 more
1013 1561 1446 1617 administrabat.
1470 1558 1580 1613 Nec
1613 1559 1758 1612 enim
1791 1558 1930 1612 intra
1957 1559 2122 1614 moles

568 1671 860 1727 corporeas
893 1669 1143 1725 suprema
1195 1652 1470 1723 Sapientia
1529 1652 1739 1707 inclusa
1787 1651 2118 1715 continetur,

2502 811 2612 866 Τοῦ
2643 811 2848 875 αὐτοῦ,
2879 811 2946 864 ἐκ
2974 809 3079 864 τοῦ
3109 810 3294 865 αὐτοῦ
3320 813 3525 882 λόγου.

2305 905 2369 958 Εἰ
2399 903 2453 957 δὲ
2497 903 2594 973 τῆς
2647 902 2978 975 παρθενικῆς
3029 902 3389 966 ὲπιδατεύσας
3437 906 3647 976 μήτρας
3693 908 3793 962 οὐκ

2233 993 2464 1066 ἐμείωσε
2510 993 2608 1064 τὴν
2652 993 2918 1059 ἐξουσίαν,
2967 993 3086 1047 οὐδὲ
3134 993 3211 1063 τῷ
3243 991 3382 1064 ξύλῳ
3421 994 3513 1046 τοῦ
3558 997 3789 1066 σταυροῦ

2233 1084 2640 1157 προσπαγέντος
2681 1083 2774 1137 τοῦ
2832 1084 3097 1154 σώματος,
3133 1085 3410 1156 χραίνεται
3449 1086 3509 1138 τὸ
3554 1087 3787 1159 πνεῦμα.

2230 1178 2302 1230 Τὸ
2339 1175 2438 1247 μὲν
2461 1175 2568 1248 γὰρ
2593 1175 2749 1246 σῶμα
2781 1176 3066 1247 μετάρσιον
3088 1177 3440 1247 ὲσταυροῦτο·
3472 1177 3530 1230 τὸ
3567 1178 3623 1230 δὲ
3651 1179 3791 1234 θεῖον

2229 1269 2325 1339 τῆς
2355 1269 2543 1338 σοφίας
2593 1267 2807 1338 πνεῦμα
2837 1269 2929 1320 καὶ
2967 1267 3058 1320 τοῦ
3110 1265 3358 1338 σώματος
3393 1268 3522 1321 εἴσω
3550 1269 3788 1342 διῃτᾶτο,

2229 1358 2322 1410 καὶ
2357 1359 2468 1421 τοῖς
2513 1357 2783 1427 οὐρανίοις
2824 1357 3139 1421 ἐπεϐάτευε,
3186 1359 3281 1412 καὶ
3326 1360 3507 1413 πᾶσαν
3549 1362 3788 1431 περιεῖχε

2227 1448 2323 1519 τὴν
2348 1450 2468 1520 γῆν,
2505 1451 2598 1502 καὶ
2623 1448 2728 1502 τῶν
2753 1449 3000 1503 ἀϐύσσων
3034 1450 3273 1521 ἐκράτει,
3300 1451 3394 1503 καὶ
3422 1451 3520 1514 τὰς
3546 1453 3787 1507 ἑκάστων

2228 1537 2404 1608 ψυχὰς
2437 1537 2728 1607 ἀνιχνεύων
2760 1537 3010 1609 διέκρινε,
3043 1537 3138 1592 καὶ
3169 1537 3346 1591 πάντα
3377 1537 3511 1608 ὁμοῦ
3546 1537 3787 1609 συνήθως

2226 1624 2314 1682 οἷα
2353 1629 2484 1692 Θεὸς
2538 1629 2821 1700 ἔπραττεν.
2871 1631 2943 1682 Ού
2980 1630 3088 1702 γὰρ
3128 1630 3257 1684 εἵσω
3304 1630 3411 1683 τῶν
3452 1628 3788 1702 ’σωματικῶν

569 1750 711 1803 sicut
735 1745 955 1800 humida
982 1751 1036 1799 et
1073 1744 1220 1799 sicca
1251 1741 1399 1796 vasis
1431 1739 1861 1801 concluduntur,
1897 1746 1951 1793 et
1995 1754 2111 1793 con-

2226 1720 2404 1789 ὄγκων
2449 1723 2481 1792 ἡ
2529 1721 2786 1775 ἀνωτάτω
2834 1722 2994 1790 σοφία
3044 1721 3408 1794 καθειργμένη
3457 1724 3783 1794 περιέχεται,

570 1841 806 1894 tinentur
833 1838 1014 1906 potius
1056 1849 1215 1904 quam
1269 1832 1609 1902 receptacula
1647 1831 1981 1892 contineant.
2017 1826 2123 1882 Sed

568 1947 690 1986 cum
737 1930 915 1985 divina
946 1926 1190 1998 quaedam
1224 1923 1294 1981 sit
1326 1931 1380 1978 et
1431 1921 1822 1992 inexplicabilis
1857 1921 2118 1991 potentia,

566 2021 754 2074 intima
775 2026 828 2073 et
855 2018 1053 2072 extima
1073 2016 1258 2086 templi
1288 2014 1658 2085 complectens
1685 2011 1973 2067 conﬁrmat
2005 2028 2021 2074 ;
2065 2017 2121 2064 et

565 2113 691 2167 hinc
736 2112 961 2166 ulterius
1022 2109 1360 2180 procedens,
1405 2106 1576 2162 moles
1625 2105 1786 2162 simul
1835 2104 2120 2158 universas

564 2205 848 2261 continens
872 2201 1207 2258 moderatur.

2225 1812 2473 1885 καθάπερ
2514 1813 2704 1867 αἰτῶν
2747 1813 2927 1885 ὑγρῶν
2977 1815 3071 1867 καὶ
3117 1813 3296 1887 ξηρῶν
3339 1813 3481 1880 ὕλαι,
3530 1815 3638 1870 τών
3687 1815 3785 1887 μὲν

2223 1906 2457 1975 ἀγγείων
2492 1906 2621 1960 εῖσω
2655 1906 3082 1970 κατακλείονται,
3116 1907 3455 1978 περιέχονται
3496 1908 3552 1961 δὲ
3588 1908 3784 1978 μᾶλλον

2222 1997 2254 2066 ἢ
2309 1997 2619 2068 περιέχουσι
2666 1998 2763 2062 τὰς
2794 1998 2985 2070 θήκας.
3037 1999 3194 2053 Ἀλλὰ
3237 1999 3355 2052 θεία
3395 2017 3478 2063 τις
3509 1996 3640 2053 οὖσα
3692 2002 3784 2053 καὶ⁵

2219 2089 2588 2160 ἀνέκφραστος
2627 2090 2874 2161 δύναμις,
2916 2092 2986 2145 τά
3014 2091 3060 2145 τ’
3095 2091 3360 2146 ἐνδοτάτω
3404 2093 3498 2145 καὶ
3535 2091 3783 2157 ἐξωτάτω

2223 2179 2314 2232 τοῦ
2349 2179 2453 2234 νεὼ
2496 2182 2990 2253 περιλαμϐάνουσα,
3027 2187 3295 2256 κραταιοῖ·
3332 2183 3624 2237 κάντεῦθεν
3653 2184 3780 2237 ὲπέ-

2223 2289 2376 2326 κεινα
2407 2273 2685 2343 διήκουσα,
2717 2274 2921 2338 πάντας
2941 2275 3071 2346 ὁμοῦ
3101 2275 3224 2339 τοὺς
3247 2277 3443 2345 ὄγκους
3469 2278 3656 2346 κρατεί
3681 2292 3783 2330 πε-

2225 2365 2406 2436 ριέχου
2415 2381 2500 2418 σα.

2062 2500 2275 2559 htnau.

908 2627 1182 2698 Ejusdem,
1207 2639 1274 2679 ea:
1299 2623 1479 2679 eadem
1509 2631 1766 2678 oratione.

633 2721 688 2776 Si
718 2730 893 2776 au'em
924 2721 1004 2774 sol
1040 2718 1196 2787 cujus
1224 2730 1421 2785 corpus
1456 2715 1603 2770 cerni
1630 2720 1682 2768 et
1713 2727 1879 2768 sensu
1908 2710 2112 2783 percipi

560 2820 760 2885 potest,
791 2820 873 2866 tot
904 2818 1191 2880 tantasque
1229 2807 1430 2876 ubique
1475 2813 1741 2860 terrarum
1775 2803 1954 2858 ferens
1984 2818 2116 2858 con-

559 2906 831 2968 tumelias,
863 2917 972 2957 non
994 2908 1166 2955 mutat
1185 2897 1453 2960 ordinem,
1486 2911 1584 2950 nec
1599 2896 1766 2950 ictum
1799 2895 1966 2948 ullum
1987 2908 2114 2964 par-

559 3012 686 3050 vum
738 3007 1061 3064 magnumve
1107 2990 1291 3054 sentit,
1350 2989 1724 3057 incorpoream
1777 2984 2110 3056 Sapientiam

557 3087 724 3158 pollui
753 3085 1129 3142 existimamus
1155 3089 1209 3138 et
1235 3088 1446 3135 mutare
1473 3088 1738 3141 naturam,
1766 3077 1810 3132 si
1834 3078 1952 3146 ejus
1977 3083 2116 3131 tem-

557 3181 704 3248 plum
733 3177 882 3232 cruci
932 3175 1197 3245 aliigatur,
1230 3179 1323 3227 aut
1353 3171 1780 3226 destructionem
1819 3169 2109 3232 sustineat,

557 3276 649 3322 aut
678 3268 899 3322 vulnera
932 3265 1184 3334 excipiat,
1216 3271 1310 3317 aut
1357 3262 1759 3332 corruptionem
1821 3260 2114 3315 admittat?

557 3359 665 3413 Sed
695 3362 955 3428 templum
1003 3355 1220 3425 quidem
1270 3353 1503 3424 patitur;
1550 3353 1685 3406 labis
1707 3358 1888 3406 autem
1917 3366 2112 3420 expers

555 3452 880 3514 substantia,
906 3451 1055 3505 omni
1080 3463 1145 3504 ex
1177 3456 1328 3518 parte
1355 3446 1690 3516 impollutam
1716 3444 1912 3500 retinet
1935 3442 2113 3514 digni—

555 3551 739 3600 latent.

553 3787 610 3842 In
650 3785 780 3840 illud
831 3781 1089 3838 Proverb.
1131 3796 1206 3846 ιι,
1230 3781 1267 3836 5
1295 3797 1314 3835 :
1341 3778 1608 3835 Comedite
1635 3793 1820 3846 partem
1860 3795 2049 3844 meum,
2099 3791 2146 3834 et
2193 3782 2351 3840 bibile
2381 3803 2555 3841 mnum

2487 2624 2595 2679 Τοῦ
2621 2625 2832 2688 αὑτοῦ,
2865 2625 2933 2678 ἐκ
2966 2621 3074 2676 τοῦ
3104 2621 3286 2677 αὐτοῦ
3315 2624 3518 2692 λόγου.

2291 2716 2354 2771 Εἰ
2378 2716 2423 2771 δ’
2447 2719 2474 2771 6
2498 2716 2668 2788 ἥλιος,
2709 2716 2865 2787 σῶμα
2898 2715 2971 2769 ὣν
2999 2715 3193 2786 ὁρατὸν
3221 2714 3314 2768 καί⁸
3339 2714 3588 2784 αἰσθήσει
3616 2730 3780 2767 κατα-

2217 2808 2444 2880 ληπτὸν,
2483 2808 2750 2871 τοσαύτας
2783 2808 2876 2861 καί⁵
2911 2807 3163 2870 τοιαύτας
3204 2804 3475 2876 πανταχοῦ
3511 2804 3614 2875 γῆς
3650 2806 3782 2859 ὑπο-

2219 2900 2394 2972 μένων
2436 2900 2637 2964 αἰκίας,
2672 2899 2732 2952 ού
2767 2898 3086 2970 μεταϐάλλει
3117 2899 3214 2970 τὴν
3245 2899 3417 2964 τάξιν,
3446 2898 3566 2951 οὐδὲ
3596 2896 3778 2950 αἴσθε-

2215 3009 2302 3045 ται
2340 2995 2540 3064 μικρᾶς
2566 2993 2598 3061 ἢ
2633 2991 2872 3062 μεγάλης
2897 2991 3125 3063 πληγῆςο
3159 2993 3256 3063 τὴν
3281 2991 3564 3062 ἀσώματον
3591 2990 3777 3058 σοφίαν

2216 3085 2439 3156 οἰόμεθα
2469 3085 2798 3156 χραίνεσθαι,
2834 3084 2929 3137 καὶ
2965 3084 3342 3154 μεταλλάττειν
3383 3084 3479 3154 τὴν
3511 3084 3690 3152 φύσιν,
3727 3082 3777 3135 εί

2217 3178 2245 3228 6
2273 3177 2395 3240 ναὸς
2425 3177 2591 3248 αὐτῆς
2616 3176 2829 3248 σταυρῷ
2851 3176 3229 3249 προσηλοῦται,
3259 3176 3289 3246 ἢ
3319 3175 3465 3228 λύσιν
3495 3174 3770 3244 ὑπομένει,

2218 3268 2249 3338 ἢ
2303 3269 2503 3340 τρῶσιν
2549 3270 2856 3338 ὑφίσταται,
2911 3269 2944 3342 ἢ
2993 3269 3282 3340 διαφθορὰν
3326 3267 3560 3338 δέχεται;
3609 3266 3771 3318 Ἀλλὰ

2220 3362 2413 3430 πάσχει
2447 3362 2546 3433 μὲν
2571 3364 2599 3415 6
2623 3361 2778 3426 νεὼς,
2811 3366 2843 3434 ἡ
2873 3363 2927 3416 δὲ
2956 3362 3276 3433 ἀκηλίδωτος
3303 3360 3456 3413 ούσία
3483 3357 3766 3411 παντάπα-

2213 3468 2300 3507 σιν
2327 3455 2589 3527 ἄχραντος
2610 3456 2706 3527 τὴν
2737 3455 2892 3521 ἀξίαν
2933 3456 3280 3526 καθέστηκεν.

2588 3789 2725 3859 quod
2757 3790 2940 3844 miscui
2963 3789 3127 3848 vobis.
3151 3820 3224 3832 —
3257 3790 3334 3846 Ex
3371 3789 3522 3848 Actis
3549 3791 3768 3847 concilii

1465 3848 1666 3902 Nicwni
1697 3865 1756 3914 ιι,
1789 3857 1896 3904 act.
1929 3866 2005 3916 v1,
2035 3859 2078 3906 t.
2105 3851 2233 3919 Vlll,
2265 3871 2387 3928 pag.
2421 3859 2558 3913 1099
2579 3848 2634 3914 et
2677 3861 2832 3916 1479.

877 3985 1055 4039 Versio
1078 3981 1351 4036 Anastasii
1377 3979 1796 4035 Bibiiothecarii.

620 4105 762 4174 Ergo
794 4099 1002 4170 liquido
1031 4098 1467 4153 demonstratum
1512 4103 1630 4160 est,
1663 4094 1809 4166 quod
1840 4111 2107 4167 nusquam

2279 4095 2486 4151 Οὐκοῦν
2538 4099 2718 4168 σαφῶς
2752 4099 3141 4166 ἀποδέδεικται,
3194 4100 3274 4154 ὅτι
3327 4100 3562 4171 οὐδαμοῦ
3591 4099 3710 4154 οὔτε
3739 4102 3768 4154 6

553 4194 810 4253 Dominus
839 4191 923 4245 vel
950 4187 1184 4260 apostoli
1226 4195 1318 4240 aut
1349 4185 1538 4241 Patres
1560 4229 1574 4253 ,
1619 4187 1907 4257 imaginem
1954 4190 2108 4245 dixe-

2216 4187 2430 4258 Κύριος,
2469 4182 2611 4241 ούτε”
2631 4193 2678 4242 ot
2734 4190 3014 4244 ἀπόστολοι
3047 4191 3080 4261 ἢ
3118 4191 3356 4263 Πατέρες
3391 4192 3574 4245 εἰκόνα
3619 4189 3768 4247 εἷπον

548 4293 675 4340 runt
703 4281 1030 4338 sacriﬁcium
1057 4280 1176 4333 sine
1198 4277 1459 4347 sanguine
1475 4277 1620 4346 quod
1645 4293 1740 4347 per
1766 4281 2103 4335 sacerdotem

2216 4285 2304 4355 τὴν
2334 4285 2420 4338 διὰ
2449 4285 2540 4337 τοῦ
2581 4285 2766 4356 ἱερέως
2815 4285 3256 4358 προσφερομένην
3305 4285 3640 4356 ἀναίμακτον
3677 4286 3756 4339 θυ⁶

547 4377 790 4438 oﬂ'crtur,
822 4371 917 4428 sed
948 4372 1125 4442 ipsum
1152 4382 1351 4438 corpus
1375 4369 1620 4436 etipsum
1653 4371 1992 4440 sanguinem.
2038 4373 2103 4426 Et

2216 4374 2346 4438 τίαν,
2380 4374 2512 4426 ἀλλὰ
2540 4373 2671 4426 αὐτὸ
2719 4375 2875 4445 σῶμα
2912 4376 3004 4427 καὶ
3045 4373 3175 4426 αὐτὸ
3205 4369 3362 4444 αἷμα.
3395 4374 3504 4426 Καὶ
3535 4373 3641 4444 πρὸ
3669 4373 3766 4443 μὲν

547 4476 670 4523 ante
682 4467 853 4522 sancti
863 4463 1126 4518 licationis
1142 4459 1360 4530 quidem
1379 4460 1799 4514 celebrationem
1808 4463 2036 4534 ,typosﬂ
2047 4464 2102 4535 9)

2216 4465 2303 4534 τῆς
2349 4466 2440 4518 τοῦ
2496 4466 2766 4537 ἁγιασμοῦ
2817 4466 3141 4531 τελειώσεως
3190 4465 3454 4520 ἀντίτυπά
3503 4482 3611 4518 τισι
3657 4463 3766 4517 τῶν

546 4556 866 4626 quibusdam
896 4551 996 4608 SS.
1029 4551 1252 4606 Patrum
1292 4549 1408 4604 haec
1447 4550 1537 4621 pie
1579 4551 1753 4606 visum
1797 4560 1881 4607 est
1929 4555 2105 4609 nomi-

2216 4557 2374 4624 ὶγίων
2415 4556 2673 4630 Πατέρων
2731 4559 2966 4622 εὐσεϐῶς
3014 4559 3191 4624 ἔδοξεν
3242 4557 3636 4628 ὀνομάζεσθαιο
3688 4551 3762 4609 ὧν

546 4664 708 4715 nare;
749 4661 980 4717 quorum
1015 4651 1100 4700 est
1133 4641 1449 4698 Eustathius
1493 4653 1866 4714 propugnat-or
1904 4647 2102 4700 ortho-

2216 4649 2349 4700 ἐστιν
2371 4649 2663 4713 Εὐστάθιος
2683 4653 2710 4704 6
2735 4651 3000 4720 εὐσταθὴς
3029 4651 3306 4722 πρόμαχος
3346 4648 3444 4718 τῆς
3483 4645 3760 4718 ὁρθοδόξου

543 4739 694 4793 ἁοιαι
720 4737 840 4792 ﬁdei
864 4746 918 4792 et
939 4736 1150 4790 Arianae
1173 4734 1482 4790 destructor
1501 4735 1750 4800 vesaniae,
1770 4744 1829 4791 et
1849 4735 2100 4805 Basilius,

2216 4740 2456 4807 πίστεως,
2491 4743 2583 4795 καὶ
2620 4743 2718 4814 τῆς
2755 4744 3033 4814 Ἀρειανῆς
3066 4739 3498 4810 κακοδαιμωνίας
3530 4737 3762 4791 καταλυ-

543 4829 786 4897 ejusdem
820 4829 1052 4884 infelicis
1071 4827 1477 4899 superstitionis
1506 4826 1804 4897 depositor,
1831 4828 1925 4897 qui
1942 4843 2102 4884 omne

2216 4831 2319 4902 τὴς,
2345 4833 2435 4885 καὶ
2461 4832 2736 4897 Βασίλειος
2759 4835 2854 4905 τῆς
2880 4834 3049 4903 αὐτῆς
3076 4831 3489 4901 δεισιδαιμονίας
3510 4829 3764 4901 καθαιρέ-

541 4921 684 4990 quod
732 4921 833 4975 sub
875 4921 990 4976 sole
1030 4926 1150 4984 est,
1199 4921 1416 4990 planam
1469 4925 1743 4973 rectorum
1780 4917 2098 4990 dogmatum

540 5013 714 5068 basim
784 5012 1019 5067 edocuit.
1084 5013 1164 5066 Ex
1208 5028 1318 5067 uno
1368 5009 1515 5066 enim
1562 5008 1862 5080 eodemque
1904 5009 2098 5080 spiritu

538 5109 904 5178 disputantes,
929 5119 1069 5159 unus
1092 5106 1308 5174 quidem
1335 5121 1526 5161 eorum
1556 5104 1924 5174 interpretans
1951 5103 2102 5158 Salo-

538 5197 846 5251 moniacum
876 5194 1081 5249 dictum
1114 5195 1259 5263 quod
1294 5196 1350 5248 in
1378 5194 1689 5250 Proverbiis
1731 5194 1926 5264 legitur
1955 5212 1968 5248 :
2004 5192 2101 5248 Co-

538 5288 724 5342 medite
761 5302 946 5356 partem
990 5301 1160 5340 meum
1197 5293 1247 5339 et
1293 5272 1448 5340 6ibt'te
1491 5286 1668 5340 vinum
1708 5284 1847 5356 quod
1905 5286 2096 5340 miscui

605 5445 718 5516 (I9)
747 5444 1178 5516 Celebrationem,
1210 5451 1378 5513 typos.
1403 5442 1527 5516 VGr.,
1569 5445 2090 5516 consummationem,

536 5514 794 5586 antitypa.
827 5515 1176 5569 Sacramenta
1198 5515 1444 5586 corporis
1474 5522 1526 5569 et
1546 5516 1824 5586 sanguinis
1856 5514 2089 5580 Domini,

537 5584 798 5638 ἀντίτυπα
830 5587 1097 5656 μυστήρια
1131 5593 1297 5656 vocati
1317 5584 1478 5656 etiam
1511 5592 1698 5637 auctor
1745 5585 2092 5656 Constitutio-

536 5672 656 5707 num
690 5655 875 5726 apoat.
909 5655 1081 5726 lib.rv,
1113 5671 1237 5726 cap.
1277 5655 1363 5718 14,
1390 5655 1479 5726 lib.
1515 5669 1588 5715 $1,
1617 5669 1755 5726 cap.
1786 5656 1877 5713 50.
1909 5663 1960 5726 et
1991 5655 2085 5709 lib.

535 5738 630 5788 vn,
664 5741 782 5794 cup.
811 5725 898 5777 “2.5.
933 5723 1022 5780 Sic
1049 5723 1375 5781 item'Graeci
1400 5723 1588 5779 Patres
1607 5723 1719 5795 jam
1748 5723 2086 5780 sanctiﬁcata

2191 4940 2310 4992 της,
2335 4927 2363 4978 6
2384 4925 2482 4996 τὴν
2501 4927 2588 4995 ὑφ’
2625 4927 2775 4998 ἥλιον
2811 4926 2906 4998 τὴν
2929 4927 3076 4978 λείαν
3105 4925 3256 4996 βάσιν
3280 4925 3387 4976 τῶν
3418 4921 3591 4995 ὀρθῶν
3617 4921 3759 4974 ὲκδι-

2189 5015 2356 5081 δάξας
2392 5017 2692 5089 δογμάτων.
2743 5018 2830 5084 Ἐξ
2857 5019 2972 5082 ἑνὸς
3005 5017 3112 5088 γὰρ
3150 5017 3242 5070 καὶ
3276 5014 3370 5068 τοῦ
3407 5012 3568 5069 αὐτοῦ
3601 5014 3763 5066 πνεύ-

2195 5122 2362 5175 ματος
2393 5106 2772 5178 φθεγγόμενοι,
2805 5110 2832 5160 6
2861 5109 2955 5178 μὲν
2985 5105 3299 5178 ἑρμηνεύων
3336 5104 3397 5157 τὸ
3423 5105 3481 5156 ὲν
3505 5104 3620 5165 ταῖς
3650 5103 3760 5155 Πα-

2193 5199 2432 5268 ροιμίαις
2446 5199 2787 5269 Σολομῶντος
2816 5199 2992 5271 ῥητόν*
3023 5198 3242 5268 Φάγετε
3260 5197 3366 5251 τὸν
3380 5197 3530 5266 ἐμὸν
3554 5194 3755 5264 ἄρτον,

2189 5289 2289 5342 καί
2314 5290 2476 5344 alere
2513 5287 2678 5346 οἶνον
2706 5291 2778 5346 ὃν
2807 5289 3100 5360 κεκέρακα
3125 5290 3286 5360 ὑμῖν,
3317 5289 3442 5344 τάδε
3479 5287 3629 5358 φησί·
3656 5287 3758 5341 Διά

2199 5463 2306 5521 non
2334 5464 2457 5503 raro
2475 5456 2673 5503 vocant
2695 5455 2954 5521 antitypa,
2979 5458 3038 5504 ut
3060 5449 3431 5505 Nazianzenus
3454 5447 3610 5521 0_ra_t.
3640 5445 3755 5521 fuit.

2197 5517 2253 5572 in
2283 5536 2536 5583 sororem,
2556 5529 2610 5593 et
2637 5516 2905 5593 Apologfi
2931 5539 2945 5588 ;
2977 5522 3215 5593 Cyrillus
3237 5519 3519 5593 rHierosol.
3541 5516 3756 5593 Catedt.

2195 5603 2228 5638 ν
2261 5599 2441 5658 myst.,
2477 5599 2532 5644 et
2559 5586 2694 5654 alii,
2720 5600 2778 5645 ut
2807 5586 3065 5646 observat
3097 5592 3420 5648 scholiastes
3448 5588 3666 5644 Graccus
3688 5586 3755 5640 ad

2197 5658 2338 5715 hunc
2365 5659 2566 5716 Nicami
2593 5662 2806 5718 concilii
2833 5662 3033 5720 locum.
