4090 6288
360 384 466 443 685
1726 377 2166 442 FRAGMENTA.
3484 388 3587 446 ϐω

359 507 466 562 τοῦ
495 506 664 561 οἴνου
695 507 791 560 καὶ
819 505 924 559 τοῦ
953 505 1132 574 ᾶρτου
1167 508 1239 562 τὰ
1267 507 1559 562 ἀντίτυπα
1586 507 1704 559 τῶν
1735 523 1932 577 σωμιι-
1962 539 1974 569 λ

1972 513 2006 569 Α
2035 507 2197 571 vobis,
2231 507 2344 561 haec
2367 507 2500 562 dicit
2527 527 2540 562 :
2582 508 2681 562 Per
2707 525 2892 578 panem
2914 520 2963 565 et
2987 511 3161 565 vinum
3179 550 3193 574 ,
3227 518 3372 578 typos
3400 525 3587 578 corpo-

359 597 537 652 τικῶν
563 597 668 651 τοῦ
695 598 950 666 Χριστοῦ
971 603 1238 667 κηρύττει
1257 599 1476 668 μελῶν·
1501 601 1529 652 6
1551 600 1606 652 δὲ
1628 601 1689 653 ἐκ
1711 601 1807 670 τῆς
1835 601 1930 654 αὐ-

2033 599 2228 651 ra!ium
2285 598 2484 653 Christi
2539 604 2793 670 pra'dicat
2839 603 3208 655 membrorum.
3265 603 3412 654 Alter
3461 617 3588 655 vero

336 691 458 761 -τῆς
487 690 666 762 πηγῆς
687 690 1054 762 άπαντλήσας,
1085 691 1159 754 ὡς
1183 691 1327 744 ίσασι
1362 693 1626 754 πάντεςοὶ
1656 693 1753 763 τῆς
1776 695 1930 764 ἱερω-

2032 692 2220 746 eodem
2247 692 2394 747 fonte
2424 692 2702 756 hauriens.
2728 703 2787 748 ut
2818 705 3085 750 noverunt
3110 709 3299 748 omnes
3336 694 3591 747 sacerdo-

362 781 528 854 σύνης
575 783 923 854 μυστηπόλοι,
956 785 1012 836 ἐν
1057 787 1122 854 τῇ
1158 785 1287 854 εὐχῇ
1331 785 1428 854 τῆς
1456 783 1606 847 θείας
1652 785 1930 856 ἀναφορᾶς

2035 784 2092 838 ιίἰ
2123 784 2335 854 mystici
2368 785 2604 840 cultores
2625 825 2640 850 ,
2675 787 2726 840 in
2775 787 3019 842 oratione
3064 786 3260 840 divina.-
3297 784 3589 839 oblationis

361 867 464 926 ὧδέ
519 891 635 937 πως
672 873 848 941 λέγει·
905 892 924 925 ι
981 873 1318 946 Θαρροῦντες
1365 873 1795 944 προσεγγίζομεν
1850 873 1928 943 τῷ

2037 877 2110 930 ita
2145 877 2274 931 dicit
2315 894 2326 930 :
2373 895 2392 926 ‹
2440 875 2792 934 Conﬁdentes
2841 880 3339 950 appropinquamus
3398 885 3590 932 sancto

359 964 499 1034 ἁγίῳ
543 963 926 1035 θυσιαστηρίῳ,
968 965 1060 1018 καὶ
1103 964 1393 1036 προθέντες
1419 964 1487 1017 τὰ
1535 963 1801 1017 ἀντίτυπα
1836 963 1930 1017 τοῦ

2033 969 2190 1022 altari
2210 1008 2224 1030 ,
2256 975 2309 1024 et
2341 979 2704 1040 proponentes
2730 976 2887 1040 typos
2907 969 3084 1025 sancti
3113 969 3356 1040 corporis
3381 976 3435 1022 et
3464 982 3589 1023 san-

361 1055 516 1122 ἁγίου
563 1054 812 1125 σώματος
855 1056 949 1110 καὶ
982 1057 1208 1126 αἵματος
1245 1054 1339 1108 τοῦ
1385 1055 1620 1126 Χριστοῦ
1671 1072 1795 1119 σου,
1838 1055 1930 1108 σοῦ

2029 1058 2212 1128 guinis
2245 1058 2447 1114 Christi
2475 1061 2552 1114 tui
2577 1101 2592 1123 ,
2628 1067 2682 1116 te
2724 1059 3078 1130 deprecamur
3119 1071 3173 1116 et
3219 1067 3274 1116 te
3313 1074 3585 1130 rogamus.

358 1141 610 1212 δεόμεθα,
646 1145 742 1198 καὶ
774 1145 834 1198 σὲ
876 1143 1292 1215 παρακαλοῦμεν
1316 1160 1330 1175 ο
1371 1163 1389 1197 ι
1420 1145 1514 1198 καὶ
1543 1144 1604 1197 τὺ
1649 1144 1778 1214 ἑξῆς
1813 1145 1932 1198 ἐπι-

1420 1144 1604 1198 καὶτὸ
1649 1144 1778 1214 ἑξῆς
1813 1145 1932 1198 ἐπι·
2030 1146 2093 1203 Et
2119 1149 2264 1219 quod
2294 1148 2549 1220 deinceps
2573 1149 2827 1216 infertur,
2867 1171 2886 1203 ι
2927 1161 3030 1207 etc.

361 1234 678 1306 φερόμενον.

1593 1325 1820 1396 Vulgata
1851 1335 1900 1380 et
1929 1325 2147 1395 antiqua
2177 1325 2358 1380 editio.

428 1435 601 1509 Legas
626 1451 912 1509 quousque
944 1436 1115 1509 voles,
1153 1453 1430 1509 nunquam
1461 1437 1724 1509 invenies,
1754 1451 1930 1509 neque
1960 1435 2250 1509 Dominum
2290 1453 2466 1506 neque
2502 1438 2780 1507 apostolos
2810 1454 2988 1509 neque
3018 1437 3208 1494 Patres
3229 1439 3578 1492 incruentum

360 1506 492 1580 illud
527 1506 850 1560 sacriﬁcium
885 1506 1031 1580 quod
1067 1506 1402 1580 apsacerdote
1435 1507 1680 1580 oﬂ'ertur,
1711 1507 2000 1580 imaginem
2022 1506 2262 1580 dixisse;
2295 1523 2505 1580 verum,
2539 1506 2714 1578 ipsum
2745 1506 2944 1580 corpus
2973 1519 3024 1564 et
3045 1511 3219 1578 ipsum
3233 1509 3585 1580 sanguinem.

360 1577 610 1630 Attamen
636 1585 760 1631 ante
787 1575 1240 1633 sanctiﬁcationis
1272 1578 1738 1631 consecrationem
1761 1617 1776 1639 ,
1813 1577 2136 1646 quibusdam
2167 1575 2422 1632 Patribus
2459 1575 2706 1646 pie'sane
2745 1575 2918 1634 visum
2956 1575 3078 1640 est;
3125 1578 3411 1632 ἀντίτυπον
3434 1617 3446 1638 ,
3485 1578 3588 1646 hoc

358 1654 446 1718 est
478 1649 754 1718 exemplar
791 1648 984 1703 similis
1019 1646 1205 1718 formae
1239 1647 1521 1702 nominare
1551 1666 1564 1700 :
1595 1645 1921 1718 quorum’de
1948 1661 2177 1718 numero
2217 1645 2563 1718 Eustathius.
2614 1655 2873 1703 constans
2921 1649 2967 1703 is
3001 1656 3368 1718 propugnator
3395 1645 3582 1701 ortho-

361 1717 515 1788 doxa:
545 1715 663 1771 lidei
696 1723 750 1772 et
774 1719 1040 1771 Arianicae
1072 1716 1301 1772 insaniae
1331 1715 1668 1787 expugnator
1706 1717 1922 1788 clarus;
1977 1715 2103 1769 item
2136 1717 2367 1771 Basilius
2406 1717 2653 1786 ejusdem
2700 1715 3114 1788 superstitionis
3147 1715 3534 1772 aven-runcatur
3566 1731 3584 1768 :

361 1787 453 1856 qui
482 1796 722 1856 apertam
752 1796 806 1841 et
842 1789 1056 1858 planam
1099 1797 1371 1842 rectorum
1419 1789 1771 1857 probatorum
1803 1787 2116 1856 dogmatum
2147 1788 2288 1840 viam
2325 1788 2580 1843 docentes
2601 1827 2617 1847 .
2662 1787 2781 1841 uno
2806 1803 2899 1843 ore
2937 1797 2990 1842 et
3019 1805 3046 1843 s
3089 1789 3214 1841 iritu
3237 1788 3536 1856 loquuntur
3565 1805 3582 1845 :

363 1857 451 1910 hic
477 1857 692 1910 quidem
723 1872 1000 1910 emonens
1034 1857 1239 1910 dictum
1269 1858 1401 1910 illud
1445 1858 1499 1910 in
1537 1857 1849 1910 Proverbiis
1900 1855 2208 1910 Salomonis
2239 1877 2250 1910 :
2285 1856 2438 1910 Edita
2477 1874 2645 1910 meum
2685 1873 2900 1910 panem.
2943 1867 2992 1910 et
3047 1805 3204 1910 Eibite
3244 1860 3417 1910 vinum
3444 1855 3582 1910 auod

363 1855 451 1910 hic
477 1855 692 1928 quidem
723 1855 1000 1928 caponens
1034 1857 1239 1928 dictum
1269 1855 1499 1911 illud’in
1537 1857 1849 1911 Proverbiis
1890 1855 2208 1928 Salomonis
2239 1877 2250 1910 :
2285 1856 2438 1928 Edite
2477 1874 2645 1910 nicum
2685 1873 2905 1928 panem,
2943 1867 2992 1910 et
3049 1855 3204 1928 bibite
3244 1855 3417 1910 vinum
3444 1855 3588 1928 quod

362 1925 664 1998 somniiscui
694 1925 868 1989 vobis,
899 1929 1010 1998 haec
1046 1927 1262 1998 inquit:
1302 1928 1406 1981 Per
1430 1943 1616 1996 panem
1656 1937 1707 1982 et
1754 1928 1927 1980 viuum
1954 1925 2232 1998 Δἀντίτυπα
2276 1927 2623 1980 membrorum
2666 1927 3021 1994 corporalium
3070 1926 3272 1982 Christi
3310 1925 3586 1998 pradicet.

361 1994 453 2067 Ille
483 2011 610 2050 vero
643 2012 707 2050 ex
743 1998 931 2052 eodem
963 1994 1396 2053 fonte'hauricns
1417 1994 1438 2059 .“
1467 2007 1525 2051 ιιι
1565 2013 1756 2052 omnes
1780 1995 2069 2067 sacerdotii
2107 2005 2295 2067 mystae
2338 2004 2710 2066 cognoscunt,
2761 1999 2814 2051 in
2868 1998 3180 2066 precatione
3228 1997 3423 2051 divina:
3449 2012 3579 2067 ana-_

358 2066 567 2138 phorze
590 2067 672 2122 sic
701 2067 831 2123 alibi
867 2069 994 2136 legit
1014 2087 1054 2138 ,εν
1081 2086 1100 2119 ι
1145 2067 1496 2122 Conlidentes
1524 2075 1620 2122 tuo
1659 2082 1814 2120 sacro
1851 2065 2010 2138 altari
2034 2064 2562 2136 apprbpinquaiuus,
2615 2076 2670 2122 et
2711 2064 3076 2137 proponentcs
3115 2068 3358 2138 antitypa
3409 2064 3584 2121 sancti

356 2137 604 2207 corporis
627 2147 682 2194 et
713 2135 997 2209 sanguinis
1028 2137 1232 2194 Christi
1261 2138 1372 2203 tui,
1407 2145 1462 2194 te
1494 2152 1780 2208 precamur
1807 2143 1861 2192 et
1897 2135 2240 2200 invocamus,
2271 2157 2296 2190 οι
2331 2148 2438 2193 etc.

1927 2245 2016 2302 ut.
2499 2225 2542 2248 ’

359 2361 471 2416 Τοῦ
493 2363 664 2433 ἁγίου
691 2363 1028 2435 Εὑσταθίου
1051 2349 1392 2435 ἐπισκόπου
1431 2361 1794 2435 Ἀιςτιοχείας
1829 2361 1926 2414 καὶ
1961 2371 1974 2426 ι

1970 2371 2002 2426 Β
2031 2355 2218 2435 Sancti
2239 2351 2507 2435 ‘Eustathii
2551 2351 3121 2435 episcopilAntioeheni.
3141 2362 3195 2407 et
3231 2353 3546 2423 confessoris
3565 2395 3585 2427 ,

425 2423 814 2555 όιῖοξὶογητοῦ,
835 2436 922 2500 είς
944 2436 1050 2499 τὰς
1084 2432 1441 2504 Ἐπιπραφὰς
1460 2429 1570 2500 τῆς
1591 2423 1924 2502 άτηλοποα-
1962 2423 1991 2426 ⁷

429 2521 473 2572 φ
499 2518 572 2568 ας
580 2546 594 2559 ι

1968 2423 1991 2426 ⁷
2099 2429 2156 2480 in
2231 2424 2602 2486 Inscriptiones
2668 2423 2940 2476 titulorum
3001 2424 3140 2491 psal.
3219 2440 3284 2477 xv
3346 2435 3398 2480 et
3451 2423 3583 2489 LVI,

2091 2497 2254 2564 juxta
2283 2491 2456 2548 LXX.

1387 2611 1544 2682 Apud
1601 2608 1993 2666 Theodoritum
2027 2607 2171 2662 Dial.
2205 2622 2267 2672 ιι,
2299 2620 2421 2676 pag.
2460 2602 2551 2660 90.

438 2724 715 2780 Ἐντεῦθεν
767 2724 944 2780 τοίνυν
992 2725 1086 2779 ἐπὶ
1137 2725 1325 2798 θρόνου
1370 2723 1719 2797 προῦγραφεν
1767 2724 1927 2779 αὐτὸν

2101 2720 2229 2776 Inde
2257 2721 2422 2790 igitur
2449 2719 2670 2783 accidit,
2692 2725 2750 2772 ut
2774 2718 3131 2788 perscriberct
3159 2737 3281 2777 eum
3310 2724 3364 2779 in
3383 2727 3586 2784 throno

358 2818 511 2888 ἁγίου
562 2815 907 2883 καθέζεσθαι,
959 2817 1155 2887 δηλῶν,
1206 2818 1288 2872 ὄτι
1321 2816 1608 2888 σύνθρονος
1655 2816 1928 2871 ἀποδέδει-

2029 2823 2221 2871 sancto
2250 2813 2469 2876 sedere,
2526 2810 2840 2880 signiﬁcans
2884 2829 3029 2868 eum.
3056 2814 3111 2868 in
3149 2817 3338 2872 eodem
3388 2821 3586 2875 throno

353 2929 479 2965 κται
508 2911 585 2982 τῷ
609 2911 865 2982 θειοτάτῳ
896 2912 1172 2982 Πνεῦματι
1187 2909 1280 2964 διὰ
1315 2910 1407 2964 τὸν
1428 2909 1678 2964 οἰκοῦντα
1705 2909 1836 2963 Θεὸν
1867 2911 1924 2964 ἐν

2028 2923 2152 2962 cum
2199 2905 2540 2960 divinissimo
2581 2903 2782 2974 Spiritu
2812 2905 3135 2960 collocatum
3176 2924 3326 2973 esse,
3365 2922 3586 2982 propter

354 3001 504 3074 αὐτῷ
530 3001 810 3074 διηνεκῶς.

2028 2997 2196 3054 Deum
2229 2998 2284 3052 in
2309 2997 2430 3067 ipso
2456 2995 2675 3052 assidue
2702 2995 3053 3053 habitantem.

1226 3115 1380 3185 Apud
1422 3113 1671 3170 eumdem
1703 3113 2090 3169 Theodoritum
2116 3111 2258 3167 Dial.
2296 3128 2380 3175 ιιι,
2413 3127 2538 3182 pag.
2573 3109 2696 3165 458.

359 3233 469 3288 Τοῦ
495 3229 702 3296 αὐτοῦ,
727 3230 796 3285 ἐκ
826 3230 932 3285 τοῦ
959 3231 1143 3299 λόγου
1171 3233 1259 3297 είς
1285 3231 1391 3297 τὰς
1426 3231 1778 3301 Ἐπιπραφὰς
1807 3229 1925 3285 τῶν

2030 3227 2312 3299 Ejusdem,
2347 3242 2416 3282 ιω
2446 3226 2686 3280 oratione
2733 3226 2796 3301 in_
2829 3223 3201 3294 Inscriptioues
3246 3229 3583 3288 Psalmorum

405 3371 420 3386 _
690 3295 693 3296 ν
952 3295 1320 3372 ἀναϐαθμῶν.
1365 3295 1378 3297 ἡ
1558 3295 1596 3301 ﬂ
1662 3295 1679 3301 ⁷
1753 3295 1767 3298 ⁷

1365 3295 1378 3297 ’
1558 3295 1596 3301 ’⁷
1662 3295 1679 3301 ⁷
1753 3295 1767 3298 ⁷
2070 3295 2082 3299 ⁷
2665 3295 2942 3365 graduum.

426 3417 592 3484 Δόξαν
617 3418 674 3471 δὲ
723 3417 1013 3488 ἐπίκτητον
1043 3419 1072 3470 6
1109 3417 1300 3489 Πατὴρ
1347 3416 1446 3470 οὑκ
1485 3416 1806 3487 ἐπιδέχεται,
1833 3414 1924 3470 τέ-

2093 3408 2334 3465 Gloriam
2366 3406 2690 3476 acquisitam
2720 3405 2880 3462 Pater
2915 3422 3024 3462 non
3063 3409 3279 3479 recipit,
3313 3425 3478 3480 quum
3512 3413 3581 3468 sit

353 3512 511 3573 λειος,
541 3509 784 3581 ἄπειρος,
815 3509 1168 3580 ἀπερινόητος
1195 3509 1290 3572 ὢν,
1333 3508 1632 3580 ἀπροσδεὴς
1675 3507 1922 3571 κάλλους,

2028 3500 2321 3573 perfectus,
2362 3498 2604 3552 inﬁnitus
2625 3537 2639 3561 ,
2671 3505 2824 3563 extra
2852 3512 3065 3552 onmem
3100 3507 3314 3570 captum
3348 3502 3544 3556 mentis
3564 3543 3581 3569 ,

354 3605 450 3657 καὶ
479 3603 736 3665 παντοίας
764 3602 1046 3673 ἐπηρείας.
1081 3602 1216 3654 Ἀλλ’
1239 3602 1357 3654 οὐδὲ
1377 3604 1405 3654 6
1427 3601 1596 3669 Λόγος
1613 3601 1774 3654 αὐτοῦ
1795 3602 1924 3666 Θεὸς
1959 3666 1969 3673 Α

1970 3665 1992 3673 _
2027 3609 2128 3649 nec
2150 3589 2550 3662 pulchritudine
2583 3589 2858 3660 indigeat,
2892 3589 3070 3660 sitque
3101 3590 3169 3644 ab
3208 3593 3353 3649 omni
3387 3594 3585 3662 probro

353 3694 430 3748 ὢν
456 3696 484 3746 6
510 3693 789 3764 γεννηθεὶς
825 3665 887 3759 ἐξ
927 3665 1124 3747 αὐτοῦ’
1161 3693 1226 3747 δι’
1258 3687 1318 3747 οὗ
1351 3665 1635 3763 γεγόνασιν
1680 3666 1968 3762 ἄγγελοι,⁴

1966 3665 1993 3722 3
2027 3687 2257 3742 alienus.
2292 3683 2398 3740 Sed
2443 3698 2617 3753 neque
2647 3681 2883 3737 Verbum
2915 3684 3068 3753 ejus,
3103 3684 3194 3754 qui
3229 3683 3367 3740 Deus
3397 3693 3480 3740 est
3518 3702 3581 3740 ex

354 3786 450 3838 καὶ
476 3785 714 3855 οὐρανοὶ,
743 3784 834 3838 καὶ
862 3785 965 3854 γῆς
1000 3785 1202 3855 ἄπειρα
1233 3784 1456 3856 μεγέθη,
1489 3786 1582 3840 καὶ
1611 3787 1780 3838 πᾶσαι
1804 3785 1922 3838 συλ-

2026 3778 2146 3849 ipso
2173 3777 2420 3848 genitus;
2448 3789 2543 3845 per
2571 3789 2729 3842 quem
2759 3771 2886 3828 facti
2929 3781 3056 3830 sunt
3082 3775 3255 3847 angeli
3288 3783 3340 3832 et
3378 3778 3500 3834 coeli
3529 3787 3583 3832 ct

352 3877 552 3949 λήϐδην
585 3878 693 3931 τῶν
739 3876 974 3946 γενετῶν
1015 3876 1135 3929 ὗλαι
1162 3894 1222 3929 τε
1255 3879 1348 3931 καὶ
1393 3879 1706 3941 συστάσεις·
1749 3878 1862 3930 ἀλλ’
1893 3879 1921 3931 6

2027 3869 2288 3923 immensa
2327 3875 2484 3922 terrae
2515 3867 2686 3934 spatia
2737 3873 2791 3920 et
2829 3881 3052 3928 omnes,
3100 3875 3159 3921 ut
3202 3868 3392 3938 paucis
3434 3884 3585 3923 com-

353 3967 448 4021 ἄνθ
458 3985 637 4040 ρωπος
657 3966 752 4020 τοῦ
775 3966 1032 4039 Χριστοῦ,
1059 3967 1126 4020 ἐκ
1148 3967 1356 4040 νεκρῶν
1376 3968 1735 4040 ἐγειρόμενος,
1761 3965 1924 4036 ὑψοῦ-

2027 3961 2252 4029 plectar,
2280 3966 2654 4013 creaturarum
2683 3958 2922 4012 materiae
2951 3964 3005 4011 et
3036 3957 3222 4014 formae
3249 3978 3262 4016 :
3299 3959 3394 4015 sed
3419 3960 3581 4014 homo

353 4074 441 4110 ται
475 4059 568 4110 καὶ
595 4055 894 4123 δοξάζεται,
929 4056 1036 4111 τῶν
1075 4058 1330 4112 ἐναντίων
1371 4057 1634 4129 αἰσχύνην
1668 4057 1923 4127 ἄντικρυς

2027 4051 2228 4106 Christi
2257 4066 2322 4105 ex
2355 4050 2586 4105 mortuis
2615 4049 2914 4104 suscitatus
2938 4049 3209 4103 exaltatur
3230 4058 3283 4104 et
3310 4051 3583 4121 gloriﬁca-

353 4148 662 4220 ἀραμένων.
2030 4153 2142 4210 tur,
2165 4145 2493 4201 adversariis
2521 4142 2868 4215 ignominiam
2889 4143 3064 4212 palam
3093 4142 3473 4202 referentibus.

1707 4268 1912 4334 lsInEl,
1961 4279 2082 4322 rm.
2116 4263 2239 4320 159.

617 4360 726 4416 Τοῦ
760 4361 966 4426 αὐτοῦ,
989 4360 1058 4415 ἐκ
1087 4358 1192 4414 τοῦ
1225 4359 1412 4415 αὐτοῦ
1443 4361 1646 4430 λόγου.

1612 4378 1646 4416 γ,
2375 4351 2626 4423 Ejusdem
2643 4392 2658 4414 ,
2688 4367 2754 4406 ea:
2768 4351 2949 4408 eadem
2975 4353 3227 4409 oratione.

425 4453 486 4505 Oi
531 4451 586 4504 δέ
614 4451 788 4522 φθόνῳ
827 4451 889 4504 τὸ
922 4453 1074 4522 μῖσος
1116 4449 1377 4521 ἀράμενοι
1435 4452 1556 4503 κατ’
1596 4447 1779 4514 αὑτοῦ,
1829 4447 1921 4502 καὶ

2094 4445 2198 4513 Qui
2234 4444 2418 4500 odium
2447 4444 2504 4498 in
2537 4442 2686 4498 illum
2745 4458 2840 4513 per
2883 4443 3136 4499 invidiam
3190 4457 3579 4516 susceperant,

356 4545 727 4616 πεφραγμένοι
774 4543 1005 4615 πολεμίᾳ
1044 4543 1362 4615 παρατάξει,
1402 4541 1782 4614 σκορπίζονται
1823 4537 1918 4592 τοῦ

2021 4545 2078 4593 et
2102 4538 2300 4592 infesta
2351 4536 2405 4590 in
2452 4549 2576 4590 eum
2625 4533 2738 4589 acie
2770 4545 3187 4607 processerant,
3215 4539 3583 4610 dissipantur;

356 4637 528 4704 Λόγου
553 4653 613 4689 τε
641 4638 735 4691 καὶ
763 4635 896 4690 Θεοῦ
921 4635 1014 4688 τὸν
1041 4634 1231 4688 ἐαυτοῦ
1256 4634 1383 4688 ναὸν
1413 4632 1760 4706 ἀξιοπρεπῶς
1785 4631 1918 4687 ἀνα-ν

2025 4646 2195 4701 quum
2243 4627 2472 4688 Verbum
2511 4634 2566 4684 et.
2600 4628 2743 4683 Deus
2789 4644 2946 4685 suum
2996 4631 3113 4701 ipse
3153 4635 3413 4703 templum
3463 4637 3582 4708 glo-

358 4728 672 4797 στήσαντος.

2022 4724 2170 4779 riose
2194 4724 2498 4780 suscitavit.
3322 4796 3329 4797 ί
3571 4722 3607 4742 ”

1264 4840 1421 4912 Apud
1452 4839 1702 4896 eumdem
1746 4840 2138 4898 Theodoritum
2169 4843 2316 4898 Dial.
2350 4859 2389 4908 I,
2423 4859 2542 4916 pag.
2579 4845 2666 4900 57.

426 4957 538 5014 Τοῦ
564 4956 773 5023 αὐτοῦ,
801 4956 871 5012 ἐκ
903 4958 1014 5027 τῆς
1045 4955 1358 5027 ἑρμηνείας
1383 4954 1489 5008 τοῦ
1521 4961 1583 5010 ιε’
1613 4955 1876 5026 ψαλμοῦ,
1952 4961 2004 5020 D

1770 4955 1876 5015 ιοῦ,
1952 4961 2004 5020 D
2227 4957 2476 5028 Ejusdem
2495 4999 2508 5022 ,
2535 4975 2600 5013 ex
2626 4961 3047 5028 interpretatione
3073 4961 3264 5028 psalmi
3298 4979 3385 5016 xv.

439 5050 596 5104 Ἀλλά
639 5049 744 5122 μὴν
775 5051 808 5121 ὴ
839 5048 932 5103 τοῦ
973 5048 1144 5120 Ἰησοῦ
1191 5047 1375 5119 (ψυχὴ)
1409 5047 1680 5119 ἑκατέρων
1729 5052 1922 5120 πεῖραν

2095 5051 2260 5120 Atqui
2307 5056 2488 5104 anima
2537 5049 2664 5106 Jesu
2711 5059 2998 5121 utrumque
3045 5062 3265 5122 experta
3306 5064 3410 5109 est.
3463 5053 3583 5109 Fuit

354 5141 498 5213 ἔσχε.
529 5141 720 5211 Γέγονε
751 5139 859 5210 γὰρ
897 5140 990 5193 καὶ
1030 5140 1089 5192 ἐν
1120 5138 1197 5210 τῷ
1225 5139 1406 5211 χωρίῳ
1434 5139 1540 5193 τῶν
1571 5139 1921 5212 ἀνθρωπίνων

2025 5143 2168 5197 enim
2217 5150 2272 5196 et
2315 5143 2518 5196 inloco
2565 5143 2923 5197 humanarum
2969 5145 3305 5209 animarum,
3336 5154 3390 5199 et
3435 5156 3583 5200 extra

345 5234 561 5304 ¹ψυχῶν,
591 5234 685 5286 καὶ
711 5233 810 5303 τῆς
853 5232 1050 5303 σαρκὸς
1077 5232 1233 5294 ἐκτὸς
1263 5231 1526 5302 γενομένη
1574 5230 1638 5303 ζῇ
1669 5233 1760 5284 καὶ
1791 5231 1920 5301 ὑφέ-

2026 5249 2242 5287 carnem
2279 5233 2576 5287 constituta
2605 5234 2734 5287 vivit
2780 5241 2833 5288 et
2877 5245 3154 5305 superstes
3199 5244 3302 5291 est.
3355 5235 3582 5292 Ratione

357 5341 542 5395 στηκε.
586 5324 791 5394 Λογικὴ
835 5323 941 5394 ἄρα
967 5323 1057 5376 καὶ
1088 5325 1203 5386 ταῖς
1248 5322 1441 5392 ψυχαῖς
1470 5322 1577 5375 τῶν
1621 5322 1921 5394 ἀνθρώπων

2028 5325 2190 5395 igitur
2215 5333 2296 5379 est
2322 5324 2544 5394 praidita
2566 5365 2579 5387 ,
2611 5333 2663 5379 et
2685 5325 2927 5393 ejusdem
2955 5344 3078 5380 cmn
3103 5328 3385 5382 animabus
3418 5328 3559 5381 homi

332 5415 654 5487 ’ὁμοούσιος,
674 5414 857 5487 ὥσπερ
875 5415 967 5468 καὶ
995 5413 1175 5485 ὴσὰρξ
1199 5413 1476 5483 ὁμοούσιος
1503 5417 1569 5487 τῇ
1585 5414 1692 5466 τῶν
1721 5413 1922 5485 ἀνθρὼ-

2025 5421 2153 5468 uum
2214 5413 2562 5479 substantiae;
2633 5415 2774 5468 sicut
2817 5425 2869 5470 et
2923 5432 3050 5472 caro
3103 5417 3580 5472 consubstantialLs

355 5524 472 5562 πων
499 5508 663 5580 σαρκὶ
688 5507 962 5577 τυγχάνει,
999 5509 1063 5559 ἐκ
1085 5505 1184 5575 τῆς
1202 5504 1418 5576 Μαρίας
1439 5504 1794 5577 προελθοῦσα.

1579 5504 1794 5561 λθοῦσα.
2025 5506 2179 5560 carni
2209 5507 2490 5560 hominum
2509 5547 2523 5571 ,
2554 5522 2674 5577 qua:
2701 5524 2764 5562 ex
2790 5507 2954 5564 Maria
2981 5510 3194 5580 prodiit.

1443 5618 1600 5689 Apud
1633 5619 1883 5674 eumdem
1921 5618 2067 5675 Dial.
2102 5635 2183 5685 ιιι,
2227 5635 2347 5690 pag.
2379 5621 2498 5676 159.

363 5735 471 5791 Τοῦ
513 5735 719 5802 αὐτοῦ,
761 5735 830 5788 ἐκ
861 5731 972 5800 τῆς
1021 5731 1332 5800 ἑρμηνείας
1378 5731 1484 5785 τοῦ
1526 5733 1620 5798 ιβ’
1651 5732 1914 5801 ψαλμοῦ.

1874 5732 1914 5785 5.
2191 5734 2442 5805 Ejusdem
2463 5777 2478 5799 ,
2508 5752 2572 5790 ea:
2601 5738 3026 5805 interpretatione
3055 5733 3246 5803 psalmi
3274 5749 3403 5788 xcn.
3488 5803 3489 5806 η

428 5827 607 5900 Πέρας
633 5827 762 5898 γοῦν
793 5828 822 5881 6
847 5825 1128 5900 προφήτης
1168 5823 1409 5890 Ἡσαΐας,
1437 5823 1574 5879 αὐτᾶ
1601 5825 1697 5894 μὲν
1722 5825 1789 5879 τὰ
1813 5825 1918 5880 τῶν

2095 5822 2336 5882 Tandem
2379 5825 2542 5900 igitur
2572 5826 2832 5898 propheta
2875 5824 3076 5890 Isaias,
3117 5824 3432 5896 passionum
3461 5824 3576 5904 cjys
