4090 6288
558 319 668 376 687

1514 310 1571 367 8.
1614 307 1987 383 EUSTATllll
2027 304 2338 362 EPISCOPI
2374 304 2792 363 ANTlOCHENl

559 436 792 508 vestigia
821 451 1156 509 persequens
1176 476 1193 499 ,
1235 434 1339 489 hoc
1369 447 1587 504 quoque
1617 430 1760 487 inter
1795 429 1902 484 alia
1939 426 2136 497 majori

2240 424 2430 480 παθῶν
2460 426 2623 482 αὐτοῦ
2656 426 2865 495 διεξιὼν
2888 428 3033 499 ἴχνη,
3065 427 3201 500 πρὸς
3232 428 3344 490 τοῖς
3363 426 3544 491 ἄλλοις
3568 428 3820 503 ἐπιφέρει

561 544 696 586 voce
729 529 1011 599 subjunxit
1039 529 1082 562 ⁸⁷
1115 547 1129 583 :
1165 526 1233 581 Et
1260 524 1486 581 vidimus
1502 540 1645 586 curn,
1677 529 1727 576 et
1763 537 1866 576 non
1900 528 1979 574 est
2016 534 2135 587 spe-

562 621 668 676 cies
700 622 749 675 ei
778 637 939 691 neque
965 621 1122 676 decor
1144 636 1163 675 :
1193 618 1282 675 sed
1323 618 1513 688 species
1543 614 1656 684 ejus
1689 612 1932 683 despecta
1958 621 2009 668 et
2042 611 2134 666 de-

562 712 749 783 formis
781 712 925 782 infra
957 714 1098 782 ﬁlios
1140 712 1431 767 hominum.
1483 709 1684 766 Deinde
1713 714 1899 779 aperte
1941 715 2133 761 osten-

562 803 726 867 dens,
759 803 904 873 quod
940 802 1008 857 ad
1038 802 1310 858 hominem
1331 841 1346 865 ,
1377 815 1486 854 non
1530 797 1598 852 ad
1635 797 1804 852 Deum
1836 794 2135 852 referendae

563 902 691 951 sunt
746 894 960 951 decorae
1008 893 1197 948 formae
1248 901 1301 947 et
1350 889 1700 951 aﬂ‘ectiones,
1757 886 1952 943 iterum
2004 900 2132 940 mox

561 983 711 1039 addit
739 1002 752 1038 :
783 982 957 1038 Homo
992 983 1046 1036 in
1074 981 1234 1053 plaga
1266 980 1523 1036 exsistam
1544 1018 1559 1045 ,
1599 987 1649 1034 et
1677 978 1845 1033 sciens
1878 976 2015 1042 ferre
2046 976 2132 1031 in-

562 1074 888 1144 ﬁrmitatem.

2241 519 2334 571 καὶ
2352 516 2511 571 τοῦτο
2546 519 3031 591 μεγαλοφωνοτέρᾳ
3061 517 3177 590 βοῇ,
3208 518 3288 583 τὸ,
3320 518 3434 572 Καὶ
3459 518 3698 588 δίδομεν
3717 524 3821 577 αὐ-

2239 608 2365 673 τὸν,
2397 610 2496 663 καὶ
2520 612 2632 664 οὐκ
2653 607 2816 680 εἶχεν
2839 611 2977 666 οὔτε
3002 607 3162 677 εἶδος
3200 611 3338 665 οὔτε
3377 608 3626 678 κάλλος,
3660 613 3820 669 ἀλλὰ

2240 698 2306 753 τὸ
2336 695 2495 766 εἶδος
2541 700 2729 754 αὐτοῦ
2770 701 2980 771 ἄτιμον
3013 702 3110 756 καὶ
3160 700 3446 755 ἐκλεῖπον
3477 704 3638 769 παρὰ
3678 703 3817 771 τοὺς

2237 788 2409 855 υἱοὺς
2432 789 2550 843 τῶν
2580 789 2923 857 ἀνθρώπων.
2947 786 3078 845 Εἶτα
3106 791 3403 863 διαρρήδην
3427 778 3721 861 ἐκφαίνων,
3742 794 3817 859 ὡς

2239 884 2319 945 είς
2344 882 2436 936 τὸν
2478 882 2783 956 ἄνθρωπον,
2838 884 2952 938 ἀλλ’
2983 884 3083 938 οὐκ
3127 887 3207 948 είς
3238 883 3298 937 τὸ
3336 883 3490 937 Θεῖον
3522 885 3815 957 ἀνήρτηται

2237 972 2308 1027 τά
2327 974 2431 1045 τῆς
2460 975 2794 1047 εὐπρεπείας
2821 976 2938 1047 εἴδη
2963 994 3022 1030 τε
3054 976 3148 1030 καὶ
3172 976 3339 1047 πάθη,
3368 977 3683 1049 παραυτίκα
3715 979 3815 1033 πά-

2238 1063 2322 1120 λιν
2360 1068 2554 1136 ἐπάγει
2578 1067 2833 1138 προσθείς
2852 1085 2864 1098 ·
2898 1069 3231 1137 Ἀνθρωπος
3268 1068 3337 1122 ἐν
3357 1067 3561 1138 πληγῇ
3589 1066 3693 1137 ὢν,
3720 1069 3814 1128 καὶ

2239 1157 2410 1226 εἰδὼς
2439 1159 2642 1229 φέρειν
2663 1160 2992 1231 μαλακίαν.

2076 1269 2279 1328 latent.

814 1394 1102 1465 Ejusdem,
1135 1410 1200 1449 ea:
1233 1391 1414 1448 eadem
1430 1392 1889 1463 interpretatione.

635 1487 757 1558 ipso
795 1502 925 1558 ergo
946 1489 992 1544 is
1029 1494 1113 1543 est
1147 1487 1239 1560 qui
1271 1493 1391 1557 post
1419 1484 1778 1541 contumelias
1811 1485 1928 1540 sine
1954 1482 2136 1555 specie

563 1589 618 1635 et
647 1580 817 1636 forma
852 1582 1005 1638 visus
1027 1619 1043 1646 ,
1077 1581 1271 1637 iterum
1305 1579 1505 1637 deinde
1532 1579 1834 1634 mutatione
1867 1578 2007 1633 facta
2040 1580 2137 1634 de-

561 1687 746 1727 corem
781 1672 978 1728 induit.
1012 1671 1197 1743 Neque
1227 1673 1374 1729 enim
1400 1672 1665 1727 habitans
1708 1673 1763 1726 iu
1825 1672 1944 1742 ipso
1993 1669 2136 1726 Deus

2459 1394 2568 1449 Τοῦ
2594 1394 2802 1459 αὐτοῦ,
2822 1395 3036 1466 ἒκτῆς
3060 1397 3251 1466 αὐτῆς
3275 1396 3607 1466 ἑρμηνείας.

2314 1486 2486 1551 Αὐτὸς
2529 1487 2615 1559 ἄρ’
2649 1483 2800 1552 οὗτός
2833 1490 2980 1541 ἐστιν
3015 1490 3043 1542 6
3084 1489 3220 1560 μετά
3255 1489 3353 1552 τὰς
3380 1488 3586 1559 ὕϐρεις,
3616 1486 3811 1561 ἀειδής,

2242 1574 2485 1649 ἄμορφος
2516 1558 2764 1649 ὁραθείς,
2794 1574 2912 1634 εἶτα
2959 1558 3121 1633 πάλιν
3156 1581 3233 1634 ex
3282 1558 3585 1652 μεταϐολῆς
3612 1558 3816 1652 201:9}-

2241 1686 2400 1723 πειαν
2449 1671 2824 1742 ἐνδυσάμενος.
2860 1673 2994 1727 Οὐδὲ
3026 1672 3134 1746 γὰρ
3178 1675 3208 1727 6
3253 1675 3525 1729 κατοικῶν
3552 1675 3627 1727 ’ἐν
3670 1672 3816 1744 αὐτῷ

565 1764 742 1818 instar
765 1766 889 1836 agni
912 1766 978 1820 ad
1013 1774 1238 1821 mortem
1262 1764 1472 1820 ductus
1511 1772 1596 1820 est
1625 1771 1678 1819 et
1718 1772 1979 1835 tanquam
2016 1764 2136 1819 ovis

2239 1762 2368 1826 Θεὸς
2399 1764 2570 1835 ἀμνοῦ
2617 1764 2771 1835 δίκην
2802 1768 2881 1828 είς
2908 1765 3136 1819 θάνατον
3180 1765 3363 1836 ἤγετο,
3408 1764 3503 1821 καὶ
3547 1766 3815 1837 προϐάτου

566 1864 856 1923 mactatus,
893 1873 1017 1914 cum
1052 1859 1125 1914 sit
1163 1866 1359 1913 natura
1388 1857 1696 1914 invisibilis.

2241 1856 2442 1927 τρόπον
2470 1857 2862 1925 ἀπεσφάττετο,
2882 1858 3146 1929 -φυσικῶς
3179 1858 3408 1931 ἀόρατος
3430 1859 3528 1916 ὥν.

1686 1965 1843 2037 Apud
1873 1963 2125 2021 eumdem
2170 1964 2313 2019 Dial.
2351 1982 2392 2032 ι,
2427 1983 2547 2037 pag.
2598 1969 2688 2023 58.

815 2082 1069 2155 Ejusdem
1090 2125 1104 2150 ,
1138 2100 1203 2140 ea:
1229 2083 1412 2139 eadem
1445 2085 1894 2154 interpretatione.

634 2174 817 2230 Palam
843 2186 926 2233 est
958 2193 1106 2247 ergo,
1151 2178 1198 2232 si
1233 2192 1443 2248 angens
1485 2175 1654 2233 Deum
1691 2176 1943 2247 designat
1979 2175 2142 2247 cujus

562 2267 744 2322 sedem
773 2277 1030 2322 zeternam
1066 2268 1238 2333 dixit,
1279 2267 1425 2338 quod
1457 2278 1651 2322 natura
1681 2266 1825 2323 Deus
1864 2269 1936 2323 sit
1975 2274 2140 2338 atque

562 2373 630 2412 ex
667 2357 775 2413 Deo
805 2360 1057 2430 genitus,
1109 2360 1203 2431 qui
1250 2362 1429 2415 unxit.
1468 2359 1576 2427 Qui
1628 2375 1758 2415 vero
1788 2368 1989 2416 unctus
2018 2367 2137 2425 est,

565 2451 887 2522 acquisitam
921 2453 1132 2522 accepit
1173 2452 1430 2507 virtutem
1450 2492 1465 2516 ,
1496 2451 1952 2522 egregio-templo
1974 2465 2135 2506 orna-

565 2550 655 2598 tus
683 2559 749 2599 ex
774 2544 1073 2601 habitantis
1094 2546 1151 2600 in
1186 2546 1306 2616 ipso
1336 2544 1647 2600 divinitate.
1679 2599 1682 2602 .
1731 2599 1735 2603 .

2450 2086 2560 2142 Τοῦ
2590 2088 2797 2153 αὐτοῦ,
2825 2089 2894 2145 ἐκ
2927 2090 3039 2160 τῆς
3066 2091 3621 2163 αὐτῆς·ἑρμηνείας.

2306 2180 2578 2252 Πρόδηλον
2606 2180 2720 2246 οὖν,
2750 2184 2907 2257 εἴπερ
2932 2186 2961 2238 6
3005 2187 3173 2259 χρίων
3205 2186 3548 2241 ἀποδεικνύει
3583 2187 3733 2250 Θεὸν,
3756 2179 3817 2244 οὗ

2228 2269 2326 2324 τὸν
2353 2271 2540 2344 θρόνον
2569 2269 2720 2328 εἷπεν
2758 2275 2996 2343 αἰώνιον,
3029 2278 3188 2350 δῆλος
3221 2279 3320 2350 μέν
3342 2281 3458 2334 ἐστι
3486 2279 3651 2349 φύσει
3687 2278 3814 2345 Θεὸς

2224 2366 2303 2419 ἐκ
2335 2365 2471 2420 Θεοῦ
2503 2368 2781 2441 γεννηθεὶς
2819 2375 2847 2425 6
2889 2374 3080 2444 χρίσας
3102 2390 3115 2403 ·
3147 2375 3177 2427 6
3220 2374 3278 2428 δὲ
3309 2374 3552 2446 χρισθέίς
3596 2376 3816 2449 ἐπίκτη-

2235 2474 2325 2512 τον
2349 2458 2570 2531 εἴληφεν
2597 2462 2818 2535 ἀρετὴν,
2851 2465 3089 2538 ὲκκρίτῳ
3127 2467 3393 2540 ναουργίᾳ
3431 2468 3724 2542 κοσμηθεὶς
3750 2471 3814 2524 ἐκ

2233 2548 2334 2620 τῆς
2361 2550 2457 2605 τοῦ
2487 2553 2869 2620 κατοικοῦντος
2890 2557 2949 2610 ὲν
2980 2556 3130 2629 αὐτῷ
3157 2557 3428 2630 θεότητος.

1622 2659 1783 2730 Apud
1822 2658 2219 2717 Theodoritum
2270 2662 2416 2720 Dial.
2451 2684 2491 2735 t,
2516 2686 2639 2743 pag.
2669 2672 2757 2727 37.

564 2770 753 2827 Sancti
790 2771 1061 2826 Eustathii
1095 2772 1327 2843 episcopi
1362 2771 1749 2827 Antiocheniet
1784 2775 2133 2843 conlusoris,

1038 2858 1117 2896 ea:
1143 2841 1278 2896 libro
1304 2841 1376 2897 De
1406 2844 1609 2898 anima.

637 2953 778 3021 Quid
818 2963 996 3010 autem
1029 2956 1210 3011 dicent
1246 2957 1338 3026 qui
1375 2957 1441 3011 ad
1484 2955 1710 3013 infantis
1752 2959 2132 3017 educationem

2236 2778 2357 2832 «Τοῦ
2385 2781 2556 2861 ἁγίου
2596 2786 2933 2861 Εὐστμθζου
2971 2786 3305 2861 ἐίιιςκόπου
3342 2788 3690 2861 ξΛντιοχέων
3719 2794 3815 2851 καὶ

2385 2854 2802 2926 -ιόμολογητοῦ,
2829 2857 3024 2911 ὲκτοῦ
3061 2859 3197 2930 Περὶ
3227 2858 3407 2931 ψυχῆς
3438 2854 3647 2932 152.5”-
3680 2891 3687 2895 '

2313 2962 2377 3016 Τί
2406 2964 2452 3018 δ’
2481 2965 2547 3018 ἂν
2578 2967 2782 3020 εἴποιεν
2803 2970 2882 3033 είς
2910 2968 3008 3033 τὰς
3034 2968 3128 3024 τοῦ
3164 2970 3399 3042 βρέφους
3427 2973 3822 3045 ἀναϐλέψαντες

566 3049 905 3119 respexerunt
924 3088 938 3112 ,
964 3050 1044 3104 vel
1075 3050 1143 3104 ad
1168 3051 1346 3106 aetatis
1372 3053 1743 3107 accessionem
1761 3092 1777 3118 ,
1806 3054 1890 3108 vel
1913 3054 1978 3109 ad
2010 3070 2137 3125 pro-

2239 3052 2568 3126 ἀνατροφὰς,
2604 3058 2637 3127 ἢ
2685 3060 2782 3131 τὴν
2814 3061 2913 3132 τῆς
2952 3061 3165 3132 ἡλικίας
3189 3061 3460 3129 ἀνάδοσιν,
3500 3065 3531 3136 ἢ
3570 3068 3668 3138 τὴν
3699 3068 3818 3145 επί-

566 3141 878 3196 ductionem
913 3149 1219 3213 temporum
1244 3182 1260 3207 ,
1300 3144 1494 3200 νει.οά
1527 3145 1775 3215 corporis
1829 3145 2128 3204 incremen-

2235 3158 2391 3199 τασιν
2428 3146 2536 3201 τῶν
2569 3148 2856 3221 χρόνων,ἢ
2905 3152 3003 3223 τὴν
3040 3152 3133 3206 τοῦ
3163 3152 3415 3225 σώματος
3464 3155 3667 3227 αὕξηνς
3706 3159 3819 3219 ’ἱνα

566 3235 720 3291 tum?
769 3233 836 3289 Ut
895 3246 1074 3290 autem
1112 3238 1533 3306 praetermittam
1590 3239 1855 3294 miracula
1894 3240 1948 3295 in
1993 3248 2133 3297 terra

2239 3237 2292 3290 δὲ
2315 3239 2475 3310 παρῶ
2499 3240 2675 3308 λέγειν
2715 3240 2813 3305 τάς
2835 3242 2929 3295 ἐπὶ
2956 3243 3644 3316 ἐδάφουςὲκπληρωθείσας
3679 3246 3814 3319 θαυ-

562 3325 744 3393 edita,
777 3327 993 3381 videant
1033 3336 1375 3384 mortuorum
1396 3329 1891 3395 sesuscitationes,
1924 3333 2138 3403 passio-

565 3417 654 3474 nis
680 3418 955 3490 symbola,
998 3418 1332 3491 ﬂagellorum
1375 3421 1606 3492 vestigia
1627 3462 1641 3485 ,
1675 3423 1956 3496 plagarum
1989 3425 2147 3480 cicao

564 3512 755 3573 trices,
785 3508 1280 3578 latusperfossum,
1316 3505 1593 3581 clavorum
1612 3518 1776 3566 notas
1797 3550 1811 3574 ,
1851 3511 2136 3582 sanguinis

566 3601 915 3669 effusionem,
955 3602 1148 3656 mortis
1179 3602 1369 3671 signa,
1402 3610 1564 3672 atque
1596 3610 1654 3655 ut
1686 3604 1869 3657 omnia
1899 3605 2140 3676 comple-

568 3699 704 3759 ctar,
743 3692 915 3763 ipsam
946 3692 1150 3765 proprii
1185 3692 1432 3762 corporis
1461 3694 1938 3755 resurrectionem.

2240 3332 2595 3400 ματουργίας,
2647 3333 2932 3404 ὁράτωσαν
2963 3334 3060 3399 τάς
3093 3335 3199 3389 τῶν
3236 3336 3432 3408 νεκρῶν
3462 3336 3805 3404 άναὸιὼσεις,

2239 3420 2307 3474 τὰ
2329 3422 2423 3476 τοῦ
2450 3423 2655 3489 πάθους
2686 3425 2949 3497 σύμϐολα,
2979 3427 3048 3481 τὰ
3068 3427 3174 3480 τῶν
3200 3429 3471 3499 μαστίγων
3511 3430 3650 3501 ἴχνη,
3683 3411 3808 3494 τοὺς

2240 3512 2351 3567 τῶν
2397 3514 2621 3585 πληγῶν
2676 3517 2968 3593 μώλωπας,
3017 3518 3116 3583 τὰς
3158 3522 3501 3593 τετρωμένας
3554 3521 3812 3594 πλευρὰς,

2242 3606 2370 3668 τοὺς
2399 3606 2506 3660 τῶν
2533 3608 2678 3680 ἦλων
2704 3610 2929 3675 τύπους,
2963 3611 3064 3683 τὴν
3089 3611 3182 3665 τοῦ
3216 3615 3447 3685 αἵματος
3481 3614 3720 3687 ἔκχυσιν,
3750 3615 3818 3670 τὰ

2242 3696 2337 3751 τοῦ
2397 3698 2623 3754 θανάτου
2679 3706 2897 3774 σημεῖα,
2931 3706 3025 3759 καὶ
3055 3705 3116 3759 τὸ
3162 3706 3386 3779 σύμπαν
3423 3709 3617 3773 είπεῖν,
3654 3708 3820 3779 αὐτὴν

2246 3786 2344 3860 τὴν
2370 3788 2463 3842 τοῦ
2499 3791 2629 3844 ἰδίου
2665 3791 2913 3864 σώματος
2942 3796 3257 3853 ἀνάστασιν.

2093 3895 2300 3960 lumen.

955 4001 1208 4074 Ejusdem
1227 4044 1242 4069 ,
1284 4020 1350 4059 ea:
1382 4006 1562 4061 eodem
1590 4006 1751 4063 libro.

637 4095 699 4152 Si
744 4094 869 4164 quis
910 4110 1041 4150 vero
1104 4095 1172 4150 ad
1205 4098 1457 4167 corporis
1501 4100 1908 4168 generationem
1967 4101 2143 4172 respi-

569 4187 677 4254 cit,
706 4189 886 4257 palam
920 4187 1320 4256 deprehendet,
1361 4189 1507 4259 quod
1554 4191 1609 4243 in
1661 4188 1933 4247 Bethleem
1964 4205 2140 4250 natus

570 4278 759 4337 fasciis
810 4287 893 4334 est
924 4280 1236 4343 involutus,
1294 4288 1351 4335 et
1391 4282 1448 4335 in
1507 4280 1742 4353 [Egypto
1780 4294 1998 4354 propter
2039 4286 2140 4340 im-

2510 4019 2621 4075 Τοῦ
2650 4022 2856 4086 αὑτοῦ,
2888 4024 2957 4079 ἐκ
2988 4024 3093 4079 τοῦ
3120 4027 3308 4083 αὑτοῦ
3339 4030 3548 4099 λόγου.

2316 4109 2425 4162 Καὶ
2450 4111 2556 4183 μὴν
2582 4112 2735 4177 εἴτις
2762 4117 2841 4178 εἰς
2860 4116 2960 4186 τὴν
2987 4116 3082 4171 τοῦ
3100 4118 3345 4190 σώματος
3356 4120 3606 4191 γέννησιν
3621 4120 3817 4193 ἀφορᾷ,

2245 4201 2523 4276 προδήλως
2569 4206 2849 4278 εὐρήσειεν
2889 4209 2955 4262 ἂν
3008 4211 3084 4274 ὡς
3115 4212 3172 4265 ὲν
3203 4214 3268 4284 τῇ
3321 4211 3567 4284 Βηθλεὲμ
3612 4211 3825 4282 τεχθεὶς

2245 4292 2662 4368 ἐσπαργανώθη,
2694 4299 2793 4352 κᾶν
2824 4303 2890 4371 τῇ
2913 4301 3171 4375 Αἰγύπτῳ
3200 4304 3409 4376 χρόνοις
3441 4304 3650 4378 ἐτράφη
3680 4305 3826 4358 τισὶν

571 4371 876 4429 manissimi
944 4370 1176 4426 Herodis
1235 4369 1467 4426 insidias
1527 4387 1624 4441 per
1687 4374 1895 4444 aliquot
1969 4393 2137 4433 annos

2247 4383 2430 4439 ἕνεκεν
2455 4386 2557 4456 τῆς
2598 4364 2691 4442 τοῦ
2747 4364 3043 4464 ἀλάστορος
3075 4364 3364 4467 ὲπίὄουλῆς
3390 4364 3664 4468 31191655,
3717 4395 3826 4451 κᾶν

573 4465 869 4527 educatus,
900 4472 954 4521 et
992 4466 1050 4519 in
1090 4462 1361 4520 Nazareth
1405 4462 1476 4519 ad
1511 4464 1724 4521 virilem
1766 4476 1978 4524 aetatem
2015 4486 2145 4541 pro—

574 4566 784 4616 νεοωε..

2246 4479 2313 4549 τῇ
2341 4478 2590 4554 Ναζαρὲτ
2606 4482 2902 4552 ἀνδρωθεὶς
2931 4486 3161 4559 ηὐξήθη.

2090 4675 2296 4735 ῙΒΙΒΕΙ.

995 4809 1251 4880 Ejusdem
1271 4851 1286 4876 ,
1309 4827 1375 4867 ea:
1397 4811 1581 4868 eodem
1604 4811 1758 4866 libra.

644 4899 765 4955 Non
808 4902 958 4957 enim
990 4910 1074 4959 est
1104 4906 1244 4959 idem
1295 4905 1712 4962 tabernaculum
1745 4903 1991 4961 Verbi-et
2017 4904 2145 4972 Dei,

574 5009 673 5065 per
700 4995 847 5064 quod
895 4996 1135 5051 divinam
1180 4999 1409 5070 gloriam
1446 4998 1924 5069 contemplabatur
1954 4998 2147 5053 beatus

573 5078 913 5154 Stephanus.

2528 4801 2643 4858 Τοῦ
2670 4805 2876 4871 αὐτοῦ,
2898 4807 2967 4860 ἐκ
2992 4806 3100 4861 τοῦ
3121 4807 3309 4863 αὐτοῦ
3332 4808 3536 4880 λόγου.

2320 4893 2395 4949 Οὐ
2429 4894 2536 4967 γὰρ
2563 4899 2979 4973 ταυτόν.ὲστινὴ
3018 4900 3188 4975 σκηνὴ
3216 4900 3313 4956 τοῦ
3345 4901 3516 4971 Λόγου
3546 4901 3641 4955 καὶ
3659 4899 3830 4966 Θεοῦ,

2244 4987 2316 5043 δι’
2343 4983 2528 5062 ἦςτὴν
2556 4990 2704 5046 θείαν
2730 4992 2949 5066 ἐθεώρει
2982 4995 3139 5060 δόξαν
3164 4997 3193 5050 6
3225 4994 3491 5068 μακάριος
3530 4993 3831 5063 Στέφανος.

1704 5200 1861 5272 Apud
1893 5200 2145 5257 eumdem
2190 5195 2331 5250 Diui.
2358 5211 2418 5259 ιι,
2448 5208 2574 5266 pag.
2608 5193 2696 5249 90.

910 5311 1164 5382 Ejusdem
1183 5355 1197 5375 ,
1227 5331 1290 5369 ea;
1322 5314 1457 5369 libro
1485 5314 1563 5370 De
1586 5315 1795 5369 anima.

642 5404 780 5460 Ante
803 5404 1111 5474 passionem
1137 5405 1352 5474 quidem
1379 5406 1580 5475 ubique
1615 5403 1956 5474 corporalem
1989 5416 2142 5457 suam

574 5505 802 5553 mortem
841 5494 1122 5565 praedixit,
1164 5495 1490 5550 tradendum
1535 5511 1594 5549 se
1630 5493 2011 5549 sacerdotibus
2062 5491 2147 5545 di-

2446 5306 2556 5364 Τοῦ
2592 5306 2798 5369 αὐτοῦ,
2834 5307 2902 5361 ἐκ
2926 5305 3032 5361 τοῦ
3066 5307 3200 5379 Περῖ⁸
3233 5304 3409 5378 ψυχῆς
3444 5304 3650 5376 λόγου.

2248 5396 2257 5401 ’
2314 5398 2428 5470 Πρὸ
2464 5397 2562 5470 μὲν
2589 5396 2682 5450 τοῦ
2718 5396 2919 5460 πάθους
2960 5397 3224 5451 ἑκάστοτε
3257 5397 3349 5450 τὸν
3383 5395 3692 5466 σωματικὸν
3725 5395 3837 5449 αὐ·-

2248 5489 2340 5544 τοῦ
2365 5489 2627 5559 προῦλεγε
2649 5487 2895 5551 θάνατον,
2919 5492 3030 5553 τοῖς
3052 5489 3194 5560 ἀμφὶ
3215 5489 3339 5552 τοὺς
3365 5485 3655 5561 ἀρχιερέας
3672 5487 3841 5541 ἐκδο-

574 5598 704 5641 ceus
724 5626 740 5647 .
770 5594 825 5641 et
862 5585 1045 5641 crucis
1071 5592 1331 5656 trnpzeum
1375 5585 1733 5639 annuntians.
1769 5580 1900 5637 Post
1930 5580 2137 5652 passio-

2241 5577 2508 5653 «θήσεσθαι
2533 5579 2774 5648 φάσκων,
2802 5579 2894 5633 καὶ
2918 5579 2977 5632 τὸ
2995 5579 3087 5632 τοῦ
3107 5578 3343 5650 σταυροῦ
3364 5578 3619 5650 τρόπαιον
3641 5565 3837 5648 ἀπαγ-

677 5742 986 5811 ⁸⁷1ω.ι.ι1ι,
1025 5744 1081 5810 2,
1107 5745 1159 5799 5.
