4090 6288
337 364 442 421 sas
1700 322 1952 424 rutam

1958 363 2141 421 31m.
3470 361 3573 419 690

304 530 305 533 η
332 475 570 548 γέλλων·
612 473 749 548 μετὰ
784 474 841 530 δέ
871 473 933 529 τὸ
966 473 1156 539 πάθος,
1192 478 1431 548 τριταῖος
1469 475 1534 529 ἐκ
1562 474 1669 529 τῶν
1700 476 1909 548 νεκρῶν

1954 490 1984 546 ι
2011 492 2134 533 nem
2158 491 2319 545 vero,
2350 492 2474 532 cum
2513 479 2676 534 tertio
2708 477 2797 534 die
2831 476 3219 534 resurrexisset
3242 492 3273 531 ι
3308 477 3569 544 mortuis.

334 567 591 633 ἀναστάς,
629 566 1008 632 ἐνδοιαζὸντων
1040 567 1219 622 αὐτῶν
1259 566 1554 640 ἐγηγέρθαι
1594 566 1702 620 τῶν
1734 568 1911 639 μαθη-

2012 577 2068 626 et
2121 570 2189 626 de
2234 569 2411 641 ipsius
2465 572 2870 627 resurrectione
2918 569 3233 626 dubitarent
3280 568 3570 639 discipuli.

332 659 462 725 τῶν,
487 659 766 730 ἐπιφανεὶς
800 658 983 723 αὐτοῖς
1003 657 1149 729 αὐτῷ
1176 657 1408 730 σώματι,
1444 658 1621 731 σάρκα
1647 658 1747 731 μὲν
1767 659 1910 714 άπα-

2012 674 2281 732 apparens
2338 660 2448 715 illis
2501 661 2556 715 in
2575 660 2762 717 eodem
2800 676 3060 732 corpore,
3089 673 3312 714 carnem
3356 657 3573 730 quidem

334 769 434 807 σαν
465 753 561 805 σὺν
583 750 793 815 ὀστέοις
821 750 963 821 ἔχειν
989 749 1280 820 ὡμολόγει·
1314 754 1432 814 ταῖς
1449 751 1503 805 δὲ
1525 751 1677 822 ὄψεσι
1707 750 1911 806 τούτων

2008 762 2180 809 totam
2208 770 2332 810 cum
2356 755 2574 810 ossibus
2601 769 2661 810 se
2686 754 2886 810 habere
2906 752 3221 824 profitetur:
3247 752 3423 807 oculis
3447 767 3576 807 vero

333 847 431 912 τάς
469 847 817 917 τετρωμένας
852 844 1167 898 ὑποσάλλων
1208 844 1468 917 πλευράς,
1506 846 1600 899 καὶ
1641 846 1768 910 τοὺς
1812 845 1906 899 τύ-

2009 844 2230 901 illorum
2268 845 2572 916 perfossum
2613 846 2754 900 latus
2782 845 3085 916 ohjiciens,
3131 844 3408 899 clavorum
3439 857 3576 913 quo-

333 960 466 1007 πους
489 939 667 995 αὐτῶν
692 937 1028 992 ὑποδεικνύει
1054 935 1163 991 τῶν
1191 937 1355 1009 ἥλων.

1283 955 1355 991 ον.
2012 951 2120 1008 que
2144 937 2362 992 illorum
2391 938 2618 1008 vestigia
2640 937 2898 993 ostendit.

1429 1054 1587 1127 Apud
1616 1054 1866 1112 eumdem
1910 1053 2055 1110 Dial.
2088 1070 2173 1122 ιιι,
2206 1070 2333 1129 pag.
2357 1054 2482 1143 1‘56.

529 1172 642 1229 Τοῦ
668 1175 876 1242 αὑτοῦ,
902 1176 971 1230 ὲκ
990 1175 1098 1231 τοῦ
1127 1178 1262 1249 Περὶ
1287 1177 1466 1250 ψυχῆς
1495 1179 1702 1250 λόγου.

1603 1197 1702 1235 ⁵ου.
2357 1175 2642 1246 Ejusdem,
2671 1192 2736 1231 ea:
2758 1176 2892 1230 libro
2923 1175 2996 1229 De
3017 1174 3218 1228 anima.

401 1264 478 1317 At‘
505 1262 697 1334 ὀλίγων
723 1266 781 1321 δέ
807 1269 951 1322 ἐστιν
984 1268 1196 1338 ἐλέγξαι
1220 1268 1318 1341 τὴν
1345 1269 1512 1339 ἀσεϐῆ
1545 1269 1904 1339 συκοφαντίαν

2082 1269 2245 1325 Pauci
2276 1270 2528 1324 convinci
2572 1277 2754 1340 potest
2794 1268 2956 1338 impia
3007 1267 3222 1321 illorum
3252 1258 3523 1317 calumnia
3554 1276 3569 1313 :

330 1355 544 1411 αὐτῶν·
582 1358 817 1431 μάλιστα
860 1360 957 1431 μὲν
986 1360 1115 1433 γάρ,
1146 1362 1194 1415 εί
1232 1360 1306 1433 μὴ
1341 1359 1443 1432 τῆς
1470 1359 1578 1416 τῶν
1605 1361 1908 1434 ἀνθρώπων

2003 1370 2058 1418 et
2089 1362 2322 1417 maxime
2346 1361 2596 1432 quidem,
2636 1360 2683 1416 si
2720 1375 2827 1415 non
2858 1356 3053 1413 salutis
3094 1355 3373 1410 hominum
3405 1366 3571 1406 causa

331 1446 518 1503 ἕνεκεν
546 1450 815 1522 (ποτηρίας
839 1453 919 1516 είς
948 1452 1047 1524 τὴν
1070 1452 1174 1505 τοῦ
1199 1452 1430 1507 θανάτου
1462 1451 1673 1524 σφαγὴν
1697 1452 1759 1506 τδ
1781 1451 1910 1506 ῐδιον

2005 1468 2203 1524 corpus
2232 1467 2392 1509 suum
2426 1452 2495 1507 ad
2529 1459 2759 1507 mortem
2795 1458 2991 1521 sponte
3024 1462 3122 1504 sua
3167 1445 3417 1517 praebuit.
3451 1442 3573 1497 Pri-

332 1542 593 1606 ἑκουσίως
612 1543 839 1610 ἐξεδίδου
864 1544 1040 1615 σῶμα.
1069 1545 1298 1616 Πρῶτον
1316 1545 1416 1617 μὲν
1438 1543 1634 1616 πολλὴν
1652 1545 1802 1616 αὐτῷ
1822 1561 1914 1597 πε-

2005 1560 2155 1599 mum
2188 1543 2331 1598 enim
2379 1556 2628 1613 magnam
2654 1541 2715 1605 ei
2755 1540 3063 1595 attribuunt
3105 1534 3530 1591 imbecillitatem
3554 1572 3569 1597 ,

337 1632 650 1704 ριάπτουσιν
675 1635 974 1706 ἀδυναμίαν
996 1653 1009 1666 ’
1033 1637 1114 1690 ὁτι
1144 1637 1219 1708 μὴ
1238 1631 1349 1702 οἷός
1373 1636 1420 1692 τ’
1443 1635 1660 1707 ἐγένετο
1680 1635 1778 1707 τὴν
1800 1634 1910 1693 τῶν

1800 1634 1910 1693 τῶν
2003 1636 2098 1708 qui
2125 1650 2233 1692 non
2253 1634 2494 1706 potuerit
2524 1631 2765 1689 hostium
2790 1632 3049 1703 impetum
3075 1628 3393 1700 reprimere.

334 1723 604 1798 πολεμίων
625 1726 799 1799 ὁρμὴν
831 1727 1096 1797 ἐπισχεῖν.

1864 1842 2075 1899 lazoeu.

604 1957 715 2013 Τοῦ
746 1958 954 2023 αὐτοῦ,
978 1959 1047 2013 ἐκ
1070 1958 1177 2013 τοῦ
1203 1958 1391 2014 αὑτοῦ
1420 1962 1628 2031 λόγου.
1935 1967 1979 2023 Β

1559 1978 1628 2015 νυ.
1935 1967 1979 2023 Β
2409 1953 2690 2024 Ejusdem,
2721 1968 2784 2007 ex
2813 1950 2990 2006 eodem
3020 1949 3174 2004 libro.

398 2052 495 2107 Διὰ
519 2053 572 2106 τὶ
594 2053 651 2107 δὲ
682 2053 808 2125 περὶ
834 2051 1028 2106 πολλοῦ
1052 2052 1328 2107 ποιοῦνται
1358 2054 1629 2108 δεικνύναι
1661 2053 1753 2106 τὸν
1781 2053 1909 2123 Χρι-

2074 2049 2197 2105 Cur-
2246 2055 2428 2103 autem
2475 2046 2658 2117 magni
2695 2044 2904 2099 faciunt
2954 2041 3241 2099 ostendere
3288 2039 3570 2096 Christum

330 2144 455 2199 στὸν
488 2144 691 2216 ἄψυχον
733 2144 1077 2215 ἀνειληφέναι
1122 2143 1303 2212 σῶμα,
1326 2143 1549 2213 γεώδεις
1584 2145 1911 2208 πλάττοντες

2007 2155 2209 2219 corpus
2243 2139 2546 2193 inanimum
2573 2135 2885 2206 suscepisse
2904 2174 2926 2199 τ
2949 2142 3159 2190 terreas
3187 2131 3409 2186 fraudes
3438 2146 3574 2186 con-

326 2239 572 2305 άπάτας;
594 2240 729 2303 Ἵνα,
749 2240 798 2292 εί
820 2237 1093 2309 δυνηθεῖεν
1115 2235 1437 2309 ὑποφθεῖραι
1459 2238 1629 2301 τινάς,
1646 2236 1799 2291 ταῦθ’
1819 2236 1911 2290 οὗ·

2008 2218 2313 2302 lingentes?
2354 2225 2425 2285 Ut
2472 2228 2520 2283 si
2548 2226 2763 2298 possint
2803 2225 3015 2295 aliquos
3044 2235 3428 2292 corrumpere,
3479 2218 3572 2290 qui

324 2348 433 2395 τως
452 2330 596 2402 ἔχειν
622 2329 916 2403 ὁρίζεσθαι,
935 2325 1233 2402 τηνικαῦτᾶ
1247 2329 1347 2394 τὰς
1364 2329 1473 2384 τῶν
1489 2329 1675 2384 παθῶν
1691 2326 1908 2383 ἀλλοιῶν

2005 2326 2120 2381 haee
2148 2325 2224 2379 ita
2255 2332 2315 2379 se
2339 2321 2541 2377 habere
2568 2319 2867 2385 deﬁniunt;
2906 2324 3039 2371 tunc
3078 2314 3426 2371 aﬂ‘ectionum
3453 2326 3574 2366 mu-

328 2440 442 2487 σεις
472 2421 550 2493 τῷ
578 2422 704 2493 θείῳ
734 2422 1097 2494 περιάψαντες
1132 2422 1429 2494 Πνεύματι,
1456 2422 1652 2494 ῥᾳδίως
1674 2421 1903 2476 ἀναπεί-

2004 2418 2237 2472 tationes
2294 2414 2483 2469 divino
2537 2414 2842 2468 tribuentes
2911 2409 3168 2481 Spiritui,
3230 2407 3389 2462 facile
3438 2404 3574 2475 ipsis

330 2527 497 2565 σωσιν
517 2511 732 2575 αὐτοὺς,
757 2512 832 2570 ώς
845 2512 946 2566 οὐκ
967 2511 1082 2567 ἐστι
1099 2512 1161 2568 τὸ
1179 2512 1409 2585 τρεπτδν
1431 2513 1495 2565 ἐκ
1509 2512 1606 2583 τῆς
1632 2511 1903 2583 άτρέπτου

2005 2505 2400 2579 persuadeant,
2448 2504 2596 2575 quod
2636 2503 2898 2558 mutabile
2953 2508 3071 2569 est,
3127 2515 3195 2557 ex
3246 2496 3570 2554 immutabili

328 2601 547 2672 φύσεως
571 2601 849 2674 γεννηθέν.
1288 2656 1293 2660 .

1288 2656 1293 2660 .
2002 2609 2200 2656 natura
2216 2598 2467 2670 .genitum
2499 2612 2608 2651 non
2641 2613 2781 2652 esse.

330 2714 410 2771 Ει
451 2714 715 2772 Eustratii
757 2717 1047 2790 presbyteri
1082 2718 1196 2777 ΟΡ.
1221 2719 1357 2775 libro
1396 2718 1647 2776 adversus
1689 2735 1775 2772 eos
1791 2718 1887 2799 qui
1917 2717 2121 2781 dicunt,
2136 2715 2361 2841 1ιι9ιιὲηιιιε
2380 2714 2564 2769 statim
2595 2722 2749 2785 atque
2783 2728 2811 2767 e
2836 2728 3054 2781 corpore
3085 2710 3272 2766 soluta:
3295 2714 3449 2773 ιιιιιι,
3468 2722 3574 2759 non

1428 2838 1431 2841 .
1680 2804 1903 2841 onerari.
1922 2804 1940 2841 ἔ
1971 2802 2092 2841 can.
2208 2825 2222 2839 .

1680 2804 1940 2859 operari:
1971 2802 2092 2859 cap.
2136 2802 2222 2841 tu.

1227 2912 1387 2985 Apud
1411 2912 1667 2966 Allatium
1715 2910 1803 2964 De
1830 2910 2159 2982 purgatorio,
2194 2923 2353 2981 pagg.
2380 2904 2659 2962 497-500..

397 3019 777 3095 Εὐρίσκομεν
800 3021 869 3080 δὲ
896 3023 995 3079 καὶ
1021 3025 1374 3092 Εὐστάθιον,
1410 3028 1517 3082 τὸν
1565 3028 1905 3083 ἐπίσκοπον

2042 3040 2047 3045 ’
2081 3026 2379 3097 Reperimus
2416 3032 2669 3095 praeterea
2702 3021 3043 3077 Eustathium
3070 3022 3370 3079 Antiochia:
3399 3020 3571 3091 Syria

338 3112 691 3185 Ἀντιοχείας
713 3113 821 3186 τῆς
847 3118 1065 3186 Συρίας
1085 3118 1184 3174 καὶ
1209 3120 1607 3191 όμολοτητῖῃμ,
1647 3122 1905 3191 λέγοντα

2007 3123 2307 3191 episcopum
2353 3131 2403 3173 et
2448 3117 2827 3187 confessorem,
2870 3115 3124 3171 Pambus
3180 3099 3572 3187 jam'lasdatis

322 3206 396 3260 ἐν
420 3205 499 3273 τῷ
525 3208 663 3277 Περὶ
688 3205 893 3279 ψυχῆς
915 3208 1013 3264 καί
1038 3211 1186 3265 κατὰ
1212 3210 1530 3281 Ἀρειανῶν
1550 3212 1732 3283 λόγῳ,
1756 3226 1904 3266 συν·
1930 3214 1937 3251 4

1944 3202 1974 3260 Β
2006 3228 2239 3267 consona
2259 3210 2482 3265 scribere
2503 3211 2556 3265 in
2584 3208 2720 3264 libro
2738 3211 2821 3266 De
2839 3210 3020 3261 mima
3050 3217 3098 3262 et
3121 3217 3306 3262 contra
3318 3207 3559 3260 Arianae.

323 3294 449 3360 ῳδὰ
502 3297 627 3364 τοῖς
689 3299 1136 3369 προειρημένοις
1178 3300 1467 3370 Πατράσι.
1531 3302 1803 3374 Σύμφωνσ.
1846 3302 1924 3358 δὲ’.

2004 3303 2313 3360 Coucordia
2358 3302 2445 3358 his
2475 3299 2978 3373 prosequenstidcm
3007 3298 3311 3363 Jeremias,
3344 3298 3571 3353 vocibus

323 3386 533 3453 τοῦτοις
561 3389 770 3458 διεξιὼν
799 3394 827 3446 ὁ
851 3393 1013 3457 αὐτὸς
1059 3393 1323 3467 Ἱερεμίας
1344 3396 1641 3466 εἰσηγεῖται
1681 3394 1782 3459 τὰς
1809 3395 1901 3449 τοῦ

2005 3395 2103 3453 Dei
2155 3383 2463 3452 asservieus
2525 3393 2806 3455 insinuat,
2875 3391 3075 3461 quibus
3143 3398 3571 3456 commonstrat,

324 3478 461 3535 Θεοῦ
509 3482 922 3555 διακονοῦμενος
975 3485 1178 3556 φωνὰς,
1234 3486 1302 3541 δι’
1342 3481 1418 3541 ὧν
1461 3486 1764 3556 δείκνυσιν,
1820 3488 1915 3542 ὅτι-

2005 3504 2183 3560 neque
2206 3488 2480 3558 iustorum
2512 3483 2940 3555 supplicationes
2976 3490 3233 3552 acceptas
3262 3496 3324 3536 se
3347 3481 3572 3544 habere,

326 3573 467 3644 μήτε
493 3573 591 3638 τὰς
634 3575 740 3627 τῶν
775 3575 997 3630 δικαίων
1023 3579 1303 3651 προσίεται
1343 3579 1654 3651 πρεσϐείας,
1701 3583 1751 3635 εί
1783 3580 1905 3652 βου-

2005 3580 2053 3635 si
2087 3579 2257 3633 velint
2297 3577 2375 3630 illi
2407 3586 2626 3648 propter
2657 3573 2962 3630 homicidas
2994 3586 3183 3642 preces
3225 3570 3471 3626 fundere.
3507 3567 3575 3623 Et

323 3662 540 3736 ληθεῖεν
573 3667 680 3720 τῶν
712 3669 1013 3738 μιαιφόνων
1042 3672 1199 3744 χάριν
1219 3671 1464 3738 ἀξιῶσαι.
1496 3673 1606 3727 Καὶ
1637 3669 1758 3727 εἷπε
1790 3673 1902 3728 Κύ-

2004 3669 2141 3724 dixit
2165 3668 2430 3724 Dominus
2458 3667 2527 3721 ad
2559 3681 2668 3731 me,
2692 3666 2885 3720 dicens
2917 3664 2963 3696 ⁸⁸
2991 3679 3008 3716 :
3041 3661 3100 3716 Si
3131 3662 3340 3717 steterit
3363 3661 3559 3733 Moyset

326 3772 444 3827 ριος
464 3756 599 3828 πρὸς
631 3756 700 3828 μὲ
725 3758 932 3827 λέγων’
978 3760 1103 3814 Ἐάν
1133 3764 1231 3833 στῇ
1271 3762 1513 3834 Minuci]:
1528 3765 1623 3817 καὶ
1650 3764 1915 3835 Σαμουὴλ

2004 3768 2059 3816 et
2090 3759 2310 3815 Samuel
2346 3767 2473 3814 ante
2501 3756 2696 3811 faciem
2725 3769 2899 3809 meam
2922 3794 2938 3820 ,
2979 3769 3089 3809 non
3125 3762 3209 3810 est
3238 3754 3420 3808 anima
3455 3769 3574 3809 mea

325 3847 436 3919 πρὸ
458 3847 754 3919 προσώπου
788 3867 921 3921 μου,
955 3850 1055 3904 οὐκ
1100 3850 1299 3922 ἐστινὴ
1330 3852 1476 3926 ψυχή
1502 3873 1601 3926 μου
1644 3857 1781 3925 πρὸς
1806 3859 1903 3913 αὑ-

2003 3868 2139 3923 erga
2172 3852 2342 3922 ipsos.
2393 3848 2461 3905 1η
2493 3849 2686 3904 divinis
2727 3848 2924 3903 litteris
2961 3847 3231 3901 indicatur
3266 3846 3483 3918 Moysen
3525 3859 3574 3901 et

323 3937 471 4004 τούς.
499 3938 833 4007 Aedium/at
861 3941 1021 4009 παρὰ
1042 3940 1117 4011 τῇ
1133 3943 1262 4010 θείᾳ
1282 3944 1516 4014 Γραφῇ,
1539 3930 1627 4000 ὅτὶ
1641 3947 1901 4018 Μωυσῆς

2003 3942 2302 3999 Samuelem
2320 3942 2428 3997 vita
2453 3956 2566 3996 esse
2594 3938 2866 4009 defunctos
2892 3978 2907 4005 ,
2937 3938 3196 4009 quomodo
3226 3954 3347 4009 ergo
3373 3954 3469 4008 pro
3505 3938 3571 3992 iis

324 4030 425 4086 καί
466 4030 751 4100 Σαμουὴλ
793 4031 1120 4088 ἀπέθανον·
1151 4032 1279 4100 πῶς
1305 4030 1421 4089 οὖν
1455 4036 1554 4090 καί
1596 4037 1747 4106 ὑπὲρ
1782 4037 1902 4092 τῶν

2001 4036 2094 4106 qui
2119 4036 2335 4090 minime
2369 4032 2530 4105 digni
2550 4041 2672 4087 sunt
2698 4074 2712 4099 ,
2753 4041 2908 4086 orant
2930 4071 2946 4092 .
2985 4032 3031 4086 si
3058 4047 3149 4102 per
3178 4047 3267 4085 vos
3303 4047 3409 4085 non
3451 4047 3575 4102 ope-

322 4121 587 4187 ἁναξίων
626 4124 1088 4191 πρεσϐεύουσιν,
1133 4125 1186 4180 sl
1215 4124 1344 4180 καθ’
1390 4122 1548 4194 ὑμᾶς
1590 4129 1703 4181 οὐκ
1738 4127 1901 4197 ἐνερ-

2002 4133 2231 4183 rantur?
2259 4127 2419 4181 Hisce
2443 4137 2701 4195 prwterea
2742 4124 2878 4178 idem
2904 4121 3068 4178 Pa'er
3105 4122 3334 4177 adnecti:
3369 4132 3418 4178 et
3455 4139 3571 4193 quae

324 4211 540 4283 τοῦσιν
568 4211 717 4286 (20);
750 4213 860 4269 Kal
885 4214 1148 4284 ἐπιφέρει
1175 4217 1362 4272 πάλιν
1392 4220 1426 4270 ό
1461 4218 1645 4285 αὐτὸς
1674 4218 1899 4288 Πατὴρ,

2002 4229 2327 4291 sequuntur:
2360 4218 2622 4288 Siitaque
2641 4257 2658 4282 ,
2688 4224 2978 4288 postquam
3005 4216 3260 4273 Christus
3284 4216 3536 4287 apparuit
3555 4256 3570 4280 ,

327 4303 424 4357 καὶ
441 4305 653 4372 ,φησίν-
689 4306 754 4359 El
776 4305 834 4359 δὲ
862 4306 952 4361 διὰ
970 4306 1071 4378 τῆς
1095 4305 1190 4361 τοῦ
1208 4308 1448 4381 Χριστοῦ
1475 4309 1797 4378 ἐπιφανείας
1817 4313 1896 4374 είς

2000 4315 2057 4370 in
2116 4313 2430 4385 paradisum
2487 4327 2664 4383 genus
2707 4312 3004 4366 humanum
3053 4309 3387 4378 introducit;
3446 4325 3570 4365 cum

324 4394 416 4449 τὸν
477 4396 801 4466 παράδεισον
865 4399 925 4452 τὸ
980 4398 1092 4452 τῶν
1159 4399 1461 4472 ἀνθρώπων
1537 4402 1745 4471 εἰσάγει
1804 4402 1897 4471 γέ-

2000 4420 2131 4462 vero
2160 4405 2310 4460 cruci
2341 4404 2533 4459 alIixus
2565 4410 2649 4459 est
2673 4445 2689 4469 ,
2727 4404 2997 4458 latronem
3028 4403 3210 4457 statim
3243 4400 3433 4457 eodem
3485 4401 3574 4458 die

323 4480 434 4551 νος,
484 4488 718 4561 ὁπηνίκα
748 4489 806 4544 δέ
837 4490 1180 4563 ἐσταυρώθη,
1223 4491 1315 4547 τὸν
1361 4492 1567 4566 λῃστὴν
1590 4492 1897 4565 αὐθήμερον
1928 4543 1938 4566 1

1958 4549 1977 4566 _
2002 4494 2058 4550 in
2088 4496 2240 4550 illum
2263 4494 2703 4551 introducturum
2733 4510 2793 4551 se
2816 4493 3105 4565 promisit,
3137 4506 3366 4563 corpore
3393 4491 3573 4548 adlmc

323 4543 558 4646 εἰσάξειν
580 4543 1235 4656 αὐτόθιπροηγὸρευσεν,
1272 4543 1896 4656 ρέοοέἱεέιῖάτξιῖεῖἑέᾁ
1927 4543 1938 4606 ¹

2088 4543 2239 4550 ---νη
2263 4543 2703 4551 ---ηηπηηη
2733 4543 2790 4551 --
2816 4543 3066 4565 rw---“
3090 4543 3105 4556 ,
3143 4543 3322 4563 ---τη
3343 4543 3363 4547 -
3396 4543 3570 4548 ν---η

1955 4549 1978 4604 )
2000 4589 2145 4643 intra
2174 4588 2483 4658 sepulcrum
2517 4587 2789 4641 involuto:
2816 4592 3030 4642 constat
3051 4586 3119 4640 ab
3144 4586 3325 4639 anima
3343 4584 3570 4647 Christi.

318 4669 593 4742 ϐλημένου
636 4672 713 4744 τῷ
750 4676 1010 4747 μνήματι,
1059 4677 1412 4748 συνέστηκεν,
1459 4677 1539 4730 ὄτι
1590 4677 1899 4731 συνδιαιτω-

1999 4696 2121 4753 qua:
2154 4679 2372 4752 proprie
2400 4694 2523 4733 cum
2557 4677 2667 4733 Deo
2707 4687 2761 4734 et
2786 4677 2967 4733 Verbo
3008 4693 3097 4733 res
3127 4692 3317 4734 onmes
3357 4685 3574 4734 creatas

324 4760 463 4834 μένη
492 4763 695 4836 κυρίως
721 4765 754 4836 ὴ
787 4764 928 4836 ψυχὴ
956 4765 1049 4818 τοῦ
1085 4766 1316 4839 Χριστοῦ
1345 4766 1423 4838 τῷ
1452 4768 1608 4838 Λόγῳ
1641 4770 1735 4823 καὶ
1758 4770 1897 4842 Θεῷ,

2001 4774 2056 4828 in
2086 4788 2145 4829 se
2176 4773 2493 4828 continente
2533 4778 2926 4836 commoratur,
2966 4781 3158 4825 natura
3195 4771 3300 4827 sibi
3337 4770 3572 4827 similem

320 4854 399 4925 τῷ
431 4856 610 4909 πᾶσαν
655 4855 790 4927 ὁμοῦ
823 4856 919 4929 τὴν
951 4857 1059 4909 τῶν
1090 4857 1332 4929 γενητῶν
1360 4859 1666 4931 περιέχοντι
1700 4861 1897 4927 κτίσιν,

2000 4866 2240 4921 hominis
2263 4865 2501 4920 animam
2542 4865 2597 4919 in
2628 4862 2943 4934 paradisum
2978 4863 3183 4918 illatam
3230 4863 3422 4920 fuisse.
3452 4862 3572 4919 Non

318 4945 419 5018 τὴν
443 4949 677 5019 ὁμογενῆ
707 4948 803 5002 τοῦ
832 4947 1118 5021 ἀνθρώπου
1148 4949 1323 5021 ψυχὴν
1352 4953 1430 5015 είς
1458 4949 1551 5006 τὸν
1577 4952 1901 5025 παράδεισον

2001 4957 2148 5012 enim
2177 4956 2444 5026 scriptum
2474 4962 2596 5019 est,
2640 4964 2767 5010 ante
2826 4955 3004 5010 sancti
3032 4955 3281 5025 corporis
3322 4971 3572 5013 resurre-

318 5041 630 5112 εισήγαγεν.
662 5041 795 5095 Οὐδὲ
819 5041 927 5111 γάρ
952 5044 1099 5098 ἐστιν
1120 5043 1526 5115 γεγραμμένον,
1552 5045 1634 5097 ὅτι
1661 5044 1766 5117 πρὸ
1796 5046 1897 5118 τῆς

1999 5046 2236 5102 etionem
2266 5061 2467 5116 corpus
2498 5046 2725 5101 latronis
2750 5047 2805 5101 in
2833 5047 2997 5101 vitam
3046 5057 3361 5104 revocatum
3381 5088 3397 5116 ,
3446 5064 3572 5119 pro—

319 5132 666 5198 ἅναστάσεως
693 5133 785 5188 τοῦ
810 5135 965 5204 ἁγίου
1011 5133 1260 5207 σώματος
1288 5135 1349 5190 τὸ
1368 5136 1461 5190 τοῦ
1490 5136 1686 5209 λῃστοῦ
1725 5156 1896 5212 προη--

1997 5140 2153 5196 missi
2178 5154 2404 5210 compos
2435 5141 2634 5193 factum
2666 5139 2858 5196 fuisse.
2894 5141 3253 5212 Consequens
3290 5156 3420 5213 ergo
3451 5144 3571 5195 rue-

321 5224 491 5298 γέρθη
539 5227 696 5299 σῶμα
726 5227 825 5299 τὴν
872 5229 1201 5298 ἐπαγγελίαν
1245 5229 1535 5286 ἀπολαϐόν.
1577 5230 1894 5287 Ἀκόλουθον

1996 5234 2108 5296 rit,
2162 5233 2209 5288 si
2242 5242 2400 5288 caute
2420 5248 2532 5287 rem
2562 5233 2867 5304 intelligere
2909 5235 3201 5299 volumus,
3247 5235 3484 5288 animam
3539 5249 3565 5284 ιι

314 5317 429 5390 ἄρα
465 5319 613 5373 ἐστὶν
658 5319 1058 5391 ὑπολαμϐάνειν
1104 5322 1412 5393 ἐμφρόνως,
1442 5324 1522 5377 ὅτι
1550 5326 1588 5393 ἡ
1628 5322 1776 5396 ψυχὴ
1794 5324 1894 5397 τὴν

1993 5334 2225 5396 cognata
2259 5324 2366 5380 sibi
2407 5325 2625 5389 anima,
2669 5330 2928 5395 tanquam
2976 5338 3097 5402 quae
3143 5323 3352 5396 majore
3377 5331 3567 5376 aucto-

517 5504 593 5585 _El
620 5506 750 5558 καθ’
772 5500 934 5587 ὑμᾶς
957 5506 1073 5559 οὐκ
1107 5505 1299 5576 ἐνεργ.
1343 5505 1437 5561 Sic
1466 5520 1601 5563 sane
1636 5505 1885 5563 Allatius.

364 5589 393 5628 ι
433 5589 601 5628 nctus
647 5583 829 5628 tamen
870 5574 1008 5628 Βιὺι.
1042 5573 1133 5628 Gr.
1169 5584 1301 5628 tom.
1337 5575 1470 5628 VIII.
1504 5591 1625 5628 nan.
1655 5576 1779 5628 186.
1804 5578 1883 5628 le-

1992 5522 2095 5561 non
2122 5507 2203 5561 ita
2223 5515 2282 5560 ut
2315 5522 2409 5561 nos
2434 5505 2545 5577 (qui
2569 5507 2814 5574 vivimus)
2854 5502 3372 5576 operanturIQuam
3402 5504 3563 5573 equi-

1988 5578 2112 5628 dem
2154 5578 2587 5628 emendationem
2634 5578 2857 5628 minime
2883 5577 3251 5628 necessariam
3279 5574 3562 5628 existima-

318 5571 601 5629 Fahricius
647 5571 829 5629 tamen
870 5574 1008 5628 Bibl.
1042 5573 1133 5629 Gr.
1169 5571 1301 5632 toti].
1337 5575 1470 5641 Vill,
1504 5591 1625 5647 pag.
1655 5576 1779 5641 186,
1804 5578 1883 5632 le-

298 5646 550 5714 ,gendum
575 5645 767 5700 statuit
793 5644 912 5699 καθ’
942 5647 1105 5717 ἡμᾶς,
1140 5655 1302 5719 atque
1337 5648 1411 5704 ita
1434 5648 1789 5704 vertendum:
1823 5646 1883 5704 Si

1988 5578 2112 5660 dem
2154 5571 2587 5636 emendationem
2634 5571 2857 5636 Iniuime
2883 5571 3251 5634 necessariam
3279 5571 3561 5631 existima-

1985 5663 2111 5703 run.

424 5798 469 5829 "
506 5796 704 5856 Jerem.
740 5818 831 5866 xv,
854 5803 903 5858 l.
