4090 6288
311 383 417 444 695
1686 373 1920 433 rasos!

1936 375 2127 434 ENTA.
3431 370 3539 432 695

1223 495 1299 552 Ex
1329 512 1431 551 LIB.
1469 493 1600 550 Vill.
1628 526 1698 535 —
1721 494 1873 564 Apud
1901 494 2137 551 eumdem
2163 491 2477 548 Facundum
2510 492 2547 549 ι.
2581 508 2630 549 e.

389 615 498 683 Qui
530 612 892 687 (Eustathius)
924 623 1104 669 octavo
1136 631 1336 684 quoque
1363 613 1500 667 libro
1533 612 1610 667 sic
1640 612 1718 665 ait
1751 629 1769 665 :
1805 611 2296 683 Contemplandum
2319 618 2499 667 autem
2539 612 2810 682 quomodo
2846 613 3073 682 loquens
3109 609 3218 665 Deo
3247 615 3301 665 et
3325 608 3535 674 dicens.

315 710 384 765 Et
417 709 653 763 civitates
675 707 990 764 destruxisti
1022 708 1090 774 ",
1122 724 1316 763 rursus
1350 710 1580 764 alterum
1615 707 1913 762 introducit
1943 707 2232 761 Dominum
2288 704 2553 770 inferens,
2589 704 2656 758 Et
2691 705 2947 760 Dominus
2978 706 3032 758 in
3061 715 3308 759 aeternum
3339 715 3534 759 manes.

314 803 540 859 Paravit
569 803 626 856 in
643 801 852 871 judicio
873 801 1048 857 sedem
1069 818 1222 855 suam
1251 802 1318 858 ".
1349 800 1792 857 Manifestissime
1820 801 1964 858 enim
1995 800 2088 854 alii
2118 800 2187 855 de
2216 800 2323 856 alio
2347 801 2577 871 loquens
2612 806 2837 870 apparet
2873 817 2887 853 :
2943 797 3268 868 signiﬁcavit
3294 797 3420 866 quia
3452 797 3538 866 ju—

313 897 416 953 dex
440 905 546 958 est.
578 899 673 966 qui
701 897 1029 968 praeparavit
1060 897 1109 952 ei
1145 897 1327 952 sedem
1361 906 1617 968 tanquam
1663 898 1818 968 prius
1848 912 1956 952 non
1984 895 2204 950 habenti
2235 895 2380 949 hunc
2405 895 2665 949 honorem
2699 911 2713 948 :
2743 895 2823 949 sic
2852 894 3138 948 videbatur
3169 893 3314 964 loqui
3343 911 3356 947 :
3381 896 3540 962 quasi

315 1009 413 1064 per
443 992 647 1064 ﬁguras
677 989 824 1047 enim
855 992 1133 1048 indicabat
1164 991 1534 1062 proptzeticas,
1570 993 1826 1062 quoniam
1853 991 2019 1046 homo
2041 1005 2108 1044 ex
2139 987 2401 1044 membris
2418 988 2646 1058 iustitia;
2673 988 2936 1058 templum
2971 986 3224 1043 decenter
3255 987 3452 1048 factus,
3484 997 3540 1040 et

314 1084 694 1145 sacratissimo
720 1085 976 1142 habitans
1008 1083 1215 1151 Verbo;
1250 1084 1470 1140 virtutis
1507 1084 1618 1156 (25)
1646 1085 1874 1154 adeptus
1896 1091 1979 1140 est
2008 1088 2330 1154 perpetuum
2355 1080 2574 1136 solium.

391 1175 529 1232 Item
556 1177 610 1231 in
633 1177 815 1233 eadem
848 1177 982 1233 libro
1007 1193 1024 1230 :
1053 1176 1169 1231 Non
1201 1177 1368 1239 enim,
1407 1178 1505 1238 ait,
1538 1177 1632 1248 qui
1663 1177 1813 1246 regni
1843 1176 2026 1232 sedem
2061 1174 2244 1240 habet,
2272 1173 2498 1228 alteram
2523 1173 2626 1228 sibi
2657 1179 2886 1242 apparat
2913 1178 3146 1237 sortem;
3179 1170 3272 1226 sed
3306 1171 3393 1225 cui
3432 1185 3538 1222 non

311 1266 469 1322 adest
499 1266 648 1321 sedis
671 1266 935 1336 potentia.
967 1265 1110 1336 Ergo
1143 1266 1258 1320 haec
1290 1263 1356 1318 ad
1388 1265 1664 1320 hominem
1691 1263 1894 1319 Christi
1927 1261 2217 1317 manifeste
2246 1261 2565 1331 respiciunt.
2614 1260 2801 1331 Neque
2830 1268 3012 1315 autem
3033 1260 3398 1330 Omnipotemi
3426 1261 3541 1313 haec

308 1358 629 1431 reponenda
657 1366 806 1423 sunt,
839 1357 1119 1428 proprium
1157 1358 1375 1413 habenti
1411 1365 1720 1429 sceptrum;
1750 1371 1926 1427 neque
1967 1354 2147 1411 Verbo
2193 1355 2374 1426 ipsum
2406 1367 2629 1424 regnum
2667 1351 2910 1416 habenti,
2974 1350 3121 1421 quod
3171 1351 3334 1405 etiam
3381 1350 3541 1407 Pater

307 1454 504 1520 habet;
535 1450 632 1507 sed
659 1452 714 1506 in
745 1451 965 1507 Christo
994 1450 1306 1516 dicendum,
1330 1452 1582 1508 Dominus
1611 1453 1667 1506 in
1694 1452 1821 1507 cwlo
1842 1450 2156 1520 praeparavit
2183 1449 2355 1504 sedem
2377 1465 2549 1502 suam.
2569 1447 2702 1502 Nam
2725 1446 2967 1500 omnium
2991 1445 3152 1501 simul
3170 1454 3538 1502 creaturarum

310 1546 623 1602 dominator
653 1551 876 1615 propter
905 1544 1079 1600 divini
1107 1543 1273 1600 Verbi
1306 1545 1765 1600 commistionem.

646 1675 798 1726 ΑΗΔ
829 1676 1220 1729 FRAGMENTA
1252 1679 1337 1730 EX
1368 1678 1584 1731 IISDEM
1608 1677 1813 1729 LIBRIS
1835 1674 2168 1729 ADVERSUS
2193 1673 2468 1724 ARIANOS
2493 1671 2854 1722 lNDEFINlTE
2879 1669 3206 1722 EXCITATA.

394 1804 580 1883 Apud
609 1805 936 1868 Gelasium
965 1809 1054 1868 De
1085 1806 1329 1870 duabus
1363 1811 1614 1872 naturis
1644 1811 1712 1870 in
1743 1811 2043 1954 Christlfé,
2064 1811 2229 1874 Bibl.
2263 1810 2392 1872 PP.
2424 1810 2632 1872 Paris.
2673 1808 2847 1883 16%,
2881 1813 3033 1868 tom.
3072 1805 3178 1879 iV,
3221 1812 3376 1882 part.
3411 1824 3451 1882 ι,

1769 1908 1910 1954 nan.
2021 1911 2078 1954 s.

1761 1908 1910 1969 pag.
1942 1908 2078 1954 [ειη.

1019 2102 1026 2106 _
1051 2032 1319 2089 Eustathii
1342 2035 1570 2104 episcopi
1602 2032 1913 2088 Antioebcni
1941 2032 2284 2102 confessoris,
2315 2040 2506 2088 contra
2535 2030 2796 2087 Arianos.

381 2119 722 2193 Quapropter
750 2139 1023 2195 congruas
1053 2129 1283 2182 virtutes
1310 2135 1364 2182 et
1395 2127 1820 2199 gubernatioues
1841 2128 2082 2196 gentium
2107 2134 2160 2181 et
2192 2125 2536 2196 populorum,
2567 2129 2621 2179 et
2651 2121 2935 2176 mistarum
2976 2118 3235 2188 plebium,
3269 2125 3324 2172 et
3357 2134 3537 2173 rerum

311 2211 695 2268 universarum
728 2217 1017 2288 imperium
1039 2221 1203 2275 homo
1233 2222 1568 2292 percipiebat
1597 2220 1802 2278 Christi
1830 2224 2032 2293 palam,
2062 2231 2116 2277 et
2146 2221 2240 2292 qui
2269 2220 2527 2290 sapientia
2561 2226 2612 2273 et
2645 2225 2802 2273 aztate
2844 2214 3118 2285 gratiaque
3144 2212 3372 2283 ρνοβεὶῑν
3395 2212 3538 2267 Sic“t

312 2301 596 2374 Evangelii
621 2308 814 2365 litterae
846 2311 893 2344 ’°
927 2311 1127 2368 docent
1155 2315 1582 2386 particulariter.

1471 2413 1728 2485 Ejusdem
1754 2425 1940 2472 contra
1967 2433 2160 2472 eos.-—
2181 2414 2408 2470 Ibidem.

386 2497 455 2552 Et
487 2498 682 2554 iterum
705 2516 828 2556 cum
855 2503 1061 2559 dicitur
1087 2505 1246 2562 Iesus
1272 2509 1441 2564 sciens
1468 2511 1593 2581 quia
1622 2515 1800 2567 omnia
1829 2513 1972 2568 dedit
1997 2515 2044 2568 ei
2075 2512 2237 2568 Pater
2269 2513 2325 2566 in
2349 2527 2536 2565 manus
2563 2510 2635 2579 ⁸⁷,
2665 2515 2828 2581 atque
2858 2519 2918 2565 ut
2961 2513 3036 2565 ita
3077 2507 3403 2570 introducit;
3441 2506 3538 2558 ho-

314 2588 484 2644 minis
515 2598 838 2660 potestatem
866 2593 1106 2649 declarat
1137 2616 1150 2652 :
1183 2614 1304 2669 quae
1331 2603 1606 2670 quomodo
1626 2605 1816 2660 aeterni
1846 2620 2069 2660 smnens
2095 2614 2368 2676 sceptrum
2392 2603 2634 2674 imperii,
2659 2603 2904 2658 omn-ium
2933 2602 3156 2658 haberet
3187 2600 3536 2656 commissum

305 2679 603 2752 judicium.

1463 2783 1713 2855 Ejusdem
1731 2795 1927 2841 contra;
1949 2803 2058 2842 eos.
2075 2819 2144 2829 —
2162 2785 2388 2842 Ibidem.

389 2865 453 2921 Si
485 2870 632 2923 enim
657 2870 712 2923 in
747 2869 982 2934 Christo,
1016 2870 1195 2942 inquit
1225 2875 1292 2940 ⁸⁸,
1333 2874 1604 2944 plenitudo
1633 2878 1930 2933 divinitatis
1961 2880 2262 2947 inhabitat;
2294 2881 2441 2938 aliud
2473 2896 2604 2938 vero
2633 2878 2986 2936 inhabitatur.
3013 2875 3070 2930 Si
3096 2891 3227 2931 vero
3264 2871 3533 2928 naturali-

315 2967 402 3016 ter
429 2961 688 3016 diﬂerunt
714 2964 783 3019 ab
810 2965 1090 3022 alterutris
1108 3006 1124 3032 ,
1158 2983 1337 3040 neque
1357 2973 1548 3027 mortis
1578 2972 1912 3042 passionem,
1945 2989 2123 3045 neque
2148 2976 2255 3030 cibi
2282 2977 2602 3047 appetitum,
2636 2989 2811 3046 neque
2832 2971 3158 3028 desiderium
3191 2968 3531 3040 poculorum.

315 3067 429 3143 non
463 3068 739 3118 somnum,
769 3071 876 3110 non
908 3057 1212 3126 tristitiam,
1237 3075 1344 3114 non
1377 3060 1771 3134 fatigationem,
1796 3079 1904 3120 non
1936 3065 2300 3138 lacrymarum
2329 3067 2641 3133 effusiones,
2672 3083 2780 3121 non
2820 3065 2982 3119 aliam
3026 3061 3323 3133 quamlibet
3359 3065 3536 3113 muta-

314 3144 520 3200 tionem
556 3147 878 3215 plenitudini
907 3149 1213 3208 divinitatis
1255 3155 1591 3212 coexsistere
1621 3155 1702 3211 fas
1717 3165 1822 3220 est,
1855 3173 1978 3212 cum
2017 3160 2089 3215 sit
2120 3149 2550 3217 inconvertibilis
2584 3175 2679 3230 per
2705 3165 2978 3213 naturam.
3012 3154 3228 3210 Homini
3266 3167 3394 3208 vero
3421 3150 3535 3204 haec

315 3239 641 3308 applicanda
667 3249 796 3296 sunt
823 3245 1065 3315 proprie,
1097 3247 1190 3315 qui
1219 3262 1288 3302 ex
1309 3250 1490 3304 anima
1521 3258 1738 3307 constat
1764 3259 1820 3308 et
1847 3268 2078 3324 corpore
2115 3273 2128 3310 :
2165 3256 2425 3325 congruit
2460 3255 2606 3310 enim
2649 3269 2716 3309 ex
2765 3251 2899 3323 ipsis
2927 3248 3180 3304 humanis
3211 3254 3266 3302 et
3296 3242 3532 3299 innoxiis

315 3333 554 3388 motibus
595 3332 1001 3401 demonstrare,
1030 3339 1158 3409 quia
1201 3355 1309 3396 non
1345 3342 1684 3413 pbantastice
1729 3354 1784 3402 et
1829 3349 2093 3417 putative,
2143 3347 2240 3404 sed
2274 3349 2391 3420 ipsa
2433 3350 2660 3405 veritate
2682 3354 2858 3402 totum
2892 3345 3168 3400 hominem
3201 3340 3424 3396 indutus
3450 3346 3534 3395 est

309 3424 459 3482 .Deus
485 3423 724 3496 perfecte
748 3443 1060 3486 assumens.

1608 3526 1674 3581 In
1701 3526 1928 3583 eosdem.
1945 3559 2014 3570 —
2034 3529 2258 3586 Ibidem.

384 3610 653 3678 Quocirca
683 3611 828 3666 aliud
854 3611 1070 3682 quidem
1099 3613 1204 3669 erit
1238 3617 1486 3677 mortale.
1531 3619 1681 3674 aliud
1730 3621 1946 3690 quidem
1997 3632 2193 3693 praeter
2223 3624 2326 3679 hoc
2356 3624 2685 3680 immortale.
2716 3621 3126 3693 Consequenter
3157 3624 3337 3673 autem
3365 3626 3418 3671 et
3442 3612 3535 3667 Ti.

316 3704 538 3759 motheo
570 3707 813 3761 eamdem
839 3707 1088 3763 scribens
1116 3709 1425 3778 epistolam,
1462 3713 1806 3782 prospiciens
1833 3714 1918 3769 dei
1931 3714 2104 3770 ferum
2135 3717 2410 3773 hominem
2437 3715 2804 3788 proclamabat
2846 3715 2892 3747 ”
2928 3731 2943 3768 :
2983 3709 3188 3768 Memor
3213 3716 3324 3764 esto
3352 3705 3535 3762 Iesum

315 3795 588 3850 Christum
612 3801 960 3856 resurrexisse
989 3819 1022 3856 a
1053 3805 1274 3858 mortuis
1309 3819 1378 3859 ea:
1403 3808 1596 3860 semine
1631 3807 1819 3873 David,
1844 3810 2129 3864 secundum
2161 3811 2506 3884 Evangelium
2547 3827 2737 3866 nteant.

1543 3921 1612 3974 Et
1638 3931 1755 3991 post
1779 3938 1967 3992 pauca.
1998 3956 2068 3965 —
2090 3925 2313 3984 Ibidem.

385 4003 562 4062 Homo
583 4013 762 4064 autem
794 4008 966 4066 Deum
1000 4010 1200 4077 ferens,
1232 4012 1326 4082 qui
1345 4014 1546 4073 mortis
1568 4017 1878 4085 passionem
1913 4027 2106 4088 sponte
2131 4022 2345 4076 censuit
2376 4022 2644 4078 sustinere
2664 4029 2884 4093 propter
2913 4021 3193 4076 hominum
3222 4019 3531 4085 utilitatem,

315 4098 549 4169 palmam
577 4100 794 4171 quidem
829 4112 879 4158 et
897 4105 1233 4169 certaminis,
1257 4113 1316 4161 ut
1343 4107 1417 4160 ita
1443 4107 1734 4163 dicendum
1765 4110 1856 4174 sit,
1893 4111 2179 4180 honorem,
2211 4122 2267 4171 et
2289 4123 2613 4186 potestatem
2647 4115 2908 4186 percepit.
2930 4114 2993 4170 Et
3015 4115 3104 4171 ubi
3131 4115 3393 4187 recipitur
3421 4116 3538 4186 glo-

314 4193 419 4260 ria,
447 4209 608 4266 quam
626 4210 968 4269 nequaquam
997 4197 1152 4268 prius
1177 4198 1462 4255 habuerat.

1329 4333 1484 4404 Apud
1514 4337 1764 4392 eumdem
1793 4335 2133 4413 ΟειΑειιιιι,ῐ.
2170 4353 2376 4412 c.,pag.
2405 4339 2530 4395 429.

1222 4475 1496 4531 Eustathii
1521 4476 1753 4546 episcopi
1782 4474 2118 4546 Antiocheni,
2148 4487 2338 4534 contra
2362 4477 2615 4535 Arianos.

387 4563 551 4630 Deus,
582 4567 772 4638 inquit,
811 4565 1046 4624 Verbum
1079 4571 1322 4625 eamdem
1359 4586 1520 4641 quam
1552 4572 1770 4641 genitor
1801 4579 1984 4640 portat
2013 4573 2334 4646 imaginem;
2365 4574 2544 4645 imago
2598 4575 2799 4646 quippe
2848 4579 3121 4630 exsistens
3163 4573 3359 4629 divina:
3408 4570 3538 4626 sul:-

314 4657 529 4712 stautiaa
560 4676 574 4712 :
608 4675 796 4714 verum
825 4668 1008 4717 autem
1030 4660 1150 4731 ejus
1179 4664 1439 4734 templum
1465 4663 1632 4720 homo
1651 4665 1956 4731 exsisteus,
1985 4681 2095 4722 non
2126 4668 2268 4724 idem
2297 4669 2442 4740 quod
2464 4668 2653 4741 templi
2675 4666 2977 4722 fabricator
3005 4674 3112 4732 est,
3160 4665 3415 4722 dissimili
3448 4681 3537 4718 or-

313 4757 400 4803 lUS
433 4765 497 4803 ex
521 4765 734 4820 genere.

1323 4843 1526 4901 Rursus
1555 4846 1788 4918 ejusdem
1833 4858 1951 4918 post
1989 4865 2179 4919 pauca.
2201 4881 2272 4891 -—
2296 4850 2522 4906 Ibidem.

386 4933 492 4988 Sed
516 4933 806 5004 potestatis
833 4934 1174 5005 majestatem
1207 4934 1558 4993 introducere
1588 4940 1802 5004 volens,
1834 4951 1888 4995 et
1917 4943 2096 5012 ipsum
2126 4959 2328 5013 corpus
2361 4943 2751 4998 mortiﬁcatum
2793 4945 2881 5001 hic
2911 4943 3108 5002 Filium
3141 4947 3279 5005 dixit
3309 4969 3324 5008 :
3359 4950 3536 5023 ipsum

310 5027 530 5098 quidem
555 5027 905 5085 sublimitatis
933 5045 1129 5085 nomen
1163 5029 1472 5100 imponens,
1498 5031 1550 5084 id
1573 5040 1657 5092 est
1699 5033 2072 5092 habitantis-in
2103 5052 2170 5092 eo
2199 5035 2292 5092 Dei
2327 5037 2656 5092 decibiliter.

1530 5147 1598 5202 Et
1636 5158 1753 5219 post
1785 5167 1977 5220 pauca.
1995 5182 2068 5192 —-
2093 5151 2316 5207 Ibidem.

383 5235 523 5292 Puto
550 5248 752 5303 autem,
782 5239 968 5309 inquit,
1001 5255 1103 5295 nec
1153 5240 1344 5296 insane
1384 5241 1673 5313 quisquam
1707 5251 1761 5298 et
1808 5244 2014 5302 furiose
2050 5247 2420 5302 debacchatus
2480 5247 2680 5303 dixerit
2736 5249 3052 5320 aliquando,
3082 5253 3208 5321 quia
3237 5253 3533 5318 divinitatis

313 5331 591 5403 plenitudo
618 5332 814 5388 mortis
836 5347 996 5402 passa
1025 5333 1373 5404 dispendium
1403 5343 1507 5392 est.
1539 5335 1679 5408 Ergo
1706 5339 1996 5394 vesaniunt
2025 5347 2078 5396 et
2109 5342 2454 5396 bacchantur
2498 5351 2554 5398 et
2586 5342 2816 5409 furium,
2867 5350 2922 5399 et
2982 5344 3264 5401 insaniunt
3315 5355 3371 5400 ct
3422 5348 3533 5404 suis

313 5427 587 5484 mentibus
617 5437 995 5494 excesserunt,
1025 5429 1120 5500 qui
1149 5428 1263 5485 Deo
1296 5427 1474 5485 Verbo
1503 5433 1816 5500 passionem
1847 5435 2125 5505 applicare
2165 5444 2526 5508 praesumunt.

377 5616 424 5648 ’⁵
454 5614 608 5670 Psel.
643 5622 728 5680 ut,
773 5613 822 5668 7.
898 5616 945 5647 ’³
976 5615 1117 5674 Ibid.
1141 5618 1193 5686 8,
1229 5617 1281 5673 9.
1357 5617 1401 5648 ’δ
1428 5614 1554 5672 Luc.
1583 5631 1644 5680 ιι,
1668 5616 1756 5672 52.
1833 5616 1876 5649 ’⁷
1901 5615 1992 5672 Ιοι

1833 5616 1876 5649 ’⁷
1901 5615 2062 5672 Joan.
2097 5636 2215 5687 xm,
2252 5621 2303 5676 5.
2379 5623 2426 5654 ’⁸
2459 5620 2666 5680 Coloss.
2702 5639 2759 5688 ιι,
2795 5621 2846 5678 9.
2926 5621 2971 5655 ⁹⁹
2990 5622 3054 5678 II
3075 5620 3208 5676 Tim.
3260 5635 3322 5688 tt,
3349 5621 3405 5680 8.

382 5798 492 5867 (Ἡ)
533 5797 774 5855 Virtutis.
814 5799 995 5855 Codex
1041 5799 1262 5867 Verum,
1303 5801 1510 5867 virtute,
1545 5801 1685 5870 quod
1711 5804 1878 5870 magis
1921 5803 2111 5869 placet.
