4090 6288
355 385 460 442 697

1811 387 2158 445 LITURGIA.

2856 237 2877 272 4

3481 389 3587 452 693

355 503 632 572 κρήμνους
683 482 974 566 ἀναϐάσεις
1019 499 1360 572 ὕπεμφαίνον
1405 503 1497 557 καὶ
1545 501 1872 568 καταϐάσεις

2027 504 2272 576 gniﬁcari
2301 510 2463 574 atque
2491 503 2786 561 descensus
2817 523 2830 560 :
2864 520 2922 562 re
2945 512 3122 560 autem
3145 502 3296 559 cruel
3323 503 3589 574 quodam-

359 593 596 662 σχήματι
619 593 695 655 δὲ,
716 592 794 663 τῷ
820 592 1036 664 σταυρῷ
1061 594 1377 664 προσέοικεν
1397 595 1592 663 ὀλίγως
1610 613 1724 656 πως
1747 597 1779 666 ὴ
1804 594 1919 648 κλί-

358 683 485 756 μαξ,
516 682 716 756 ὀρθίοις
747 699 805 736 τε
839 682 932 736 καὶ
977 681 1224 751 πλαγίοις
1255 684 1586 756 ἀρμοσθεῖσα
1610 685 1802 750 ξύλοις.
1833 685 1919 750 Ὠς

352 773 444 829 οὖν
475 774 723 846 ἱστόρησε
750 775 849 845 τὴν
877 774 1126 844 τοιαύτην
1154 776 1434 838 ὀπτασίαν,
1464 776 1557 828 τὸν
1587 775 1731 828 λίθον
1757 777 1914 849 ᾷρας,

353 865 438 934 ἐφ’
471 859 516 933 ᾧ
545 865 640 935 τὴν
668 864 904 936 κεφαλὴν
950 864 1256 930 ἀνακλίνας,
1290 866 1483 936 ἔστησε
1516 865 1614 936 μὲν
1648 867 1806 921 αὐτὸν
1839 869 1918 930 είς

354 957 574 1027 στήλην,
608 957 901 1028 ὑπόμνημα
948 957 1044 1027 τῆς
1091 957 1348 1029 ἱστορίας,
1379 957 1558 1010 εἰκόνα
1601 959 1657 1011 δὲ
1694 958 1787 1011 τοῦ
1815 975 1916 1026 φα-

352 1049 532 1112 νέντος
565 1049 710 1120 αὐτῷ
745 1048 1031 1121 προσώπου
1061 1049 1498 1120 χαρακτηρίζων,
1533 1052 1593 1102 ὲν
1617 1044 1660 1117 ᾧ
1699 1058 1916 1122 μνήμης

352 1140 646 1194 ἀνανέωσιν
675 1141 903 1209 ἵδρυσεν.
930 1137 1088 1194 Οἷκον
1113 1142 1167 1194 δὲ
1195 1142 1338 1195 Θεοῦ
1356 1141 1512 1210 λόγου
1538 1143 1682 1201 ναὸν,
1711 1141 1787 1205 ὡς
1820 1142 1915 1196 καὶ

352 1230 513 1293 αὐτὸς
557 1229 810 1301 ἐξέφηνεν
848 1231 876 1283 ὁ
914 1231 1012 1284 τοῦ
1029 1229 1468 1305 Παντοκράτορος
1498 1234 1650 1296 Υἱός·
1677 1235 1914 1288 Λύσατε

351 1321 460 1376 τὸν
508 1322 658 1376 ναὸν
702 1324 930 1383 τοῦτον,
969 1323 1063 1376 καὶ
1108 1324 1176 1376 ἐν
1213 1326 1407 1391 τρισὶν
1444 1325 1689 1394 ἡμέραις
1731 1326 1911 1395 ἐγερῶ

350 1415 700 1485 αὐτόν.Ἤδη
743 1415 798 1468 δὲ
839 1415 936 1468 καὶ
975 1413 1152 1485 πύλην
1171 1415 1397 1487 οὐρανοῦ
1421 1417 1665 1488 ὠνόμασε
1695 1418 1783 1471 τὸν
1815 1421 1911 1472 αὺ-

347 1505 461 1569 τὸν,
497 1506 678 1578 ὲπειδὴ
712 1506 798 1559 διὰ
835 1505 933 1576 τῆς
954 1505 1047 1558 τοῦ
1081 1507 1313 1578 Χριστοῦ
1352 1502 1640 1580 θεουργίας
1663 1511 1724 1562 τὸ
1753 1510 1910 1581 σῶμά

345 1613 407 1650 τε
436 1599 528 1650 καὶ
553 1597 722 1668 ψυχὴν
747 1597 1178 1668 καθαριζόμενοι,
1209 1601 1274 1669 τῇ
1304 1598 1421 1670 Θείᾳ
1444 1599 1716 1670 δυνάμεθα
1739 1618 1907 1672 προσ-

347 1689 506 1742 ιέναι.
524 1688 698 1758 φύσει.
732 1688 1028 1761 Τοιγαροῦν
1071 1687 1190 1742 οὐδὲ
1235 1688 1296 1742 ea
1318 1689 1493 1743 ἔλαιον
1518 1690 1703 1760 ἀργῶς
1733 1692 1822 1743 ἐπὶ
1846 1691 1908 1744 τδ

346 1782 513 1854 ἄκρον
550 1780 738 1850 ἐπέχεε
773 1781 870 1850 τῆς
910 1780 1136 1852 στήλης·
1181 1779 1314 1834 ἀλλά
1358 1780 1513 1834 τοῦτο
1561 1781 1660 1852 μὲν
1699 1781 1904 1836 ἐκείνου

2027 598 2185 652 modo
2250 605 2595 667 comparatur
2661 599 2842 660 scala,
2906 598 3103 653 erectis
3151 597 3586 659 transversisque

2023 686 2323 755 composita
2377 688 2557 756 lignis.
2591 687 3053 753 Quemadmodum
3097 687 3263 756 igitur
3311 687 3585 746 memorias

2023 777 2242 830 tradidit
2287 779 2490 832 hancce
2538 779 2824 842 visionem,
2859 781 3056 833 tollens
3101 779 3355 848 lapidem,
3389 780 3442 833 in
3473 795 3583 850 quo

2021 881 2183 939 caput
2210 871 2587 932 reclinaverat,
2621 874 2887 926 columnae
2915 873 3087 927 instar
3127 873 3299 925 erexit
3327 888 3469 933 enim,
3498 874 3583 928 hi-

2020 961 2202 1016 storias
2230 975 2657 1022 monumentum,
2686 962 2972 1032 imaginem
3020 970 3198 1016 autem
3248 962 3443 1030 speciei
3476 963 3580 1020 sibi

2021 1051 2148 1103 visa:
2181 1057 2598 1118 repraesentans,
2627 1053 2678 1103 in
2737 1067 2800 1105 eo
2854 1051 3128 1105 memoria:
3175 1051 3578 1106 renovationem

2017 1142 2320 1194 constituit.
2351 1140 2542 1194 ﬁdem
2582 1141 2671 1195 Dei
2733 1151 2910 1197 autem
2941 1158 3062 1196 cmn
3119 1144 3414 1212 appellaret
3455 1157 3580 1196 eum

2017 1232 2192 1286 innuit
2217 1233 2384 1287 divini
2415 1232 2571 1288 Verbi
2601 1236 2878 1303 templum,
2904 1234 3353 1304 quemadmodum
3377 1244 3431 1289 et
3465 1235 3582 1303 ipse

2016 1325 2674 1395 exposuitOmnipotentis
2719 1325 2888 1380 Filius
2921 1345 2933 1379 :
2971 1325 3165 1380 Solvite
3193 1328 3435 1394 templum
3459 1326 3575 1392 hoc,

2013 1428 2061 1470 et
2093 1419 2148 1471 in
2181 1417 2345 1471 tribus
2367 1419 2548 1473 diebus
2590 1418 2830 1472 excitabo
2860 1418 2993 1471 illud
3025 1419 3045 1450 ³
3107 1416 3222 1472 Jam
3259 1435 3384 1474 vero
3411 1420 3576 1473 etiam

2015 1519 2225 1579 portam
2256 1511 2379 1564 ςαξιὶ
2412 1511 2742 1580 nuncupavit
2767 1511 2943 1576 illum,
2970 1511 3406 1580 quandoquidem
3452 1525 3574 1576 nos,

2012 1601 2192 1654 divina
2218 1599 2420 1656 Christi
2450 1616 2551 1671 ope
2575 1601 2874 1656 secundum
2899 1615 3098 1670 corpus
3130 1609 3184 1655 et
3206 1602 3440 1655 animam
3473 1619 3576 1672 pu-

2012 1692 2321 1757 rilicati,ad
2353 1693 2586 1746 divinam
2643 1692 2900 1747 accedere
2949 1707 3240 1762 possumus
3297 1702 3574 1750 naturam.

2012 1783 2349 1854 Quapropter
2372 1800 2469 1840 nec
2497 1783 2697 1840 frustra
2726 1785 2902 1838 oleum
2922 1783 3118 1838 infudit
3147 1785 3333 1840 vertici
3362 1787 3574 1839 colum-

346 1873 638 1944 δηλωτικὸν
683 1868 770 1943 ἦν,
800 1868 860 1928 οὗ
907 1872 1253 1944 διεπράττετο
1303 1873 1604 1936 σπουδαίως
1637 1874 1668 1944 ή
1706 1874 1899 1945 Μαρία.

2017 1893 2117 1937 nae,
2149 1877 2242 1930 sed
2271 1877 2372 1931 hoc
2401 1878 2616 1946 quidem
2641 1877 3000 1946 praetignravit
3035 1877 3190 1939 illud,
3227 1879 3370 1947 quod
3405 1877 3572 1933 Maria

349 1963 519 2035 μύρον
561 1962 618 2028 ἐξ
661 1965 842 2035 ἀκρων
875 1964 1165 2034 ὲπιχέουσα
1199 1967 1310 2028 τοῖς
1335 1963 1428 2018 τοῦ
1459 1964 1692 2034 Χριστοῦ
1727 1967 1904 2020 ποσίν.

349 2053 488 2107 Αὐτὸ
519 2053 576 2107 δὲ
601 2054 758 2108 πάλιν
789 2055 1080 2125 ἐτύγχανεν
1117 2056 1290 2107 ἐκεῖνο
1322 2057 1540 2126 μήνυμα
1575 2057 1673 2126 τῆς
1713 2057 1907 2126 ταφῆς,

341 2143 418 2207 ὡς
444 2145 604 2209 αὐτὸς
635 2148 956 2218 ἐσαφήνισεν
987 2147 1286 2218 ἀναφανδὸν
1306 2147 1334 2198 ό
1363 2146 1582 2218 Κύριος·
1601 2149 1658 2200 Ὀ
1679 2148 1736 2200 δὲ
1763 2148 1911 2212 λίθος

341 2226 494 2298 οὗτος
528 2236 779 2300 εἰκονίςει
823 2236 912 2290 τὸν
971 2238 1358 2309 ἀκρογωνιαὼν
1399 2237 1606 2289 ἐκεῖνον
1649 2235 1811 2300 λίθον,
1838 2237 1909 2291 ὃν

341 2327 794 2397 ἀπεδοκίμασαν
818 2328 935 2398 μὲν
964 2330 1018 2382 οί
1062 2327 1532 2398 οἰκοδομοῦντες,
1563 2331 1651 2395 είς
1691 2332 1908 2399 γωνίας

339 2419 408 2473 δὲ
441 2419 715 2489 κεφαλὴν
745 2420 998 2489 ἐγένετο.

410 2511 432 2543 ³
465 2509 630 2567 Joan.
657 2528 716 2576 ιι,
753 2513 841 2567 19.
914 2514 935 2545 ⁸
964 2513 1114 2570 Psal.
1140 2529 1304 2577 cxvn,
1326 2512 1416 2570 22-.

2008 1968 2236 2022 solerter
2279 1968 2424 2032 fecit,
2454 1977 2784 2038 unguentum
2817 1983 3048 2038 superne
3099 1969 3390 2025 infundens
3419 1970 3572 2040 pedi-

2008 2061 2114 2115 bus
2144 2060 2369 2114 Christi.
2403 2060 2539 2114 Illud
2581 2069 2764 2114 autem
2791 2062 2964 2128 ipsum
2997 2061 3154 2113 etiam
3197 2061 3298 2114 fuit
3355 2061 3570 2130 signum

2015 2153 2331 2222 Sepultum,
2362 2153 2439 2206 uti
2489 2153 2602 2221 ipse.
2631 2154 2933 2208 luculenter
2969 2153 3364 2209 demonstravit
3387 2152 3571 2206 Domi-

2008 2260 2133 2299 nus.
2166 2243 2328 2300 Hicce
2357 2237 2490 2298 vero
2511 2245 2648 2314 lapis
2677 2245 2982 2315 pra-ligarat
3015 2245 3247 2314 lapidem
3285 2245 3435 2298 illum
3471 2258 3571 2297 an-

2008 2338 2273 2405 gularem,
2299 2353 2447 2405 quem
2473 2337 2874 2405 reprobaoeﬂmt
2921 2337 3265 2406 azdiﬁcantcs,
3293 2335 3466 2406 factus
3490 2341 3569 2388 est

2008 2433 2185 2477 autem
2214 2425 2266 2478 in
2291 2435 2446 2495 caput
2475 2425 2655 2495 anguli
2674 2425 2716 2482 ⁸.

2501 2640 2879 2668 -______.._.—-—---
2746 2635 3535 2681 -——=======‘

885 2721 1569 2911 LITURGIA
1649 2795 2170 2910 SANCTI
2235 2793 3011 2911 EUSTATHll

1010 3013 1437 3102 PATRIA
1463 3012 1804 3102 RCHAE
1872 3009 2624 3103 ANTIOCHENI
2699 3009 2860 3101 ('26).

704 3168 1006 3230 (BINAUDOT,
1031 3163 1360 3230 Liturgiarum
1387 3164 1701 3217 Orientalium
1722 3163 1964 3225 Collectio,
1992 3166 2071 3214 ed.
2099 3162 2162 3225 ll,
2189 3165 2494 3216 Francofnrti
2520 3165 2656 3225 18H,
2685 3167 2736 3218 in
2770 3165 2847 3228 4°,
2873 3171 2910 3216 t.
2939 3167 2978 3227 ι,
3003 3182 3051 3231 p.
3077 3171 3209 3232 25L)

627 3331 809 3387 Primo
834 3335 1013 3389 oratio
1033 3344 1155 3390 ante
1182 3336 1415 3390 osculum
1445 3337 1612 3405 pacis.

403 3427 546 3483 Deus
596 3427 834 3484 clemens
881 3437 935 3482 et
979 3427 1162 3482 multa
1191 3428 1599 3494 misericordiae,
1632 3428 1888 3497 Domine,

330 3525 422 3596 qui
449 3531 502 3579 te
529 3539 636 3578 non
665 3521 977 3576 dubitanter
1010 3521 1493 3592 invocantesjuste
1523 3526 1771 3589 exaudis,
1796 3541 1896 3581 no-

331 3619 416 3673 bis
448 3617 610 3672 etiam
643 3615 736 3685 qui
768 3629 872 3667 una
900 3621 954 3668 et
983 3614 1186 3682 aequali.
1220 3628 1353 3668 voce
1398 3615 1695 3672 clamamus
1723 3617 1788 3672 ad
1819 3630 1892 3683 te,

332 3710 550 3771 largire,
586 3718 643 3760 ut
669 3720 792 3760 cum
830 3705 1073 3759 unanimi
1130 3707 1460 3772 concordia,
1509 3708 1702 3766 demus
1733 3712 1892 3767 nobis

333 3793 565 3848 invicem
598 3808 782 3861 pacem
815 3793 866 3844 in
912 3791 1100 3845 osculo
1132 3801 1326 3846 sancto
1351 3801 1404 3846 et
1449 3789 1654 3858 divino,
1682 3800 1735 3848 et
1766 3789 1913 3847 rele-

331 3901 517 3940 remus
547 3886 640 3938 tibi
671 3885 916 3951 gloriam,
944 3895 1048 3940 etc.

403 3977 667 4047 Populus.
698 3975 892 4034 Amen.

398 4070 664 4124 Diaconus
685 4070 977 4138 proclamat
1005 4067 1258 4127 Mediam.

397 4161 654 4217 Sacerdos
679 4163 882 4216 elevans
911 4178 1102 4218 vocem.
1137 4162 1364 4218 Omnem
1416 4181 1631 4236 quoque
1674 4167 1893 4223 dubita-

326 4254 528 4309 tionem
558 4255 831 4325 depellens
863 4270 892 4307 a
924 4254 1101 4316 nobis,
1147 4253 1398 4322 Domine,
1441 4258 1660 4314 vinculo
1706 4261 1890 4314 chari-

325 4349 455 4404 tatis
476 4349 848 4402 tuaecontirma
873 4364 991 4408 nos.
1017 4356 1071 4402 et
1097 4348 1500 4406 benedictiones
1523 4352 1886 4418 abundantes,

325 4438 485 4494 nobis
516 4446 567 4494 et
599 4439 704 4494 illis
749 4439 841 4508 qui
870 4453 1051 4493 coram
1083 4447 1135 4493 te
1167 4441 1410 4495 inclinati
1456 4453 1582 4498 sunt
1617 4446 1789 4510 mitte,
1829 4454 1889 4500 ut

323 4530 618 4586 ciliciamur
664 4531 981 4587 adoratores
1034 4531 1146 4585 veri
1179 4540 1233 4586 et
1275 4535 1562 4605 participes
1620 4536 1887 4592 honorum

327 4623 548 4672 tuorum
602 4626 965 4685 aeternorum,
1015 4619 1424 4694 refcremusque
1473 4624 1572 4680 tibi
1614 4625 1882 4698 gloriam,

323 4717 432 4766 etc.

393 4799 651 4872 Populus.
684 4801 876 4860 Amen.

399 4935 509 5007 (26)
541 4936 905 4992 Celeberrima
935 4948 1018 4993 est
1056 4954 1160 4993 non
1204 4939 1366 4995 modo
1415 4941 1558 4995 inter
1586 4940 1885 5007 Jacobitas,

321 5010 419 5066 sed
448 5008 590 5079 apud
619 5008 954 5082 orthodovos
985 5009 1249 5082 Enstathii
1293 5012 1632 5075 Aulim-lieni,
1664 5016 1755 5082 qui
1782 5013 1882 5067 Ni-

322 5095 474 5134 ca'no
507 5079 739 5150 concilio
791 5079 1034 5132 interfuit
1067 5082 1164 5148 (a),
1210 5083 1469 5134 metnoria
1508 5101 1520 5135 :
1567 5079 1740 5150 neque
1771 5097 1884 5136 ma-

322 5152 406 5219 gis
429 5151 492 5202 ad
526 5149 1141 5220 .lacnbitasrpertinebat
1173 5167 1331 5220 quam
1359 5152 1552 5220 reliqui
1585 5149 1774 5206 Patres
1797 5168 1887 5208 ve-

320 5229 467 5275 teres
503 5239 516 5273 :
551 5221 652 5292 nisi
679 5219 824 5292 quod
858 5223 1188 5292 cnInAntioi
1209 5223 1360 5276 henae
1397 5219 1653 5276 Ecclesiae
1674 5224 1886 5292 episco-

319 5307 421 5362 pus
459 5291 642 5349 fuerit.
677 5291 852 5362 locum
883 5290 958 5342 illi
994 5291 1134 5343 inter
1159 5308 1256 5346 eos
1307 5293 1592 5354 dederunt,
1626 5309 1656 5346 a
1685 5290 1886 5362 quibus

319 5361 450 5415 sitas
484 5361 996 5432 temeiededucunt
1025 5362 1279 5432 origines.
1319 5361 1766 5432 Eligitur-Petri,
1791 5364 1887 5432 qui

317 5433 462 5486 illam
506 5429 806 5503 lict-lesiam
843 5429 1363 5503 fundavil.‘nomine
1389 5429 1663 5503 Liturgias
1697 5429 1834 5489 duas
1867 5453 1881 5488 :

318 5517 480 5553 unam
513 5499 702 5567 Ignatii
731 5501 951 5554 nomine
1011 5504 1372 5571 scripserunt,
1407 5505 1478 5557 ita
1512 5499 1668 5558 facile
1696 5505 1794 5558 fuit
1824 5511 1885 5558 ut

315 5571 606 5624 Eustathio
636 5586 852 5639 quoque
887 5586 1048 5624 unam
1068 5575 1424 5628 ascriberent.
1459 5574 1605 5628 Illam
1629 5575 1770 5630 inter
1791 5588 1885 5629 eas

313 5659 434 5710 quae
467 5642 518 5710 in
554 5655 655 5693 usu
689 5641 829 5710 apud
878 5640 1172 5698 Maronitas
1209 5643 1384 5697 forent
1419 5645 1724 5698 numeravit
1777 5643 1888 5698 Ga-

314 5709 450 5766 briel
482 5709 696 5765 Sionita
723 5709 778 5765 in
803 5711 1033 5780 epistola
1067 5714 1136 5768 ad
1165 5711 1451 5770 Nihusium
1479 5713 1575 5788 (ὁ),
1608 5715 1880 5772 Abraham

398 5825 448 5882 al
475 5827 565 5876 Soz
603 5827 757 5885 l.l,e.
785 5827 890 5876 2et
917 5826 988 5874 l7.

401 5887 449 5950 ὁ)
474 5892 621 5942 Attat.
645 5889 934 5956 Symmicta,
957 5902 1002 5951 ρ.
1034 5890 1140 5941 2'37.

1922 3351 1964 3408 (ς
2071 3333 2352 3392 Sacerdos.
2386 3333 2466 3388 Tu
2498 3349 2557 3390 es
2609 3335 2900 3388 thesaurus
2946 3333 3273 3389 auxiliorum
3303 3374 3318 3398 ,
3349 3342 3405 3392 et
3437 3335 3565 3397 fon!

1997 3429 2285 3491 bonorum,
2319 3426 2542 3481 Domine
2575 3445 2588 3480 :
2617 3441 2721 3480 nos
2743 3426 2908 3496 igitur
2936 3426 3030 3494 qui
3061 3435 3297 3496 egestate
3327 3437 3383 3482 et
3425 3442 3562 3498 pau-

1992 3528 2200 3594 pertate
2227 3520 2557 3583 laboramus,
2589 3516 2784 3571 divites
2809 3516 2892 3571 fac
2919 3517 3123 3572 divitiis
3153 3519 3562 3587 incomprehen-

1994 3614 2244 3670 sibilihus
2273 3611 2538 3666 donorum
2565 3617 2782 3664 tuorum
2803 3608 3108 3662 divinorum
3135 3627 3148 3663 :
3173 3620 3226 3663 et
3247 3610 3442 3680 perﬁce
3459 3625 3561 3666 nos

1993 3706 2045 3760 in
2075 3705 2334 3777 populum
2369 3711 2640 3765 sanctum,
2686 3706 2739 3756 et
2773 3701 3246 3770 congregationem
3271 3701 3557 3766 salvatam,

1991 3815 2111 3866 qnze
2135 3798 2420 3852 annuntiet
2441 3794 2630 3850 laudes
2660 3803 2805 3858 tuas,
2835 3792 2978 3848 Deus
3005 3791 3186 3858 Pater,
3210 3801 3264 3848 et
3292 3793 3561 3867 unigeniti

1992 3887 2112 3942 Filii
2147 3888 2248 3954 tui,
2279 3899 2332 3943 et
2363 3887 2602 3957 Spiritus
2631 3886 2709 3939 tui
2738 3884 2868 3941 vivi.

2060 3981 2348 4035 Diaconus.
2384 3980 2516 4034 Date
2551 3995 2760 4049 pacem.

2061 4072 2341 4128 Sacerdos.
2371 4071 2625 4128 Charitas
2651 4071 2744 4126 Dei
2771 4069 2973 4126 Patris.

2060 4164 2325 4232 Populus.
2347 4164 2539 4218 Amen.
2573 4163 2952 4218 Misericordiae
2983 4160 3100 4217 Dei.

2062 4255 2338 4310 Sacerdos.
2373 4254 2603 4311 Sursum
2633 4254 2821 4310 corda.

2063 4342 2316 4416 Populus.
2352 4347 2621 4404 Habemus
2660 4347 2724 4400 ad
2755 4345 3063 4402 Dominum.

2057 4441 2334 4497 Sacerdos.
2369 4440 2586 4496 Gratias
2611 4456 2834 4509 agamus
2859 4437 3110 4494 Domino.

2056 4532 2313 4600 Populus.
2347 4533 2576 4603 Dignum
2608 4541 2660 4586 et
2682 4532 2891 4602 justum
2923 4539 3024 4586 est.

2058 4624 2319 4681 Sacerdos
2351 4626 2658 4678 inclinatus.
2709 4623 2927 4679 Gratias
2963 4637 3209 4695 agamus,
3243 4620 3552 4689 adoremus,

1915 4702 1964 4761 Ῑ)
1990 4727 2043 4774 ct
2096 4719 2462 4791 glorilicemus
2505 4716 2745 4781 Patrem,
2795 4714 3020 4783 Filium,
3048 4723 3101 4769 et
3134 4713 3394 4784 Spiritum
3426 4729 3558 4772 san-

1984 4819 2131 4865 ctum
2157 4826 2323 4864 unum
2358 4809 2524 4864 Deum
2539 4823 2748 4863 verum.

1993 4944 2331 4999 Eehellensis
2377 4943 2430 4997 in
2467 4943 2612 4997 notis
2659 4942 2728 4995 ad
2783 4938 2966 4994 llebed
3011 4935 3137 4994 Jesu
3171 4958 3184 4994 :
3218 4947 3272 4994 et
3318 4937 3556 4995 Faustus

1988 5016 2260 5069 Naironus
2297 5015 2352 5068 in
2412 5014 2631 5081 Eroplia
2679 5027 2777 5066 sua
2821 5013 2913 5080 (c).
2959 5009 3111 5062 Edita
3141 5026 3358 5079 quoque
3387 5019 3470 5063 est
3500 5009 3554 5063 in

1992 5086 2193 5140 Missali
2224 5084 2582 5137 Maronitian
2615 5083 2707 5137 sed
2729 5099 2850 5136 cum
2885 5081 3412 5149 interpolationibns,
3437 5095 3556 5148 qua:

1988 5157 2042 5209 in
2075 5158 2197 5210 aliis
2223 5156 2376 5207 factm
2408 5165 2558 5208 sunt.
2589 5151 2864 5206 Sinceram
2901 5151 3183 5205 lectionem
3217 5151 3554 5206 restituimus

1987 5243 2051 5279 ex
2083 5227 2270 5279 codice
2291 5225 2604 5278 Colhertino
2631 5224 2958 5277 bonrenotze.
2985 5222 3076 5290 qui
3107 5237 3226 5275 eam
3255 5234 3554 5288 repraesen-

1989 5298 2138 5350 tabat
2169 5313 2182 5349 :
2221 5310 2346 5348 nam
2380 5296 2430 5346 in
2475 5293 2660 5347 multis
2693 5291 3056 5348 desideratur.
3107 5291 3242 5346 Cum
3279 5305 3405 5342 vero
3435 5303 3552 5338 om-

1988 5368 2137 5420 nium
2161 5367 2503 5433 liturgiarum
2533 5379 2639 5416 una
2669 5363 2933 5418 sententia
2957 5363 3049 5423 sit,
3082 5362 3222 5415 idem
3246 5356 3553 5434 disciplinae

1986 5439 2156 5491 color.
2180 5427 2427 5491 doctrina
2459 5436 2525 5487 de
2550 5444 2890 5489 sacramento
2918 5448 3143 5501 prorsus
3159 5430 3346 5484 eadem
3387 5446 3399 5480 :
3425 5427 3550 5501 _dis-

1987 5508 2193 5560 crimen
2227 5494 2973 5577 veronullurn,praeterquam
3003 5505 3054 5556 in
3088 5494 3550 5577 verborum-uber-

1987 5585 2117 5637 tate.
2155 5583 2252 5649 aut
2281 5574 2543 5649 strictiori
2580 5567 2925 5645 simplicitate
2967 5571 3136 5649 possit
3170 5567 3553 5630 animadverti,

1985 5663 2106 5717 qua:
2130 5647 2195 5700 ad
2246 5647 2382 5701 alias
2415 5643 2715 5718 observata
2730 5652 2880 5718 sunt,
2917 5645 2981 5718 ad
3017 5643 3173 5694 istius
3203 5651 3416 5718 quoque
3447 5649 3553 5690 ev

1987 5713 2334 5788 plicationem
2362 5724 2589 5787 possunt
2625 5716 2899 5780 sullicere,
2919 5713 2968 5768 si
2996 5724 3168 5781 pauca
3185 5713 3516 5777 excipimus.

2046 5833 2112 5897 (cl
2142 5833 2326 5897 Ettopl.,
2351 5847 2397 5896 p.
2437 5832 2543 5893 5l9,
2569 5845 2601 5895 p
2649 5829 2754 5880 162.
