4090 6288
1559 283 1636 351 ’δέ
1671 293 2043 351 EUSTATHII
2078 293 2386 352 EPISCOPI
2423 291 2838 350 ANTIOCHENI

2512 157 2534 182 ἢ

3719 293 3821 349 700

658 410 886 466 Elevans
936 428 1130 465 vocem.
1180 411 1634 483 Magnificentiam
1689 423 1859 478 tuam,
1906 413 2151 478 Domine,
2183 419 2230 475 Α
2327 412 2606 469 Sacerdos.
2646 410 2818 466 Etiam
2864 411 3157 466 adventum
3211 423 3364 465 tuum
3415 411 3736 475 salutarem,
3765 422 3817 466 ct

583 503 890 574 glorificant
940 519 1131 560 omnes
1163 503 1398 560 virtutes
1449 506 1691 561 materia:
1733 515 2026 578 expertes;
2078 509 2154 561 le—

583 595 773 664 giones
811 591 1161 650 inﬂammatae
1212 611 1279 652 ex
1337 594 1553 650 ﬂamma
1580 597 1860 667 productae
1891 617 1906 652 :
1939 602 2152 664 agmina

581 684 830 739 ardentia
867 685 1152 740 cherubim
1177 685 1401 743 fortium
1428 707 1442 743 :
1474 695 1669 744 turma:
1693 690 1968 746 terribiles
1992 688 2153 745 Sera-

579 775 727 846 phim
793 782 1145 845 sanctorum;
1196 779 1290 848 qui
1338 787 1620 836 moventes
1673 781 1790 837 alas
1841 796 1994 848 suas,
2039 783 2152 838 ela-

577 875 752 932 mant,
788 867 1160 924 vociferantur
1179 876 1234 924 et
1261 870 1470 926 dicunt.

645 956 908 1027 Populus.
946 958 1203 1024 Sanctus,
1235 970 1481 1028 sanctus,
1511 971 1756 1020 sanctus.

644 1049 907 1106 Sacerdos
944 1053 1254 1108 inclinatus.
1290 1053 1490 1112 Trinas
1518 1056 1978 1113 sanetifieationes
2016 1056 2150 1114 oﬂ'e-

572 1140 748 1196 rimus
777 1141 1053 1210 tibi,Deus
1083 1143 1341 1209 Pater,‘et
1369 1147 1652 1218 unigenito
1676 1147 2003 1214 Filiotuo,et
2024 1148 2148 1220 Spi-

570 1233 701 1288 ritui
728 1241 824 1290 tuo
852 1245 1044 1290 saneto
1075 1256 1088 1290 :
1121 1253 1300 1308 neque
1319 1238 1464 1293 enim
1496 1241 1882 1297 mensurabilis
1912 1251 1996 1296 est
2013 1258 2144 1297 san-

569 1327 732 1382 ctitas
768 1335 884 1392 tua,
917 1328 1176 1385 Domine:
1225 1331 1320 1402 qui
1371 1346 1495 1386 eum
1519 1332 2016 1403 indigniessemus,
2044 1335 2146 1388 mi-

570 1421 692 1477 sisti
748 1419 949 1476 Filium
999 1431 1151 1478 tuum
1187 1425 1240 1478 in
1276 1425 1537 1480 mundum
1568 1442 1668 1496 pro
1712 1427 1888 1482 salute
1915 1438 2139 1484 nostra:

531 1527 534 1530 ‘
569 1521 838 1582 ortusque
861 1520 947 1568 est
969 1514 1024 1567 in
1059 1512 1300 1584 Virgine,
1332 1523 1386 1572 et
1415 1532 1514 1587 per
1545 1525 1772 1575 mortem
1796 1535 1951 1574 suam
1980 1521 2141 1575 vitam

570 1604 827 1674 praestitit
849 1607 1407 1663 mortalitati'nostrre.

640 1693 866 1748 Elevans
888 1711 1079 1752 vocem.
1109 1695 1211 1763 Qui
1235 1714 1358 1752 cum
1384 1699 1664 1754 voluntate
1692 1715 1812 1767 sua,
1835 1701 1989 1770 quasi
2012 1717 2139 1757 sue-

2254 505 2551 560 seeundum
2578 505 2728 558 illum
2756 504 3133 560 retributionis
3159 511 3678 566 commemorantes,
3722 503 3817 557 Do-

2250 597 2416 659 mine,
2468 597 2656 652 laudes
2702 612 2826 652 cum
2864 596 3344 667 deprecationibus
3401 597 3677 663 majestati
3712 607 3816 650 tuae

2249 687 2547 750 oﬂerimus,
2581 695 2643 741 ut
2674 688 2729 742 in
2761 688 2849 743 die
2879 688 2972 742 illo
2998 702 3195 758 magno
3225 687 3418 756 judieii
3441 689 3516 741 tui
3537 688 3810 757 justi,non

2248 791 2344 846 per
2370 785 2592 846 peccata
2635 785 2823 833 nostra
2879 778 3074 834 fiamus
3115 779 3274 834 cibus
3305 777 3611 832 carbonum
3649 779 3808 848 ignis,

2247 869 2673 939 alimentumque
2703 869 2934 925 ﬂamma:
2956 869 3250 925 terribilis:
3295 886 3406 924 non
3435 871 3810 942 demergamur

2247 961 2302 1014 in
2349 976 2500 1016 mare
2549 961 2786 1026 ardens,
2839 970 2932 1016 aut
2977 962 3169 1032 jactati
3215 962 3515 1016 obruamur
3561 961 3807 1018 ﬂuetibus

2245 1054 2472 1125 ignium.
2503 1055 2622 1110 Non
2657 1055 2829 1112 simus
2876 1055 3118 1111 hatredes
3160 1055 3524 1126 suspiriorum
3563 1074 3576 1109 :
3633 1071 3807 1125 neque

2245 1146 2537 1216 gemitibus
2563 1146 2776 1201 acerbis
2804 1145 3029 1201 addicas
3058 1161 3162 1200 nos
3186 1163 3199 1198 :
3236 1160 3344 1199 non
3382 1143 3578 1201 ﬁamus
3609 1146 3808 1200 habita-

2245 1245 2390 1292 tores
2418 1237 2660 1292 locorum
2704 1235 3143 1300 tenebrosorum,
3184 1241 3240 1289 et
3284 1233 3568 1304 regionum
3619 1235 3806 1289 timore

2245 1329 2566 1399 plenarum:
2621 1343 2734 1382 non
2783 1327 2944 1382 alieni
2988 1327 3181 1381 fiamus
3227 1325 3297 1380 ab
3327 1325 3640 1380 haareditate
3695 1335 3802 1388 tua,

2244 1433 2419 1487 neque
2446 1417 2643 1488 privati
2695 1416 3066 1472 familiaritate
3094 1426 3226 1470 tua:
3263 1415 3360 1470 sed
3411 1430 3535 1468 cum
3566 1415 3802 1470 invitatis

2242 1511 2310 1565 ad
2354 1511 2777 1565 recumbendum
2826 1518 3026 1572 tecum,
3061 1515 3117 1562 et
3146 1507 3356 1562 vocatis
3399 1506 3467 1559 ad
3497 1507 3799 1560 convivium

2242 1609 2394 1658 tuum
2419 1603 2688 1672 coniunge
2704 1617 2825 1666 nos,
2855 1609 2910 1656 et
2938 1601 3226 1672 splendore
3251 1599 3403 1669 regni
3424 1599 3502 1653 tui
3532 1599 3802 1669 impingua

2243 1712 2364 1751 nos.
2392 1695 2455 1750 Et
2476 1703 2696 1766 propter
2725 1695 2839 1749 hate
2871 1695 3054 1748 omnia
3091 1691 3382 1762 praecipue,
3433 1690 3674 1746 Ecclesia
3711 1699 3799 1744 tua

567 1781 831 1838 cidaneus
857 1799 956 1854 pro
985 1785 1144 1841 nobis
1195 1788 1575 1856 peccatoribus
1613 1790 1762 1843 venit
1790 1766 1866 1844 ad
1885 1799 2134 1858 mortem,
2171 1766 2210 1820 Β
2241 1793 2294 1839 et
2322 1799 2450 1856 grex
2483 1791 2614 1839 tuus
2641 1784 2966 1854 deprecatur
3009 1794 3083 1850 te.
3115 1791 3170 1839 et
3192 1798 3289 1846 Der
3320 1792 3398 1849 te.
3432 1791 3597 1854 atque
3623 1791 3798 1840 tecum

567 1872 778 1941 accepit
804 1888 994 1941 panem
1023 1875 1076 1928 in
1115 1890 1312 1932 manus
1339 1892 1469 1933 suas
1500 1886 1741 1942 sanctas,
1772 1878 1812 1950 οξ·
1843 1880 2136 1945 benedixit,

565 1962 606 2033 1'
639 1965 1019 2029 sanetilicavit,
1057 1966 1100 2036 1-
1133 1967 1314 2038 fregit,
1367 1970 1628 2040 deditque
1682 1971 1967 2040 discipulis
2021 1975 2138 2031 suis

563 2057 792 2121 sanctis,
835 2063 890 2111 et
917 2058 1055 2112 dixit
1086 2077 1098 2112 :
1135 2061 1382 2130 Accipite
1416 2061 1743 2117 manducate
1776 2080 1842 2118 ex
1877 2080 1943 2118 eo
1975 2084 1988 2120 :
2020 2064 2136 2121 Hoc

561 2153 646 2200 cst
662 2161 860 2216 corpus
879 2163 1054 2201 meum
1071 2149 1204 2219 ('27),
1221 2151 1364 2222 quod
1386 2168 1484 2208 vos
1501 2161 1555 2209 et
1570 2169 1762 2211 omnes
1777 2157 2144 2229 suscipientes

559 2235 692 2288 illud
726 2235 1214 2310 lideles,praeparat
1235 2243 1302 2297 ad
1333 2245 1500 2299 vitam
1531 2253 1815 2302 asternam.

631 2325 890 2396 Populus.
926 2329 1122 2384 Amen.

632 2417 910 2474 Sacerdos.
949 2419 1212 2478 Similiter
1262 2434 1317 2479 et
1361 2427 1588 2482 calicem
1635 2445 1796 2498 quem
1839 2432 2134 2488 miscuerat

558 2509 688 2564 vino
717 2521 770 2566 et
792 2527 954 2582 aqua,
986 2513 1025 2583 1-
1051 2514 1346 2581 benedixit,
1371 2518 1414 2588 -ιι
1441 2521 1826 2588 sanctificavit,
1848 2523 1887 2594 1-
1909 2533 1963 2579 et
1983 2525 2134 2580 dedit

560 2601 751 2656 iisdem
794 2601 1075 2674 discipulis
1107 2609 1313 2664 sanctis
1347 2617 1401 2664 et
1447 2611 1620 2666 dixit:
1658 2612 1928 2684 Accipite,
1961 2617 2132 2674 bibite

556 2706 624 2744 ex
659 2706 726 2746 eo
757 2708 854 2748 vos
893 2709 1082 2752 omnes
1118 2715 1131 2750 :
1166 2696 1268 2752 Hic
1296 2708 1381 2755 est
1432 2703 1659 2773 sanguis
1693 2720 1850 2760 meus
1887 2707 1982 2777 qui
2031 2725 2132 2766 vos

553 2790 611 2836 et
637 2797 828 2838 omnes
851 2786 1214 2858 suscipientes
1245 2806 1370 2846 eum
1404 2792 1590 2850 ﬁdeles
1623 2805 1896 2866 praeparat
1930 2799 2000 2856 ad
2041 2802 2132 2857 vi-

557 2883 664 2927 tam
696 2884 976 2931 κιετηθω.

627 2963 888 3034 Populus.
913 2969 1108 3028 Amen.

629 3058 909 3119 Sacerdos.
945 3062 1049 3120 Sed
1085 3071 1140 3120 et
1161 3065 1384 3136 quando
1426 3071 1747 3139 mysterium
1791 3072 1938 3129 istud
1982 3077 2127 3133 cele—

553 3150 804 3218 brabitis,
860 3156 1002 3225 agite
1039 3160 1357 3213 memoriam
1398 3160 1594 3216 mortis
1625 3177 1780 3230 meae,
1827 3164 2002 3223 donec
2033 3185 2126 3225 ve-

552 3257 720 3296 mam.

624 3333 882 3403 Populus.
937 3337 1128 3396 Mortis
1177 3349 1304 3409 tum,
1349 3340 1599 3416 Domipe,
1635 3347 1954 3404 memoriam
2004 3351 2130 3424 agi-

620 3586 732 3666 (27)
776 3589 995 3666 Hoc-est
1023 3606 1212 3666 corpus
1240 3609 1432 3666 meum.
1463 3591 1524 3666 Id
1540 3593 1700 3650 habet
1727 3595 2003 3666 singulare
2031 3597 2129 3656 illa-

547 3659 1350 3736 verbpruniChristiformula,
1385 3665 1528 3736 quod
1564 3673 1755 3718 contra
1786 3659 2120 3736 réliquarum

547 3729 791 3808 Omnium
814 3729 1008 3796 Graeci,
1047 3733 1284 3808 φορεῖ(ξίἱ
1307 3744 1362 3789 et
1391 3729 1598 3808 Syriaci
1622 3736 1760 3790 ritus
1779 3729 2120 3808 liturgiarum

547 3801 880 3879 exemplum,
933 3801 1200 3879 particula
1231 3805 1342 3868 illa,
1375 3801 1515 3874 quod
1558 3822 1653 3876 pro
1684 3807 1826 3879 vobis
1854 3801 2121 3879 frangitur

544 3877 597 3951 et
620 3869 782 3923 datur
814 3873 869 3925 in
898 3869 1632 3951 remissionemyeccatoruin,
1665 3869 2120 3951 omiititurzvqua:

548 3946 731 4020 tamen
769 3957 834 3996 ex
867 3942 1187 4020 rigidiorum
1237 3946 1611 4018 theologorum
1642 3947 1898 4020 opinione
1921 3942 2120 4020 neces-

548 4015 692 4088 saria
722 4027 832 4088 non
843 4021 943 4088 _est
966 4033 978 4068 :
995 4015 1144 4088 unde
1160 4015 1588 4088 praetermittitur
1617 4015 1884 4088 ubiquein
1914 4019 2118 4076 Missali

553 4076 747 4160 ifonia;
769 4081 934 4160 edito.
989 4076 1302 4160 Seque-mia
1325 4097 1503 4160 autem
1551 4076 1745 4154 verba:
1777 4093 2116 4160 suscipientes

545 4148 683 4201 illud
707 4151 888 4231 ﬁdeles
916 4148 1183 4231 prafparat
1233 4155 1302 4208 ad
1319 4157 1477 4211 vitam
1501 4148 1774 4223 celeritatis,
1807 4148 2117 4231 signiﬁcant

548 4229 951 4299 sacramentum
995 4225 1160 4294 digne
1187 4234 1499 4299 susceptum
1526 4231 1756 4299 gratiam
1779 4225 2028 4288 conferre
2051 4235 2114 4288 li-

546 4290 858 4364 del‘i‘busad
888 4290 1325 4364 consequendam
1351 4290 1515 4351 vitam
1527 4290 1818 4354 aeternam.

617 4360 730 4432 (28)
762 4361 828 4415 Ut
843 4381 936 4434 per
969 4360 1218 4434 illapsum
1261 4381 1414 4421 suum
1473 4368 1732 4424 exhibeat.
1781 4369 1860 4426 Eo
1895 4371 1949 4425 in
1991 4371 2117 4426 loco

544 4431 666 4506 duae
705 4431 865 4506 voces
885 4431 1221 4506 occurrunt,
1255 4451 1482 4506 quarum
1509 4439 1678 4493 hacin
1702 4442 1950 4495 oratione
1973 4457 2107 4498 usus

545 4502 1024 4582 frequentissimus
1055 4514 1170 4582 est:
1200 4502 1716 4582 illapsusnnmmn
1745 4511 2104 4582 ἐπιφοίτησις,

544 4571 878 4666 innoxiam;
905 4591 933 4629 a
963 4577 1128 4666 veriti)
1295 4571 1438 4666 quod
1471 4580 1698 4666 degitur
1730 4582 1784 4634 in
1810 4652 1822 4666 .
1852 4571 2105 4666 versione

547 4639 766 4715 Syriaca
792 4639 954 4703 Luca:
982 4663 1019 4710 I,
1056 4639 1353 4702 55.'Virttis
1370 4639 1974 4704 Altissi'hziobumbrabit
1994 4653 2105 4715 tibi,

541 4712 899 4791 ἐπες-κεᾴςςειε
935 4726 993 4770 ut.
1047 4719 1382 4789 significetur
1415 4720 1643 4789 illapsus
1673 4721 1908 4791 Spiritus
1934 4712 2109 4778 sancti

541 4780 598 4836 in
621 4783 680 4838 Β.
718 4780 1126 4861 Virginem,__ad
1173 4780 1526 4861 formandum
1551 4807 1617 4846 ex
1641 4780 1954 4861 ea'eorpus,
1983 4809 2106 4847 mox

540 4858 930 4912 assumendum
963 4875 992 4912 a
1017 4858 1194 4932 Verbo
1211 4859 1332 4932 _Dei.
1358 4860 1424 4914 Ut
1448 4861 1591 4915 enim
1625 4862 1752 4916 alibi
1776 4858 2105 4932 explicatum

538 4932 641 5002 est,
666 4941 728 4981 ea
758 4931 1173 5002 comparatione
1197 4930 1506 4986 Orientales
1532 4933 1609 4986 uti
1641 4930 1985 5002 potissit—num
2016 4949 2106 4988 so-

538 4993 670 5060 lent,
706 4998 773 5052 ad
803 4993 1182 5068 explicandam
1196 5003 1612 5125 Empositorum
1636 4993 2022 5058 elementorum
2049 5005 2105 5058 in

538 5080 737 5125 corpus
769 5079 821 5123 et
847 5070 1164 5125 sanguinem
1245 5073 1400 5125 hristi
1431 5073 1734 5125 mirabilem
1774 5082 2105 5125 transmuta-

536 5080 737 5139 corpus
769 5079 821 5123 et
847 5070 1164 5139 sanguinem
1196 5070 1400 5127 Christi
1431 5073 1734 5128 mirabilem
1774 5082 2107 5128 transmuta-

535 5137 760 5216 tionem‘.
791 5137 975 5216 Altera
998 5155 1103 5216 _v0x
1126 5150 1211 5216 e_st
1228 5152 1355 5216 nm:
1368 5159 1462 5216 seu
1493 5143 1678 5198 Gratca
1702 5145 1958 5216 ἀναδείξῃ
1983 5161 2105 5212 qua:

533 5212 778 5285 occurrit
805 5213 858 5264 in
889 5209 1109 5285 Syriaca
1137 5211 1327 5266 Jacobi
1349 5214 1584 5284 Iiturgia,
1607 5222 1660 5270 et
1681 5214 1748 5269 de
1773 5231 1879 5285 qua
1904 5209 2106 5285 pariter

532 5277 737 5353 dictum
772 5289 872 5347 est,
898 5277 1173 5352 certisque
1191 5277 1526 5353 argumentis
1547 5277 2002 5348 demonstratum,
2029 5287 2106 5340 in-

531 5350 879 5426 telligendam
909 5353 1058 5426 illam
1084 5350 1387 5416 ’esse,'non
1423 5361 1632 5426 tamex
1669 5353 1892 5426 Syriaca
1939 5371 2101 5425 quam

530 5434 596 5473 ex
627 5423 812 5476 Graeca
841 5423 1072 5492 origine.
1110 5427 1181 5476 ita
1207 5423 1723 5492 utnonsimpliciter
1743 5423 2104 5481 demonstrare

530 5496 583 5541 et
611 5492 908 5567 designare,
943 5494 1037 5567 sed
1068 5494 1262 5567 eﬁicere
1293 5502 1347 5549 et
1383 5511 1688 5567 consecrare
1727 5497 2013 5567 significet.
2044 5498 2100 5551 Si

531 5561 1046 5636 q_uis_pervicacius
1097 5561 1358 5627 insistat,
1416 5565 1676 5636 tricisque
1728 5561 2102 5636 grammaticis

532 5629 835 5705 simplicem
881 5646 934 5689 et
967 5642 1044 5688 tot
1075 5636 1198 5689 aliis
1247 5635 1484 5706 liturgiis
1523 5629 1836 5705 expressam
1875 5646 2098 5691 senten-

533 5706 662 5776 tiam
691 5717 986 5776 opscurare
1020 5706 1244 5767 nitatur,
1295 5723 1360 5761 ex
1412 5707 1658 5776 sequenti
1698 5707 1951 5771 formula,
1980 5724 2098 5775 qua!

533 5768 598 5824 ad
624 5771 846 5834 calicem
879 5774 1134 5846 refertur,
1163 5777 1333 5835 refelli
1363 5768 1560 5850 potest,
1615 5777 1670 5833 in
1705 5793 1808 5849 qua
1843 5768 1946 5834 vos
1961 5768 2095 5842 Ti)”:

2238 1879 2453 1934 Patrem
2476 1887 2650 1940 tuum,
2674 1877 2882 1933 dicens.

2311 1969 2566 2039 Populus.
2597 1968 2875 2024 Miserere.

2309 2059 2591 2114 Sacerdos.
2625 2058 2737 2115 Nos
2759 2075 2996 2129 quoque.

2307 2150 2564 2218 Papulas.
2607 2148 2684 2205 Te
2713 2149 3018 2206 laudamus.

2307 2244 2586 2300 Sacerdos.
2627 2243 2926 2315 Pracipue.

2305 2338 2597 2393 Diaconus.
2637 2337 2812 2403 Quam
2839 2335 3076 2392 timenda
3106 2347 3188 2393 est
3219 2338 3336 2394 haec
3364 2339 3520 2395 hora.

2305 2429 2563 2485 Sacerdos
2578 2428 2706 2482 dicit
2727 2429 3107 2483 invocationem
3139 2428 3368 2498 Spiritus
3382 2434 3573 2486 sancti.

2304 2521 2731 2578 Misericordiam
2757 2529 2904 2574 tuam
2927 2522 3174 2576 obtestor
3187 2530 3244 2577 et
3265 2523 3550 2593 deprecor,
3573 2523 3796 2584 Domine

2233 2614 2374 2670 Dens
2409 2612 2702 2668 :miserere
2733 2611 2859 2674 mei,
2893 2619 2946 2665 et
2968 2610 3184 2667 effunde
3216 2629 3378 2682 super
3417 2630 3504 2668 me
3538 2623 3590 2670 et
3633 2631 3794 2686 super

2233 2705 2536 2760 oblationes
2581 2704 2716 2758 istas
2763 2704 3112 2773 propositas,
3167 2705 3396 2774 gratiam
3455 2704 3689 2775 Spiritus
3717 2710 3792 2765 tui

2233 2798 2406 2854 sancti
2433 2815 2446 2850 :
2477 2804 2531 2849 et
2571 2794 2775 2848 munda
2805 2811 2890 2850 me
2917 2795 2985 2849 ab
3013 2795 3271 2850 omnibus
3301 2799 3531 2854 maculis
3566 2801 3788 2871 peccati,

2231 2899 2286 2946 et
2315 2889 2563 2944 eonforta
2595 2901 2682 2941 me
2712 2887 2779 2942 ad
2815 2885 3183 2943 ministerium
3216 2887 3323 2943 hoc
3355 2903 3554 2960 purum
3585 2897 3641 2947 et
3668 2907 3792 2947 san-

2231 2991 2397 3037 ctum.

2303 3073 2588 3129 Sacerdos.
2624 3070 2836 3126 Exaudi
2857 3086 2964 3136 me,
2988 3069 3235 3128 Domine.

2299 3164 2558 3232 Populus.
2583 3161 2746 3234 Kyrie
2775 3161 3002 3216 eleison.

2297 3255 2578 3312 Sacerdos.
2604 3254 2786 3324 Utper
2808 3254 3059 3324 illapsum
3085 3269 3244 3310 suum
3274 3255 3516 3310 exhibeat
3529 3257 3659 3328 (28),
3685 3275 3782 3328 pa.

2223 3366 2349 3407 nem
2377 3349 2599 3420 quidem
2636 3349 2800 3404 istum
2825 3387 2842 3415 ,
2882 3347 2923 3420 1-
2952 3362 3153 3419 corpus
3197 3356 3439 3404 sanetum
3477 3347 3517 3420 1-
3575 3350 3773 3406 Christi

2223 3443 2318 3500 Dei
2350 3441 2526 3498 nostri
2555 3439 2616 3512 1'.

2221 3592 2387 3662 faciat
2417 3598 2732 3662 usurpatur,
2776 3586 3343 3662 significationemque
3387 3589 3609 3662 alterius
3637 3591 3783 3647 vocis

2221 3659 2571 3718 determinat:
2601 3660 2749 3714 idem
2779 3659 2925 3713 enim
2955 3675 3054 3730 pro
3087 3659 3271 3724 misto,
3311 3661 3456 3730 quod
3489 3662 3629 3714 calix
3657 3676 3785 3715 con-

2219 3735 2376 3796 tinet,
2399 3731 2709 3801 postulatur
2749 3730 3096 3801 miraculum,
3130 3747 3193 3784 ae
3216 3747 3314 3801 pro
3343 3745 3483 3800 pane
3531 3732 3586 3785 in
3629 3732 3784 3786 altari

2218 3799 2546 3881 proposito:
2577 3810 2630 3881 et
2658 3799 2957 3881 sicilectus
2995 3816 3103 3881 non
3126 3799 3588 3881 alius_es_t.quatn
3615 3809 3671 3854 ut
3709 3803 3784 3856 si-

2219 3871 2436 3944 gnificet
2481 3871 2837 3944 designetque
2883 3871 3204 3940 sanguinem
3237 3871 3465 3934 Christi,
3521 3872 3624 3924 alia
3656 3887 3784 3944 voce

2218 3941 2297 3998 uti
2325 3941 2840 4010 debebantliturgize
2869 3951 3144 4005 auctores,
3165 3957 3327 4011 quam
3359 3957 3421 3996 ea
3445 3957 3565 4011 qua:
3595 3943 3784 4011 eﬂicere

2217 4015 2529 4087 significat._
2556 4011 2612 4087 Si
2655 4027 2782 4087 vere
2838 4011 3070 4066 eﬂieitur
3107 4027 3318 4087 merum
3359 4028 3503 4087 aqua
3536 4013 3777 4074 mistum,

2216 4081 2440 4154 sanguis
2473 4083 2699 4154 Christi,
2727 4096 2855 4154 vere
2899 4097 3117 4152 quoque
3146 4084 3303 4151 panis
3331 4081 3559 4137 eﬂicitur
3582 4098 3781 4153 corpus

2214 4151 2441 4212 Christi.
2485 4152 2674 4223 Itaque
2724 4151 2949 4206 dubium
3007 4151 3295 4222 superesse
3327 4155 3534 4210 nullum
3581 4151 3777 4222 potest.

2213 4228 2344 4296 quin
2377 4237 2607 4293 utraque
2636 4238 2776 4296 vox,
2796 4223 3038 4296 Adiversa:
3070 4224 3196 4296 licet
3231 4224 3458 4296 originis
3490 4231 3544 4276 et
3574 4233 3782 4296 etymo-

2213 4291 2386 4360 logite.
2419 4291 2610 4350 eodem
2641 4291 2948 4364 significatu
2976 4293 3292 4363 accipienda
3322 4291 3397 4348 iit
3420 4291 3780 4363 :quodetiam

2214 4369 2489 4422 variarum
2525 4363 2753 4419 aliarum
2798 4363 3144 4435 liturgiarum
3197 4379 3502 4420 consensus
3553 4364 3783 4419 demon-

2211 4445 2370 4492 strat.

2283 4507 2342 4561 In
2387 4505 2632 4560 Romana
2665 4503 2905 4560 editione
2954 4503 3130 4558 forma
3173 4502 3540 4559 lnvocationis
3571 4503 3786 4573 integra

2209 4578 2400 4634 relicta
2427 4584 2535 4641 est,
2572 4590 2637 4631 eo
2669 4577 2846 4630 solum
2887 4589 2917 4629 a
2947 4575 3232 4630 codicibus
3255 4590 3390 4630 mss.
3433 4576 3782 4639 discrimine,

2208 4649 2354 4719 quod
2382 4649 2437 4702 in
2458 4654 2688 4719 utraque
2718 4645 2962 4719 periodo,
2997 4653 3108 4698 tam
3136 4646 3208 4719 in_
3221 4661 3285 4700 ea
3309 4661 3434 4719 qua:
3467 4645 3536 4700 ad
3583 4660 3786 4719 panem

2209 4716 2440 4788 spectat.
2476 4732 2638 4786 quam
2671 4717 2728 4770 in
2759 4718 2954 4788 altera,
2996 4730 3117 4788 qua:
3145 4716 3212 4788 ad
3241 4717 3506 4788 calicem,
3537 4717 3789 4771 occurrit

2207 4786 2314 4845 vox
2343 4788 2530 4844 eadem
2560 4796 2705 4846 NTD.
2739 4793 2821 4840 An
2846 4786 2921 4840 ita
2944 4786 3236 4840 habuerint
3275 4786 3494 4840 codices
3534 4801 3670 4841 mss.
3706 4801 3785 4840 ex

2208 4858 2618 4930 quibuseditio
2641 4859 2785 4930 facta
2814 4865 2937 4930 est,
2954 4857 3138 4930 dicere
3177 4872 3287 4910 non
3339 4871 3636 4930 possumus
3668 4875 3680 4910 :
3725 4855 3786 4909 id

2208 4926 2387 4986 autem
2413 4928 2572 4984 facile
2597 4928 2873 4999 fuit.cum
2905 4926 3027 4999 Syri
3051 4934 3282 4999 utraque
3307 4926 3780 4999 voceindiﬂ'eren-

2205 5010 2292 5057 ter
2312 5001 2390 5055 uti
2421 5000 2651 5055 soleant.
2701 4998 2900 5054 Verum
2933 4996 2978 5054 si
3012 4996 3230 5069 quidem
3264 4997 3614 5069 emendandae
3659 4998 3784 5051 fue-

2207 5082 2337 5127 rnnt
2365 5072 2422 5126 in
2452 5070 2588 5125 locis
2613 5069 2738 5125 aliis
2762 5068 3128 5123 lnvocationis
3172 5068 3437 5132 formulae,
3469 5068 3523 5122 in
3557 5068 3687 5131 ista,
3718 5074 3782 5122 ut

2208 5143 2264 5196 in
2291 5141 2482 5197 Jacobi
2530 5139 2771 5208 Iiturgia,
2813 5139 2953 5194 idem
2997 5147 3116 5194 erat
3147 5138 3549 5193 observandum
3588 5157 3601 5194 :
3646 5153 3778 5192 nam

2205 5221 2462 5268 constare
2493 5211 2596 5267 sibi
2621 5209 2819 5266 debent
2858 5211 2912 5263 in
2941 5225 3000 5264 re
3034 5218 3142 5263 tam
3183 5211 3334 5279 gravi
3374 5225 3665 5263 censorum
3683 5209 3785 5278 ju-'

2205 5285 2368 5338 dicia.
2401 5282 2458 5336 Si
2485 5297 2604 5352 qua:
2631 5283 2683 5334 in
2709 5281 2920 5336 duabus
2943 5280 3054 5352 illis
3071 5279 3305 5349 liturgiis
3327 5281 3532 5352 intacta
3558 5289 3780 5352 servata

2203 5363 2306 5418 est,
2354 5350 2517 5407 omni
2550 5352 2755 5407 erroris
2803 5350 3117 5420 suspicione
3163 5359 3353 5404 caret:
3405 5350 3686 5404 sollicitari
3721 5357 3781 5404 et

2204 5424 2482 5479 immutari
2533 5423 2653 5476 alia:
2680 5438 2788 5477 non
2818 5419 3108 5487 debebant,
3142 5430 3236 5474 aut
3260 5429 3510 5490 utraque,
3542 5419 3633 5474 illa
3661 5435 3782 5489 pra:

2201 5497 2416 5549 caeteris
2445 5493 2676 5548 debebat
2705 5492 3004 5556 eritendari,
3034 5508 3098 5546 ea
3122 5491 3238 5561 ipsa
3274 5493 3505 5554 ratione,
3541 5507 3661 5562 quae
3689 5493 3780 5561 ip-

2204 5579 2341 5626 sam,
2377 5572 2434 5617 ut
2457 5565 2750 5618 verisimile
2780 5572 2884 5626 est,
2906 5579 2934 5615 a
2954 5577 3186 5617 censura
3217 5562 3484 5616 liberavit.
3508 5561 3641 5615 Nam
3673 5563 3779 5631 qui

2201 5651 2334 5688 voce
2347 5645 2477 5698 πεῖ,
2496 5649 2615 5703 qua:
2640 5637 2807 5688 ποιεῖν
2831 5635 3120 5703 signiﬁcat,
3145 5632 3335 5688 olfensi
3354 5641 3502 5694 sunt,
3541 5634 3778 5687 alterum

2201 5715 2304 5764 mn
2334 5746 2346 5766 .
2382 5705 2651 5769 ἀναδεῖξαι
2681 5706 2824 5758 aliud
2859 5705 3132 5774 quidpiam
3163 5704 3453 5773 signilirari
3479 5703 3776 5772 judieave—

2200 5788 2349 5843 runt,
2388 5777 2593 5832 scilicet
2645 5775 2938 5846 designare,
2995 5775 3385 5841 demonstrare,
3415 5785 3522 5830 etc.
3558 5776 3626 5829 At
3671 5778 3776 5844 qui
