4090 6288
369 336 462 396 701

437 454 691 526 Populus.
723 456 919 516 Amen.

434 545 712 604 Sacerdos.
738 548 805 604 Et
828 550 1050 608 mistum
1070 553 1216 625 quod
1241 563 1327 612 est
1354 556 1412 612 in
1434 557 1537 614 hoc
1549 556 1742 625 calice,
1758 555 1924 617 faciat

362 641 679 712 sanguinem
712 641 915 698 Christi
937 642 1033 700 Dei
1063 649 1260 707 nostri.

434 732 687 802 Populus.
717 734 912 793 Amen.

432 825 712 881 Sacerdos.
768 827 940 884 Nobis
971 838 1152 886 autem
1203 846 1301 902 per
1344 833 1561 889 illorum
1619 835 1924 906 susceptio-

360 932 508 981 nem,
537 916 630 972 det
662 920 874 976 veniam
895 921 1236 987 delictorum,
1270 927 1647 983 remissionem
1678 939 1924 1000 peccato-

362 1009 797 1074 rum,scientiam
827 1028 1009 1068 veram
1055 1013 1201 1077 ﬁdei,
1252 1017 1539 1088 zelumque
1593 1020 1919 1077 laudabilem

360 1102 661 1172 religionis,
697 1110 748 1159 et
781 1105 1255 1176 participationem
1286 1109 1410 1166 vitae
1441 1119 1680 1169 aeternae.

430 1193 687 1264 Populus.
710 1196 900 1252 Amen.

430 1286 688 1343 Sacerdos
716 1289 1021 1347 inclinatus.
1051 1290 1149 1355 Da,
1182 1293 1431 1360 Domine,
1463 1294 1721 1352 Ecclesiae
1746 1304 1919 1365 mmet

360 1378 685 1448 praesulibus
728 1378 871 1449 ejus,
921 1389 977 1435 ut
1000 1382 1156 1450 juxta
1187 1386 1563 1456 praescriptum
1596 1387 1774 1459 legum
1804 1395 1918 1443 tua-

360 1484 481 1522 rum
509 1484 569 1524 se
597 1478 805 1540 gerant,
834 1473 1091 1531 omnibus
1105 1475 1299 1532 diebus
1324 1476 1447 1531 vita:
1465 1491 1598 1533 suae.

431 1558 657 1615 Elevans
708 1579 901 1622 vocem.
952 1563 1021 1619 Et
1056 1566 1248 1624 oculos
1293 1567 1693 1627 intelledtuales
1716 1569 1915 1628 mentis

360 1660 560 1729 nostrae
595 1654 858 1721 illuminat,
893 1655 1149 1722 Domine,
1178 1666 1238 1714 ut
1263 1662 1701 1731 contemplemur
1748 1662 1916 1718 mira-

359 1743 480 1797 cula
513 1744 685 1815 legum
720 1753 935 1803 tuarum
961 1749 1268 1815 divinarum
1301 1771 1314 1807 :
1350 1760 1455 1809 eta
1486 1753 1631 1824 lupis
1657 1755 1916 1825 spiritua-

1799 351 2148 410 LITURGIA.

1952 473 1998 530 Α
2096 465 2323 520 Elevans
2347 480 2541 520 vocem.
2576 462 2777 519 Eorum
2810 463 2904 535 qui
2937 461 3188 520 doctores
3224 464 3336 520 veri
3364 462 3587 522 fuerunt

3462 351 3590 408 λζ’οὲ

2030 556 2286 613 Ecclesia:
2328 564 2435 612 tuae
2479 563 2721 619 sanctae,
2754 563 2808 610 et
2861 569 2892 608 a
2921 555 3329 612 seductionibus
3379 558 3586 614 erroris

2026 661 2145 703 eam
2175 654 2578 711 converterunt,
2601 654 2656 701 et
2684 646 2800 702 vias
2828 653 3007 702 rectas
3047 644 3117 701 ad
3154 647 3317 702 vitam
3361 647 3586 704 immor-

2025 739 2209 804 talem,
2234 739 2310 792 illi
2340 739 2851 794 demonstraverunt
2876 757 2890 794 :
2923 748 3237 808 numeratos
3258 740 3423 812 igitur
3443 743 3582 800 inter

2024 830 2247 886 ordines
2295 845 2482 886 eorum
2517 830 2602 885 fac
2652 846 2775 895 nos,
2811 837 2872 885 ut
2896 846 3021 886 cum
3052 830 3161 887 illis
3189 838 3244 886 et
3272 831 3413 887 inter
3459 832 3582 891 illos

2024 920 2322 977 referamus
2349 921 2445 975 tibi
2467 922 2716 993 gloriam,
2746 928 2851 976 etc.

2093 1013 2348 1084 Populus.
2378 1012 2570 1070 Amen.

2092 1103 2351 1161 Sacerdos
2391 1105 2697 1159 inclinatus.
2731 1103 2987 1161 Miserere
3016 1113 3073 1161 et
3108 1120 3294 1176 parce,
3332 1104 3581 1173 Domine,
3612 1176 3613 1179 η

2023 1211 2118 1267 per
2152 1196 2256 1251 hoc
2305 1194 2659 1257 sacriﬁcium,
2693 1196 2948 1251 omnibus
2995 1195 3272 1251 defunctis
3307 1195 3578 1262 fidelibus.

2021 1289 2117 1361 qui
2152 1288 2362 1359 pridem
2397 1286 2792 1354 decubuerunt,
2821 1303 2946 1343 cum
2977 1303 3075 1359 spe
3102 1296 3217 1355 tua,
3248 1288 3307 1344 in
3339 1288 3445 1346 ﬁde
3491 1305 3582 1346 or-

2021 1380 2276 1435 thedoxa.

2089 1468 2314 1524 Elevans
2334 1484 2522 1524 vocem.
2539 1465 2740 1523 Omnes
2758 1465 3029 1537 aspiciens
3045 1481 3166 1521 cum
3185 1467 3578 1532 misericordia,

2019 1569 2278 1631 tanquam
2312 1557 2563 1615 conditor
2602 1558 2905 1612 animarum
2936 1564 2991 1612 et
3020 1572 3311 1629 corporum
3341 1558 3576 1614 illorum.

2019 1652 2281 1722 Acceptas
2310 1650 2473 1721 igitur
2496 1649 2635 1704 habe
2660 1648 2796 1704 istas
2819 1649 3145 1713 oblationes,
3196 1665 3318 1720 qua:
3344 1665 3442 1721 pro
3471 1649 3579 1705 illis

2019 1744 2117 1799 tibi
2139 1743 2483 1799 offeruntur:
2520 1747 2575 1796 et
2605 1747 2798 1812 praesta
2826 1740 2935 1795 illis
2975 1741 3119 1795 bona
3160 1741 3431 1811 promissa
3456 1740 3582 1797 dili-

360 1833 501 1891 libus
532 1837 844 1894 universum
875 1856 1090 1913 gregem
1132 1850 1283 1899 tuum
1318 1858 1585 1903 conserva
1611 1864 1629 1901 :t
1664 1854 1727 1902 et
1749 1848 1917 1904 simul
1945 1832 1997 1892 Β
2018 1835 2269 1906 Senum
2315 1832 2593 1889 Christum
2649 1839 2804 1887 ῑυυω
2832 1849 2848 1899 ;
2892 1846 2991 1901 Per
3018 1832 3210 1903 quem;
3233 1840 3287 1887 οι
3315 1846 3441 1888 cum
3469 1847 3580 1903 quo

358 1923 655 1982 referemus
682 1929 777 1984 tibi
805 1930 1035 2001 gloriam
1064 1942 1123 1988 et
1148 1932 1388 2001 laudem,
1420 1944 1529 1992 etc.

427 2015 682 2086 Populus.
705 2020 899 2077 Amen.

427 2109 688 2168 Sacerdos
726 2114 1034 2190 inclinatus.
1073 2116 1378 2184 Memento,
1435 2116 1682 2185 Domine,
1725 2131 1923 2174 eorum

354 2202 447 2270 qui
479 2203 733 2260 invocant
774 2212 828 2262 te
856 2223 980 2262 cum
1014 2208 1118 2265 ﬁde
1145 2226 1303 2275 vera,
1335 2218 1390 2267 et
1427 2211 1568 2267 bona
1614 2219 1916 2283 operantur

350 2296 573 2365 propter
598 2307 793 2349 nomen
823 2302 973 2349 tuum
1001 2305 1272 2381 sanctum.

429 2354 649 2436 Elevans
676 2401 870 2442 vocem.
900 2385 1102 2446 Omnes
1117 2363 1344 2461 .quoque
1367 2389 1607 2461 reliquos
1653 2354 1923 2447 orthodo—

2019 1925 2446 1989 Iniserieordiam
2475 1925 2736 1995 consequi
2786 1938 3090 1994 speramus,
3120 1931 3175 1980 et
3201 1924 3577 1981 remissionem

2015 2026 2364 2089 peccatorum
2401 2032 2520 2088 qum
2552 2026 2773 2089 propter
2794 2029 2918 2070 eum
2951 2021 3057 2085 est,
3091 2022 3147 2070 et
3179 2015 3339 2073 nobis
3366 2024 3419 2073 et
3447 2017 3573 2073 illis.

2091 2109 2343 2181 Populus.
2375 2108 2622 2176 Quietem
2651 2114 2871 2178 praesta.

2085 2203 2364 2259 Sacerdos.
2387 2201 2658 2273 PrOpitius
2687 2201 2852 2273 igitur
2878 2208 2999 2257 esto
3030 2200 3284 2257 omnibus
3317 2199 3578 2271 iniquita-

2014 2298 2160 2354 tibus
2186 2296 2391 2351 nostris
2446 2303 2500 2350 et
2542 2294 2783 2361 illorum,
2807 2292 3054 2360 Domine,
3081 2309 3254 2364 neque
3280 2294 3334 2348 in
3368 2309 3577 2348 memo-

2014 2392 2146 2443 riam
2182 2402 2403 2444 revoces
2430 2385 2661 2440 crimina
2709 2401 2830 2455 quas
2858 2400 2888 2440 a
2920 2384 3078 2441 nobis
3116 2392 3169 2440 et
3197 2384 3265 2439 ab
3287 2384 3394 2439 illis
3423 2399 3576 2437 com-

355 2486 454 2526 xos
475 2473 683 2529 auxilio
710 2483 804 2531 tuo
832 2478 1121 2548 adjuvans,
1148 2458 1400 2545 Domine,
1438 2458 1667 2539 benedic
1701 2499 1797 2540 eos
1818 2483 1915 2554 qui
2013 2482 2179 2538 missa
2204 2487 2363 2536 sunt:
2387 2494 2573 2533 verum
2596 2494 2723 2549 rege
2754 2477 2930 2532 nosin
2962 2477 3067 2532 hoc
3094 2458 3294 2531 saeculo
3316 2475 3518 2530 liberos
3540 2489 3571 2528 a

350 2562 545 2630 juvant
597 2563 895 2622 Ecclesiam
943 2578 1091 2625 tuam
1132 2582 1409 2630 sanctam:
1457 2583 1515 2629 ιιι
1555 2575 1623 2630 ab
1655 2575 1914 2632 omnibus
2007 2571 2235 2644 judiciis
2255 2581 2307 2626 et
2334 2570 2626 2641 angustiis,
2652 2576 2707 2624 et
2743 2568 2798 2623 in
2834 2569 3019 2623 futuro
3044 2566 3130 2622 fac
3162 2581 3264 2622 nos
3287 2565 3573 2636 pervenire

355 2654 693 2723 aloriliceris,
722 2673 845 2713 cum
882 2662 1159 2734 unigenito
1192 2664 1331 2721 Filio
1351 2674 1470 2732 tuo,
1502 2674 1559 2722 et
1583 2666 1790 2739 Spiritu
1818 2675 1927 2723 tuo.
2013 2664 2080 2718 ad
2114 2661 2600 2724 habitacularlucis,
2627 2658 2808 2731 gaudii
2832 2666 2886 2715 et
2915 2658 3119 2715 laetitia
3144 2678 3157 2713 :
3186 2666 3246 2712 ut
3270 2657 3359 2712 hic
3379 2666 3432 2712 et
3459 2657 3572 2712 illic

354 2755 564 2811 sancto,
592 2756 696 2806 etc.

421 2835 674 2905 Populus.
710 2839 903 2897 Amen.

423 2925 698 2984 Sacerdos.
763 2931 969 2990 Coerce
1023 2943 1077 2992 et
1127 2938 1283 2996 aufer
1338 2955 1369 2996 a
1426 2943 1605 3010 nobis,
1661 2942 1923 3011 Domine,

353 3032 563 3075 omnem
605 3030 925 3092 potestatem
959 3027 1237 3086 inimicam
1268 3043 1596 3105 pugnantem
1649 3036 1921 3095 adversus

351 3125 471 3166 llOS.

421 3202 646 3260 Elevans
675 3223 866 3264 vocem.
903 3209 967 3264 Et
986 3212 1240 3280 concede,
1264 3213 1510 3285 Domine,
1533 3219 1906 3276 liberationem

350 3295 642 3364 perfectam
694 3314 725 3353 a
779 3300 958 3367 bellis,
990 3306 1337 3372 tumultibus,
1383 3317 1438 3364 et
1478 3311 1884 3368 incursionibus

348 3388 725 3458 barbarorum,
750 3393 952 3462 populo
981 3401 1075 3449 tuo
1104 3395 1247 3453 fideli
1287 3417 1300 3454 :
1342 3407 1505 3471 atque
1532 3402 1586 3457 in
1620 3417 1772 3473 pace,
1787 3419 1919 3474 qua

347 3496 376 3532 a
408 3489 460 3537 te
489 3489 593 3549 est,
625 3497 887 3539 conserva
918 3500 1131 3543 omnem
1160 3505 1375 3561 gregem
1400 3500 1586 3549 tuum:
1620 3496 1908 3553 utassidue

346 3574 708 3641 gloriﬁcemus
758 3583 833 3640 te,
876 3579 1324 3654 unigenitumque
1373 3583 1570 3642 Filium
1622 3595 1810 3657 tuum,
1853 3598 1917 3645 et

348 3663 608 3735 Spiritum
637 3667 1073 3730 sanctissimum.

414 3754 669 3823 Populus.
701 3756 895 3812 Amen.

414 3840 668 3897 Sacerdos
712 3844 1014 3903 inclinatus.
1056 3848 1348 3920 Memento,
1404 3853 1651 3923 Domine,
1703 3865 1918 3915 sancta

345 3933 637 3990 Cenitricis
682 3934 779 3988 Dei
820 3935 1023 4006 Mariae,
1078 3950 1132 3997 et
1175 3953 1490 4002 sanctorum
1538 3950 1905 4021 apostolorum

345 4036 585 4089 tuorum,
620 4031 682 4080 ut
727 4025 890 4081 etiam
924 4028 1139 4088 illorum
1191 4034 1285 4106 qui
1314 4035 1457 4093 inter
1496 4053 1594 4096 eos
1635 4041 1907 4096 recenseri

345 4126 686 4173 meruerunt.

414 4209 639 4268 Elevans
667 4231 861 4273 vocem.
882 4215 992 4273 Nos
1017 4217 1179 4273 etiam
1202 4217 1421 4283 robora,
1448 4224 1509 4274 ut
1536 4218 1768 4290 gloriose
1782 4237 1913 4293 per-

346 4301 591 4359 ficiamur
611 4305 665 4362 in
696 4309 923 4364 scicntia
953 4324 1115 4377 vera,
1136 4320 1188 4365 et
1213 4310 1549 4365 conscientia
1575 4312 1787 4367 sincera
1817 4322 1906 4369 :ut

342 4407 406 4445 ea
428 4394 636 4451 ratione
665 4397 873 4453 similes
888 4397 1066 4454 effecti
1092 4398 1299 4455 sanctis
1321 4400 1451 4464 tuis,
1468 4403 1559 4470 qui
1578 4400 1677 4455 tibi
1693 4401 1902 4468 vivunt,

2013 2754 2395 2825 glorificemus,
2455 2752 2762 2817 laudemus,
2796 2766 3119 2807 veneremur
3150 2758 3202 2807 et
3245 2750 3571 2805 extollamus

2013 2860 2209 2900 nomen
2236 2852 2399 2899 tuum
2418 2842 2571 2899 valde
2586 2840 2963 2897 honorandum
3002 2847 3059 2896 et
3091 2839 3457 2903 benedictum,
3494 2839 3571 2894 si-

2010 2937 2234 3007 mulque
2256 2933 2472 2991 Durniai
2513 2932 2688 2991 nostri
2719 2930 2848 2990 Iesu
2881 2930 3109 2999 Christi,
3131 2939 3185 2988 et
3227 2929 3462 3003 Spiritus
3477 2928 3568 2985 alui

2012 3026 2207 3083 sancti.

2082 3117 2337 3187 Populus.
2377 3115 2558 3173 Sicut.

2082 3208 2361 3263 Sacerdos.
2395 3206 2529 3262 Pax.

2078 3299 2338 3371 Populus.
2374 3298 2582 3354 Etcum
2614 3295 2809 3366 spiritu
2840 3301 2961 3350 tuo.

2078 3392 2356 3449 Sacerdos.
2384 3390 2766 3448 Misericordiae
2796 3387 2890 3443 Dei
2916 3386 3043 3442 sint.

2077 3484 2273 3540 Postea
2301 3484 2500 3555 frangit
2528 3483 2760 3538 oblatam
2806 3489 2856 3535 et
2901 3481 3077 3552 signat
3123 3477 3298 3530 dicens
3322 3490 3341 3529 :
3376 3471 3566 3530 Credi-

2006 3589 2150 3629 mus.

2079 3665 2344 3722 Biaconas
2376 3665 2503 3719 dicit
2532 3662 2889 3721 Catholicam.

2125 3758 2382 3815 Sacerdos
2413 3757 2545 3812 dicit
2571 3758 2862 3813 orationem
2900 3761 3029 3808 ante
3052 3750 3214 3806 Pater
3234 3760 3441 3804 noster.

2072 3848 2332 3921 Princeps
2361 3865 2553 3920 magne
2579 3856 2634 3905 et
2664 3847 2823 3904 Pater
2852 3860 2978 3902 vere
3023 3843 3309 3913 utriusque
3354 3838 3563 3902 saeculi,
3645 3848 3649 3852 '

2004 3943 2251 4008 Domine,
2283 3942 2376 4017 qui
2405 3959 2506 3999 nos
2536 3959 2607 4021 ex
2627 3941 2811 3996 nihilo,
2837 3937 3095 4002 eduxisli,
3131 3942 3192 3990 ut
3211 3948 3479 3998 essemus,
3510 3938 3565 3987 ct

1973 4037 2121 4092 ivias
2152 4044 2327 4093 rectas
2350 4036 2575 4101 salutis,
2593 4051 2688 4106 per
2712 4033 2906 4089 Filium
2930 4040 3084 4087 tuum
3110 4029 3448 4101 unigenitum
3466 4026 3564 4081 do-

2004 4128 2165 4185 cuisti
2187 4143 2287 4183 nos
2321 4148 2334 4182 :
2367 4134 2424 4182 tu
2455 4140 2600 4180 nunc
2630 4126 2792 4180 etiam
2827 4140 2924 4194 per
2963 4122 3191 4192 gratiam
3233 4129 3382 4205 tuam
3413 4133 3571 4173 com-

2003 4217 2214 4289 patiens
2242 4213 2798 4283 nobiseum,Domine,
2833 4214 3112 4271 sanctifica
3141 4218 3351 4267 mentes
3378 4216 3432 4265 et
3460 4209 3573 4264 lin-

2002 4324 2137 4381 guas
2174 4317 2411 4374 nostras,
2444 4323 2508 4363 eo
2535 4307 2641 4363 line
2682 4315 2741 4362 ut
2784 4323 2917 4379 pure
2958 4308 3273 4362 invocemus
3306 4312 3361 4360 te
3393 4302 3571 4357 Deum

2001 4399 2213 4459 Patrem
2289 4403 2731 4474 omnipotentem,
2791 4410 3075 4465 sanctum,
3136 4387 3462 4467 oremusque
3508 4402 3570 4450 et

342 4495 395 4539 et
424 4487 565 4557 apud
596 4497 647 4545 te
673 4491 955 4560 custoditi,
1006 4508 1141 4548 cum
1178 4493 1293 4548 illis
1331 4492 1634 4551 referamus
1657 4494 1753 4550 tibi
1784 4496 1902 4567 glo—
1930 4524 1982 4580 Β
2003 4492 2284 4550 dicamus:
2319 4492 2478 4549 Pater
2502 4500 2687 4549 noster
2706 4492 2796 4562 qui
2819 4508 2878 4550 es
2909 4492 2966 4547 in
2998 4492 3171 4548 caelis.

344 4578 502 4645 riam,
534 4587 640 4637 etc.

410 4670 666 4741 Populus.
692 4674 887 4733 Amen.

411 4761 668 4821 Sacerdos
721 4769 1026 4826 inclinatus.
1061 4768 1352 4839 Memento,
1384 4772 1635 4838 Domine,
1676 4770 1905 4828 Patrum

340 4864 654 4913 sanctorum
704 4869 758 4915 et
800 4860 1115 4929 beatorum,
1159 4864 1252 4934 qui
1287 4863 1645 4935 spiritualiter
1674 4880 1776 4921 nos
1809 4880 1905 4935 ge-

340 4957 596 5015 nuerunt,
623 4949 1015 5025 educaverunt,
1036 4962 1093 5011 et
1121 4957 1401 5023 aluerunt,
1426 4957 1481 5012 in
1511 4941 1662 5013 δωτίιί
1705 4959 1909 5016 timere

340 5033 458 5092 Dei.

340 5215 735 5295 Eucharistiam
755 5220 867 5295 jam
897 5232 1290 5295 consecratam,
1345 5239 1544 5295 corpus
1575 5232 1629 5281 et
1679 5224 1900 5295 sangui-

341 5304 465 5345 nem
509 5289 718 5364 Christi
747 5291 1032 5364 designare
1071 5294 1224 5357 dicit,
1259 5302 1407 5349 errat
1442 5289 1616 5364 longe
1658 5289 1898 5352 deterius

338 5374 405 5432 eo
431 5358 535 5432 qui
555 5375 719 5429 super
738 5358 891 5416 duna'
913 5364 1205 5432 proposita,
1226 5365 1410 5421 verbis
1431 5358 1634 5419 Christi
1653 5380 1682 5418 a
1712 5381 1898 5421 sacer-

339 5429 598 5505 dote_ri_t_e
621 5429 1025 5505 pronuntiatis
1046 5443 1363 5490 consecrata
1391 5474 1406 5498 ,
1453 5436 1701 5490 invocari
1739 5450 1897 5505 posse

339 5498 512 5576 credit
541 5498 800 5576 Spiritum
834 5511 1109 5576 sanctum,
1133 5513 1193 5558 ut
1232 5506 1425 5576 illapsu
1461 5520 1563 5560 suo
1580 5498 1894 5576 mysterium

342 5570 515 5645 plena.
528 5572 958 5645 sanctificatione
978 5574 1279 5628 confirmet.
1314 5570 1498 5643 Neque
1533 5570 1773 5629 invocari
1801 5591 1896 5645 po-

340 5637 448 5714 test
483 5637 716 5709 Spiritus
738 5650 987 5709 sanctus,
1011 5649 1105 5697 aut
1132 5644 1276 5699 illius
1309 5637 1500 5714 illapsu
1526 5653 1580 5698 et
1602 5637 1896 5714 obumbra-

340 5710 487 5764 tione
534 5726 671 5784 opus
696 5721 799 5773 est.
835 5724 895 5765 ut
917 5715 1071 5782 panis
1090 5722 1144 5769 et
1162 5714 1344 5769 vinum
1372 5710 1673 5784 signiﬁcent
1695 5711 1894 5784 corpus

341 5783 731 5852 ctsanguincm
763 5783 986 5842 Christi.
1018 5784 1150 5840 Nam
1167 5784 1391 5856 mystica
1418 5783 1528 5842 haec
1551 5785 1893 5842 adumbratio

2076 4585 2328 4655 Populus.
2367 4584 2766 4643 Sanctiﬁcetur.

2074 4678 2353 4735 Sacerdos.
2392 4677 2618 4749 Semper
2632 4686 2752 4736 esto
2775 4683 3052 4731 armatura
3079 4680 3287 4736 nostra,
3304 4669 3562 4729 Domine:

2003 4770 2312 4832 auxiliator.
2342 4778 2395 4826 et
2416 4770 2660 4840 adjutor;
2682 4775 2737 4825 et
2768 4784 2798 4823 a
2828 4766 3222 4824 tentationibus
3260 4780 3562 4835 praeserva-

2003 4871 2090 4918 tur
2134 4873 2188 4921 et
2231 4864 2489 4919 liberator
2524 4862 2706 4933 s-quia
2751 4868 2903 4915 tuum
2951 4865 3038 4915 est
3082 4874 3332 4930 regnum,
3369 4864 3425 4913 et
3462 4873 3560 4929 po-

2002 4964 2170 5011 testas
2203 4964 2258 5011 et
2289 4956 2428 5020 laus,
2485 4952 2856 5027 unigenitique
2896 4948 3029 5006 Filii
3072 4951 3175 5017 tui,
3219 4958 3273 5008 et
3320 4949 3563 5024 Spiritus

2000 5049 2098 5112 tui,
2123 5056 2233 5104 etc.
3214 5060 3218 5068 '

2003 5226 2187 5282 statim
2213 5222 2281 5277 ah
2309 5223 2467 5278 initio
2488 5221 2741 5293 liturgiaa,
2776 5221 2936 5293 etiam
2962 5220 3016 5276 in
3050 5219 3435 5293 praeparatoria
3462 5234 3556 5273 ac-

1999 5299 2282 5363 tione,per
2320 5300 2513 5364 preces
2537 5301 2591 5348 et
2619 5291 2971 5364 caeremonias
3000 5291 3553 5364 satis__s_ignilicatur:

2000 5375 2063 5421 ut
2110 5358 2232 5418 cuin
2265 5358 2421 5432 panis
2451 5363 2519 5418 ad
2541 5364 2710 5417 altare
2754 5363 3006 5425 infertur,
3038 5371 3092 5418 et
3116 5358 3314 5432 dicitur
3343 5379 3383 5432 :__
3413 5358 3557 5412 Tan-

2031 5452 2155 5489 nam
2178 5428 2285 5488 ovis
2308 5434 2377 5487 ad
2397 5435 2707 5489 occisionem
2729 5433 2917 5488 ductus
2947 5441 3024 5486 est
3045 5448 3064 5486 :
3102 5441 3157 5487 et
3184 5430 3251 5484 ad
3283 5428 3505 5483 calicem
3536 5445 3557 5484 :

2051 5523 2153 5579 nus
2172 5505 2401 5579 militum
2433 5504 2615 5558 lancea
2631 5504 2771 5557 latus
2797 5504 2911 5573 ejus
2938 5499 3373 5579 aperuitietalia
3400 5497 3555 5579 simi-

1998 5576 2088 5639 lia,
2124 5575 2326 5630 dudum
2355 5584 2479 5629 ante
2509 5591 2670 5645 quam
2696 5567 3118 5643 pronuntientur
3142 5568 3344 5624 Christi
3363 5567 3552 5622 verba.

1996 5645 2131 5705 Tota
2181 5646 2288 5719 imo
2309 5645 2550 5719 liturgia:
2575 5651 2770 5719 series
2802 5659 2868 5719 eo
2919 5647 3158 5719 spectat,
3192 5652 3314 5719 cum
3347 5651 3555 5719 repra-

1996 5716 2230 5770 senlatio
2276 5716 2347 5770 sit
2377 5707 2541 5772 totius
2575 5715 2825 5771 humanae
2855 5707 3026 5780 ipsius
3054 5708 3109 5764 in
3144 5707 3306 5763 terris
3329 5707 3560 5777 dispctsv

1997 5787 2241 5842 saliunis.
