4090 6288
567 384 671 439 ms
1411 376 1471 432 s.
1508 330 1950 437 nusrnums
1987 366 2476 429 ANTIOCHENUS
2513 327 2910 421 EPISCOPUS.
3697 355 3810 410 ποι

638 496 896 570 Populus.
925 495 1116 552 Amen.
2159 498 2204 552 Α
2235 483 2613 558 spiritualibus
2629 479 2930 537 divinitatis
2954 484 3080 533 tuae.
3099 475 3302 570 Prgsta
3324 490 3425 532 nos
3453 471 3809 547 igitur'inco-

544 606 549 610 ·
642 567 919 645 Sacerdos.
943 584 1075 639 Pax.
2236 580 2410 634 lumes
2433 577 2502 631 ab
2533 576 2656 646 igne
2681 573 2775 628 illo
2815 569 3269 640 inexstinguibili.
3300 583 3397 640 per
3429 567 3580 625 istud
3612 571 3810 624 convi-

639 680 892 749 Populus.
930 679 994 732 Et
1024 693 1148 733 cum
1172 676 1369 748 spiritu
1400 683 1513 731 tuo.
2236 672 2381 725 vium
2408 688 2421 724 :
2444 676 2499 723 et.
2527 667 2827 722 referemus
2848 664 2944 719 tibi
2974 661 3226 734 gloriam,
3255 667 3362 717 etc.

637 771 928 827 Diaconus.
960 768 1245 823 inclinate.
2305 759 2562 828 Populus.
2589 756 2781 811 Amen.

638 862 875 931 Populus
926 860 1125 915 Coram
1158 860 1231 921 te;
1268 854 1494 912 Domine
2305 848 2585 906 Sacerdos.
2608 847 2742 905 Pax.

640 953 923 1009 Sacerdos.
955 950 1263 1005 'Adorande
1293 948 1385 1020 qui
1413 957 1495 1003 ter
1527 945 1796 1007 adoraris,
1845 955 1899 999 et
1943 950 2134 999 sancte
2302 940 2559 1005 Populus.
2593 936 2657 989 Et
2687 950 2812 989 cum
2835 932 3030 1004 spiritu
3057 939 3172 987 tuo.

571 1046 913 1117 gloriiicaris,
947 1042 1222 1100 sanctifica
1241 1084 1256 1109 ,
1294 1039 1551 1102 Domine,
1580 1037 1791 1092 animas
1818 1044 1872 1090 et
1902 1050 2134 1104 corpora
2305 1027 2601 1083 Diacsnus.
2634 1023 2811 1080 Post..

550 1109 878 1207 corum'qui
921 1151 1099 1191 coram
1144 1142 1197 1190 te
1226 1131 1469 1188 inclinati
1516 1139 1665 1193 sunt,
1701 1138 1761 1183 ut
1804 1135 1993 1185 sancte
2019 1142 2137 1199 my-
2306 1118 2583 1175 Sacerdos.
2615 1117 2860 1179 Domine,
2890 1113 3109 1171 custodi
3154 1112 3413 1207 populum
3463 1120 3615 1164 tuum
3672 1109 3808 1163 liue-

554 1228 756 1285 stetiLs
801 1204 921 1282 istis
937 1224 1438 1289 communicemus,
1464 1229 1520 1277 et
1550 1219 1853 1276 referemus
1886 1218 1984 1274 tibi
2018 1218 2136 1290 glo-
2235 1213 2361 1274 lem,
2390 1218 2445 1267 et
2479 1211 2626 1267 salva
2656 1225 2754 1265 nos
2781 1222 2975 1263 omnes
3001 1208 3070 1261 ab
3101 1204 3251 1260 omni
3280 1204 3478 1285 timore
3514 1211 3568 1256 et
3601 1208 3808 1256 tremo-

571 1321 732 1377 riam.
765 1328 872 1376 etc.
940 1336 961 1346 ··
1016 1338 1022 1345 ι
1110 1358 1113 1361 ς
1476 1338 1479 1343 ·
2222 1308 2299 1359 ‘re
2319 1323 2334 1359 :
2356 1302 2917 1372 tranquillitatemque
2941 1307 2997 1355 et
3024 1311 3210 1369 pacem
3239 1294 3478 1350 concede
3498 1293 3655 1348 nobis
3683 1308 3805 1347 om-

642 1409 901 1476 l’opulus.
934 1408 1127 1464 Amen.
2237 1394 2418 1458 nibus,
2450 1391 2960 1462 benedictionesque
3007 1390 3201 1451 bonas,
3249 1386 3447 1459 gaudia
3480 1393 3536 1442 et
3560 1388 3804 1442 exsulta-

643 1480 922 1555 Sacerdos.
957 1497 1341 1555 Misericordia
1363 1494 1463 1552 Dei
1477 1496 1607 1551 sint.
2236 1484 2440 1539 tionem
2474 1501 2488 1536 :
2522 1493 2580 1537 ut
2608 1498 2705 1552 pro
2735 1482 2990 1536 omnibus
3020 1479 3391 1535 retribuamus
3418 1479 3515 1532 tibi
3550 1480 3800 1549 gloriam.

645 1590 936 1646 Diaconus.
963 1589 1352 1661 Unusquisque
1379 1602 1504 1643 cum
1534 1587 1751 1641 timore.
2238 1577 2474 1638 laudem,
2516 1566 2895 1629 exultationem
2932 1579 2986 1627 et
3017 1571 3314 1642 gratiarum
3340 1570 3632 1632 actionem,
3664 1569 3806 1625 Deo-

647 1679 935 1739 Sacerdos;
961 1660 1158 1736 Sancta
1193 1673 1445 1737 sanctis.'
2237 1680 2345 1741 que
2386 1667 2531 1721 Patri
2592 1664 2827 1739 genitori
2877 1671 3011 1729 tuo,
3071 1673 3130 1721 et
3175 1660 3401 1735 Spiritui
3447 1668 3545 1718 tuo
3588 1669 3798 1728 sancto,

648 1773 907 1841 Populus.
939 1772 1093 1829 Unus
1115 1771 1278 1828 Pater
1311 1781 1556 1834 sanctus,
1575 1776 1682 1824 etc.
2161 1836 2195 1841 λ
2241 1774 2408 1820 nunc,
2440 1770 2547 1815 etc.

683 1836 939 1923 sacerdos
981 1865 1108 1917 dicit
1140 1864 1430 1936 orationem
1453 1863 1752 1933 gratiarum
1785 1856 2028 1911 actionis.
2161 1836 2226 1897 B~
2310 1852 2563 1921 Populus.
2592 1850 2782 1905 Amen.

563 1980 569 1985 ν
648 1945 1131 2013 Οιιιηθωιιιίιάετη
1180 1954 1602 2015 indeiicientem,
1653 1951 1840 2022 gratiae
1899 1960 2004 2002 tute
2052 1946 2140 2000 in-
2306 1943 2595 1998 Diaconus.
2628 1939 2881 2003 Benedic,
2903 1936 3154 1994 Domine.
3198 1968 3203 1973 ~

577 2038 869 2110 enarrabili
902 2047 1198 2107 oderimus,
1226 2047 1447 2100 ﬂamine
1467 2062 1481 2099 :
1500 2044 1592 2114 qui
1617 2058 1712 2114 per
1734 2040 2135 2109 susceptionem
2305 2035 2584 2091 Sacerdos.
2619 2033 2849 2087 Benedic
2878 2032 3037 2087 nobis
3068 2030 3344 2087 omnibus.

580 2141 742 2210 lsujus
784 2139 1027 2210 mysterii
1072 2137 1396 2192 illuminasti
1451 2137 1676 2190 animas.»
1696 2141 1913 2189 nostras
1965 2129 2153 2185 radiis.
2262 2139 2266 2142 ’
2301 2127 2592 2184 Diaconos.
2629 2124 2952 2180 Benedicam
2980 2124 3294 2181 Dominum.

1557 2329 1605 2339 φ...
1699 2328 1818 2336 αντ-..-
1836 2326 2135 2337 η-σ-..νκο--ο--ς-
2159 2325 2262 2333 ...ρ-ο.
2290 2327 2441 2332 ν--νν-ν
2504 2325 2545 2331 εγ.
2560 2323 2854 2332 ι--η--ο-ι-

605 2352 706 2376 λιά
792 2352 2046 2375 W-W’

1851 2520 2540 2678 SPURIA
2678 2708 2683 2715 ,

1174 2330 1556 2343 ..—_._——-—

2860 2321 3263 2340 ’Ἦσ-

3279 2320 3709 2341 W""

3555 2342 3781 2362 an“

2050 2349 3526 2375 W

766 2970 869 3122 s.
908 2980 913 2985 ’
956 2862 1604 3172 nutriti
1645 2965 2555 3171 illlllllENl‘AlilUSi
2625 2965 2761 3121 1N
2838 2961 3601 3120 llEXllllllllllN

649 3259 836 3327 (Edidit
865 3261 966 3311 Leo
992 3262 1241 3323 Αιιιτιυε,
1260 3260 1489 3326 Lugduni
1514 3261 1804 3330 1629,.in-4.
1836 3263 2002 3330 Eidem
2029 3262 2260 3330 volumini
2304 3260 2436 3310 inest
2456 3256 2699 3330 Eustatnii
2726 3262 2900 3330 Contra
2923 3256 3178 3325 Origenem
3202 3259 3272 3310 De
3292 3255 3649 3324 manuthwa
3675 3254 3797 3308 Dis—

1521 3323 1718 3386 putatio,
1743 3336 1887 3384 quam
1906 3327 2092 3387 primus
2114 3325 2163 3372 in
2188 3327 2348 3372 lucem
2373 3324 2576 3386 protulit
2596 3323 2860 3383 Alienus)-

1912 3596 2466 3716 LECTORI.

655 3773 1376 3858 Eusta'tbius,'Antiochenze
1407 3786 1664 3844 Ecclesiae
1692 3802 1939 3844 summus
1980 3788 2229 3852 antistes,
2263 3786 2422 3857 cujus
2462 3786 2603 3857 apud
2643 3794 2856 3843 veteres
2884 3789 3103 3859 copiosa
3153 3796 3209 3843 et
3237 3788 3534 3844 honorifica
3566 3784 3798 3848 mentio,

582 3880 987 3938 eamdem'cum
1020 3883 1142 3939 aliis
1172 3882 1351 3953 magni
1397 3882 1633 3937 nominis
1665 3881 2049 3951 scriptoribus,
2081 3882 2320 3951 iniquam
2365 3878 2757 3951 adversamque
2800 3880 3071 3935 furtunam
3099 3890 3355 3951 expertus
3376 3891 3477 3938 est.
3511 3881 3641 3948 Quae
3665 3880 3811 3933 enim

587 3969 705 4041 ipse
738 3968 1220 4044 maximisivigiliis
1253 3986 1556 4043 magnaque
1576 3972 1856 4042 diligentia
1891 3971 1947 4025 in
1977 3969 2536 4025 catholicae-veritatis
2563 3978 2967 4040 oppugnatores
3000 3980 3352 4026 monumenta
3382 3972 3695 4042 reliquerat,
3730 3968 3813 4024 vel

587 4061 853 4119 bonorum
885 4067 1114 4140 incuria,
1146 4068 1352 4120 utinam
1387 4081 1494 4120 non
1528 4066 1793 4119 malorum
1827 4064 2285 4131 inimicorumque
2305 4062 2586 4116 hominum
2620 4064 2800 4117 studio
2841 4063 3164 4136 frandeque!
3200 4064 3491 4129 interiere;
3524 4065 3605 4117 vel
3637 4071 3811 4117 tractu

588 4151 710 4222 ipso
741 4154 1021 4222 temporis,
1046 4165 1099 4210 et
1125 4170 1305 4210 rerum
1344 4154 1700 4208 humanarum
1732 4156 1947 4226 ingenio
1984 4160 2111 4208 sunt
2139 4154 2444 4221 absumpta.
2479 4150 2689 4222 Saepius
2730 4154 2962 4225 legeram
2994 4156 3048 4209 in
3093 4157 3441 4226 antiquorum
3476 4164 3809 4210 commenta-

588 4243 690 4299 riis
719 4243 1055 4301 Eustatltium
1092 4246 1253 4308 hunc.
1289 4247 1460 4302 divite
1484 4246 1771 4301 verborum
1802 4263 1866 4303 ac
1891 4246 2282 4302 sententiarum
2314 4247 2495 4315 cepia.
2526 4246 2870 4316 elegantique
2898 4245 3222 4301 eruditionis
3251 4248 3513 4302 varietate
3534 4246 3601 4300 ad
3633 4263 3817 4303 amus-

588 4335 693 4391 sim
722 4337 983 4406 perfecta,
1012 4349 1172 4408 atque
1194 4337 1261 4392 ad
1293 4354 1562 4393 summum
1594 4339 1865 4402 absoluta,
1891 4353 2064 4408 eaque
2096 4337 2150 4390 in
2172 4352 2367 4407 magno
2393 4352 2620 4392 numero
2649 4339 2851 4408 scripta
2876 4339 3244 4397 elucubrasse.
3288 4341 3482 4407 Quaero
3525 4341 3735 4396 avidius
3767 4340 3815 4396 si

588 4429 718 4499 quid
745 4430 936 4499 reliqui
963 4439 1067 4492 est,
1100 4445 1223 4483 nam
1253 4430 1432 4483 omnia
1456 4441 1771 4500 exspectare
1785 4430 2103 4499 desipientis
2126 4444 2248 4483 esse
2264 4427 2596 4498 judicabant.
2630 4428 2884 4484 Refertur
2912 4447 2940 4485 a
2972 4433 3410 4502 prudentissimis
3438 4434 3591 4497 viris,
3618 4449 3813 4489 nomen

587 4524 802 4573 tantum
836 4536 1145 4591 superesse.
1180 4530 1529 4577 monumenta
1572 4523 1845 4578 excidisse
1876 4523 2084 4576 omnia.
2119 4520 2352 4579 indolui.
2378 4521 2519 4588 Quid
2552 4523 2695 4576 enim
2739 4522 3018 4580 facerem?
3047 4524 3364 4597 Magnorqu
3395 4535 3681 4581 auctorum
3706 4526 3819 4581 rui-

589 4624 692 4665 nas
720 4626 826 4664 non
860 4612 978 4665 sine
1007 4613 1194 4668 dolore
1243 4614 1532 4669 miseratus
1564 4628 1706 4668 sum.
1740 4617 1808 4667 At
1846 4628 2122 4686 praesagus
2163 4614 2381 4669 animus
2432 4606 2608 4683 magis
2642 4617 2925 4685 magisque
2962 4617 3164 4687 inopia,
3203 4634 3302 4673 ceu
3352 4608 3590 4689 quodam
3623 4619 3822 4673 incita-

589 4709 775 4754 mento
798 4717 1061 4758 accensus
1095 4705 1273 4774 sagaci
1308 4704 1540 4774 quadam
1565 4704 1888 4781 curiositate
1903 4705 2085 4757 omnia
2111 4702 2496 4773 pet'lustrabat,
2517 4708 2559 4755 si
2586 4703 2720 4773 quid
2753 4707 2886 4757 tanti
2922 4706 3022 4760 viri
3047 4707 3366 4762 oil‘enderet.
3400 4706 3581 4774 Quare
3608 4707 3820 4775 impen-

590 4793 708 4847 sius
745 4797 1146 4867 manuscriptos
1172 4797 1410 4857 codices.
1441 4812 1565 4851 cum
1608 4797 1797 4851 liceret
1819 4796 2155 4860 evolvebam,
2199 4795 2578 4865 agitabantque
2620 4797 2905 4851 intentius.
2942 4795 3053 4851 Nec
3084 4812 3209 4868 spes
3239 4797 3305 4851 ad
3348 4797 3563 4852 irritqu
3596 4794 3816 4851 cecidit.

595 4880 761 4940 Forte
792 4887 935 4940 enim
963 4888 1088 4943 dum
1112 4886 1297 4944 Roma:
1327 4889 1709 4944 bibliothecam
1749 4889 2036 4959 quamdam
2064 4889 2349 4952 librorum,
2373 4896 2426 4943 et
2452 4890 2594 4959 typis
2616 4888 2910 4953 editorum,
2934 4897 2989 4943 et
3020 4891 3515 4960 manuscriptorum
3542 4889 3691 4945 omni
3718 4904 3813 4960 ge-

586 4991 719 5032 nere
763 4979 1175 5036 refertissimam
1218 4983 1381 5036 amici
1409 4982 1695 5049 cujus-dam
1745 4982 2010 5037 beneﬂcio
2040 4983 2256 5038 videndi
2286 4982 2459 5052 gratia
2491 4982 2648 5045 adeo,
2686 4980 2740 5036 in
2768 4983 2887 5053 ipso
2921 4984 3193 5051 ingressu,
3228 4981 3374 5035 dolet
3421 4996 3654 5051 namque
3685 4980 3815 5035 dum

588 5078 802 5138 tempus
833 5070 945 5123 abit
985 5072 1154 5133 iners,
1192 5074 1329 5128 libro
1362 5075 1519 5128 obvio
1549 5090 1656 5129 non
1696 5075 1889 5144 grandi
1922 5076 2198 5132 volumine
2229 5092 2425 5131 manus
2465 5076 2675 5145 injicio,
2714 5075 2927 5145 aperio,
2954 5074 3109 5145 lego;
3137 5090 3259 5144 quae
3299 5074 3477 5144 primo
3524 5068 3820 5128 occurrere

588 5174 696 5214 non
738 5158 1048 5229 displicent.
1097 5161 1436 5234 Proscquor;
1471 5164 1792 5220 diffunditur
1833 5183 2008 5230 mens,
2043 5168 2259 5223 animus
2297 5168 2547 5238 erigitur,
2578 5174 2633 5221 et
2668 5181 2830 5221 aures
2877 5167 3134 5222 dictionis
3164 5182 3320 5229 sono,
3352 5167 3511 5236 quasi
3544 5167 3821 5236 voluptate

588 5253 900 5315 t.ti|lautes,
942 5252 1302 5308 obiectantur.
1336 5253 1481 5309 Nihil
1507 5257 1568 5311 in
1604 5273 1669 5313 eo
1697 5259 1908 5322 tritum,
1946 5259 2082 5314 nihil
2107 5259 2349 5328 vulgare,
2396 5273 2579 5312 rerum
2609 5257 2772 5311 etiam
2810 5257 3053 5327 ipsarum
3082 5257 3337 5312 materies
3367 5256 3548 5310 ciebat
3582 5254 3847 5329 aditura--

591 5344 813 5417 tionem.
849 5343 1096 5401 Recurro
1121 5346 1187 5400 ad
1218 5346 1449 5401 frontem
1493 5348 1638 5412 libri,
1670 5360 1948 5405 auctorem
1976 5351 2262 5420 perquiro;
2299 5359 2385 5417 et,
2407 5366 2440 5404 ο
2476 5350 2656 5404 laetum
2698 5351 2971 5411 nuntium,
3004 5363 3038 5402 ο
3082 5349 3413 5403 fortunatum
3457 5348 3699 5407 diem,‘o
3728 5349 3817 5404 in-

593 5444 871 5504 aperatum
907 5437 1195 5509 gaudium!
1233 5438 1426 5493 titulus
1455 5437 1544 5493 hic
1572 5448 1732 5494 erat:
1765 5441 2061 5496 Εὐσταθίου
2094 5444 2208 5513 ἀρχι

2205 5442 2525 5495 ιεπισκόπου
2566 5439 2894 5509 Ἀντιοχείας
2918 5423 3000 5504 si;
3028 5438 3125 5510 τὴν
3170 5439 3475 5512 ὲξαήμερον
3505 5439 3820 5511 ὑπόμνημα

593 5525 735 5579 πάνυ
765 5527 1097 5600 Θαυμαάτόν.
1130 5528 1230 5583 Diu
1255 5529 1467 5585 btereas
1491 5530 1730 5595 substiti,
1761 5532 2040 5603 inopinato
2070 5532 2275 5590 eventu
2297 5533 2604 5604 perculsus,
2633 5533 2850 5586 tandem
2886 5531 2952 5585 ad
2982 5532 3140 5587 linem
3164 5531 3287 5585 libri
3312 5546 3565 5601 propero,
3599 5532 3644 5587 si
3680 5531 3820 5585 forte

595 5621 779 5674 omnia
813 5629 998 5676 essent
1032 5620 1322 5677 Eustathii.
1353 5620 1552 5677 Praeter
1576 5622 1722 5677 hunc
1745 5633 2059 5691 tractatum,
2088 5636 2282 5681 cetera
2311 5626 2551 5679 aliorum.
2586 5640 2707 5680 esse
2738 5625 3001 5694 comperi,
3025 5640 3147 5695 qua!
3193 5625 3248 5678 in
3281 5639 3347 5678 eo
3377 5625 3656 5681 volumine
3685 5639 3821 5679 cor-

597 5709 931 5765 tincbantur.
964 5711 1207 5785 Exiguus
1241 5722 1402 5785 potus
1438 5715 1583 5770 sitim
1618 5716 1775 5771 valde
1803 5718 2059 5782 sitientis,
2093 5733 2205 5773 non
2240 5718 2525 5778 exstinxit,
2561 5717 2656 5772 sed
2704 5718 2875 5771 auxit.
2912 5716 3003 5771 Sic
3043 5718 3086 5772 si
3119 5717 3398 5787 paululum
3435 5734 3588 5788 aqua:
3622 5733 3821 5789 magno

599 5798 709 5867 igni
740 5799 1013 5868 infundas,
1052 5807 1315 5864 acceudcs
1363 5824 1486 5864 cum
1519 5807 1700 5874 potius
1751 5825 1911 5874 quam
1956 5813 2290 5876 exstingues.
2324 5811 2582 5876 Quamvis
2610 5811 2792 5877 itaque
2826 5827 3005 5869 meum
3042 5807 3373 5867 desiderium
3409 5824 3517 5866 non
3561 5806 3814 5886 explerit,
