4090 6288
305 368 418 424 ’105
1249 374 1520 434 SPURIA.
1549 379 1997 436 —COMMENT.
2035 378 2100 435 IN
2137 379 2609 436 HEXAEMERON
3451 383 3552 440 706

303 489 510 546 lenivit
542 497 752 556 tamen,
793 502 847 550 et
868 492 996 548 dum
1033 499 1214 547 metuo
1243 509 1425 549 moras
1455 494 1738 550 celerrime
1767 510 1868 550 nec
1890 496 2059 550 invito
2093 495 2339 558 custode,
2369 496 2655 564 exscriho;
2683 495 2858 567 deque
2887 497 3031 553 illius
3057 497 3112 553 in
3139 498 3375 568 linguam
3409 497 3557 554 Lati-

305 595 442 636 nam
491 585 754 639 versione
793 585 992 654 cogito.
1038 582 1246 638 Interea
1285 585 1340 638 in
1389 585 1511 640 aliis
1537 586 1700 640 etiam
1728 573 2071 642 bibliothecis
2109 587 2429 657 perquirens
2459 587 2599 642 idem
2640 604 2776 658 opus
2805 589 2978 644 eidem
3012 591 3218 644 auctori
3254 590 3554 660 ascriptum

302 675 525 736 inveni.
559 687 618 731 et
665 678 717 731 in
748 679 913 731 totius
945 678 1093 734 orbis
1126 687 1392 732 terrarum
1441 679 1864 734 instructissima
1895 695 1957 734 ac
2008 682 2355 736 celeberrima
2393 682 2720 737 bibliotheca
2769 685 3045 749 Vaticana,
3088 700 3296 738 necnon
3331 686 3557 741 nobilis-

301 768 453 822 sima
488 767 850 825 Vallicellaua
885 770 1096 836 Romae;
1131 780 1185 826 et
1214 787 1336 826 cum
1370 772 1755 830 bibliothecam
1810 772 2109 827 Palatinam
2144 773 2371 828 Romam
2415 776 2758 838 adveherent.
2791 777 3059 832 Monachii
3097 780 3149 832 in
3184 780 3554 834 iIIuS'rissima

301 857 611 913 Bavarica.
647 860 826 926 Quare
856 867 908 914 et
940 862 1241 930 promptior
1274 861 1516 916 laborem
1553 864 1857 932 amplexus,
1890 873 2120 918 conatus
2149 880 2266 918 sum
2295 865 2361 919 de
2393 867 2668 935 republica
2702 868 2962 922 litterario
3003 871 3150 924 hene-
3169 872 3384 926 mereri.

377 951 714 1006 lnstitutum
753 967 931 1005 meum
982 953 1103 1014 fuit.
1137 962 1369 1008 mentem
1400 969 1464 1008 ac
1499 956 1823 1009 sententiam
1860 957 2123 1018 auctoris.
2163 956 2505 1024 simpliciter,
2557 957 2785 1012 ﬁdeliter
2813 975 2876 1012 ac
2916 960 3201 1029 perspicue
3231 960 3550 1024 transferre,

302 1046 476 1122 quod.
500 1047 742 1115 primum
786 1047 1225 1116 praecipuumque
1255 1060 1454 1099 munus
1483 1061 1606 1100 esse
1645 1047 1958 1117 interpretis
1993 1063 2206 1117 semper
2250 1048 2578 1111 existimavi,
2608 1049 2681 1102 ita
2712 1059 2889 1105 tamen
2920 1053 3061 1120 quod
3097 1053 3301 1105 nullum
3329 1052 3400 1106 sit
3433 1069 3554 1108 ver-

308 1138 449 1193 bum
485 1139 774 1209 quodnon
824 1140 1161 1209 explicarim,
1191 1139 1512 1208 nullumque
1555 1139 1853 1193 addiderim
1899 1154 1927 1191 a
1971 1138 2236 1193 sententia
2278 1139 2534 1193 alienum.
2573 1138 2676 1195 Ubi.
2719 1156 2898 1195 rerum
2947 1145 3100 1201 crdo.
3130 1143 3214 1198 vel
3244 1144 3554 1202 obscuritas

307 1232 586 1286 dictionis
629 1232 679 1285 id
713 1234 989 1302 poscebat,
1018 1232 1316 1287 blandienti
1349 1232 1756 1301 luxuriantique
1786 1232 2018 1286 orationi
2066 1231 2270 1300 aliquid
2311 1233 2582 1286 concessi.
2613 1231 2958 1302 Quapropter
2992 1251 3092 1289 nec
3125 1236 3307 1290 verbis
3349 1253 3433 1292 me
3465 1253 3554 1293 asc

305 1325 513 1389 trioxi,
549 1341 648 1381 nec
674 1325 913 1395 periodis
943 1324 1215 1395 colligari,
1253 1325 1550 1381 dummodo
1586 1326 1910 1380 sententiam
1933 1325 2258 1395 explicarem
2294 1345 2307 1380 :
2341 1340 2500 1395 quam
2531 1327 2877 1394 antiquorum
2907 1334 2963 1380 ut
2987 1329 3131 1396 potui
3155 1339 3206 1382 et
3228 1327 3385 1382 Plinii
3411 1345 3552 1398 pra:-

309 1419 514 1471 sertim
546 1420 728 1473 verbis
754 1419 1017 1486 expressi.
1050 1417 1136 1470 ‘Ad
1172 1435 1354 1473 rerum
1383 1421 1527 1474 enim
1565 1428 1791 1472 naturas
1826 1420 2486 1490 ingeniaque‘cxponenda
2521 1420 2769 1472 Pliniano
2797 1421 2938 1490 style
2965 1422 3147 1476 nullus
3176 1422 3304 1476 mihi
3338 1423 3553 1479 videtur

310 1511 524 1578 aptior,
557 1511 737 1565 nullus
767 1511 1252 1576 accommodatior,
1289 1513 1650 1581 opportunior
1673 1512 1875 1566 nullus.
1909 1510 2064 1576 Quod
2099 1527 2165 1564 an
2197 1512 2298 1565 sim
2331 1521 2612 1566 assecutus
2644 1511 3056 1580 aequusjudicet
3090 1512 3276 1566 lector.
3313 1514 3370 1568 In
3400 1523 3433 1565 t.
3456 1527 3551 1568 xtu

311 1598 516 1654 Graeco
562 1602 693 1656 nihil
734 1602 1036 1670 immutari,
1070 1606 1202 1658 nihil
1235 1606 1574 1667 detruncavi,
1606 1605 1738 1658 nihil
1774 1604 1976 1659 addidi.
2025 1603 2130 1658 Sed
2161 1614 2218 1658 ut
2247 1605 2430 1667 habui.
2467 1607 2648 1659 omnia
2691 1621 2824 1674 pure
2865 1605 3011 1660 dedi.
3042 1605 3310 1672 Quoniam
3368 1617 3551 1661 autem

310 1695 516 1747 multis
545 1696 596 1748 in
631 1696 758 1749 IOCla
792 1703 975 1750 textus
1005 1707 1120 1751 erat
1150 1699 1393 1760 mutilus,
1430 1699 1745 1763 lacunosus,
1779 1697 2052 1762 inversus,
2087 1699 2378 1768 multisque
2409 1699 2572 1752 etiam
2601 1702 2890 1758 obscurus,
2927 1714 2994 1752 ne
3022 1706 3278 1768 tanquam
3315 1714 3426 1752 rem
3455 1699 3552 1754 de-

313 1796 596 1854 speratam
630 1788 1009 1856 abjiceremus,
1043 1801 1201 1846 notas
1228 1799 1279 1846 et
1306 1792 1640 1846 collectanea
1685 1791 1962 1858 subjunxi.
1996 1791 2197 1861 qu;bus
2245 1793 2336 1846 illa
2371 1794 2488 1846 loca
2525 1793 2608 1847 vel
2651 1792 3028 1851 emendantur.
3072 1793 3154 1844 vel
3189 1792 3548 1860 supplentur,

311 1879 400 1931 vel
439 1880 508 1932 ad
539 1881 822 1949 pristinam
857 1882 1082 1936 formam
1123 1881 1490 1948 reducuntur;
1517 1881 1678 1950 idque
1712 1883 1942 1934 aliorum
1969 1880 2186 1934 Patrum
2223 1885 2660 1952 scriptorumque
2687 1881 2854 1934 fultus
2885 1881 3190 1947 sententiis,
3226 1881 3555 1950 quandoque

309 1973 482 2026 etiam
521 1973 656 2026 meis
684 1988 976 2042 aggressus
1003 1990 1145 2036 sum,
1177 1982 1230 2028 et
1264 1989 1636 2043 strpennmero
1666 1977 1826 2028 etiam
1853 1974 2114 2029 divinavi.
2148 1972 2238 2027 Sat
2268 1976 2381 2028 scio
2405 1991 2582 2028 meum
2615 1973 2880 2037 studium,
2905 1983 2958 2027 et
2987 1973 3308 2027 industriam
3338 1974 3553 2042 iniquos

311 2079 600 2118 venenoso
636 2063 786 2118 hiatu
828 2068 1079 2135 rictuque
1123 2065 1540 2127 dilaceraturos,
1573 2080 1698 2120 cum
1738 2064 1840 2134 ipsi
1877 2081 1984 2119 non
2015 2067 2226 2135 possint
2258 2067 2504 2123 meliora.
2538 2065 2654 2119 Non
2685 2067 2942 2122 desistam
2985 2073 3167 2119 tamen
3197 2066 3549 2131 absterritus,

308 2159 447 2227 quin
489 2159 722 2212 alacrior
749 2160 815 2213 de
833 2160 955 2213 aliis
985 2159 1121 2213 bene
1157 2160 1349 2212 mereri
1373 2159 1641 2212 conabor.
1679 2159 1736 2213 ln
1771 2160 1912 2213 notis
1947 2159 2023 2212 fui
2048 2160 2340 2228 prolixior;
2368 2160 2535 2212 multa
2568 2175 2799 2228 namque
2833 2174 2952 2228 qua:
2973 2158 3334 2212 occurrebant
3365 2174 3554 2214 neces-

309 2251 490 2313 saria,
537 2260 590 2305 et
625 2251 789 2306 dubia
823 2251 1089 2320 explicavi
1123 2251 1355 2303 aliorum
1396 2258 1680 2303 auctormn
1727 2252 2039 2315 collatione,
2073 2266 2305 2321 quorum
2345 2251 2459 2304 loca
2507 2251 2799 2320 exscripsi,
2837 2265 2904 2304 ne
2944 2249 3135 2312 lector,
3168 2251 3251 2304 vel
3298 2257 3554 2304 auctores

309 2345 577 2401 habendo
609 2346 774 2400 nimis
814 2345 1118 2416 fatigareris
1149 2345 1200 2398 in
1234 2345 1341 2399 illis
1388 2345 1749 2407 inveniendis.
1780 2345 1862 2399 vel
1906 2361 2017 2399 non
2067 2343 2338 2405 habendo,
2374 2343 2708 2398 fraudat-eris
2748 2359 2866 2413 spe,
2901 2352 2953 2398 et
2994 2343 3268 2400 desiderio
3311 2344 3434 2398 illos
3468 2345 3551 2397 vi-

312 2439 509 2494 dendi.
551 2437 825 2507 Quidquid
861 2445 1042 2492 tamen
1079 2439 1168 2500 sit,
1208 2437 1351 2506 quod
1386 2437 1453 2490 ab
1487 2437 1609 2490 aliis
1643 2438 1694 2490 in
1725 2436 2062 2506 exponendis
2111 2436 2429 2490 auctoribus
2461 2442 2896 2504 exoptassemus.
2938 2437 3037 2489 hoc
3071 2453 3172 2492 nos
3215 2437 3270 2490 in
3319 2437 3550 2491 aliorum

313 2545 486 2585 uSnm
511 2531 808 2583 ell'ecimus.
847 2527 1046 2599 Sicque
1069 2531 1121 2582 in
1157 2528 1494 2598 corrigendis
1531 2530 1652 2581 aliis
1677 2537 1858 2588 caute.
1894 2527 1948 2579 in
1977 2525 2440 2595 reprehendendis
2484 2524 2748 2587 mochIe,
2781 2524 2832 2578 in
2875 2526 3160 2580 laudandis
3181 2527 3417 2581 otliciose
3451 2543 3552 2580 nos

315 2623 629 2693 gessimus,
663 2622 1118 2690 quemadmodum
1151 2632 1205 2676 et
1243 2623 1665 2676 obtrectatorum
1702 2621 1754 2672 in
1783 2620 1915 2674 alios
1945 2619 2226 2672 maledicta
2250 2619 2602 2686 uegleximus.

390 2718 786 2784 Argumentum
823 2715 988 2784 hujus
1013 2715 1193 2784 operis
1216 2725 1320 2778 est,
1349 2714 1517 2768 divini
1556 2713 1808 2766 Numinis
1842 2712 1894 2765 in
1937 2711 2229 2764 humanam
2276 2721 2525 2765 naturam
2570 2711 2828 2766 beneﬁcia
2859 2711 3055 2766 collata
3089 2712 3264 2782 palam
3295 2712 3550 2766 omnibus

316 2802 538 2873 facere;
574 2807 800 2876 ejusque
849 2807 1168 2867 bonitatem,
1211 2805 1531 2875 potentiam,
1568 2804 1920 2873 sapientiam,
1966 2803 2331 2869 clementiam,
2381 2803 2725 2858 tolerantiam
2781 2805 3092 2872 ostendere;
3136 2806 3279 2874 quod
3317 2821 3383 2860 ex
3432 2808 3553 2878 ipsa

314 2913 507 2952 rerum
537 2903 834 2961 creatione,
860 2899 1251 2953 elementorum
1290 2899 1500 2952 scilicet
1545 2895 1923 2965 productione,
1966 2905 2160 2950 ornatu
2191 2896 2404 2958 mundi,
2432 2904 2612 2951 motus
2643 2897 3029 2967 aequabilitate.
3059 2898 3207 2962 solis,
3236 2899 3374 2954 luna:
3407 2899 3552 2956 side-

317 3007 552 3061 rumque
572 2993 811 3048 onmium
834 2991 1236 3062 pulchritudine
1251 3004 1321 3042 ac
1344 2989 1417 3048 vi,
1445 2989 1612 3041 maris
1627 2996 1788 3055 atque
1809 2995 2080 3041 terrarum
2113 2987 2502 3058 magnitudine,
2523 2989 2837 3042 animalium
2855 2989 3296 3059 proprietatibus.
3313 2990 3550 3046 hominis

316 3095 622 3146 structura.
649 3081 1557 3156 propagatione,.multipIiCatione,
1587 3093 1650 3131 ac
1678 3077 1894 3132 tandem
1927 3079 2012 3133 via
2048 3079 2114 3133 ad
2149 3081 2402 3148 gratiam,
2439 3095 2559 3150 quae
2593 3097 2687 3149 per
2723 3081 3005 3136 Christum
3033 3082 3228 3145 illuxit,
3263 3083 3550 3138 conﬁrmat

313 3186 370 3232 et
401 3179 742 3247 comprobat.
777 3179 909 3242 Qum
947 3175 1129 3230 omnia
1160 3175 1230 3226 ita
1262 3171 1529 3226 acerrimo
1553 3170 1772 3237 ingenio
1804 3168 2123 3224 Eustathius
2151 3170 2452 3232 adinvenit,
2485 3171 2729 3240 disponit
2761 3180 2813 3226 et
2853 3173 3222 3241 prosequitur,
3254 3181 3312 3226 ut
3337 3173 3406 3227 ab
3431 3175 3549 3243 ipso

314 3269 430 3324 Deo
465 3287 644 3324 rerum
677 3278 997 3338 naturaeque
1024 3267 1218 3338 opiﬁcc
1246 3281 1309 3320 ea
1353 3263 1618 3318 didicisse
1660 3261 1925 3316 videatur.
1955 3263 2118 3316 Multa
2153 3264 2206 3317 in
2241 3265 2364 3318 aliis
2394 3271 2447 3317 et
2478 3264 2880 3328 elegantissime
2912 3265 3114 3334 scripta
3159 3273 3214 3319 et
3239 3266 3552 3334 prudentis-

312 3364 456 3419 sime
494 3363 696 3418 dictata
733 3364 998 3425 invenies,
1032 3369 1085 3414 at
1113 3360 1276 3415 dictis
1315 3357 1604 3421 Eustathii,
1639 3355 1780 3410 absit
1812 3357 1978 3410 verbo
2002 3356 2224 3425 injuria,
2262 3356 2400 3410 nihil
2431 3363 2514 3410 est
2541 3343 2922 3424 praestabilius,
2954 3356 3086 3410 nihil
3125 3355 3428 3426 pulchrius,
3454 3355 3552 3410 sed

310 3471 381 3511 ne
403 3456 640 3526 cogitari
680 3456 898 3526 quidem
925 3455 1117 3508 melius
1153 3460 1348 3522 potest.
1381 3449 1534 3504 Unde
1559 3466 1666 3504 non
1701 3449 1971 3503 immerito
2001 3455 2268 3503 tractatus
2293 3448 2380 3501 hic
2409 3448 2549 3513 inter
2583 3449 2721 3503 alios
2748 3448 2979 3501 aliorum
3009 3448 3074 3501 de
3103 3447 3290 3501 eadem
3323 3449 3550 3502 materia

309 3549 467 3602 solue
498 3548 797 3618 ὑπόμνημα
842 3546 982 3600 πάνυ
1018 3544 1328 3616 Θαυμαστόν
1358 3542 1546 3597 vocari
1587 3545 1805 3606 meruit,
1848 3558 1918 3610 qu

1930 3540 1992 3593 od
2034 3543 2088 3594 in
2129 3540 2383 3596 omnibus
2422 3541 2544 3596 cod.
2582 3542 2858 3610 praeﬁxum
2909 3549 3032 3609 post
3073 3541 3290 3594 titulum
3331 3542 3545 3611 legitur.

311 3640 436 3698 Non
467 3639 716 3702 deerunt,
741 3640 833 3709 qui
863 3639 916 3692 id
947 3638 1063 3692 ﬁeri
1095 3635 1308 3708 potest?
1338 3635 1429 3705 qui
1462 3651 1530 3688 ne
1558 3648 1762 3687 morem
1790 3634 2038 3702 perdant,
2088 3631 2292 3702 aliquid
2325 3631 2607 3688 Eustatbio
2641 3632 2920 3703 objicient,
2955 3640 3010 3687 et
3038 3649 3160 3686 cum
3191 3649 3299 3688 non
3334 3634 3552 3703 possint

315 3749 420 3787 nec
445 3733 709 3788 orationis
745 3739 1100 3793 structuram,
1139 3745 1243 3784 nec
1293 3729 1539 3783 ordinem
1571 3743 1752 3781 rerum
1790 3726 2207 3796 reprehendere.
2249 3727 2518 3780 notabunt
2563 3742 2745 3781 rerum
2789 3743 2926 3796 quas
2956 3711 3154 3781 tractat
3201 3726 3549 3782 incertitudi-

315 3842 467 3890 nem,
504 3825 943 3894 contendentque
974 3824 1218 3894 vulgaria
1249 3837 1371 3876 esse
1394 3828 1448 3876 et
1474 3821 1638 3874 anilia
1665 3836 1785 3890 quae
1813 3820 1901 3874 hic
1923 3821 2295 3886 continentur,
2320 3821 2438 3875 viro
2461 3819 2836 3876 ecclesiastico
2865 3828 2918 3875 et
2945 3829 3097 3875 tanto
3126 3820 3270 3874 Patri
3302 3819 3546 3890 indigna.

316 3918 438 3974 [loc
470 3918 597 3973 item
647 3895 953 3989 Epiphanio
994 3917 1048 3970 in
1079 3914 1398 3985 Physiologo
1431 3911 1707 3981 objectum
1737 3920 1822 3966 est
1863 3927 1891 3965 a
1925 3912 2273 3982 quibusdam,
2312 3913 2602 3981 acriusque
2634 3911 2688 3966 in
2737 3912 2886 3966 illum
2917 3912 3374 3968 animadversum.
3405 3910 3550 3968 Inter

313 4027 413 4067 eos
439 4011 724 4066 Conradus
749 4009 1044 4073 Gcsnerus,
1073 4016 1126 4062 et
1160 4021 1268 4060 non
1311 4004 1478 4058 inﬁmi
1522 4003 1758 4057 nominis
1792 4012 1983 4058 auctor
2012 4001 2289 4064 Pererius,
2319 4004 2412 4073 qui
2445 4005 2499 4057 in
2531 4001 2715 4057 Cenes.
2748 4018 2868 4073 cap.
2902 4021 3032 4067 xxx,
3064 4005 3203 4075 disp.
3235 4005 3285 4069 l,
3310 4005 3543 4063 scribit:

316 4101 433 4158 Nec
464 4101 748 4154 adntodum
770 4100 1063 4171 quempiam
1094 4105 1296 4152 moveat
1329 4092 1611 4164 Epiphanii
1639 4094 1930 4146 auctoritas
1963 4093 2018 4146 id
2043 4093 2297 4147 tradentis
2324 4095 2377 4147 in
2400 4092 2749 4164 Pbysiologo.
2781 4092 3049 4147 Nimirum
3079 4095 3125 4148 is
3149 4111 3248 4148 non
3279 4103 3386 4147 tam
3409 4095 3463 4146 in
3485 4110 3546 4147 eo

316 4195 458 4250 libro
495 4195 721 4264 diligens
753 4204 799 4248 et
839 4195 1082 4247 curiosus
1113 4193 1214 4261 fuit
1244 4189 1479 4244 veritatis
1507 4186 1739 4240 historiae
1762 4202 1942 4240 earum
1971 4203 2144 4240 rerum
2172 4202 2303 4251 quas
2333 4186 2403 4240 ibi
2440 4196 2711 4248 memorat,
2735 4203 2891 4257 quam
2929 4202 3022 4240 eas
3058 4204 3139 4240 res
3168 4185 3547 4255 interpretandi

313 4293 551 4361 apposite
569 4291 748 4358 pieque
774 4284 1056 4342 secundum
1079 4282 1477 4352 intelligentiam
1500 4276 1834 4346 allegoricam
1862 4287 1910 4330 et
1942 4275 2340 4346 tropologicum.
2385 4276 2566 4343 Quare
2593 4276 2934 4346 proprietates
2979 4275 3289 4329 animalium
3310 4286 3358 4330 et
3386 4277 3544 4345 plan-

315 4396 492 4439 tarum
518 4383 664 4453 vulgo
694 4380 942 4441 creditas,
967 4387 1014 4432 et
1037 4376 1256 4431 consilio
1285 4383 1334 4428 et
1365 4373 1632 4442 proposito
1655 4388 1750 4425 suo
1774 4368 2200 4422 accommodatas
2235 4369 2449 4423 libenter
2476 4371 2780 4434 assumpsit.
2813 4367 2919 4423 Sed
2953 4385 3052 4438 pro
3073 4369 3377 4439 Epiphanio
3407 4371 3544 4428 satis

314 4493 589 4548 superque
618 4473 910 4544 respondet
939 4469 1245 4526 Consalvus
1268 4466 1500 4521 Pontius
1535 4463 1861 4518 Prtelatione
1890 4459 1957 4513 ad
1990 4462 2272 4525 lectorem,
2307 4462 2359 4515 in
2391 4461 2636 4530 ejusdem
2672 4460 2956 4530 Epiphanii
2996 4460 3336 4533 Physiologo.

386 4571 518 4636 Quae
548 4568 613 4622 de
648 4565 1072 4637 proprietatibus
1102 4560 1420 4619 animalium
1453 4566 1506 4612 et
1534 4555 1845 4611 Judzeorum
1881 4554 2225 4623 antiquitate,
2256 4554 2492 4622 aliisque
2516 4556 2796 4610 nonnullis
2819 4554 3076 4610 edisserit
3102 4553 3441 4616 Eustathius.
3477 4569 3541 4610 ea

313 4672 443 4722 sunt
475 4662 772 4717 multorum
818 4666 1099 4712 auctorum
1134 4655 1344 4707 ﬁrmata
1389 4667 1682 4707 consensu.
1725 4647 1880 4712 Quod
1905 4657 1962 4701 ut
1995 4646 2195 4716 magis,
2229 4661 2297 4700 ac
2348 4645 2520 4715 magis
2567 4645 2874 4701 innotescat
2910 4645 2966 4699 in
3006 4645 3154 4699 notis
3199 4644 3412 4698 laudavi
3445 4659 3542 4697 au-

313 4767 500 4814 ctores
525 4753 672 4809 unde
709 4751 1079 4818 desumpsisse
1113 4745 1351 4807 videtur,
1389 4758 1600 4798 necnon
1631 4748 1800 4796 eteos
1829 4737 1922 4808 qui
1959 4738 2028 4791 ab
2071 4735 2354 4792 Eustathio
2399 4749 2497 4789 sua
2549 4735 2779 4787 mutuati
2837 4741 2983 4789 sunt.
3019 4731 3202 4789 Rebus
3239 4733 3383 4788 enim
3436 4732 3539 4789 hoc

313 4851 465 4906 addit
497 4849 786 4904 maximam
813 4843 1212 4902 auctoritatem,
1249 4839 1453 4892 habere
1481 4836 1628 4890 viros
1670 4832 1940 4897 laudatos,
1976 4831 2064 4900 qui
2099 4844 2208 4885 una
2253 4836 2431 4884 tecum
2483 4826 2718 4880 sentiant
2748 4825 3044 4894 eademque
3067 4831 3308 4880 narrent.
3342 4823 3538 4879 Mirum

313 4956 494 5003 autem
521 4953 603 5000 est
631 4945 687 4997 i-n
713 4941 965 4995 omnibus
993 4954 1119 4993 acre
1147 4938 1284 4991 tanti
1312 4933 1495 4988 Patris
1515 4931 1784 5001 judicium
1806 4928 1956 4998 eligit
1981 4926 2201 4981 meliora
2226 4929 2470 4992 tutaque.
2493 4921 2656 4976 veluti
2670 4917 2998 4986 margaritas
3026 4931 3055 4970 e
3081 4916 3211 4976 luto,
3244 4915 3297 4969 in
3330 4929 3538 4984 suaque

315 5040 519 5109 scripta
557 5035 838 5096 transfert,
863 5042 1058 5086 caetera
1091 5039 1148 5084 ut
1180 5030 1416 5099 abiecta,
1447 5026 1574 5080 vilia
1606 5027 1918 5093 nulliusque
1953 5017 2213 5073 momenti
2243 5016 2472 5085 despicit
2505 5014 2855 5112 negligitqne:
2882 5017 3150 5112 accurata:
3181 5008 3387 5112 ejus'in
3421 5023 3542 5112 om-
3575 5016 3584 5061 ξ

312 5098 476 5186 nibtis
504 5125 796 5196 diligentiae
824 5121 1191 5192 exquisitique
1221 5098 1390 5175 studii
1427 5123 1828 5187 argumentum.
1863 5111 2035 5170 Alias.
2065 5114 2339 5162 annuente
2370 5105 2498 5167 Deo,
2531 5112 2586 5159 et
2629 5101 2984 5196 benignitate.
3019 5115 3081 5196 ac
3111 5100 3448 5154 humanitate
3473 5098 3537 5152 il-

311 5193 628 5279 lustrissimi
656 5234 722 5274 ac
749 5214 1183 5271 reverendissimi
1220 5211 1500 5267 Francisci
1531 5207 1824 5264 cardinalis
1873 5200 2181 5263 Barbarini,
2226 5196 2286 5252 S.
2318 5197 2385 5254 Β.
2415 5197 2477 5251 Ε.
2502 5194 2924 5257 bibliothecarii,
2951 5193 3111 5261 cujus
3155 5200 3285 5246 nutu
3319 5207 3536 5255 securo,

310 5309 647 5370 felicissimis
695 5306 893 5361 studiis
923 5303 1292 5373 auspiciisque
1324 5299 1601 5356 muniﬁcis
1649 5314 1738 5352 res
1789 5295 2067 5351 litterariae
2110 5298 2374 5360 reparata:
2421 5285 2720 5341 fundantur
2765 5293 2818 5340 et
2856 5283 3266 5343 conﬁrmantur,
3302 5282 3533 5342 favente.

311 5403 576 5462 nonnulla
608 5401 713 5455 alia
761 5397 1028 5468 ejusdem,
1057 5401 1111 5449 et
1155 5396 1456 5464 praesertim
1488 5409 1608 5462 qua:
1646 5389 1898 5444 adversus
1945 5385 2220 5454 Origenem
2252 5381 2316 5435 de
2340 5377 2775 5450 .engastrimytho
2805 5373 3539 5474 disertissime.piissimeque

309 5493 637 5566 composuit,
670 5465 845 5557 dabo;
879 5488 1080 5558 quibus
1109 5493 1162 5541 et
1203 5487 1317 5540 lucc
1350 5499 1472 5540 mea
1497 5484 1714 5543 addam.
1756 5492 1808 5535 ct
1838 5479 2086 5540 meliora.
2115 5486 2168 5531 et
2195 5472 2584 5530 emcndatiora.
2620 5469 2767 5535 Haec,
2814 5471 3003 5533 lector,
3037 5465 3281 5522 volebam
3320 5465 3540 5522 nescius

313 5605 384 5645 ne
411 5601 581 5644 esses.
616 5582 762 5638 Vale.

1732 5722 2162 5750 ..ε-οςνσ--υ-
