4090 6288
582 348 685 405 7οἸ

1523 346 1960 403 ΕΓΞΤᾹΤΗΙΕΞ
2000 345 2487 400 ΛΝΤΙῦΕΗΕΝὕΞ
2527 343 2920 401 EPISCOPUS.

3713 341 3824 394 708

1621 714 1758 768 ΤΟΥ
1795 714 1886 767 ΕΝ
1923 715 2142 768 ΑΓΙΟΙΣ
2175 715 2443 768 ΠΑΤΡΟΣ
2478 715 2677 768 ΗΜΩΝ

1771 877 2606 994 ΕΥΣΤΑΘΙΟΥ

1381 1100 1966 1157 ΑΡΧΙΕΠΙΣΚΟΠΟΥ
1997 1099 2437 1152 ΑΝΤΙΟΧΕΙΑΣ
2472 1099 2604 1152 ΚΑΙ
2628 1095 3014 1152 ΜΑΡΤΥΡΟΣ

1299 1271 1564 1397 ΕΙΣ
1639 1266 1983 1394 ΤΗΝ
2068 1255 3124 1398 ΕΞΑΗΜΕΡΟΝ.

1865 1504 2519 1592 ΥΠΟΜΝΗΜΑ

1278 1783 1465 1941 S.-
1529 1790 1702 1938 P.
1792 1787 1977 1937 Ν..
2084 1663 3117 1943 ΕῙΙΞΤΑΤΗΗ

861 2066 1778 2162 ARCHIEPISCOPI
1856 2069 2616 2162 ANTIOCHENI
2693 2071 2843 2158 ΕΤ
2913 2068 3528 2158 MARTYBIS

991 2282 2114 2402 COMMENTARIUS
2195 2283 2344 2395 IN
2425 2283 3402 2396 HEXAEMERON

1747 2512 1960 2575 Leone
1997 2509 2232 2574 Allatio
2269 2510 2640 2590 interprete.

648 2765 896 2821 Clemens
923 2772 976 2820 et
1000 2763 1309 2828 Africanus,
1337 2771 1390 2816 ct
1412 2775 1606 2834 praatcr
1643 2767 1743 2822 hos
1777 2768 2062 2837 Tatianus,
2085 2781 2138 2826 et

2311 2771 2542 2843 Κλήμης
2580 2771 2679 2842 μὲν
2711 2766 2824 2835 οὖν,
2851 2769 2945 2824 καὶ
2975 2767 3297 2842 Ἀφρικανὸς
3321 2769 3416 2822 καὶ
3443 2769 3580 2841 πρὸς
3609 2773 3813 2832 τούτοις

573 2869 638 2907 ex
687 2852 896 2909 Judaeis
953 2853 1222 2926 Iosephus
1279 2862 1332 2910 et
1384 2856 1607 2924 Justus,
1654 2863 1873 2932 proprio
1907 2865 2139 2934 quisque

575 2946 757 3012 modo,
793 2948 860 3001 ab
893 2947 1132 3016 antiquis
1173 2948 1418 3006 historiis
1447 2951 1514 3005 ad
1547 2952 1599 3006 id
1635 2956 1972 3024 probandum
2004 2974 2140 3027 pra:-

573 3037 703 3094 hitis
729 3041 1087 3110 argumentis,
1119 3041 1361 3095 divinum
1387 3041 1622 3114 Moysem
1651 3049 1987 3117 temporibus
2016 3048 2138 3106 lna-

570 3132 663 3184 chi
712 3134 804 3202 qui
853 3134 1208 3204 septingentis
1255 3136 1415 3191 annis
1452 3137 1651 3192 bellum
1696 3137 1988 3209 Trojanum
2042 3159 2141 3197 an-

574 3231 893 3288 tecesserat,
953 3224 1226 3291 tio-ruisse,
1285 3227 1480 3283 litteris
1538 3229 1846 3298 prodidere.
1908 3231 2137 3298 Quidam

570 3315 732 3369 etiam
763 3317 1053 3372 sanctitate
1084 3318 1333 3384 illustris,
1367 3321 1797 3391 exquisitissime
1835 3331 2137 3396 temporum

568 3409 786 3464 ratione
837 3417 1142 3474 contracta,
1202 3413 1610 3468 sanctissimum
1665 3414 1924 3471 Iacobum
1982 3427 2140 3476 aztate

567 3497 754 3554 Inachi
775 3503 1047 3571 comperit
1073 3504 1355 3560 claruisse.
1383 3505 1487 3560 Scd
1534 3507 1638 3561 hoc
1668 3508 1734 3561 de.
1769 3507 1951 3581 lloyse
1977 3509 2134 3567 Jose-

568 3591 709 3660 phus
745 3591 998 3648 afﬁrmat.
1047 3593 1166 3663 Ipse
1207 3596 1351 3649 enim
1408 3611 1532 3650 cum
1572 3613 1841 3652 annorum
1891 3602 2136 3656 ordinem

568 3684 778 3738 ratione
823 3691 877 3738 et
915 3683 1142 3754 judicio,
1180 3688 1339 3756 quasi
1369 3689 1605 3759 regulam
1647 3691 1958 3759 quamdam,
1989 3709 2019 3748 e
2052 3711 2133 3747 rc-

569 3775 728 3843 gioue
757 3776 1138 3846 disposuisset,
1172 3781 1413 3833 omnium
1443 3782 1684 3850 gentium
1717 3782 1968 3838 dominos
1995 3784 2137 3839 inter

568 3884 628 3923 se
657 3869 884 3926 collatos
912 3876 1268 3927 enumeravit.
1299 3872 1528 3943 Collegit
1561 3881 1740 3929 autem
1776 3890 1949 3931 annos
1984 3879 2133 3946 regni

566 3960 978 4026 Chaldaeorum,
1039 3963 1422 4034 Assyriorum,
1478 3965 1776 4029 Medorum,
1819 3965 2132 4033 Persarum,

566 4047 863 4122 Lydorum,
888 4051 1256 4118 Hebraeorum,
1278 4053 1677 4126 Egyptiorum,
1697 4056 2131 4122 Atheniensium,

565 4145 909 4215 Argivorum,
933 4145 1335 4217 Sicyoniorum,
1359 4147 1914 4213 Lacedaemoniorum,
1939 4149 2134 4204 Coriu-

565 4236 844 4303 thiorum,
892 4236 1316 4301 Thessalorum,
1359 4236 1746 4300 Macedonum,
1783 4237 2128 4303 Latinorum,

563 4328 656 4398 qui
691 4336 875 4398 postea
901 4327 1131 4383 Romani
1160 4329 1456 4398 nuncupati
1497 4336 1644 4384 sunt.
1690 4327 1894 4385 Horum
1919 4337 2134 4400 tempo-

2242 2865 2523 2928 Τατιανδς,
2543 2864 2650 2918 τῶν
2671 2864 2726 2916 δὲ
2748 2867 2812 2918 ὲκ
2837 2863 3138 2936 περιτομῆς
3160 2862 3442 2933 Ἰώσηπος.
3462 2862 3553 2915 καὶ
3587 2861 3813 2926 Ἰοῦστος

2241 2957 2383 3011 κατὰ
2415 2960 2625 3027 Ἴναχον
2658 2957 2902 3028 ἀκμάσαι
2942 2956 3032 3010 τὸν
3071 2954 3358 3007 θεσπέσιον
3397 2954 3636 3009 Μωῦσέα
3678 2955 3814 3007 ἱστό-

2239 3066 2436 3122 ρησαν,
2471 3050 2614 3112 ἰδίως
2651 3048 2882 3112 ἕκαστος
2917 3050 2982 3101 ὲκ
3023 3045 3258 3108 παλαιᾶς
3294 3046 3533 3120 ἱστορίας
3567 3043 3815 3116 ὑποσχὼν

2239 3143 2340 3213 τὴν
2362 3141 2653 3207 ἀπόδειξιν.
2673 3143 2882 3213 Ἴναχος
2901 3142 2956 3195 δὲ
2989 3140 3504 3204 έπτακοσίοιςέτεσι
3537 3139 3627 3192 τὸν
3660 3139 3815 3191 Ἰλια-

2239 3236 2334 3290 κὸν
2363 3237 2616 3308 προτερεῖ
2646 3235 2895 3304 πόλεμον.
2924 3233 3045 3286 Τῶν
3070 3232 3127 3285 δὲ
3154 3232 3321 3301 ἁγίων
3341 3248 3419 3293 τις
3437 3235 3452 3251 ¹
3476 3229 3810 3300 ἀκριϐεστά-

2241 3347 2340 3401 την
2369 3328 2482 3382 τῶν
2524 3327 2727 3399 χρόνων
2782 3326 3144 3397 ποιησάμενος
3183 3327 3292 3387 τοῖς
3329 3321 3534 3392 χρόνοις
3575 3319 3798 3391 Ἰνάχου,

2238 3421 2329 3476 τὸν
2386 3421 2484 3492 μὲν
2531 3419 2830 3489 ἁγιώτατον
2887 3414 3044 3491 εὗρεν
3101 3415 3292 3471 Ἰακὼὸ
3349 3412 3791 3482 συνακμάσαντα·

2240 3512 2477 3567 Μωῦσέα
2508 3513 2565 3565 δὲ
2604 3510 2882 3580 Ἰώσηπος.
2921 3508 3185 3580 Χρονικοῦ
3216 3508 3323 3581 γὰρ
3356 3507 3566 3570 κανόνος
3606 3505 3796 3559 σύνταο

2243 3602 2323 3669 ξιν
2370 3605 2662 3675 ἐπινοήσας
2714 3605 2779 3656 ὲκ
2829 3600 3175 3673 παραλλήλου
3197 3640 3212 3664 ,
3260 3598 3655 3670 ἀντιπαρέθηκε
3717 3598 3803 3650 τὸν

2239 3698 2370 3768 παρ’
2400 3697 2614 3766 ἑκάστῳ
2648 3694 2789 3748 ἔθνει
2816 3692 3224 3746 δυναστεύοντα.
3262 3691 3545 3763 Συνήγαγε
3586 3691 3642 3743 δὲ
3684 3690 3805 3761 χρό-

2237 3805 2361 3852 νους
2407 3789 2503 3859 τῆς
2543 3787 2820 3859 βασιλείας
2858 3785 3172 3848 Χαλδαίων,
3223 3783 3558 3855 Ἀσσυρίων,
3589 3782 3806 3852 Μήδων,

2237 3879 2495 3951 Περσῶν,
2533 3879 2740 3945 Λυδῶν,
2789 3878 3082 3951 Ἑϐραίων,
3123 3874 3456 3944 Αἰγυπτίων,
3495 3873 3807 3945 Ἀθηναίων,

2247 3974 2510 4046 Ἀργείων
2529 4013 2543 4038 ,
2593 3971 2897 4026 Σικυωνίων
2917 4013 2930 4037 ,
2965 3970 3403 4041 Λακεδαιμονίων
3421 4009 3436 4034 ,
3475 3966 3770 4038 Κορινθίων
3787 4005 3806 4032 ,

2236 4065 2516 4120 Θετταλῶν
2536 4105 2549 4128 ,
2583 4063 2908 4118 Μακεδόνων
2930 4104 2943 4127 ,
2973 4062 3245 4124 Λατίνων,
3292 4059 3399 4112 τῶν
3435 4059 3658 4131 ὕστερον
3683 4059 3810 4127 κλη-

2235 4157 2436 4212 θέντων
2495 4158 2798 4232 Ῥωμαίων.
2855 4156 2964 4208 Καὶ
3014 4155 3218 4208 τούτων
3268 4153 3396 4216 τοὺς
3439 4152 3665 4223 χρόνους
3718 4150 3811 4203 ἐπὶ

2231 4267 2418 4304 ταυτ..
2441 4289 2454 4302 .
2477 4289 2491 4302 .
2517 4289 2530 4302 .
2569 4265 2668 4313 σας
2705 4249 2934 4301 ἑκάστου
2984 4247 3168 4310 ἔθνους
3213 4245 3320 4300 τῶν
3362 4243 3625 4315 βασιλέων
3679 4259 3809 4295 συνο

2232 4357 2380 4394 εκ...
2401 4381 2413 4391 .
2438 4380 2450 4392 .
2489 4339 2741 4410 χρόνους,
2776 4336 3220 4408 ἀντιπαρατιθεὶς
3273 4335 3333 4389 τὰ
3373 4335 3468 4406 ἔτη
3523 4334 3626 4404 τῆς
3658 4333 3813 4403 βασι-

564 4423 716 4478 ribus
765 4423 819 4476 in
861 4423 1051 4476 eadem
1105 4422 1247 4477 serie
1302 4422 1526 4484 notatis,
1581 4422 1847 4491 cujusque
1896 4423 2132 4477 nationis

2234 4430 2378 4493 λείας
2413 4400 2708 4500 Ἀσσυρίων
2739 4400 3024 4498 βασιλίδος,
3049 4426 3291 4479 τουτέστι
3322 4425 3420 4496 τῆς
3449 4400 3812 4495 Σεμιράμεως

562 4516 869 4585 principum
917 4529 1090 4570 annos
1117 4513 1412 4584 congessit.
1465 4515 1521 4568 In
1571 4514 1657 4569 his
1704 4528 1876 4568 annos
1907 4515 2130 4570 dominii

557 4606 947 4677 Assyriorum,
1010 4607 1210 4677 regina:
1271 4605 1644 4661 Samiramidis
1697 4621 1911 4675 nempe,
1972 4608 2130 4663 annis

529 4688 855 4778 lAbrahami
878 4700 1120 4770 opponit.
1139 4696 1510 4753 Semiramidis
1523 4712 1756 4768 namque
1771 4698 2127 4768 temporibus,

539 4791 752 4848 'beatus
775 4793 1112 4848 Abrahamus
1128 4791 1640 4856 clarushahebatur,
1671 4790 1942 4861 Iosephus
1988 4797 2128 4845 tem-

559 4899 690 4955 pore
722 4883 927 4950 Inachi,
965 4886 1175 4958 Moyses
1204 4883 1494 4955 Cecropis,
1545 4899 1706 4953 quem
1741 4889 1866 4936 ante
1895 4881 2127 4950 Trojana

555 4983 800 5047 tempora
848 4977 1006 5031 annis
1036 4992 1242 5031 cccxxx
1281 4979 1514 5046 primum
1545 4974 1738 5029 Attica:
1778 4989 2001 5044 regnum
2033 4989 2127 5027 oc-

551 5087 807 5142 cupasse.
838 5072 1084 5128 historiis
1113 5073 1420 5127 Grzecorum
1473 5071 1727 5126 traditum
1775 5079 1894 5136 est;
1951 5070 2022 5124 ita
2067 5077 2124 5123 ut

553 5163 894 5235 sapientibus
936 5163 1197 5232 antiquis,
1233 5165 1326 5234 qui
1367 5164 1422 5218 id
1452 5165 1692 5219 nominis
1727 5164 1868 5233 apud
1905 5161 2122 5217 Graecos

551 5257 835 5314 consecuti
865 5266 1013 5322 sunt,
1047 5256 1259 5328 Moyses
1306 5257 1377 5311 sit
1418 5257 1697 5328 antiquior
1729 5255 1982 5320 Homero,
2017 5254 2124 5310 IIe-

552 5350 732 5414 siodo,
775 5348 1030 5420 Troianis
1071 5349 1432 5418 temporibus,
1482 5347 1735 5410 Hercule,
1769 5347 1990 5412 Musam,
2025 5344 2120 5400 Li-

550 5457 648 5506 no,
679 5457 779 5497 nec
817 5458 926 5496 non
966 5441 1228 5501 Chirone,
1265 5437 1501 5509 Orpheo,
1533 5424 1836 5506 Dioscuris,
1868 5438 2121 5495 {Escula-

548 5534 663 5604 pio,
706 5533 901 5589 Libero
958 5534 1136 5597 Patre,
1192 5531 1480 5594 Mercurio,
1532 5532 1798 5601 Apolline,
1840 5530 2118 5602 mysteriis

551 5623 834 5693 initiisque
877 5623 1210 5689 Grzccorum,
1237 5630 1290 5678 et
1321 5621 1455 5691 ipsis
1488 5621 1651 5676 rebus
1694 5635 1722 5674 a
1763 5619 1895 5675 Jove
1921 5620 2114 5691 gestis.

550 5712 819 5769 Praaterea
865 5715 1224 5772 Deucalioueo
1268 5715 1493 5778 diluvio,
1557 5722 1830 5768 terrarum
1872 5723 2114 5782 tempore

625 5827 656 5895 ἶ
677 5823 964 5880 Eusebius.

2243 4521 2491 4594 Ἀϐραὰμ
2544 4523 2656 4585 τοῖς
2719 4520 2882 4574 ἔτεσι.
2935 4520 3092 4573 Κατὰ
3157 4521 3264 4589 γὰρ
3335 4516 3432 4588 τὴν
3501 4515 3811 4586 Σεμίραμιν

2243 4616 2491 4686 ’Δόραὰμ
2537 4617 2565 4669 ὁ
2622 4614 2887 4687 μακάριος
2938 4612 3294 4685 έγνωρίζετοο
3339 4610 3369 4663 ὁ
3428 4607 3810 4679 δὲίῶσηππος

2230 4705 2369 4758 κατὰ
2402 4707 2644 4774 Ἴναχον·
2682 4705 2920 4775 Μωῦσῆς
2952 4703 3008 4757 δὲ
3057 4702 3198 4756 κατὰ
3245 4700 3542 4773 Κέκροπα,
3585 4699 3644 4752 ὃν
3697 4699 3809 4770 πρὸ

2228 4793 2334 4846 τῶν
2368 4793 2611 4846 Ἰλιακῶν
2639 4793 2780 4846 ἔτεσι
2810 4793 3156 4864 τριακοσίοις.
3179 4831 3192 4844 .
3217 4831 3230 4844 .
3249 4831 3262 4845 .
3279 4831 3292 4843 .
3314 4830 3328 4844 .
3350 4830 3364 4844 .
3391 4830 3405 4844 .
3427 4831 3440 4844 .
3467 4789 3681 4862 πρῶτον
3703 4789 3808 4860 τῆς

2242 4883 2490 4954 Ἀττικῆς
2519 4885 2782 4956 Ἐλλήνων
2812 4885 3018 4948 παῖδες,
3043 4883 3119 4947 ὡς
3145 4879 3283 4937 εἶναι
3314 4882 3422 4935 τῶν
3451 4881 3580 4953 παρ’
3607 4880 3809 4950 Ἕλλη-

2227 4993 2311 5029 σιν
2340 4976 2582 5049 ἀρχαίων
2613 4976 2790 5047 σοφῶν
2815 4976 2904 5029 τὸν
2937 4975 3172 5030 Μωῦσέα
3205 4975 3594 5047 πρεσϐύτατον,
3634 4974 3810 5045 Ὀμή-

2226 5087 2321 5140 ρου
2361 5069 2534 5138 λέγων
2564 5069 2658 5124 καὶ
2697 5069 2958 5133 Ἠσιόδου,
3006 5067 3101 5122 καὶ
3145 5068 3254 5122 τῶν
3296 5066 3589 5139 Τρωῖκῶν,
3631 5066 3806 5137 Ἡρα-

2223 5161 2413 5225 κλέους
2440 5179 2522 5228 τε,
2551 5162 2645 5214 καλ⁵
2666 5160 2962 5225 Μουσαίου,
2987 5161 3077 5213 καὶ
3108 5159 3290 5226 Λίνου,
3314 5159 3392 5213 ἔτι
3417 5177 3478 5213 τε
3500 5158 3802 5231 Χείρωνος,

2235 5251 2494 5322 Ὀρφέως,
2512 5252 2869 5323 Διοσκούρων,
2897 5251 3242 5324 Ἀσκληπιοῦ,
3270 5251 3540 5315 Διονόσου,
3568 5249 3802 5322 Ἑρμοῦ,

2234 5344 2596 5408 Ἀπόλλωνος,
2652 5343 2746 5397 καὶ
2797 5344 2903 5398 τῶν
2938 5343 3258 5415 Ἑλληνικῶν
3311 5342 3620 5414 μυστηρίων
3639 5382 3652 5407 ,
3700 5341 3800 5394 καὶ

2219 5436 2474 5498 τελετῶν,
2519 5437 2612 5490 καὶ⁸
2651 5436 2829 5490 αὐτῶν
2858 5436 2964 5490 τῶν
2997 5437 3117 5500 Διὸς
3164 5437 3443 5508 πραξεωψ
3481 5436 3560 5488 ἔτι
3600 5435 3655 5488 δὲ
3694 5432 3797 5488 τοῦ

2220 5527 2360 5580 κατὰ
2395 5527 2734 5581 Δευκαλίωνα
2764 5527 3168 5599 κατακλυσμοῦ,
3198 5529 3291 5582 καὶ
3314 5529 3412 5599 τῆς
3432 5528 3524 5580 ἐπὶ
3555 5525 3793 5580 Φαέθον-

2219 5637 2309 5682 τος
2333 5619 2720 5692 ἐκπυρώσεως,
2765 5621 3094 5693 Ἐριχθονίου
3125 5639 3182 5674 τε
3207 5620 3474 5690 γενέσεως
3501 5618 3558 5684 ἐξ
3597 5616 3796 5684 Ἡφαί-

2220 5730 2344 5766 στου
2370 5713 2460 5768 καὶ
2480 5712 2608 5784 Γῆς,
2642 5716 2736 5768 καὶ
2755 5716 2937 5786 Κόρης
2962 5715 3235 5786 ἁρπαγῆς.
3263 5705 3420 5766 Οῦτοι
3454 5711 3562 5782 γὰρ
3591 5710 3793 5771 πάντες
