4090 6288
317 342 423 399 709

1233 344 1506 402 SPURIA.
1529 376 1596 387 —
1633 344 1993 402 COMMENT.
2036 342 2102 399 lN
2143 343 2642 402 HEXAEMERON.

3456 349 3558 407 7l0
3603 300 3614 311 υ

314 456 564 529 ὑπῆρξαν
622 458 764 530 μετά
817 458 1078 531 Κέκροπα
1099 500 1115 524 ,
1167 460 1227 515 ὃν
1285 461 1454 516 πολλά
1496 462 1740 534 Ὅμηρος
1791 463 1878 516 καὶ

1987 460 2307 516 Phaetontis
2337 461 2747 534 deﬂagratione,
2779 461 3141 518 Eritchthonii
3172 467 3295 518 ortu
3329 478 3397 519 ex
3423 462 3556 520 Vul-

324 548 565 614 Ἡσίοδος
605 553 720 615 τοῖς
753 552 967 624 χρόνοις
1016 551 1437 624 ὑποὸεὕήκασιν.
1465 555 1529 609 Ei
1577 555 1635 609 δὲ
1679 554 1885 609 τούτων

315 640 657 696 ἐλαττοῦνται
695 646 808 708 τοῖς
840 643 986 698 ἔτεσι
1009 684 1024 713 ,
1072 645 1205 699 πολὺ
1240 647 1411 717 δήπου
1461 646 1562 717 τῆς
1606 646 1885 711 Μωῦσέως

311 732 649 805 ὑπάρχουσιν
698 735 914 807 ἡλικίας
963 734 1276 809 κατώτεροι,
1326 732 1492 802 Οὗτος
1536 738 1715 792 τοίνυν
1775 738 1885 792 τῶν

313 823 493 892 σοφῶν
541 824 759 879 πάντων
805 826 1119 890 διδάσκαλος
1169 829 1448 901 ἀνεδείχθη
1485 830 1585 901 τῆς
1627 829 1886 902 ἀληθείας

313 915 604 981 θειότατος.
652 918 765 989 Τὴν
810 918 921 991 γὰρ
958 920 1066 974 τῶν
1103 922 1412 989 Δίγυπτίων
1442 922 1740 994 λεγομένην
1768 920 1884 975 δια-

312 1001 524 1067 πτύσας
558 1004 767 1073 σοφίαν,
802 1006 999 1078 ἄριστα
1031 1009 1159 1080 περ).
1182 1008 1341 1079 τῆσδε
1373 1010 1466 1064 τοῦ
1500 1011 1705 1081 κόσμου
1740 1010 1882 1076 διεξ-

311 1093 442 1165 ῆλθε
474 1095 785 1161 συστάσεως
803 1137 819 1163 ,
858 1098 950 1151 ὑπ’
973 1099 1137 1153 αὐτοῦ
1164 1100 1405 1172 δηλονότι
1435 1101 1529 1156 τοῦ
1557 1103 1649 1157 ἐπὶ
1666 1104 1882 1157 πάντων

314 1185 449 1240 Θεοῦ
502 1188 596 1241 καὶ
636 1187 968 1266 δημιουργοῦ
1007 1189 1103 1243 τοῦ
1151 1193 1352 1257 παντὸς
1383 1195 1741 1265 ἐμπνευσθείς
1781 1193 1881 1266 τὴν

312 1277 591 1350 ἀλήθειαν.
624 1263 786 1348 Λέγει
821 1281 961 1352 γάρ’
1003 1282 1106 1336 Ἐν
1133 1282 1294 1354 ἀρχῇ
1332 1263 1620 1354 ἐποίησεν
1662 1291 1696 1343 ό
1739 1263 1883 1357 Θεός

310 1368 418 1422 τὸν
464 1371 726 1439 οὐρανὸν
769 1373 868 1426 καὶ
915 1373 1031 1443 τὴν
1079 1374 1214 1446 γῆν.
1250 1378 1360 1431 Καὶ
1400 1378 1584 1433 πολλοὶ
1613 1380 1722 1435 τῶν
1751 1385 1881 1455 παρ’

313 1462 538 1536 Ἕλλησι
570 1465 831 1520 τάναντία·
857 1465 1063 1521 τούτων
1096 1468 1351 1533 διεξιέναι
1388 1470 1759 1543 τολμήσαντες
1800 1474 1882 1538 είς

310 1553 472 1623 βυθὸν
508 1556 728 1625 ἀγνοίας
767 1558 1286 1631 κατηκοντίσθησαν.
1324 1560 1404 1616 Τὰ
1434 1564 1544 1634 γάρ
1576 1562 1635 1631 ἐξ
1673 1563 1883 1636 ἀνθρω-

307 1645 472 1718 πίνης
495 1647 727 1714 διανοίας
760 1650 1144 1722 προφερόμενα
1177 1651 1423 1724 δόγματα
1462 1655 1628 1725 σαφῆ.
1651 1694 1663 1708 .
1687 1693 1701 1708 .
1723 1692 1738 1706 .
1762 1654 1879 1708 ἀνει

308 1736 405 1791 καὶ
453 1738 839 1810 ἀνερμάτιστα.
873 1739 1061 1805 Οὐδεὶς
1109 1739 1219 1814 γὰρ
1270 1745 1402 1816 παρ’
1448 1744 1632 1807 αὐτοῖς
1678 1744 1878 1815 ἔστηκε

307 1828 462 1899 λόγος
504 1829 789 1903 ἀκίνητος,
833 1831 922 1887 ἀει
972 1832 1067 1888 τοῦ
1119 1815 1369 1908 δευτέρου
1417 1835 1509 1891 τὸν
1554 1836 1664 1908 πρὸ
1712 1835 1877 1891 αὐτοῦ
1912 1815 1950 1872 Β

308 1921 729 1987 καταϐάλλοντος
747 1940 761 1954 ·
790 1922 930 1978 ὥστε
959 1926 1125 1997 μηδὲν
1149 1926 1308 1999 ἔργον
1339 1923 1477 1982 εἶναι
1505 1930 1616 1992 τοῖς
1644 1931 1875 1994 πιστοῖς,

306 2015 566 2069 τάκείνων
596 2013 856 2087 ἐλέγχειν,
883 2017 1194 2089 ἀρκούντων
1222 2020 1444 2074 ἐκείνων
1464 2019 1717 2091 ἀλλήλοις
1739 2020 1875 2091 πρὸς

304 2106 403 2177 τὴν
425 2106 631 2161 οἰκείαν
662 2108 999 2181 ἀνατροπήν.
1032 2110 1245 2176 ὀποῖος
1270 2111 1328 2165 δὲ
1352 2112 1413 2165 τδ
1451 2112 1639 2183 σχῆμα
1665 2111 1756 2164 καὶ
1779 2111 1875 2183 τὴν

303 2198 491 2253 οὐσίαν
515 2201 545 2253 ὁ
572 2199 798 2272 οὐρανός
820 2202 955 2266 ἐστι,
986 2201 1222 2257 διδάσκει
1245 2205 1392 2275 ἡμᾶς
1418 2202 1645 2266 Ἡσαΐας
1668 2202 1839 2271 λέγων
1856 2218 1872 2234 ο

315 2287 378 2342 Ὃ
419 2288 659 2357 στήσας
703 2290 813 2345 τὸν
860 2291 1120 2360 οὐρανὸν
1161 2292 1304 2347 ὡσεί
1354 2291 1629 2362 καμάραν
1650 2310 1664 2325 ·
1712 2292 1874 2348 αὐτοῦ

302 2381 527 2453 λεπτὴν,
562 2383 659 2439 καὶ
700 2383 764 2436 οὐ
804 2383 1050 2455 στερεὰν,
1081 2384 1204 2438 οὐδὲ
1240 2387 1471 2456 παχεῖαν
1512 2385 1880 2456 αἰνιττόμενος

302 2467 441 2525 εἶναι
459 2509 475 2534 ,
521 2470 596 2534 ὡς
641 2470 736 2524 καὶ
777 2471 1010 2543 ἀλλαχοῦ
1059 2489 1222 2543 φησιν
1239 2490 1254 2504 ·
1302 2473 1365 2527 '0
1395 2472 1734 2543 στερεώσας
1771 2473 1881 2527 τὸν

301 2563 563 2632 οὐρανὸν
587 2561 733 2616 ὡσεὶ
761 2562 1011 2635 καπνόν.
1043 2561 1153 2634 Τὴν
1174 2563 1231 2616 δὲ
1258 2564 1363 2636 γῆν
1387 2564 1585 2634 φάσκει
1613 2567 1643 2619 ὁ
1667 2565 1880 2637 ψαλμὺς

301 2654 397 2707 ἐπὶ
445 2652 555 2706 τῶν
609 2651 814 2706 ὑδάτων
869 2652 1176 2724 ὲνηρεῖσθαι
1193 2694 1209 2719 ,
1269 2654 1442 2726 λέγων
1462 2673 1477 2687 ·
1535 2656 1730 2724 Αὐτὸς
1776 2657 1875 2712 ἐπὶ

301 2743 630 2800 θαλασσιῖη·
661 2744 1055 2814 ἐθεμελίωσεν
1080 2745 1292 2816 αὐτὴν,
1326 2747 1424 2801 καὶ
1465 2747 1565 2802 ἐπὶ
1595 2747 1876 2818 ποταμῶν

301 2836 633 2906 ἡτοίμασεν
662 2833 874 2903 αὐτήν.
900 2835 1009 2889 Καὶ
1042 2835 1103 2889 τὸ
1131 2835 1246 2901 πῶς
1282 2837 1343 2891 οὐ
1381 2837 1461 2890 δεῖ
1487 2837 1874 2910 πολυπραγμο-

301 2930 445 2991 νεῖν,
484 2926 621 2980 ἀλλά
661 2925 953 2980 πιστεύειν.
987 2924 1059 2980 Τὸ
1097 2926 1205 2999 γὰρ
1246 2927 1451 2983 ἀπλοῦν
1491 2930 1590 3002 τῆς
1638 2930 1874 2994 πίστεως

305 3018 651 3091 ἰσχυρότερον
695 3017 927 3090 ὑπάρχει
959 3017 1192 3087 λογικῶν
1221 3019 1575 3086 ἀποδείξεων·
1609 3020 1874 3091 ἀνέφικτα

300 3108 410 3180 γὰρ
440 3111 532 3164 καὶ
557 3110 915 3183 ἀκατάληπά
937 3112 1054 3163 ἐστι
1080 3110 1174 3165 τοῦ
1197 3111 1331 3164 Θεοῦ
1359 3111 1428 3166 τὰ
1466 3112 1729 3186 κρίματα.

1985 571 2123 610 cano
2154 563 2209 609 et
2256 554 2447 618 Terra,
2500 566 2662 626 atque
2694 564 2854 626 raptu
2886 554 3247 626 Proserpinae.
3291 556 3381 611 Hi.
3409 559 3556 612 enim

1983 662 2174 702 omnes
2208 654 2331 717 post
2355 646 2649 716 Cecropem
2693 647 2864 714 fuere,
2914 662 3025 717 quo
3053 647 3322 704 Homerus
3351 658 3405 705 et
3447 649 3557 705 lie-

1983 738 2172 794 siodus
2200 738 2358 809 longe
2381 745 2541 793 aetate
2576 739 2926 808 posteriores.
2962 737 3067 805 Qui
3103 740 3149 795 si
3180 741 3339 795 annis
3363 740 3556 795 horum

1984 841 2112 886 sunt
2141 829 2446 893 inferiores,
2481 845 2566 885 nte
2610 830 2680 884 ab
2723 838 2885 887 aetate
2915 830 3118 904 Moysis
3152 831 3309 902 longe
3332 830 3557 888 dissitas

1981 939 2105 978 csse
2129 924 2515 992 comperimus.
2558 920 2659 978 Hic
2705 922 2887 994 itaque
2915 939 2981 979 ex
3010 923 3267 980 omnibus
3295 924 3557 993 sapienti-

1982 1011 2087 1067 bus
2123 1012 2504 1069 divinissimus
2551 1013 2804 1069 veritatis
2848 1022 3151 1086 praeceptor
3191 1015 3410 1070 habitus
3449 1026 3555 1072 cst.

1981 1096 2194 1153 Etenim
2237 1098 2508 1171 Egyptia,
2556 1116 2720 1170 quam
2751 1101 2961 1168 dicunt,
2993 1103 3260 1174 sapientia
3292 1104 3555 1169 delibata,

1963 1190 2224 1285 ‘mnium
2269 1193 2474 1261 optime
2505 1190 2574 1247 de
2605 1193 2790 1246 mundi
2821 1192 2984 1262 hujus
3014 1196 3443 1261 constructione,
3474 1198 3556 1268 ip»

1982 1280 2097 1337 sius
2126 1282 2336 1337 scilicet
2369 1280 2485 1347 Dei,
2522 1296 2705 1337 rerum
2750 1292 2806 1337 et
2838 1284 3080 1340 universi
3116 1285 3282 1356 hujus
3308 1286 3553 1357 Opificis,

1980 1372 2160 1427 afﬂatu
2183 1373 2488 1430 concitatus
2507 1373 2577 1427 ad
2606 1375 2886 1430 veritatem
2913 1376 3196 1435 disseruit.
3221 1378 3361 1434 Dicit
3383 1380 3555 1445 enim,

1981 1463 2048 1519 In
2074 1467 2328 1533 principio
2367 1468 2564 1521 creavit
2604 1467 2745 1525 Deus
2781 1470 2972 1522 mlum
3002 1477 3051 1523 et
3096 1478 3290 1524 terram
3321 1472 3365 1526 ⁵.
3403 1470 3555 1526 Νου-

1980 1557 2114 1611 nulli
2142 1555 2521 1612 Graacorumin
2541 1559 2872 1613 contrariam
2907 1566 3118 1629 partem
3138 1561 3405 1630 permulta
3434 1562 3554 1617 dis-

1978 1654 2175 1718 putare
2232 1647 2436 1710 conati,
2464 1648 2518 1701 in
2545 1647 2877 1718 profundum
2908 1648 3228 1719 ignorantiae
3251 1650 3554 1721 prmcipites

1980 1739 2084 1794 acti
2122 1747 2268 1794 sunt.
2302 1738 2563 1810 Dogmata
2593 1756 2830 1811 namque
2864 1741 3107 1796 humana
3140 1742 3355 1799 ratione
3397 1744 3553 1813 judi-

1980 1830 2174 1901 cioque
2200 1831 2437 1901 prodita,
2472 1832 2660 1886 multis
2682 1832 3035 1888 obscuritatis
3061 1833 3286 1889 latebris
3309 1834 3552 1890 involuta

1979 1918 2172 1983 latent,
2204 1934 2307 1975 nec
2337 1920 2450 1974 ullo
2476 1920 2752 1976 firmitatis
2786 1920 2963 1976 fulcro
2990 1923 3340 1978 constabilita
3380 1923 3554 1982 vacil-

1979 2011 2113 2066 lant.
2143 2009 2300 2065 Nulla
2329 2011 2529 2083 quippe
2566 2013 2839 2069 sententia
2867 2014 3010 2085 apud
3051 2031 3149 2071 eos
3178 2015 3400 2069 immota
3433 2030 3550 2069 una.

1979 2112 2092 2169 net,
2129 2119 2345 2174 semper
2375 2105 2609 2176 primum
2652 2114 3004 2177 oppugnante
3050 2107 3315 2173 secundo,
3370 2109 3444 2163 ita
3492 2117 3554 2163 ut

1977 2207 2074 2249 eos
2096 2183 2358 2250 refellere
2386 2195 2523 2249 nihil
2549 2195 2620 2251 sit
2643 2197 2868 2267 negotii,
2901 2213 3030 2252 cum
3073 2199 3151 2253 illi
3182 2199 3417 2269 propriis
3453 2199 3555 2254 do-

1979 2286 2256 2357 gmatibus
2281 2287 2590 2343 evertendis
2622 2287 2912 2345 sufﬁciant.
2945 2288 3137 2356 Qualis
3166 2306 3331 2361 porro
3372 2290 3555 2362 figurae

1977 2385 2295 2449 naturaeque
2343 2378 2542 2433 cmlum
2597 2377 2690 2444 sit,
2724 2379 2884 2436 nobis
2912 2378 3082 2437 Isaias
3116 2382 3300 2438 verbis
3339 2381 3448 2437 illis
3477 2381 3555 2436 si-

1977 2470 2255 2540 gnificavit
2284 2489 2298 2525 :
2342 2469 2448 2537 Qui
2480 2481 2623 2526 stare
2647 2470 2823 2540 fecisti
2858 2471 3048 2526 caelum
3075 2474 3229 2543 quasi
3255 2473 3551 2543 fornicem;

1979 2562 2180 2632 quibus
2206 2560 2369 2617 etiam
2403 2571 2620 2617 tenuem
2652 2561 2800 2618 illius
2845 2568 2899 2618 et
2946 2577 3056 2618 non
3086 2563 3341 2628 solidam,
3373 2579 3554 2633 neque

1979 2668 2219 2709 crassam
2250 2662 2500 2709 naturam
2528 2669 2650 2710 esse
2679 2653 2880 2719 innuit,
2922 2654 3089 2710 sicuti
3120 2662 3173 2709 et
3207 2654 3334 2708 alibi
3366 2654 3499 2709 dicit
3532 2671 3549 2709 :

1980 2743 2086 2810 Qui
2107 2745 2335 2814 ﬁrmasti
2360 2744 2548 2800 mlum
2578 2745 2732 2817 quasi
2760 2744 2983 2815 fumum.
2998 2744 3224 2801 Terram
3254 2759 3384 2801 vero
3396 2743 3555 2798 Psal-

1978 2834 2173 2891 modus
2200 2836 2273 2890 ait
2293 2820 2461 2908 super
2487 2849 2658 2906 aquas
2686 2834 3004 2893 sustentari.
3038 2833 3160 2904 Ipse
3186 2850 3342 2905 super
3379 2833 3554 2887 maria

1977 2926 2217 2997 [undavit
2259 2943 2410 2991 eam,
2457 2934 2507 2981 et
2540 2942 2697 2996 super
2729 2927 2955 2996 ﬂumina
2990 2928 3311 2997 praeparavit
3354 2943 3472 2981 eam
3506 2927 3549 2981 ⁸.

1980 3018 2087 3074 Sed
2118 3019 2265 3074 enim
2300 3019 2518 3074 modum
2549 3034 2662 3075 non
2698 3019 2960 3075 debemus
2993 3020 3212 3075 curiose
3255 3018 3551 3089 inquirere,

1975 3127 2165 3168 verum
2205 3110 2447 3166 credere.
2494 3110 2828 3182 Simplicitas
2873 3112 3020 3167 enim
3061 3119 3264 3168 nostra:
3304 3110 3425 3167 ﬁdei
3456 3111 3553 3166 de-

300 3202 788 3259 monstrationibus
816 3203 1140 3269 dialecticis,
1175 3204 1333 3276 longe
1357 3206 1588 3263 validior
1606 3216 1715 3274 est,
1740 3221 1867 3264 cum
1900 3205 2108 3278 judicia
2133 3205 2252 3271 Dei,
2291 3222 2395 3262 nec
2450 3205 2839 3277 comprehendi
2868 3205 3102 3277 possint,
3135 3220 3237 3261 nec
3284 3219 3349 3261 ea
3374 3204 3553 3275 capiat

299 3294 552 3351 humanae
578 3299 897 3369 conjectura
926 3300 1146 3356 mentis.

374 3388 455 3460 Τῇ
507 3392 706 3463 πρώτῃ
753 3387 867 3448 οὖν
929 3395 1120 3465 ἡμέρᾳ.
1173 3396 1463 3467 ἐποίησεν
1498 3401 1534 3453 ὁ
1581 3397 1727 3466 Θεὸς
1765 3398 1874 3453 τὸν

2047 3390 2233 3447 Primo
2262 3389 2439 3457 itaque
2481 3388 2567 3443 die
2595 3389 2790 3444 creavit
2835 3388 2978 3444 Deus
3009 3389 3219 3455 caelum,
3251 3398 3301 3443 et
3329 3397 3548 3459 terram,

300 3482 578 3551 οὐρανὸν,
618 3483 719 3538 καὶ
746 3484 861 3554 τὴν
900 3485 1038 3556 γῆν,
1082 3487 1183 3541 καὶ
1227 3487 1294 3543 τὸ
1342 3489 1500 3560 φῶςο
1547 3490 1645 3545 καὶ
1696 3490 1875 3545 πάντα

296 3572 451 3646 ὀξείᾳ
496 3574 690 3646 καιροῦ
730 3578 871 3648 ῥοπῇ
930 3576 1296 3648 κατεφώτισε·
1346 3579 1504 3635 τοῦτο
1544 3580 1602 3635 δέ
1647 3583 1763 3635 ἐστι
1810 3581 1874 3635 τὸ

300 3664 558 3736 φθαρτόν.
600 3666 715 3738 Πρὸ
754 3666 865 3739 γὰρ
899 3668 1090 3723 τούτου
1124 3670 1420 3743 σκιάσματι
1466 3674 1706 3745 περιεῖχε
1752 3689 1876 3727 σκο-

299 3755 476 3810 τεινὸν
526 3756 620 3811 τοῦ
657 3759 889 3830 οὐρανοῦ
944 3761 1330 3833 περιταθέντος
1351 3803 1366 3827 ,
1410 3764 1505 3818 καὶ
1552 3764 1731 3818 πάντα
1774 3766 1875 3819 ὅσα

303 3847 543 3916 συνεῖχε,
572 3846 668 3900 καὶ
696 3845 787 3901 τὸν
834 3847 1228 3919 ἀπολειφθέντα
1269 3853 1432 3908 τόπον
1471 3854 1684 3926 ἀφεγγῆ
1708 3873 1876 3910 κατα-

302 3939 617 4009 στήσαντος.
644 3936 881 4005 Ἔξωθεν
901 3938 958 3992 δὲ
990 3940 1085 3995 τοῦ
1113 3942 1344 4015 οὐρανοῦ
1371 3943 1486 4015 φῶς
1516 3941 1656 4000 εἶναι
1679 3947 1874 4004 ἀσκία-

302 4047 448 4096 στον,
475 4030 570 4084 καὶ
597 4030 895 4103 ἄφθαρτον,
923 4033 1019 4087 καὶ
1052 4032 1289 4100 αἰώνιον,
1328 4038 1385 4091 ὲν
1405 4031 1450 4107 ᾧ
1483 4037 1703 4108 ἄγγελοι
1729 4040 1871 4096 διαι-

301 4123 519 4186 τῶνται,
550 4124 678 4194 περὶ
705 4117 766 4177 οὗ
812 4141 945 4196 φησι
990 4124 1277 4198 Σολομῶν
1313 4128 1441 4197 Φῶς
1475 4129 1729 4199 δικαίοις
1774 4133 1873 4190 διὰ

302 4213 547 4279 παντὸς,
581 4215 660 4278 εἰς
683 4212 712 4266 ὃ
739 4214 831 4268 καὶ
860 4215 911 4269 οἰ
947 4215 1127 4281 καλῶς
1153 4214 1446 4286 βιώσαντες
1482 4220 1869 4278 ἀναπαύονται.

302 4304 533 4376 Νοήσεις
556 4305 613 4361 δὲ
633 4306 820 4361 τούτου
850 4307 949 4380 τὴν
975 4309 1285 4380 οἰκονομίαν
1314 4310 1374 4376 ἐξ
1406 4312 1669 4386 ἐναργοῦς
1693 4330 1872 4386 παρα-

301 4396 608 4469 δείγματος,
640 4400 723 4454 ὅτι
771 4401 886 4471 φῶς
929 4401 1190 4457 ἄσϐεστον
1234 4403 1328 4457 τὸν
1364 4403 1468 4470 ἔξω
1495 4403 1670 4478 χῶρον
1715 4424 1871 4480 περι-

301 4485 503 4558 λάμπει
532 4488 628 4542 τοῦ
654 4491 904 4562 οὐρανοῦ.
930 4490 1033 4546 Τὸν
1055 4492 1112 4546 δὲ
1144 4492 1254 4548 ἔσω
1295 4494 1463 4566 ἀχλὺς
1491 4500 1736 4570 περιεῖχε
1763 4496 1871 4570 πρὸ

301 4578 394 4632 τοῦ
424 4580 715 4654 γενηθῆναι
748 4582 809 4636 τὸ
828 4583 963 4653 φῶς.
993 4585 1203 4656 Ὠσπερ
1220 4586 1328 4659 γὰρ
1347 4587 1401 4640 εί
1418 4604 1504 4652 τις
1534 4589 1592 4643 ὲν
1634 4589 1869 4666 σταθερᾷ

303 4673 620 4748 μεσημϐρίᾳ
666 4675 842 4749 πήξας
886 4680 952 4731 ὲκ
993 4679 1203 4750 πυκνῆς
1259 4678 1390 4751 ὕλης
1437 4681 1639 4754 σκηνὴν
1679 4682 1866 4749 σκότος

300 4745 644 4838 αὐτοσχέδιον
675 4745 835 4834 ποιεῖ,
872 4771 965 4824 καὶ
995 4745 1246 4843 οὐδαμῶς
1280 4745 1610 4846 φωτισθῆναι
1648 4745 1865 4831 δύναται
1898 4745 1942 4801 D

298 4858 331 4911 ὀ
364 4860 748 4931 περιεχόμενος
791 4862 986 4926 τόπος,
1017 4864 1065 4916 εἰ
1107 4862 1181 4935 μὴ
1213 4865 1387 4933 φωτὸς
1428 4866 1681 4941 ἐκλάμψῃ
1726 4885 1866 4941 μαρ-

303 4952 524 5021 μαρυγή
547 4966 560 4980 ·
589 4948 731 5004 οὕτω
754 4951 989 5006 τοιοῦτον
1015 4953 1378 5010 ἀνυπόστατον
1408 4957 1596 5022 σκότος
1627 4946 1868 5031 περιεῖχε

301 5036 393 5093 τὸν
422 5038 623 5111 κόσμον
664 5040 767 5095 ὑπὸ
803 5041 898 5095 τοῦ
941 5043 1168 5115 οὐρανοῦ
1203 5046 1639 5119 καλυπτόμενον,
1680 5049 1816 5122 ὅπερ
1838 5050 1868 5102 ὀ

302 5128 435 5193 Θεὸς
476 5129 773 5204 διεχώρησε
805 5128 1299 5209 δημιουργήσας’τὸ
1332 5137 1482 5208 φῶς,
1534 5140 1627 5194 καὶ
1655 5141 1868 5213 ἡμέραν

303 5220 435 5274 αὐτὸ
460 5222 899 5296 προσονομάσας,
948 5227 1041 5280 καὶ
1073 5228 1134 5281 τὸ
1172 5228 1361 5294 σκότος
1399 5230 1586 5287 νύκτα.
1623 5233 1870 5305 Ἀναχεο-

304 5312 467 5383 μένου
509 5314 617 5387 γὰρ
658 5314 752 5368 τοῦ
786 5316 989 5385 φωτὸς,
1035 5318 1216 5391 ἡμέρα
1272 5321 1548 5391 γίγνεται,
1592 5324 1869 5378 συστελλο-

304 5402 466 5472 μένου
510 5403 589 5469 δὲ,
635 5403 733 5471 νὺξ
774 5405 1099 5462 ἀντέπεισιν.
1131 5409 1290 5463 Ὅθεν
1329 5411 1423 5465 καὶ¹
1464 5414 1522 5468 ὲν
1550 5416 1617 5486 τῇ
1658 5432 1868 5487 συμμε-

298 5496 491 5568 τρήσει
536 5495 646 5551 τῶν
679 5495 884 5569 χρόνων
928 5499 1160 5572 ἡμέρας,
1204 5501 1297 5556 καὶ
1337 5503 1456 5574 οὑχί
1495 5504 1696 5571 νύκτας
1745 5506 1867 5575 ἀρι-

300 5584 564 5659 θμοῦμεν,

373 5796 395 5830 ⁵
425 5794 549 5853 Gen.
577 5814 615 5864 ι,
649 5798 700 5855 l.
777 5800 798 5831 ‘
826 5798 977 5855 Psal.
1014 5815 1173 5870 nul,
1196 5800 1252 5857 Ξ.

1971 3496 2022 3543 et
2057 3489 2246 3549 lucem,
2276 3488 2331 3539 et
2362 3483 2617 3538 omnibus
2654 3481 2999 3538 velocissimo
3027 3489 3232 3553 puncto
3261 3484 3547 3554 temporis,

1974 3577 2157 3631 lumen
2207 3572 2353 3645 quod
2386 3571 2725 3642 corruptioni
2774 3571 3071 3627 obnoxium
3107 3579 3210 3635 est,
3240 3575 3549 3629 communi-

1973 3668 2139 3723 cavit.
2168 3666 2308 3721 Ante
2331 3666 2476 3720 enim
2500 3663 2633 3719 illud
2661 3663 2852 3718 umbra
2878 3664 3124 3735 quaedam
3145 3663 3383 3719 obscura
3406 3665 3546 3721 caelo

1972 3766 2200 3816 extenso
2246 3757 2457 3828 dejecta
2496 3757 2718 3819 velabat
2757 3755 2972 3823 omnia,
3009 3755 3303 3827 lumenque
3347 3771 3378 3810 a
3409 3757 3547 3813 locis

1973 3850 2080 3906 illis
2108 3850 2346 3906 arcebat.
2377 3847 2580 3905 Verum
2620 3854 2774 3903 extra
2806 3847 3028 3911 coelum,
3060 3847 3244 3903 lumen
3274 3847 3418 3919 quod
3446 3849 3546 3904 ob-

1970 3943 2185 3999 scurari
2212 3957 2324 3998 non
2363 3948 2565 4013 potest,
2598 3939 2751 3995 omni
2788 3938 3162 4011 corruptione,
3195 3940 3344 3996 omni
3388 3949 3547 3998 aetate

1972 4033 2247 4105 superius,
2281 4033 2338 4087 in
2363 4037 2477 4103 ‘quo
2499 4030 2672 4102 angeli
2720 4029 2944 4101 degunt,
2975 4030 3306 4096 extenditur,
3338 4031 3406 4088 de
3435 4049 3545 4102 quo

1972 4122 2230 4179 Salomon
2277 4123 2354 4177 ait
2387 4118 2626 4177 :Lumen
2648 4121 2817 4192 justis
2847 4122 2901 4175 in
2933 4130 3258 4192 perpetuum;
3289 4123 3344 4177 in
3372 4123 3541 4194 quod,

1972 4216 2066 4288 qui
2112 4217 2252 4271 bene
2290 4214 2548 4281 vixerint,
2580 4213 2746 4269 delati
2768 4212 3080 4296 quiescunt.
3118 4211 3542 4284 Dispositionem

1969 4304 2112 4361 hanc
2145 4304 2439 4361 dilucidam
2498 4302 2685 4360 reddet
2733 4303 2942 4358 clarum
2981 4311 3038 4359 et
3084 4314 3328 4375 apertum
3359 4322 3545 4364 exem-

1968 4397 2141 4468 plum,
2187 4396 2373 4451 lumen
2423 4395 2634 4451 scilicet
2665 4394 3079 4461 inexstinctum,
3111 4396 3288 4451 locum
3324 4413 3544 4464 omnem

1968 4488 2093 4544 caeli
2122 4495 2367 4544 extorum
2399 4482 2728 4554 illuminare,
2760 4501 2921 4558 quem
2956 4502 3087 4543 vero
3119 4489 3407 4560 complexu
3439 4505 3542 4546 suo

1968 4582 2165 4637 coelum
2216 4587 2387 4646 tenet,
2433 4588 2724 4651 antequam
2760 4577 2944 4633 lumen
2979 4577 3160 4645 fleret,
3209 4580 3443 4651 caligine
3474 4597 3541 4637 ac

1967 4673 2208 4732 tenebris
2251 4681 2452 4730 tectum
2511 4688 2623 4728 non
2679 4670 3019 4742 apparuisse.
3074 4671 3539 4738 Quemadmodum

1971 4767 2116 4824 enim
2145 4767 2192 4824 si
2223 4767 2347 4838 quis
2374 4765 2601 4821 meridie
2631 4762 3035 4820 ferventissimo
3066 4778 3133 4819 ex
3167 4764 3335 4821 densa
3370 4774 3543 4821 mate-

1972 4858 2054 4914 ria
2086 4857 2494 4914 tabernaculum
2520 4855 2838 4918 confecerit,
2870 4852 3258 4911 obscuritatem
3302 4864 3357 4912 et
3387 4864 3543 4912 tene-

1971 4950 2100 5007 bras
2120 4966 2186 5006 ex
2216 4957 2459 5020 tempore
2486 4954 2707 5025 paratas
2732 4944 2908 5011 ali‘ert,
2944 4960 3121 5016 neque
3142 4946 3299 5003 locus
3328 4946 3418 5004 ille
3442 4949 3539 5019 qui

1972 5043 2120 5098 illius
2167 5038 2517 5097 circumflexu
2562 5044 2857 5109 tegeretur,
2903 5043 3085 5108 potest
3128 5037 3445 5103 illuminari,
3481 5040 3535 5093 ιι·

1970 5132 2196 5189 luminis
2225 5130 2379 5187 radio
2410 5130 2574 5186 fuerit
2610 5128 2865 5200 perfusus
2893 5147 2904 5183 :
2938 5128 3258 5185 sic'similes
3298 5130 3523 5185 tenebra

1962 5216 2091 5294 'qua:
2119 5240 2229 5280 non
2258 5222 2651 5286 subsistebant,
2682 5220 2945 5276 mundum
2968 5237 3129 5295 quem
3160 5222 3358 5276 coelum
3389 5237 3536 5275 corn-

1970 5315 2224 5389 plectitur
2250 5314 2667 5380 adumbrahant,
2697 5329 2791 5371 eas
2818 5314 2982 5380 Deus,
3012 5312 3278 5385 producto
3310 5312 3533 5372 luniine.

1970 5408 2227 5478 sejunxit,
2257 5407 2438 5463 lumen
2465 5408 2629 5472 diem,
2655 5409 2909 5464 tenebras
2937 5414 3150 5462 noctem
3180 5405 3536 5473 nuncupavit.

1971 5498 2184 5556 Etenim
2210 5500 2339 5555 dum
2369 5500 2550 5556 lumen
2581 5498 2928 5562 diffunditur,
2966 5497 3207 5568 gignitur
3233 5494 3380 5561 dies;
3404 5494 3532 5548 dum

1972 5589 2338 5658 contrahitur,
2376 5606 2484 5648 nox
2515 5591 2764 5659 advenit;
2802 5605 2991 5661 quare,
3027 5595 3081 5644 et
3117 5587 3245 5643 dum
3292 5593 3539 5658 tempora

1970 5684 2368 5754 commetimur,
2386 5684 2526 5754 dies,
2552 5700 2662 5742 non
2687 5692 2865 5740 autem
2887 5688 3077 5751 noctes
3088 5692 3536 5737 annumeramus;
