  <div class='ocr_page' id='page_1' title='image "/cluster/home/n/w/nwhite01/storage/ocr_20150623/18/mdp.39015008168943/367.png"; bbox 0 0 4090 6288; ppageno 0'>
   <div class='ocr_carea' id='block_1_1' title="bbox 583 314 690 371">
    <p class='ocr_par' dir='ltr' id='par_1_1' title="bbox 583 314 690 371">
     <span class='ocr_line' id='line_1_1' title="bbox 583 314 690 371; baseline 0.009 -1"><span class='ocrx_word' id='word_1_1' title='bbox 583 314 690 371; x_wconf 80' lang='lat' dir='ltr'><strong>7H</strong></span> 
     </span>
    </p>
   </div>
   <div class='ocr_carea' id='block_1_2' title="bbox 1439 316 2943 390">
    <p class='ocr_par' dir='ltr' id='par_1_2' title="bbox 1439 316 2943 390">
     <span class='ocr_line' id='line_1_2' title="bbox 1439 316 2943 390; baseline 0.009 -16"><span class='ocrx_word' id='word_1_2' title='bbox 1439 316 1500 374; x_wconf 82' lang='lat'><strong>8.</strong></span> <span class='ocrx_word' id='word_1_3' title='bbox 1537 317 1980 377; x_wconf 81' lang='lat' dir='ltr'><strong>EUSTATHIUS</strong></span> <span class='ocrx_word' id='word_1_4' title='bbox 2017 320 2508 384; x_wconf 75' lang='lat' dir='ltr'><strong>ANTIOCHENUS</strong></span> <span class='ocrx_word' id='word_1_5' title='bbox 2546 325 2943 390; x_wconf 80' lang='lat' dir='ltr'><strong>EPISCOPUS.</strong></span> 
     </span>
    </p>
   </div>
   <div class='ocr_carea' id='block_1_3' title="bbox 3720 346 3816 404">
    <p class='ocr_par' dir='ltr' id='par_1_3' title="bbox 3720 346 3816 404">
     <span class='ocr_line' id='line_1_3' title="bbox 3720 346 3816 404; baseline 0.021 -2"><span class='ocrx_word' id='word_1_6' title='bbox 3720 346 3816 404; x_wconf 71' lang='grc'><strong>719.</strong></span> 
     </span>
    </p>
   </div>
   <div class='ocr_carea' id='block_1_4' title="bbox 652 430 2139 537">
    <p class='ocr_par' dir='ltr' id='par_1_4' title="bbox 652 430 2139 500">
     <span class='ocr_line' id='line_1_4' title="bbox 652 430 2139 500; baseline 0.006 -9"><span class='ocrx_word' id='word_1_7' title='bbox 652 430 909 492; x_wconf 84' lang='lat' dir='ltr'><strong>Secundo</strong></span> <span class='ocrx_word' id='word_1_8' title='bbox 950 434 1040 499; x_wconf 86' lang='lat' dir='ltr'><strong>die</strong></span> <span class='ocrx_word' id='word_1_9' title='bbox 1071 436 1279 493; x_wconf 78' lang='lat' dir='ltr'><strong>creavit</strong></span> <span class='ocrx_word' id='word_1_10' title='bbox 1321 436 1465 497; x_wconf 84' lang='lat' dir='ltr'><strong>Deus</strong></span> <span class='ocrx_word' id='word_1_11' title='bbox 1515 440 1915 497; x_wconf 74' lang='lat' dir='ltr'><strong>ﬁrmamentum</strong></span> <span class='ocrx_word' id='word_1_12' title='bbox 1951 453 2139 500; x_wconf 81' lang='lat' dir='ltr'><strong>natura</strong></span> 
     </span>
    </p>
   </div>
   <div class='ocr_carea' id='block_1_5' title="bbox 2237 430 3815 537">
    <p class='ocr_par' dir='ltr' id='par_1_5' title="bbox 2331 444 3815 537">
     <span class='ocr_line' id='line_1_5' title="bbox 2331 444 3815 537; baseline 0.012 -37"><span class='ocrx_word' id='word_1_13' title='bbox 2331 444 2408 519; x_wconf 72' lang='grc' dir='ltr'><strong>Τῇ</strong></span> <span class='ocrx_word' id='word_1_14' title='bbox 2426 446 2485 502; x_wconf 73' lang='grc' dir='ltr'>δὲ</span> <span class='ocrx_word' id='word_1_15' title='bbox 2504 447 2730 523; x_wconf 80' lang='grc' dir='ltr'><strong>δευτέρᾳ</strong></span> <span class='ocrx_word' id='word_1_16' title='bbox 2757 451 2942 527; x_wconf 74' lang='grc' dir='ltr'>ἡμέρᾳ</span> <span class='ocrx_word' id='word_1_17' title='bbox 2972 452 3226 528; x_wconf 81' lang='grc' dir='ltr'>ἐποίησεν</span> <span class='ocrx_word' id='word_1_18' title='bbox 3241 456 3273 511; x_wconf 83' lang='grc' dir='ltr'>ὁ</span> <span class='ocrx_word' id='word_1_19' title='bbox 3289 454 3423 523; x_wconf 73' lang='grc' dir='ltr'>Θεὸς</span> <span class='ocrx_word' id='word_1_20' title='bbox 3441 457 3505 513; x_wconf 84' lang='grc' dir='ltr'>τδ</span> <span class='ocrx_word' id='word_1_21' title='bbox 3519 460 3815 537; x_wconf 80' lang='grc' dir='ltr'>στερέωμα,</span> 
     </span>
    </p>
   </div>
   <div class='ocr_carea' id='block_1_6' title="bbox 577 525 2154 607">
    <p class='ocr_par' dir='ltr' id='par_1_6' title="bbox 577 525 2154 607">
     <span class='ocr_line' id='line_1_6' title="bbox 577 525 2154 607; baseline 0.006 -25"><span class='ocrx_word' id='word_1_22' title='bbox 577 525 828 584; x_wconf 60' lang='lat' dir='ltr'><strong>diversa.</strong></span> <span class='ocrx_word' id='word_1_23' title='bbox 854 529 1010 583; x_wconf 83' lang='lat' dir='ltr'><strong>Aliud</strong></span> <span class='ocrx_word' id='word_1_24' title='bbox 1033 537 1213 586; x_wconf 83' lang='lat' dir='ltr'><strong>autem</strong></span> <span class='ocrx_word' id='word_1_25' title='bbox 1248 530 1301 586; x_wconf 93' lang='lat' dir='ltr'><strong>id</strong></span> <span class='ocrx_word' id='word_1_26' title='bbox 1332 538 1439 596; x_wconf 87' lang='lat' dir='ltr'><strong>est,</strong></span> <span class='ocrx_word' id='word_1_27' title='bbox 1463 540 1518 588; x_wconf 89' lang='lat' dir='ltr'><strong>et</strong></span> <span class='ocrx_word' id='word_1_28' title='bbox 1542 533 1689 589; x_wconf 85' lang='lat' dir='ltr'><strong>aliud</strong></span> <span class='ocrx_word' id='word_1_29' title='bbox 1713 535 1917 590; x_wconf 62' lang='lat' dir='ltr'><strong>calum</strong></span> <span class='ocrx_word' id='word_1_30' title='bbox 1945 550 1976 591; x_wconf 83' lang='lat' dir='ltr'><strong>a</strong></span> <span class='ocrx_word' id='word_1_31' title='bbox 1998 539 2154 607; x_wconf 81' lang='lat' dir='ltr'><strong>prin-</strong></span> 
     </span>
    </p>
   </div>
   <div class='ocr_carea' id='block_1_7' title="bbox 576 618 2148 699">
    <p class='ocr_par' dir='ltr' id='par_1_7' title="bbox 576 618 2148 699">
     <span class='ocr_line' id='line_1_7' title="bbox 576 618 2148 699; baseline 0.006 -26"><span class='ocrx_word' id='word_1_32' title='bbox 576 618 725 689; x_wconf 87' lang='lat' dir='ltr'><strong>cipio</strong></span> <span class='ocrx_word' id='word_1_33' title='bbox 752 619 1072 687; x_wconf 86' lang='lat' dir='ltr'><strong>productum</strong></span> <span class='ocrx_word' id='word_1_34' title='bbox 1097 639 1112 676; x_wconf 88' lang='lat'>:</span> <span class='ocrx_word' id='word_1_35' title='bbox 1136 623 1385 692; x_wconf 84' lang='lat' dir='ltr'><strong>quamvis</strong></span> <span class='ocrx_word' id='word_1_36' title='bbox 1430 623 1785 693; x_wconf 79' lang='lat' dir='ltr'><strong>quisbusdam</strong></span> <span class='ocrx_word' id='word_1_37' title='bbox 1826 641 1995 681; x_wconf 89' lang='lat' dir='ltr'><strong>unum</strong></span> <span class='ocrx_word' id='word_1_38' title='bbox 2020 629 2148 699; x_wconf 90' lang='lat' dir='ltr'><strong>quid</strong></span> 
     </span>
    </p>
   </div>
   <div class='ocr_carea' id='block_1_8' title="bbox 575 710 2151 786">
    <p class='ocr_par' dir='ltr' id='par_1_8' title="bbox 575 710 2151 786">
     <span class='ocr_line' id='line_1_8' title="bbox 575 710 2151 786; baseline 0.006 -20"><span class='ocrx_word' id='word_1_39' title='bbox 575 718 630 766; x_wconf 91' lang='lat' dir='ltr'><strong>ct</strong></span> <span class='ocrx_word' id='word_1_40' title='bbox 666 710 806 766; x_wconf 87' lang='lat' dir='ltr'><strong>idem</strong></span> <span class='ocrx_word' id='word_1_41' title='bbox 828 726 952 767; x_wconf 87' lang='lat' dir='ltr'><strong>esse</strong></span> <span class='ocrx_word' id='word_1_42' title='bbox 986 714 1289 782; x_wconf 73' lang='lat' dir='ltr'><strong>placuerit;</strong></span> <span class='ocrx_word' id='word_1_43' title='bbox 1325 715 1479 769; x_wconf 84' lang='lat' dir='ltr'><strong>aiunt</strong></span> <span class='ocrx_word' id='word_1_44' title='bbox 1523 731 1758 786; x_wconf 90' lang='lat' dir='ltr'><strong>namque</strong></span> <span class='ocrx_word' id='word_1_45' title='bbox 1791 717 1894 773; x_wconf 86' lang='lat' dir='ltr'><strong>lmc</strong></span> <span class='ocrx_word' id='word_1_46' title='bbox 1926 721 2151 776; x_wconf 87' lang='lat' dir='ltr'><strong>secundi</strong></span> 
     </span>
    </p>
   </div>
   <div class='ocr_carea' id='block_1_9' title="bbox 575 802 2149 882">
    <p class='ocr_par' dir='ltr' id='par_1_9' title="bbox 575 802 2149 882">
     <span class='ocr_line' id='line_1_9' title="bbox 575 802 2149 882; baseline 0.008 -28"><span class='ocrx_word' id='word_1_47' title='bbox 575 802 964 874; x_wconf 68' lang='lat' dir='ltr'><strong>perfectionem</strong></span> <span class='ocrx_word' id='word_1_48' title='bbox 996 804 1202 870; x_wconf 74' lang='lat' dir='ltr'><strong>fuisse;</strong></span> <span class='ocrx_word' id='word_1_49' title='bbox 1230 807 1302 862; x_wconf 90' lang='lat' dir='ltr'><strong>ibi</strong></span> <span class='ocrx_word' id='word_1_50' title='bbox 1331 807 1478 862; x_wconf 84' lang='lat' dir='ltr'><strong>enim</strong></span> <span class='ocrx_word' id='word_1_51' title='bbox 1502 809 1657 878; x_wconf 81' lang='lat' dir='ltr'><strong>quasi</strong></span> <span class='ocrx_word' id='word_1_52' title='bbox 1687 809 1917 867; x_wconf 81' lang='lat' dir='ltr'><strong>confuse</strong></span> <span class='ocrx_word' id='word_1_53' title='bbox 1944 819 1997 866; x_wconf 87' lang='lat' dir='ltr'><strong>et</strong></span> <span class='ocrx_word' id='word_1_54' title='bbox 2024 828 2149 882; x_wconf 81' lang='lat' dir='ltr'><strong>per-</strong></span> 
     </span>
    </p>
   </div>
   <div class='ocr_carea' id='block_1_10' title="bbox 573 898 2150 964">
    <p class='ocr_par' dir='ltr' id='par_1_10' title="bbox 573 898 2150 964">
     <span class='ocr_line' id='line_1_10' title="bbox 573 898 2150 964; baseline 0.007 -13"><span class='ocrx_word' id='word_1_55' title='bbox 573 898 735 955; x_wconf 88' lang='lat' dir='ltr'><strong>miste</strong></span> <span class='ocrx_word' id='word_1_56' title='bbox 783 908 943 956; x_wconf 71' lang='lat' dir='ltr'><strong>term</strong></span> <span class='ocrx_word' id='word_1_57' title='bbox 991 911 1047 957; x_wconf 72' lang='lat' dir='ltr'><strong>et</strong></span> <span class='ocrx_word' id='word_1_58' title='bbox 1090 903 1216 957; x_wconf 57' lang='lat' dir='ltr'><strong>caeli</strong></span> <span class='ocrx_word' id='word_1_59' title='bbox 1251 903 1601 964; x_wconf 82' lang='lat' dir='ltr'><strong>creationem,</strong></span> <span class='ocrx_word' id='word_1_60' title='bbox 1640 904 1729 959; x_wconf 85' lang='lat' dir='ltr'><strong>hic</strong></span> <span class='ocrx_word' id='word_1_61' title='bbox 1757 905 2048 962; x_wconf 89' lang='lat' dir='ltr'><strong>discretius</strong></span> <span class='ocrx_word' id='word_1_62' title='bbox 2094 915 2150 963; x_wconf 80' lang='lat' dir='ltr'><strong>et</strong></span> 
     </span>
    </p>
   </div>
   <div class='ocr_carea' id='block_1_11' title="bbox 570 991 2151 1066">
    <p class='ocr_par' dir='ltr' id='par_1_11' title="bbox 570 991 2151 1066">
     <span class='ocr_line' id='line_1_11' title="bbox 570 991 2151 1066; baseline 0.006 -21"><span class='ocrx_word' id='word_1_63' title='bbox 570 991 818 1047; x_wconf 74' lang='lat' dir='ltr'><strong>exactius</strong></span> <span class='ocrx_word' id='word_1_64' title='bbox 853 993 1073 1047; x_wconf 82' lang='lat' dir='ltr'><strong>modum</strong></span> <span class='ocrx_word' id='word_1_65' title='bbox 1109 1010 1219 1065; x_wconf 92' lang='lat' dir='ltr'><strong>quo</strong></span> <span class='ocrx_word' id='word_1_66' title='bbox 1246 993 1390 1051; x_wconf 84' lang='lat' dir='ltr'><strong>Deus</strong></span> <span class='ocrx_word' id='word_1_67' title='bbox 1416 1010 1478 1049; x_wconf 82' lang='lat' dir='ltr'><strong>ea</strong></span> <span class='ocrx_word' id='word_1_68' title='bbox 1510 996 1786 1066; x_wconf 79' lang='lat' dir='ltr'><strong>produxit,</strong></span> <span class='ocrx_word' id='word_1_69' title='bbox 1811 1014 1982 1054; x_wconf 65' lang='lat' dir='ltr'><strong>sacrae</strong></span> <span class='ocrx_word' id='word_1_70' title='bbox 2006 1000 2151 1055; x_wconf 82' lang='lat' dir='ltr'><strong>litte-</strong></span> 
     </span>
    </p>
   </div>
   <div class='ocr_carea' id='block_1_12' title="bbox 569 1083 2147 1155">
    <p class='ocr_par' dir='ltr' id='par_1_12' title="bbox 569 1083 2147 1155">
     <span class='ocr_line' id='line_1_12' title="bbox 569 1083 2147 1155; baseline 0.006 -17"><span class='ocrx_word' id='word_1_71' title='bbox 569 1097 646 1138; x_wconf 73' lang='lat' dir='ltr'><strong>ra:</strong></span> <span class='ocrx_word' id='word_1_72' title='bbox 672 1084 917 1139; x_wconf 86' lang='lat' dir='ltr'><strong>tradunt.</strong></span> <span class='ocrx_word' id='word_1_73' title='bbox 956 1083 1068 1141; x_wconf 77' lang='lat' dir='ltr'><strong>Nos</strong></span> <span class='ocrx_word' id='word_1_74' title='bbox 1113 1101 1240 1141; x_wconf 86' lang='lat' dir='ltr'><strong>vero</strong></span> <span class='ocrx_word' id='word_1_75' title='bbox 1265 1086 1500 1143; x_wconf 77' lang='lat' dir='ltr'><strong>fatemur</strong></span> <span class='ocrx_word' id='word_1_76' title='bbox 1525 1088 1698 1154; x_wconf 85' lang='lat' dir='ltr'><strong>aliud,</strong></span> <span class='ocrx_word' id='word_1_77' title='bbox 1731 1096 1788 1145; x_wconf 89' lang='lat' dir='ltr'><strong>et</strong></span> <span class='ocrx_word' id='word_1_78' title='bbox 1821 1090 1988 1155; x_wconf 85' lang='lat' dir='ltr'><strong>aliud,</strong></span> <span class='ocrx_word' id='word_1_79' title='bbox 2022 1107 2147 1147; x_wconf 87' lang='lat' dir='ltr'><strong>eum</strong></span> 
     </span>
    </p>
   </div>
   <div class='ocr_carea' id='block_1_13' title="bbox 567 1176 2151 1260">
    <p class='ocr_par' dir='ltr' id='par_1_13' title="bbox 567 1176 2151 1260">
     <span class='ocr_line' id='line_1_13' title="bbox 567 1176 2151 1260; baseline 0.007 -30"><span class='ocrx_word' id='word_1_80' title='bbox 567 1183 624 1230; x_wconf 83' lang='lat' dir='ltr'><strong>et</strong></span> <span class='ocrx_word' id='word_1_81' title='bbox 655 1190 853 1230; x_wconf 76' lang='lat' dir='ltr'><strong>nomen</strong></span> <span class='ocrx_word' id='word_1_82' title='bbox 881 1176 1055 1240; x_wconf 84' lang='lat' dir='ltr'><strong>aliud,</strong></span> <span class='ocrx_word' id='word_1_83' title='bbox 1108 1186 1161 1233; x_wconf 88' lang='lat' dir='ltr'><strong>et</strong></span> <span class='ocrx_word' id='word_1_84' title='bbox 1211 1180 1488 1249; x_wconf 87' lang='lat' dir='ltr'><strong>proprium</strong></span> <span class='ocrx_word' id='word_1_85' title='bbox 1522 1198 1680 1237; x_wconf 87' lang='lat' dir='ltr'><strong>usum</strong></span> <span class='ocrx_word' id='word_1_86' title='bbox 1713 1181 1952 1237; x_wconf 84' lang='lat' dir='ltr'><strong>secundo</strong></span> <span class='ocrx_word' id='word_1_87' title='bbox 2008 1186 2151 1260; x_wconf 62' lang='lat' dir='ltr'><strong>om.</strong></span> 
     </span>
    </p>
   </div>
   <div class='ocr_carea' id='block_1_14' title="bbox 568 1271 2148 1346">
    <p class='ocr_par' dir='ltr' id='par_1_14' title="bbox 568 1271 2148 1346">
     <span class='ocr_line' id='line_1_14' title="bbox 568 1271 2148 1346; baseline 0.005 -23"><span class='ocrx_word' id='word_1_88' title='bbox 568 1271 971 1338; x_wconf 75' lang='lat' dir='ltr'><strong>suppeditatum</strong></span> <span class='ocrx_word' id='word_1_89' title='bbox 1032 1285 1450 1342; x_wconf 78' lang='lat' dir='ltr'><strong>cognoscamus.</strong></span> <span class='ocrx_word' id='word_1_90' title='bbox 1507 1272 1792 1331; x_wconf 84' lang='lat' dir='ltr'><strong>Diversum</strong></span> <span class='ocrx_word' id='word_1_91' title='bbox 1842 1278 2025 1346; x_wconf 81' lang='lat' dir='ltr'><strong>itaque</strong></span> <span class='ocrx_word' id='word_1_92' title='bbox 2063 1286 2148 1332; x_wconf 82' lang='lat' dir='ltr'><strong>est</strong></span> 
     </span>
    </p>
   </div>
   <div class='ocr_carea' id='block_1_15' title="bbox 569 1361 2149 1438">
    <p class='ocr_par' dir='ltr' id='par_1_15' title="bbox 569 1361 2149 1438">
     <span class='ocr_line' id='line_1_15' title="bbox 569 1361 2149 1438; baseline 0.006 -25"><span class='ocrx_word' id='word_1_93' title='bbox 569 1361 834 1417; x_wconf 76' lang='lat' dir='ltr'><strong>solidiore</strong></span> <span class='ocrx_word' id='word_1_94' title='bbox 890 1371 1083 1416; x_wconf 83' lang='lat' dir='ltr'><strong>natura</strong></span> <span class='ocrx_word' id='word_1_95' title='bbox 1118 1363 1402 1432; x_wconf 70' lang='lat' dir='ltr'><strong>praeditum</strong></span> <span class='ocrx_word' id='word_1_96' title='bbox 1438 1366 1507 1420; x_wconf 78' lang='lat' dir='ltr'><strong>ab</strong></span> <span class='ocrx_word' id='word_1_97' title='bbox 1555 1382 1621 1422; x_wconf 92' lang='lat' dir='ltr'><strong>eo</strong></span> <span class='ocrx_word' id='word_1_98' title='bbox 1660 1367 1804 1438; x_wconf 86' lang='lat' dir='ltr'><strong>quod</strong></span> <span class='ocrx_word' id='word_1_99' title='bbox 1844 1367 1998 1423; x_wconf 88' lang='lat' dir='ltr'><strong>initio</strong></span> <span class='ocrx_word' id='word_1_100' title='bbox 2049 1369 2149 1423; x_wconf 81' lang='lat' dir='ltr'><strong>fuit</strong></span> 
     </span>
    </p>
   </div>
   <div class='ocr_carea' id='block_1_16' title="bbox 568 1454 2148 1533">
    <p class='ocr_par' dir='ltr' id='par_1_16' title="bbox 568 1454 2148 1533">
     <span class='ocr_line' id='line_1_16' title="bbox 568 1454 2148 1533; baseline 0.006 -26"><span class='ocrx_word' id='word_1_101' title='bbox 568 1464 840 1508; x_wconf 83' lang='lat' dir='ltr'><strong>creatum.</strong></span> <span class='ocrx_word' id='word_1_102' title='bbox 870 1454 937 1508; x_wconf 83' lang='lat' dir='ltr'><strong>Et</strong></span> <span class='ocrx_word' id='word_1_103' title='bbox 967 1454 1143 1510; x_wconf 72' lang='lat' dir='ltr'><strong>divisit</strong></span> <span class='ocrx_word' id='word_1_104' title='bbox 1191 1456 1329 1512; x_wconf 77' lang='lat' dir='ltr'><strong>Deus</strong></span> <span class='ocrx_word' id='word_1_105' title='bbox 1369 1460 1423 1513; x_wconf 80' lang='lat' dir='ltr'><strong>in</strong></span> <span class='ocrx_word' id='word_1_106' title='bbox 1455 1459 1620 1514; x_wconf 85' lang='lat' dir='ltr'><strong>medio</strong></span> <span class='ocrx_word' id='word_1_107' title='bbox 1667 1477 1925 1532; x_wconf 82' lang='lat' dir='ltr'><strong>aquarum</strong></span> <span class='ocrx_word' id='word_1_108' title='bbox 1948 1462 1992 1526; x_wconf 86' lang='grc'>⁷,</span> <span class='ocrx_word' id='word_1_109' title='bbox 2027 1478 2148 1533; x_wconf 60' lang='lat' dir='ltr'><strong>qua:</strong></span> 
     </span>
    </p>
   </div>
   <div class='ocr_carea' id='block_1_17' title="bbox 568 1547 2147 1622">
    <p class='ocr_par' dir='ltr' id='par_1_17' title="bbox 568 1547 2147 1622">
     <span class='ocr_line' id='line_1_17' title="bbox 568 1547 2147 1622; baseline 0.003 -19"><span class='ocrx_word' id='word_1_110' title='bbox 568 1549 673 1603; x_wconf 89' lang='lat' dir='ltr'><strong>sub</strong></span> <span class='ocrx_word' id='word_1_111' title='bbox 709 1547 1056 1602; x_wconf 71' lang='lat' dir='ltr'><strong>firmamento</strong></span> <span class='ocrx_word' id='word_1_112' title='bbox 1089 1557 1238 1603; x_wconf 90' lang='lat' dir='ltr'><strong>sunt.</strong></span> <span class='ocrx_word' id='word_1_113' title='bbox 1273 1548 1541 1605; x_wconf 91' lang='lat' dir='ltr'><strong>lnlinitam</strong></span> <span class='ocrx_word' id='word_1_114' title='bbox 1567 1552 1710 1606; x_wconf 90' lang='lat' dir='ltr'><strong>enim</strong></span> <span class='ocrx_word' id='word_1_115' title='bbox 1733 1561 1894 1622; x_wconf 86' lang='lat' dir='ltr'><strong>atque</strong></span> <span class='ocrx_word' id='word_1_116' title='bbox 1918 1553 2147 1609; x_wconf 88' lang='lat' dir='ltr'><strong>immen-</strong></span> 
     </span>
    </p>
   </div>
   <div class='ocr_carea' id='block_1_18' title="bbox 566 1639 2144 1714">
    <p class='ocr_par' dir='ltr' id='par_1_18' title="bbox 566 1639 2144 1714">
     <span class='ocr_line' id='line_1_18' title="bbox 566 1639 2144 1714; baseline 0.004 -23"><span class='ocrx_word' id='word_1_117' title='bbox 566 1655 686 1695; x_wconf 86' lang='lat' dir='ltr'><strong>sam</strong></span> <span class='ocrx_word' id='word_1_118' title='bbox 719 1654 982 1709; x_wconf 85' lang='lat' dir='ltr'><strong>aquarum</strong></span> <span class='ocrx_word' id='word_1_119' title='bbox 1019 1639 1126 1692; x_wconf 82' lang='lat' dir='ltr'><strong>vim</strong></span> <span class='ocrx_word' id='word_1_120' title='bbox 1161 1640 1422 1708; x_wconf 80' lang='lat' dir='ltr'><strong>sejunxit,</strong></span> <span class='ocrx_word' id='word_1_121' title='bbox 1453 1643 1526 1695; x_wconf 89' lang='lat' dir='ltr'><strong>ita</strong></span> <span class='ocrx_word' id='word_1_122' title='bbox 1554 1650 1613 1697; x_wconf 90' lang='lat' dir='ltr'><strong>ut</strong></span> <span class='ocrx_word' id='word_1_123' title='bbox 1647 1650 1701 1698; x_wconf 83' lang='lat' dir='ltr'><strong>et</strong></span> <span class='ocrx_word' id='word_1_124' title='bbox 1732 1660 1898 1714; x_wconf 85' lang='lat' dir='ltr'><strong>super</strong></span> <span class='ocrx_word' id='word_1_125' title='bbox 1923 1651 1977 1698; x_wconf 91' lang='lat' dir='ltr'><strong>et</strong></span> <span class='ocrx_word' id='word_1_126' title='bbox 2004 1642 2144 1698; x_wconf 77' lang='lat' dir='ltr'><strong>infra</strong></span> 
     </span>
    </p>
   </div>
   <div class='ocr_carea' id='block_1_19' title="bbox 566 1728 2143 1806">
    <p class='ocr_par' dir='ltr' id='par_1_19' title="bbox 566 1728 2143 1806">
     <span class='ocr_line' id='line_1_19' title="bbox 566 1728 2143 1806; baseline 0.003 -19"><span class='ocrx_word' id='word_1_127' title='bbox 566 1734 969 1787; x_wconf 70' lang='lat' dir='ltr'><strong>ﬁrmamentum</strong></span> <span class='ocrx_word' id='word_1_128' title='bbox 1007 1731 1368 1788; x_wconf 79' lang='lat' dir='ltr'><strong>abundarent.</strong></span> <span class='ocrx_word' id='word_1_129' title='bbox 1420 1733 1615 1789; x_wconf 67' lang='lat' dir='ltr'><strong>Aitber</strong></span> <span class='ocrx_word' id='word_1_130' title='bbox 1642 1735 1833 1806; x_wconf 85' lang='lat' dir='ltr'><strong>igneus</strong></span> <span class='ocrx_word' id='word_1_131' title='bbox 1862 1728 1943 1792; x_wconf 84' lang='lat' dir='ltr'><strong>est</strong></span> <span class='ocrx_word' id='word_1_132' title='bbox 1976 1744 2027 1792; x_wconf 86' lang='lat' dir='ltr'><strong>et</strong></span> <span class='ocrx_word' id='word_1_133' title='bbox 2059 1737 2143 1791; x_wconf 88' lang='lat' dir='ltr'><strong>in-</strong></span> 
     </span>
    </p>
   </div>
   <div class='ocr_carea' id='block_1_20' title="bbox 2249 536 3817 627">
    <p class='ocr_par' dir='ltr' id='par_1_20' title="bbox 2249 536 3817 627">
     <span class='ocr_line' id='line_1_20' title="bbox 2249 536 3817 627; baseline 0.015 -37"><span class='ocrx_word' id='word_1_134' title='bbox 2249 536 2425 592; x_wconf 75' lang='grc' dir='ltr'><strong>Τοῦτο</strong></span> <span class='ocrx_word' id='word_1_135' title='bbox 2453 540 2512 594; x_wconf 87' lang='grc' dir='ltr'>δὲ</span> <span class='ocrx_word' id='word_1_136' title='bbox 2528 540 2720 614; x_wconf 68' lang='grc' dir='ltr'>ἔτερόν</span> <span class='ocrx_word' id='word_1_137' title='bbox 2753 544 2870 598; x_wconf 83' lang='grc' dir='ltr'>ἐστι</span> <span class='ocrx_word' id='word_1_138' title='bbox 2913 545 3066 618; x_wconf 79' lang='grc' dir='ltr'>παρὰ</span> <span class='ocrx_word' id='word_1_139' title='bbox 3106 546 3199 602; x_wconf 76' lang='grc' dir='ltr'>τὸν</span> <span class='ocrx_word' id='word_1_140' title='bbox 3231 547 3291 616; x_wconf 81' lang='grc' dir='ltr'>ἐξ</span> <span class='ocrx_word' id='word_1_141' title='bbox 3333 549 3509 622; x_wconf 81' lang='grc' dir='ltr'>ἀρχῆς</span> <span class='ocrx_word' id='word_1_142' title='bbox 3537 536 3817 627; x_wconf 82' lang='grc' dir='ltr'>ποιηθέντα</span> 
     </span>
    </p>
   </div>
   <div class='ocr_carea' id='block_1_21' title="bbox 2244 629 3810 705">
    <p class='ocr_par' dir='ltr' id='par_1_21' title="bbox 2244 629 3810 705">
     <span class='ocr_line' id='line_1_21' title="bbox 2244 629 3810 705; baseline 0.014 -24"><span class='ocrx_word' id='word_1_143' title='bbox 2244 629 2497 699; x_wconf 80' lang='grc' dir='ltr'>οὐρανόν.</span> <span class='ocrx_word' id='word_1_144' title='bbox 2544 632 2656 687; x_wconf 71' lang='grc' dir='ltr'><strong>Καὶ</strong></span> <span class='ocrx_word' id='word_1_145' title='bbox 2690 633 2904 705; x_wconf 75' lang='grc' dir='ltr'>εἴρηται</span> <span class='ocrx_word' id='word_1_146' title='bbox 2931 639 3103 704; x_wconf 72' lang='grc' dir='ltr'>τοίς¹,</span> <span class='ocrx_word' id='word_1_147' title='bbox 3140 638 3228 692; x_wconf 79' lang='grc' dir='ltr'>ὅτι</span> <span class='ocrx_word' id='word_1_148' title='bbox 3268 637 3365 694; x_wconf 74' lang='grc' dir='ltr'><strong>καὶ</strong></span> <span class='ocrx_word' id='word_1_149' title='bbox 3405 643 3602 698; x_wconf 87' lang='grc' dir='ltr'>ταυτόν</span> <span class='ocrx_word' id='word_1_150' title='bbox 3644 647 3810 703; x_wconf 80' lang='grc' dir='ltr'>ἐστιν·</span> 
     </span>
    </p>
   </div>
   <div class='ocr_carea' id='block_1_22' title="bbox 2242 721 3816 805">
    <p class='ocr_par' dir='ltr' id='par_1_22' title="bbox 2242 721 3816 805">
     <span class='ocr_line' id='line_1_22' title="bbox 2242 721 3816 805; baseline 0.013 -32"><span class='ocrx_word' id='word_1_151' title='bbox 2242 721 2611 793; x_wconf 74' lang='grc' dir='ltr'>ἐπεξέργασις</span> <span class='ocrx_word' id='word_1_152' title='bbox 2639 726 2749 798; x_wconf 88' lang='grc' dir='ltr'><strong>γάρ</strong></span> <span class='ocrx_word' id='word_1_153' title='bbox 2782 728 2897 782; x_wconf 78' lang='grc' dir='ltr'>ἐστί</span> <span class='ocrx_word' id='word_1_154' title='bbox 2928 745 3060 799; x_wconf 83' lang='grc' dir='ltr'>φησι</span> <span class='ocrx_word' id='word_1_155' title='bbox 3089 729 3183 784; x_wconf 82' lang='grc' dir='ltr'><strong>τοῦ</strong></span> <span class='ocrx_word' id='word_1_156' title='bbox 3209 731 3485 805; x_wconf 79' lang='grc' dir='ltr'><strong>δευτέρου,</strong></span> <span class='ocrx_word' id='word_1_157' title='bbox 3513 734 3603 789; x_wconf 89' lang='grc' dir='ltr'><strong>διά</strong></span> <span class='ocrx_word' id='word_1_158' title='bbox 3630 737 3688 791; x_wconf 82' lang='grc' dir='ltr'>τὸ</span> <span class='ocrx_word' id='word_1_159' title='bbox 3710 741 3816 795; x_wconf 77' lang='grc' dir='ltr'>ἐκεῖ</span> 
     </span>
    </p>
   </div>
   <div class='ocr_carea' id='block_1_23' title="bbox 2255 815 3809 903">
    <p class='ocr_par' dir='ltr' id='par_1_23' title="bbox 2255 815 3809 903">
     <span class='ocr_line' id='line_1_23' title="bbox 2255 815 3809 903; baseline 0.013 -37"><span class='ocrx_word' id='word_1_160' title='bbox 2255 815 2354 886; x_wconf 82' lang='grc' dir='ltr'>μὲν</span> <span class='ocrx_word' id='word_1_161' title='bbox 2386 816 2778 888; x_wconf 83' lang='grc' dir='ltr'><strong>παραδεδόσθαι</strong></span> <span class='ocrx_word' id='word_1_162' title='bbox 2808 819 2883 885; x_wconf 81' lang='grc' dir='ltr'><strong>ὡς</strong></span> <span class='ocrx_word' id='word_1_163' title='bbox 2915 822 2973 875; x_wconf 84' lang='grc' dir='ltr'>ὲν</span> <span class='ocrx_word' id='word_1_164' title='bbox 3020 822 3297 897; x_wconf 75' lang='grc' dir='ltr'><strong>κεφαλαίῳ</strong></span> <span class='ocrx_word' id='word_1_165' title='bbox 3333 825 3436 898; x_wconf 78' lang='grc' dir='ltr'>γῆς</span> <span class='ocrx_word' id='word_1_166' title='bbox 3476 828 3571 882; x_wconf 68' lang='grc' dir='ltr'>καὶ</span> <span class='ocrx_word' id='word_1_167' title='bbox 3597 829 3809 903; x_wconf 80' lang='grc' dir='ltr'>οὐρανοῦ</span> 
     </span>
    </p>
   </div>
   <div class='ocr_carea' id='block_1_24' title="bbox 2252 905 3809 989">
    <p class='ocr_par' dir='ltr' id='par_1_24' title="bbox 2252 905 3809 989">
     <span class='ocr_line' id='line_1_24' title="bbox 2252 905 3809 989; baseline 0.01 -30"><span class='ocrx_word' id='word_1_168' title='bbox 2252 905 2500 976; x_wconf 89' lang='grc' dir='ltr'>ποίησιν·</span> <span class='ocrx_word' id='word_1_169' title='bbox 2559 909 2795 965; x_wconf 82' lang='grc' dir='ltr'>ἐνταῦθα</span> <span class='ocrx_word' id='word_1_170' title='bbox 2851 912 2925 965; x_wconf 74' lang='grc' dir='ltr'>δὲ</span> <span class='ocrx_word' id='word_1_171' title='bbox 2956 911 3553 989; x_wconf 80' lang='grc' dir='ltr'>ἐπεξεργαστικὼτερον</span> <span class='ocrx_word' id='word_1_172' title='bbox 3598 919 3664 973; x_wconf 79' lang='grc' dir='ltr'>τὸ</span> <span class='ocrx_word' id='word_1_173' title='bbox 3704 920 3809 986; x_wconf 83' lang='grc' dir='ltr'>πῶς</span> 
     </span>
    </p>
   </div>
   <div class='ocr_carea' id='block_1_25' title="bbox 2238 997 3811 1082">
    <p class='ocr_par' dir='ltr' id='par_1_25' title="bbox 2238 997 3811 1082">
     <span class='ocr_line' id='line_1_25' title="bbox 2238 997 3811 1082; baseline 0.011 -33"><span class='ocrx_word' id='word_1_174' title='bbox 2238 997 2471 1068; x_wconf 83' lang='grc' dir='ltr'>γέγονεν</span> <span class='ocrx_word' id='word_1_175' title='bbox 2514 1001 2547 1070; x_wconf 81' lang='grc' dir='ltr'><strong>ἡ</strong></span> <span class='ocrx_word' id='word_1_176' title='bbox 2610 1000 2798 1074; x_wconf 81' lang='grc' dir='ltr'>Γραφὴ</span> <span class='ocrx_word' id='word_1_177' title='bbox 2851 1003 3233 1075; x_wconf 86' lang='grc' dir='ltr'>παραδίδωσιν.</span> <span class='ocrx_word' id='word_1_178' title='bbox 3293 1007 3481 1078; x_wconf 84' lang='grc' dir='ltr'><strong>Ἡμεῖς</strong></span> <span class='ocrx_word' id='word_1_179' title='bbox 3537 1008 3595 1063; x_wconf 73' lang='grc' dir='ltr'><strong>δέ</strong></span> <span class='ocrx_word' id='word_1_180' title='bbox 3644 1027 3811 1082; x_wconf 83' lang='grc' dir='ltr'>φαμεν</span> 
     </span>
    </p>
   </div>
   <div class='ocr_carea' id='block_1_26' title="bbox 2248 1086 3809 1174">
    <p class='ocr_par' dir='ltr' id='par_1_26' title="bbox 2248 1086 3809 1174">
     <span class='ocr_line' id='line_1_26' title="bbox 2248 1086 3809 1174; baseline 0.009 -32"><span class='ocrx_word' id='word_1_181' title='bbox 2248 1086 2397 1153; x_wconf 75' lang='grc' dir='ltr'>ἄλλο,</span> <span class='ocrx_word' id='word_1_182' title='bbox 2428 1090 2523 1143; x_wconf 74' lang='grc' dir='ltr'>καὶ</span> <span class='ocrx_word' id='word_1_183' title='bbox 2546 1089 2674 1144; x_wconf 78' lang='grc' dir='ltr'>ἄλλο</span> <span class='ocrx_word' id='word_1_184' title='bbox 2693 1109 2706 1122; x_wconf 86' lang='grc'><strong>·</strong></span> <span class='ocrx_word' id='word_1_185' title='bbox 2735 1092 2921 1165; x_wconf 80' lang='grc' dir='ltr'>ἐπειδὴ</span> <span class='ocrx_word' id='word_1_186' title='bbox 2954 1094 3048 1147; x_wconf 77' lang='grc' dir='ltr'><strong>καὶ</strong></span> <span class='ocrx_word' id='word_1_187' title='bbox 3088 1093 3260 1165; x_wconf 77' lang='grc' dir='ltr'>ὄνομα</span> <span class='ocrx_word' id='word_1_188' title='bbox 3302 1096 3492 1169; x_wconf 71' lang='grc' dir='ltr'>ἕτερον</span> <span class='ocrx_word' id='word_1_189' title='bbox 3534 1102 3627 1154; x_wconf 58' lang='grc' dir='ltr'><strong>καὶ¹</strong></span> <span class='ocrx_word' id='word_1_190' title='bbox 3664 1102 3809 1174; x_wconf 82' lang='grc' dir='ltr'>χρεία</span> 
     </span>
    </p>
   </div>
   <div class='ocr_carea' id='block_1_27' title="bbox 2244 1179 3809 1264">
    <p class='ocr_par' dir='ltr' id='par_1_27' title="bbox 2244 1179 3809 1264">
     <span class='ocr_line' id='line_1_27' title="bbox 2244 1179 3809 1264; baseline 0.008 -31"><span class='ocrx_word' id='word_1_191' title='bbox 2244 1179 2525 1246; x_wconf 61' lang='grc' dir='ltr'>ἰδιάζουσα</span> <span class='ocrx_word' id='word_1_192' title='bbox 2543 1180 2638 1236; x_wconf 75' lang='grc' dir='ltr'>τοῦ</span> <span class='ocrx_word' id='word_1_193' title='bbox 2659 1182 2912 1256; x_wconf 83' lang='grc' dir='ltr'><strong>δευτέρου</strong></span> <span class='ocrx_word' id='word_1_194' title='bbox 2937 1184 3166 1256; x_wconf 81' lang='grc' dir='ltr'>οὐρανοῦ</span> <span class='ocrx_word' id='word_1_195' title='bbox 3187 1186 3565 1258; x_wconf 85' lang='grc' dir='ltr'><strong>παραδέδοται.</strong></span> <span class='ocrx_word' id='word_1_196' title='bbox 3597 1192 3809 1264; x_wconf 86' lang='grc' dir='ltr'><strong>Ἕτερος</strong></span> 
     </span>
    </p>
   </div>
   <div class='ocr_carea' id='block_1_28' title="bbox 2247 1268 3807 1355">
    <p class='ocr_par' dir='ltr' id='par_1_28' title="bbox 2247 1268 3807 1355">
     <span class='ocr_line' id='line_1_28' title="bbox 2247 1268 3807 1355; baseline 0.007 -30"><span class='ocrx_word' id='word_1_197' title='bbox 2247 1268 2341 1326; x_wconf 74' lang='grc' dir='ltr'>οὖν</span> <span class='ocrx_word' id='word_1_198' title='bbox 2368 1274 2482 1327; x_wconf 84' lang='grc' dir='ltr'>ἐστι</span> <span class='ocrx_word' id='word_1_199' title='bbox 2512 1273 2663 1345; x_wconf 83' lang='grc' dir='ltr'>παρὰ</span> <span class='ocrx_word' id='word_1_200' title='bbox 2684 1273 2777 1328; x_wconf 82' lang='grc' dir='ltr'>τὸν</span> <span class='ocrx_word' id='word_1_201' title='bbox 2801 1278 2860 1330; x_wconf 83' lang='grc' dir='ltr'><strong>ἐν</strong></span> <span class='ocrx_word' id='word_1_202' title='bbox 2890 1276 3031 1348; x_wconf 80' lang='grc' dir='ltr'>ἀρχῇ</span> <span class='ocrx_word' id='word_1_203' title='bbox 3063 1275 3354 1348; x_wconf 73' lang='grc' dir='ltr'><strong>ποιηθέντα</strong></span> <span class='ocrx_word' id='word_1_204' title='bbox 3379 1274 3552 1345; x_wconf 73' lang='grc' dir='ltr'>οὗτος,</span> <span class='ocrx_word' id='word_1_205' title='bbox 3590 1298 3807 1355; x_wconf 87' lang='grc' dir='ltr'>στερεω-</span> 
     </span>
    </p>
   </div>
   <div class='ocr_carea' id='block_1_29' title="bbox 2247 1363 3807 1441">
    <p class='ocr_par' dir='ltr' id='par_1_29' title="bbox 2247 1363 3807 1441">
     <span class='ocr_line' id='line_1_29' title="bbox 2247 1363 3807 1441; baseline 0.007 -25"><span class='ocrx_word' id='word_1_206' title='bbox 2247 1363 2408 1435; x_wconf 81' lang='grc' dir='ltr'>τέρας</span> <span class='ocrx_word' id='word_1_207' title='bbox 2452 1363 2711 1437; x_wconf 77' lang='grc' dir='ltr'>ὑπάρχων</span> <span class='ocrx_word' id='word_1_208' title='bbox 2759 1364 2992 1434; x_wconf 82' lang='grc' dir='ltr'>φύσεως.</span> <span class='ocrx_word' id='word_1_209' title='bbox 3033 1366 3144 1420; x_wconf 77' lang='grc' dir='ltr'><strong>Καὶ</strong></span> <span class='ocrx_word' id='word_1_210' title='bbox 3196 1366 3564 1437; x_wconf 74' lang='grc' dir='ltr'>διεχώρησεν</span> <span class='ocrx_word' id='word_1_211' title='bbox 3602 1375 3635 1426; x_wconf 86' lang='grc' dir='ltr'><em>ό</em></span> <span class='ocrx_word' id='word_1_212' title='bbox 3677 1371 3807 1441; x_wconf 81' lang='grc' dir='ltr'>Θεὸς</span> 
     </span>
    </p>
   </div>
   <div class='ocr_carea' id='block_1_30' title="bbox 2239 1453 3805 1534">
    <p class='ocr_par' dir='ltr' id='par_1_30' title="bbox 2239 1453 3805 1534">
     <span class='ocr_line' id='line_1_30' title="bbox 2239 1453 3805 1534; baseline 0.006 -27"><span class='ocrx_word' id='word_1_213' title='bbox 2239 1453 2363 1509; x_wconf 72' lang='grc' dir='ltr'><strong>,ἀνὰ</strong></span> <span class='ocrx_word' id='word_1_214' title='bbox 2379 1454 2576 1524; x_wconf 79' lang='grc' dir='ltr'>μέσον</span> <span class='ocrx_word' id='word_1_215' title='bbox 2610 1456 2716 1512; x_wconf 84' lang='grc' dir='ltr'><strong>τοῦ</strong></span> <span class='ocrx_word' id='word_1_216' title='bbox 2749 1455 2988 1523; x_wconf 81' lang='grc' dir='ltr'>ὕδατος,</span> <span class='ocrx_word' id='word_1_217' title='bbox 3018 1457 3046 1511; x_wconf 81' lang='grc' dir='ltr'><strong>ὃ</strong></span> <span class='ocrx_word' id='word_1_218' title='bbox 3073 1454 3140 1530; x_wconf 81' lang='grc' dir='ltr'>ἦν</span> <span class='ocrx_word' id='word_1_219' title='bbox 3171 1459 3428 1514; x_wconf 78' lang='grc' dir='ltr'><strong>ὑποκάτω</strong></span> <span class='ocrx_word' id='word_1_220' title='bbox 3454 1461 3549 1515; x_wconf 76' lang='grc' dir='ltr'><strong>τοῦ</strong></span> <span class='ocrx_word' id='word_1_221' title='bbox 3584 1462 3805 1534; x_wconf 82' lang='grc' dir='ltr'>στερεώ-</span> 
     </span>
    </p>
   </div>
   <div class='ocr_carea' id='block_1_31' title="bbox 2250 1542 3806 1622">
    <p class='ocr_par' dir='ltr' id='par_1_31' title="bbox 2250 1542 3806 1622">
     <span class='ocr_line' id='line_1_31' title="bbox 2250 1542 3806 1622; baseline 0.005 -25"><span class='ocrx_word' id='word_1_222' title='bbox 2250 1560 2436 1614; x_wconf 86' lang='grc' dir='ltr'>ματος.</span> <span class='ocrx_word' id='word_1_223' title='bbox 2477 1546 2735 1618; x_wconf 79' lang='grc' dir='ltr'>Ἀπειρον</span> <span class='ocrx_word' id='word_1_224' title='bbox 2762 1545 2870 1619; x_wconf 82' lang='grc' dir='ltr'>γὰρ</span> <span class='ocrx_word' id='word_1_225' title='bbox 2901 1542 3066 1600; x_wconf 81' lang='grc' dir='ltr'>οὖσαν</span> <span class='ocrx_word' id='word_1_226' title='bbox 3115 1546 3225 1600; x_wconf 81' lang='grc' dir='ltr'><strong>τῶν</strong></span> <span class='ocrx_word' id='word_1_227' title='bbox 3269 1547 3475 1602; x_wconf 80' lang='grc' dir='ltr'><strong>ὑδάτων</strong></span> <span class='ocrx_word' id='word_1_228' title='bbox 3522 1549 3621 1622; x_wconf 82' lang='grc' dir='ltr'>τὴν</span> <span class='ocrx_word' id='word_1_229' title='bbox 3658 1551 3806 1620; x_wconf 86' lang='grc' dir='ltr'>φύσιν</span> 
     </span>
    </p>
   </div>
   <div class='ocr_carea' id='block_1_32' title="bbox 2243 1634 3803 1714">
    <p class='ocr_par' dir='ltr' id='par_1_32' title="bbox 2243 1634 3803 1714">
     <span class='ocr_line' id='line_1_32' title="bbox 2243 1634 3803 1714; baseline 0.005 -26"><span class='ocrx_word' id='word_1_230' title='bbox 2243 1635 2571 1707; x_wconf 86' lang='grc' dir='ltr'>διεμέρισεν,</span> <span class='ocrx_word' id='word_1_231' title='bbox 2604 1636 2749 1692; x_wconf 82' lang='grc' dir='ltr'>ὥστε</span> <span class='ocrx_word' id='word_1_232' title='bbox 2775 1639 2870 1691; x_wconf 77' lang='grc' dir='ltr'>καὶ</span> <span class='ocrx_word' id='word_1_233' title='bbox 2894 1637 3078 1692; x_wconf 81' lang='grc' dir='ltr'>ἐπάνω</span> <span class='ocrx_word' id='word_1_234' title='bbox 3109 1634 3248 1693; x_wconf 86' lang='grc' dir='ltr'>εἶναι</span> <span class='ocrx_word' id='word_1_235' title='bbox 3283 1639 3376 1694; x_wconf 83' lang='grc' dir='ltr'>τοῦ</span> <span class='ocrx_word' id='word_1_236' title='bbox 3419 1641 3803 1714; x_wconf 76' lang='grc' dir='ltr'>περεὼματος,</span> 
     </span>
    </p>
   </div>
   <div class='ocr_carea' id='block_1_33' title="bbox 2246 1728 3803 1808">
    <p class='ocr_par' dir='ltr' id='par_1_33' title="bbox 2246 1728 3803 1808">
     <span class='ocr_line' id='line_1_33' title="bbox 2246 1728 3803 1808; baseline 0.008 -28"><span class='ocrx_word' id='word_1_237' title='bbox 2246 1728 2343 1781; x_wconf 70' lang='grc' dir='ltr'><strong>καὶ</strong></span> <span class='ocrx_word' id='word_1_238' title='bbox 2363 1728 2637 1782; x_wconf 79' lang='grc' dir='ltr'><strong>ὑποκάτω.</strong></span> <span class='ocrx_word' id='word_1_239' title='bbox 2670 1732 2728 1784; x_wconf 84' lang='lat'><strong>&#39;0</strong></span> <span class='ocrx_word' id='word_1_240' title='bbox 2749 1731 2805 1785; x_wconf 82' lang='grc' dir='ltr'>δὲ</span> <span class='ocrx_word' id='word_1_241' title='bbox 2825 1730 2996 1803; x_wconf 80' lang='grc' dir='ltr'>αἰθὴρ</span> <span class='ocrx_word' id='word_1_242' title='bbox 3026 1732 3278 1804; x_wconf 86' lang='grc' dir='ltr'>πυρώδης</span> <span class='ocrx_word' id='word_1_243' title='bbox 3305 1734 3421 1786; x_wconf 79' lang='grc' dir='ltr'>ἐστὶ</span> <span class='ocrx_word' id='word_1_244' title='bbox 3448 1735 3549 1788; x_wconf 68' lang='grc' dir='ltr'><strong>καὶΓ</strong></span> <span class='ocrx_word' id='word_1_245' title='bbox 3569 1735 3803 1808; x_wconf 71' lang='grc' dir='ltr'>διακαὴς,</span> 
     </span>
    </p>
   </div>
   <div class='ocr_carea' id='block_1_34' title="bbox 565 1805 2139 1902">
    <p class='ocr_par' dir='ltr' id='par_1_34' title="bbox 565 1828 2139 1899">
     <span class='ocr_line' id='line_1_34' title="bbox 565 1828 2139 1899; baseline 0.002 -20"><span class='ocrx_word' id='word_1_246' title='bbox 565 1840 790 1890; x_wconf 81' lang='lat' dir='ltr'><strong>census,</strong></span> <span class='ocrx_word' id='word_1_247' title='bbox 818 1831 1104 1896; x_wconf 85' lang='lat' dir='ltr'><strong>totumque</strong></span> <span class='ocrx_word' id='word_1_248' title='bbox 1137 1833 1413 1880; x_wconf 82' lang='lat' dir='ltr'><strong>terrarum</strong></span> <span class='ocrx_word' id='word_1_249' title='bbox 1446 1828 1632 1882; x_wconf 88' lang='lat' dir='ltr'><strong>orbem</strong></span> <span class='ocrx_word' id='word_1_250' title='bbox 1670 1828 1857 1899; x_wconf 81' lang='lat' dir='ltr'><strong>utique</strong></span> <span class='ocrx_word' id='word_1_251' title='bbox 1885 1844 2139 1884; x_wconf 88' lang='lat' dir='ltr'><strong>consum-</strong></span> 
     </span>
    </p>
   </div>
   <div class='ocr_carea' id='block_1_35' title="bbox 2237 1805 3803 1902">
    <p class='ocr_par' dir='ltr' id='par_1_35' title="bbox 2246 1805 3803 1902">
     <span class='ocr_line' id='line_1_35' title="bbox 2246 1805 3803 1902; baseline 0.009 -30"><span class='ocrx_word' id='word_1_252' title='bbox 2246 1822 2342 1875; x_wconf 82' lang='grc' dir='ltr'>καὶ</span> <span class='ocrx_word' id='word_1_253' title='bbox 2392 1823 2571 1875; x_wconf 76' lang='grc' dir='ltr'>πᾶσαν</span> <span class='ocrx_word' id='word_1_254' title='bbox 2619 1822 2685 1877; x_wconf 88' lang='grc' dir='ltr'><strong>ἃν</strong></span> <span class='ocrx_word' id='word_1_255' title='bbox 2730 1824 2828 1895; x_wconf 82' lang='grc' dir='ltr'><strong>τὴν</strong></span> <span class='ocrx_word' id='word_1_256' title='bbox 2861 1825 3085 1897; x_wconf 73' lang='grc' dir='ltr'>ἡπειρον</span> <span class='ocrx_word' id='word_1_257' title='bbox 3126 1825 3460 1891; x_wconf 80' lang='grc' dir='ltr'>ἐξανάλωσεν</span> <span class='ocrx_word' id='word_1_258' title='bbox 3479 1867 3494 1892; x_wconf 93' lang='grc'><strong>,</strong></span> <span class='ocrx_word' id='word_1_259' title='bbox 3541 1831 3591 1882; x_wconf 76' lang='grc' dir='ltr'><strong>εί</strong></span> <span class='ocrx_word' id='word_1_260' title='bbox 3633 1831 3703 1901; x_wconf 82' lang='grc' dir='ltr'>μὴ</span> <span class='ocrx_word' id='word_1_261' title='bbox 3732 1805 3803 1902; x_wconf 79' lang='grc' dir='ltr'><strong>τῷ</strong></span> 
     </span>
    </p>
   </div>
   <div class='ocr_carea' id='block_1_36' title="bbox 565 1917 2142 1991">
    <p class='ocr_par' dir='ltr' id='par_1_36' title="bbox 565 1917 2142 1991">
     <span class='ocr_line' id='line_1_36' title="bbox 565 1917 2142 1991; baseline 0.003 -19"><span class='ocrx_word' id='word_1_262' title='bbox 565 1917 804 1988; x_wconf 78' lang='lat' dir='ltr'><strong>psisset,</strong></span> <span class='ocrx_word' id='word_1_263' title='bbox 844 1917 899 1971; x_wconf 91' lang='lat' dir='ltr'><strong>ni</strong></span> <span class='ocrx_word' id='word_1_264' title='bbox 953 1918 1035 1972; x_wconf 88' lang='lat' dir='ltr'><strong>sui</strong></span> <span class='ocrx_word' id='word_1_265' title='bbox 1073 1918 1340 1973; x_wconf 76' lang='lat' dir='ltr'><strong>creatoris</strong></span> <span class='ocrx_word' id='word_1_266' title='bbox 1373 1919 1707 1991; x_wconf 75' lang='lat' dir='ltr'><strong>prmscriptis</strong></span> <span class='ocrx_word' id='word_1_267' title='bbox 1754 1920 2142 1991; x_wconf 87' lang='lat' dir='ltr'><strong>imperatisque</strong></span> 
     </span>
    </p>
   </div>
   <div class='ocr_carea' id='block_1_37' title="bbox 564 2008 2138 2083">
    <p class='ocr_par' dir='ltr' id='par_1_37' title="bbox 564 2008 2138 2083">
     <span class='ocr_line' id='line_1_37' title="bbox 564 2008 2138 2083; baseline 0.004 -22"><span class='ocrx_word' id='word_1_268' title='bbox 564 2016 1025 2074; x_wconf 83' lang='lat' dir='ltr'><strong>compcsceretur.</strong></span> <span class='ocrx_word' id='word_1_269' title='bbox 1072 2008 1365 2080; x_wconf 79' lang='lat' dir='ltr'><strong>Propterea</strong></span> <span class='ocrx_word' id='word_1_270' title='bbox 1402 2017 1456 2064; x_wconf 89' lang='lat' dir='ltr'><strong>ct</strong></span> <span class='ocrx_word' id='word_1_271' title='bbox 1490 2026 1644 2081; x_wconf 73' lang='lat' dir='ltr'><strong>aqua:</strong></span> <span class='ocrx_word' id='word_1_272' title='bbox 1682 2019 1914 2083; x_wconf 84' lang='lat' dir='ltr'><strong>surgunt</strong></span> <span class='ocrx_word' id='word_1_273' title='bbox 1946 2027 2138 2079; x_wconf 72' lang='lat' dir='ltr'><strong>aerem,</strong></span> 
     </span>
    </p>
   </div>
   <div class='ocr_carea' id='block_1_38' title="bbox 560 2098 2140 2172">
    <p class='ocr_par' dir='ltr' id='par_1_38' title="bbox 560 2098 2140 2172">
     <span class='ocr_line' id='line_1_38' title="bbox 560 2098 2140 2172; baseline 0.006 -22"><span class='ocrx_word' id='word_1_274' title='bbox 560 2109 628 2150; x_wconf 79' lang='lat' dir='ltr'><strong>cx</strong></span> <span class='ocrx_word' id='word_1_275' title='bbox 666 2112 926 2167; x_wconf 76' lang='lat' dir='ltr'><strong>vaporum</strong></span> <span class='ocrx_word' id='word_1_276' title='bbox 971 2098 1340 2168; x_wconf 74' lang='lat' dir='ltr'><strong>exspirationc</strong></span> <span class='ocrx_word' id='word_1_277' title='bbox 1375 2114 1477 2170; x_wconf 76' lang='lat' dir='ltr'><strong>per</strong></span> <span class='ocrx_word' id='word_1_278' title='bbox 1522 2100 1698 2156; x_wconf 86' lang='lat' dir='ltr'><strong>nubes</strong></span> <span class='ocrx_word' id='word_1_279' title='bbox 1741 2102 1970 2167; x_wconf 65' lang='lat' dir='ltr'><strong>delatae,</strong></span> <span class='ocrx_word' id='word_1_280' title='bbox 2001 2119 2140 2172; x_wconf 89' lang='lat' dir='ltr'><strong>quos</strong></span> 
     </span>
    </p>
   </div>
   <div class='ocr_carea' id='block_1_39' title="bbox 561 2188 2139 2265">
    <p class='ocr_par' dir='ltr' id='par_1_39' title="bbox 561 2188 2139 2265">
     <span class='ocr_line' id='line_1_39' title="bbox 561 2188 2139 2265; baseline 0.004 -22"><span class='ocrx_word' id='word_1_281' title='bbox 561 2203 815 2259; x_wconf 79' lang='lat' dir='ltr'><strong>vapores,</strong></span> <span class='ocrx_word' id='word_1_282' title='bbox 855 2199 909 2245; x_wconf 84' lang='lat' dir='ltr'><strong>et</strong></span> <span class='ocrx_word' id='word_1_283' title='bbox 937 2188 1181 2255; x_wconf 80' lang='lat' dir='ltr'><strong>ﬂumina,</strong></span> <span class='ocrx_word' id='word_1_284' title='bbox 1207 2199 1261 2246; x_wconf 80' lang='lat' dir='ltr'><strong>et</strong></span> <span class='ocrx_word' id='word_1_285' title='bbox 1306 2191 1512 2255; x_wconf 69' lang='lat' dir='ltr'><strong>futues.</strong></span> <span class='ocrx_word' id='word_1_286' title='bbox 1546 2201 1600 2248; x_wconf 81' lang='lat' dir='ltr'><strong>ct</strong></span> <span class='ocrx_word' id='word_1_287' title='bbox 1630 2202 1841 2265; x_wconf 84' lang='lat' dir='ltr'><strong>stagna,</strong></span> <span class='ocrx_word' id='word_1_288' title='bbox 1887 2205 1941 2250; x_wconf 79' lang='lat' dir='ltr'><strong>et</strong></span> <span class='ocrx_word' id='word_1_289' title='bbox 1970 2196 2139 2250; x_wconf 88' lang='lat' dir='ltr'><strong>maria</strong></span> 
     </span>
    </p>
   </div>
   <div class='ocr_carea' id='block_1_40' title="bbox 558 2284 2143 2355">
    <p class='ocr_par' dir='ltr' id='par_1_40' title="bbox 558 2284 2143 2355">
     <span class='ocr_line' id='line_1_40' title="bbox 558 2284 2143 2355; baseline 0.004 -19"><span class='ocrx_word' id='word_1_290' title='bbox 558 2284 837 2339; x_wconf 78' lang='lat' dir='ltr'><strong>eulittunt.</strong></span> <span class='ocrx_word' id='word_1_291' title='bbox 887 2298 954 2338; x_wconf 90' lang='lat' dir='ltr'><strong>ne</strong></span> <span class='ocrx_word' id='word_1_292' title='bbox 997 2288 1168 2338; x_wconf 78' lang='lat' dir='ltr'><strong>:cther</strong></span> <span class='ocrx_word' id='word_1_293' title='bbox 1212 2285 1395 2338; x_wconf 89' lang='lat' dir='ltr'><strong>omnia</strong></span> <span class='ocrx_word' id='word_1_294' title='bbox 1434 2286 1627 2355; x_wconf 84' lang='lat' dir='ltr'><strong>perdat</strong></span> <span class='ocrx_word' id='word_1_295' title='bbox 1664 2286 2016 2342; x_wconf 86' lang='lat' dir='ltr'><strong>inﬂammata.</strong></span> <span class='ocrx_word' id='word_1_296' title='bbox 2040 2289 2143 2343; x_wconf 80' lang='lat' dir='ltr'><strong>lm—</strong></span> 
     </span>
    </p>
   </div>
   <div class='ocr_carea' id='block_1_41' title="bbox 556 2375 2140 2451">
    <p class='ocr_par' dir='ltr' id='par_1_41' title="bbox 556 2375 2140 2451">
     <span class='ocr_line' id='line_1_41' title="bbox 556 2375 2140 2451; baseline 0.003 -19"><span class='ocrx_word' id='word_1_297' title='bbox 556 2375 688 2432; x_wconf 70' lang='lat' dir='ltr'><strong>lires</strong></span> <span class='ocrx_word' id='word_1_298' title='bbox 720 2378 790 2430; x_wconf 80' lang='lat' dir='ltr'><strong>ita</strong></span> <span class='ocrx_word' id='word_1_299' title='bbox 824 2387 1186 2449; x_wconf 78' lang='lat' dir='ltr'><strong>generantur;</strong></span> <span class='ocrx_word' id='word_1_300' title='bbox 1218 2378 1595 2436; x_wconf 78' lang='lat' dir='ltr'><strong>exha‘latioucs</strong></span> <span class='ocrx_word' id='word_1_301' title='bbox 1627 2396 1845 2436; x_wconf 89' lang='lat' dir='ltr'><strong>sursum</strong></span> <span class='ocrx_word' id='word_1_302' title='bbox 1874 2397 1969 2451; x_wconf 89' lang='lat' dir='ltr'><strong>per</strong></span> <span class='ocrx_word' id='word_1_303' title='bbox 2014 2398 2140 2437; x_wconf 85' lang='lat' dir='ltr'><strong>acra</strong></span> 
     </span>
    </p>
   </div>
   <div class='ocr_carea' id='block_1_42' title="bbox 562 2466 2141 2540">
    <p class='ocr_par' dir='ltr' id='par_1_42' title="bbox 562 2466 2141 2540">
     <span class='ocr_line' id='line_1_42' title="bbox 562 2466 2141 2540; baseline 0.005 -18"><span class='ocrx_word' id='word_1_304' title='bbox 562 2466 836 2530; x_wconf 74' lang='lat' dir='ltr'><strong>feruntur,</strong></span> <span class='ocrx_word' id='word_1_305' title='bbox 894 2480 1297 2540; x_wconf 75' lang='lat' dir='ltr'><strong>venturumque</strong></span> <span class='ocrx_word' id='word_1_306' title='bbox 1352 2473 1856 2540; x_wconf 81' lang='lat' dir='ltr'><strong>compressionibus</strong></span> <span class='ocrx_word' id='word_1_307' title='bbox 1901 2476 2141 2531; x_wconf 89' lang='lat' dir='ltr'><strong>conden-</strong></span> 
     </span>
    </p>
   </div>
   <div class='ocr_carea' id='block_1_43' title="bbox 562 2561 2141 2632">
    <p class='ocr_par' dir='ltr' id='par_1_43' title="bbox 562 2561 2141 2632">
     <span class='ocr_line' id='line_1_43' title="bbox 562 2561 2141 2632; baseline 0.006 -17"><span class='ocrx_word' id='word_1_308' title='bbox 562 2573 776 2618; x_wconf 81' lang='lat' dir='ltr'><strong>santnr.</strong></span> <span class='ocrx_word' id='word_1_309' title='bbox 808 2569 863 2616; x_wconf 89' lang='lat' dir='ltr'><strong>et</strong></span> <span class='ocrx_word' id='word_1_310' title='bbox 888 2576 1120 2632; x_wconf 71' lang='lat' dir='ltr'><strong>vapores</strong></span> <span class='ocrx_word' id='word_1_311' title='bbox 1154 2561 1208 2615; x_wconf 90' lang='lat' dir='ltr'><strong>in</strong></span> <span class='ocrx_word' id='word_1_312' title='bbox 1235 2561 1376 2618; x_wconf 83' lang='lat' dir='ltr'><strong>nube</strong></span> <span class='ocrx_word' id='word_1_313' title='bbox 1405 2565 1647 2618; x_wconf 87' lang='lat' dir='ltr'><strong>concreti</strong></span> <span class='ocrx_word' id='word_1_314' title='bbox 1685 2565 1775 2618; x_wconf 91' lang='lat' dir='ltr'><strong>alii</strong></span> <span class='ocrx_word' id='word_1_315' title='bbox 1806 2566 1876 2620; x_wconf 87' lang='lat' dir='ltr'><strong>ab</strong></span> <span class='ocrx_word' id='word_1_316' title='bbox 1903 2567 2025 2622; x_wconf 90' lang='lat' dir='ltr'><strong>aliis</strong></span> <span class='ocrx_word' id='word_1_317' title='bbox 2053 2583 2141 2624; x_wconf 87' lang='lat' dir='ltr'><strong>se-</strong></span> 
     </span>
    </p>
   </div>
   <div class='ocr_carea' id='block_1_44' title="bbox 562 2653 2137 2726">
    <p class='ocr_par' dir='ltr' id='par_1_44' title="bbox 562 2653 2137 2726">
     <span class='ocr_line' id='line_1_44' title="bbox 562 2653 2137 2726; baseline 0.004 -19"><span class='ocrx_word' id='word_1_318' title='bbox 562 2657 791 2722; x_wconf 76' lang='lat' dir='ltr'><strong>gregati,</strong></span> <span class='ocrx_word' id='word_1_319' title='bbox 815 2662 983 2725; x_wconf 79' lang='lat' dir='ltr'><strong>gutta:</strong></span> <span class='ocrx_word' id='word_1_320' title='bbox 1017 2653 1175 2718; x_wconf 79' lang='lat' dir='ltr'><strong>fiunt,</strong></span> <span class='ocrx_word' id='word_1_321' title='bbox 1207 2654 1336 2707; x_wconf 88' lang='lat' dir='ltr'><strong>hinc</strong></span> <span class='ocrx_word' id='word_1_322' title='bbox 1365 2654 1606 2726; x_wconf 85' lang='lat' dir='ltr'><strong>pondere</strong></span> <span class='ocrx_word' id='word_1_323' title='bbox 1635 2659 2137 2725; x_wconf 78' lang='lat' dir='ltr'><strong>coagmentatorum</strong></span> 
     </span>
    </p>
   </div>
   <div class='ocr_carea' id='block_1_45' title="bbox 559 2741 2137 2815">
    <p class='ocr_par' dir='ltr' id='par_1_45' title="bbox 559 2741 2137 2815">
     <span class='ocr_line' id='line_1_45' title="bbox 559 2741 2137 2815; baseline 0.006 -19"><span class='ocrx_word' id='word_1_324' title='bbox 559 2741 823 2798; x_wconf 77' lang='lat' dir='ltr'><strong>deﬂuunt.</strong></span> <span class='ocrx_word' id='word_1_325' title='bbox 863 2743 962 2798; x_wconf 73' lang='lat' dir='ltr'><strong>Nix</strong></span> <span class='ocrx_word' id='word_1_326' title='bbox 996 2760 1066 2800; x_wconf 80' lang='lat' dir='ltr'><strong>ex</strong></span> <span class='ocrx_word' id='word_1_327' title='bbox 1107 2746 1267 2815; x_wconf 81' lang='lat' dir='ltr'><strong>aquis</strong></span> <span class='ocrx_word' id='word_1_328' title='bbox 1300 2747 1380 2800; x_wconf 90' lang='lat' dir='ltr'><strong>sie</strong></span> <span class='ocrx_word' id='word_1_329' title='bbox 1424 2748 1722 2813; x_wconf 82' lang='lat' dir='ltr'><strong>coalescit;</strong></span> <span class='ocrx_word' id='word_1_330' title='bbox 1753 2748 1805 2802; x_wconf 89' lang='lat' dir='ltr'><strong>vi</strong></span> <span class='ocrx_word' id='word_1_331' title='bbox 1849 2758 2137 2805; x_wconf 78' lang='lat' dir='ltr'><strong>ventorum</strong></span> 
     </span>
    </p>
   </div>
   <div class='ocr_carea' id='block_1_46' title="bbox 561 2832 2139 2907">
    <p class='ocr_par' dir='ltr' id='par_1_46' title="bbox 561 2832 2139 2907">
     <span class='ocr_line' id='line_1_46' title="bbox 561 2832 2139 2907; baseline 0.004 -20"><span class='ocrx_word' id='word_1_332' title='bbox 561 2832 843 2887; x_wconf 71' lang='lat' dir='ltr'><strong>humidum:</strong></span> <span class='ocrx_word' id='word_1_333' title='bbox 878 2834 1210 2905; x_wconf 81' lang='lat' dir='ltr'><strong>discerptum</strong></span> <span class='ocrx_word' id='word_1_334' title='bbox 1247 2834 1299 2889; x_wconf 78' lang='lat' dir='ltr'><strong>in</strong></span> <span class='ocrx_word' id='word_1_335' title='bbox 1337 2850 1584 2905; x_wconf 88' lang='lat' dir='ltr'><strong>spumam</strong></span> <span class='ocrx_word' id='word_1_336' title='bbox 1622 2836 1904 2907; x_wconf 82' lang='lat' dir='ltr'><strong>redigitur,</strong></span> <span class='ocrx_word' id='word_1_337' title='bbox 1941 2847 2139 2893; x_wconf 89' lang='lat' dir='ltr'><strong>totum-</strong></span> 
     </span>
    </p>
   </div>
   <div class='ocr_carea' id='block_1_47' title="bbox 561 2928 2136 3000">
    <p class='ocr_par' dir='ltr' id='par_1_47' title="bbox 561 2928 2136 3000">
     <span class='ocr_line' id='line_1_47' title="bbox 561 2928 2136 3000; baseline 0.004 -21"><span class='ocrx_word' id='word_1_338' title='bbox 561 2941 667 2997; x_wconf 80' lang='lat' dir='ltr'><strong>que</strong></span> <span class='ocrx_word' id='word_1_339' title='bbox 701 2943 799 2997; x_wconf 83' lang='lat' dir='ltr'><strong>per</strong></span> <span class='ocrx_word' id='word_1_340' title='bbox 830 2943 1104 2998; x_wconf 79' lang='lat' dir='ltr'><strong>quamque</strong></span> <span class='ocrx_word' id='word_1_341' title='bbox 1143 2928 1227 2983; x_wconf 81' lang='lat' dir='ltr'><strong>sui</strong></span> <span class='ocrx_word' id='word_1_342' title='bbox 1261 2940 1466 2998; x_wconf 88' lang='lat' dir='ltr'><strong>partem</strong></span> <span class='ocrx_word' id='word_1_343' title='bbox 1511 2928 1745 2985; x_wconf 84' lang='lat' dir='ltr'><strong>divisum</strong></span> <span class='ocrx_word' id='word_1_344' title='bbox 1800 2930 2136 3000; x_wconf 76' lang='lat' dir='ltr'><strong>frigefactum</strong></span> 
     </span>
    </p>
   </div>
   <div class='ocr_carea' id='block_1_48' title="bbox 559 3019 2136 3090">
    <p class='ocr_par' dir='ltr' id='par_1_48' title="bbox 559 3019 2136 3090">
     <span class='ocr_line' id='line_1_48' title="bbox 559 3019 2136 3090; baseline 0.005 -20"><span class='ocrx_word' id='word_1_345' title='bbox 559 3019 897 3087; x_wconf 83' lang='lat' dir='ltr'><strong>congelatur,</strong></span> <span class='ocrx_word' id='word_1_346' title='bbox 938 3027 992 3073; x_wconf 87' lang='lat' dir='ltr'><strong>et</strong></span> <span class='ocrx_word' id='word_1_347' title='bbox 1015 3019 1211 3074; x_wconf 86' lang='lat' dir='ltr'><strong>nebula</strong></span> <span class='ocrx_word' id='word_1_348' title='bbox 1246 3020 1517 3090; x_wconf 86' lang='lat' dir='ltr'><strong>disrupta,</strong></span> <span class='ocrx_word' id='word_1_349' title='bbox 1547 3022 1636 3075; x_wconf 65' lang='lat' dir='ltr'><strong>nix</strong></span> <span class='ocrx_word' id='word_1_350' title='bbox 1675 3020 1842 3076; x_wconf 87' lang='lat' dir='ltr'><strong>cadit.</strong></span> <span class='ocrx_word' id='word_1_351' title='bbox 1872 3020 2136 3079; x_wconf 87' lang='lat' dir='ltr'><strong>&#39;l&#39;onitrua</strong></span> 
     </span>
    </p>
   </div>
   <div class='ocr_carea' id='block_1_49' title="bbox 557 3108 2135 3183">
    <p class='ocr_par' dir='ltr' id='par_1_49' title="bbox 557 3108 2135 3183">
     <span class='ocr_line' id='line_1_49' title="bbox 557 3108 2135 3183; baseline 0.004 -17"><span class='ocrx_word' id='word_1_352' title='bbox 557 3108 814 3166; x_wconf 79' lang='lat' dir='ltr'><strong>cenﬂictu</strong></span> <span class='ocrx_word' id='word_1_353' title='bbox 849 3109 1009 3167; x_wconf 81' lang='lat' dir='ltr'><strong>ﬂatus</strong></span> <span class='ocrx_word' id='word_1_354' title='bbox 1037 3113 1303 3174; x_wconf 78' lang='lat' dir='ltr'><strong>existunt,</strong></span> <span class='ocrx_word' id='word_1_355' title='bbox 1338 3114 1429 3183; x_wconf 88' lang='lat' dir='ltr'><strong>qui</strong></span> <span class='ocrx_word' id='word_1_356' title='bbox 1464 3114 1516 3167; x_wconf 89' lang='lat' dir='ltr'><strong>in</strong></span> <span class='ocrx_word' id='word_1_357' title='bbox 1543 3113 1694 3170; x_wconf 82' lang='lat' dir='ltr'><strong>cavis</strong></span> <span class='ocrx_word' id='word_1_358' title='bbox 1722 3114 1948 3169; x_wconf 88' lang='lat' dir='ltr'><strong>nubium</strong></span> <span class='ocrx_word' id='word_1_359' title='bbox 1980 3125 2135 3173; x_wconf 86' lang='lat' dir='ltr'><strong>actus</strong></span> 
     </span>
    </p>
   </div>
   <div class='ocr_carea' id='block_1_50' title="bbox 556 3184 1785 3274">
    <p class='ocr_par' dir='ltr' id='par_1_50' title="bbox 556 3184 1785 3274">
     <span class='ocr_line' id='line_1_50' title="bbox 556 3184 1785 3274; baseline 0.007 -20"><span class='ocrx_word' id='word_1_360' title='bbox 556 3184 720 3273; x_wconf 57' lang='grc' dir='ltr'><strong>νὴμή</strong></span> <span class='ocrx_word' id='word_1_361' title='bbox 747 3219 1061 3273; x_wconf 76' lang='lat' dir='ltr'><strong>ermnpeus.</strong></span> <span class='ocrx_word' id='word_1_362' title='bbox 1091 3204 1325 3259; x_wconf 89' lang='lat' dir='ltr'><strong>tonitrus</strong></span> <span class='ocrx_word' id='word_1_363' title='bbox 1357 3203 1624 3274; x_wconf 71' lang='lat' dir='ltr'><strong>fragorem</strong></span> <span class='ocrx_word' id='word_1_364' title='bbox 1654 3205 1785 3262; x_wconf 84' lang='lat' dir='ltr'><strong>edit.</strong></span> 
     </span>
    </p>
   </div>
   <div class='ocr_carea' id='block_1_51' title="bbox 2247 1912 3806 1992">
    <p class='ocr_par' dir='ltr' id='par_1_51' title="bbox 2247 1912 3806 1992">
     <span class='ocr_line' id='line_1_51' title="bbox 2247 1912 3806 1992; baseline 0.007 -27"><span class='ocrx_word' id='word_1_365' title='bbox 2247 1912 2358 1983; x_wconf 80' lang='grc' dir='ltr'><strong>ὅρῳ</strong></span> <span class='ocrx_word' id='word_1_366' title='bbox 2380 1912 2482 1967; x_wconf 76' lang='grc' dir='ltr'><strong>τοῦ</strong></span> <span class='ocrx_word' id='word_1_367' title='bbox 2515 1917 2837 1986; x_wconf 83' lang='grc' dir='ltr'>ποιήσαντος</span> <span class='ocrx_word' id='word_1_368' title='bbox 2868 1917 3028 1971; x_wconf 81' lang='grc' dir='ltr'>αὑτὸν</span> <span class='ocrx_word' id='word_1_369' title='bbox 3057 1919 3355 1990; x_wconf 81' lang='grc' dir='ltr'><strong>κατείχετο.</strong></span> <span class='ocrx_word' id='word_1_370' title='bbox 3384 1919 3484 1973; x_wconf 80' lang='grc' dir='ltr'>Διά</span> <span class='ocrx_word' id='word_1_371' title='bbox 3516 1920 3623 1992; x_wconf 74' lang='grc' dir='ltr'><strong>γὰρ</strong></span> <span class='ocrx_word' id='word_1_372' title='bbox 3659 1921 3806 1976; x_wconf 81' lang='grc' dir='ltr'>τοῦτο</span> 
     </span>
    </p>
   </div>
   <div class='ocr_carea' id='block_1_52' title="bbox 2246 2005 3805 2084">
    <p class='ocr_par' dir='ltr' id='par_1_52' title="bbox 2246 2005 3805 2084">
     <span class='ocr_line' id='line_1_52' title="bbox 2246 2005 3805 2084; baseline 0.004 -24"><span class='ocrx_word' id='word_1_373' title='bbox 2246 2007 2341 2060; x_wconf 76' lang='grc' dir='ltr'>καὶ</span> <span class='ocrx_word' id='word_1_374' title='bbox 2374 2005 2518 2077; x_wconf 82' lang='grc' dir='ltr'>ὕδωρ</span> <span class='ocrx_word' id='word_1_375' title='bbox 2543 2008 2688 2061; x_wconf 75' lang='grc' dir='ltr'>ἐστὶν</span> <span class='ocrx_word' id='word_1_376' title='bbox 2719 2008 2899 2081; x_wconf 83' lang='grc' dir='ltr'>ἀέριον</span> <span class='ocrx_word' id='word_1_377' title='bbox 2934 2012 2999 2063; x_wconf 91' lang='grc' dir='ltr'><strong>ἐκ</strong></span> <span class='ocrx_word' id='word_1_378' title='bbox 3038 2014 3138 2083; x_wconf 81' lang='grc' dir='ltr'><strong>τῆς</strong></span> <span class='ocrx_word' id='word_1_379' title='bbox 3177 2013 3453 2084; x_wconf 79' lang='grc' dir='ltr'>ἀναφορᾶς</span> <span class='ocrx_word' id='word_1_380' title='bbox 3482 2011 3590 2066; x_wconf 83' lang='grc' dir='ltr'><strong>τῶν</strong></span> <span class='ocrx_word' id='word_1_381' title='bbox 3627 2014 3805 2084; x_wconf 82' lang='grc' dir='ltr'>ἀτμῶν</span> 
     </span>
    </p>
   </div>
   <div class='ocr_carea' id='block_1_53' title="bbox 2245 2094 3805 2175">
    <p class='ocr_par' dir='ltr' id='par_1_53' title="bbox 2245 2094 3805 2175">
     <span class='ocr_line' id='line_1_53' title="bbox 2245 2094 3805 2175; baseline 0.005 -26"><span class='ocrx_word' id='word_1_382' title='bbox 2245 2094 2333 2151; x_wconf 86' lang='grc' dir='ltr'><strong>διά</strong></span> <span class='ocrx_word' id='word_1_383' title='bbox 2368 2096 2546 2167; x_wconf 85' lang='grc' dir='ltr'>νεφῶν</span> <span class='ocrx_word' id='word_1_384' title='bbox 2576 2098 2889 2170; x_wconf 85' lang='grc' dir='ltr'>φερόμενον,</span> <span class='ocrx_word' id='word_1_385' title='bbox 2918 2099 3012 2164; x_wconf 83' lang='grc' dir='ltr'><strong>οὓς</strong></span> <span class='ocrx_word' id='word_1_386' title='bbox 3042 2102 3249 2173; x_wconf 82' lang='grc' dir='ltr'>ἀτμοὺς</span> <span class='ocrx_word' id='word_1_387' title='bbox 3274 2104 3324 2155; x_wconf 81' lang='grc' dir='ltr'><strong>οἱ</strong></span> <span class='ocrx_word' id='word_1_388' title='bbox 3357 2104 3612 2175; x_wconf 73' lang='grc' dir='ltr'>ποταμοὶ.</span> <span class='ocrx_word' id='word_1_389' title='bbox 3635 2103 3724 2157; x_wconf 74' lang='grc' dir='ltr'>καὶ</span> <span class='ocrx_word' id='word_1_390' title='bbox 3752 2106 3805 2157; x_wconf 79' lang='lat' dir='ltr'><strong>al</strong></span> 
     </span>
    </p>
   </div>
   <div class='ocr_carea' id='block_1_54' title="bbox 2244 2190 3807 2268">
    <p class='ocr_par' dir='ltr' id='par_1_54' title="bbox 2244 2190 3807 2268">
     <span class='ocr_line' id='line_1_54' title="bbox 2244 2190 3807 2268; baseline 0.004 -26"><span class='ocrx_word' id='word_1_391' title='bbox 2244 2190 2462 2260; x_wconf 76' lang='grc' dir='ltr'>κρῆναι,</span> <span class='ocrx_word' id='word_1_392' title='bbox 2493 2192 2587 2244; x_wconf 64' lang='grc' dir='ltr'>καὶ</span> <span class='ocrx_word' id='word_1_393' title='bbox 2613 2192 2667 2245; x_wconf 68' lang='grc' dir='ltr'>αὶ</span> <span class='ocrx_word' id='word_1_394' title='bbox 2695 2191 2902 2263; x_wconf 84' lang='grc' dir='ltr'>λίμναι,</span> <span class='ocrx_word' id='word_1_395' title='bbox 2937 2195 3031 2248; x_wconf 77' lang='grc' dir='ltr'>καὶ</span> <span class='ocrx_word' id='word_1_396' title='bbox 3057 2193 3126 2248; x_wconf 88' lang='grc' dir='ltr'><strong>τά</strong></span> <span class='ocrx_word' id='word_1_397' title='bbox 3155 2194 3362 2267; x_wconf 83' lang='grc' dir='ltr'>πελάγη</span> <span class='ocrx_word' id='word_1_398' title='bbox 3398 2196 3575 2249; x_wconf 82' lang='grc' dir='ltr'>πάντα</span> <span class='ocrx_word' id='word_1_399' title='bbox 3604 2197 3807 2268; x_wconf 76' lang='grc' dir='ltr'>προῖενο</span> 
     </span>
    </p>
   </div>
   <div class='ocr_carea' id='block_1_55' title="bbox 2241 2283 3804 2361">
    <p class='ocr_par' dir='ltr' id='par_1_55' title="bbox 2241 2283 3804 2361">
     <span class='ocr_line' id='line_1_55' title="bbox 2241 2283 3804 2361; baseline 0.004 -26"><span class='ocrx_word' id='word_1_400' title='bbox 2241 2298 2367 2347; x_wconf 88' lang='grc' dir='ltr'>ται,</span> <span class='ocrx_word' id='word_1_401' title='bbox 2415 2283 2489 2347; x_wconf 86' lang='grc' dir='ltr'>ὼς</span> <span class='ocrx_word' id='word_1_402' title='bbox 2535 2283 2600 2338; x_wconf 87' lang='grc' dir='ltr'>ἃν</span> <span class='ocrx_word' id='word_1_403' title='bbox 2650 2284 2726 2357; x_wconf 80' lang='grc' dir='ltr'>μὴ</span> <span class='ocrx_word' id='word_1_404' title='bbox 2754 2285 2932 2340; x_wconf 86' lang='grc' dir='ltr'>πάντα</span> <span class='ocrx_word' id='word_1_405' title='bbox 2959 2288 2988 2339; x_wconf 83' lang='grc' dir='ltr'><strong>ὁ</strong></span> <span class='ocrx_word' id='word_1_406' title='bbox 3030 2286 3193 2361; x_wconf 75' lang='grc' dir='ltr'>αἰθὴρ</span> <span class='ocrx_word' id='word_1_407' title='bbox 3230 2287 3595 2360; x_wconf 83' lang='grc' dir='ltr'>πυρακτώσας</span> <span class='ocrx_word' id='word_1_408' title='bbox 3616 2288 3804 2355; x_wconf 53' lang='grc' dir='ltr'>νέξαναι</span> 
     </span>
    </p>
   </div>
   <div class='ocr_carea' id='block_1_56' title="bbox 2236 2373 3806 2452">
    <p class='ocr_par' dir='ltr' id='par_1_56' title="bbox 2236 2373 3806 2452">
     <span class='ocr_line' id='line_1_56' title="bbox 2236 2373 3806 2452; baseline 0.004 -25"><span class='ocrx_word' id='word_1_409' title='bbox 2236 2373 2454 2431; x_wconf 70' lang='grc' dir='ltr'>λώσειε.</span> <span class='ocrx_word' id='word_1_410' title='bbox 2482 2377 2694 2431; x_wconf 78' lang='grc' dir='ltr'>Γίνεται</span> <span class='ocrx_word' id='word_1_411' title='bbox 2731 2378 2789 2432; x_wconf 81' lang='grc' dir='ltr'>δὲ</span> <span class='ocrx_word' id='word_1_412' title='bbox 2822 2377 2994 2444; x_wconf 77' lang='grc' dir='ltr'>οὕτως</span> <span class='ocrx_word' id='word_1_413' title='bbox 3018 2382 3048 2433; x_wconf 83' lang='grc' dir='ltr'>ὁ</span> <span class='ocrx_word' id='word_1_414' title='bbox 3073 2381 3125 2432; x_wconf 90' lang='grc' dir='ltr'><strong>ὑ.</strong></span> <span class='ocrx_word' id='word_1_415' title='bbox 3147 2419 3160 2433; x_wconf 94' lang='grc'><strong>.</strong></span> <span class='ocrx_word' id='word_1_416' title='bbox 3180 2419 3193 2433; x_wconf 94' lang='grc'><strong>.</strong></span> <span class='ocrx_word' id='word_1_417' title='bbox 3226 2380 3547 2449; x_wconf 81' lang='grc' dir='ltr'>συνάγονται</span> <span class='ocrx_word' id='word_1_418' title='bbox 3587 2379 3711 2452; x_wconf 78' lang='grc' dir='ltr'>περὶ</span> <span class='ocrx_word' id='word_1_419' title='bbox 3748 2380 3806 2434; x_wconf 80' lang='grc' dir='ltr'><strong>τὸ</strong></span> 
     </span>
    </p>
   </div>
   <div class='ocr_carea' id='block_1_57' title="bbox 2246 2466 3805 2545">
    <p class='ocr_par' dir='ltr' id='par_1_57' title="bbox 2246 2466 3805 2545">
     <span class='ocr_line' id='line_1_57' title="bbox 2246 2466 3805 2545; baseline 0.003 -25"><span class='ocrx_word' id='word_1_420' title='bbox 2246 2466 2379 2538; x_wconf 79' lang='grc' dir='ltr'>ὕψος</span> <span class='ocrx_word' id='word_1_421' title='bbox 2409 2469 2465 2522; x_wconf 88' lang='grc' dir='ltr'>αἱ</span> <span class='ocrx_word' id='word_1_422' title='bbox 2493 2469 2903 2541; x_wconf 85' lang='grc' dir='ltr'>ἀναθυμιάσεις,</span> <span class='ocrx_word' id='word_1_423' title='bbox 2924 2472 3017 2524; x_wconf 76' lang='grc' dir='ltr'>καὶ</span> <span class='ocrx_word' id='word_1_424' title='bbox 3039 2470 3335 2525; x_wconf 80' lang='grc' dir='ltr'>πυκνοῦται</span> <span class='ocrx_word' id='word_1_425' title='bbox 3363 2471 3392 2524; x_wconf 85' lang='grc' dir='ltr'><strong>ὁ</strong></span> <span class='ocrx_word' id='word_1_426' title='bbox 3418 2474 3528 2545; x_wconf 76' lang='grc' dir='ltr'><strong>ἀὴρ</strong></span> <span class='ocrx_word' id='word_1_427' title='bbox 3549 2475 3670 2537; x_wconf 78' lang='grc' dir='ltr'>ταῖς</span> <span class='ocrx_word' id='word_1_428' title='bbox 3701 2472 3805 2527; x_wconf 72' lang='grc' dir='ltr'>τῶν</span> 
     </span>
    </p>
   </div>
   <div class='ocr_carea' id='block_1_58' title="bbox 2244 2563 3805 2636">
    <p class='ocr_par' dir='ltr' id='par_1_58' title="bbox 2244 2563 3805 2636">
     <span class='ocr_line' id='line_1_58' title="bbox 2244 2563 3805 2636; baseline 0.001 -19"><span class='ocrx_word' id='word_1_429' title='bbox 2244 2564 2569 2633; x_wconf 84' lang='grc' dir='ltr'>πνευμάτων</span> <span class='ocrx_word' id='word_1_430' title='bbox 2620 2563 2867 2634; x_wconf 88' lang='grc' dir='ltr'>πιλήσεσι</span> <span class='ocrx_word' id='word_1_431' title='bbox 2886 2605 2901 2629; x_wconf 94' lang='grc'><strong>,</strong></span> <span class='ocrx_word' id='word_1_432' title='bbox 2951 2565 3045 2619; x_wconf 76' lang='grc' dir='ltr'>καὶ</span> <span class='ocrx_word' id='word_1_433' title='bbox 3090 2565 3146 2618; x_wconf 73' lang='lat' dir='ltr'><strong>at</strong></span> <span class='ocrx_word' id='word_1_434' title='bbox 3201 2565 3402 2629; x_wconf 87' lang='grc' dir='ltr'>νοτίδες</span> <span class='ocrx_word' id='word_1_435' title='bbox 3448 2566 3504 2617; x_wconf 74' lang='grc' dir='ltr'>αἱ</span> <span class='ocrx_word' id='word_1_436' title='bbox 3547 2564 3625 2636; x_wconf 83' lang='grc' dir='ltr'>τῷ</span> <span class='ocrx_word' id='word_1_437' title='bbox 3664 2566 3805 2634; x_wconf 82' lang='grc' dir='ltr'>νέφει</span> 
     </span>
    </p>
   </div>
   <div class='ocr_carea' id='block_1_59' title="bbox 2245 2656 3805 2730">
    <p class='ocr_par' dir='ltr' id='par_1_59' title="bbox 2245 2656 3805 2730">
     <span class='ocr_line' id='line_1_59' title="bbox 2245 2656 3805 2730; baseline 0.002 -21"><span class='ocrx_word' id='word_1_438' title='bbox 2245 2656 2680 2729; x_wconf 84' lang='grc' dir='ltr'>ἐνεσπαρμέναι,</span> <span class='ocrx_word' id='word_1_439' title='bbox 2728 2657 2984 2729; x_wconf 81' lang='grc' dir='ltr'>ἀλλήλαις</span> <span class='ocrx_word' id='word_1_440' title='bbox 3038 2659 3529 2730; x_wconf 84' lang='grc' dir='ltr'>προσχωρήσασαι,</span> <span class='ocrx_word' id='word_1_441' title='bbox 3561 2660 3805 2728; x_wconf 84' lang='grc' dir='ltr'>σταγόνες</span> 
     </span>
    </p>
   </div>
   <div class='ocr_carea' id='block_1_60' title="bbox 2243 2747 3807 2823">
    <p class='ocr_par' dir='ltr' id='par_1_60' title="bbox 2243 2747 3807 2823">
     <span class='ocr_line' id='line_1_60' title="bbox 2243 2747 3807 2823; baseline 0.003 -24"><span class='ocrx_word' id='word_1_442' title='bbox 2243 2747 2510 2815; x_wconf 82' lang='grc' dir='ltr'>γίνονται,</span> <span class='ocrx_word' id='word_1_443' title='bbox 2544 2749 2640 2803; x_wconf 67' lang='grc' dir='ltr'>καὶ</span> <span class='ocrx_word' id='word_1_444' title='bbox 2685 2748 2763 2820; x_wconf 84' lang='grc' dir='ltr'>τῷ</span> <span class='ocrx_word' id='word_1_445' title='bbox 2798 2750 2952 2822; x_wconf 78' lang='grc' dir='ltr'>βάρει</span> <span class='ocrx_word' id='word_1_446' title='bbox 2998 2749 3108 2803; x_wconf 83' lang='grc' dir='ltr'><strong>τῶν</strong></span> <span class='ocrx_word' id='word_1_447' title='bbox 3149 2750 3547 2823; x_wconf 85' lang='grc' dir='ltr'>συγκριέντων</span> <span class='ocrx_word' id='word_1_448' title='bbox 3578 2750 3711 2823; x_wconf 73' lang='grc' dir='ltr'>πρὸς</span> <span class='ocrx_word' id='word_1_449' title='bbox 3745 2750 3807 2804; x_wconf 74' lang='grc' dir='ltr'><strong>τὸ</strong></span> 
     </span>
    </p>
   </div>
   <div class='ocr_carea' id='block_1_61' title="bbox 2244 2841 3813 2915">
    <p class='ocr_par' dir='ltr' id='par_1_61' title="bbox 2244 2841 3813 2915">
     <span class='ocr_line' id='line_1_61' title="bbox 2244 2841 3813 2915; baseline 0.004 -22"><span class='ocrx_word' id='word_1_450' title='bbox 2244 2842 2393 2894; x_wconf 87' lang='grc' dir='ltr'>κάτω</span> <span class='ocrx_word' id='word_1_451' title='bbox 2418 2841 2677 2911; x_wconf 80' lang='grc' dir='ltr'>ἐφίενται.</span> <span class='ocrx_word' id='word_1_452' title='bbox 2713 2843 2777 2895; x_wconf 84' lang='grc' dir='ltr'><strong>Ἦ</strong></span> <span class='ocrx_word' id='word_1_453' title='bbox 2802 2842 2858 2896; x_wconf 84' lang='grc' dir='ltr'>δὲ</span> <span class='ocrx_word' id='word_1_454' title='bbox 2887 2842 3016 2915; x_wconf 88' lang='grc' dir='ltr'>χιὼν</span> <span class='ocrx_word' id='word_1_455' title='bbox 3048 2845 3114 2897; x_wconf 86' lang='grc' dir='ltr'><strong>ἐκ</strong></span> <span class='ocrx_word' id='word_1_456' title='bbox 3140 2843 3248 2897; x_wconf 87' lang='grc' dir='ltr'>τῶν</span> <span class='ocrx_word' id='word_1_457' title='bbox 3282 2843 3488 2897; x_wconf 85' lang='grc' dir='ltr'>ὑδάτων</span> <span class='ocrx_word' id='word_1_458' title='bbox 3519 2843 3661 2899; x_wconf 74' lang='grc' dir='ltr'>οὕτω</span> <span class='ocrx_word' id='word_1_459' title='bbox 3691 2861 3813 2899; x_wconf 82' lang='grc' dir='ltr'>συν-</span> 
     </span>
    </p>
   </div>
   <div class='ocr_carea' id='block_1_62' title="bbox 2239 2934 3807 3009">
    <p class='ocr_par' dir='ltr' id='par_1_62' title="bbox 2239 2934 3807 3009">
     <span class='ocr_line' id='line_1_62' title="bbox 2239 2934 3807 3009; baseline 0.003 -22"><span class='ocrx_word' id='word_1_460' title='bbox 2239 2934 2457 2988; x_wconf 66' lang='grc' dir='ltr'>ίσταται</span> <span class='ocrx_word' id='word_1_461' title='bbox 2477 2953 2489 2964; x_wconf 91' lang='grc'><strong>·</strong></span> <span class='ocrx_word' id='word_1_462' title='bbox 2519 2937 2585 2989; x_wconf 81' lang='grc' dir='ltr'><strong>ἐκ</strong></span> <span class='ocrx_word' id='word_1_463' title='bbox 2610 2935 2709 3006; x_wconf 77' lang='grc' dir='ltr'>τῆς</span> <span class='ocrx_word' id='word_1_464' title='bbox 2737 2934 2857 3006; x_wconf 81' lang='grc' dir='ltr'>βίας</span> <span class='ocrx_word' id='word_1_465' title='bbox 2884 2935 2993 2989; x_wconf 84' lang='grc' dir='ltr'><strong>τῶν</strong></span> <span class='ocrx_word' id='word_1_466' title='bbox 3022 2936 3237 3007; x_wconf 81' lang='grc' dir='ltr'>ἀνέμων</span> <span class='ocrx_word' id='word_1_467' title='bbox 3266 2937 3539 2992; x_wconf 82' lang='grc' dir='ltr'>ἀνακοπὲν</span> <span class='ocrx_word' id='word_1_468' title='bbox 3563 2937 3624 2991; x_wconf 59' lang='lat' dir='ltr'><strong>ab</strong></span> <span class='ocrx_word' id='word_1_469' title='bbox 3650 2937 3807 3009; x_wconf 82' lang='grc' dir='ltr'>ὑγρὸν</span> 
     </span>
    </p>
   </div>
   <div class='ocr_carea' id='block_1_63' title="bbox 2243 3025 3809 3103">
    <p class='ocr_par' dir='ltr' id='par_1_63' title="bbox 2243 3025 3809 3103">
     <span class='ocr_line' id='line_1_63' title="bbox 2243 3025 3809 3103; baseline 0.005 -25"><span class='ocrx_word' id='word_1_470' title='bbox 2243 3025 2620 3099; x_wconf 78' lang='grc' dir='ltr'>ἐξαφρίζεται’</span> <span class='ocrx_word' id='word_1_471' title='bbox 2650 3029 2744 3082; x_wconf 76' lang='grc' dir='ltr'>καὶ</span> <span class='ocrx_word' id='word_1_472' title='bbox 2771 3029 2888 3083; x_wconf 83' lang='grc' dir='ltr'>ὅλον</span> <span class='ocrx_word' id='word_1_473' title='bbox 2913 3029 2979 3083; x_wconf 83' lang='grc' dir='ltr'><strong>δι’</strong></span> <span class='ocrx_word' id='word_1_474' title='bbox 3007 3029 3126 3083; x_wconf 75' lang='grc' dir='ltr'>ὅλου</span> <span class='ocrx_word' id='word_1_475' title='bbox 3157 3029 3449 3094; x_wconf 83' lang='grc' dir='ltr'>ἀνακοπὲν,</span> <span class='ocrx_word' id='word_1_476' title='bbox 3471 3030 3809 3103; x_wconf 73' lang='grc' dir='ltr'>καταψυχθὲν</span> 
     </span>
    </p>
   </div>
   <div class='ocr_carea' id='block_1_64' title="bbox 2242 3119 3808 3193">
    <p class='ocr_par' dir='ltr' id='par_1_64' title="bbox 2242 3119 3808 3193">
     <span class='ocr_line' id='line_1_64' title="bbox 2242 3119 3808 3193; baseline 0.002 -19"><span class='ocrx_word' id='word_1_477' title='bbox 2242 3122 2534 3192; x_wconf 82' lang='grc' dir='ltr'>πήγνυται,</span> <span class='ocrx_word' id='word_1_478' title='bbox 2571 3121 2665 3174; x_wconf 75' lang='grc' dir='ltr'>καὶ</span> <span class='ocrx_word' id='word_1_479' title='bbox 2697 3120 3056 3193; x_wconf 85' lang='grc' dir='ltr'>θραυσθέντος</span> <span class='ocrx_word' id='word_1_480' title='bbox 3094 3119 3186 3174; x_wconf 81' lang='grc' dir='ltr'>τοῦ</span> <span class='ocrx_word' id='word_1_481' title='bbox 3222 3121 3435 3191; x_wconf 80' lang='grc' dir='ltr'>νέφους,</span> <span class='ocrx_word' id='word_1_482' title='bbox 3471 3124 3503 3193; x_wconf 86' lang='grc' dir='ltr'><strong>ή</strong></span> <span class='ocrx_word' id='word_1_483' title='bbox 3544 3122 3677 3193; x_wconf 85' lang='grc' dir='ltr'>χιὼν</span> <span class='ocrx_word' id='word_1_484' title='bbox 3707 3140 3808 3177; x_wconf 83' lang='grc' dir='ltr'>κα-</span> 
     </span>
    </p>
   </div>
   <div class='ocr_carea' id='block_1_65' title="bbox 2160 3198 3807 3287">
    <p class='ocr_par' dir='ltr' id='par_1_65' title="bbox 2160 3198 3807 3287">
     <span class='ocr_line' id='line_1_65' title="bbox 2160 3198 3807 3287; baseline 0.002 -21"><span class='ocrx_word' id='word_1_485' title='bbox 2160 3198 2206 3256; x_wconf 70' lang='lat' dir='ltr'><strong><em>C</em></strong></span> <span class='ocrx_word' id='word_1_486' title='bbox 2237 3214 2551 3286; x_wconf 80' lang='grc' dir='ltr'>ταφέρεται.</span> <span class='ocrx_word' id='word_1_487' title='bbox 2588 3214 2652 3267; x_wconf 86' lang='grc' dir='ltr'>Ἡ</span> <span class='ocrx_word' id='word_1_488' title='bbox 2676 3213 2732 3267; x_wconf 80' lang='grc' dir='ltr'>δὲ</span> <span class='ocrx_word' id='word_1_489' title='bbox 2772 3213 2968 3287; x_wconf 83' lang='grc' dir='ltr'>βροντὴ</span> <span class='ocrx_word' id='word_1_490' title='bbox 2989 3213 3139 3268; x_wconf 81' lang='grc' dir='ltr'><strong>κατά</strong></span> <span class='ocrx_word' id='word_1_491' title='bbox 3169 3213 3354 3268; x_wconf 81' lang='grc' dir='ltr'>τοῦτον</span> <span class='ocrx_word' id='word_1_492' title='bbox 3385 3214 3474 3267; x_wconf 81' lang='grc' dir='ltr'>τὸν</span> <span class='ocrx_word' id='word_1_493' title='bbox 3511 3213 3688 3283; x_wconf 83' lang='grc' dir='ltr'>λόγον.</span> <span class='ocrx_word' id='word_1_494' title='bbox 3714 3254 3729 3269; x_wconf 90' lang='grc'><strong>.</strong></span> <span class='ocrx_word' id='word_1_495' title='bbox 3750 3254 3766 3269; x_wconf 93' lang='grc'><strong>.</strong></span> <span class='ocrx_word' id='word_1_496' title='bbox 3790 3255 3807 3270; x_wconf 91' lang='grc'><strong>.</strong></span> 
     </span>
    </p>
   </div>
   <div class='ocr_carea' id='block_1_66' title="bbox 555 3299 3809 3384">
    <p class='ocr_par' dir='ltr' id='par_1_66' title="bbox 555 3299 3809 3384">
     <span class='ocr_line' id='line_1_66' title="bbox 555 3299 3809 3384; baseline 0.003 -33"><span class='ocrx_word' id='word_1_497' title='bbox 555 3299 845 3352; x_wconf 80' lang='grc' dir='ltr'>ἀντιτυπία</span> <span class='ocrx_word' id='word_1_498' title='bbox 877 3299 1142 3368; x_wconf 79' lang='grc' dir='ltr'>γίγνεται.</span> <span class='ocrx_word' id='word_1_499' title='bbox 1176 3301 1313 3373; x_wconf 74' lang='grc' dir='ltr'>ὅπερ</span> <span class='ocrx_word' id='word_1_500' title='bbox 1344 3300 1700 3371; x_wconf 76' lang='grc' dir='ltr'>ἐλαυνόμενον</span> <span class='ocrx_word' id='word_1_501' title='bbox 1724 3304 1781 3355; x_wconf 87' lang='grc' dir='ltr'><strong>ἐν</strong></span> <span class='ocrx_word' id='word_1_502' title='bbox 1818 3304 1940 3368; x_wconf 78' lang='grc' dir='ltr'>ταῖς</span> <span class='ocrx_word' id='word_1_503' title='bbox 1967 3305 2244 3380; x_wconf 77' lang='grc' dir='ltr'>κοιλότησι</span> <span class='ocrx_word' id='word_1_504' title='bbox 2269 3310 2378 3366; x_wconf 83' lang='grc' dir='ltr'><strong>τῶν</strong></span> <span class='ocrx_word' id='word_1_505' title='bbox 2409 3309 2603 3380; x_wconf 77' lang='grc' dir='ltr'>νεφῶν,</span> <span class='ocrx_word' id='word_1_506' title='bbox 2631 3311 2722 3364; x_wconf 76' lang='grc' dir='ltr'>καὶ</span> <span class='ocrx_word' id='word_1_507' title='bbox 2749 3309 2944 3384; x_wconf 76' lang='grc' dir='ltr'>βιαίως</span> <span class='ocrx_word' id='word_1_508' title='bbox 2979 3309 3373 3381; x_wconf 80' lang='grc' dir='ltr'>ἐκρηγνύμενον</span> <span class='ocrx_word' id='word_1_509' title='bbox 3403 3306 3493 3360; x_wconf 80' lang='grc' dir='ltr'>τὸν</span> <span class='ocrx_word' id='word_1_510' title='bbox 3525 3306 3628 3377; x_wconf 85' lang='grc' dir='ltr'>τῆς</span> <span class='ocrx_word' id='word_1_511' title='bbox 3650 3305 3809 3381; x_wconf 81' lang='grc' dir='ltr'>βρον-</span> 
     </span>
    </p>
   </div>
   <div class='ocr_carea' id='block_1_67' title="bbox 551 3391 1107 3468">
    <p class='ocr_par' dir='ltr' id='par_1_67' title="bbox 551 3391 1107 3468">
     <span class='ocr_line' id='line_1_67' title="bbox 551 3391 1107 3468; baseline 0.02 -29"><span class='ocrx_word' id='word_1_512' title='bbox 551 3398 653 3468; x_wconf 79' lang='grc' dir='ltr'>τῆς</span> <span class='ocrx_word' id='word_1_513' title='bbox 675 3391 808 3468; x_wconf 79' lang='grc' dir='ltr'>ἦχον</span> <span class='ocrx_word' id='word_1_514' title='bbox 838 3397 1107 3450; x_wconf 81' lang='grc' dir='ltr'>ἀποτελεῖ.</span> 
     </span>
    </p>
   </div>
   <div class='ocr_carea' id='block_1_68' title="bbox 627 3490 2136 3570">
    <p class='ocr_par' dir='ltr' id='par_1_68' title="bbox 627 3490 2136 3570">
     <span class='ocr_line' id='line_1_68' title="bbox 627 3490 2136 3570; baseline 0.005 -25"><span class='ocrx_word' id='word_1_515' title='bbox 627 3491 722 3546; x_wconf 88' lang='lat' dir='ltr'><strong>Die</strong></span> <span class='ocrx_word' id='word_1_516' title='bbox 759 3493 921 3545; x_wconf 86' lang='lat' dir='ltr'><strong>tertio</strong></span> <span class='ocrx_word' id='word_1_517' title='bbox 958 3490 1049 3547; x_wconf 88' lang='lat' dir='ltr'><strong>Dci</strong></span> <span class='ocrx_word' id='word_1_518' title='bbox 1082 3492 1338 3546; x_wconf 86' lang='lat' dir='ltr'><strong>mandato</strong></span> <span class='ocrx_word' id='word_1_519' title='bbox 1362 3504 1710 3550; x_wconf 73' lang='lat' dir='ltr'><strong>convenerunt</strong></span> <span class='ocrx_word' id='word_1_520' title='bbox 1743 3513 1894 3570; x_wconf 78' lang='lat' dir='ltr'><strong>aqua:</strong></span> <span class='ocrx_word' id='word_1_521' title='bbox 1925 3499 1978 3552; x_wconf 78' lang='lat' dir='ltr'><strong>in</strong></span> <span class='ocrx_word' id='word_1_522' title='bbox 2008 3514 2136 3552; x_wconf 68' lang='lat' dir='ltr'><strong>con-</strong></span> 
     </span>
    </p>
   </div>
   <div class='ocr_carea' id='block_1_69' title="bbox 552 3584 2133 3657">
    <p class='ocr_par' dir='ltr' id='par_1_69' title="bbox 552 3584 2133 3657">
     <span class='ocr_line' id='line_1_69' title="bbox 552 3584 2133 3657; baseline 0.003 -20"><span class='ocrx_word' id='word_1_523' title='bbox 552 3584 877 3656; x_wconf 81' lang='lat' dir='ltr'><strong>gregationes</strong></span> <span class='ocrx_word' id='word_1_524' title='bbox 910 3601 1058 3647; x_wconf 82' lang='lat' dir='ltr'><strong>suas,</strong></span> <span class='ocrx_word' id='word_1_525' title='bbox 1080 3596 1128 3638; x_wconf 84' lang='lat' dir='ltr'><strong>ct</strong></span> <span class='ocrx_word' id='word_1_526' title='bbox 1145 3587 1389 3657; x_wconf 81' lang='lat' dir='ltr'><strong>apparuit</strong></span> <span class='ocrx_word' id='word_1_527' title='bbox 1424 3586 1600 3651; x_wconf 86' lang='lat' dir='ltr'><strong>arida,</strong></span> <span class='ocrx_word' id='word_1_528' title='bbox 1631 3597 1680 3642; x_wconf 89' lang='lat' dir='ltr'><strong>et</strong></span> <span class='ocrx_word' id='word_1_529' title='bbox 1698 3590 1901 3644; x_wconf 73' lang='lat' dir='ltr'><strong>vocavit</strong></span> <span class='ocrx_word' id='word_1_530' title='bbox 1923 3590 2133 3643; x_wconf 80' lang='lat' dir='ltr'><strong>aridam</strong></span> 
     </span>
    </p>
   </div>
   <div class='ocr_carea' id='block_1_70' title="bbox 555 3679 2128 3749">
    <p class='ocr_par' dir='ltr' id='par_1_70' title="bbox 555 3679 2128 3749">
     <span class='ocr_line' id='line_1_70' title="bbox 555 3679 2128 3749; baseline 0.006 -22"><span class='ocrx_word' id='word_1_531' title='bbox 555 3686 773 3737; x_wconf 83' lang='lat' dir='ltr'><strong>terram,</strong></span> <span class='ocrx_word' id='word_1_532' title='bbox 801 3687 853 3730; x_wconf 75' lang='lat' dir='ltr'><strong>et</strong></span> <span class='ocrx_word' id='word_1_533' title='bbox 892 3679 1321 3749; x_wconf 68' lang='lat' dir='ltr'><strong>congregatione;</strong></span> <span class='ocrx_word' id='word_1_534' title='bbox 1353 3694 1610 3748; x_wconf 85' lang='lat' dir='ltr'><strong>aquarum</strong></span> <span class='ocrx_word' id='word_1_535' title='bbox 1644 3683 1843 3736; x_wconf 83' lang='lat' dir='ltr'><strong>vocavit</strong></span> <span class='ocrx_word' id='word_1_536' title='bbox 1873 3685 2047 3737; x_wconf 76' lang='lat' dir='ltr'><strong>maria</strong></span> <span class='ocrx_word' id='word_1_537' title='bbox 2082 3683 2128 3737; x_wconf 72' lang='lat'><strong>°.</strong></span> 
     </span>
    </p>
   </div>
   <div class='ocr_carea' id='block_1_71' title="bbox 550 3765 2132 3840">
    <p class='ocr_par' dir='ltr' id='par_1_71' title="bbox 550 3765 2132 3840">
     <span class='ocr_line' id='line_1_71' title="bbox 550 3765 2132 3840; baseline 0.006 -19"><span class='ocrx_word' id='word_1_538' title='bbox 550 3765 848 3838; x_wconf 87' lang='lat' dir='ltr'><strong>Propterea</strong></span> <span class='ocrx_word' id='word_1_539' title='bbox 896 3777 1238 3840; x_wconf 64' lang='lat' dir='ltr'><strong>(ungi-egatze</strong></span> <span class='ocrx_word' id='word_1_540' title='bbox 1285 3778 1415 3824; x_wconf 87' lang='lat' dir='ltr'><strong>sunt</strong></span> <span class='ocrx_word' id='word_1_541' title='bbox 1449 3774 1503 3825; x_wconf 93' lang='lat' dir='ltr'><strong>in</strong></span> <span class='ocrx_word' id='word_1_542' title='bbox 1539 3772 1715 3827; x_wconf 87' lang='lat' dir='ltr'><strong>locum</strong></span> <span class='ocrx_word' id='word_1_543' title='bbox 1754 3789 1951 3837; x_wconf 92' lang='lat' dir='ltr'><strong>unum,</strong></span> <span class='ocrx_word' id='word_1_544' title='bbox 2003 3789 2071 3829; x_wconf 89' lang='lat' dir='ltr'><strong>ne</strong></span> <span class='ocrx_word' id='word_1_545' title='bbox 2099 3790 2132 3829; x_wconf 72' lang='grc' dir='ltr'><strong>θ</strong></span> 
     </span>
    </p>
   </div>
   <div class='ocr_carea' id='block_1_72' title="bbox 553 3860 2131 3936">
    <p class='ocr_par' dir='ltr' id='par_1_72' title="bbox 553 3860 2131 3936">
     <span class='ocr_line' id='line_1_72' title="bbox 553 3860 2131 3936; baseline 0.004 -22"><span class='ocrx_word' id='word_1_546' title='bbox 553 3860 690 3916; x_wconf 75' lang='lat' dir='ltr'><strong>locis</strong></span> <span class='ocrx_word' id='word_1_547' title='bbox 730 3861 784 3915; x_wconf 93' lang='lat' dir='ltr'><strong>in</strong></span> <span class='ocrx_word' id='word_1_548' title='bbox 819 3862 1017 3931; x_wconf 82' lang='lat' dir='ltr'><strong>quibus</strong></span> <span class='ocrx_word' id='word_1_549' title='bbox 1049 3868 1269 3918; x_wconf 88' lang='lat' dir='ltr'><strong>manent</strong></span> <span class='ocrx_word' id='word_1_550' title='bbox 1318 3862 1660 3927; x_wconf 85' lang='lat' dir='ltr'><strong>recedentes,</strong></span> <span class='ocrx_word' id='word_1_551' title='bbox 1705 3864 1930 3919; x_wconf 74' lang='lat' dir='ltr'><strong>sublata:</strong></span> <span class='ocrx_word' id='word_1_552' title='bbox 1961 3873 2131 3936; x_wconf 84' lang='lat' dir='ltr'><strong>atque</strong></span> 
     </span>
    </p>
   </div>
   <div class='ocr_carea' id='block_1_73' title="bbox 554 3955 2132 4028">
    <p class='ocr_par' dir='ltr' id='par_1_73' title="bbox 554 3955 2132 4028">
     <span class='ocr_line' id='line_1_73' title="bbox 554 3955 2132 4028; baseline 0.004 -20"><span class='ocrx_word' id='word_1_553' title='bbox 554 3955 926 4010; x_wconf 78' lang='lat' dir='ltr'><strong>redundantes</strong></span> <span class='ocrx_word' id='word_1_554' title='bbox 947 3955 1152 4019; x_wconf 66' lang='lat' dir='ltr'><strong>eﬂusm,</strong></span> <span class='ocrx_word' id='word_1_555' title='bbox 1183 3964 1384 4013; x_wconf 82' lang='lat' dir='ltr'><strong>terram</strong></span> <span class='ocrx_word' id='word_1_556' title='bbox 1412 3956 1760 4015; x_wconf 83' lang='lat' dir='ltr'><strong>inumlarent.</strong></span> <span class='ocrx_word' id='word_1_557' title='bbox 1792 3956 1918 4013; x_wconf 86' lang='lat' dir='ltr'><strong>Ideo</strong></span> <span class='ocrx_word' id='word_1_558' title='bbox 1943 3960 2132 4028; x_wconf 70' lang='lat' dir='ltr'><strong>saepis-</strong></span> 
     </span>
    </p>
   </div>
   <div class='ocr_carea' id='block_1_74' title="bbox 552 4042 2127 4122">
    <p class='ocr_par' dir='ltr' id='par_1_74' title="bbox 552 4042 2127 4122">
     <span class='ocr_line' id='line_1_74' title="bbox 552 4042 2127 4122; baseline 0.003 -22"><span class='ocrx_word' id='word_1_559' title='bbox 552 4042 691 4100; x_wconf 75' lang='lat' dir='ltr'><strong>sime</strong></span> <span class='ocrx_word' id='word_1_560' title='bbox 723 4062 872 4100; x_wconf 87' lang='lat' dir='ltr'><strong>mare</strong></span> <span class='ocrx_word' id='word_1_561' title='bbox 904 4048 954 4100; x_wconf 89' lang='lat' dir='ltr'><strong>vi</strong></span> <span class='ocrx_word' id='word_1_562' title='bbox 1003 4058 1288 4103; x_wconf 67' lang='lat' dir='ltr'><strong>Ventorum</strong></span> <span class='ocrx_word' id='word_1_563' title='bbox 1324 4051 1586 4120; x_wconf 84' lang='lat' dir='ltr'><strong>agitatum</strong></span> <span class='ocrx_word' id='word_1_564' title='bbox 1633 4059 1798 4122; x_wconf 83' lang='lat' dir='ltr'><strong>atque</strong></span> <span class='ocrx_word' id='word_1_565' title='bbox 1831 4053 2127 4119; x_wconf 81' lang='lat' dir='ltr'><strong>turbatum,</strong></span> 
     </span>
    </p>
   </div>
   <div class='ocr_carea' id='block_1_75' title="bbox 551 4135 2129 4204">
    <p class='ocr_par' dir='ltr' id='par_1_75' title="bbox 551 4135 2129 4204">
     <span class='ocr_line' id='line_1_75' title="bbox 551 4135 2129 4204; baseline 0.007 -18"><span class='ocrx_word' id='word_1_566' title='bbox 551 4135 710 4204; x_wconf 83' lang='lat' dir='ltr'><strong>quasi</strong></span> <span class='ocrx_word' id='word_1_567' title='bbox 765 4136 953 4192; x_wconf 78' lang='lat' dir='ltr'><strong>furens</strong></span> <span class='ocrx_word' id='word_1_568' title='bbox 1003 4140 1110 4192; x_wconf 87' lang='lat' dir='ltr'><strong>und</strong></span> <span class='ocrx_word' id='word_1_569' title='bbox 1139 4156 1187 4203; x_wconf 89' lang='lat' dir='ltr'><strong>s,</strong></span> <span class='ocrx_word' id='word_1_570' title='bbox 1226 4154 1284 4193; x_wconf 86' lang='lat' dir='ltr'><strong>se</strong></span> <span class='ocrx_word' id='word_1_571' title='bbox 1315 4139 1369 4193; x_wconf 88' lang='lat' dir='ltr'><strong>in</strong></span> <span class='ocrx_word' id='word_1_572' title='bbox 1426 4140 1746 4196; x_wconf 76' lang='lat' dir='ltr'><strong>inmtensam</strong></span> <span class='ocrx_word' id='word_1_573' title='bbox 1782 4141 2129 4198; x_wconf 80' lang='lat' dir='ltr'><strong>altitudinem</strong></span> 
     </span>
    </p>
   </div>
   <div class='ocr_carea' id='block_1_76' title="bbox 552 4228 2129 4304">
    <p class='ocr_par' dir='ltr' id='par_1_76' title="bbox 552 4228 2129 4304">
     <span class='ocr_line' id='line_1_76' title="bbox 552 4228 2129 4304; baseline 0.007 -23"><span class='ocrx_word' id='word_1_574' title='bbox 552 4228 778 4295; x_wconf 79' lang='lat' dir='ltr'><strong>aztollit;</strong></span> <span class='ocrx_word' id='word_1_575' title='bbox 812 4232 903 4285; x_wconf 83' lang='lat' dir='ltr'><strong>sed</strong></span> <span class='ocrx_word' id='word_1_576' title='bbox 939 4231 1028 4285; x_wconf 87' lang='lat' dir='ltr'><strong>ubi</strong></span> <span class='ocrx_word' id='word_1_577' title='bbox 1063 4241 1271 4285; x_wconf 83' lang='lat' dir='ltr'><strong>tantum</strong></span> <span class='ocrx_word' id='word_1_578' title='bbox 1317 4233 1370 4285; x_wconf 92' lang='lat' dir='ltr'><strong>in</strong></span> <span class='ocrx_word' id='word_1_579' title='bbox 1418 4234 1572 4290; x_wconf 90' lang='lat' dir='ltr'><strong>littus</strong></span> <span class='ocrx_word' id='word_1_580' title='bbox 1606 4236 1936 4304; x_wconf 83' lang='lat' dir='ltr'><strong>pervenerit.</strong></span> <span class='ocrx_word' id='word_1_581' title='bbox 1971 4236 2129 4292; x_wconf 88' lang='lat' dir='ltr'><strong>alliso</strong></span> 
     </span>
    </p>
   </div>
   <div class='ocr_carea' id='block_1_77' title="bbox 551 4320 2131 4396">
    <p class='ocr_par' dir='ltr' id='par_1_77' title="bbox 551 4320 2131 4396">
     <span class='ocr_line' id='line_1_77' title="bbox 551 4320 2131 4396; baseline 0.005 -22"><span class='ocrx_word' id='word_1_582' title='bbox 551 4320 781 4390; x_wconf 84' lang='lat' dir='ltr'><strong>impetu,</strong></span> <span class='ocrx_word' id='word_1_583' title='bbox 817 4321 956 4375; x_wconf 75' lang='lat' dir='ltr'><strong>facta</strong></span> <span class='ocrx_word' id='word_1_584' title='bbox 988 4339 1201 4393; x_wconf 86' lang='lat' dir='ltr'><strong>spuma,</strong></span> <span class='ocrx_word' id='word_1_585' title='bbox 1232 4335 1287 4378; x_wconf 85' lang='lat' dir='ltr'><strong>et</strong></span> <span class='ocrx_word' id='word_1_586' title='bbox 1311 4324 1621 4381; x_wconf 83' lang='lat' dir='ltr'><strong>dealbatum</strong></span> <span class='ocrx_word' id='word_1_587' title='bbox 1666 4325 1991 4396; x_wconf 80' lang='lat' dir='ltr'><strong>regreditur,</strong></span> <span class='ocrx_word' id='word_1_588' title='bbox 2026 4329 2131 4382; x_wconf 75' lang='lat' dir='ltr'><strong>im-</strong></span> 
     </span>
    </p>
   </div>
   <div class='ocr_carea' id='block_1_78' title="bbox 548 4412 2126 4489">
    <p class='ocr_par' dir='ltr' id='par_1_78' title="bbox 548 4412 2126 4489">
     <span class='ocr_line' id='line_1_78' title="bbox 548 4412 2126 4489; baseline 0.004 -21"><span class='ocrx_word' id='word_1_589' title='bbox 548 4412 822 4468; x_wconf 85' lang='lat' dir='ltr'><strong>becillima</strong></span> <span class='ocrx_word' id='word_1_590' title='bbox 853 4420 1095 4469; x_wconf 86' lang='lat' dir='ltr'><strong>omnium</strong></span> <span class='ocrx_word' id='word_1_591' title='bbox 1132 4431 1297 4470; x_wconf 88' lang='lat' dir='ltr'><strong>arena</strong></span> <span class='ocrx_word' id='word_1_592' title='bbox 1340 4417 1494 4486; x_wconf 90' lang='lat' dir='ltr'><strong>quasi</strong></span> <span class='ocrx_word' id='word_1_593' title='bbox 1545 4416 1701 4472; x_wconf 80' lang='lat' dir='ltr'><strong>freno</strong></span> <span class='ocrx_word' id='word_1_594' title='bbox 1735 4419 1955 4489; x_wconf 87' lang='lat' dir='ltr'><strong>injecta.</strong></span> <span class='ocrx_word' id='word_1_595' title='bbox 1986 4418 2126 4486; x_wconf 83' lang='lat' dir='ltr'><strong>Quid</strong></span> 
     </span>
    </p>
   </div>
   <div class='ocr_carea' id='block_1_79' title="bbox 548 4505 2126 4582">
    <p class='ocr_par' dir='ltr' id='par_1_79' title="bbox 548 4505 2126 4582">
     <span class='ocr_line' id='line_1_79' title="bbox 548 4505 2126 4582; baseline 0.003 -21"><span class='ocrx_word' id='word_1_596' title='bbox 548 4506 692 4561; x_wconf 87' lang='lat' dir='ltr'><strong>enim</strong></span> <span class='ocrx_word' id='word_1_597' title='bbox 741 4522 888 4560; x_wconf 82' lang='lat' dir='ltr'><strong>mare</strong></span> <span class='ocrx_word' id='word_1_598' title='bbox 929 4505 1168 4563; x_wconf 77' lang='lat' dir='ltr'><strong>Rubrum</strong></span> <span class='ocrx_word' id='word_1_599' title='bbox 1219 4514 1504 4579; x_wconf 81' lang='lat' dir='ltr'><strong>repressit,</strong></span> <span class='ocrx_word' id='word_1_600' title='bbox 1552 4516 1714 4578; x_wconf 82' lang='lat' dir='ltr'><strong>atque</strong></span> <span class='ocrx_word' id='word_1_601' title='bbox 1764 4512 2022 4582; x_wconf 82' lang='lat' dir='ltr'><strong>alligavit,</strong></span> <span class='ocrx_word' id='word_1_602' title='bbox 2059 4526 2126 4566; x_wconf 86' lang='lat' dir='ltr'><strong>ne</strong></span> 
     </span>
    </p>
   </div>
   <div class='ocr_carea' id='block_1_80' title="bbox 551 4598 2121 4672">
    <p class='ocr_par' dir='ltr' id='par_1_80' title="bbox 551 4598 2121 4672">
     <span class='ocr_line' id='line_1_80' title="bbox 551 4598 2121 4672; baseline 0.002 -20"><span class='ocrx_word' id='word_1_603' title='bbox 551 4599 805 4653; x_wconf 90' lang='lat' dir='ltr'><strong>universa</strong></span> <span class='ocrx_word' id='word_1_604' title='bbox 844 4598 1099 4672; x_wconf 67' lang='lat' dir='ltr'><strong>Egypto,</strong></span> <span class='ocrx_word' id='word_1_605' title='bbox 1133 4617 1258 4656; x_wconf 90' lang='lat' dir='ltr'><strong>cum</strong></span> <span class='ocrx_word' id='word_1_606' title='bbox 1300 4616 1364 4656; x_wconf 86' lang='lat' dir='ltr'><strong>ea</strong></span> <span class='ocrx_word' id='word_1_607' title='bbox 1395 4602 1668 4657; x_wconf 79' lang='lat' dir='ltr'><strong>excelsius</strong></span> <span class='ocrx_word' id='word_1_608' title='bbox 1711 4603 1804 4664; x_wconf 87' lang='lat' dir='ltr'><strong>sit,</strong></span> <span class='ocrx_word' id='word_1_609' title='bbox 1845 4603 2121 4667; x_wconf 86' lang='lat' dir='ltr'><strong>immersa,</strong></span> 
     </span>
    </p>
   </div>
   <div class='ocr_carea' id='block_1_81' title="bbox 2305 3490 3799 3568">
    <p class='ocr_par' dir='ltr' id='par_1_81' title="bbox 2305 3490 3799 3568">
     <span class='ocr_line' id='line_1_81' title="bbox 2305 3490 3799 3568; baseline -0.001 -19"><span class='ocrx_word' id='word_1_610' title='bbox 2305 3495 2384 3568; x_wconf 81' lang='grc' dir='ltr'><strong>Τῇ</strong></span> <span class='ocrx_word' id='word_1_611' title='bbox 2432 3495 2489 3549; x_wconf 69' lang='grc' dir='ltr'>δὲ</span> <span class='ocrx_word' id='word_1_612' title='bbox 2536 3496 2724 3568; x_wconf 75' lang='grc' dir='ltr'>ἡμέρᾳ</span> <span class='ocrx_word' id='word_1_613' title='bbox 2772 3497 2836 3567; x_wconf 82' lang='grc' dir='ltr'><strong>τῇ</strong></span> <span class='ocrx_word' id='word_1_614' title='bbox 2893 3493 3053 3566; x_wconf 86' lang='grc' dir='ltr'>τρίτῃ</span> <span class='ocrx_word' id='word_1_615' title='bbox 3100 3490 3475 3565; x_wconf 73' lang='grc' dir='ltr'>προστάγματι</span> <span class='ocrx_word' id='word_1_616' title='bbox 3515 3491 3611 3547; x_wconf 75' lang='grc' dir='ltr'>τοῦ</span> <span class='ocrx_word' id='word_1_617' title='bbox 3657 3493 3799 3548; x_wconf 72' lang='grc' dir='ltr'>θεοῦ</span> 
     </span>
    </p>
   </div>
   <div class='ocr_carea' id='block_1_82' title="bbox 2234 3583 3808 3659">
    <p class='ocr_par' dir='ltr' id='par_1_82' title="bbox 2234 3583 3808 3659">
     <span class='ocr_line' id='line_1_82' title="bbox 2234 3583 3808 3659; baseline -0.003 -16"><span class='ocrx_word' id='word_1_618' title='bbox 2234 3587 2512 3659; x_wconf 82' lang='grc' dir='ltr'>συνήχθη</span> <span class='ocrx_word' id='word_1_619' title='bbox 2554 3587 2618 3641; x_wconf 83' lang='grc' dir='ltr'>τὸ</span> <span class='ocrx_word' id='word_1_620' title='bbox 2643 3586 2799 3654; x_wconf 83' lang='grc' dir='ltr'>ὕδωρ</span> <span class='ocrx_word' id='word_1_621' title='bbox 2831 3587 2916 3652; x_wconf 84' lang='grc' dir='ltr'><strong>είς</strong></span> <span class='ocrx_word' id='word_1_622' title='bbox 2944 3586 3048 3652; x_wconf 86' lang='grc' dir='ltr'>τὰς</span> <span class='ocrx_word' id='word_1_623' title='bbox 3084 3584 3432 3654; x_wconf 61' lang='grc' dir='ltr'>συναγωγὰς</span> <span class='ocrx_word' id='word_1_624' title='bbox 3457 3583 3676 3649; x_wconf 75' lang='grc' dir='ltr'>αὐτῶν,</span> <span class='ocrx_word' id='word_1_625' title='bbox 3705 3584 3808 3639; x_wconf 78' lang='grc' dir='ltr'><strong>καὶ</strong></span> 
     </span>
    </p>
   </div>
   <div class='ocr_carea' id='block_1_83' title="bbox 2232 3675 3811 3751">
    <p class='ocr_par' dir='ltr' id='par_1_83' title="bbox 2232 3675 3811 3751">
     <span class='ocr_line' id='line_1_83' title="bbox 2232 3675 3811 3751; baseline -0.002 -17"><span class='ocrx_word' id='word_1_626' title='bbox 2232 3681 2398 3751; x_wconf 68' lang='grc' dir='ltr'>ὤφθη</span> <span class='ocrx_word' id='word_1_627' title='bbox 2433 3682 2471 3750; x_wconf 80' lang='grc' dir='ltr'><strong><em>ἠ</em></strong></span> <span class='ocrx_word' id='word_1_628' title='bbox 2511 3680 2688 3748; x_wconf 72' lang='grc' dir='ltr'>ξηράο</span> <span class='ocrx_word' id='word_1_629' title='bbox 2730 3677 2839 3734; x_wconf 81' lang='lat' dir='ltr'><strong>Kal</strong></span> <span class='ocrx_word' id='word_1_630' title='bbox 2867 3677 3124 3732; x_wconf 76' lang='grc' dir='ltr'>ἐκάλεσε</span> <span class='ocrx_word' id='word_1_631' title='bbox 3152 3676 3269 3746; x_wconf 79' lang='grc' dir='ltr'><strong>τὴν</strong></span> <span class='ocrx_word' id='word_1_632' title='bbox 3310 3676 3502 3745; x_wconf 79' lang='grc' dir='ltr'>ξηρὰν</span> <span class='ocrx_word' id='word_1_633' title='bbox 3532 3675 3670 3746; x_wconf 70' lang='grc' dir='ltr'>γῆν.</span> <span class='ocrx_word' id='word_1_634' title='bbox 3709 3675 3811 3731; x_wconf 72' lang='grc' dir='ltr'>καί.</span> 
     </span>
    </p>
   </div>
   <div class='ocr_carea' id='block_1_84' title="bbox 2230 3766 3808 3840">
    <p class='ocr_par' dir='ltr' id='par_1_84' title="bbox 2230 3766 3808 3840">
     <span class='ocr_line' id='line_1_84' title="bbox 2230 3766 3808 3840; baseline -0.002 -16"><span class='ocrx_word' id='word_1_635' title='bbox 2230 3771 2305 3824; x_wconf 84' lang='grc' dir='ltr'>τὰ</span> <span class='ocrx_word' id='word_1_636' title='bbox 2347 3769 2706 3840; x_wconf 79' lang='grc' dir='ltr'>συστήματα</span> <span class='ocrx_word' id='word_1_637' title='bbox 2744 3768 2863 3822; x_wconf 74' lang='grc' dir='ltr'><strong>τῶν</strong></span> <span class='ocrx_word' id='word_1_638' title='bbox 2906 3766 3140 3821; x_wconf 74' lang='grc' dir='ltr'>ὑδάτων</span> <span class='ocrx_word' id='word_1_639' title='bbox 3167 3766 3425 3821; x_wconf 69' lang='grc' dir='ltr'>ἐκάλεσε</span> <span class='ocrx_word' id='word_1_640' title='bbox 3469 3768 3808 3834; x_wconf 69' lang='grc' dir='ltr'>θαλάσσας.</span> 
     </span>
    </p>
   </div>
   <div class='ocr_carea' id='block_1_85' title="bbox 2228 3857 3811 3936">
    <p class='ocr_par' dir='ltr' id='par_1_85' title="bbox 2228 3857 3811 3936">
     <span class='ocr_line' id='line_1_85' title="bbox 2228 3857 3811 3936; baseline -0.002 -20"><span class='ocrx_word' id='word_1_641' title='bbox 2228 3862 2479 3936; x_wconf 82' lang='grc' dir='ltr'>Συνήχθη</span> <span class='ocrx_word' id='word_1_642' title='bbox 2511 3862 2599 3916; x_wconf 74' lang='grc' dir='ltr'><strong>διὰ</strong></span> <span class='ocrx_word' id='word_1_643' title='bbox 2637 3859 2795 3915; x_wconf 82' lang='grc' dir='ltr'>τοῦτο</span> <span class='ocrx_word' id='word_1_644' title='bbox 2821 3861 2904 3924; x_wconf 86' lang='grc' dir='ltr'><strong>είς</strong></span> <span class='ocrx_word' id='word_1_645' title='bbox 2955 3857 3275 3930; x_wconf 82' lang='grc' dir='ltr'>συναγωγὴν</span> <span class='ocrx_word' id='word_1_646' title='bbox 3306 3859 3459 3931; x_wconf 80' lang='grc' dir='ltr'>μίαν,</span> <span class='ocrx_word' id='word_1_647' title='bbox 3492 3860 3579 3913; x_wconf 79' lang='grc' dir='ltr'>ἵνα</span> <span class='ocrx_word' id='word_1_648' title='bbox 3625 3858 3699 3931; x_wconf 75' lang='grc' dir='ltr'>μὴ</span> <span class='ocrx_word' id='word_1_649' title='bbox 3742 3861 3811 3914; x_wconf 85' lang='grc' dir='ltr'><strong>ἐκ</strong></span> 
     </span>
    </p>
   </div>
   <div class='ocr_carea' id='block_1_86' title="bbox 2229 3950 3811 4029">
    <p class='ocr_par' dir='ltr' id='par_1_86' title="bbox 2229 3950 3811 4029">
     <span class='ocr_line' id='line_1_86' title="bbox 2229 3950 3811 4029; baseline -0.005 -17"><span class='ocrx_word' id='word_1_650' title='bbox 2229 3956 2337 4012; x_wconf 86' lang='grc' dir='ltr'><strong>τῶν</strong></span> <span class='ocrx_word' id='word_1_651' title='bbox 2363 3956 2578 4029; x_wconf 75' lang='grc' dir='ltr'>χωρίων</span> <span class='ocrx_word' id='word_1_652' title='bbox 2600 3953 2727 4008; x_wconf 73' lang='grc' dir='ltr'>ἔνθα</span> <span class='ocrx_word' id='word_1_653' title='bbox 2755 3953 2921 4006; x_wconf 73' lang='grc' dir='ltr'>ἐστὶν.</span> <span class='ocrx_word' id='word_1_654' title='bbox 2948 3990 2962 4005; x_wconf 89' lang='grc'><strong>.</strong></span> <span class='ocrx_word' id='word_1_655' title='bbox 2983 3990 2997 4004; x_wconf 93' lang='grc'><strong>.</strong></span> <span class='ocrx_word' id='word_1_656' title='bbox 3026 3992 3039 4005; x_wconf 94' lang='grc'><strong>.</strong></span> <span class='ocrx_word' id='word_1_657' title='bbox 3062 3991 3074 4004; x_wconf 94' lang='grc'><strong>.</strong></span> <span class='ocrx_word' id='word_1_658' title='bbox 3100 3993 3113 4004; x_wconf 94' lang='grc'><strong>.</strong></span> <span class='ocrx_word' id='word_1_659' title='bbox 3139 3994 3149 4005; x_wconf 95' lang='grc'><strong>.</strong></span> <span class='ocrx_word' id='word_1_660' title='bbox 3174 3991 3187 4004; x_wconf 94' lang='grc'><strong>.</strong></span> <span class='ocrx_word' id='word_1_661' title='bbox 3218 3952 3311 4006; x_wconf 76' lang='grc' dir='ltr'>καὶ</span> <span class='ocrx_word' id='word_1_662' title='bbox 3335 3950 3661 4005; x_wconf 78' lang='grc' dir='ltr'>ὑπεκϐαἶνον</span> <span class='ocrx_word' id='word_1_663' title='bbox 3686 3953 3811 4005; x_wconf 83' lang='grc' dir='ltr'>ἐπι-</span> 
     </span>
    </p>
   </div>
   <div class='ocr_carea' id='block_1_87' title="bbox 2229 4042 3811 4123">
    <p class='ocr_par' dir='ltr' id='par_1_87' title="bbox 2229 4042 3811 4123">
     <span class='ocr_line' id='line_1_87' title="bbox 2229 4042 3811 4123; baseline -0.003 -20"><span class='ocrx_word' id='word_1_664' title='bbox 2229 4048 2480 4123; x_wconf 77' lang='grc' dir='ltr'>καλύπτῃ</span> <span class='ocrx_word' id='word_1_665' title='bbox 2509 4048 2606 4118; x_wconf 84' lang='grc' dir='ltr'>τὴν</span> <span class='ocrx_word' id='word_1_666' title='bbox 2636 4048 2881 4119; x_wconf 73' lang='grc' dir='ltr'>ἤπειρον.</span> <span class='ocrx_word' id='word_1_667' title='bbox 2921 4043 3018 4097; x_wconf 87' lang='grc' dir='ltr'>Διά</span> <span class='ocrx_word' id='word_1_668' title='bbox 3039 4042 3196 4097; x_wconf 70' lang='grc' dir='ltr'>τοῦτο</span> <span class='ocrx_word' id='word_1_669' title='bbox 3223 4043 3521 4115; x_wconf 83' lang='grc' dir='ltr'>μαινομένη</span> <span class='ocrx_word' id='word_1_670' title='bbox 3546 4043 3811 4109; x_wconf 81' lang='grc' dir='ltr'>πολλάκις</span> 
     </span>
    </p>
   </div>
   <div class='ocr_carea' id='block_1_88' title="bbox 2226 4132 3809 4211">
    <p class='ocr_par' dir='ltr' id='par_1_88' title="bbox 2226 4132 3809 4211">
     <span class='ocr_line' id='line_1_88' title="bbox 2226 4132 3809 4211; baseline -0.004 -18"><span class='ocrx_word' id='word_1_671' title='bbox 2226 4139 2289 4204; x_wconf 78' lang='grc' dir='ltr'>ἐξ</span> <span class='ocrx_word' id='word_1_672' title='bbox 2321 4139 2534 4210; x_wconf 82' lang='grc' dir='ltr'>ἀνέμων</span> <span class='ocrx_word' id='word_1_673' title='bbox 2572 4139 2605 4211; x_wconf 79' lang='grc' dir='ltr'>ἡ</span> <span class='ocrx_word' id='word_1_674' title='bbox 2653 4136 2931 4200; x_wconf 87' lang='grc' dir='ltr'>θάλασσα,</span> <span class='ocrx_word' id='word_1_675' title='bbox 2966 4134 3060 4188; x_wconf 81' lang='grc' dir='ltr'>καὶ</span> <span class='ocrx_word' id='word_1_676' title='bbox 3090 4137 3168 4198; x_wconf 83' lang='grc' dir='ltr'><strong>είς</strong></span> <span class='ocrx_word' id='word_1_677' title='bbox 3207 4132 3340 4204; x_wconf 78' lang='grc' dir='ltr'>ὕψος</span> <span class='ocrx_word' id='word_1_678' title='bbox 3391 4135 3646 4206; x_wconf 84' lang='grc' dir='ltr'>μέγιστον</span> <span class='ocrx_word' id='word_1_679' title='bbox 3686 4133 3809 4187; x_wconf 89' lang='grc' dir='ltr'>δια-</span> 
     </span>
    </p>
   </div>
   <div class='ocr_carea' id='block_1_89' title="bbox 2227 4225 3810 4303">
    <p class='ocr_par' dir='ltr' id='par_1_89' title="bbox 2227 4225 3810 4303">
     <span class='ocr_line' id='line_1_89' title="bbox 2227 4225 3810 4303; baseline -0.003 -18"><span class='ocrx_word' id='word_1_680' title='bbox 2227 4232 2520 4303; x_wconf 86' lang='grc' dir='ltr'>νισταμένη</span> <span class='ocrx_word' id='word_1_681' title='bbox 2555 4231 2667 4293; x_wconf 88' lang='grc' dir='ltr'>τοῖς</span> <span class='ocrx_word' id='word_1_682' title='bbox 2694 4228 2961 4300; x_wconf 79' lang='grc' dir='ltr'>κύμασιν,</span> <span class='ocrx_word' id='word_1_683' title='bbox 3000 4225 3219 4279; x_wconf 66' lang='grc' dir='ltr'>ἐπειδὰν</span> <span class='ocrx_word' id='word_1_684' title='bbox 3253 4227 3412 4297; x_wconf 86' lang='grc' dir='ltr'>μόνον</span> <span class='ocrx_word' id='word_1_685' title='bbox 3448 4226 3563 4281; x_wconf 84' lang='grc' dir='ltr'><strong>τῶν</strong></span> <span class='ocrx_word' id='word_1_686' title='bbox 3614 4227 3810 4295; x_wconf 76' lang='grc' dir='ltr'>αίγιαο</span> 
     </span>
    </p>
   </div>
   <div class='ocr_carea' id='block_1_90' title="bbox 2224 4318 3810 4394">
    <p class='ocr_par' dir='ltr' id='par_1_90' title="bbox 2224 4318 3810 4394">
     <span class='ocr_line' id='line_1_90' title="bbox 2224 4318 3810 4394; baseline -0.003 -17"><span class='ocrx_word' id='word_1_687' title='bbox 2224 4323 2331 4377; x_wconf 79' lang='grc' dir='ltr'><strong>λῶν</strong></span> <span class='ocrx_word' id='word_1_688' title='bbox 2359 4324 2578 4394; x_wconf 73' lang='grc' dir='ltr'>ἅψηται,</span> <span class='ocrx_word' id='word_1_689' title='bbox 2622 4323 2701 4385; x_wconf 83' lang='grc' dir='ltr'><strong>είς</strong></span> <span class='ocrx_word' id='word_1_690' title='bbox 2741 4320 2914 4392; x_wconf 80' lang='grc' dir='ltr'>ἀφρὸν</span> <span class='ocrx_word' id='word_1_691' title='bbox 2956 4318 3249 4374; x_wconf 90' lang='grc' dir='ltr'>διαλύσασα</span> <span class='ocrx_word' id='word_1_692' title='bbox 3295 4321 3395 4392; x_wconf 82' lang='grc' dir='ltr'><strong>τὴν</strong></span> <span class='ocrx_word' id='word_1_693' title='bbox 3432 4318 3628 4392; x_wconf 76' lang='grc' dir='ltr'>ὁρμὴν,</span> <span class='ocrx_word' id='word_1_694' title='bbox 3664 4320 3810 4373; x_wconf 79' lang='grc' dir='ltr'>ἐπα-</span> 
     </span>
    </p>
   </div>
   <div class='ocr_carea' id='block_1_91' title="bbox 2226 4410 3811 4487">
    <p class='ocr_par' dir='ltr' id='par_1_91' title="bbox 2226 4410 3811 4487">
     <span class='ocr_line' id='line_1_91' title="bbox 2226 4410 3811 4487; baseline -0.001 -19"><span class='ocrx_word' id='word_1_695' title='bbox 2226 4415 2406 4487; x_wconf 78' lang='grc' dir='ltr'>νῆλθε,</span> <span class='ocrx_word' id='word_1_696' title='bbox 2438 4417 2504 4486; x_wconf 82' lang='grc' dir='ltr'><strong>τῇ</strong></span> <span class='ocrx_word' id='word_1_697' title='bbox 2542 4414 2755 4468; x_wconf 85' lang='grc' dir='ltr'>πάντων</span> <span class='ocrx_word' id='word_1_698' title='bbox 2783 4411 3150 4485; x_wconf 79' lang='grc' dir='ltr'>ἀσθενεστάτῃ</span> <span class='ocrx_word' id='word_1_699' title='bbox 3177 4413 3388 4484; x_wconf 86' lang='grc' dir='ltr'>ψάμμῳ</span> <span class='ocrx_word' id='word_1_700' title='bbox 3416 4410 3811 4483; x_wconf 81' lang='grc' dir='ltr'>χαλινωθεῖσα.</span> 
     </span>
    </p>
   </div>
   <div class='ocr_carea' id='block_1_92' title="bbox 2232 4505 3815 4578">
    <p class='ocr_par' dir='ltr' id='par_1_92' title="bbox 2232 4505 3815 4578">
     <span class='ocr_line' id='line_1_92' title="bbox 2232 4505 3815 4578; baseline -0.004 -16"><span class='ocrx_word' id='word_1_701' title='bbox 2232 4508 2392 4563; x_wconf 62' lang='grc' dir='ltr'><strong>Ἔπεὶί⁸</strong></span> <span class='ocrx_word' id='word_1_702' title='bbox 2423 4510 2474 4561; x_wconf 88' lang='grc' dir='ltr'>τί</span> <span class='ocrx_word' id='word_1_703' title='bbox 2499 4506 2737 4561; x_wconf 81' lang='grc' dir='ltr'>ἐκώλυσε</span> <span class='ocrx_word' id='word_1_704' title='bbox 2772 4506 2870 4577; x_wconf 80' lang='grc' dir='ltr'>τὴν</span> <span class='ocrx_word' id='word_1_705' title='bbox 2906 4506 3171 4578; x_wconf 76' lang='grc' dir='ltr'>Ἐρυθρὰν</span> <span class='ocrx_word' id='word_1_706' title='bbox 3201 4505 3475 4560; x_wconf 86' lang='grc' dir='ltr'>θάλασσαν</span> <span class='ocrx_word' id='word_1_707' title='bbox 3512 4506 3815 4561; x_wconf 80' lang='grc' dir='ltr'>ἐπικλύσαι</span> 
     </span>
    </p>
   </div>
   <div class='ocr_carea' id='block_1_93' title="bbox 2227 4598 3814 4673">
    <p class='ocr_par' dir='ltr' id='par_1_93' title="bbox 2227 4598 3814 4673">
     <span class='ocr_line' id='line_1_93' title="bbox 2227 4598 3814 4673; baseline -0.004 -16"><span class='ocrx_word' id='word_1_708' title='bbox 2227 4605 2405 4657; x_wconf 78' lang='grc' dir='ltr'>πᾶσαν</span> <span class='ocrx_word' id='word_1_709' title='bbox 2438 4601 2536 4673; x_wconf 82' lang='grc' dir='ltr'>τὴν</span> <span class='ocrx_word' id='word_1_710' title='bbox 2576 4599 2848 4668; x_wconf 77' lang='grc' dir='ltr'>Αἴγυπτον</span> <span class='ocrx_word' id='word_1_711' title='bbox 2878 4598 3190 4670; x_wconf 84' lang='grc' dir='ltr'>κοιλοτέραν</span> <span class='ocrx_word' id='word_1_712' title='bbox 3220 4598 3392 4668; x_wconf 84' lang='grc' dir='ltr'>αὐτῆς</span> <span class='ocrx_word' id='word_1_713' title='bbox 3425 4598 3814 4671; x_wconf 80' lang='grc' dir='ltr'>ὑπάρχουσαν,</span> 
     </span>
    </p>
   </div>
   <div class='ocr_carea' id='block_1_94' title="bbox 547 4689 2139 4764">
    <p class='ocr_par' dir='ltr' id='par_1_94' title="bbox 547 4692 2121 4764">
     <span class='ocr_line' id='line_1_94' title="bbox 547 4692 2121 4764; baseline 0.004 -20"><span class='ocrx_word' id='word_1_714' title='bbox 547 4692 798 4761; x_wconf 78' lang='lat' dir='ltr'><strong>proximo</strong></span> <span class='ocrx_word' id='word_1_715' title='bbox 843 4709 902 4749; x_wconf 90' lang='lat' dir='ltr'><strong>se</strong></span> <span class='ocrx_word' id='word_1_716' title='bbox 943 4695 1079 4748; x_wconf 85' lang='lat' dir='ltr'><strong>mari</strong></span> <span class='ocrx_word' id='word_1_717' title='bbox 1116 4695 1432 4764; x_wconf 89' lang='lat' dir='ltr'><strong>applicaret,</strong></span> <span class='ocrx_word' id='word_1_718' title='bbox 1467 4698 1523 4749; x_wconf 91' lang='lat' dir='ltr'><strong>ni</strong></span> <span class='ocrx_word' id='word_1_719' title='bbox 1563 4695 1740 4750; x_wconf 86' lang='lat' dir='ltr'><strong>solum</strong></span> <span class='ocrx_word' id='word_1_720' title='bbox 1775 4695 1857 4749; x_wconf 81' lang='lat' dir='ltr'><strong>sui</strong></span> <span class='ocrx_word' id='word_1_721' title='bbox 1901 4692 2121 4764; x_wconf 83' lang='lat' dir='ltr'><strong>Opilicis</strong></span> 
     </span>
    </p>
   </div>
   <div class='ocr_carea' id='block_1_95' title="bbox 2237 4689 3820 4764">
    <p class='ocr_par' dir='ltr' id='par_1_95' title="bbox 2237 4689 3820 4764">
     <span class='ocr_line' id='line_1_95' title="bbox 2237 4689 3820 4764; baseline 0.002 -20"><span class='ocrx_word' id='word_1_722' title='bbox 2237 4694 2318 4747; x_wconf 63' lang='grc' dir='ltr'>καὶ</span> <span class='ocrx_word' id='word_1_723' title='bbox 2372 4691 2706 4761; x_wconf 76' lang='grc' dir='ltr'>συναφθῆναι</span> <span class='ocrx_word' id='word_1_724' title='bbox 2763 4689 2841 4762; x_wconf 81' lang='grc' dir='ltr'>τῷ</span> <span class='ocrx_word' id='word_1_725' title='bbox 2879 4691 3269 4764; x_wconf 81' lang='grc' dir='ltr'>παρακειμένῳ</span> <span class='ocrx_word' id='word_1_726' title='bbox 3324 4691 3584 4760; x_wconf 86' lang='grc' dir='ltr'>πελάγει,</span> <span class='ocrx_word' id='word_1_727' title='bbox 3619 4693 3671 4745; x_wconf 83' lang='grc' dir='ltr'>εἰ</span> <span class='ocrx_word' id='word_1_728' title='bbox 3728 4691 3820 4763; x_wconf 72' lang='grc' dir='ltr'>μὴ</span> 
     </span>
    </p>
   </div>
   <div class='ocr_carea' id='block_1_96' title="bbox 546 4783 2139 4857">
    <p class='ocr_par' dir='ltr' id='par_1_96' title="bbox 546 4786 2120 4857">
     <span class='ocr_line' id='line_1_96' title="bbox 546 4786 2120 4857; baseline 0.002 -18"><span class='ocrx_word' id='word_1_729' title='bbox 546 4786 903 4841; x_wconf 85' lang='lat' dir='ltr'><strong>mandatum?</strong></span> <span class='ocrx_word' id='word_1_730' title='bbox 938 4788 1050 4844; x_wconf 91' lang='lat' dir='ltr'><strong>lloc</strong></span> <span class='ocrx_word' id='word_1_731' title='bbox 1095 4798 1275 4845; x_wconf 87' lang='lat' dir='ltr'><strong>autem</strong></span> <span class='ocrx_word' id='word_1_732' title='bbox 1334 4804 1522 4843; x_wconf 88' lang='lat' dir='ltr'><strong>verum</strong></span> <span class='ocrx_word' id='word_1_733' title='bbox 1565 4803 1708 4849; x_wconf 85' lang='lat' dir='ltr'><strong>esse.</strong></span> <span class='ocrx_word' id='word_1_734' title='bbox 1758 4801 1921 4857; x_wconf 88' lang='lat' dir='ltr'><strong>opere</strong></span> <span class='ocrx_word' id='word_1_735' title='bbox 1963 4786 2120 4842; x_wconf 89' lang='lat' dir='ltr'><strong>nobis</strong></span> 
     </span>
    </p>
   </div>
   <div class='ocr_carea' id='block_1_97' title="bbox 2237 4783 3927 4857">
    <p class='ocr_par' dir='ltr' id='par_1_97' title="bbox 2237 4783 3927 4857">
     <span class='ocr_line' id='line_1_97' title="bbox 2237 4783 3927 4857; baseline -0.008 -12"><span class='ocrx_word' id='word_1_736' title='bbox 2237 4785 2435 4856; x_wconf 67' lang='grc' dir='ltr'>ὅπῆρχε</span> <span class='ocrx_word' id='word_1_737' title='bbox 2462 4783 2539 4854; x_wconf 82' lang='grc' dir='ltr'>τῷ</span> <span class='ocrx_word' id='word_1_738' title='bbox 2568 4783 2943 4857; x_wconf 86' lang='grc' dir='ltr'>προστάγματι</span> <span class='ocrx_word' id='word_1_739' title='bbox 2971 4783 3066 4838; x_wconf 84' lang='grc' dir='ltr'>τοῦ</span> <span class='ocrx_word' id='word_1_740' title='bbox 3098 4784 3377 4847; x_wconf 75' lang='grc' dir='ltr'>κτίσαντος</span> <span class='ocrx_word' id='word_1_741' title='bbox 3414 4784 3818 4855; x_wconf 72' lang='grc' dir='ltr'>πεπεδημένης</span> <span class='ocrx_word' id='word_1_742' title='bbox 3916 4784 3927 4797; x_wconf 91' lang='lat'>&#39;</span> 
     </span>
    </p>
   </div>
   <div class='ocr_carea' id='block_1_98' title="bbox 550 4875 2139 4952">
    <p class='ocr_par' dir='ltr' id='par_1_98' title="bbox 550 4875 2122 4952">
     <span class='ocr_line' id='line_1_98' title="bbox 550 4875 2122 4952; baseline 0.003 -21"><span class='ocrx_word' id='word_1_743' title='bbox 550 4875 819 4935; x_wconf 70' lang='lat' dir='ltr'><strong>Sl&#39;SOSU&#39;iS</strong></span> <span class='ocrx_word' id='word_1_744' title='bbox 852 4880 1072 4952; x_wconf 65' lang='lat' dir='ltr'><strong>Egypti</strong></span> <span class='ocrx_word' id='word_1_745' title='bbox 1118 4897 1236 4945; x_wconf 85' lang='lat' dir='ltr'><strong>rex,</strong></span> <span class='ocrx_word' id='word_1_746' title='bbox 1271 4896 1396 4934; x_wconf 83' lang='lat' dir='ltr'><strong>mox</strong></span> <span class='ocrx_word' id='word_1_747' title='bbox 1437 4878 1631 4934; x_wconf 86' lang='lat' dir='ltr'><strong>Darius</strong></span> <span class='ocrx_word' id='word_1_748' title='bbox 1656 4878 2122 4935; x_wconf 82' lang='lat' dir='ltr'><strong>Medustestatum</strong></span> 
     </span>
    </p>
   </div>
   <div class='ocr_carea' id='block_1_99' title="bbox 2237 4875 3821 4952">
    <p class='ocr_par' dir='ltr' id='par_1_99' title="bbox 2237 4876 3821 4950">
     <span class='ocr_line' id='line_1_99' title="bbox 2237 4876 3821 4950; baseline -0.001 -18"><span class='ocrx_word' id='word_1_749' title='bbox 2237 4881 2348 4933; x_wconf 84' lang='grc' dir='ltr'>Ὀτι</span> <span class='ocrx_word' id='word_1_750' title='bbox 2373 4879 2429 4932; x_wconf 86' lang='grc' dir='ltr'>δὲ</span> <span class='ocrx_word' id='word_1_751' title='bbox 2452 4877 2646 4950; x_wconf 77' lang='grc' dir='ltr'>ἀληθὲς</span> <span class='ocrx_word' id='word_1_752' title='bbox 2672 4877 2830 4931; x_wconf 70' lang='grc' dir='ltr'>τοῦτο</span> <span class='ocrx_word' id='word_1_753' title='bbox 2856 4876 3005 4949; x_wconf 79' lang='grc' dir='ltr'>ἔργῳ</span> <span class='ocrx_word' id='word_1_754' title='bbox 3039 4878 3186 4949; x_wconf 79' lang='grc' dir='ltr'>ἡμᾶς</span> <span class='ocrx_word' id='word_1_755' title='bbox 3225 4876 3449 4930; x_wconf 77' lang='grc' dir='ltr'>ἔπεισαν</span> <span class='ocrx_word' id='word_1_756' title='bbox 3490 4877 3821 4948; x_wconf 82' lang='grc' dir='ltr'>Σέσωστρις</span> 
     </span>
    </p>
   </div>
   <div class='ocr_carea' id='block_1_100' title="bbox 547 4971 2139 5046">
    <p class='ocr_par' dir='ltr' id='par_1_100' title="bbox 547 4971 2124 5044">
     <span class='ocr_line' id='line_1_100' title="bbox 547 4971 2124 5044; baseline 0 -20"><span class='ocrx_word' id='word_1_757' title='bbox 547 4971 836 5040; x_wconf 83' lang='lat' dir='ltr'><strong>reliquere.</strong></span> <span class='ocrx_word' id='word_1_758' title='bbox 869 4973 1150 5044; x_wconf 65' lang='lat' dir='ltr'><strong>IEgytium</strong></span> <span class='ocrx_word' id='word_1_759' title='bbox 1190 4975 1336 5028; x_wconf 90' lang='lat' dir='ltr'><strong>enim</strong></span> <span class='ocrx_word' id='word_1_760' title='bbox 1381 4989 1444 5028; x_wconf 83' lang='lat' dir='ltr'><strong>ac</strong></span> <span class='ocrx_word' id='word_1_761' title='bbox 1485 4972 1728 5027; x_wconf 89' lang='lat' dir='ltr'><strong>Indicum</strong></span> <span class='ocrx_word' id='word_1_762' title='bbox 1778 4986 1928 5028; x_wconf 85' lang='lat' dir='ltr'><strong>mare</strong></span> <span class='ocrx_word' id='word_1_763' title='bbox 1962 4971 2124 5026; x_wconf 88' lang='lat' dir='ltr'><strong>simul</strong></span> 
     </span>
    </p>
   </div>
   <div class='ocr_carea' id='block_1_101' title="bbox 2237 4971 3821 5046">
    <p class='ocr_par' dir='ltr' id='par_1_101' title="bbox 2237 4971 3821 5046">
     <span class='ocr_line' id='line_1_101' title="bbox 2237 4971 3821 5046; baseline -0.003 -16"><span class='ocrx_word' id='word_1_764' title='bbox 2237 4979 2248 5030; x_wconf 71' lang='lat' dir='ltr'><strong>i</strong></span> <span class='ocrx_word' id='word_1_765' title='bbox 2273 4976 2566 5045; x_wconf 79' lang='grc' dir='ltr'>Αἰγύπτιος</span> <span class='ocrx_word' id='word_1_766' title='bbox 2600 4976 2693 5030; x_wconf 58' lang='grc' dir='ltr'><strong>καλ⁸</strong></span> <span class='ocrx_word' id='word_1_767' title='bbox 2726 4978 2947 5046; x_wconf 87' lang='grc' dir='ltr'>Δαρεῖος</span> <span class='ocrx_word' id='word_1_768' title='bbox 2982 4975 3012 5029; x_wconf 84' lang='grc' dir='ltr'>ὁ</span> <span class='ocrx_word' id='word_1_769' title='bbox 3040 4974 3238 5045; x_wconf 79' lang='grc' dir='ltr'>Μῆδος.</span> <span class='ocrx_word' id='word_1_770' title='bbox 3264 4972 3338 5025; x_wconf 85' lang='grc' dir='ltr'>Τδ</span> <span class='ocrx_word' id='word_1_771' title='bbox 3364 4973 3473 5044; x_wconf 82' lang='grc' dir='ltr'>γὰρ</span> <span class='ocrx_word' id='word_1_772' title='bbox 3500 4971 3821 5040; x_wconf 81' lang='grc' dir='ltr'>Αίγύπτιον</span> 
     </span>
    </p>
   </div>
   <div class='ocr_carea' id='block_1_102' title="bbox 547 5062 2139 5136">
    <p class='ocr_par' dir='ltr' id='par_1_102' title="bbox 547 5062 2124 5136">
     <span class='ocr_line' id='line_1_102' title="bbox 547 5062 2124 5136; baseline -0.001 -18"><span class='ocrx_word' id='word_1_773' title='bbox 547 5063 883 5134; x_wconf 83' lang='lat' dir='ltr'><strong>conjungere</strong></span> <span class='ocrx_word' id='word_1_774' title='bbox 928 5066 1191 5136; x_wconf 81' lang='lat' dir='ltr'><strong>aggressi,</strong></span> <span class='ocrx_word' id='word_1_775' title='bbox 1225 5082 1333 5120; x_wconf 89' lang='lat' dir='ltr'><strong>nun</strong></span> <span class='ocrx_word' id='word_1_776' title='bbox 1369 5073 1684 5136; x_wconf 89' lang='lat' dir='ltr'><strong>potuerunt.</strong></span> <span class='ocrx_word' id='word_1_777' title='bbox 1718 5065 1797 5119; x_wconf 84' lang='lat' dir='ltr'><strong>Ita</strong></span> <span class='ocrx_word' id='word_1_778' title='bbox 1833 5064 1970 5118; x_wconf 88' lang='lat' dir='ltr'><strong>mari</strong></span> <span class='ocrx_word' id='word_1_779' title='bbox 2008 5062 2124 5117; x_wconf 80' lang='lat' dir='ltr'><strong>Ru-</strong></span> 
     </span>
    </p>
   </div>
   <div class='ocr_carea' id='block_1_103' title="bbox 2237 5062 3819 5136">
    <p class='ocr_par' dir='ltr' id='par_1_103' title="bbox 2237 5062 3819 5136">
     <span class='ocr_line' id='line_1_103' title="bbox 2237 5062 3819 5136; baseline -0.003 -16"><span class='ocrx_word' id='word_1_780' title='bbox 2237 5066 2314 5120; x_wconf 68' lang='grc' dir='ltr'><strong>(αἱ</strong></span> <span class='ocrx_word' id='word_1_781' title='bbox 2369 5065 2430 5118; x_wconf 85' lang='grc' dir='ltr'>τὸ</span> <span class='ocrx_word' id='word_1_782' title='bbox 2490 5064 2708 5118; x_wconf 77' lang='grc' dir='ltr'>Ἰνδικὸν</span> <span class='ocrx_word' id='word_1_783' title='bbox 2749 5065 3194 5136; x_wconf 68' lang='grc' dir='ltr'>ἐπιχειρήσαντες</span> <span class='ocrx_word' id='word_1_784' title='bbox 3241 5063 3475 5133; x_wconf 76' lang='grc' dir='ltr'>συνάψαι</span> <span class='ocrx_word' id='word_1_785' title='bbox 3522 5062 3780 5130; x_wconf 84' lang='grc' dir='ltr'>πέλαγος</span> <span class='ocrx_word' id='word_1_786' title='bbox 3803 5103 3819 5125; x_wconf 89' lang='grc'><strong>,</strong></span> 
     </span>
    </p>
   </div>
   <div class='ocr_carea' id='block_1_104' title="bbox 547 5153 2139 5230">
    <p class='ocr_par' dir='ltr' id='par_1_104' title="bbox 547 5157 2122 5230">
     <span class='ocr_line' id='line_1_104' title="bbox 547 5157 2122 5230; baseline -0.002 -16"><span class='ocrx_word' id='word_1_787' title='bbox 547 5159 648 5215; x_wconf 85' lang='lat' dir='ltr'><strong>bro</strong></span> <span class='ocrx_word' id='word_1_788' title='bbox 697 5157 965 5230; x_wconf 64' lang='lat' dir='ltr'><strong>IEgyptus</strong></span> <span class='ocrx_word' id='word_1_789' title='bbox 996 5158 1305 5228; x_wconf 80' lang='lat' dir='ltr'><strong>depressior</strong></span> <span class='ocrx_word' id='word_1_790' title='bbox 1352 5168 1456 5215; x_wconf 90' lang='lat' dir='ltr'><strong>est.</strong></span> <span class='ocrx_word' id='word_1_791' title='bbox 1514 5159 1786 5215; x_wconf 85' lang='lat' dir='ltr'><strong>Mandavit</strong></span> <span class='ocrx_word' id='word_1_792' title='bbox 1831 5157 2015 5229; x_wconf 88' lang='lat' dir='ltr'><strong>itaque</strong></span> <span class='ocrx_word' id='word_1_793' title='bbox 2062 5166 2122 5211; x_wconf 90' lang='lat' dir='ltr'><strong>ut</strong></span> 
     </span>
    </p>
   </div>
   <div class='ocr_carea' id='block_1_105' title="bbox 2237 5153 3817 5230">
    <p class='ocr_par' dir='ltr' id='par_1_105' title="bbox 2237 5153 3817 5228">
     <span class='ocr_line' id='line_1_105' title="bbox 2237 5153 3817 5228; baseline -0.002 -19"><span class='ocrx_word' id='word_1_794' title='bbox 2237 5158 2316 5211; x_wconf 68' lang='grc' dir='ltr'><strong>ιὺκ</strong></span> <span class='ocrx_word' id='word_1_795' title='bbox 2340 5154 2699 5228; x_wconf 73' lang='grc' dir='ltr'>ἠδυνήθησαν.</span> <span class='ocrx_word' id='word_1_796' title='bbox 2724 5155 2907 5218; x_wconf 80' lang='grc' dir='ltr'>Οὕτως</span> <span class='ocrx_word' id='word_1_797' title='bbox 2936 5154 3169 5226; x_wconf 85' lang='grc' dir='ltr'>ὑπάρχει</span> <span class='ocrx_word' id='word_1_798' title='bbox 3200 5153 3479 5225; x_wconf 84' lang='grc' dir='ltr'>κοιλοτέρα</span> <span class='ocrx_word' id='word_1_799' title='bbox 3508 5153 3610 5223; x_wconf 80' lang='grc' dir='ltr'>τῆς</span> <span class='ocrx_word' id='word_1_800' title='bbox 3644 5154 3817 5226; x_wconf 72' lang='grc' dir='ltr'>Ἐρυ-</span> 
     </span>
    </p>
   </div>
   <div class='ocr_carea' id='block_1_106' title="bbox 544 5241 2139 5321">
    <p class='ocr_par' dir='ltr' id='par_1_106' title="bbox 544 5249 2117 5321">
     <span class='ocr_line' id='line_1_106' title="bbox 544 5249 2117 5321; baseline -0.005 -12"><span class='ocrx_word' id='word_1_801' title='bbox 544 5254 900 5309; x_wconf 84' lang='lat' dir='ltr'><strong>convenirent</strong></span> <span class='ocrx_word' id='word_1_802' title='bbox 927 5251 983 5305; x_wconf 90' lang='lat' dir='ltr'><strong>in</strong></span> <span class='ocrx_word' id='word_1_803' title='bbox 1007 5252 1475 5321; x_wconf 82' lang='lat' dir='ltr'><strong>congregationem</strong></span> <span class='ocrx_word' id='word_1_804' title='bbox 1505 5268 1692 5313; x_wconf 88' lang='lat' dir='ltr'><strong>uuam,</strong></span> <span class='ocrx_word' id='word_1_805' title='bbox 1724 5259 1777 5306; x_wconf 89' lang='lat' dir='ltr'><strong>et</strong></span> <span class='ocrx_word' id='word_1_806' title='bbox 1812 5265 1881 5305; x_wconf 90' lang='lat' dir='ltr'><strong>ne</strong></span> <span class='ocrx_word' id='word_1_807' title='bbox 1920 5265 1986 5303; x_wconf 82' lang='lat' dir='ltr'><strong>ex</strong></span> <span class='ocrx_word' id='word_1_808' title='bbox 2015 5249 2117 5302; x_wconf 84' lang='lat' dir='ltr'><strong>hac</strong></span> 
     </span>
    </p>
   </div>
   <div class='ocr_carea' id='block_1_107' title="bbox 2237 5241 3820 5321">
    <p class='ocr_par' dir='ltr' id='par_1_107' title="bbox 2237 5241 3820 5319">
     <span class='ocr_line' id='line_1_107' title="bbox 2237 5241 3820 5319; baseline -0.003 -17"><span class='ocrx_word' id='word_1_809' title='bbox 2237 5249 2354 5319; x_wconf 65' lang='grc' dir='ltr'>ἱράς</span> <span class='ocrx_word' id='word_1_810' title='bbox 2398 5247 2668 5316; x_wconf 85' lang='grc' dir='ltr'>θαλάσσης</span> <span class='ocrx_word' id='word_1_811' title='bbox 2725 5250 2759 5318; x_wconf 76' lang='grc' dir='ltr'><strong>ἡ</strong></span> <span class='ocrx_word' id='word_1_812' title='bbox 2803 5248 3091 5317; x_wconf 74' lang='grc' dir='ltr'>Αἴγυπτος.</span> <span class='ocrx_word' id='word_1_813' title='bbox 3124 5246 3462 5317; x_wconf 81' lang='grc' dir='ltr'>Προσεταξεν</span> <span class='ocrx_word' id='word_1_814' title='bbox 3527 5241 3620 5299; x_wconf 76' lang='grc' dir='ltr'>οὖν</span> <span class='ocrx_word' id='word_1_815' title='bbox 3674 5261 3820 5299; x_wconf 83' lang='grc' dir='ltr'>συν-</span> 
     </span>
    </p>
   </div>
   <div class='ocr_carea' id='block_1_108' title="bbox 542 5335 2139 5411">
    <p class='ocr_par' dir='ltr' id='par_1_108' title="bbox 542 5340 2111 5403">
     <span class='ocr_line' id='line_1_108' title="bbox 542 5340 2111 5403; baseline -0.004 -4"><span class='ocrx_word' id='word_1_816' title='bbox 542 5343 691 5399; x_wconf 84' lang='lat' dir='ltr'><strong>aliud</strong></span> <span class='ocrx_word' id='word_1_817' title='bbox 726 5341 877 5398; x_wconf 79' lang='lat' dir='ltr'><strong>ﬁeret</strong></span> <span class='ocrx_word' id='word_1_818' title='bbox 900 5355 1070 5403; x_wconf 87' lang='lat' dir='ltr'><strong>mare,</strong></span> <span class='ocrx_word' id='word_1_819' title='bbox 1106 5341 1202 5395; x_wconf 90' lang='lat' dir='ltr'><strong>sed</strong></span> <span class='ocrx_word' id='word_1_820' title='bbox 1233 5340 1286 5395; x_wconf 89' lang='lat' dir='ltr'><strong>in</strong></span> <span class='ocrx_word' id='word_1_821' title='bbox 1319 5355 1427 5394; x_wconf 91' lang='lat' dir='ltr'><strong>una</strong></span> <span class='ocrx_word' id='word_1_822' title='bbox 1460 5349 1736 5397; x_wconf 89' lang='lat' dir='ltr'><strong>manerent</strong></span> <span class='ocrx_word' id='word_1_823' title='bbox 1771 5341 2111 5395; x_wconf 87' lang='lat' dir='ltr'><strong>collectione.</strong></span> 
     </span>
    </p>
   </div>
   <div class='ocr_carea' id='block_1_109' title="bbox 2237 5335 3823 5411">
    <p class='ocr_par' dir='ltr' id='par_1_109' title="bbox 2237 5335 3823 5411">
     <span class='ocr_line' id='line_1_109' title="bbox 2237 5335 3823 5411; baseline -0.001 -18"><span class='ocrx_word' id='word_1_824' title='bbox 2237 5341 2452 5411; x_wconf 82' lang='grc' dir='ltr'>ιχθῆναι</span> <span class='ocrx_word' id='word_1_825' title='bbox 2484 5340 2563 5402; x_wconf 85' lang='grc' dir='ltr'><strong>είς</strong></span> <span class='ocrx_word' id='word_1_826' title='bbox 2613 5338 2933 5410; x_wconf 76' lang='grc' dir='ltr'>συναγωγὴν</span> <span class='ocrx_word' id='word_1_827' title='bbox 2969 5338 3128 5409; x_wconf 87' lang='grc' dir='ltr'>μίαν,</span> <span class='ocrx_word' id='word_1_828' title='bbox 3163 5339 3257 5393; x_wconf 75' lang='grc' dir='ltr'>καὶ</span> <span class='ocrx_word' id='word_1_829' title='bbox 3305 5335 3380 5409; x_wconf 81' lang='grc' dir='ltr'>μὴ</span> <span class='ocrx_word' id='word_1_830' title='bbox 3436 5337 3545 5392; x_wconf 84' lang='grc' dir='ltr'>ἀπὸ</span> <span class='ocrx_word' id='word_1_831' title='bbox 3588 5337 3823 5409; x_wconf 74' lang='grc' dir='ltr'>ταύτης</span> 
     </span>
    </p>
   </div>
   <div class='ocr_carea' id='block_1_110' title="bbox 543 5428 2139 5503">
    <p class='ocr_par' dir='ltr' id='par_1_110' title="bbox 543 5432 2110 5503">
     <span class='ocr_line' id='line_1_110' title="bbox 543 5432 2110 5503; baseline -0.004 -12"><span class='ocrx_word' id='word_1_832' title='bbox 543 5435 725 5491; x_wconf 65' lang='lat' dir='ltr'><strong>Multa!</strong></span> <span class='ocrx_word' id='word_1_833' title='bbox 745 5434 945 5492; x_wconf 87' lang='lat' dir='ltr'><strong>etenim</strong></span> <span class='ocrx_word' id='word_1_834' title='bbox 973 5440 1129 5489; x_wconf 88' lang='lat' dir='ltr'><strong>erant</strong></span> <span class='ocrx_word' id='word_1_835' title='bbox 1169 5447 1263 5502; x_wconf 91' lang='lat' dir='ltr'><strong>per</strong></span> <span class='ocrx_word' id='word_1_836' title='bbox 1289 5433 1440 5486; x_wconf 83' lang='lat' dir='ltr'><strong>varia</strong></span> <span class='ocrx_word' id='word_1_837' title='bbox 1471 5433 1590 5488; x_wconf 91' lang='lat' dir='ltr'><strong>loca</strong></span> <span class='ocrx_word' id='word_1_838' title='bbox 1630 5449 1784 5503; x_wconf 71' lang='lat' dir='ltr'><strong>aqua:</strong></span> <span class='ocrx_word' id='word_1_839' title='bbox 1830 5432 2110 5502; x_wconf 73' lang='lat' dir='ltr'><strong>dispersae,</strong></span> 
     </span>
    </p>
   </div>
   <div class='ocr_carea' id='block_1_111' title="bbox 2237 5428 3823 5503">
    <p class='ocr_par' dir='ltr' id='par_1_111' title="bbox 2237 5428 3823 5502">
     <span class='ocr_line' id='line_1_111' title="bbox 2237 5428 3823 5502; baseline -0.001 -19"><span class='ocrx_word' id='word_1_840' title='bbox 2237 5431 2385 5501; x_wconf 79' lang='grc' dir='ltr'>ἱλλην</span> <span class='ocrx_word' id='word_1_841' title='bbox 2414 5428 2666 5499; x_wconf 86' lang='grc' dir='ltr'>γενέσθαι</span> <span class='ocrx_word' id='word_1_842' title='bbox 2697 5428 2992 5493; x_wconf 82' lang='grc' dir='ltr'>θάλασσαν,</span> <span class='ocrx_word' id='word_1_843' title='bbox 3024 5429 3159 5483; x_wconf 84' lang='grc' dir='ltr'>ἀλλὰ</span> <span class='ocrx_word' id='word_1_844' title='bbox 3179 5432 3246 5502; x_wconf 81' lang='grc' dir='ltr'>τῇ</span> <span class='ocrx_word' id='word_1_845' title='bbox 3276 5429 3468 5502; x_wconf 78' lang='grc' dir='ltr'>πρώτῃ</span> <span class='ocrx_word' id='word_1_846' title='bbox 3499 5428 3823 5499; x_wconf 80' lang='grc' dir='ltr'>ἀπομεῑναι</span> 
     </span>
    </p>
   </div>
   <div class='ocr_carea' id='block_1_112' title="bbox 542 5516 2139 5600">
    <p class='ocr_par' dir='ltr' id='par_1_112' title="bbox 542 5524 2113 5600">
     <span class='ocr_line' id='line_1_112' title="bbox 542 5524 2113 5600; baseline -0.003 -17"><span class='ocrx_word' id='word_1_847' title='bbox 542 5529 744 5600; x_wconf 87' lang='lat' dir='ltr'><strong>quippe</strong></span> <span class='ocrx_word' id='word_1_848' title='bbox 770 5535 825 5585; x_wconf 91' lang='lat' dir='ltr'><strong>et</strong></span> <span class='ocrx_word' id='word_1_849' title='bbox 859 5527 1120 5582; x_wconf 87' lang='lat' dir='ltr'><strong>montium</strong></span> <span class='ocrx_word' id='word_1_850' title='bbox 1163 5525 1425 5580; x_wconf 86' lang='lat' dir='ltr'><strong>cavitates</strong></span> <span class='ocrx_word' id='word_1_851' title='bbox 1445 5524 1721 5595; x_wconf 81' lang='lat' dir='ltr'><strong>vallesque</strong></span> <span class='ocrx_word' id='word_1_852' title='bbox 1749 5539 1919 5595; x_wconf 83' lang='lat' dir='ltr'><strong>aquas</strong></span> <span class='ocrx_word' id='word_1_853' title='bbox 1960 5524 2014 5578; x_wconf 89' lang='lat' dir='ltr'><strong>in</strong></span> <span class='ocrx_word' id='word_1_854' title='bbox 2054 5540 2113 5579; x_wconf 88' lang='lat' dir='ltr'><strong>se</strong></span> 
     </span>
    </p>
   </div>
   <div class='ocr_carea' id='block_1_113' title="bbox 2237 5516 3824 5600">
    <p class='ocr_par' dir='ltr' id='par_1_113' title="bbox 2237 5516 3824 5596">
     <span class='ocr_line' id='line_1_113' title="bbox 2237 5516 3824 5596; baseline 0 -19"><span class='ocrx_word' id='word_1_855' title='bbox 2237 5516 3824 5596; x_wconf 74' lang='grc' dir='ltr'>τυλλογῇ.Πολλάγὰρῆν.................ο.</span> 
     </span>
    </p>
   </div>
   <div class='ocr_carea' id='block_1_114' title="bbox 545 5613 2139 5690">
    <p class='ocr_par' dir='ltr' id='par_1_114' title="bbox 545 5616 2110 5690">
     <span class='ocr_line' id='line_1_114' title="bbox 545 5616 2110 5690; baseline -0.002 -19"><span class='ocrx_word' id='word_1_856' title='bbox 545 5630 903 5690; x_wconf 74' lang='lat' dir='ltr'><strong>congregatas</strong></span> <span class='ocrx_word' id='word_1_857' title='bbox 930 5619 1306 5676; x_wconf 88' lang='lat' dir='ltr'><strong>continebant.</strong></span> <span class='ocrx_word' id='word_1_858' title='bbox 1335 5616 1471 5672; x_wconf 87' lang='lat' dir='ltr'><strong>Illud</strong></span> <span class='ocrx_word' id='word_1_859' title='bbox 1501 5633 1649 5679; x_wconf 86' lang='lat' dir='ltr'><strong>vero.</strong></span> <span class='ocrx_word' id='word_1_860' title='bbox 1674 5625 1724 5673; x_wconf 84' lang='lat' dir='ltr'><strong>et</strong></span> <span class='ocrx_word' id='word_1_861' title='bbox 1750 5617 2110 5688; x_wconf 81' lang='lat' dir='ltr'><strong>congregatio-</strong></span> 
     </span>
    </p>
   </div>
   <div class='ocr_carea' id='block_1_115' title="bbox 2237 5613 3828 5690">
    <p class='ocr_par' dir='ltr' id='par_1_115' title="bbox 2237 5613 3828 5686">
     <span class='ocr_line' id='line_1_115' title="bbox 2237 5613 3828 5686; baseline -0.001 -16"><span class='ocrx_word' id='word_1_862' title='bbox 2237 5613 3828 5686; x_wconf 63' lang='grc' dir='ltr'>ὃδατα.............κοιλάτητες............</span> 
     </span>
    </p>
   </div>
   <div class='ocr_carea' id='block_1_116' title="bbox 618 5793 1415 5863">
    <p class='ocr_par' dir='ltr' id='par_1_116' title="bbox 618 5793 1415 5863">
     <span class='ocr_line' id='line_1_116' title="bbox 618 5793 1415 5863; baseline -0.003 -11"><span class='ocrx_word' id='word_1_863' title='bbox 618 5798 638 5831; x_wconf 86' lang='lat'>&#39;</span> <span class='ocrx_word' id='word_1_864' title='bbox 675 5796 802 5852; x_wconf 77' lang='lat' dir='ltr'><strong>Gen.</strong></span> <span class='ocrx_word' id='word_1_865' title='bbox 834 5815 871 5863; x_wconf 84' lang='grc' dir='ltr'><strong>ι,</strong></span> <span class='ocrx_word' id='word_1_866' title='bbox 897 5799 949 5861; x_wconf 81' lang='grc'>6.</span> <span class='ocrx_word' id='word_1_867' title='bbox 1025 5801 1047 5834; x_wconf 84' lang='grc'><strong><em>⁸</em></strong></span> <span class='ocrx_word' id='word_1_868' title='bbox 1081 5798 1215 5856; x_wconf 77' lang='lat' dir='ltr'><strong>Ibid.</strong></span> <span class='ocrx_word' id='word_1_869' title='bbox 1242 5797 1296 5855; x_wconf 88' lang='lat'><strong>9.</strong></span> <span class='ocrx_word' id='word_1_870' title='bbox 1329 5793 1415 5850; x_wconf 75' lang='grc'><strong>10.</strong></span> 
     </span>
    </p>
   </div>
  </div>
