4090 6288
287 364 390 422 715

1185 359 1454 417 SPURIA.
1485 391 1557 406 σν·
1593 354 1947 446 ΕΟΜΜΕΝΤ.
1989 354 2059 410 ΙΝ
2099 350 2595 411 HEXAEMERON.

3429 356 3529 411 7H

287 481 551 557 συλλογὴν
585 481 681 536 καὶ
721 482 777 535 αἱ
820 479 1120 553 φάραγγες.
1154 479 1228 533 Τὸ
1272 479 1356 543 δὲ,
1391 477 1489 533 καὶ
1520 479 1593 532 τὰ
1636 475 1866 542 συστή-

1973 488 2054 527 nes
2084 488 2341 539 aquarum
2372 471 2571 526 voravit
2602 470 2795 536 maria,
2831 468 2984 526 sinus
3006 471 3173 527 maris
3196 471 3529 543 significans,

283 592 442 648 ματα
476 573 598 629 τῶν
622 571 861 629 ὑδάτων⁵
887 570 1143 627 ἐκάλεσε
1170 570 1485 637 θαλάσσας
1501 611 1518 636 ,
1559 568 1685 632 τοὺς
1729 566 1855 621 κόλ-

285 684 422 732 πους
464 664 716 738 σημαίνει
766 664 893 726 τοὺς
922 663 1064 718 κατὰ
1111 662 1172 716 τὸ
1215 662 1344 717 ἴδιον
1383 662 1569 733 σχῆμα
1611 659 1716 714 ὑπὸ
1760 659 1860 729 τῆς

287 757 678 831 περικειμένης
708 756 812 829 γῆς
844 755 1297 826 ἀπολειιεῖνθέντας⁸
1330 746 1442 809 οἷον
1485 752 1731 808 Θάλασσα
1771 751 1861 823 βό-

291 867 465 924 ρειος,
498 847 740 904 Θάλασσα
790 849 993 912 νότιος,
1039 845 1180 918 ἑῴα,
1227 844 1455 917 ἑσπέρια
1486 844 1732 916 πελάγη,
1764 844 1860 898 καὶ

289 941 493 995 τούτων
523 940 763 1012 ὀνόματα
796 937 1082 1004 ἰδιάζοντα,
1108 939 1306 1002 Πόντος
1341 939 1584 1007 Αἰγαῖος,
1640 935 1859 1001 Ἰώνιος,

291 1028 653 1102 Σαρδωνικὸν,
688 1029 1003 1093 Σικελικὸν,
1037 1029 1362 1100 Τυρρηνιον.
1400 1028 1475 1082 Οὐ
1521 1026 1590 1081 τὰ
1628 1027 1862 1098 τυχόντα

289 1124 347 1177 δὲ
386 1121 496 1177 τῶν
536 1122 743 1176 ὑδάτων
781 1120 1124 1196 ἀθροίσματα
1167 1122 1247 1185 είς
1295 1119 1421 1193 μίαν
1453 1118 1718 1192 κατέληξε
1761 1119 1860 1174 θά-

290 1217 496 1273 λασσαν
513 1257 529 1282 ,
577 1217 696 1288 ἦτοι
730 1215 1013 1280 σύστασιν,
1044 1213 1180 1269 ἀλλὰ
1228 1214 1298 1268 τὰ
1341 1214 1572 1287 μέγιστα
1613 1214 1710 1268 καὶ
1750 1212 1865 1278 ἐξέ-

293 1327 485 1383 χοντα·
526 1310 587 1364 οὐ
620 1308 728 1381 γὰρ
773 1308 868 1363 καὶ
909 1307 979 1362 τὰ
1018 1307 1339 1380 τελματιαῖα
1380 1308 1478 1360 καὶ
1530 1306 1716 1378 λίμνια
1755 1304 1863 1377 χρὴ

293 1406 452 1458 νοεῖν.
483 1404 693 1475 ’Ὠσπερ
724 1401 830 1473 γὰρ
862 1400 921 1455 τὸ
961 1400 1073 1473 πῦρ
1098 1401 1194 1455 καὶ
1220 1402 1300 1464 εἰς
1334 1397 1504 1472 μικρά
1533 1414 1866 1469 κατακεκερ-

296 1494 629 1566 ματισμένον
658 1493 776 1546 ἐστὶ
816 1492 910 1546 καὶ
942 1491 1136 1564 ἀθρόον
1164 1490 1271 1544 ὑπὸ
1298 1490 1392 1544 τοῦ
1419 1489 1579 1560 ἀέρος
1613 1488 1863 1558 κέχυται,

292 1588 436 1642 οὕτω
467 1587 564 1641 καὶ
604 1586 696 1640 ἐπὶ
733 1582 828 1639 τοῦ
862 1583 1072 1648 ὓδατος,
1108 1585 1157 1636 εί
1199 1582 1292 1638 καὶ
1340 1581 1533 1655 μικραί
1577 1580 1721 1644 τινές
1759 1581 1866 1633 είσι

293 1679 616 1752 διῃρημέναι
652 1676 960 1740 συστάσεις,
997 1661 1134 1731 ἀλλὰ
1167 1675 1266 1748 μία
1302 1691 1365 1744 γε
1400 1673 1518 1728 ἐστὶ
1554 1671 1864 1744 συναγωγὴ,

1960 580 2206 636 quosque
2228 564 2294 619 ad
2313 565 2395 619 sui
2422 564 2648 634 ﬁguram
2674 571 2816 618 terra
2844 564 3090 620 ambiens
3122 566 3531 636 complectitur;

1962 659 2098 714 tales
2126 668 2255 714 sunt
2278 672 2428 712 mare
2469 655 2824 726 Aquilonare,
2855 671 3008 711 mare
3036 655 3309 721 Australe,
3340 657 3537 715 Orien-

1962 750 2091 813 tale,
2127 747 2493 811 Occidentale,
2535 755 2589 802 et
2615 748 2808 802 borum
2835 747 3055 819 prOpria
3080 749 3301 803 nomina
3326 748 3534 806 Pontus

1965 840 2206 912 Egaaus,
2261 840 2469 906 Ionius,
2517 839 2856 908 Sardonius,
2900 838 3141 906 Siculus,
3198 839 3535 911 Tyrrhenus.

1962 935 2228 990 Caeterum
2274 948 2385 989 non
2435 948 2793 1004 quoscunque
2843 947 3105 1003 aquarum
3150 941 3449 991 conventus
3483 935 3538 990 in

1965 1042 2134 1081 unum
2182 1040 2334 1081 mare
2383 1025 2680 1096 congessit,
2731 1025 2815 1081 vel
2865 1033 3090 1089 emtum,
3133 1024 3228 1080 sed
3273 1027 3539 1083 maximos

1965 1127 2129 1191 atque
2157 1119 2519 1190 ingentiores;
2545 1135 2671 1173 nam
2702 1134 2877 1188 neque
2902 1118 3195 1188 palustres,
3222 1134 3398 1190 neque
3428 1128 3540 1176 sta-

1965 1206 2191 1285 gnantes
2212 1212 2301 1267 hic
2326 1212 2659 1283 intelligendi
2684 1222 2832 1268 sunt.
2856 1210 3035 1267 Veluti
3063 1213 3208 1268 enim
3241 1213 3384 1285 ignis
3408 1222 3463 1270 et
3485 1213 3541 1270 in

1965 1305 2208 1361 minutas
2219 1312 2402 1375 partes
2419 1304 2702 1375 redigitur,
2720 1313 2774 1360 et
2790 1312 2936 1361 totus
2948 1305 3108 1360 simul
3121 1320 3299 1361 aerem
3315 1308 3543 1363 circum-

1965 1397 2077 1467 dat,
2109 1398 2189 1453 sic
2214 1406 2268 1453 et
2314 1397 2370 1451 in
2416 1397 2593 1468 aquis,
2633 1397 2735 1452 etsi
2781 1411 2962 1467 parvae
2997 1397 3264 1467 quaedam,
3300 1413 3365 1455 ac
3398 1401 3543 1458 inter

1968 1507 2028 1547 se
2076 1491 2285 1547 dissita:
2326 1490 2683 1546 collectiones
2728 1489 3019 1552 exsistant,
3067 1506 3175 1545 una
3228 1499 3407 1549 tamen
3456 1503 3543 1552 est

1967 1583 2338 1653 congregatio,
2373 1596 2493 1651 quae
2541 1589 2713 1636 totum
2765 1580 3089 1636 elementum
3134 1581 3238 1637 hoc
3271 1598 3300 1636 a
3331 1587 3542 1642 caeteris

1970 1676 2230 1746 sejungit.
2258 1674 2451 1731 Totius
2478 1676 2622 1732 enim
2657 1675 2998 1731 liumiditatis
3021 1689 3140 1747 quae
3164 1674 3217 1729 in
3246 1684 3392 1731 terra
3414 1678 3543 1734 latet

296 1774 330 1843 ἡ
354 1775 415 1826 τὸ
444 1772 563 1826 ὅλον
596 1772 854 1840 στοιχεῖον
890 1768 999 1824 τῶν
1027 1767 1227 1825 λοιπῶν
1273 1768 1662 1838 ἀποκρίνουσα.
1707 1764 1866 1837 Πηγὴ

1974 1768 2096 1824 fons
2126 1775 2211 1824 est
2252 1776 2307 1825 et
2344 1770 2499 1840 origo
2540 1770 2709 1825 maris
2741 1784 2903 1840 aqua,
2947 1786 3088 1841 quae,
3136 1786 3261 1827 cum
3290 1774 3543 1828 universa

296 1836 404 1937 κάρ
440 1865 555 1917 ἐστι
587 1862 686 1935 τῆς
713 1836 845 1936 περὶ
890 1863 994 1933 γῆν
1044 1861 1262 1933 ἁπάσης
1291 1836 1491 1924 νοτίδος
1536 1859 1600 1912 τὸ
1641 1859 1738 1931 τῆς
1776 1836 1872 1911 θαέ-

1973 1867 2118 1914 terra
2151 1859 2465 1914 cuniculosa
2488 1859 2580 1927 sit,
2617 1874 2715 1929 per
2750 1868 2960 1915 meatus
2989 1861 3211 1917 minime
3239 1862 3414 1919 oculis
3446 1863 3545 1919 ob-

296 1956 499 2027 λάσσης
524 1954 688 2028 ὕδωρ,
716 1956 814 2008 καὶ
841 1955 991 2008 πᾶσα
1022 1955 1056 2024 ἡ
1088 1952 1161 2022 γῆ
1193 1951 1463 2023 ὑπόνομ6ς
1493 1952 1631 2014 ἐστι,
1660 1949 1753 2004 καὶ
1783 1948 1872 2003 διὰ

296 2047 477 2119 πόρων
509 2047 731 2116 ἀφανῶν
751 2045 1061 2110 διαδίδοται,
1081 2043 1264 2108 καθὼς
1290 2042 1508 2114 δηλοῦσι
1543 2042 1700 2096 τόποι
1727 2041 1872 2105 τινὲς

292 2141 393 2213 τῆς
421 2141 652 2212 ἠπείρου
682 2140 966 2214 ὓπαντροι.
1007 2139 1075 2193 Ἠ
1113 2136 1224 2209 γὰρ
1260 2135 1465 2208 ῥοώδης
1500 2134 1742 2190 θάλασσα
1784 2134 1874 2188 διὰ

293 2234 475 2288 τόπων
523 2235 725 2288 στενῶν
781 2232 1134 2305 διατρέχουσα
1154 2271 1170 2296 ,
1216 2228 1436 2285 ἐπειδὰν
1484 2228 1726 2291 σκολιαῖς
1779 2229 1872 2281 καὶ

295 2325 501 2398 ὀρθίοις
545 2325 746 2393 ἐξόδοις
776 2323 1169 2396 έναπολειφθῇ,
1220 2322 1503 2393 ὠθουμένη
1550 2322 1617 2392 τῇ
1654 2319 1744 2392 βία
1775 2319 1869 2373 τοῦ

298 2416 608 2488 πνεύματος
638 2414 737 2489 τῆς
777 2418 879 2489 γῆς
919 2417 1258 2489 άπορῤήσσει
1286 2415 1385 2487 τὴν
1412 2413 1751 2483 ἐπιφάνειαν,
1780 2412 1872 2465 καὶ

298 2510 393 2563 ἐπὶ
418 2508 480 2562 τὸ
508 2507 613 2573 ἔξω
639 2508 997 2580 προελθοῦσα,
1035 2507 1245 2578 γίνεται
1274 2506 1501 2577 πότιμος
1534 2507 1599 2559 ὲκ
1628 2505 1728 2576 τῆς
1757 2504 1873 2576 διη-

299 2600 510 2673 θήσεως
543 2601 940 2673 μεταϐληθεῖσα
970 2604 1049 2665 είς
1080 2600 1412 2671 γλυκύτητα.
1445 2598 1613 2653 Πάλιν
1640 2597 1696 2651 δὲ
1725 2598 1872 2651 ἐπει-

192 2746 198 2751 .
299 2696 395 2750 δάν
432 2696 654 2768 θερμοῖς
677 2694 862 2758 τόποις
898 2692 1255 2764 ἐναπολειφθῇ
1290 2692 1427 2763 πρὸς
1454 2690 1552 2763 τὴν
1581 2689 1777 2756 ἔξοδον,
1803 2693 1870 2762 τῇ

300 2790 437 2861 αὑτῇ
480 2789 629 2859 αἰτίᾳ
653 2786 916 2859 ἑλκομένη
958 2785 1063 2840 ὑπὸ
1084 2785 1178 2839 τοῦ
1213 2784 1520 2855 πνεύματος
1549 2781 1744 2848 ζέουσα
1785 2782 1870 2851 γί-

299 2897 469 2935 νεται.
486 2879 635 2949 Αὕτη
656 2878 749 2933 καὶ
774 2877 880 2931 τῶν
902 2876 1100 2951 ἀερίων
1124 2874 1330 2930 ὑδάτων
1356 2875 1506 2946 πηγὴ
1532 2873 1835 2943 καθέστηκε
1853 2888 1868 2904 ’

299 2970 387 3026 διὰ
415 2970 592 3041 νεφῶν
620 2970 729 3043 γὰρ
758 2969 1092 3041 άνελκόμενα
1122 2966 1292 3037 αὐτῆς
1313 2965 1385 3020 τὰ
1418 2966 1604 3032 ὕδατα,
1637 2966 1733 3020 καὶ
1767 2964 1872 3020 ὑπὸ

299 3065 399 3135 τῆς
433 3062 663 3136 ἡλιακῆς
701 3063 917 3125 ἀκτῖνος
964 3060 1278 3131 θαλπόμενα
1300 3098 1315 3123 ,
1360 3059 1456 3113 καὶ
1501 3060 1566 3129 τῇ
1598 3059 1726 3129 σκιᾷ
1778 3054 1869 3110 τοῦ

1974 1949 2091 2003 vios
2122 1947 2440 2012 eﬂunditur,
2471 1957 2531 2002 ut
2556 1964 2618 2004 ex
2654 1950 2791 2005 locis
2818 1952 3142 2021 quibusdam
3177 1960 3336 2011 terrae
3363 1970 3547 2012 caver-

1971 2044 2124 2097 nosis
2154 2039 2501 2096 manifestum
2536 2051 2780 2113 apparet.
2833 2043 3085 2100 Fluidum
3130 2063 3365 2120 namque
3396 2064 3545 2105 mare

1971 2146 2067 2202 per
2096 2140 2327 2202 angusta
2361 2132 2480 2187 loca
2518 2148 2836 2198 excurrens,
2867 2138 2958 2190 ubi
2990 2138 3226 2209 obliquis
3281 2149 3335 2195 et
3378 2142 3545 2198 rectis

1972 2225 2214 2281 exitibus
2237 2241 2460 2283 cursum
2485 2226 2777 2294 inﬂexerit,
2804 2230 2856 2284 vi
2886 2230 3212 2303 flamineque
3234 2242 3542 2299 ventorum,

1971 2323 2131 2373 terra:
2158 2318 2505 2389 superficiem
2539 2321 2852 2394 disrumpit,
2886 2336 3279 2396 egressumque
3317 2342 3421 2383 usu
3463 2336 3545 2382 est

1972 2407 2175 2464 efﬁcaci
2222 2410 2290 2465 ad
2333 2419 2543 2480 potum,
2581 2414 2916 2484 percolatum
2962 2417 3107 2470 enim
3139 2418 3545 2488 cribratumque

1971 2499 2255 2558 dulcescit.
2282 2502 2499 2562 Rursus
2544 2508 2591 2562 si
2629 2507 2766 2563 locis
2809 2507 3031 2566 fervidis
3063 2510 3421 2581 relinquatur,
3454 2527 3547 2568 ea-

1972 2593 2096 2648 dem
2129 2595 2342 2652 ratione
2399 2611 2431 2650 a
2461 2599 2709 2653 vento—in
2756 2600 2958 2655 exi‘tum
3012 2602 3234 2658 ductum
3270 2603 3545 2662 fervescit.

1970 2681 2118 2740 Fons
2151 2685 2278 2740 item
2308 2692 2394 2742 est
2419 2703 2704 2757 aquarum,
2731 2706 2851 2760 quae
2868 2706 3048 2746 aerem
3074 2701 3375 2763 occupant;
3401 2695 3549 2751 illius

1970 2775 2119 2830 enim
2150 2790 2302 2847 aquae
2330 2793 2427 2848 per
2460 2779 2633 2835 nubes
2659 2787 2906 2851 attracta:
2934 2797 3036 2838 nec
3068 2798 3177 2837 non
3208 2799 3240 2838 a
3281 2785 3413 2840 solis
3455 2800 3548 2839 ra-

1970 2867 2080 2926 diis
2105 2869 2402 2941 calefactae,
2428 2887 2555 2928 mox
2575 2873 2740 2929 nubis
2762 2875 2955 2930 umbra
2984 2874 3298 2947 frigefactas,
3330 2879 3548 2934 tandem

1970 2960 2092 3033 ipsa
2124 2964 2411 3020 altitudine
2446 2967 2587 3021 cmlo
2628 2968 2890 3037 exposita?
2932 2968 3274 3030 dulcescunt.
3318 2979 3548 3026 terram-

1969 3070 2077 3125 que
2107 3057 2275 3126 guttis
2303 3066 2622 3129 aspergunt.
2651 3057 2765 3114 ﬂoc
2806 3058 2994 3115 eodem
3021 3060 3108 3116 die
3125 3060 3290 3131 jussit
3320 3060 3461 3118 Deus
3490 3070 3548 3117 ut

301 3156 498 3225 νέφους
543 3153 988 3225 καταψυχθέντα,
1019 3151 1113 3206 καὶ
1150 3149 1211 3216 ἐξ
1238 3149 1403 3205 αὐτοῦ
1442 3148 1536 3203 τοῦ
1578 3147 1746 3220 ὕψους
1785 3149 1871 3201 at-

1973 3156 2115 3201 terra
2128 3147 2443 3219 germinant
2470 3149 2681 3204 herbam
2709 3152 2977 3218 virentem,
3004 3160 3055 3206 et
3079 3153 3354 3223 facientem
3374 3171 3549 3242 semen

299 3246 621 3311 θριασθέντα
652 3245 1020 3316 γλυκαίνεται,
1054 3244 1150 3298 καὶ
1187 3240 1554 3313 καταψεκάζει
1581 3242 1683 3312 τὴν
1710 3242 1869 3315 ἠπει-

301 3357 414 3413 ρον.
449 3340 529 3412 Τῇ
574 3340 620 3394 δ’
664 3339 801 3410 αὐτῇ
852 3338 1038 3410 ἡμέρᾳ
1074 3336 1170 3390 καὶ⁹
1202 3333 1560 3403 ,ϐλαστῆσαι
1600 3332 1874 3402 ,ϐοτάνην

297 3431 517 3501 χόρτου
539 3429 654 3498 τὴν
666 3426 783 3498 γῆν
799 3430 829 3482 ό
856 3427 988 3491 Θεὸς
1014 3424 1345 3499 προσέταξεν
1363 3442 1377 3455 ·
1409 3423 1664 3492 Σπεζρον
1689 3422 1873 3492 σπέρο

296 3538 383 3592 μα
411 3519 564 3575 κατὰ
594 3521 788 3590 γένος,
813 3519 912 3573 καὶ
946 3517 983 3583 ξ
988 3518 1137 3572 ὐλον
1163 3515 1464 3585 κάρπιμον
1493 3515 1709 3571 ποιοῦν
1737 3532 1878 3583 καρ-

300 3614 441 3677 πὸν,
468 3607 540 3668 οὗ
579 3611 646 3666 τὸ
675 3610 918 3681 σπέρμα
947 3610 1134 3665 αὑτοῦ
1169 3609 1241 3663 ἐν
1274 3606 1458 3673 αὐτῷ.
1503 3609 1614 3662 Καὶ
1658 3608 1739 3661 ἔτι
1780 3608 1876 3663 καὶ

301 3705 397 3758 νῦν
423 3706 457 3775 ἡ
501 3702 655 3767 τάξις
680 3703 790 3755 τῶν
821 3702 1105 3773 φυομένων
1139 3705 1404 3774 μαρτυρεῖ
1431 3704 1498 3774 τῇ
1530 3700 1723 3774 πρώτῃ
1761 3700 1877 3754 δια-

304 3794 595 3865 κοσμήσει.
621 3793 691 3846 Ἥ
710 3791 818 3864 γὰρ
846 3791 1138 3862 βλάστησις
1163 3791 1483 3863 καθηγεῖται
1510 3790 1692 3862 πάσης
1721 3789 1878 3860 βοτά-

305 3906 404 3960 νης
427 3926 442 3951 ,
503 3887 598 3940 καὶ
622 3885 804 3957 πάσης
843 3885 1013 3948 πόας·
1047 3884 1257 3947 νοτίδας
1291 3884 1401 3955 γὰρ
1439 3883 1765 3955 συμμέτρως
1787 3884 1878 3939 καὶ

306 3981 517 4054 θερμὴν
548 3978 778 4050 ἐχούσης
804 3977 903 4050 τῆς
926 3977 1052 4049 γῆς,
1072 3977 1134 4030 τὸ
1159 3977 1380 4049 σπέρμα
1408 3978 1488 4041 είς
1509 3976 1677 4048 αὐτὴν
1711 3993 1877 4031 κατα-

308 4075 581 4136 ϐάλλεται,
626 4072 721 4126 καὶ
763 4069 971 4140 γίνεται
1011 4067 1207 4140 χαῦνον
1240 4069 1335 4122 καὶ
1386 4066 1743 4140 πολύσπορον,
1782 4067 1878 4121 καὶ

304 4169 404 4239 τῆς
430 4165 560 4237 περὶ
591 4163 721 4219 αὐτὸ
758 4162 864 4233 γῆς
908 4160 1210 4234 ἀρξάμενον
1242 4161 1378 4233 πρὸς
1407 4160 1539 4214 αὐτὸ
1582 4160 1878 4214 ἐπισπᾶται

304 4257 377 4312 τά
402 4259 576 4311 οἰκεῖα
619 4255 715 4311 καὶ
746 4252 1019 4326 σύμφυλα,
1051 4253 1143 4306 καὶ
1171 4250 1517 4323 πιαινόμενον
1556 4252 1648 4304 ἐπὶ
1696 4249 1878 4304 πλεῖον

305 4348 664 4404 πλατύνεται·
693 4346 834 4400 ὥστε
878 4343 1157 4418 ριζοῦσθαι
1189 4344 1288 4416 μὲν
1332 4346 1413 4408 είς
1442 4343 1504 4397 τὸ
1543 4344 1713 4406 κάτω,
1744 4358 1880 4413 προ-

305 4442 534 4496 κύπτειν
560 4438 618 4492 δὲ
647 4440 728 4503 εἰς
761 4437 823 4490 τὸ
867 4436 1007 4501 ἄνω,
1050 4436 1146 4491 καὶ
1185 4435 1505 4508 ἰσαρίθμους
1543 4435 1664 4498 ταῖς
1704 4433 1879 4506 ῥίζαις

1972 3256 2131 3295 suum
2187 3240 2486 3313 lignumque
2525 3241 2858 3313 fructiferum
2886 3244 3085 3313 faciens
3113 3246 3366 3316 fructum,
3390 3228 3545 3318 lEujus

1973 3348 2146 3388 semen
2192 3333 2249 3388 in
2299 3335 2654 3404 semetipso“;
2698 3342 2753 3390 et
2798 3335 2866 3390 ad
2908 3336 3024 3391 hate
3071 3346 3312 3408 tempora
3356 3354 3545 3394 eorum

1974 3439 2097 3496 quae
2127 3425 2425 3497 gignuntur
2452 3442 2483 3482 e
2508 3434 2653 3483 terra
2683 3429 2876 3495 series,
2909 3444 3157 3499 quaenam
3187 3430 3350 3486 fuerit
3376 3431 3549 3502 prima

1975 3533 2159 3573 rerum
2210 3519 2491 3576 distinctio
2534 3519 2805 3592 descripta
2832 3562 2847 3587 ,
2898 3522 3154 3578 declarat.
3212 3522 3548 3580 Germinatio

1974 3625 2213 3682 namque
2243 3612 2487 3682 qualibet
2512 3611 2682 3668 herba
2715 3614 3009 3686 plantaque
3037 3616 3188 3685 prior
3212 3624 3317 3672 est.
3350 3614 3545 3674 Semen

1976 3704 2145 3767 enim,
2186 3703 2279 3758 ubi
2311 3715 2456 3759 terra
2485 3704 2616 3760 illud
2645 3706 2854 3774 gremio
2889 3707 3164 3764 moderate
3193 3707 3417 3764 humido
3449 3724 3545 3764 ea-

1977 3794 2199 3867 lidoque
2243 3810 2494 3866 sparsum
2533 3810 2598 3850 ae
2630 3798 2917 3852 subactum
2976 3799 3219 3869 excepit,
3280 3801 3545 3870 mollitur,

1978 3886 2144 3959 fitque
2172 3886 2238 3942 ad
2265 3903 2352 3943 res
2377 3888 2594 3944 abunde
2624 3890 2923 3960 gignendas
2949 3890 3207 3947 idoneum
3245 3910 3259 3946 :
3290 3893 3417 3949 hinc
3438 3894 3551 3963 pri-

1977 3995 2126 4034 mum
2169 3986 2367 4036 eterra
2394 3996 2514 4050 quae
2543 3983 2732 4048 ambit,
2768 3983 2941 4054 magis
2979 3984 3081 4038 sibi
3123 3992 3317 4039 natura
3347 4001 3551 4057 cogna-

1978 4081 2093 4127 tum
2121 4081 2284 4144 atque
2310 4072 2467 4129 aliine
2497 4074 2743 4139 attrahit,
2775 4091 2883 4146 quo
2928 4075 3334 4147 pinguefactum
3383 4077 3546 4135 latius

1977 4164 2311 4230 extenditur,
2353 4166 2429 4219 ita
2480 4172 2539 4219 ut
2588 4167 2698 4221 ima
2752 4168 2880 4223 sede
2925 4168 3203 4225 radicibus
3251 4169 3547 4243 deligatur,

1980 4264 2234 4328 erumpat
2289 4258 2561 4329 superiori
2603 4258 2838 4331 edatque
2888 4261 3163 4319 radicibus
3224 4278 3386 4333 pares
3443 4281 3546 4320 nu-

1979 4363 2134 4404 mero
2183 4349 2435 4421 stipulas.
2481 4349 2736 4408 Germine
2785 4353 2842 4408 in
2885 4353 3003 4411 dies
3054 4356 3381 4425 calescente,
3445 4357 3549 4412 hu-

1979 4455 2101 4495 mor
2165 4457 2262 4513 per
2321 4441 2534 4499 radices
2579 4444 2886 4511 adductus,
2941 4462 3049 4501 una
3113 4462 3298 4504 secum
3371 4450 3549 4504 medio

304 4535 432 4598 τοὺς
461 4532 740 4603 καλάμους
767 4528 1181 4602 προϐάλλεσθαι.
1212 4527 1561 4600 Θαλπομένου
1587 4527 1644 4580 δὲ
1671 4527 1758 4581 ἀεὶ
1780 4526 1872 4580 τοῦ

1983 4534 2166 4590 calore
2196 4551 2228 4590 e
2277 4543 2422 4592 terra
2474 4538 2649 4594 defert
2702 4539 3055 4604 alimentum,
3092 4541 3236 4611 quod
3280 4542 3335 4595 in
3383 4542 3552 4612 stipu-

308 4626 711 4699 βλαστήματος,
745 4623 1014 4694 συρομένη
1051 4621 1137 4676 διὰ
1170 4621 1277 4676 τῶν
1313 4621 1476 4693 ῥιζῶν
1510 4624 1544 4692 ἡ
1579 4620 1740 4684 νοτὶς,
1770 4619 1876 4673 ὑπὸ

304 4721 407 4792 τῆς
429 4718 638 4791 θέρμης
677 4716 1040 4784 συνεπάγεται
1083 4714 1184 4784 τῆς
1223 4714 1327 4784 γῆς
1353 4714 1414 4767 τὸ
1457 4712 1722 4785 τρόφιμον
1742 4728 1754 4742 ·
1783 4711 1878 4767 καὶ

306 4810 729 4883 καταμερίζεται
752 4806 910 4861 τοῦτο
936 4808 1017 4870 είς
1038 4804 1312 4875 καλάμην,
1328 4804 1422 4856 καὶ
1444 4804 1644 4873 φλοιὸν,
1658 4805 1754 4859 καὶ
1775 4802 1879 4867 τὰς

307 4902 481 4974 θήκας
507 4901 601 4955 τοῦ
646 4900 814 4963 σίτου,
851 4897 948 4952 καὶ
987 4899 1068 4961 εἰς
1093 4896 1255 4950 αὑτὸν
1282 4895 1374 4948 τὸν
1416 4896 1562 4949 σῖτον
1580 4934 1594 4958 ,
1630 4894 1725 4949 καὶ
1754 4896 1880 4958 τοὺς

305 4993 620 5066 άνθέρικας.
657 4993 722 5046 Ἥ
761 4992 819 5046 δὲ
858 4989 1081 5062 καλάμη
1110 4988 1206 5043 τοῦ
1251 4988 1398 5042 σίτου
1444 4987 1715 5051 κονδύλοις
1765 4987 1878 5041 δια·

309 5084 608 5151 ζὼννυται,
644 5085 709 5139 ἵν’
736 5084 812 5148 ὡς
858 5081 1142 5152 σύνδεσμοί
1183 5097 1332 5145 τινες
1367 5078 1477 5134 τῶν
1527 5079 1772 5150 σταχύων
1820 5080 1881 5133 τὸ

309 5177 475 5249 βάρος
514 5178 772 5249 φέρωσιν.
821 5177 980 5229 Ἔστι
1015 5174 1073 5227 δὲ
1112 5172 1208 5228 καὶ
1249 5174 1284 5244 ἡ
1332 5170 1552 5244 καλάμη
1596 5171 1838 5234 διάκενος
1863 5208 1877 5232 ,

306 5273 457 5333 ὅπως
478 5272 618 5343 θήκη
640 5269 732 5325 τοῦ
755 5270 953 5324 κόκκου
969 5267 1214 5338 γένηται,
1241 5266 1377 5338 πρὸς
1401 5265 1464 5319 τὸ
1486 5263 1561 5337 μὴ
1582 5266 1693 5328 τοῖς
1720 5279 1882 5335 61:59-

312 5364 562 5436 μολόγοις
597 5365 862 5436 ὑπάρχειν
887 5361 1301 5432 εὐδιάρπαστον.
1333 5360 1470 5424 Τοὺς
1501 5357 1559 5412 δὲ
1589 5356 1880 5430 ἀνθέρικας

307 5458 430 5512 ἀντὶ
459 5457 660 5512 άκίδων
694 5453 1082 5527 προϐέϐληται,
1107 5452 1195 5507 ἵνα
1220 5451 1326 5506 τῶν
1360 5450 1570 5523 μικρῶν
1604 5448 1757 5516 ζώων
1783 5449 1881 5514 τὰς

310 5546 517 5618 βλάΰας
547 5548 821 5620 εἴργωσιν.
864 5546 924 5598 '0
951 5544 1007 5598 δὲ
1052 5542 1252 5614 βρόμος
1281 5542 1347 5597 δι’
1377 5543 1501 5597 ὅλου
1527 5541 1681 5606 κενὸς
1722 5541 1884 5595 καθέ-

310 5654 509 5713 στηκεν
531 5679 546 5705 ,
596 5637 783 5710 ἐπειδὴ
825 5636 926 5709 τὴν
954 5634 1195 5707 κεφαλὴν
1245 5635 1306 5688 οὐ
1341 5634 1647 5708 βαρύνεται.
1685 5634 1795 5690 Kal
1833 5636 1882 5688 εί

383 5824 405 5856 ⁸
431 5822 559 5880 Gen.
598 5841 639 5885 ι,
672 5824 762 5877 11.

631 5941 901 6004 ΡΑτιιοι.
936 5940 1051 6003 Gn.
1086 5936 1313 6006 XVIII.

1981 4625 2122 4690 lam,
2182 4626 2442 4683 corticem
2491 4628 2779 4692 frumenti,
2825 4628 3060 4689 thecam.
3099 4628 3275 4700 ipsum
3307 4628 3555 4687 frumen-
3640 4670 3657 4681 υ

1979 4727 2096 4773 tum
2169 4729 2332 4789 atque
2405 4720 2605 4777 aristas
2676 4721 2930 4793 partitur.
3012 4721 3295 4779 Frumenti
3352 4725 3551 4795 stipula

1979 4810 2138 4866 nodis
2199 4812 2480 4882 cingitur,
2551 4820 2612 4867 ut
2678 4815 2844 4869 veluti
2920 4830 3210 4887 compages
3270 4816 3552 4888 spicarum

1980 4898 2196 4970 pondus
2225 4902 2556 4961 sustineant.
2597 4902 2867 4959 Praeterea
2899 4912 2953 4960 et
2985 4905 3102 4977 ipsa
3135 4908 3336 4978 stipula
3376 4923 3550 4964 vacua

1980 4997 2087 5059 est,
2110 4999 2171 5047 ut
2199 5009 2429 5063 granum
2463 4996 2866 5067 receptaculum
2898 4997 3116 5064 habeat,
3144 5014 3213 5055 ne
3251 4999 3545 5073 frugilego-

1979 5106 2102 5145 rum
2125 5089 2320 5159 prada;
2339 5087 2500 5144 facile
2528 5090 2940 5159 sitexpositum.
2969 5099 3024 5146 et
3052 5099 3242 5148 contra
3276 5094 3549 5150 minorum

1981 5181 2297 5236 animalium
2344 5196 2564 5237 morsus
2591 5182 2836 5237 munitur
2860 5199 2958 5254 pro
2995 5185 3222 5254 spiculis
3256 5187 3398 5241 vallo
3442 5186 3551 5240 ari-

1981 5286 2211 5333 starum.
2243 5274 2447 5332 Verum
2476 5291 2646 5332 avena
2676 5284 2789 5331 tota
2811 5277 2992 5334 inanis
3012 5280 3280 5345 cernitur,
3310 5295 3432 5335 eum
3458 5295 3553 5335 ea-

1982 5368 2092 5440 pite
2121 5385 2230 5423 non
2265 5378 2567 5440 gravescat.
2600 5368 2665 5423 Et
2686 5370 2733 5424 si
2756 5386 2880 5441 eum
2935 5372 3236 5428 esculentis
3263 5372 3428 5426 simul
3455 5386 3551 5426 ve-

1982 5475 2125 5515 nena
2150 5468 2279 5515 nata
2308 5463 2699 5531 comperimus,
2733 5464 2894 5534 quale
2916 5473 3002 5520 est
3024 5471 3325 5528 veratrum,
3357 5467 3546 5520 aconi—

1982 5560 2118 5618 tum,
2167 5553 2581 5626 mandragoras,
2615 5563 2669 5611 et
2730 5571 2931 5611 succus
2988 5557 3297 5626 papaveris,
3338 5556 3549 5613 nullum

1980 5651 2162 5701 tamen
2193 5644 2386 5701 borum
2417 5661 2880 5717 supervacaneum
2920 5654 3024 5713 est,
3071 5645 3166 5702 sed
3199 5664 3358 5705 sumn
3389 5665 3548 5705 usum

3199 5938 3279 5998 23
