4090 6288
647 317 754 373 ’115

1509 319 1567 374 S.
1609 317 2047 376 EUSTATHIUS
2083 317 2571 378 ANTIOCHENUS
2596 323 3002 382 'EPISCOPUS.

3747 343 3834 402 716

646 436 828 493 habet.
890 434 1081 490 Cicuta
1142 446 1374 504 namque
1427 442 1731 505 pascuntur
1755 428 1931 489 sturni
1978 442 2180 505 proptei

2304 435 2698 508 συνεϐλάστησε
2715 442 2826 502 τοῖς
2858 438 3143 510 τροφίμοις
3161 440 3229 494 τά
3249 439 3563 514 δηλητηρια,
3586 439 3692 503 οἷον
3709 452 3834 512 tm.

646 527 896 598 corporis
946 524 1429 589 constitutionem;
1478 525 1679 580 etenim
1724 539 1849 578 cum
1885 528 1996 580 sint
2051 525 2202 595 poris

644 624 787 679 circa
812 636 905 676 cor
934 618 1200 689 angustis,
1233 618 1335 671 hac
1360 618 1573 673 ratione
1612 631 1725 671 rem
1764 617 2074 686 absorptam
2108 632 2204 673 ex—

641 719 892 770 cernunt.
920 709 1151 766 Veratm
1181 709 1491 764 coturnices
1512 715 1842 776 vescuntur,
1872 710 2202 779 propriaque

638 804 883 875 corporis
906 801 1310 870 temperatione,
1342 801 1490 856 nullo
1506 798 1811 855 adiciuntur
1833 801 2197 863 incommodo.

636 896 831 952 Medici
860 893 1219 963 mandragora
1245 907 1492 948 somnum
1533 891 1844 956 conciliant,
1897 893 2023 961 opio
2051 908 2200 948 sum-

638 1004 757 1044 mos
787 987 1003 1043 dolores
1026 988 1269 1057 sopiunt,
1303 985 1484 1039 cicuta
1508 985 1776 1039 immanes
1807 985 2001 1039 sedant
2029 1001 2197 1055 appe-

639 1082 791 1142 titus,
817 1087 871 1134 et
899 1087 1081 1132 tamen
1133 1089 1347 1132 veratro
1394 1075 1726 1132 inveteratas
1775 1074 2002 1131 allectus
2050 1077 2198 1129 miti-

635 1178 784 1243 gant.
822 1168 888 1223 Et
920 1168 1115 1239 lignum
1164 1166 1494 1236 fructiferum
1552 1165 1753 1234 faciens
1811 1165 2039 1235 fructum
2068 1167 2205 1231 “,et

635 1277 744 1316 uno
766 1258 1026 1330 temporis
1072 1266 1294 1327 puncto,
1327 1272 1449 1326 quae
1505 1257 1657 1327 prius
1705 1257 1926 1313 minime
1952 1266 2128 1321 erant,
2166 1274 2197 1313 e

637 1363 780 1408 terra
806 1360 932 1407 nata
955 1358 1102 1415 sunt,
1134 1351 1249 1405 suis
1277 1364 1505 1418 quaeque
1530 1348 1953 1419 proprietatibus
1991 1356 2045 1403 ct
2088 1348 2199 1401 for-

633 1445 762 1509 mis,
794 1444 993 1513 quibus
1033 1440 1190 1512 quasi
1237 1439 1580 1495 naturalibus
1631 1441 1775 1496 notis
1806 1456 1836 1495 a
1864 1442 2028 1496 rebus
2070 1442 2198 1496 reli-

634 1535 760 1605 quis
785 1542 993 1589 secreta
1026 1532 1441 1602 dignoscuntur.
1474 1530 1625 1586 Oliva
1674 1542 1730 1586 et
1783 1533 1981 1602 palma,
2004 1538 2059 1588 et
2095 1548 2195 1587 cu-

634 1642 880 1696 pressus,
912 1625 968 1678 in
995 1625 1162 1677 altum
1204 1623 1597 1694 provehuntur,
1639 1631 1695 1678 et
1736 1623 1929 1678 barum
1961 1624 2046 1679 hae
2074 1625 2196 1694 qui-

634 1722 756 1776 dem
786 1733 886 1774 nec
913 1717 1097 1772 multis
1129 1718 1299 1773 ramis
1323 1732 1426 1771 nec
1450 1715 1627 1780 nodis,
1659 1724 1719 1770 ut
1750 1717 1932 1782 abies,
1966 1733 2193 1787 cupres-

2305 526 2480 599 ϐορος,
2512 530 2606 583 καὶ
2636 531 2902 596 ἀκόνιτον,
2936 532 3029 586 καὶ
3066 533 3461 605 μανδραγόρας,
3504 536 3715 612 καὶτῆς
3750 551 3839 621 μή.

2300 636 2472 684 κωνος
2497 622 2525 673 ό
2548 621 2698 686 ὀπὸς,
2732 623 2881 677 οὐδὲν
2906 623 3111 678 τούτων
3150 626 3231 688 είς
3253 625 3448 697 χρῆσιν
3477 628 3639 700 ἀργὸν
3666 642 3836 707 πάρεξ.

2301 708 2521 781 ληπται,
2553 713 2625 766 Τὸ
2660 714 2756 784 μὲν
2798 714 2990 769 κώνιον
3038 716 3087 768 ol
3115 716 3287 788 ψᾶρες
3315 715 3596 787 βόσκονται
3637 724 3719 780 διὰ
3756 731 3836 788 τὴν

2302 801 2641 873 κατασκευὴν
2664 783 2765 856 τοῦ
2801 804 3079 876 σώματος·
3109 783 3339 872 λεπτοὺς
3361 810 3469 881 γάρ
3504 810 3710 883 ἔχοντες
3730 783 3835 885 τούξ

2300 892 2392 943 ἐπὶ
2429 892 2525 962 τὴν
2566 894 2789 965 καρδίαν
2836 896 3035 967 πόρους
3057 938 3071 962 ,
3107 898 3427 970 ἀποπέμψαι
3460 901 3520 955 τὸ
3562 910 3836 966 καταποθὲν

2300 981 2590 1050 φθάνουσι·
2626 985 2714 1038 τὸν
2744 985 2799 1039 δὲ
2844 987 3119 1060 ἐλλέϐορον
3164 990 3430 1046 ἐσθίουσιν
3470 993 3715 1065 ὄρτυγες,
3757 1004 3836 1056 καὶ

2299 1072 2395 1142 οὐχ
2424 1072 2741 1142 ὑφίστανται
2788 1076 3009 1149 βλάϐην,
3047 1081 3278 1152 ἰδιότητα
3331 1084 3581 1153 κράσεως
3631 1089 3832 1160 ἔχοντες.

2297 1164 2395 1217 Διά
2426 1163 2483 1217 δὲ
2508 1165 2602 1218 τοῦ
2643 1167 3018 1241 μανδραγόρου
3057 1170 3222 1226 ὕπνον
3255 1175 3425 1247 ἰατροὶ
3468 1181 3821 1249 κατε’πάγουσι,

2298 1255 2390 1345 καὶ
2413 1254 2492 1327 τῷ
2516 1256 2654 1329 ὀπίῳ
2675 1257 2772 1322 τὰς
2807 1260 3037 1331 σφοδράς
3060 1262 3251 1328 ὀδύνας
3274 1267 3724 1336 κατακοιμίζουσι.
3748 1275 3823 1345 Τῷ

2296 1344 2353 1398 δὲ
2378 1347 2558 1417 κωνίῳ
2581 1348 2679 1413 τὰς
2702 1349 2990 1415 λυσσώδεις
3016 1353 3219 1424 ὀρέξεις
3247 1359 3721 1429 καταμαραίνουσι,
3749 1344 3824 1419 καὶ

2295 1437 2374 1508 τῷ
2417 1438 2684 1514 ἐλλεϐόρῳ
2725 1442 2793 1495 τὰ
2837 1442 3024 1514 χρόνια
3063 1445 3208 1516 πάθη
3252 1450 3703 1521 καταπραύνουσι.
3739 1458 3829 1511 Kal

2297 1529 2488 1593 ξύλον
2516 1532 2812 1604 κάρπιμον
2857 1535 3070 1589 ποιοῦν⁹
3119 1541 3366 1606 καρπόν.
3417 1541 3533 1595 Καὶ
3581 1544 3741 1599 πάντα
3782 1550 3828 1601 ἐν

2300 1622 2396 1692 μιᾷ
2428 1623 2623 1695 καιροῦ
2657 1626 2795 1697 ῥοπῇ
2826 1626 3030 1698 ἀνεφύη
3060 1628 3124 1680 ὲκ
3279 1632 3401 1703 γῆς,
3437 1635 3542 1688 οὐκ
3575 1634 3693 1691 ὄντα
3720 1639 3830 1710 πρό-

2296 1732 2472 1785 τερον,
2510 1716 2646 1787 μετά
2672 1718 2773 1789 τῆς
2804 1719 3009 1784 οἰκείας
3044 1722 3268 1778 ἕκαστον
3304 1724 3587 1797 ἰδιότητος,
3620 1730 3704 1783 καὶ
3735 1730 3828 1801 ίδίῳ

633 1829 750 1878 sus,
773 1820 826 1867 et
852 1810 1175 1882 quandoque
1195 1810 1372 1880 palma
1400 1810 1818 1877 constipantur;
1848 1808 1953 1864 illa;
1982 1825 2180 1881 semper

2297 1807 2602 1879 χαρακτῆρι
2631 1807 2857 1862 ἕκαστον
2886 1811 3301 1883 γνωριζόμενον.
3334 1816 3396 1869 Ἠ
3431 1794 3533 1887 μὲν
3564 1818 3724 1883 ἐλαία,
3752 1794 3827 1877 ul

631 1905 912 1959 virescunt
946 1902 1148 1965 :oliva,
1208 1901 1386 1971 palma
1411 1940 1426 1964 ,
1491 1901 1699 1966 laurus,
1751 1908 1984 1972 myrtus,
2018 1903 2189 1973 picea,

628 2012 944 2068 cupressus,
975 1995 1144 2056 abies,
1171 1993 1479 2063 iuniperus,
1514 1994 1732 2064 thya,et
1754 2010 1917 2064 quam
1953 1994 2191 2052 Arcades

627 2089 921 2163 phillodrin
949 2087 1240 2159 appellant.
1275 2084 1371 2140 His
1395 2084 1534 2140 adde
1555 2086 1879 2145 oleastrum.
1934 2086 2182 2154 cedrum,

625 2182 835 2253 pinum,
869 2181 1093 2242 buxum,
1138 2178 1337 2241 ilicem,
1383 2192 1618 2243 aracem,
1666 2177 2013 2234 cicerculam.
2044 2178 2187 2235 Rosa

626 2276 744 2331 sine
766 2273 939 2344 spinis
991 2281 1122 2326 tunc
1171 2279 1290 2326 orta
1318 2281 1421 2335 est,
1456 2286 1578 2341 quae
1621 2270 1838 2326 tandem
1863 2270 2014 2327 ﬂoris
2070 2272 2189 2342 pul-

624 2366 919 2422 chritudini
974 2372 1100 2418 sunt
1157 2363 1403 2432 adjectae,
1437 2371 1496 2416 ut
1537 2362 1793 2434 jucundis
1817 2378 1987 2433 pr0pe
2021 2364 2187 2419 situm

623 2473 912 2514 mmrorcm
937 2472 1058 2512 esse
1108 2464 1415 2521 cernentes,
1456 2456 1663 2524 peccati
1699 2470 1809 2509 non
1841 2455 2188 2511 obliviscere-

623 2566 765 2614 mur,
798 2549 955 2619 cujus
989 2564 1151 2603 causa
1203 2549 1389 2618 spinas
1426 2556 1480 2602 et
1522 2546 1749 2601 tribulos
1805 2546 1963 2602 nobis
1984 2555 2185 2602 terram

621 2638 809 2694 ellcrre
874 2637 1176 2707 iudicatum
1242 2646 1347 2692 est.
1429 2637 1611 2692 Floret
1687 2640 1865 2709 prima
1940 2640 2183 2693 omnium

620 2730 923 2802 amygdala,
982 2739 1361 2799 postremaque
1412 2743 1632 2798 pomum
1694 2735 1954 2793 maturat,
2012 2729 2183 2799 ﬁtque

620 2822 794 2878 dulcis
837 2837 905 2876 ex
937 2835 1146 2887 amara,
1200 2823 1307 2874 ima
1368 2828 1523 2890 parte
1567 2819 1749 2891 stipite
1796 2821 2182 2878 circumforato

617 2929 900 2984 cuneoque
943 2930 1011 2969 ex
1062 2914 1213 2983 picea
1247 2914 1444 2968 arbore
1476 2912 1670 2969 idoneo
1700 2914 1756 2967 in
1793 2914 2036 2969 internas
2067 2929 2182 2984 par-

616 3014 700 3063 tes
722 3008 913 3062 adacto
965 3022 1138 3076 usque
1175 3005 1241 3060 ad
1299 3006 1634 3071 medullam;
1668 3006 1742 3059 ita
1791 3006 1935 3061 enim
1985 3022 2181 3063 succos

2294 1896 2484 1967 φοῖνιξ,
2524 1899 2617 1953 καὶ
2649 1900 2976 1971 κυπάριττος
3000 1903 3080 1965 εἰς
3113 1902 3244 1972 ὕψος
3278 1905 3553 1972 αὔξονται,
3588 1911 3690 1965 Καὶ
3723 1914 3824 1966 τού-

2291 2004 2397 2040 των
2428 1989 2496 2041 τά
2529 1990 2627 2061 μέν
2663 1991 2810 2044 ἐστιν
2845 1992 2905 2045 οὐ
2947 1993 3198 2059 πολύοζα,
3227 1996 3346 2050 οὐδὲ
3384 2000 3704 2067 πολύκλαδα,
3734 1999 3827 2059 οἷον

2291 2078 2481 2151 ἐλάτη,
2529 2083 2622 2135 καὶ
2665 2084 2697 2154 ἡ
2738 2085 3068 2156 κυπάριττος
3089 2126 3102 2151 ,
3150 2086 3260 2140 ἔσθ’
3310 2090 3396 2143 ὅτε
3427 2091 3485 2144 δὲ
3533 2093 3622 2147 καὶ
3661 2096 3821 2163 φοῖνιξ.

2302 2172 2586 2241 Ἀείφυλλα
2616 2174 2676 2228 δέ
2712 2177 2858 2230 ἐστιν
2903 2176 3077 2243 ἐλαία,
3122 2180 3317 2249 φοῖνιξ,
3351 2184 3446 2236 καὶ
3485 2185 3675 2258 δάφνη,
3708 2191 3823 2262 μυρ-

2290 2264 2430 2335 ρίνη,
2466 2268 2662 2338 πεύκη,
2689 2270 3036 2342 κυπάριττος,
3067 2273 3250 2342 ἐλάτη,
3275 2275 3556 2347 ἄρκευθος,
3586 2279 3717 2345 θυία,
3749 2282 3823 2336 καὶ

2286 2355 2352 2426 ἢν
2390 2357 2647 2429 Ἀρκάδες
2681 2359 2929 2431 φιλόδρυν
2963 2361 3240 2430 λέγουσιν·
3282 2363 3359 2417 ἔτι
3406 2366 3620 2435 φύλεος,
3644 2371 3819 2442 κέδρος,

2286 2448 2465 2514 πίτυς,
2502 2450 2687 2515 πύξος,
2722 2456 2910 2525 πρῖνος
2932 2496 2946 2521 ,
2987 2454 3188 2524 ἀράκη,
3224 2454 3475 2528 λάθυρος.
3509 2460 3579 2513 Τὸ
3609 2460 3660 2513 δὲ
3696 2463 3821 2533 ῥόδον

2285 2539 2409 2592 ἄνευ
2450 2539 2546 2610 τῆς
2578 2542 2818 2614 ἀκάνθης
2858 2548 2977 2601 τότε
3011 2549 3339 2624 ἐϐλάστησεν
3360 2571 3373 2584 ·
3405 2554 3628 2629 ὕστερον
3672 2557 3722 2610 δὲ
3760 2557 3821 2627 τῷ

2282 2723 2494 2796 τερπνῷ
2547 2732 2958 2805 παρακειμένην
2997 2735 3094 2806 τὴν
3148 2736 3322 2809 λύπην
3370 2739 3580 2810 ἔχοντες
3635 2758 3796 2812 μνημο

2283 2813 2521 2885 νεύωμεν
2551 2816 2651 2887 τῆς
2682 2821 2973 2893 ἁμαρτίας,
2997 2823 3062 2878 δι’
3100 2826 3166 2897 ἢν
3193 2828 3432 2895 ἀκάνθας
3457 2835 3546 2887 καὶ
3571 2832 3821 2905 τριϐόλους

2282 2906 2411 2977 ἡμῖν
2442 2908 2475 2978 ἡ
2510 2909 2580 2979 γῆ
2611 2911 2913 2968 ἀνατέλλειν
2949 2918 3335 2992 κατεδικάσθη.
3375 2922 3439 2976 Ἠ
3465 2924 3520 2976 δὲ
3558 2922 3818 2995 ἀμυγδαλῆ

2281 2999 2468 3069 πρώτη
2490 3002 2588 3073 μὲν
2606 3004 2909 3074 βλαστάνει,
2939 3011 3140 3082 ὑστέρα
3168 3012 3223 3066 δὲ
3250 3015 3468 3087 ἐκφέρει
3495 3016 3580 3070 τὸν
3605 3017 3815 3089 καρπόν.

614 3101 838 3157 minime
866 3100 1125 3155 amabiles
1168 3099 1222 3152 in
1275 3098 1463 3154 dulces
1497 3098 1728 3169 ciboque
1780 3096 2005 3153 idoneos
2033 3114 2179 3155 com-

2292 3092 2435 3197 'H“8b
2464 3096 2633 3168 πικρά
2658 3099 2941 3171 ἀμυγδαλῆ
2966 3104 3307 3173 τυγχάνουσα
3330 3106 3389 3160 τὸ
3411 3092 3538 3178 πρὸς
3558 3108 3652 3178 τὴν
3673 3108 3819 3178 ῥίζαν

614 3204 804 3250 mutat.
835 3192 947 3249 Hoc
971 3193 1110 3248 idem
1141 3191 1379 3248 salutare
1415 3199 1518 3255 est,
1550 3197 1603 3246 et
1632 3190 1775 3245 malo
1808 3191 2007 3261 punico
2033 3192 2177 3248 acris

613 3292 784 3355 succi,
817 3290 909 3346 ubi
956 3304 1188 3359 namque
1233 3287 1444 3358 excepit
1469 3302 1703 3342 cuneum
1724 3329 1738 3355 ,
1777 3287 1936 3343 dulce
1968 3288 2170 3344 evadit.

612 3378 795 3433 Palma
826 3379 1022 3434 femina
1061 3384 1218 3432 nutat
1251 3376 1306 3431 in
1339 3392 1545 3431 marem
1594 3392 1787 3447 prona,
1838 3379 1995 3448 quasi
2029 3378 2176 3434 illius

609 3471 925 3541 complexus
982 3469 1255 3524 desiderio
1277 3475 1576 3530 teneretur,
1627 3476 1682 3523 et
1730 3469 1983 3540 agricola:
2007 3469 2176 3525 maris

607 3563 819 3619 fructus
846 3563 1013 3617 ramis
1040 3562 1184 3616 illius
1219 3562 1487 3624 inserunt,
1546 3560 1735 3631 sicque
1768 3562 2057 3631 pristinam
2096 3562 2175 3615 illi

608 3665 923 3727 rectamque
970 3654 1200 3710 formam
1253 3655 1567 3709 restituunt.
1622 3653 1758 3709 Mori
1800 3654 1954 3709 tarde
1984 3656 2177 3724 germi-

606 3758 761 3818 nant,
799 3749 1056 3806 tamenin
1089 3748 1269 3803 fructu
1306 3747 1534 3803 ferendo
1586 3763 1696 3803 non
1753 3755 1883 3802 sunt
1924 3747 2045 3801 aliis
2076 3761 2173 3816 po-

607 3849 884 3903 steriores.
917 3843 1089 3907 Oliva,
1119 3842 1256 3907 tilia,
1322 3842 1578 3912 populus,
1633 3840 1815 3895 ulmus
1857 3845 1980 3909 post
2028 3839 2175 3894 aesti-

607 3956 734 3996 vum
781 3937 1073 3993 solstitium
1133 3934 1260 3989 folia
1315 3935 1506 4004 supina
1568 3930 1880 3997 deﬂectunt,
1937 3938 2172 4000 suntque

608 4032 861 4086 omnibus
874 4035 1191 4098 argumento
1220 4028 1512 4082 solstitium
1534 4026 1782 4080 aastivum
1817 4022 2167 4094 praeteriisse.

606 4119 770 4175 Ficus
800 4117 1083 4174 domestici
1117 4117 1345 4183 fructus,
1376 4134 1446 4171 nc
1484 4115 1757 4179 decidant,
1781 4114 1884 4170 hoc
1911 4121 2171 4185 praestant

606 4213 855 4284 agricola:
880 4226 894 4263 :
930 4225 1150 4279 grossos
1173 4224 1236 4264 ex
1265 4208 1521 4279 capriﬂco
1553 4208 1837 4277 decerptos
1853 4214 1906 4262 et
1936 4207 2079 4262 inter
2110 4221 2171 4261 se

604 4305 888 4375 colligatos
921 4303 1023 4356 ﬁco
1046 4300 1312 4370 injiciunt.
1343 4299 1554 4353 Animal
1577 4299 1720 4354 enim
1735 4298 1948 4368 quodin
1975 4312 2167 4367 grosso

602 4407 687 4454 cst
708 4396 1132 4453 minutissimum
1157 4392 1322 4447 fundo
1345 4390 1430 4445 fici
1456 4391 1740 4446 domestici
1767 4390 2031 4455 insidens,
2068 4404 2166 4444 au—

600 4505 717 4544 ram
751 4503 870 4560 quae
913 4484 1245 4541 circumfusa
1303 4483 1474 4552 spirat
1524 4480 1769 4552 impedit.
1834 4495 1905 4535 ne
1961 4479 2162 4534 fructui
2194 4501 2239 4556 ι)

602 4577 858 4633 molestia
885 4579 977 4639 sit,
1002 4576 1241 4646 ﬁcusque
1265 4586 1555 4643 antequam
1599 4578 1946 4636 maturescat,
1976 4571 2157 4638 cadat,

598 4678 653 4725 et
680 4685 801 4724 cum
833 4670 923 4725 hic
951 4669 1160 4725 fructus
1189 4668 1369 4723 mollis
1391 4666 1483 4729 sit,
1516 4663 1881 4721 crassitudine
1907 4661 2157 4718 foliorum

598 4757 881 4825 operitur;
915 4759 1007 4812 ubi
1060 4756 1217 4813 nucis
1261 4755 1468 4811 solidus
1519 4754 1623 4808 levi
1641 4751 1894 4808 foliorum
1925 4751 2161 4823 tegmine

599 4849 824 4903 velatur.
880 4846 989 4903 Nec
1040 4850 1142 4903 alia
1194 4861 1361 4903 causa
1400 4844 1585 4900 folium
1620 4843 1748 4899 vitis
1787 4844 2020 4899 scissum
2052 4851 2157 4907 est,

598 4941 703 4996 nisi
737 4950 797 4994 ut
829 4941 895 4995 ab
925 4941 1065 4995 aeris
1117 4937 1475 4995 incommodis
1525 4950 1631 4990 uva
1665 4951 1725 4992 se
1758 4934 2031 4999 defendat,
2068 4951 2161 4992 so-

596 5033 774 5103 lisque
794 5033 974 5088 radios
995 5033 1217 5086 raritate
1237 5030 1493 5101 excipiat.
1520 5028 1611 5085 Sic
1634 5029 1768 5084 nihil
1790 5036 1875 5084 est
1910 5029 1965 5083 in
1992 5030 2158 5084 rebus

599 5126 780 5189 inane,
822 5124 917 5180 sed
946 5124 1127 5177 omnia
1160 5123 1300 5179 Deus
1333 5125 1620 5195 sapientia,
1653 5137 1816 5193 quam
1870 5120 2022 5177 eﬂ‘ari
2045 5136 2157 5175 non

596 5229 908 5285 possumus,
955 5213 1255 5267 exornavit.
1290 5212 1408 5268 Una
1463 5214 1664 5284 quippe
1705 5227 1864 5283 aqua,
1903 5227 2024 5282 qua?
2062 5226 2158 5282 per

595 5303 808 5359 radices
829 5304 1006 5359 delata
1042 5303 1352 5367 attrahitur,
1388 5305 1496 5358 alio
1529 5304 1691 5358 modo
1744 5312 1998 5357 truncum
2022 5302 2154 5367 alit,

595 5396 702 5450 alio
729 5396 1040 5455 medullam,
1068 5395 1175 5449 alio
1203 5395 1484 5459 corticem,
1520 5394 1626 5450 alio
1653 5396 1880 5466 lignum,
1920 5395 2027 5450 alio
2068 5409 2156 5448 ra-

594 5488 744 5543 dices
798 5489 982 5557 ipsas;
1013 5496 1067 5541 et
1127 5503 1191 5543 ex
1228 5486 1418 5542 eodem
1451 5487 1679 5543 humore
1718 5487 1776 5541 in
1808 5487 1912 5542 vite
1933 5484 2153 5556 quidem

595 5579 777 5633 viuum
803 5580 1108 5645 coniicitur,
1140 5580 1195 5634 in
1217 5579 1359 5634 oliva
1389 5578 1568 5634 oleum
1588 5618 1601 5645 ,
1633 5586 1686 5633 et
1724 5578 1782 5634 in
1828 5579 1935 5635 alio
1963 5577 2108 5633 aliud
2136 5596 2151 5645 ;

673 5783 716 5813 "
754 5782 886 5837 Gen.
919 5783 1068 5845 1,41.

2284 3186 2530 3260 στέλεχος
2560 3190 2925 3263 διατρηθεῖσα,
2963 3196 3140 3266 σφῆνα
3168 3197 3224 3252 δὲ
3256 3200 3456 3271 πεύκης
3480 3199 3694 3270 λιπαρὸν
3722 3201 3817 3270 τῆς

2278 3280 2604 3353 ἐντεριώνης
2654 3284 2823 3355 μέσης
2871 3287 3128 3345 ἐλαθέντα
3172 3290 3420 3362 δεξαμένη
3442 3330 3456 3354 ,
3487 3291 3606 3355 τοὺς
3633 3292 3813 3364 ἀηδεῖς

2279 3377 2483 3445 χυμοὺς
2538 3378 2618 3441 είς
2667 3378 2976 3455 γλυκύτητα
3023 3384 3337 3454 μεταϐάλλει
3390 3384 3645 3455 ἐδώδιμον.
3696 3384 3804 3454 Τὴν

2276 3467 2443 3537 αὐτὴν
2468 3468 2524 3521 δὲ
2549 3469 2840 3542 θεραπείαν
2869 3475 2962 3526 καὶ
2992 3476 3023 3546 η
3049 3474 3206 3547 ὀξύνη
3239 3475 3355 3547 ῥοιὰ
3393 3477 3657 3548 δεξαμένη,
3687 3475 3806 3547 τρέ-

2276 3575 2434 3612 πεται
2475 3562 2555 3624 είς
2600 3562 2927 3634 γλυκύτητα.
2974 3568 3039 3620 Ἡ
3083 3568 3140 3622 δὲ
3178 3569 3364 3640 θήλεια
3406 3567 3566 3639 φοῖνιξ
3603 3567 3811 3637 καθίησι

2274 3648 2399 3711 τοὺς
2448 3648 2675 3716 κλάδους
2718 3655 2876 3706 οἱονεὶ
2925 3657 3022 3727 τῆς
3082 3658 3397 3731 συμπλοκῆς
3438 3660 3683 3729 ἐφιεμένη
3731 3656 3817 3709 τοῦ

2274 3736 2527 3809 ἄρρενος·
2566 3743 2660 3794 καὶ
2701 3745 2749 3795 οἱ
2778 3746 3046 3817 γεωργοὶ,
3082 3748 3209 3812 τοὺς
3254 3748 3430 3819 ψῆνας
3473 3746 3565 3802 τοῦ
3611 3747 3824 3819 ἄρρενος

2271 3833 2383 3894 τοῖς
2413 3832 2627 3897 κλάδοις
2658 3835 3014 3905 ἐμϐάλλοντες
3046 3840 3236 3910 αὐτῆς,
3272 3841 3411 3912 πρὸς
3432 3841 3494 3895 τὸ
3523 3842 3712 3894 οἰκεῖον
3734 3837 3825 3907 τῆς

2269 3922 2556 3994 ὀρθότητος
2579 3927 2763 3998 σχῆμα
2792 3928 3116 4005 καθιστῶσιν
3153 3932 3338 4003 αὐτήν.
3377 3932 3443 3984 Ἦ
3462 3932 3519 3986 δὲ
3548 3928 3824 3999 συκάμινος

2270 4012 2366 4083 ὀψὲ
2397 4015 2495 4085 μὲν
2532 4015 2837 4085 βλαστάνει,
2877 4020 2977 4073 οὐκ
3030 4022 3244 4092 ὑστερεῖ
3289 4022 3347 4075 δὲ
3380 4022 3492 4076 τῶν
3541 4019 3709 4077 ἄλλων
3752 4018 3824 4080 εἰς

2270 4107 2652 4178 καρπογονίαν.
2680 4109 2743 4161 Ἦ
2765 4109 2821 4163 δὲ
2842 4109 3016 4174 ἐλαία,
3040 4112 3132 4165 καὶ
3159 4114 3191 4182 ἡ
3224 4112 3448 4184 φιλύρα,
3471 4113 3565 4166 καὶ
3592 4113 3626 4181 ἡ
3650 4107 3823 4175 λεύκην

2268 4200 2362 4251 καὶ
2387 4199 2582 4252 πτελέα
2608 4201 2895 4272 στρέφουσι
2929 4202 3066 4273 μετά
3096 4204 3302 4276 τροπὰς
3330 4203 3556 4277 θερινὰς
3576 4201 3645 4257 τὰ
3670 4200 3825 4272 φύλλα

2269 4290 2433 4345 ὕπτια
2454 4308 2466 4321 ·
2495 4293 2589 4345 καὶ
2621 4294 2678 4345 ἐν
2703 4292 2875 4366 τούτῳ
2903 4295 3099 4359 πάντες
3128 4293 3507 4366 γνωρίζουσιν,
3539 4295 3622 4348 ὃτι
3649 4292 3826 4365 τρσπιλι)⁸

2268 4384 2474 4455 θεριναὶ
2511 4386 2845 4457 γεγένηνται.
2883 4388 2994 4458 Τῆς
3031 4387 3089 4441 δὲ
3118 4388 3324 4460 ἡμέρου
3368 4388 3553 4459 συκῆς
3579 4387 3672 4441 τὸν
3712 4402 3830 4457 καρ-

2268 4476 2368 4529 πὸν
2415 4478 2710 4549 ἀρρευστον
2741 4480 2790 4531 οί
2826 4480 3050 4549 γηπόνοι
3092 4478 3233 4533 οὕτω
3281 4478 3686 4549 φυλάττουσιν·
3720 4477 3830 4538 τοὺς

2266 4568 2514 4632 ὀλύνθους
2545 4570 2643 4642 τῆς
2663 4571 2858 4643 ἀγρίας
2886 4574 3054 4644 συκῆς
3078 4572 3422 4637 ἐκδύσαντες,
3448 4573 3705 4628 ἄπτωτον
3730 4569 3833 4622 δια·-

2268 4661 2445 4733 μένειν
2490 4664 2982 4736 παρασκευάζουσι.
3029 4665 3102 4719 Τὸ
3146 4665 3253 4737 γὰρ
3295 4663 3446 4719 ἔνδον
3495 4664 3594 4718 τοῦ
3628 4661 3832 4716 ὀλύνθου

2264 4756 2508 4828 ὑπάρχον
2556 4756 2697 4820 ζῶον
2746 4758 3067 4829 μικρότατον
3092 4757 3169 4828 τῷ
3221 4756 3464 4828 πυθμένι
3499 4758 3601 4812 τοῦ
3642 4754 3833 4827 ἡμέρου

2267 4850 2520 4921 προσίζον
2576 4849 2737 4903 σύκου
2790 4850 2887 4923 τὴν
2943 4849 3138 4915 ἔξωθεν
3200 4845 3373 4922 αὖραν
3435 4848 3835 4923 περιπνέουσαν

2263 4943 2548 5014 ἀπείργει,
2604 4944 2739 5013 πρὸς
2791 4943 2851 4996 τὸ
2908 4943 2981 5014 μὴ
3032 4943 3172 5014 ἀηδῆ
3215 4942 3521 5014 γενόμενον
3573 4942 3640 4996 τὸ
3688 4938 3836 4994 σῦκον

2262 5037 2572 5089 ἀποπεσεῖν.
2640 5034 2854 5106 Ἐπειδὴ
2904 5036 2961 5088 δὲ
2998 5034 3203 5099 ἁπαλός
3257 5037 3374 5088 ἐστι
3433 5035 3546 5106 τῆς
3604 5034 3774 5103 συκῆς
3811 5031 3837 5081 ὁ

2262 5131 2491 5203 καρπὸς,
2537 5129 2699 5199 πάχει
2733 5128 2943 5198 φύλλων
2980 5129 3336 5182 κεκάλυπται·
3371 5129 3487 5199 τῆς
3522 5130 3587 5183 δὲ
3620 5125 3839 5199 καρύας,

2261 5220 2445 5292 ἐπειδὴ
2490 5220 2743 5289 τυγχάνει
2777 5218 3004 5291 στερρὰ,
3043 5217 3250 5289 ἐλαφρᾷ
3301 5215 3533 5286 φύλλων
3573 5213 3838 5290 προσϐολῇ

2262 5306 2540 5361 σκέπεται.
2570 5305 2670 5359 Διά
2707 5306 2770 5376 δὴ
2798 5306 2955 5358 τοῦτο
2982 5307 3076 5359 καὶ
3106 5306 3166 5358 τὸ
3197 5305 3395 5374 φύλλον
3446 5307 3554 5377 τῆς
3605 5303 3841 5378 ἀμπέλου

2259 5395 2521 5465 ἔσχισται,
2552 5396 2639 5448 ἴνα
2668 5396 2761 5449 καὶ
2790 5394 2890 5457 τὰς
2908 5397 2974 5447 ἐκ
2997 5393 3091 5447 τοῦ
3142 5395 3302 5465 ἀέρος
3356 5395 3609 5470 ἐκκλίνῃ
3654 5394 3842 5467 βλάϐας

2255 5490 2284 5542 ὀ
2333 5489 2542 5562 βότρυς,
2590 5488 2685 5542 καὶ
2731 5486 2829 5558 τὴν
2880 5487 3111 5559 ἡλιακὴν
3159 5486 3351 5539 ἀκτῖνα
3407 5489 3738 5561 εἰσδέχηται
3783 5486 3844 5552 τῇ

2255 5580 2555 5652 ἀραιότητι.
2578 5579 2761 5643 Οὕτως
2778 5578 2926 5634 οὐδὲν
2957 5577 3145 5651 ἀργὸν,
3168 5577 3302 5632 ἀλλά
3327 5578 3525 5635 πάντα
3555 5579 3849 5654 ἀπορρήτῳ
