4090 6288
317 353 418 409 717

1261 353 1528 411 SPURIA.
1562 384 1631 397 —
1663 350 2018 410 COMMENT.
2058 349 2126 406 IN
2166 349 2660 409 HEXAEMERON.

3439 363 3546 419 7l8

312 476 475 548 σοφίᾳ
507 475 537 530 6
566 473 700 541 Θεδς
749 475 1125 549 διεκόσμησεν.
1167 478 1262 532 Ἕν
1289 477 1397 550 7&9
1441 477 1615 550 ὕδωρ,
1664 475 1753 532 διά
1781 477 1868 548 τῆς

1979 483 2033 529 et
2062 474 2119 528 in
2147 474 2282 544 ipsis
2308 472 2557 529 dulcibus
2581 473 2871 540 fructibus,
2921 477 3060 532 mira
3081 486 3164 533 est
3195 478 3546 552 pinguedinis

312 567 469 640 ῥίζης
498 568 794 641 φερόμενον
825 570 858 642 ἢ
887 571 1195 642 ἐλκόμενον,
1234 570 1406 634 ἄλλως
1454 570 1551 641 μὲν
1593 569 1780 642 τρέφει
1813 570 1873 624 rb

312 659 581 730 στέλεχος,
609 659 783 724 ἄλλως
821 662 922 731 τὴν
957 661 1294 734 ἐντεριώνην,
1340 661 1514 726 ἄλλως
1537 661 1626 716 τὸν
1672 661 1871 731 φλοιὸν,

310 749 484 813 ἄλλως
509 749 570 803 rb
606 749 779 815 ξύλον,
803 750 977 814 ἄλλως
1001 749 1098 822 τὴν
1135 752 1287 823 ῥίζαν
1319 752 1486 823 αὑτήν
1505 769 1519 782 ·
1557 753 1652 808 καὶ
1679 755 1744 805 ἐκ
1775 753 1874 823 τῆς

312 843 480 912 αὐτῆς
500 842 701 906 νοτίδος
724 844 783 895 ἐν
814 842 912 913 μὲν
943 845 1006 914 τῇ
1039 843 1267 914 ἀμπέλῳ
1298 839 1439 907 οἶνος
1460 842 1790 908 συνίσταται,
1817 847 1875 899 ἐν

311 932 366 986 δὲ
398 936 462 1005 τῇ
489 933 643 1005 ἐλαίᾳ
671 932 865 999 ἔλαιον,
898 935 992 988 καὶ
1014 935 1071 988 ὲν
1098 934 1242 1005 ἄλλῳ
1281 934 1425 989 ἄλλο.
1471 935 1579 989 Καὶ
1608 937 1664 988 ἐν
1695 935 1876 998 αὐτοῖς

312 1026 421 1088 τοῖς
470 1023 691 1093 γλυκέσι
737 1027 969 1096 καρποῖς
1009 1024 1284 1096 ἀμύθητος
1327 1027 1359 1095 ὴ
1411 1024 1730 1095 παραλλαγὴ
1776 1026 1877 1096 τῆς

312 1115 562 1186 πιότητος
579 1132 593 1145 ο
626 1114 753 1169 ἄλλο
777 1114 884 1186 γὰρ
908 1115 969 1168 rb
998 1117 1055 1168 ἐν
1080 1116 1306 1187 ἀμπέλῳ
1326 1117 1517 1185 γλυκὺ,
1539 1116 1635 1170 καὶ
1664 1115 1789 1170 ἄλλο
1813 1118 1871 1173 ἐν

315 1207 509 1278 μηλέᾳ,
534 1207 629 1261 καὶ
657 1207 715 1260 ἐν
746 1210 884 1279 συκῇ
916 1210 1010 1262 καὶ
1036 1207 1114 1279 τῷ
1145 1208 1345 1279 φοίνικι
1367 1208 1570 1280 ἕτερον.
1597 1209 1708 1262 Kal
1733 1207 1871 1262 αὐτά

311 1296 371 1350 δέ
400 1297 508 1352 τῶν
554 1298 781 1371 δένδρων
810 1300 1037 1373 διάφορά
1068 1302 1182 1354 ἐστι
1222 1300 1290 1353 τά
1323 1301 1558 1372 δάκρυα’
1607 1299 1735 1354 ἀλλο
1761 1301 1869 1374 γὰρ

1977 569 2236 633 varietas,
2269 566 2415 622 aliud
2441 583 2678 638 namque
2726 569 2884 625 dulce
2913 578 2998 626 est
3027 571 3172 641 quod
3204 572 3259 626 in
3291 575 3404 629 vite
3441 590 3544 645 gu-

1980 669 2176 725 statur,
2205 660 2352 715 aliud
2375 660 2429 714 in
2448 675 2629 730 pomo,
2665 660 2812 715 aliud
2842 661 2899 716 in
2926 662 3052 725 ficu,
3080 663 3227 718 aliud
3258 664 3312 718 in
3335 666 3542 735 palma.

1972 751 2103 807 Item
2146 752 2308 807 variae
2334 760 2462 809 sunt
2482 759 2535 807 et
2565 755 2821 809 arborum
2853 754 3126 824 lacrymae,
3148 756 3350 810 etenim
3393 756 3544 812 aliud

1974 853 2060 901 est
2100 844 2315 900 lentisci
2370 844 2630 915 lacryma,
2690 844 2834 899 aliud
2894 844 3120 900 balsami
3178 860 3399 912 succus,
3447 847 3544 916 qui

1974 939 2215 994 omnium
2250 944 2647 1007 unguentorum
2671 938 3152 1006 praestantissimus
3178 948 3283 1006 est,
3311 938 3543 1008 ejusque

1977 1028 2120 1100 apud
2162 1028 2416 1084 Hiericho
2475 1028 2783 1099 largissima
2846 1028 3020 1099 capia.
3072 1028 3346 1100 Indigenis
3404 1030 3538 1086 illud

1977 1127 2138 1176 acuto
2161 1119 2334 1190 lapide
2361 1135 2428 1175 ex
2450 1119 2685 1174 surculis
2716 1120 3051 1187 secantibus,
3112 1134 3314 1176 succus
3345 1119 3532 1175 ellluit.

1977 1210 2224 1267 Tradunt
2256 1209 2476 1281 quidam
2507 1217 2562 1266 et
2593 1211 2875 1267 succinum
2905 1211 3210 1281 plantarum
3244 1226 3368 1268 esse
3409 1226 3537 1267 suc-

1977 1319 2125 1370 cum,
2158 1309 2251 1374 qul
2286 1303 2340 1357 in
2372 1310 2622 1356 naturam
2655 1301 2851 1372 lapidis
2875 1310 3214 1357 concrescat.

311 1386 413 1458 τῆς
441 1386 617 1458 σχίνου
649 1388 710 1442 rb
739 1389 990 1473 δάκρμον,
1033 1391 1127 1443 καὶ
1173 1390 1329 1454 ἄλλος
1378 1393 1406 1445 6
1450 1391 1547 1462 τῆς
1598 1390 1874 1462 βαλσάμου
1928 1392 2080 1458 ὀπὸς,
2114 1393 2251 1463 ὅπερ
2290 1391 2505 1445 πάντων
2549 1389 2656 1443 τῶν
2717 1390 2901 1462 μύρων
2948 1391 3182 1464 ὑπάρχει
3233 1394 3532 1462 κάλλιστον,

314 1484 408 1537 καὶ
439 1484 716 1549 πλεονάζει
766 1485 856 1538 ἐπὶ
882 1485 981 1556 τῆς
1014 1484 1221 1556 Ἰεριχὼ
1251 1488 1555 1558 γενόμενον.
1604 1488 1920 1558 Τεμνόντων
1943 1487 2000 1540 δὲ
2039 1488 2169 1542 αὐτὸ
2198 1491 2263 1543 ἐκ
2300 1486 2407 1540 τῶν
2467 1485 2684 1557 θάμνων
2729 1484 2858 1557 λίθῳ
2891 1484 3002 1550 ὀξεῖ
3047 1487 3156 1543 τῶν
3205 1490 3532 1562 ἐπιχωρίων,

310 1579 441 1642 όπὺς
485 1579 790 1650 ἀναποδοίη.
831 1579 1121 1652 Ἱστοροῦσι
1154 1581 1209 1635 δέ
1249 1598 1392 1645 τινες
1420 1582 1513 1635 καὶ
1545 1581 1606 1635 1b
1636 1582 1894 1653 ῆλεκτρον
1946 1583 2076 1637 όπδν
2134 1578 2272 1636 εἶναι
2315 1580 2533 1652 φυτῶν,
2581 1583 2658 1644 είς
2708 1580 2867 1649 φύσιν
2933 1580 3079 1635 λίθου
3111 1586 3532 1657 μεταπηγνύμε-

309 1689 420 1727 νον.

380 1763 434 1819 ιι.
474 1764 551 1836 Τῇ
588 1764 645 1817 δέ
671 1763 908 1839 τετάρτῃ
950 1764 1130 1838 ἡμέρᾳ
1167 1768 1197 1819 6
1224 1766 1356 1831 Θεὸς
1398 1765 1539 1834 τοὺς
1573 1766 1868 1837 μεγάλους

2046 1761 2099 1816 4.
2135 1758 2341 1827 Quarto
2363 1758 2450 1813 die
2472 1757 2615 1812 Deus
2641 1756 2745 1811 duo
2783 1757 3068 1812 luminaria
3100 1775 3293 1831 magna
3336 1768 3529 1823 creavit

308 1852 416 1907 δύο
445 1850 759 1922 φωστῆρας
785 1853 1277 1925 ἐδημιούργησεν,
1310 1853 1487 1923 ἥλιόν
1531 1871 1596 1907 τε
1632 1853 1732 1907 καὶ
1773 1869 1874 1906 σε-

306 1945 505 2013 λήνην
528 1945 597 1999 ἐν
621 1945 703 2012 τῷ
729 1945 1085 2015 στερεώματι
1108 1945 1213 1999 τοῦ
1237 1946 1514 2014 οὐρανοῦ,
1532 1948 1618 2011 εὶς
1646 1946 1874 2014 φαῦσιν

308 2039 405 2093 ἐπὶ
435 2037 547 2108 τῆς
578 2037 712 2110 γῆς,
743 2037 850 2093 τοῦ
877 2036 1235 2109 διαχωρίζειν
1267 2038 1572 2108 ἀναμέσων
1599 2036 1707 2107 τῆς
1729 2037 1870 2108 ἠμέ-

300 2148 417 2199 ρας
444 2131 542 2185 καί
573 2129 878 2202 ἀναμέσον
915 2130 1026 2199 τῆς
1060 2131 1295 2196 νυκτός.
1338 2129 1507 2184 Τοῦτο
1546 2127 1607 2183 rb
1651 2128 1872 2201 ἡλιακὸν

309 2224 444 2292 φῶς,
473 2224 654 2297 όχημα
705 2224 897 2294 ἐκείνῳ
954 2222 1032 2293 τῷ
1074 2222 1214 2292 φωτὶ
1252 2221 1329 2294 τῷ
1375 2221 1700 2294 πρωτογόνῳ
1738 2240 1874 2294 παρ-

307 2315 650 2372 εσκεύασται.
694 2316 783 2379 Ὠς
804 2314 912 2387 γὰρ
942 2314 1068 2369 ἀλλο
1096 2313 1154 2367 rb
1176 2313 1306 2384 πῦρ,
1338 2313 1430 2368 καὶ
1457 2316 1485 2367 ό
1503 2313 1691 2385 λύχνος
1712 2313 1867 2369 ἄλλο’

306 2407 369 2461 rb
397 2409 496 2479 μὲν
529 2407 636 2479 γὰρ
668 2408 765 2478 τὴν
787 2405 880 2460 τοῦ
906 2406 1158 2476 φωτίζειν
1194 2405 1418 2476 δύναμιν
1446 2405 1577 2477 ἔχει,
1603 2405 1666 2460 rb
1687 2405 1743 2460 δὲ
1772 2408 1871 2480 τὴν

306 2499 401 2553 τοῦ
433 2498 792 2569 παραφαίνειν
833 2500 945 2561 τοῖς
982 2495 1299 2568 χρῄζουσιψ
1332 2497 1426 2550 καὶ
1463 2497 1538 2561 ὡς
1586 2497 1772 2570 ἕτερόν
1817 2517 1870 2553 τι

306 2593 340 2660 ὴ
371 2588 648 2660 λευκότης,
680 2588 862 2659 ἕτερον
891 2588 950 2642 δὲ
983 2588 1046 2642 rb
1080 2588 1499 2661 λελευκασμένον
1527 2588 1704 2661 σῶμα,
1730 2590 1870 2643 οὕτω

310 2681 405 2736 καὶ
426 2679 598 2735 ταῦτα
626 2679 853 2751 διάφορα
877 2679 1005 2734 ὂντα
1031 2682 1097 2752 τῇ
1124 2680 1281 2750 φύσει
1304 2681 1535 2750 ἥνωνται
1558 2684 1622 2754 τῇ
1648 2682 1870 2753 δυνάμει

306 2773 401 2829 τοῦ
424 2772 721 2836 κτίσαντος.
739 2772 846 2826 Kal
874 2772 1059 2844 μηδεὶς
1081 2773 1278 2847 νομίσῃ
1291 2775 1484 2827 ταυτὸν
1505 2773 1716 2845 ἡμέραν
1731 2770 1869 2828 εἶναι

308 2869 403 2922 καὶ
426 2866 593 2938 ἥλιον.
619 2865 840 2938 Πρῶτον
865 2864 963 2936 μὲν
987 2864 1095 2936 γὰρ
1120 2867 1149 2919 ὁ
1172 2866 1498 2937 δημιουργὸς
1524 2864 1727 2920 ἁπλοῦν
1755 2866 1869 2936 φῶς

306 2958 727 3023 κατεσκεύασεν,
758 2958 785 3011 ὂ
808 2959 870 3030 δὴ
904 2960 1000 3014 καὶ
1023 2957 1233 3030 ἡμέραν
1256 2957 1532 3022 ἐκάλεσεν,
1560 2957 1750 3012 ἔπειτα
1774 2957 1867 3010 τὸν

304 3051 456 3123 ἥλιον
490 3053 553 3105 ἐκ
580 3050 672 3104 τοῦ
699 3051 868 3124 πυρὸς
893 3051 988 3104 καὶ
1026 3049 1202 3119 φωτὸς
1232 3049 1603 3119 συγκείμενον.
1643 3050 1729 3113 Ὠς
1758 3049 1867 3120 7&9

1972 1849 2134 1905 solem
2178 1859 2225 1904 et
2252 1850 2431 1903 lunam
2458 1850 2513 1902 in
2548 1850 2878 1918 ﬁrmamento
2910 1850 3044 1914 cali,
3085 1861 3142 1904 ut
3186 1853 3413 1912 lacerent
3442 1877 3535 1916 su-

1969 1959 2062 2013 per
2094 1951 2290 1996 terram
2341 1939 2410 1993 ad
2455 1939 2787 1994 dividendum
2825 1941 2962 1995 diem
3001 1950 3049 1995 et
3084 1950 3283 1997 noctem
3306 1946 3370 2000 ³³.
3416 1947 3532 2006 Hoc

1971 2034 2104 2090 solis
2127 2034 2313 2088 lumen
2346 2032 2595 2102 utprimo
2624 2032 2702 2086 illi
2753 2042 2881 2087 nato
2905 2033 3095 2087 lumini
3123 2038 3280 2105 quasi
3315 2040 3532 2097 vehicu-

1970 2128 2081 2183 lum
2108 2125 2426 2190 deserviret,
2454 2124 2762 2180 ordinatum
2801 2131 2904 2181 est.
2932 2124 3142 2180 Etenim
3184 2130 3353 2186 veluti
3383 2133 3533 2189 aliud

1969 2225 2054 2275 est
2086 2217 2249 2287 ignis,
2272 2223 2328 2270 et
2369 2217 2588 2270 lucerna
2611 2214 2778 2281 aliud,
2802 2214 2891 2271 hic
2908 2216 3053 2271 enim
3085 2218 3192 2273 vim
3211 2218 3370 2275 habet
3404 2222 3531 2278 illu-

1968 2306 2237 2371 minandi,
2269 2306 2360 2361 illa
2378 2305 2661 2375 egentibus
2684 2305 2865 2360 lumen
2887 2304 3205 2377 praeferendi
3228 2326 3242 2376 ;
3267 2317 3321 2364 et
3345 2327 3536 2380 quem-

1970 2399 2258 2456 admodum
2287 2397 2433 2452 aliud
2464 2406 2548 2452 est
2579 2396 2785 2451 candor
2843 2406 2897 2453 et
2929 2399 3076 2454 aliud
3110 2414 3312 2471 corpus
3354 2403 3533 2459 candi-

1969 2496 2119 2559 dum,
2139 2496 2219 2552 sic
2246 2503 2301 2550 et
2325 2494 2462 2557 haec,
2488 2495 2735 2564 quamvis
2763 2492 2991 2548 diversae
3019 2503 3227 2549 naturae
3257 2494 3532 2555 Creatoris

1969 2588 2200 2644 facultas
2215 2588 2271 2649 in
2287 2602 2455 2642 unum
2476 2586 2723 2657 copulata
2744 2585 3047 2654 conjunxit.
3072 2584 3139 2640 Et
3151 2601 3282 2642 cave
3292 2603 3361 2643 ne
3377 2599 3532 2659 putes

1968 2682 2114 2737 idem
2137 2696 2261 2737 esse
2305 2679 2448 2735 diem
2505 2687 2561 2734 et
2608 2677 2799 2733 solem.
2857 2675 3102 2732 Primum
3161 2678 3306 2733 enim
3340 2678 3534 2750 Opifex

1969 2773 2199 2844 simplex
2253 2773 2436 2828 lumen
2492 2769 2755 2833 condidit,
2809 2768 2953 2839 quod
3007 2776 3062 2825 et
3110 2768 3251 2825 diem
3296 2772 3529 2836 vocavit,

1968 2865 2226 2935 deinceps
2273 2864 2444 2920 solem
2504 2877 2570 2919 ex
2625 2861 2830 2916 lumine
2868 2861 3047 2930 ignem
3083 2875 3204 2929 quae
3257 2862 3532 2919 conﬂavit.

1968 2954 2435 3024 Quemadmodum
2464 2942 2617 3011 enim‘
2631 2960 2831 3009 terram
2870 2952 3043 3022 ipsam
3078 2952 3133 3007 in
3192 2968 3294 3010 suo
3325 2956 3534 3026 gremio

1967 3045 2144 3118 ignem
2176 3045 2379 3102 factum
2410 3045 2680 3101 foventem
2726 3045 3023 3111 cernimus,
3060 3044 3134 3098 ita
3158 3053 3213 3101 et
3242 3046 3410 3102 solem
3444 3048 3533 3103 lu-

303 3141 401 3212 τὴν
437 3142 540 3212 γῆν
580 3141 790 3213 ὁρῶμεν
817 3141 928 3214 πῦρ
975 3144 1033 3195 ἐν
1062 3143 1173 3205 τοῖς
1219 3140 1458 3212 στέρνοις
1505 3142 1687 3205 αὐτοῖς
1713 3141 1866 3214 δεδη⁶

1969 3154 2095 3195 men
2129 3146 2453 3210 gestantem.
2479 3136 2614 3193 Cum
2644 3137 2789 3191 enim
2850 3136 3032 3192 lumen
3084 3144 3138 3192 et
3193 3138 3333 3209 ignis
3368 3140 3532 3197 simul

308 3251 536 3306 μιουργη
544 3234 702 3304 μένον
717 3233 964 3305 ἔχουσαν,
981 3234 1120 3287 οὕτω
1137 3234 1230 3287 καὶ
1250 3234 1339 3287 τὸν
1355 3233 1503 3305 ἥλιον
1519 3233 1633 3304 φῶς
1654 3233 1864 3306 ἔχοντα⁹

303 3328 420 3396 φῶς
451 3327 557 3400 7&9
597 3326 846 3381 συνελθὸν
878 3326 1016 3397 μετὰ
1045 3326 1215 3397 πυρὸς
1241 3325 1333 3380 τὸν
1363 3326 1655 3397 φανότατον
1678 3327 1866 3398 ἐποίη-

305 3435 396 3471 σεν
421 3417 589 3489 ἣλιον.
630 3417 765 3471 Ἀλλ’
796 3416 925 3481 ίσως
957 3418 1174 3488 ἀντερεῖ
1210 3431 1322 3480 τιςο
1364 3416 1476 3470 Kal
1518 3416 1679 3470 πόθεν
1711 3415 1868 3470 τοῦτο

301 3509 477 3581 δῆλον,
521 3510 584 3563 οὐ
631 3508 964 3581 βλεπομένης
1011 3510 1110 3578 τῆς
1141 3509 1487 3580 διαιρέσεως;
1531 3511 1629 3581 οὐχ
1672 3511 1867 3583 ὁρᾶται

303 3602 411 3674 γάρ
442 3601 586 3665 ἰδίως
622 3601 716 3672 μέν
746 3602 808 3655 τὸ
853 3600 986 3670 φῶς,
1025 3602 1168 3665 ἰδίως
1196 3601 1252 3654 δὲ
1295 3602 1357 3656 rb
1410 3602 1540 3674 πῦρ.
1584 3602 1744 3657 Ἀλλά
1784 3620 1870 3672 γι-

304 3692 561 3746 νωσκέτω
583 3693 611 3744 ό
640 3692 899 3755 τοιοῦτος,
934 3693 1077 3746 πόσα
1106 3693 1167 3746 rb
1198 3692 1309 3766 πῦρ
1343 3695 1400 3747 ἐν
1420 3693 1599 3765 ἐαυτῷ
1630 3694 1868 3767 προϐάλ-

305 3782 475 3848 λεται,
506 3781 701 3852 αὐγὴν,
743 3779 1077 3852 θερμότητα,
1120 3780 1415 3852 ξανθότητα
1436 3825 1448 3848 ,
1481 3782 1637 3836 ἂτινα
1665 3785 1865 3838 πανσό-

306 3888 420 3939 φως
443 3871 472 3923 ὁ
496 3870 741 3941 τεχνίτης
772 3869 1100 3940 διαμερίζων
1117 3910 1132 3935 ,
1170 3871 1498 3941 ὑπεμφαίνει
1540 3871 1744 3926 τούτων
1769 3873 1866 3944 τὴν

309 3963 571 4017 σύνθεσιν.
601 3963 728 4015 Ὅτε
754 3962 863 4034 7&9
888 3961 1028 4015 θέλει
1051 3961 1314 4044 θερμᾶναι
1335 3965 1395 4017 rb
1418 3965 1573 4031 ζῶον,
1603 3965 1866 4036 λαμϐάνει

304 4052 399 4107 τοῦ
431 4055 599 4126 πυρὸς
621 4053 679 4107 rb
707 4052 924 4126 θερμὸν,
960 4055 1054 4108 καὶ
1083 4055 1144 4107 τὸ
1168 4054 1265 4125 μὲν
1291 4054 1489 4126 θερμὸν
1517 4056 1628 4127 ἔχει
1653 4056 1865 4121 τούτου,

302 4145 365 4200 rb
405 4144 462 4199 δὲ
507 4144 622 4215 φῶς
660 4147 759 4200 οὐκ
800 4145 932 4216 ἔχει.
972 4145 1110 4199 Ἀλλ’
1142 4146 1404 4218 ἐμερίσθη
1437 4149 1495 4201 ἐν
1540 4148 1618 4219 τῷ
1665 4147 1789 4219 ζὼῳ
1830 4153 1863 4221 ἡ

306 4237 482 4309 θέρμη
525 4238 631 4291 ἀπὸ
659 4235 752 4292 τοῦ
793 4237 1048 4307 φέγγους,
1082 4236 1241 4290 πάλιν
1268 4236 1532 4310 λαμϐάνει
1562 4239 1623 4292 τὸ
1656 4238 1864 4306 ξανθόν.

305 4330 416 4384 Kal
452 4328 664 4401 ὁρῶμέν
700 4346 781 4383 τοι
804 4328 867 4382 rb
905 4328 1111 4394 ξανθὸν,
1146 4330 1328 4383 οὐκέτι
1357 4330 1415 4384 δὲ
1445 4332 1507 4384 rb
1552 4329 1751 4404 θερμὸν
1776 4333 1869 4387 καὶ

306 4424 513 4492 φαῖνον.
543 4423 651 4475 Kal
678 4420 840 4475 πάλιν
870 4420 1192 4493 ἀπομερίζει
1242 4422 1341 4492 τὴν
1371 4421 1577 4495 θέρμην
1600 4464 1615 4489 ,
1660 4426 1753 4478 καὶ
1786 4424 1868 4478 δί-

1970 3232 2026 3285 in
2086 3245 2253 3285 unum
2288 3228 2710 3290 convenissent,
2763 3225 3244 3296 splendidissimus
3294 3228 3374 3283 sol
3405 3244 3531 3298 pro-

1969 3323 2168 3379 ductus
2201 3328 2305 3378 est.
2334 3319 2444 3375 Sed
2465 3318 2698 3374 fortasse
2727 3317 2925 3388 aliquis
2948 3318 3284 3373 contradicet
3310 3338 3322 3372 :
3356 3318 3534 3375 Unde-

1968 3430 2095 3470 nam
2123 3415 2228 3470 hoc
2257 3412 2607 3467 manifestum
2647 3417 2752 3477 est,
2784 3424 2908 3464 cum
2931 3411 3082 3465 nulla
3134 3410 3383 3465 videatur
3441 3410 3527 3465 dio

1967 3510 2148 3576 visi‘o;
2224 3522 2402 3578 neque
2481 3505 2625 3561 enim
2682 3504 2865 3560 lumen
2924 3503 2993 3558 ab
3066 3504 3189 3573 igne
3238 3503 3530 3573 separatim

1972 3602 2332 3674 perscriptum
2387 3612 2565 3668 neque
2619 3598 2799 3667 ignem
2857 3610 2888 3650 a
2946 3595 3150 3651 lumine
3222 3595 3530 3666 sejunctum

1967 3694 2353 3765 conspiclmus.
2432 3688 2634 3744 Verum
2683 3690 2732 3743 is
2795 3688 2935 3742 sciat
2993 3702 3236 3758 quaenam
3282 3689 3422 3759 ignis
3473 3690 3531 3744 in

1967 3790 2261 3860 semetipso
2322 3785 2637 3852 contineat,
2685 3783 3027 3854 splendidum
3103 3785 3349 3852 scilicet,
3399 3784 3534 3841 cali-

1967 3883 2116 3949 dum,
2146 3880 2368 3945 ﬂavum,
2388 3892 2510 3948 qua:
2538 3876 2941 3948 sapientissime
2956 3873 3150 3931 artifex
3174 3877 3530 3944 secernendo,

1966 3987 2153 4029 eorum
2186 3968 2637 4041 compositionem
2688 3965 3021 4023 manifestat.
3051 3966 3188 4023 Cum
3236 3970 3382 4025 enim
3413 3972 3533 4026 ani-

1965 4064 2095 4118 mali
2121 4063 2358 4118 calorem
2391 4060 2578 4116 indere
2607 4059 2779 4129 cupit,
2809 4058 2950 4129 ignis
2976 4059 3214 4114 calorem
3250 4062 3438 4126 sumit,
3477 4068 3533 4118 et

1968 4156 2204 4211 calorem
2242 4154 2408 4218 illius,
2451 4168 2563 4207 non
2607 4160 2786 4206 tamen
2822 4152 3004 4206 lumen
3047 4153 3309 4222 possidet.
3344 4152 3450 4208 Sed
3475 4152 3533 4209 in

1968 4247 2190 4303 animali
2238 4246 2388 4301 calor
2422 4242 2684 4298 alumine
2711 4243 3050 4314 sejungitur,
3109 4259 3302 4299 rursus
3330 4243 3531 4300 flavum

1969 4341 2216 4412 suscipit,
2251 4348 2307 4395 et
2350 4339 2548 4394 ﬂavum
2605 4338 2860 4408 quidem,
2900 4354 3009 4393 non
3071 4346 3250 4393 autem
3293 4337 3531 4393 calidum

1968 4432 2417 4505 splendidumque
2457 4430 2725 4485 videmus.
2768 4429 2968 4485 lterum
3004 4430 3188 4485 calore
3227 4438 3529 4500 segregate,

302 4515 432 4567 δωσι
464 4513 631 4586 μόνην
663 4514 763 4585 τὴν
801 4513 992 4585 αὐγὴν,
1024 4508 1133 4568 οἷον
1160 4513 1235 4578 ὡς
1279 4514 1424 4569 ἔστιν
1466 4515 1593 4569 ἰδεῖν
1636 4516 1728 4569 ἐπὶ
1765 4518 1862 4587 τῆς

1969 4526 2307 4598 splendorem
2340 4534 2551 4580 tantum
2581 4524 2825 4586 exhibet,
2880 4528 2940 4577 ut
2978 4522 3165 4578 videre
3219 4532 3304 4578 est
3346 4523 3402 4576 in
3430 4521 3532 4578 fulo

304 4604 620 4678 ἀστραπῆς,
671 4605 749 4658 ὅτι
799 4602 1150 4674 ἐκλάμπουσα
1197 4605 1353 4676 μόνον
1383 4604 1631 4675 φωτίζει,
1660 4607 1722 4659 οὐ
1757 4605 1862 4676 μὴν

300 4696 360 4750 δὲ
387 4696 479 4750 καὶ
508 4695 808 4768 θερμαίνει.
838 4698 910 4750 Τὸ
936 4698 979 4751 δ’
1006 4697 1135 4752 αὐτὸ
1155 4696 1499 4769 παράδειγμα
1527 4699 1621 4752 καὶ
1647 4699 1739 4752 ἐπὶ
1763 4698 1864 4769 τῆς

306 4790 532 4863 σελήνης
579 4789 900 4862 καθέστηκε.
947 4790 1057 4844 Kal
1099 4789 1208 4863 7&9
1251 4789 1389 4861 αῦτη
1425 4791 1529 4844 ὑπὸ
1575 4790 1668 4844 τοῦ
1711 4791 1862 4863 ἡλίου

306 4880 645 4952 φωτιζομένη
692 4881 1038 4954 φανερωτέρα
1087 4880 1330 4950 γίνεται,
1379 4880 1564 4953 ὥσπερ
1614 4882 1716 4935 ὑπὸ
1765 4883 1864 4952 τῆς

302 4974 516 5047 ἡμέρας
546 4976 574 5027 ὁ
619 4974 785 5046 ἥλιος.
822 4973 1032 5046 Τὸ.γάρ
1073 4976 1171 5045 τῆς
1222 4973 1446 5045 σελήνης
1477 4970 1617 5037 εἶδος
1663 4975 1864 5046 ἀνθρα-

303 5067 510 5131 κοειδὲς
538 5067 815 5139 τυγχάνει,
847 5068 920 5130 ὡς
945 5067 1088 5121 ἔστιν
1135 5065 1260 5118 ίδεῖν
1293 5067 1385 5119 ἐπὶ
1412 5066 1509 5138 τῆς
1539 5065 1828 5137 ἐκλείψεως
1847 5084 1862 5099 °

305 5163 527 5233 ἀπάρας
570 5161 678 5232 7&9
728 5161 821 5213 ἀπ’
864 5160 1034 5230 αὐτῆς
1056 5161 1132 5215 .rb
1177 5162 1372 5215 οἰκεῖον
1414 5158 1615 5229 φέγγος
1641 5161 1670 5212 6
1717 5158 1865 5230 ἥλιος

304 5252 561 5324 ἀμαυρὰν
590 5252 756 5323 αὐτὴν
802 5251 1118 5321 καθίστησι’
1150 5248 1395 5321 φωτίζων
1417 5250 1474 5303 δὲ
1501 5249 1666 5321 αὐτὴν
1686 5289 1700 5311 ,
1733 5250 1871 5322 πλη-

308 5346 477 5416 σιφαῆ
539 5344 925 5415 ἀπεργάζεται.
1000 5342 1313 5413 Ἑνδυομένη
1367 5340 1475 5413 γάρ
1510 5358 1626 5404 πως
1695 5341 1753 5395 τὺ
1804 5343 1868 5416 ή-

305 5437 490 5492 λιακὸν
545 5435 660 5506 φῶς
704 5435 1028 5507 φαιδροτέρα
1078 5431 1424 5487 καθίσταται*
1465 5431 1556 5484 τὸν
1604 5431 1764 5486 αὐτὸν
1801 5432 1866 5504 δὴ

299 5528 502 5599 τρόπον
526 5527 620 5581 καὶ
649 5529 677 5580 ὁ
706 5526 855 5598 ἣλιος
878 5567 893 5591 ,
931 5526 1032 5598 τῆς
1059 5526 1268 5597 ἡμέρας
1297 5524 1359 5578 rb
1385 5519 1500 5595 φῶς
1532 5525 1863 5596 ἐνδυόμενος,

301 5616 676 5692 λαμπρότερος
725 5618 1010 5692 τυγχάνει,
1057 5618 1155 5689 τῆς
1206 5617 1417 5688 ἡμέρας
1469 5617 1681 5693 ἐκείνης
1729 5617 1864 5692 μήτε

377 5794 417 5829 ¹¹
453 5795 580 5854 Gen.
620 5814 657 5861 ι.
693 5796 775 5854 16.

1202 5868 1309 5936 Mf?
1348 5930 1353 5933 .
1416 5932 1426 5937 -
1444 5884 1501 5941 τί

1969 4618 2137 4682 mine,
2163 4616 2305 4688 quod
2330 4616 2420 4672 ubi
2434 4613 2785 4671 scintillando
2802 4611 3066 4682 eruperit,
3094 4618 3305 4666 tantum
3323 4611 3528 4676 lumen,

1966 4716 2282 4764 nonautem
2307 4708 2545 4764 calorem
2598 4705 2890 4778 progignit.
2941 4703 3141 4758 Eodem
3195 4705 3444 4775 exemplo
3470 4714 3557 4760 et.

1966 4803 2022 4857 in
2061 4802 2189 4857 luna
2229 4800 2640 4856 demonstratur
2669 4798 2724 4853 id
2782 4797 2926 4868 quod
2980 4795 3215 4852 dicimus
3259 4796 3532 4867 ejusmodi

1967 4907 2107 4948 esse.
2139 4890 2265 4947 H120
2299 4892 2498 4962 quippe
2541 4890 2673 4947 solis
2724 4890 2930 4945 lumine
2983 4891 3297 4945 collustrata
3332 4892 3530 4949 clarior

1968 4984 2071 5052 fit,
2105 4983 2556 5055 quemadmodum
2605 4989 2660 5038 et
2713 4980 2917 5037 lumine
2973 4982 3081 5040 diei
3130 4983 3230 5039 sol.
3261 4983 3439 5053 Aspec
3459 5007 3549 5046 .us

1967 5077 2114 5133 enim
2135 5076 2278 5141 lunae
2315 5074 2509 5131 similis
2553 5080 2638 5129 est
2682 5074 2904 5129 carboni
2930 5114 2945 5137 ,
2971 5082 3032 5128 ut
3072 5073 3126 5128 in
3161 5073 3282 5143 ejus
3312 5074 3545 5134 defectu

1967 5167 2151 5224 videre
2171 5173 2254 5222 est
2288 5181 2301 5217 :
2335 5180 2459 5219 nam
2491 5164 2570 5219 sol
2591 5164 2685 5219 ubi
2714 5164 2782 5218 ab
2807 5179 2871 5219 ea
2891 5165 3168 5235 proprium
3200 5166 3381 5222 lumen
3427 5170 3550 5224 sub-

1967 5258 2220 5322 traxerit,
2267 5271 2387 5312 eam
2435 5256 2736 5324 obscurat;
2790 5257 2882 5311 ubi
2920 5257 3207 5313 illustrarit
3232 5265 3403 5313 totum
3452 5276 3547 5315 or-

1967 5351 2088 5405 bem
2117 5346 2410 5418 implendo,
2472 5346 2742 5401 accendit.
2808 5347 3042 5404 lnduens
3098 5364 3332 5418 namque
3378 5350 3549 5420 ἠιθ-

1967 5440 2256 5497 dammodo
2286 5439 2421 5494 solis
2455 5437 2659 5496 lumen.
2685 5438 3023 5509 splendidior
3053 5438 3112 5493 fit
3138 5456 3154 5505 ;
3179 5454 3288 5493 non
3308 5439 3417 5494 alia
3449 5456 3549 5495 ra~

1968 5536 2136 5597 tione,
2168 5540 2221 5587 et
2250 5533 2331 5585 sol
2364 5531 2547 5585 lumen
2610 5530 2717 5586 diei
2767 5532 3160 5602 circumseptus
3192 5530 3396 5585 clarior
3459 5542 3546 5591 est

1968 5636 2023 5683 ct
2052 5624 2340 5691 illustrior,
2363 5622 2452 5680 die
2502 5622 2595 5679 illa
2629 5638 2805 5695 neque
2853 5633 3064 5691 urente,
3117 5637 3293 5693 neque
3321 5623 3541 5698 τευθίς..
