4090 6288
513 372 618 428 719

1378 361 1436 415 S.
1477 350 1918 414 EUSTATHIUS
1957 345 2444 404 ANTIOCHENUS
2482 346 2877 403 EPISCOPUS.

3648 346 3769 401 720

513 496 709 559 ciente,
741 492 835 549 sed
865 498 1072 545 tantum
1123 485 1484 540 illuminante.
1545 480 1728 536 Solem
1785 485 1965 530 autem
2014 490 2080 528 ex

2204 469 2365 541 νύσης.
2405 472 2537 541 μήτε
2577 470 2738 524 πάλιν
2766 468 3183 541 θερμαινούσης,
3218 468 3353 525 ἀλλὰ
3382 471 3540 542 μόνον
3580 484 3767 539 φωτι-

513 591 640 660 igne
659 584 936 648 constitui,
969 579 1100 635 illud
1159 586 1478 651 argumento
1529 582 1613 630 est
1646 570 1792 644 quod
1825 569 2081 625 incendat

515 689 570 738 ci
596 686 820 735 torreat.

583 773 666 827 Αιι
692 768 1027 826 dividendum
1072 765 1211 820 diem
1274 773 1324 819 et
1377 770 1597 823 noctem,
1662 758 1821 829 quasi
1854 756 2079 820 diceret,

516 867 685 923 solem
710 862 816 918 diei
857 859 1131 925 terminis,
1176 858 1361 911 lunam
1411 852 1590 908 noctis
1618 850 1869 914 inclusit;
1908 861 2085 916 neque

517 954 664 1011 aliud
687 961 771 1010 est
792 966 902 1007 nox
930 964 1093 1021 quam
1126 957 1286 1003 terrae
1320 945 1533 1007 umbra,
1576 941 1708 997 solis
1733 939 1917 995 radios
1939 945 2083 993 terra

517 1047 846 1119 interpositu
879 1059 979 1100 suo
1023 1041 1324 1098 auferente.
1381 1036 1619 1119 Utenim
1650 1037 1705 1090 in
1733 1035 1839 1098 die,
1874 1033 1925 1089 si
1962 1030 2087 1101 quis

516 1116 699 1196 lumen
729 1136 1079 1200 intercludat,
1112 1134 1307 1190 umbra
1325 1116 1623 1188 effunditur
1646 1130 1938 1197 lumenque
1960 1139 2088 1180 eva-

516 1232 709 1298 nescit,
740 1229 822 1284 sic
844 1236 899 1283 et
918 1241 1025 1282 nox
1056 1241 1183 1281 aere
1213 1227 1361 1279 circa
1393 1231 1595 1278 terram
1617 1219 1861 1275 tenebris
1917 1217 2082 1271 obvo-

519 1327 655 1388 luto,
691 1318 1068 1383 constituitur,
1124 1325 1178 1373 et
1210 1317 1291 1372 sol
1346 1313 1491 1385 quod
1516 1329 1547 1367 a
1594 1312 1773 1383 primo
1804 1324 1918 1366 suae
1935 1322 2091 1364 crea»

520 1417 690 1474 tionis
708 1413 935 1471 exordio
958 1413 1143 1467 lumen
1173 1425 1204 1464 a
1253 1409 1513 1464 Cceatore
1540 1404 1771 1475 accepit,
1808 1403 1862 1457 in
1890 1407 2091 1457 semet-

520 1513 640 1583 ipso
670 1507 934 1564 continuo
965 1510 1257 1559 conservat
1282 1500 1547 1562 abditum,
1582 1495 1729 1567 quod
1757 1496 1900 1549 lunae
1923 1493 2091 1548 dene«

523 1610 708 1675 gatum
738 1608 841 1664 est,
871 1612 993 1669 quze
1017 1595 1147 1659 illud
1168 1608 1310 1665 sarpe
1331 1586 1628 1647 crescendo
1649 1595 1705 1641 et
1727 1582 2092 1642 decrescendo

526 1696 744 1753 amittit.

602 1788 669 1842 Et
701 1788 806 1842 sint
835 1785 891 1840 in
928 1784 1080 1854 signa
1128 1789 1177 1834 et
1207 1781 1264 1833 in
1311 1788 1563 1846 tempora,
1617 1784 1665 1829 et
1696 1775 1749 1828 in
1795 1771 1931 1834 dies,
1963 1777 2012 1823 et
2041 1769 2094 1822 in

2181 563 2396 634 ζούσης.
2431 566 2551 617 Ὅτι
2580 563 2636 618 δὲ
2675 566 2737 617 ὲκ
2770 564 2940 635 πυρὸς
2965 560 3291 635 συνέστηκεν
3317 566 3346 617 ό
3384 562 3556 635 ἡλιος,
3594 561 3768 633 δῆλον

2180 658 2245 710 ὲκ
2266 657 2360 710 τοῦ
2396 656 2623 729 πυροῦν,
2660 656 2754 710 καὶ
2777 655 3013 724 φλέγειν.

2259 751 2370 804 Τοῦ
2427 750 2788 820 διαχειρίζειν
2836 749 3145 819 ἀναμέσον
3200 747 3310 817 τῆς
3363 746 3587 818 ἡμέρας
3656 747 3766 801 καὶ

2181 843 2488 911 ἀναμέσον
2519 841 2629 910 τῆς
2654 843 2893 908 νυκτός.
2922 839 3046 895 Οἷον
3093 841 3182 895 τὸν
3223 841 3372 911 ἥλιον
3405 841 3503 912 τῆς
3539 839 3767 912 ἡμέρας

2183 935 2293 995 τοῖς
2325 932 2546 1005 μέτροις
2594 931 2782 997 ἔταξε,
2837 933 2931 986 καὶ
2978 932 3075 1003 τὴν
3124 931 3350 1003 σελήνην
3399 931 3499 1002 τῆς
3538 931 3765 992 νυκτός.

2188 1026 2342 1078 Ἔστι
2372 1025 2428 1078 δὲ
2461 1027 2493 1095 ἡ
2542 1023 2637 1089 νὺξ
2671 1025 2909 1096 σκίασμα
2953 1026 3052 1095 τῆς
3082 1025 3214 1094 γῆς,
3272 1024 3763 1095 ἀποκρυπτομένου

2185 1116 2279 1170 τοῦ
2323 1116 2494 1187 ἡλίου.
2535 1116 2621 1180 Ὡς
2658 1117 2766 1188 γὰρ
2807 1118 2864 1169 έν
2919 1118 2986 1187 τῇ
3032 1116 3250 1187 ἡμέρᾳ,
3301 1114 3765 1187 ἀντιφράσσοντός

2187 1226 2350 1274 τινος,
2381 1207 2508 1262 σκιὰ
2531 1211 2757 1277 γίνεται,
2778 1209 2872 1262 ml.
2896 1208 2959 1261 τὺ
2982 1207 3097 1277 φῶς
3121 1207 3524 1277 παρυφίσταται
3543 1223 3557 1237 ’
3585 1207 3766 1268 οὕτως

2189 1303 2223 1373 ἡ
2262 1302 2378 1368 νὺξ,
2420 1301 2773 1373 σκιαζομένου
2811 1300 2903 1354 τοῦ
2933 1299 3095 1371 ἀέρος
3131 1299 3224 1352 τοῦ
3274 1299 3402 1373 περὶ
3448 1301 3551 1371 γῆν
3574 1340 3588 1365 ,
3634 1316 3764 1353 συν-

2194 1395 2419 1450 ίσταται,
2449 1397 2559 1449 Καὶ
2589 1398 2617 1449 ὁ
2649 1395 2746 1466 μὲν
2772 1395 2942 1466 ἥλιος,
2975 1395 3146 1468 ὅσπερ
3178 1394 3238 1460 ἐξ
3259 1395 3431 1467 ἀρχῆς
3460 1394 3576 1464 φῶς
3609 1396 3767 1466 παρὰ

2190 1485 2284 1540 τοῦ
2319 1485 2541 1559 ποιητοῦ
2570 1486 2778 1557 εἴληφε,
2797 1485 2953 1540 τοῦτο
2982 1485 3200 1557 ἐχειδιὰ
3230 1486 3427 1549 παντὸς
3449 1488 3765 1558 ἐγκεκρυμ-

2197 1581 2355 1651 μένον
2381 1583 2440 1635 ὲν
2481 1580 2659 1652 ἑαυτῷ
2679 1598 2693 1611 ·
2723 1582 2758 1651 ἡ
2799 1581 2855 1634 δὲ
2885 1580 3081 1652 σελήνη
3103 1580 3202 1650 οὐχ
3234 1578 3424 1644 οὕτως,
3460 1577 3596 1632 ἀλλὰ
3639 1595 3769 1633 συν-

2195 1671 2334 1744 εχῶς
2356 1673 2667 1738 ἀποδύεται,
2695 1671 2950 1737 αὔξουσα,
2983 1672 3078 1726 καὶ¹
3111 1671 3423 1743 μειουμένη.

2271 1768 2592 1821 Ἔστωσαν
2616 1764 2684 1818 δὲ
2719 1767 2809 1831 είς
2849 1764 3083 1835 σημεῖα,
3122 1763 3221 1817 καί
3253 1765 3340 1829 εὶς
3365 1761 3628 1831 καιροὺς,
3667 1761 3769 1815 καὶ

529 1899 694 1938 annos
726 1882 792 1935 “.
820 1875 1102 1945 Temporis
1149 1873 1228 1928 sol
1261 1878 1314 1926 et
1352 1871 1477 1923 luna
1503 1869 1658 1938 origo
1684 1871 1834 1920 sunt.
1884 1861 2096 1917 Etenim

2204 1861 2289 1925 είς
2313 1858 2557 1929 ἡμέρας,
2588 1859 2687 1912 καὶ
2716 1861 2804 1926 είς
2830 1858 3161 1923 ἐνιαυτούς.
3192 1854 3395 1927 Χρόνον
3423 1854 3478 1908 δὲ
3498 1854 3649 1925 ἡλιος
3674 1853 3775 1908 καὶ

529 1977 659 2031 dum
713 1986 911 2028 cursus
954 1968 1206 2023 ordinate
1261 1963 1527 2023 feruntur,
1569 1966 1748 2015 certos
1794 1965 2099 2025 temporum

530 2065 709 2121 exitus
760 2059 1018 2121 efﬁciunt,
1054 2063 1389 2123 vocaturque
1431 2059 1649 2121 tempus
1675 2046 1895 2118 quando
1931 2043 2100 2098 veluti

529 2156 765 2229 quodam
817 2154 875 2208 in
925 2150 1133 2206 circulo
1191 2146 1415 2201 alternis
1483 2145 1729 2212 beneque
1785 2136 2102 2194 constitutis

531 2246 978 2306 successionibus
1008 2242 1241 2297 volvitur
1293 2238 1530 2310 primum
1586 2234 1654 2290 ad
1702 2229 2023 2295 secundum,
2048 2234 2102 2284 et

530 2341 751 2396 tertium
776 2337 841 2392 ad
864 2335 917 2391 id
945 2334 1087 2404 quod
1115 2330 1383 2401 sequitur.

601 2429 760 2494 Illud,
791 2430 896 2483 sint
926 2428 978 2480 in
1004 2426 1155 2495 signa
1179 2465 1194 2490 ,
1220 2420 1476 2493 quoniam
1505 2417 1782 2471 ineuntem
1811 2418 2104 2482 tempesta-

534 2534 643 2580 tem
671 2535 886 2591 semper
919 2516 1264 2588 signiﬁcant;
1309 2512 1483 2580 caligo
1531 2520 1767 2577 namque
1790 2504 1904 2559 aeri
1930 2502 2104 2558 offusa

535 2616 667 2672 solis
698 2611 877 2667 radios
894 2605 1330 2665 circumcludens
1357 2600 1539 2655 minus
1570 2597 1793 2653 luminis
1823 2594 2101 2665 relinquit,

534 2708 701 2765 veluti
735 2705 829 2776 qui
859 2701 1192 2758 carbonibus
1243 2697 1442 2753 similis
1493 2708 1689 2749 cruore
1726 2689 1984 2763 perfusus
2013 2703 2106 2742 ru-

537 2798 734 2861 bescit,
773 2808 898 2849 cum
938 2805 1117 2847 aerem
1175 2787 1470 2856 vaporibus
1501 2795 1662 2839 terra:
1711 2781 2106 2838 condensatum

538 2890 812 2946 discutere
863 2883 1270 2950 dissolvereque
1318 2885 1570 2949 nequeat.
1623 2875 1751 2931 lude
1811 2878 2106 2944 tempestas

544 2981 853 3039 ostenditur
882 2978 1098 3041 futura;
1128 2979 1183 3028 et
1235 2987 1361 3027 cum
1394 2985 1532 3041 quas
1562 2969 1751 3025 dicunt
1780 2982 1930 3021 areas
1958 2967 2108 3031 (sunt

540 3090 670 3132 vero
723 3069 1262 3140 circumscriptiones
1294 3064 1540 3145 quaedam
1596 3059 1831 3116 rotundo
1878 3056 2104 3122 ambitu,

542 3169 686 3224 areis
720 3166 948 3226 similes,
981 3171 1035 3219 et
1060 3178 1125 3217 ex
1153 3161 1259 3215 hoc
1287 3172 1485 3213 nomen
1517 3154 1725 3226 adeptae
1757 3151 1905 3221 sunt)
1939 3150 2106 3205 solem
2136 3184 2179 3242 Ο

541 3260 830 3321 cinxerint,
867 3266 1058 3311 ventos
1085 3254 1244 3309 nobis
1265 3254 1500 3307 innuunt
1529 3264 1703 3306 saevos
1734 3262 1799 3301 ac
1820 3244 2111 3300 vehemen-

2202 1951 2400 2022 σελήνη
2436 1952 2601 2021 γεννᾷ
2633 1950 2837 2006 τοῦτον.
2875 1950 3193 2021 Ἐλκόμεναι
3225 1947 3550 2020 συμμέτρως
3573 1945 3683 2017 γὰρ
3714 1948 3773 1999 αἱ

2202 2046 2365 2118 φοραὶ
2395 2045 2732 2116 τεταγμένας
2761 2043 2870 2098 τῶν
2909 2043 3113 2115 καιρῶν
3140 2043 3240 2106 τὰς
3278 2041 3488 2108 ἐξόδους
3514 2041 3768 2109 γεννῶσι.

2201 2136 2401 2208 Χρόνος
2432 2135 2489 2188 δὲ
2522 2135 2794 2198 καλεῖται,
2837 2133 3021 2204 ἐπειδὴ
3055 2133 3243 2204 ὥσπερ
3280 2133 3371 2186 ἐπί
3415 2150 3537 2187 τινα
3571 2131 3771 2185 κύκλον

2202 2227 2519 2298 ἐπαλλήλοις
2542 2227 2761 2279 εἱλεῖται
2790 2226 3070 2288 εὐτάκτοις
3088 2224 3377 2295 διαδοχαῖς,
3401 2223 3617 2296 πρῶτος
3636 2223 3773 2295 πρὸς

2202 2319 2469 2390 δεύτερον,
2498 2319 2592 2374 καὶ
2624 2318 2804 2391 τρίτος
2840 2317 2974 2393 πρὸς
3005 2316 3096 2370 τὸν
3130 2317 3276 2388 ἑξῆς.

2275 2413 2347 2465 Τὸ
2379 2412 2464 2477 δὲ,
2492 2410 2771 2465 ἔστωσαν
2801 2413 2887 2476 εὶς
2932 2408 3169 2479 σημεῖα,
3205 2407 3390 2480 ἐπειδὴ
3428 2409 3529 2480 τὴν
3568 2425 3773 2481 παρου-

2207 2504 2326 2558 σίαν
2346 2503 2440 2557 τοῦ
2486 2502 2753 2574 χειμῶνος
2778 2501 2865 2554 ἀεὶ
2902 2501 3394 2573 προσημαίνουσιν·
3430 2500 3596 2573 ἀχλὺς
3642 2503 3771 2574 γὰρ,

2205 2596 2281 2668 τῷ
2307 2596 2430 2668 ἀέρι
2456 2597 2807 2668 ἐγγενομένη,
2838 2594 2930 2649 τοῦ
2963 2595 3113 2666 ἡλίου
3146 2593 3246 2659 τὰς
3267 2595 3490 2660 ἀκτῖνας
3516 2597 3773 2669 ἀμαυροῖ.

2207 2690 2301 2744 καὶ
2353 2689 2598 2759 φαίνεται
2648 2687 3000 2761 ἁνθρακώδης
3046 2688 3141 2741 καὶ⁸
3196 2687 3432 2759 ὕφαιμος
3453 2730 3469 2753 ,
3509 2689 3582 2761 μὴ
3623 2688 3779 2742 δυνὰ-

2212 2798 2368 2852 μενος
2389 2781 2479 2835 τὸν
2508 2780 2644 2852 ἀέρα
2682 2782 2746 2835 ὲκ
2768 2780 2874 2834 τῶν
2901 2780 3089 2852 ἀτμῶν
3110 2779 3209 2851 τῆς
3228 2780 3334 2850 γῆς
3356 2781 3778 2852 πεπυκνωμένον

2208 2874 2448 2946 διαχέαι·
2504 2876 2613 2928 κὰκ
2657 2874 2847 2927 τούτου
2897 2877 3119 2945 σημεῖον
3161 2872 3428 2944 χειμῶνος
3481 2871 3774 2926 δείκνυται.

2211 2965 2452 3019 Ὅτανδὲ
2484 2968 2539 3019 αἱ
2567 2965 2851 3037 λεγόμεναι
2882 2965 3007 3030 ἅλῳ
3040 2964 3389 3037 (στρογγύλαι
3416 2965 3473 3019 δὲ
3508 2967 3613 3020 εἰσί
3634 2983 3780 3029 τινες

2212 3057 2544 3128 περιγραφαὶ
2572 3056 2753 3126 ὅμοιαι
2791 3055 2935 3126 ἅλῳ,
2968 3056 3032 3108 ὲκ
3078 3054 3266 3108 τούτου
3302 3055 3409 3127 γὰρ
3441 3054 3614 3120 οὕτως
3655 3058 3782 3110 ἑπο-

2213 3147 2576 3221 νομάζονται)
2623 3148 2714 3202 τὸν
2745 3148 2895 3219 ἣλιον
2946 3147 3421 3220 περιστοιχίσωσι,
3482 3149 3779 3221 σφοδρότης

2212 3243 2318 3296 τῶν
2350 3241 2565 3313 ἀνέμων
2599 3242 2953 3313 σημαίνεται·
3005 3241 3142 3295 ἐπὰν
3166 3241 3222 3294 δὲ
3253 3240 3346 3294 καὶ
3375 3240 3422 3291 oi
3453 3239 3776 3312 καλούμενοι

540 3363 658 3421 tes;
690 3366 791 3407 nec
824 3364 936 3405 non
962 3355 1016 3403 et
1040 3345 1267 3401 anthelii
1297 3343 1495 3409 vocati,
1554 3341 1599 3396 si
1644 3354 1812 3394 cursu
1841 3338 1974 3393 solis
2002 3349 2105 3390 una

2213 3333 2454 3405 ἀνθήλιοι
2501 3334 2567 3404 τῇ
2598 3332 2692 3386 τοῦ
2735 3334 2887 3405 ἡλίου
2921 3334 3061 3405 φορᾷ
3108 3333 3460 3404 συντρέχωσι,
3512 3348 3774 3402 συμπτω-

543 3447 807 3507 ferantur,
833 3456 1012 3497 aerem
1030 3439 1190 3494 nobis
1238 3437 1479 3492 futurum
1538 3433 1843 3488 maleﬁcum
1865 3443 2105 3502 pronun-

2218 3429 2402 3500 μάτων
2459 3427 2658 3500 ἀερίων
2715 3430 2936 3499 σημεῖον
2983 3429 3215 3498 γίνεταιο
3264 3426 3356 3481 καὶ
3404 3424 3558 3480 πάλιν
3607 3425 3773 3495 ἡνίκα

543 3538 718 3603 tiant;
748 3541 802 3591 et
850 3548 1046 3588 rursus
1076 3531 1120 3585 si
1147 3529 1312 3599 virgae
1340 3527 1524 3583 colore
1582 3524 1743 3579 Iridis
1776 3522 1925 3578 circa
1953 3536 2105 3575 auro-

2219 3522 2430 3594 ῥάϐδοις
2451 3523 2679 3576 ἐοικυῖα*
2700 3521 2839 3575 κατὰ
2854 3519 2951 3593 τὴν
2971 3521 3133 3593 χρόαν
3154 3520 3254 3592 τῆς
3271 3519 3459 3595 Ἴριδος
3481 3520 3559 3582 εἰς
3582 3518 3775 3591 ὄρθρον

545 3645 662 3684 ram
697 3628 841 3683 inter
870 3626 1043 3680 nubes
1074 3623 1384 3692 cormpicuae
1420 3625 1738 3681 cernantur,
1775 3615 1860 3670 vel
1890 3613 2105 3678 imbres,

2214 3617 2327 3678 τοῖς
2359 3614 2577 3684 νέφεσιν
2609 3612 3002 3684 ὲμφαινόμεναι
3030 3610 3334 3683 δειχθῶσιν,
3363 3610 3577 3681 ὄμϐροι,
3607 3609 3642 3681 ἢ
3672 3627 3781 3680 χει-

545 3723 629 3778 vel
658 3716 1129 3791 tempestates,vel
1161 3723 1220 3769 ut
1245 3715 1539 3785 plurimum
1563 3711 1706 3766 aeris
1757 3708 2105 3765 mutationem

2220 3706 2497 3778 μῶνες,ἢ
2552 3705 2819 3778 μεταϐολὴ
2867 3704 3141 3759 ὲπιπλεῖον
3191 3702 3284 3758 τοῦ
3319 3703 3477 3775 ἀέρος
3525 3703 3785 3774 σημαίνε..

546 3816 904 3885 praesignant.

2217 3815 2326 3855 ται.
2426 3811 2432 3819 ’

618 3904 771 3959 Luna
805 3904 850 3958 si
885 3902 1046 3957 tertio
1091 3899 1178 3954 die
1215 3899 1398 3954 tenuis
1451 3896 1712 3952 cornibus
1742 3907 1988 3965 puroque
2027 3891 2116 3947 ni-

550 4008 671 4054 tore
708 3997 945 4061 fulserit,
1010 3995 1260 4050 stabilem
1320 4009 1385 4048 ac
1426 3994 1636 4046 ﬁrmam
1671 3987 2121 4059 tranquillitatem

554 4086 857 4160 promittit;
898 4084 982 4141 sin
1023 4099 1150 4138 vero
1200 4096 1404 4136 cornua
1456 4079 1733 4134 crassiora
1788 4072 2123 4144 subrufaque

552 4183 675 4236 visa
711 4178 932 4243 fuerint,
967 4190 1232 4247 aquarum
1264 4172 1608 4243 repentinum
1640 4172 1896 4240 impetum
1945 4167 2125 4223 borri-

556 4275 793 4342 damque
854 4274 1231 4339 tempestatem
1287 4263 1582 4335 portendit.
1634 4261 1882 4332 Suntque
1927 4261 2127 4316 instru-

557 4372 740 4420 menta
794 4369 1101 4432 temporum
1152 4359 1235 4414 sol
1284 4365 1338 4412 et
1382 4357 1549 4421 luna;
1602 4342 1839 4425 tempus,
1889 4353 2124 4417 dierum,

559 4456 852 4519 mensium,
903 4466 1206 4519 annorum;
1251 4448 1454 4510 sidera,
1511 4446 1803 4513 mensium,
1836 4445 2126 4509 seminum,

560 4563 840 4606 messrum.

635 4639 997 4710 Vergiliarum
1031 4646 1304 4699 exortum,
1341 4632 1538 4688 messis
1566 4630 1961 4702 vindemiaque
1988 4638 2130 4685 tem-

2155 4538 2208 4597 D
2232 4534 2360 4587 τῶν.

2300 3890 2364 3944 Ἦ
2395 3890 2451 3943 δὲ
2484 3889 2677 3961 σελήνη
2697 3931 2712 3957 ,
2748 3888 2965 3944 ἐπειδὰν
3013 3889 3069 3942 ὲν
3099 3890 3165 3960 τῇ
3206 3887 3360 3960 τρίτῃ
3391 3887 3575 3959 ἡμέρᾳ
3618 3882 3784 3957 λεπτὴ

2220 3985 2314 4039 καὶ
2336 3983 2549 4056 καθαρὰ
2575 3986 2694 4048 ταῖς
2714 3983 2961 4054 κεραίαις
2979 3980 3295 4054 ἀποδειχθῇ,
3316 3980 3581 4052 σταθερὰν
3608 3978 3782 4032 εὐδίαν

2222 4075 2749 4145 κατεπαγγέλλεται·
2783 4076 2982 4145 παχεῖα
3001 4072 3058 4126 δὲ
3088 4076 3208 4138 ταῖς
3233 4073 3504 4145 κεραίαις,
3532 4072 3626 4125 καὶ
3655 4068 3782 4123 ὑπέ-

2226 4169 2420 4242 ρυθρος
2455 4170 2700 4238 φανεῖσα,
2731 4167 2872 4238 ὕδωρ
2902 4165 3099 4238 λάϐρον
3125 4165 3157 4237 ἢ
3186 4165 3338 4218 νότον
3367 4163 3536 4234 βίαιον
3564 4164 3795 4231 εὐαγγε-’
3850 4214 3863 4229 ,

2224 4258 2448 4324 λίζεται.
2474 4261 2717 4331 Ὄργανα
2759 4255 2851 4312 οὖν
2877 4259 3083 4331 χρόνων
3113 4259 3262 4330 ἥλιος
3307 4258 3401 4313 καὶ
3439 4256 3635 4329 σελήνη
3659 4254 3782 4309 καθ-

2231 4352 2470 4406 ίσταται·
2507 4351 2696 4423 χρόνος
2740 4351 2797 4404 δὲ
2829 4350 3080 4424 ἡμερῶν,
3118 4350 3299 4423 μηνῶν
3318 4391 3332 4414 ,
3380 4350 3475 4404 καὶ
3498 4347 3779 4403 ἐνιαυτῶν·

2228 4441 2298 4494 τὰ
2326 4442 2379 4495 δὲ
2422 4443 2615 4514 ἄστρα,
2653 4444 2747 4496 καὶ
2805 4443 3024 4514 μηνῶν,
3066 4443 3160 4495 καὶ
3201 4442 3451 4513 σπόρων,
3500 4440 3596 4493 καὶ
3647 4438 3778 4509 ἀμη·

2307 4629 2415 4682 Καὶ
2434 4626 2783 4698 αἱᾘλειάδες,
2814 4624 3197 4679 ἀνατέλλουσαι
3225 4623 3324 4696 μὲν
3348 4621 3558 4694 ἀμητοῦ
3588 4620 3787 4691 καιρὸν,

566 4746 669 4801 pus
694 4744 893 4785 occasu
919 4723 1461 4784 seminisdenuntiari
1497 4721 1723 4777 scimus.
1743 4719 2099 4791 Navigantibu

2232 4720 2485 4774 δύνουσαι
2526 4718 2583 4771 δὲ
2626 4719 2848 4789 σπόρου,
2878 4716 3197 4771 δεικνύουσι.
3232 4714 3342 4769 Καὶ
3375 4717 3487 4778 τοῖς
3527 4711 3782 4767 ναυτιλλο-

565 4821 882 4879 Plaustrum
904 4818 1056 4875 sidus
1084 4818 1226 4874 viam
1258 4816 1449 4886 aperit.
1480 4812 1655 4868 Locos
1679 4811 1823 4867 enim
1866 4810 2044 4866 sidera
2060 4812 2105 4865 si

2240 4815 2420 4886 μένοις
2468 4811 2605 4883 μετὰ
2652 4811 2752 4882 τῆς
2793 4808 3034 4881 Ἀμάξης
3083 4811 3304 4879 σημεῖον
3349 4805 3588 4876 γίνεται’
3624 4803 3794 4856 τόπων

565 4915 827 4988 gniﬁcant
856 4920 911 4969 et
924 4912 1240 4969 ostendunt.
1259 4908 1397 4965 Ursa
1422 4907 1566 4961 enim
1583 4903 2003 4975 septentrionem
2031 4904 2105 4972 pla

2236 4905 2345 4977 γὰρ
2376 4906 2575 4975 σημεῖα
2608 4903 2702 4956 καὶ
2726 4902 3007 4973 δεικτήρια
3026 4899 3091 4953 τὰ
3116 4901 3289 4970 ἄστρα
3316 4898 3543 4967 γίνεται.
3570 4896 3795 4966 ’Ἄρκτος

566 5024 688 5079 gam
716 5006 979 5062 insinuat.
995 5002 1356 5073 Vergiliarum
1379 5014 1505 5068 pars
1520 4997 1828 5051 acuminata
1860 4993 1925 5048 ad
1947 4994 2105 5049 Orien

2243 5001 2339 5072 μὲν
2388 4997 2497 5069 γὰρ
2545 4997 2743 5069 ἄρκτον
2792 4995 3063 5049 δείκνυσι”
3116 4992 3213 5061 τῆς
3262 4991 3319 5043 δὲ
3369 4987 3624 5050 Πλειάδος
3671 4984 3798 5056 πρὸς

568 5077 675 5155 tem
703 5104 979 5170 spectans,
1004 5095 1106 5149 hoc
1135 5094 1275 5148 idem
1299 5091 1566 5147 enuntiat.
1595 5087 1772 5158 Ipsius
1805 5087 1931 5141 item
1988 5084 2105 5140 Urs:

2240 5091 2500 5163 ἀνατολὴν
2529 5090 2740 5162 βλέπων
2759 5088 2819 5141 τὸ
2843 5085 2936 5151 ὀξὺ
2959 5087 3058 5159 τὴν
3087 5085 3284 5156 ἄρκτον
3312 5083 3580 5136 δείκνυσιν
3599 5098 3611 5109 ·
3637 5077 3798 5147 αὐτῆς

572 5167 946 5251 ιιωωὶσωυ,
976 5197 1031 5243 et
1055 5188 1197 5241 luna:
1222 5201 1349 5256 pars
1377 5199 1497 5255 quae
1517 5183 1841 5245 illustratur,
1867 5177 2105 5235 Oriente:

2241 5189 2299 5242 δὲ
2328 5188 2427 5259 τῆς
2457 5186 2657 5256 ἄρκτου
2698 5178 3065 5253 στρεφομένης
3104 5176 3164 5231 τὸ
3214 5175 3380 5245 κέρας
3410 5173 3507 5246 τήν
3547 5167 3798 5237 ἀνατολὴν

576 5291 893 5354 praemonet.
916 5281 1224 5350 Antequam
1252 5293 1380 5332 vero
1396 5278 1510 5331 hate
1541 5276 1753 5338 ﬁerent,
1780 5283 1995 5343 tempus
2034 5288 2105 5326 no

2243 5257 2499 5338 δείκνυσι,
2536 5271 2752 5342 καὶτῆς
2781 5268 3003 5339 σελήνης
3041 5265 3102 5319 τὸ
3138 5263 3490 5336 λαμπόμενον·
3521 5259 3685 5333 μέρος
3711 5257 3795 5327 τὴν

578 5385 713 5441 erat,
749 5375 847 5431 sed
875 5372 1109 5444 spatium
1141 5380 1383 5437 aetasque
1424 5367 1654 5421 nimium
1684 5381 1747 5420 ea
1783 5366 1939 5438 longa
1974 5372 2105 5417 extr:

2246 5363 2508 5436 ἀνατολὴν
2558 5361 2828 5435 σημαίνει.
2860 5359 2974 5430 Πρὸ
3020 5358 3076 5411 δὲ
3117 5357 3320 5410 τούτων
3352 5355 3540 5427 χρόνος
3584 5351 3685 5404 οὐκ
3717 5344 3796 5420 ἦν,

580 5483 685 5538 que
708 5483 873 5524 omne
900 5474 1135 5535 tempus.
1170 5459 1236 5516 Et
1260 5461 1366 5516 hoc
1392 5458 1459 5514 de
1489 5459 1661 5529 signis
1690 5459 1896 5514 dictum
1933 5459 2026 5513 sit.

2247 5458 2380 5513 ἀλλὰ
2425 5457 2695 5529 διάστημα
2718 5495 2732 5519 ,
2768 5454 2862 5509 καὶ
2907 5452 3038 5506 αἰὼν
3075 5450 3281 5524 μακρός
3312 5467 3392 5513 τις
3438 5447 3534 5502 καὶ
3565 5445 3796 5517 ἄχρονος.

2251 5552 2477 5623 Εἴρηται
2509 5545 2601 5604 οὖν
2632 5548 2760 5620 περὶ
2784 5546 2891 5600 τῶν
2920 5546 3179 5617 σημείων.

653 5645 923 5717 Tempora
973 5661 1137 5717 porro
1197 5644 1478 5703 horarum,
1512 5638 1625 5692 sive
1674 5639 1935 5708 temporis
1980 5637 2105 5708 ipsit

2320 5643 2559 5715 Καιροὺς
2595 5642 2650 5696 δὲ
2700 5640 2877 5709 λέγειν
2915 5636 3192 5709 ἡγούμεθα
3233 5635 3331 5699 τὰς
3369 5628 3665 5700 έναλλαγὰς
3708 5623 3807 5681 τῶν

662 5828 703 5859 ¹¹
734 5826 859 5882 Gen.
895 5844 933 5891 ι,
966 5830 1050 5882 Μ.
