4090 6288
379 348 477 411 72!

1298 368 1569 430 SPURIA.
1606 407 1675 419 -—
1702 378 2060 441 COMMENT.
2101 384 2165 440 ΙΝ
2208 383 2702 449 HEXAEMERON.

3512 411 3615 468 722

369 466 564 540 ὡρῶνν
598 470 899 543 χειμῶνος,
955 473 1144 549 ἔαρος,
1192 478 1411 552 θέρους,
1451 489 1784 563 μετοπώρου.
1833 497 1920 549 Κα

370 560 576 598 νειοηὶιυ
632 562 728 598 ηδ..
760 565 965 598 uiue--.
1021 573 1133 598 --9-
1183 573 1376 598 ..-_r---
1420 578 1540 598 --ιη
1713 584 1740 596 ι.
1804 587 1882 598 ...

2046 505 2396 571 mutationes,
2424 523 2488 564 ac
2516 510 2684 575 vices,
2717 511 2913 570 hiemis
2928 516 3160 588 scilicet,
3194 523 3356 591 veris,
3387 530 3613 598 astatis,

370 560 576 632 χειμὼν
630 562 728 633 μὲν
760 565 968 634 γίνεται
1020 573 1133 635 τοῖς
1183 573 1376 639 νοτίοις
1417 578 1604 651 μέρεσι
1648 560 1741 638 τοῦ
1794 587 1943 659 ἡλίου

370 652 913 726 προσδιατρίϐοντος,
960 661 1053 713 καὶ
1098 662 1230 717 πολὺ
1259 665 1319 718 τὸ
1363 672 1670 743 νυκτερινὸν
1704 652 1945 750 σκίασμα

369 744 498 818 περί
528 745 620 799 τὸν
657 746 780 800 καθ’
813 750 962 820 ἡμᾶς
994 752 1157 807 τόπον
1201 757 1616 829 ἀποτελοῦντος,
1660 766 1735 832 ὡς
1777 744 1945 825 κατα-

366 834 634 937 ψύχεσθαι
669 838 767 908 μὲν
799 840 891 894 τὸν
922 845 1048 916 περί
1080 848 1176 919 τὴν
1202 849 1309 920 γῆν
1341 851 1500 924 ἀέρα,
1525 857 1619 910 καὶ
1647 859 1746 924 τὰς
1772 862 1942 937 ὑγρὰς

367 927 757 1000 ἀναθυμιάσεις
796 936 1191 1008 συνισταμένας
1228 941 1483 1014 ὄμϐρων,
1530 949 1624 1002 καὶ
1676 927 1938 1024 κρυμιῦν,

368 1021 462 1074 καὶ
507 1022 743 1092 νιφάδων
787 1026 965 1091 αἰτίας
1009 1029 1286 1097 γίνεσθαι·
1338 1036 1556 1093 ἐπειδάν
1599 1041 1655 1095 δὲ
1705 1021 1941 1102 ἐπανιὼν

369 1112 529 1167 πάλιν
562 1114 671 1169 ἀπὸ
702 1116 809 1170 τῶν
847 1121 1229 1193 μεσημϐρινῶν
1254 1127 1467 1200 χωρίων
1498 1132 1588 1186 ἐπὶ
1630 1133 1721 1188 τοῦ
1773 1137 1938 1208 μέσου

367 1202 614 1278 γένηται,
666 1207 923 1282 ἰσημερία
966 1210 1206 1281 γίνεται,
1260 1218 1356 1271 καὶ
1412 1221 1523 1293 ὅσῳ
1548 1226 1660 1288 τοῖς
1702 1202 1796 1280 Ecl.
1838 1229 1941 1301 γῆς

367 1298 691 1372 ἐνδιατρίϐει
741 1301 958 1369 τόποις,
1006 1306 1243 1380 τοσούτῳ
1288 1310 1428 1365 κατά
1467 1313 1630 1386 μέρος
1674 1298 1938 1388 ἐπανάγει

365 1390 465 1464 τὴν
503 1391 827 1466 εὐκρασίαν,
880 1396 974 1450 καί
1015 1396 1222 1465 γίνεται
1266 1400 1404 1474 ἔαρ,
1447 1408 1560 1469 τοῖς
1614 1409 1711 1479 μὲν
1753 1415 1938 1480 φυτοῖς

367 1483 620 1555 παρέχων
649 1485 957 1558 βλάστησιν,
986 1493 1098 1554 τοῖς
1135 1491 1192 1545 δέ
1229 1493 1463 1568 δένδροις
1495 1498 1592 1570 τὴν
1620 1500 1932 1559 ἀναϐίωσιν.

378 1573 615 1631 Ἐκεῖθεν
637 1577 693 1631 δὲ
721 1579 819 1651 ἤδη
856 1580 991 1652 πρὸς
1022 1582 1121 1647 τὰς
1147 1583 1362 1657 θερινὰς
1393 1589 1600 1661 τροπὰς
1635 1593 1721 1645 ἐπ’
1767 1595 1937 1669 αὐτὴν

363 1664 460 1738 τὴν
509 1669 741 1741 Ἀρκτον
767 1672 979 1744 τρέχων
1011 1675 1040 1727 ὁ
1096 1675 1245 1746 ἥλιος
1294 1678 1393 1744 τὰς
1441 1682 1679 1752 μεγάλας
1722 1664 1935 1758 ἡμέρας

361 1758 492 1829 ἡμῖν
520 1759 834 1833 παρίστησι,
869 1763 963 1816 καὶ
995 1763 1083 1818 διὰ
1113 1766 1173 1819 τὸ
1201 1766 1379 1822 πλεῖον
1403 1770 1563 1824 αὑτὸν
1589 1777 1934 1846 προσομιλεῖν

361 1849 444 1921 τῷ
474 1850 618 1922 ἀέρι,
647 1850 814 1906 αὑτὸν
853 1856 1211 1928 καταφρίσσει
1245 1860 1335 1913 τὸν
1368 1862 1535 1934 ἀέρα,
1567 1866 1661 1919 καὶ
1701 1867 1799 1939 τὴν
1830 1868 1932 1939 γῆν

360 1942 538 1995 πᾶσαν
563 1942 965 2018 καταξηραίνει,
990 1950 1080 2001 καὶ
1114 1951 1290 2005 πάντα
1312 1955 1523 2026 καρπὸν
1545 1956 1741 2028 ὡραῖον
1762 1960 1866 2012 ἀπε
1875 1977 1934 2031 ρ-

357 2033 581 2102 γάζεται
613 2036 1046 2107 φλογωδέστατος
1083 2040 1177 2108 ὢν,
1224 2045 1318 2098 καὶ
1360 2047 1616 2118 βραχείας
1659 2055 1804 2105 ποιεῖ
1833 2052 1932 2117 τὰς

360 2128 517 2192 σκιὰς
546 2129 637 2198 ἀφ’
672 2130 877 2202 ὑψηλοῦ
930 2134 1321 2204 καταλάμπων.
1366 2138 1454 2191 Ἐν
1480 2139 1587 2212 γάρ
1635 2145 1753 2207 ταῖς
1802 2144 1932 2217 βρα-

356 2219 615 2289 χυτάταις
640 2223 874 2296 ἡμέραις
907 2226 963 2278 αἱ
999 2227 1147 2279 σκιαὶ
1172 2228 1507 2297 μακρόταται
1533 2232 1791 2301 γίνονται.
1821 2237 1931 2291 Καὶ

356 2310 517 2365 πάλιν
543 2313 654 2368 ἀπὸ
676 2313 785 2369 τῶν
824 2318 1208 2390 προσαρκτίων
1255 2320 1347 2373 ἐπὶ
1378 2321 1447 2374 τὰ
1493 2322 1643 2378 νότια
1684 2343 1930 2398 παραγε-

354 2401 605 2473 νομένου,
636 2406 950 2479 μετόπωρον
980 2408 1206 2477 γίνεται,
1241 2411 1339 2482 τῆς
1372 2410 1580 2486 θέρμης
1611 2417 1729 2469 κατ’
1752 2417 1928 2487 ὀλίγον

351 2493 453 2563 τῆς
486 2493 685 2565 πολλῆς
718 2496 1172 2572 ἀμαυρουμένης,
1207 2504 1299 2555 καὶ
1337 2503 1428 2556 τοῦ
1460 2506 1724 2577 χειμῶνος
1764 2510 1929 2566 ἀϐλα-

353 2582 464 2647 ϐῶς
503 2584 765 2651 ἐπιόντος.
1528 2584 1531 2585 ν

421 2698 495 2750 Οὐ
552 2702 695 2753 ποιεῖ
741 2700 797 2755 δὲ
841 2703 939 2773 τὴν
973 2705 1184 2777 ἡμέραν
1221 2709 1250 2760 ό
1301 2708 1482 2778 ἣλιος·
1522 2712 1709 2783 μηδεὶς
1754 2713 1927 2780 οὕτως

352 2789 593 2863 ὑπολάϐῃ
613 2809 626 2822 ·
652 2794 1014 2868 πρεσϐυτερεῖ
1032 2798 1139 2870 γὰρ
1168 2799 1356 2853 τούτου
1397 2804 1430 2872 ἡ
1464 2804 1643 2875 ἡμέρα
1675 2806 1769 2859 καὶ
1796 2805 1923 2872 νύξ’

350 2881 484 2937 ἀλλὰ
519 2884 781 2958 κατάρχει
816 2888 973 2959 μόνον
1006 2890 1104 2960 τῆς
1135 2894 1371 2965 ἡμέρας,
1405 2895 1587 2961 καθὼς
1621 2900 1712 2952 καὶ
1735 2901 1763 2953 ό
1791 2899 1926 2970 ψαλ-

353 2975 524 3046 μῳδὸς
558 2977 865 3051 διαγορεύει
909 2983 1069 3052 ἡμῖν·
1099 2986 1323 3051 Ἕθετο,
1352 2988 1558 3058 λέγων,
1595 2988 1703 3043 τὸν
1747 2991 1924 3060 ἥλιον

346 3070 434 3134 εἰς
452 3068 743 3133 ἐξουσίαν
767 3072 877 3140 τῆς
906 3072 1148 3143 ἡμέρας,
1183 3077 1298 3146 τὴν
1327 3081 1620 3150 σελήνην,
1654 3084 1750 3137 καὶ
1782 3086 1923 3153 τοὺς

347 3158 607 3228 ἀστέρας
637 3164 724 3229 εἰς
746 3163 1036 3228 ἐξουσίαν
1064 3167 1174 3236 τῆς
1203 3174 1442 3239 νυκτός.
1480 3174 1631 3244 Ἔχει
1671 3175 1727 3228 δὲ
1768 3172 1919 3242 οὗτος
1949 3206 1992 3268 c

345 3252 444 3325 τὴν
493 3253 738 3319 ἐξουσίαν
780 3256 838 3310 τὺ
871 3257 986 3328 φῶς
1017 3262 1325 3334 περιφέρων
1363 3268 1421 3319 ἐν
1455 3267 1648 3339 ἐαυτῷ-
1695 3270 1914 3324 ἐπειδάν

346 3361 476 3398 ποτε
506 3347 597 3400 τὸν
630 3348 753 3402 καθ’
779 3352 924 3421 ἡμᾶς
962 3352 1211 3424 ὁρίζοντα
1250 3357 1529 3431 ὑπεράρῃ,
1569 3361 1779 3434 ἡμέραν
1813 3382 1915 3419 πα·-

347 3437 491 3510 ρέχει
523 3439 880 3509 διασκεδάσας
911 3446 972 3500 τὸ
1001 3447 1210 3514 σκότος.

423 3550 488 3605 Ἠ
513 3552 571 3606 δὲ
603 3555 819 3629 σελήνη,
850 3560 1068 3615 ἐπειδὰν
1095 3562 1389 3629 δωδεκάκις
1418 3566 1508 3621 τὸν
1533 3568 1731 3640 ἑαυτῆς
1762 3572 1913 3625 ἐκτε-

340 3642 472 3717 λέσῃ
497 3645 718 3717 δρόμον,
754 3651 997 3705 ἐνιαυτοῦ
1027 3657 1285 3725 τυγχάνει
1328 3661 1617 3732 ποιητικὴ,
1664 3662 1801 3735 πλὴν
1829 3665 1910 3718 ὅτι

343 3737 511 3809 μηνὸς
547 3738 839 3812 ἐμϐολίμου
872 3742 1038 3799 δεῖται
1074 3748 1208 3818 πρὸς
1240 3748 1340 3820 τὴν
1384 3752 1583 3823 ἀκριϐῆ
1612 3754 1720 3808 τῶν
1753 3755 1910 3826 ὡρῶν

342 3829 664 3903 συνδρομήν.
707 3833 765 3886 '0
797 3834 906 3906 γὰρ
937 3836 1157 3906 ἡλιακὸς
1188 3842 1429 3906 ἐνιαυτὸς
1462 3844 1570 3898 ἀπὺ
1606 3846 1700 3899 τοῦ
1744 3849 1908 3902 αὑτοῦ

339 3922 565 3994 σημείου
593 3925 686 3978 ἐπὶ
720 3926 781 3979 τὸ
804 3927 936 3981 αὐτὸ
968 3931 1190 4001 σημεῖον
1213 3933 1354 3988 κατά
1378 3936 1479 4005 τὴν
1516 3939 1722 3992 οἰκείαν
1756 3941 1899 4011 κίνη·

339 4031 424 4068 σιν
447 4017 539 4071 τοῦ
565 4017 716 4087 ἡλίου
749 4021 896 4075 ἐστὶν
934 4024 1395 4092 ἀποκατάστασις.
1435 4029 1544 4100 Τῆς
1583 4030 1639 4084 δὲ
1681 4030 1909 4103 σελήνης

336 4105 625 4178 ληγούσης,
648 4110 928 4182 ἀραιοῦται
958 4113 1067 4168 τῶν
1093 4114 1244 4180 ζώων
1275 4118 1344 4172 τὰ
1377 4118 1623 4191 σώματα,
1654 4123 1749 4176 καὶ
1775 4124 1907 4177 ὑπό-

311 4213 469 4252 ,κενα
520 4200 755 4268 γίνεται·
810 4204 1114 4280 αὐξομένης
1156 4208 1248 4275 δὲ,
1290 4211 1711 4285 ἀναπληροῦται.
1764 4216 1905 4271 Διότι

336 4288 611 4362 ὑγρότητα
648 4292 783 4365 μετά
816 4295 1150 4370 θερμότητος
1186 4303 1577 4375 κεκραμμένην
1608 4304 1905 4376 λεληθότως

335 4380 567 4453 ἐνίησιν·
601 4386 650 4439 οἰ
681 4387 788 4459 γὰρ
813 4388 1168 4454 καθεύδοντες
1206 4393 1311 4446 ὑπὸ
1345 4394 1571 4467 σελήνην
1609 4397 1906 4468 ὑγρότητος

333 4476 598 4548 περισσῆς
624 4477 952 4552 πληροῦνται
982 4482 1081 4548 τὰς
1105 4485 1364 4555 κεφαλὰς,
1411 4491 1505 4543 καὶ
1532 4489 1599 4544 τά
1629 4494 1900 4564 νεοσφαγῆ

2046 598 2316 665 autumni,
2351 600 2730 673 intelligendas
2758 621 2882 662 esse
2927 623 3233 672 censemus.
3265 614 3449 675 Hiems
3481 628 3613 677 tunc

2046 687 2227 755 irruit,
2254 706 2379 746 cum
2410 693 2493 748 sol
2514 694 2569 748 in
2602 698 2851 765 partibus
2876 706 3208 764 australibus
3222 722 3609 780 commoratur,

2042 783 2330 853 noctisque
2353 787 2599 843 umbram
2639 792 2780 861 apud
2820 811 2923 852 nos
2980 800 3114 855 satis
3158 801 3250 857 diu
3285 806 3608 874 productam

2044 872 2341 945 longiorem
2364 880 2587 937 omnino
2621 882 2770 950 facit,
2801 887 2875 941 ita
2910 898 2968 944 ut
2992 905 3085 946 aer
3109 894 3258 950 circa
3277 872 3483 953 terram
3512 900 3610 955 fri-

2042 976 2245 1035 gescat,
2275 983 2610 1043 vaporesque
2634 975 2841 1033 humidi
2875 984 3114 1049 excitati,
3150 987 3386 1058 pluvias,
3409 992 3609 1061 glacies

2041 1056 2302 1129 nivesque
2353 1062 2677 1131 producant.
2729 1067 2836 1124 Sed
2878 1073 2969 1127 ubi
3007 1056 3225 1133 rursum
3250 1094 3283 1135 a
3309 1056 3609 1141 meridiana

2040 1148 2197 1220 plaga
2226 1152 2571 1222 remigrando
2606 1159 2843 1214 medium
2886 1165 3008 1219 coeli
3040 1178 3318 1239 permeat,
3365 1175 3609 1244 aequino-

2039 1239 2206 1293 ctium
2232 1239 2307 1303 ﬁt,
2335 1240 2660 1316 frigorisque
2698 1256 2753 1303 et
2787 1252 2988 1308 caloris
3035 1256 3253 1312 modum
3303 1239 3608 1331 temperant

2037 1330 2239 1386 modici
2266 1333 2412 1391 illius
2438 1351 2695 1395 accessus
2717 1341 2803 1394 vel
2859 1358 3148 1414 recessus;
3190 1347 3318 1405 hinc
3358 1330 3453 1406 ver
3484 1368 3608 1411 esse

2038 1426 2251 1497 incipit,
2303 1445 2413 1500 quo
2465 1432 2642 1488 herbae
2690 1436 2998 1505 germinant
3036 1440 3371 1512 arboresque
3402 1446 3605 1502 revivi-

2037 1526 2218 1574 scunt.
2261 1519 2391 1576 lnde
2416 1521 2526 1590 jam
2567 1524 2772 1580 aestivis
2805 1528 3145 1598 temporibus
3186 1531 3499 1592 ineuntibus
3537 1538 3604 1593 ad

2036 1610 2209 1682 ipsam
2234 1612 2430 1670 Ursam
2464 1616 2545 1672 sol
2565 1631 2797 1674 cursans
2830 1634 3053 1689 magnos
3092 1623 3249 1679 nobis
3275 1624 3600 1694 eﬂicitdies,

2034 1712 2234 1760 etcum
2264 1706 2471 1765 diutius
2523 1707 2582 1763 in
2611 1724 2738 1766 aere
2785 1720 3058 1777 versetur,
3111 1717 3291 1787 ipsum
3324 1725 3518 1786 torret,
3549 1729 3604 1776 et

2037 1803 2182 1851 terra
2229 1799 2486 1856 universa
2536 1803 2837 1869 exsiccata,
2896 1805 3109 1865 fructus
3137 1819 3383 1868 maturos
3425 1811 3603 1869 reddit

2038 1904 2253 1945 summo
2310 1893 2531 1961 calore;
2566 1897 2880 1968 umbraeque
2929 1906 3100 1955 curta:
3133 1901 3434 1971 jaciuntur,
3475 1919 3601 1959 cum

2034 1981 2118 2058 sol
2147 1981 2225 2035 illi
2248 1981 2367 2038 loco
2408 1989 2842 2055 supraverticem
2879 1991 2950 2046 sit
2976 1991 3272 2063 lumenque
3324 1995 3597 2054 demittat.

2031 2070 2091 2126 1n
2122 2073 2458 2131 brevissimis
2489 2078 2634 2133 enim
2668 2079 2859 2137 diebus
2899 2082 3105 2139 umbra
3140 2085 3470 2157 longissimae
3506 2104 3602 2144 ca-

2030 2162 2185 2219 dunt.
2221 2164 2419 2222 lterum
2445 2183 2475 2221 a
2508 2170 2827 2228 meridianis
2887 2173 2946 2228 in
2999 2177 3269 2233 australes
3300 2187 3483 2249 partes
3506 2181 3600 2236 illo

2031 2266 2333 2327 remeante,
2358 2267 2654 2319 autumnus
2669 2264 2928 2336 gignitur,
2960 2268 3134 2323 multo
3181 2270 3364 2326 calore
3393 2271 3595 2328 sensim

2031 2354 2711 2433 evanescente,hiemeque
2742 2358 2862 2413 sine
2918 2358 3031 2415 ullo
3065 2359 3412 2419 incommodo
3437 2378 3596 2420 acce-

2029 2439 2208 2498 dente.

2098 2702 2188 2758 Sol
2211 2706 2315 2760 dici
2347 2722 2512 2762 causa
2546 2725 2814 2780 nusquam
2849 2720 2951 2776 est,
2987 2729 3146 2771 nemo
3194 2716 3249 2771 id
3278 2717 3352 2770 ita
3394 2734 3453 2774 se
3495 2720 3593 2777 ha-

2028 2794 2157 2851 bere
2184 2798 2465 2867 opinetur;
2501 2801 2644 2856 hunc
2687 2804 2886 2859 etenim
2915 2804 3035 2861 dies
3062 2809 3339 2877 praecedit,
3372 2819 3426 2866 et
3450 2828 3590 2880 nox;

2027 2887 2124 2942 sed
2157 2896 2242 2944 est
2267 2888 2377 2944 dux
2404 2898 2458 2945 et
2486 2892 2737 2964 princeps
2772 2902 2826 2950 et
2852 2897 3165 2954 moderator
3194 2897 3364 2967 illius,
3398 2918 3591 2974 quem-

2025 2979 2317 3035 admodum
2347 2990 2401 3037 et
2421 2981 2746 3041 Psahnodus
2796 2988 2957 3045 nobis
2997 2990 3259 3047 insinuat.
3297 2993 3484 3049 Posuit
3508 2996 3592 3050 di-

2023 3087 2154 3128 cens
2183 3075 2347 3128 solem
2400 3077 2454 3130 in
2482 3076 2770 3132 dominium
2812 3081 2937 3146 diei,
2972 3083 3153 3138 lunam
3206 3094 3254 3141 et
3301 3087 3485 3143 stellas
3536 3088 3592 3143 in

2021 3164 2312 3221 dominium
2339 3171 2527 3224 noctis.
2558 3169 2707 3226 Illius
2730 3180 2907 3229 autem
2963 3175 3168 3233 obtinet
3198 3178 3588 3250 principatum,

2024 3257 2203 3314 lumen
2232 3260 2285 3314 in
2314 3269 2484 3317 semet
2505 3263 2818 3334 deportans,
2850 3267 2940 3336 qui
2990 3282 3114 3322 cum
3147 3269 3204 3324 in
3232 3279 3479 3327 nostrum
3523 3271 3589 3326 ti-

2019 3353 2253 3408 nitorem
2291 3359 2621 3425 pervenerit,
2657 3360 2898 3415 tenebris
2921 3360 3137 3432 fugatis,
3176 3364 3320 3419 diem
3343 3363 3520 3421 affert.

2084 3555 2258 3622 Luna,
2288 3557 2381 3613 ubi
2404 3559 2696 3615 duodecies
2721 3566 2891 3617 totum
2928 3578 3088 3617 suum
3120 3563 3357 3620 confecit
3397 3573 3452 3621 et
3489 3581 3587 3636 pe-

2015 3651 2256 3722 ragravit
2277 3650 2400 3717 iter,
2429 3652 2557 3706 anni
2590 3654 2824 3724 spatium
2877 3656 3167 3725 terminat;
3192 3672 3377 3715 mense
3405 3667 3587 3716 tamen

2017 3755 2153 3810 opus
2167 3743 2598 3811 estintercalari,
2623 3744 2690 3799 ad
2718 3744 2975 3800 horarum
3004 3762 3309 3805 concursus
3337 3760 3586 3807 exactam

2016 3833 2280 3889 rationem
2325 3836 2775 3905 perspiciendam.
2827 3838 3019 3894 Annus
3068 3839 3215 3894 enim
3280 3842 3477 3899 solaris
3516 3844 3585 3898 ab

2013 3927 2201 3982 eodem
2229 3928 2407 4000 signo,
2468 3928 2533 3983 ad
2575 3929 2716 3985 idem
2773 3931 3072 3986 secundum
3135 3934 3414 4003 proprium
3451 3935 3584 3991 solis

2015 4029 2220 4073 motum
2245 4025 2488 4076 reversio
2513 4030 2617 4077 est.
2672 4021 2823 4078 Luna
2887 4024 3238 4080 decrescente
3263 4027 3580 4082 animalium

2014 4126 2245 4181 corpora
2326 4122 2610 4169 rarescunt
2692 4124 2980 4170 extenuata
3044 4124 3098 4172 et
3153 4117 3576 4187 exinaniuntur;

2012 4211 2314 4268 crescente,
2340 4213 2610 4274 augentur
2638 4207 2873 4276 expleta.
2910 4206 3062 4262 Clam
3119 4208 3262 4262 enim
3292 4209 3580 4263 humidita-

2011 4300 2119 4349 tem
2148 4294 2316 4350 calori
2350 4298 2690 4352 commistam
2718 4299 2887 4367 indit;
2921 4299 3050 4354 hinc
3089 4299 3145 4354 fit
3164 4300 3265 4355 sub
3290 4301 3418 4354 luna
3448 4302 3577 4357 dor-

2011 4384 2290 4440 mientium
2344 4386 2514 4440 multa
2563 4386 2887 4442 humiditate
2943 4388 3122 4458 capita
3150 4388 3380 4459 oppleri,
3406 4398 3461 4444 et
3491 4406 3580 4446 re-

2008 4485 2195 4533 center
2221 4478 2590 4549 iugulatorum
2638 4493 2857 4546 carnes,
2893 4488 2948 4536 ct
2991 4481 3256 4553 quidquid
3298 4483 3445 4538 aliud
3489 4483 3576 4540 bis

332 4564 391 4618 δὲ
417 4565 524 4620 τῶν
537 4568 732 4639 κρεῶν,
761 4572 852 4625 καὶ
869 4574 978 4626 πᾶν
1000 4574 1116 4628 εἴτι
1138 4576 1394 4638 τοιοῦτον,
1411 4581 1477 4650 τῇ
1507 4581 1776 4653 προσϐολῇ
1799 4582 1897 4650 τῆς

2022 4585 2114 4625 ιοιι
2168 4571 2440 4636 absimile,
2499 4574 2641 4628 lunae
2679 4581 2903 4644 aspectu
2929 4575 3110 4632 subito
3169 4576 3468 4643 immutari,
3524 4588 3578 4633 et

333 4659 562 4731 σελήνης
594 4661 801 4733 ταχέως
839 4665 1118 4736 τρέπεται.
1159 4670 1387 4741 Ὁμοίως
1433 4671 1490 4725 δὲ
1522 4674 1616 4726 καὶ
1660 4675 1729 4728 τὰ
1776 4676 1903 4747 περὶ

2027 4677 2152 4733 psas
2177 4664 2319 4720 acris
2348 4663 2661 4721 affectiones
2684 4667 2834 4722 illius
2871 4682 3038 4722 causa
3064 4669 3399 4739 contingere.
3439 4668 3576 4724 Nam

331 4753 424 4808 τὸν
448 4753 583 4826 ἀέρα
607 4753 753 4827 πάθη
774 4757 1027 4830 τοιαύτης
1053 4760 1227 4824 αἰτίας
1252 4762 1902 4838 συνίσταται.Νουμηνίας

2026 4767 2132 4806 una
2146 4761 2424 4821 nascente,
2456 4754 2499 4810 si
2518 4757 2887 4826 tranquillitas
2912 4757 3228 4827 plenissima
3252 4758 3415 4815 fuerit
3444 4775 3567 4815 ven-

331 4846 439 4921 γὰρ
455 4847 739 4920 ἐνστάσης,
756 4849 995 4924 γαλήνης
1013 4851 1180 4926 οὔσης
1198 4855 1760 4928 σταθερᾶς,αἰφνιδίων
1782 4860 1902 4913 ἀνέ-

334 4955 450 5008 μων
495 4941 728 5011 ταραχαὶ
765 4941 1005 5008 γίνονται
1046 4943 1151 4999 τῶν
1180 4944 1355 5015 νεφῶν
1400 4946 1767 5020 κλονουμένων
1806 4952 1899 5004 καὶ

332 5031 753 5100 συμπιπτόντων
793 5033 1069 5105 ἀλλήλοις·
1107 5038 1201 5090 καὶ
1235 5038 1473 5107 γίνονται
1501 5041 1628 5112 περὶ
1662 5042 1789 5105 τοὺς
1811 5043 1899 5095 εὑ-

333 5120 523 5192 ρίπους
544 5123 873 5196 παλίρροιαι,
891 5127 985 5180 καί
1005 5128 1130 5200 περὶ
1148 5130 1236 5182 τὸν
1253 5130 1491 5185 ὠκεανὸν
1508 5132 1779 5206 ἀναδρομὴ
1800 5135 1897 5206 τῆς

326 5212 622 5287 θαλάσσης.
666 5216 730 5269 Εἰ
777 5217 834 5271 δὲ
884 5219 980 5273 καὶ
1021 5219 1114 5273 τοῦ
1152 5220 1300 5293 ἡλίου
1341 5218 1579 5293 ἔκλειψις
1605 5225 1895 5296 νουμηνίας

324 5305 493 5379 οὔσης
521 5308 752 5377 γίνεται,
789 5309 1118 5382 σφοδροτέρα
1162 5313 1477 5384 συμϐαίνει-
1516 5315 1756 5370 κάτωθεν
1787 5316 1893 5389 γάρ

325 5398 360 5472 ή
397 5399 591 5471 σελήνη
628 5399 931 5454 ὑπελθοῦσα
952 5402 1251 5474 ἐμφράττει
1279 5404 1427 5476 ἡλίου
1453 5404 1553 5469 τὰς
1577 5407 1820 5471 ἀκτῖνας.

392 5490 553 5560 Μέγα
580 5491 638 5545 δέ
664 5508 716 5546 τι
743 5493 839 5547 καὶ
870 5492 1006 5566 αὕτη
1047 5496 1081 5566 ἡ
1117 5495 1314 5567 σελήνη
1344 5496 1680 5567 καθέστηκε.
1716 5496 1890 5551 Μῦθοι

318 5580 378 5636 δὲ
409 5582 668 5656 ληρώδεις
699 5585 804 5639 ὑπὸ
851 5585 1153 5658 μεθυόντων
1185 5585 1443 5660 γραῖδίων
1479 5592 1753 5663 πανταχοῦ
1787 5592 1891 5646 διε-

321 5671 593 5747 σώθησαν·
642 5676 724 5731 ὅτι
774 5678 1131 5749 μαγγανείαις
1176 5681 1293 5734 τισὶ
1327 5681 1425 5753 τῆς
1482 5684 1685 5749 οἰκείας
1729 5684 1889 5757 ἔδρας

318 5766 676 5838 ἀποκινεὴαι,
730 5770 825 5825 καὶ
877 5772 1010 5845 πρὸς
1054 5771 1155 5844 τὴν
1199 5773 1301 5845 γῆν
1347 5775 1728 5844 καταφέρεται.
1779 5778 1886 5830 Καὶ

321 5859 474 5922 ποῖος
510 5860 576 5915 ἂν
617 5861 779 5928 τόπος
809 5862 1167 5936 καταχθεῖσαν
1207 5866 1373 5938 αὐτὴν
1426 5865 1750 5935 ὑπεδέξατο;
1792 5868 1882 5940 Μὴ

2003 4850 2203 4907 torum,
2226 4847 2494 4916 repentini
2524 4847 2791 4908 turbines,
2829 4848 3065 4903 nubibus
3122 4849 3297 4918 pulsis
3346 4856 3401 4904 et
3430 4848 3574 4905 inter

2002 4950 2061 4990 se
2110 4936 2549 4993 conﬂictantibus
2583 4980 2596 5002 ,
2635 4949 2833 5007 erunt;
2872 4939 3110 5010 ﬁentque
3138 4941 3193 4994 in
3241 4941 3450 5011 euripis
3495 4958 3573 4997 rc-

2001 5030 2398 5101 ciprocationes
2468 5047 2730 5102 aquarum
2820 5048 3210 5103 regressusque
3280 5036 3448 5091 maris
3517 5036 3570 5091 in

2000 5121 2250 5190 Oceano;
2277 5123 2424 5193 quod
2469 5126 2515 5178 si
2573 5125 2700 5178 luna
2730 5125 3026 5179 novissima
3049 5126 3291 5194 primave
3323 5126 3453 5181 solis
3474 5125 3567 5180 de-

2001 5213 2179 5270 fectus
2225 5214 2334 5281 ﬁet,
2381 5216 2497 5269 haec
2558 5216 2741 5270 omnia
2781 5217 3183 5279 vehementiora
3212 5217 3566 5285 contingunt;

2003 5307 2311 5363 interventu
2344 5309 2544 5378 quippe
2582 5308 2722 5363 luna:
2772 5310 2905 5365 solis
2955 5309 3093 5364 radii
3120 5308 3376 5363 occultati
3404 5307 3568 5362 hebe-

1993 5404 2198 5454 tantur.

2066 5491 2399 5549 Immensum
2427 5492 2557 5563 quid
2588 5501 2672 5549 est
2703 5501 2757 5549 et
2785 5495 2901 5565 ipsa
2933 5494 3093 5559 luna;
3130 5507 3288 5563 nugae
3316 5504 3478 5545 mera:
3501 5491 3566 5545 il-

1994 5587 2058 5642 lae
2089 5593 2217 5643 sunt
2236 5587 2502 5657 planeque
2550 5586 2686 5651 lirae,
2717 5588 2874 5642 nobis
2904 5601 2934 5640 a
2964 5584 3273 5641 temulentis
3331 5582 3565 5639 aniculis

1994 5680 2205 5743 traditi,
2230 5681 2414 5735 lunam
2472 5679 2748 5735 veneficiis
2793 5677 3117 5748 quibusdam
3159 5674 3380 5747 propria
3434 5672 3564 5730 sede

1994 5773 2200 5829 moveri
2233 5780 2287 5828 et
2316 5773 2371 5826 in
2397 5780 2596 5828 terram
2628 5771 2841 5838 delabi;
2876 5777 2928 5823 et
2953 5767 3204 5838 quisnam
3234 5768 3380 5823 illam
3406 5767 3560 5823 locus

1996 5867 2271 5939 delapsam
2301 5865 2612 5937 exceperit?
2636 5878 2812 5934 neque
2841 5878 2935 5933 per
2957 5874 3200 5914 errorem
3235 5860 3289 5915 in
3315 5857 3557 5914 fraudem
