4090 6288
501 385 504 388 ’
605 422 709 480 723

1442 416 1502 470 S.
1541 405 1984 470 EUSTATHIUS
2016 402 2501 469 ANTIOCIIENUS
2538 398 2937 465 EPISCOPUS.

3748 355 3877 446 ’τξι

606 540 862 603 incurrit,
890 552 1060 608 neque
1081 532 1228 607 quod
1254 533 1453 589 visioni
1484 547 1709 605 parvum
1753 541 1990 586 externae
2020 529 2169 585 vide-

2274 533 2373 603 γὰρ
2424 529 2729 603 ἐξηπάτησε
2779 525 2841 579 τδ
2888 520 3202 594 φαινόμενον
3252 514 3328 580 ὡς
3369 504 3602 586 μικρόν
3640 518 3699 608 τι
3745 498 3881 560 εἶναι

605 642 718 697 tur,
751 647 974 703 parvum
1027 629 1081 684 id
1126 644 1250 685 esse
1294 627 1556 681 indicato.
1589 623 1782 678 Nostra
1804 621 1950 678 enim
1998 621 2161 686 visio,

608 739 731 778 cum
764 725 877 793 ipsa
899 736 1063 792 parva
1098 721 1189 786 sit,
1217 734 1382 790 parva
1412 718 1575 773 etiam
1607 722 1661 772 et
1694 730 1757 769 ea
1790 728 1911 784 quae
1936 729 2166 768 cernen-

606 822 717 878 tur,
751 821 810 868 ut
855 815 1142 883 epinemur
1171 826 1315 875 esse,
1372 809 1552 873 ellicit,
1603 806 1885 876 proprium
1916 804 2162 859 morbum

605 906 767 961 rebus
798 906 930 961 visis
961 904 1401 967 communicaris;
1443 914 1677 968 namque
1707 898 1869 952 etiam
1916 896 1963 951 si
1985 895 2107 965 quis
2135 909 2166 948 e

606 997 915 1053 summitate
944 999 1206 1051 montium
1244 1007 1464 1063 campos
1487 997 1750 1060 patentes,
1790 996 1844 1043 et
1866 988 1921 1042 in
1951 987 2058 1041 illis
2091 985 2169 1040 si-

606 1088 719 1141 mul
753 1088 918 1144 boves
949 1097 1233 1158 pascentes
1262 1082 1591 1155 despexerit,
1652 1079 1902 1135 formicas
1937 1077 2041 1133 sibi
2087 1075 2167 1128 vi-

607 1177 738 1231 dere
761 1176 1051 1232 videbitur.
1087 1176 1243 1232 Visio
1271 1176 1416 1231 enim
1448 1187 1545 1243 per
1571 1185 1749 1225 aerem
1780 1175 2092 1231 extenuata,
2113 1171 2168 1219 et

605 1267 765 1336 quasi
807 1281 1159 1334 evanescens,
1194 1281 1283 1321 res
1327 1265 1430 1320 sibi
1459 1261 1704 1331 objectas
1732 1259 2011 1329 percipere
2058 1271 2168 1311 non

608 1360 770 1414 valet.
806 1358 1004 1414 Verum
1040 1361 1181 1415 lunae
1200 1372 1398 1428 corpus
1426 1355 1722 1410 maximum
1745 1366 1867 1406 esse
1897 1351 1986 1404 illa
2008 1365 2169 1419 argu-

611 1458 794 1505 mento
830 1460 981 1507 sunt.
1023 1450 1283 1507 Civitates
1306 1448 1451 1504 enim
1473 1447 1531 1501 in
1561 1453 1829 1500 terrarum
1869 1442 2001 1496 orbe
2025 1441 2168 1494 mul-

610 1549 725 1594 tum
763 1542 906 1597 inter
937 1558 996 1597 se
1044 1542 1308 1597 distantes
1338 1542 1603 1609 longeque
1635 1537 1914 1606 sejunctze,
1985 1534 2170 1604 strigis

611 1650 733 1703 quae
760 1633 1035 1691 Orientem
1062 1634 1379 1704 respiciunt,
1394 1645 1546 1702 neque
1585 1643 1776 1685 omnes
1824 1627 1964 1681 lunae
1990 1626 2170 1679 lumen

612 1727 918 1796 excipiunt;
941 1734 996 1781 et
1024 1726 1272 1782 similiter
1294 1738 1525 1781 occasus
1577 1729 1631 1777 et
1664 1719 2086 1777 meridianarum
2119 1724 2172 1773 et

615 1818 938 1874 australium
968 1819 1204 1890 partium
1226 1819 1417 1873 incolae
1439 1822 1702 1887 spectant.

687 1909 888 1976 Quinto
916 1884 1095 1965 autem
1129 1911 1236 1973 die,
1271 1909 1410 1963 Deus
1432 1884 1580 1979 aquis
1635 1915 1693 1959 ut
1755 1906 2050 1958 animarum
2104 1903 2178 1956 υἱ-
2208 1884 2249 1938 Β

619 2004 845 2056 centium
879 2002 1085 2071 reptilia
1128 2000 1412 2056 secundum
1454 2014 1612 2069 genus
1645 1996 1986 2067 producerent
2008 1993 2175 2064 jussit

622 2094 700 2160 ³³;
726 2094 1015 2165 statimque
1044 2109 1194 2150 mare
1220 2094 1373 2149 varia
1397 2090 1752 2146 animantium
1785 2103 1983 2159 genera
2015 2102 2178 2157 pepe—

617 2183 940 2238 rit.-Horum
974 2185 1219 2254 quaedam
1248 2197 1357 2238 non
1386 2182 1567 2236 minus
1598 2179 1762 2233 humo
1792 2192 1952 2249 quam
1984 2183 2177 2247 stagno

619 2282 1009 2341 consuescunt,
1036 2274 1201 2330 veluti
1233 2273 1385 2328 vituli
1412 2270 1626 2334 marini,
1654 2284 1792 2340 quos
1824 2273 2020 2323 vocant
2045 2266 2178 2336 pho-

619 2382 748 2433 cas;
777 2367 1058 2431 crocodili,
1084 2367 1208 2437 equi
1231 2364 1537 2431 ﬂuviatiles,
1560 2377 1662 2417 nec
1691 2376 1800 2417 non
1843 2368 1897 2414 et
1930 2374 2095 2423 rana,
2125 2365 2180 2412 et

621 2457 829 2522 cancri,
862 2456 1062 2526 quibus
1106 2455 1332 2510 natandi
1370 2470 1478 2509 non
1538 2453 1680 2507 inest
1731 2450 1998 2515 facultas;
2055 2464 2178 2503 cum

622 2548 768 2601 enim
794 2556 989 2601 natura
1010 2547 1064 2601 id
1109 2547 1345 2601 habeant
1387 2553 1445 2599 ut
1474 2550 1688 2612 repant,
1724 2541 1891 2595 ductu
1915 2555 2180 2609 aquarum

622 2638 940 2694 trahuntur.
971 2637 1227 2704 Quaedam
1264 2637 1515 2691 animalia
1565 2636 1807 2707 pariunt,
1838 2632 2004 2686 veluti
2028 2631 2180 2685 vituli

622 2728 845 2795 marini,
871 2729 1131 2800 delphini,
1158 2728 1483 2799 torpedines,
1513 2734 1568 2783 et
1590 2728 1674 2783 his
1703 2724 1918 2782 similia.
1948 2720 2180 2777 Tantum

627 2818 773 2875 Deus
792 2820 978 2890 jussit,
1005 2827 1058 2876 et
1079 2822 1256 2890 pisces
1278 2834 1487 2884 omnes,
1522 2819 1638 2873 sive
1684 2817 1765 2874 illi
1798 2815 1853 2870 in
1884 2814 1993 2867 alto
2024 2815 2179 2877 mari,

627 2907 743 2960 sive
771 2908 825 2961 in
851 2907 1054 2971 littore,
1088 2909 1202 2963 sive
1230 2909 1285 2961 in
1334 2907 1458 2962 imis
1504 2907 1772 2977 partibus,
1815 2908 1929 2962 sive
1955 2908 2010 2961 in
2036 2908 2182 2962 saxis

627 3001 890 3071 gregatim
924 3001 1007 3057 vel
1036 3001 1265 3071 sparsim
1281 3002 1488 3064 vivunt,
1518 3001 1632 3057 sive
1661 3000 1939 3056 immensae
1974 3000 2180 3069 magni-

626 3094 836 3148 tudinis
865 3100 1002 3157 cete,
1031 3093 1145 3148 sive
1174 3091 1524 3147 minutissimi
1567 3091 1894 3162 prodi-bant;
1949 3087 2183 3146 naturali

627 3183 860 3255 quadam
893 3197 1018 3237 cum
1069 3182 1225 3252 aquis
1254 3180 1512 3236 allinitate
1544 3179 1843 3251 conjuncti.
1902 3177 2185 3247 Paulisper

626 3275 772 3326 enim
800 3272 847 3325 si
880 3271 948 3326 ab
969 3271 1126 3341 aquis
1148 3279 1491 3341 separentur,
1524 3269 1769 3340 spirandi
1803 3269 2062 3324 facultate
2089 3268 2178 3322 de-

626 3361 822 3426 stituti,
856 3360 1159 3427 intereunt;
1211 3375 1334 3414 nam
1360 3359 1751 3415 branchiarum
1781 3357 2100 3412 dilatatione
2132 3365 2187 3411 et

628 3452 1001 3507 contractione
1032 3451 1301 3521 recipiunt
1322 3466 1518 3521 aquam
1545 3458 1599 3506 et
1643 3450 1918 3516 emittunt,
1942 3449 2187 3504 vitalem-

627 3559 734 3614 que
764 3543 907 3599 hunc
927 3542 1171 3599 habitum
1205 3542 1476 3607 reddunt;
1511 3542 1694 3597 nullus
1726 3542 1868 3597 inter
1904 3556 1998 3597 eos
2020 3539 2186 3594 dimi-

628 3637 809 3692 diatos
860 3635 1023 3691 habet
1076 3635 1286 3698 dentes,
1325 3634 1421 3690 sed
1470 3649 1661 3689 omnes
1705 3634 1815 3687 illis
1866 3630 2189 3687 acuminatis

624 3725 970 3791 muniuntur,
1019 3740 1086 3779 ne
1140 3724 1231 3778 diu
1284 3724 1340 3777 in
1376 3721 1683 3778 mandendo
1708 3721 1971 3791 impediti,
2006 3720 2188 3773 cibum

626 3817 953 3873 dillluentem
1007 3814 1294 3881 amittant;
1328 3828 1460 3867 sane
1491 3814 1635 3868 enim
1679 3818 1814 3866 tunc
1865 3810 2019 3865 cibus
2052 3808 2191 3862 male

627 3910 966 3984 perderetur.
1006 3906 1168 3962 Solus
1192 3907 1422 3977 piscium
1452 3920 1643 3962 scarus
1667 3903 1867 3959 dicitur
1890 3901 2187 3975 ruminare,

634 4001 1014 4070 alimentisque
1045 3999 1188 4063 aliis,
1217 3998 1307 4052 alii
1354 3997 1459 4052 sibi
1508 3997 1894 4052 consentaneis
1941 4000 2187 4048 utuntur.

632 4091 865 4158 Quidam
896 4090 1038 4146 enim
1070 4091 1183 4144 luto
1203 4098 1514 4155 vescuntur,
1570 4089 1659 4143 alii
1713 4088 1854 4158 alga,
1887 4086 1978 4140 alii
2009 4084 2192 4140 herbis

635 4199 754 4253 qua:
780 4183 836 4237 in
867 4196 1005 4252 aqua
1055 4186 1330 4245 crescunt,
1361 4181 1581 4251 quidam
1615 4179 1778 4234 etiam
1836 4191 1957 4232 sese
2003 4184 2194 4231 mutuo

635 4275 913 4331 devorant.

706 4367 918 4422 Habent
970 4367 1096 4423 item
1126 4373 1181 4421 et
1211 4379 1339 4420 suas
1393 4363 1771 4433 proprietates.
1806 4360 1969 4414 Serra
2017 4358 2185 4429 piscis

636 4466 751 4519 alas
786 4462 949 4517 habet
967 4460 1226 4529 oblongas
1249 4499 1264 4522 ,
1289 4457 1335 4512 si
1372 4471 1560 4511 navem
1586 4452 1841 4510 secundis
1870 4453 2048 4509 ventis
2077 4466 2198 4506 cur-

2263 598 2628 695 νομιζόμενον.
2656 598 2851 689 ήΜικρὰ
2875 613 2981 685 γὰρ
3013 614 3045 684 ὴ
3088 609 3209 678 ὗψις
3236 605 3397 695 ἡμῶν
3431 598 3756 695 γινομξένην
3792 613 3878 695 ἑξμ-

2265 689 2371 784 κρὰ
2400 689 2619 781 ἐποίησε
2653 702 2962 777 νομίζεσθαι
3008 701 3100 754 ml
3129 699 3197 752 τὰ
3226 694 3525 769 ὁρώμενα,
3564 689 3635 743 τὸ
3680 689 3876 742 οἰκεῖον

2267 779 2436 867 πάθος
2470 779 2581 864 τοῖς
2621 800 2833 871 ὁρατοῖς
2874 793 3225 864 ἐπιφέρουσα.
3266 788 3499 858 ’Ὠσπερ
3531 781 3658 852 γὰρ
3708 779 3765 832 εί

2266 898 2350 950 ἐπ’
2382 869 2689 966 ἀκρωρείας
2716 888 2956 942 θεάσοιτο
2986 883 3141 938 πεδία
3169 881 3261 934 καὶ
3295 878 3435 949 βόας
3477 873 3586 927 ἐπὶ
3633 871 3700 924 τὸ
3747 869 3872 925 αὐτὸ

2265 964 2586 1059 νεμομένας,
2604 983 2751 1054 οὐχὶ*
2774 981 2848 1045 ὡς
2872 978 3171 1051 μυρμήκων
3189 969 3510 1042 φαντασίαν
3700 964 3866 1059 δοκεῖ·

2266 1052 2689 1148 ἐνδαπανηθεῖσα
2740 1072 2844 1144 γὰρ
2895 1068 2973 1139 τῷ
3021 1066 3140 1136 ἀέρι
3183 1066 3217 1134 ἡ
3251 1060 3394 1132 ὄψις,
3459 1057 3571 1148 καί
3622 1052 3869 1148 ἐξίτηλος

2267 1145 2552 1243 γενομένη,
2586 1165 2721 1237 πρὸς
2762 1162 2859 1233 τὴν
2889 1158 3090 1231 ἀκριϐῆ
3118 1151 3456 1222 κατανόησιν
3492 1146 3618 1243 τῷν
3654 1145 3869 1243 ὁρωμέ-

2267 1234 2371 1319 νων
2398 1234 2769 1332 οὺκνὲξαρκεῖ.
2815 1253 2925 1308 Kal
2963 1254 3045 1305 ὅτι
3084 1243 3447 1320 παμμέγεθες
3482 1234 3600 1311 τῆς
3637 1236 3865 1332 σελήνης

2267 1356 2327 1409 τὸ
2357 1350 2517 1424 σῶμά
2561 1330 2695 1412 ἐστι,
2735 1345 2921 1417 μαθεῖν
2966 1345 3029 1396 ἐκ
3065 1336 3376 1410 τεκμηρίων
3426 1332 3617 1424 ἐστιν.
3649 1330 3717 1381 Αἱ
3760 1331 3862 1397 γὰρ

2269 1448 2411 1503 κατὰ
2437 1421 2535 1517 τὴν
2566 1439 2886 1512 οἰκουμένην
2914 1435 3093 1498 πόλεις
3124 1432 3371 1486 πλεῖστον
3403 1423 3679 1517 ἀλλήλων
3713 1421 3856 1517 ἀπῳ-

2270 1538 2543 1610 κισμέναι,
2586 1536 2704 1597 ταῖς
2738 1530 2878 1586 κατὰ
2908 1529 3006 1599 τὴν
3038 1522 3300 1593 ἀνατολὴν
3326 1515 3736 1589 τετραμμέναι
3766 1514 3852 1582 ῥυ-

2274 1603 2576 1704 μοτομίαις,
2608 1627 2668 1692 ἐξ
2709 1627 2823 1680 [σου
2853 1624 3023 1676 πᾶσαι
3060 1620 3122 1685 τὸ
3163 1615 3449 1686 σεληναῖον
3497 1603 3627 1679 φῶς
3676 1604 3855 1704 ὐποδέῖ

2271 1697 2474 1796 χονται,
2505 1718 2596 1775 ml
2627 1719 2826 1792 ὁμοίως
2852 1715 3019 1786 αὐτὴν
3047 1713 3096 1765 οἰ
3120 1710 3218 1783 τὴν
3248 1708 3399 1761 δύσιν
3435 1700 3735 1762 οἰκοῦντες
3767 1697 3855 1751 ml

2272 1793 2340 1869 τὰ
2372 1809 2711 1884 μεσημϐρινὰ
2736 1808 2829 1862 ml
2859 1803 3077 1876 ἀρκτῷα
3114 1802 3251 1873 μέρη
3281 1793 3620 1869 θεωροῦσιν.

2345 1878 2422 1975 Ἰζῇ
2451 1878 2701 1973 δ’νῆμίέρᾳ
2731 1901 2796 1970 τῇ
2826 1897 3048 1967 πέμπτῃ
3071 1887 3445 1961 προσέταξεν
3547 1880 3700 1946 Θεὸς

2274 1967 2477 2067 ταγεῖν
2610 1967 2801 2044 ῧδατᾶ
2833 1986 3048 2056 ἑρπετὰ
3084 1979 3297 2051 ψυχῶν
3328 1974 3547 2038 ζωσῶν
3580 1972 3742 2067 parati:
3763 1967 3849 2067 τέο

2274 2063 2400 2155 arar"
2430 2087 2525 2141 ml
2550 2083 2750 2146 εὐθέως
2780 2082 2814 2152 ἡ
2851 2076 2947 2151 μὲν
2976 2077 3217 2131 θάλασσα
3248 2071 3485 2125 παντοῖα
3522 2065 3684 2132 ζώων
3724 2063 3844 2132 γένη

2274 2178 2501 2251 διάφορα
2543 2173 2840 2244 ἀπεκύησε.
2880 2167 2999 2224 Τῶν
3036 2167 3144 2239 γὰρ
3192 2163 3417 2218 ἐναλίων
3446 2158 3521 2213 τὰ
3564 2158 3670 2230 μέν
3710 2158 3843 2209 ἐστιν

2276 2248 2531 2344 ἀμφίϐια,
2559 2264 2667 2322 οἷον
2709 2264 2907 2335 φῶκαι,
2948 2260 3040 2314 καὶ
3071 2253 3422 2328 κροκόδειλοι,
3459 2249 3559 2303 καὶ
3603 2248 3654 2300 οἰ
3687 2261 3842 2344 ma:-

2280 2331 2446 2437 μιαῖοι
2468 2331 2644 2422 ἵπποι,
2675 2331 2753 2410 ἔτι
2786 2355 2844 2409 δὲ
2871 2351 2918 2406 οί
2960 2350 3237 2423 βάτραχοι,
3273 2346 3366 2398 ml
3394 2343 3448 2396 οἰ
3481 2340 3753 2412 καρκῖνοι,
3784 2331 3836 2387 οὐ

2281 2427 2461 2529 μέντοι
2504 2452 2565 2506 τὸ
2602 2445 2852 2522 νηκτικδν
2884 2444 3085 2515 ἔχουσι·
3135 2433 3440 2510 ἐρπυστικὰ
3489 2432 3604 2502 γάρ
3640 2433 3751 2529 ἐστι

2279 2517 2458 2620 τρύσει,
2487 2544 2566 2616 τῷ
2609 2517 2850 2615 ἡγήματι
2894 2534 2985 2589 τοῦ
3018 2533 3207 2593 ὓδατος
3247 2525 3630 2598 ἐπισυρόμενα
3651 2538 3663 2551 ·
3698 2517 3833 2620 τάδε

2280 2610 2550 2706 ξωοτὸκα,⁷
2579 2610 2926 2702 οἷονήιρῶκαι,
2958 2626 3052 2680 ml
3077 2623 3338 2692 δελφῖνες,
3371 2619 3472 2673 καὶ
3505 2617 3724 2687 νάρκαι,
3753 2610 3834 2706 ml.

2278 2700 2347 2789 τὰ
2368 2736 2524 2805 ὅμοια
2553 2700 2751 2790 αὑτοῖςξ
2781 2724 2953 2779 Μόνον
2982 2722 3039 2775 δὲ
3071 2713 3398 2790 προσέταξεν
3430 2710 3461 2765 ό
3483 2709 3638 2772 Θεὸς,
3666 2700 3833 2805 καὶ.τά

2281 2795 2531 2894 πελάγια,
2576 2821 2671 2875 καὶ
2699 2818 2766 2871 τὰ
2808 2811 3120 2885 αἰγιαλώδη,
3148 2808 3217 2862 τὰ
3244 2805 3425 2878 βύθια,
3467 2803 3539 2856 τὰ
3569 2795 3828 2894 πετρώδη,

2279 2920 2348 2975 τὰ
2365 2885 2610 2987 ἀγελαῖα,
2638 2913 2706 2966 τὰ
2728 2904 3130 2981 σποραδικά,τὰ
3159 2903 3323 2973 κήτη,
3349 2898 3417 2952 τὰ
3446 2895 3739 2987 ὑπέρογκα,
3767 2885 3832 2987 τά

2280 2976 2727 3064 λεπτόταταττῶν
2774 2976 2967 3073 ἰχθύων
3009 2996 3205 3068 προΐει,
3257 2989 3574 3060 συγγένειαν
3608 2981 3738 3054 πρὸς
3773 2976 3833 3031 τὺ

2282 3101 2425 3174 ὕδωρ
2452 3096 2682 3170 φυσικὴν
2715 3094 2923 3164 ἔχοντα.
2947 3086 3157 3160 Μικρὸν
3186 3084 3296 3156 γὰρ
3326 3085 3374 3137 εἰ
3396 3080 3487 3135 τοῦ
3516 3078 3700 3174 ὕδατος
3722 3088 3826 3174 χερ-

2288 3161 2475 3268 ρισθῇ,
2497 3190 2569 3263 μὴ
2596 3161 2785 3260 ἔχοντα
2810 3181 3100 3252 ἀναπνοὴν,
3125 3175 3507 3248 διαφθείρεται·
3531 3167 3697 3268 ήμγὰρ
3721 3161 3826 3268 τῶν

2289 3254 2769 3358 βραγχίωναῦτοῖς
2808 3268 3076 3342 διαστολὴ,
3110 3270 3205 3325 ml
3245 3263 3534 3358 ἐπίπτυξις,
3561 3254 3819 3358 δεχομένη

2378 3347 2539 3446 ὓδώρ,
2582 3372 2675 3426 ml
2737 3370 2950 3430 διιεῖσα,
2981 3362 3183 3434 ταύτην
3213 3359 3302 3430 τήν
3326 3347 3811 3446 ἀναπνοὴν-κέκτηυ

2285 3486 2395 3523 ται.
2430 3437 2591 3519 Οῦδέν
2614 3461 2743 3535 παρ’
2770 3460 2949 3521 αὐτοῖς
2972 3456 3029 3522 ἐξ
3050 3452 3297 3526 ἡμισείας
3320 3449 3424 3520 εχει
3440 3444 3556 3505 τοὺς
3580 3437 3803 3535 ὀδόνταςῖ

2287 3522 2423 3614 ἀλλὰ
2461 3556 2637 3610 πάντα
2666 3522 2872 3606 ὀδοῦσιν
2900 3548 3042 3616 ὀξέσι
3072 3522 3566 3601 καταπεπὺκνωται,
3597 3522 3811 3616 πρδςῗτδ

2292 3650 2365 3722 μὴ
2393 3646 2659 3719 διαρῤέειν
2686 3646 2751 3714 τῇ
2779 3614 2966 3713 χρονία
2997 3638 3229 3710 μασήσει
3247 3632 3343 3703 τὴν
3367 3626 3579 3722 τροφήν.

2288 3712 2396 3813 γάρ
2444 3712 2617 3809 ἐνντῇ
2666 3712 2836 3806 λεπτῇ
2894 3732 3124 3804 μασήσει
3164 3718 3561 3794 διαφθείρεσθαι
3590 3712 3705 3813 Δύπδ
3731 3712 3817 3813 τοῦ

2290 3798 2498 3896 ῦδάτος.
2641 3798 2845 3901 ρυκίζέι
2980 3798 3130 3877 οῦδὲν
3158 3818 3283 3872 ἄλλο
3314 3816 3443 3886 παρ’
3466 3808 3639 3901 advola;
3664 3804 3709 3855 εἰ
3750 3798 3819 3901 μὴ

2289 3927 2318 3979 ὁ
2346 3887 2564 3995 σκάρος.
2600 3887 2755 3972 ’ἐστι
2775 3887 2839 3969 δὲ
2871 3914 2965 3969 ml
2991 3914 3025 3984 ἡ
3067 3908 3240 3982 τροφὴ
3274 3905 3406 3975 ἄλλη
3447 3898 3617 3959 ἄλλοις
3640 3887 3822 3995 κατάλ-

2290 3983 2467 4087 ληλοςξ
2494 3983 2556 4069 Oi
2589 4013 2686 4085 μὲν
2714 4010 2823 4082 γὰρ
2854 4007 2956 4061 ἱλύῖ
2974 3983 3283 4078 τρέφονται,
3312 3999 3360 4051 οί
3393 3996 3449 4050 δὲ
3476 3995 3585 4055 τοῖς
3612 3983 3823 4087 cavati-0K:

2292 4077 2442 4168 ἄλλοι
2467 4077 2602 4173 ταῖς.
2618 4077 2863 4178 βοτάναις
2884 4105 3001 4165 ταῖς
3015 4077 3380 4172 τρεφομέναις
3410 4091 3491 4163 τῷ
3523 4089 3696 4142 ὕδατι·
3724 4077 3825 4130 ἓτε-

2297 4222 2379 4276 ροι
2401 4203 2458 4257 δέ
2485 4204 2619 4256 εἰσιν
2648 4197 3026 4269 ἀλληλοφάγοι.

2369 4353 2607 4414 Ἐστιδέ
2635 4354 2812 4411 αὐτῶν
2851 4350 2945 4405 ml.
2986 4350 3216 4418 διάφορα
3255 4343 3535 4415 ἰδιώματα.
3578 4336 3637 4389 Ὃ
3676 4324 3827 4399 πριὼν

2297 4455 2570 4526 πτέρυγας
2596 4450 2707 4520 ἔχει
2738 4447 2967 4519 μακράς·
2997 4443 3087 4495 ml
3113 4437 3443 4507 θεασάμενος
3471 4430 3653 4526 πλοῖον
3676 4422 3829 4490 οὐριο-

636 4572 758 4614 sum
780 4562 1053 4610 tenentem
1087 4566 1244 4615 suum
1277 4548 1490 4609 viderit.
1518 4546 1693 4602 alisin
1716 4549 1885 4600 altum
1932 4544 2183 4609 extensis,

2295 4517 2550 4617 δρομοῦν,
2603 4517 2695 4595 ml
2740 4517 2899 4602 αὐτός
2940 4531 3157 4624 ὑψώσας
3197 4525 3386 4627 ἑαυτοῦ
3420 4517 3828 4627 τάςιπτέρυγαῗζ

636 4647 793 4702 navis
812 4644 995 4700 varios
1017 4640 1367 4713 ingrediendo
1398 4645 1579 4694 motus
1610 4645 1773 4707 atque
1795 4636 1992 4706 ﬁguras
2015 4636 2193 4688 imita-

633 4745 750 4798 tur.
778 4744 833 4791 et
859 4750 983 4790 cum
1019 4734 1153 4804 ipsis
1178 4730 1560 4803 navigantibus
1588 4729 1655 4785 de
1674 4744 1837 4783 cursu
1867 4734 2067 4789 certat;
2100 4726 2194 4795 qui

640 4831 733 4884 ubi
764 4828 1124 4899 quadraginta
1173 4826 1473 4883 stadiorum
1505 4822 1738 4893 spatium
1769 4819 2087 4890 expleverit,
2124 4819 2197 4872 la-

638 4922 771 4976 bore
796 4919 1073 4990 fatigatus,
1097 4918 1198 4974 alis
1240 4916 1500 4979 dimissis,
1549 4928 1762 4969 summa
1809 4925 1952 4982 aqua
1975 4918 2192 4976 natans,

635 5013 694 5069 in
733 5011 1009 5082 preprium
1034 5011 1211 5064 locum
1243 5016 1389 5085 retro
1415 5017 1568 5062 actus
1599 5003 1840 5076 appellit.

711 5103 925 5158 Balaena
966 5115 1127 5170 quam
1158 5099 1645 5169 ASplthChClOllam
1697 5095 1919 5167 quidam
1980 5088 2189 5155 dicunt,

636 5196 697 5251 in
728 5195 1045 5250 immensam
1079 5191 1500 5261 magnitudinem
1532 5189 1815 5252 adolescit,
1845 5187 1919 5240 ita
1953 5194 2013 5240 ut
2042 5186 2197 5240 navi-

639 5288 894 5359 gantibus
942 5285 1177 5356 speciem
1211 5283 1445 5353 ingentis
1477 5282 1670 5338 insula:
1693 5287 2066 5350 repraesentet.
2118 5276 2195 5331 Ex

636 5380 907 5453 profundo
932 5391 1165 5445 namque
1194 5388 1477 5444 emergens
1515 5375 1715 5427 eminet
1748 5371 1911 5426 dorso
1968 5370 2199 5423 multum

638 5490 805 5545 supra
832 5486 1022 5543 aquas,
1049 5467 1193 5539 quod
1222 5465 1375 5521 duris
1413 5465 1727 5535 asperisque
1757 5463 1904 5518 saxis
1942 5462 2198 5517 vestitum

638 5565 885 5629 videtur;
923 5569 977 5617 et
1024 5561 1080 5615 in
1118 5575 1183 5616 eo
1214 5558 1335 5613 lixis
1380 5556 1519 5626 palis
1565 5569 1731 5609 naves
1779 5554 2022 5624 alligant,
2079 5565 2201 5622 quae

642 5656 823 5710 statim
848 5656 902 5711 in
930 5668 1127 5724 aquam
1156 5655 1461 5720 emergunt,
1485 5662 1608 5704 cum
1629 5645 1833 5701 balaena
1866 5642 2202 5715 apricatione

641 5745 928 5801 incaluerit
955 5761 1120 5815 seque
1168 5743 1221 5800 in
1252 5739 1579 5813 profundum
1616 5736 1981 5795 immerserit:
2040 5734 2202 5792 habet

720 5839 761 5871 “
792 5836 919 5893 Gen.
957 5855 996 5905 I,
1033 5839 1117 5896 13.

2303 4597 2548 4710 μιμεῖται
2591 4634 2691 4703 τῆς
2734 4628 2858 4703 νηὸς
2880 4597 2965 4683 ⁷τᾶι
2987 4597 3259 4710 ’σχήματα
3297 4620 3398 4690 τῆς
3422 4616 3712 4710 ᾐκινήσεωςν
3752 4597 3830 4710 xi“

2299 4689 2467 4800 ἐρίζει
2494 4727 2605 4788 τοῖς
2648 4689 2884 4775 πλέοῦσι.
2916 4689 3153 4787 Ποιήσας
3178 4708 3270 4766 οὖν
3314 4689 3562 4768 σταδίους
3588 4689 3830 4800 τεσσαρά-

2300 4791 2483 4881 κοντα,
2520 4816 2612 4871 καὶ
2644 4812 2930 4875 κοπιάσας,
2968 4808 3214 4880 καθίησιν
3243 4800 3405 4858 αὑτοῦ
3433 4800 3531 4863 τὰς
3562 4791 3829 4881 πτέρυγαῇ

2301 4913 2393 4968 καὶ
2440 4872 2662 4983 φ’ἑρεται
2707 4904 2812 4960 ὑπὸ
2850 4872 2962 4960 τών
3009 4872 3265 4973 κυμάτων
3308 4897 3387 4959 εἰς
3426 4892 3519 4946 τὸν
3563 4888 3718 4941 τόπον
3756 4872 3832 4928 τὸν

2301 5007 2450 5061 ἴδιον.

2370 5092 2442 5148 To
2474 5094 2529 5147 δὲ
2559 5093 2721 5163 κῆτος
2753 5089 2991 5143 καλεῖται
3016 5082 3114 5152 μὲν
3139 5073 3562 5149 Ἀσπιδοχελώνη
3590 5064 3833 5163 παρά-ξ’

2301 5206 2413 5243 σιν’
2452 5187 2568 5239 ἐστι
2600 5149 2657 5237 δὲ
2687 5149 2753 5253 τῇ
2786 5179 2944 5250 φύσει
2983 5149 3521 5248 παμμεγεθέστατον,
3557 5162 3630 5223 ὡς
3663 5149 3832 5253 πολλά-

2299 5296 2387 5344 κις
2426 5284 2539 5344 τοῖς
2585 5247 3014 5344 ναυτιλλομένοις
3063 5247 3226 5341 νήσου
3280 5260 3522 5338 μεγάλης
3568 5247 3835 5345 φαντασίαν

2300 5339 2614 5443 ἐμποιῆσαι.
2664 5339 3044 5427 Ἀναδῦσαντος
3085 5339 3195 5435 γὰρ
3234 5357 3396 5414 αὐτοῦ
3438 5358 3504 5410 ἐκ
3540 5347 3631 5406 τοῦ
3672 5339 3833 5443 βυθοῦΪ

2304 5432 2379 5525 cf);
2402 5432 2539 5514 λίθοι
2558 5460 2778 5532 τραχεῖς
2799 5457 2860 5509 τὸ
2886 5454 3040 5526 σῶμα
3065 5432 3228 5507 αὐτοῦ
3255 5446 3590 5532 ἐκφαίνεται,
3614 5432 3701 5492 καὶ
3728 5438 3835 5532 fel“

2307 5551 2438 5607 αὐτὸ
2480 5550 2682 5615 πάλους
2720 5542 3161 5617 καταπηγνύντες
3190 5534 3509 5611 ἐκδεσμοῦσι
3541 5529 3606 5585 τὰ
3654 5521 3835 5617 difficili}:

2309 5644 2460 5698 ἅτινα
2516 5612 2850 5714 παραχρῆμα
2900 5612 3190 5709 βυθίζεται,
3232 5628 3326 5686 τοῦ
3376 5628 3572 5699 κήτους
3625 5612 3723 5714 ῧτξξ
3757 5617 3836 5714 ’ἓν

2316 5733 2466 5804 ἡλίου
2488 5699 2986 5803 διαθερμανθέντος,
3017 5699 3109 5781 καί
3129 5722 3206 5787 εἰς
3231 5721 3319 5776 τὸν
3349 5716 3508 5790 βυθὸν
3529 5699 3832 5767 καταδύσαν’
