4090 6288
346 345 448 404 725

1255 344 1530 402 SPURIA.
1562 375 1632 385 —-
1671 342 2028 400 COMMENT.
2063 342 2132 398 IN
2166 342 2663 403 H‘EXAEMERON.

3474 351 3579 409 728

341 486 466 534 τός’
506 468 619 541 ἔχει
648 469 705 523 δὲ
744 467 896 535 αὐτὸ,
945 470 1041 523 καὶ
1068 468 1225 539 φύσει
1297 469 1522 542 βαρεῖαν
1554 468 1758 539 φωνὴν,
1814 467 1910 521 καὶ

2015 474 2066 522 et
2090 482 2277 522 vocem
2297 481 2539 539 gravem,
2569 475 2624 522 et
2666 464 2809 522 l‘ame
2847 482 2910 523 os
2942 467 3137 538 aperit,
3168 468 3585 525 suavissimum-

343 562 607 632 πεινῆσαν
670 562 905 631 ἀνοίγειν
945 562 1008 615 τὸ
1062 562 1264 632 στόμα,
1329 561 1423 615 καὶ
1480 559 1760 632 ἀποφορὰν
1818 561 1911 612 ὲκ-

343 656 584 727 πέμπειν
632 654 1025 726 εὐωδεστάτην,
1073 654 1212 708 ὥστε
1263 654 1389 718 τοὺς
1446 654 1675 725 μικροὺς
1727 651 1915 723 ἰχθύας

341 747 692 818 ἀφέλκεσθαι,
742 749 834 801 καὶ
874 749 954 812 είς
994 747 1055 801 τὸ
1100 747 1274 818 στόμα
1325 746 1520 810 αὐτοὺς
1567 745 1720 809 ὅλους
1750 744 1911 799 αὐτοῦ

341 838 806 904 ὲπιστιόάζεσθαι.
836 841 1094 893 Κατοικεί
1120 839 1177 892 δὲ
1217 837 1374 891 τοῦτο
1404 839 1475 893 τὰ
1512 837 1793 892 Ἀτλάντια
1819 854 1916 890 πε-

339 930 478 1004 λάγη
510 932 597 986 διὰ
621 931 682 986 τὸ
717 932 964 1004 μέγεθος.

412 1024 503 1095 Τῷ
540 1024 598 1079 δὲ
638 1025 944 1098 καρκίνῳή
987 1024 1122 1097 σὰρξ
1161 1023 1255 1078 τοῦ
1297 1023 1518 1095 ὀστρέου
1553 1023 1700 1077 ἐστὶν
1733 1019 1914 1076 ἐδώδι-

346 1131 465 1186 μος,
492 1116 587 1170 καὶ
618 1114 692 1188 μὴ
727 1116 926 1187 ίσχύων
959 1114 1166 1182 ἀνοῖξαι
1208 1114 1316 1169 τῶν
1354 1115 1572 1185 κόγχων
1609 1112 1774 1167 αὐτοῦ
1814 1114 1914 1184 τὴν

345 1205 679 1276 σύμπτυξιν,
713 1207 963 1277 ἐπιτηρεῖ
1007 1204 1104 1268 τὰς
1154 1203 1366 1276 πτυχὰς
1411 1204 1576 1258 αὐτοῦ
1629 1202 1914 1268 ἀνοίξαντα

340 1298 400 1349 ὲν
446 1299 558 1361 τοῖς
599 1297 898 1370 ἀπηνέμοις
940 1297 1146 1361 τόποις,
1187 1296 1282 1349 xui.
1321 1299 1386 1368 τῇ
1434 1297 1576 1367 αὐγῇ
1620 1295 1713 1349 τοῦ
1762 1294 1913 1366 ἡλίου

339 1390 694 1461 τερπόμενον,
732 1389 825 1442 καί
864 1384 1042 1442 λαϐὼν
1079 1387 1287 1459 ψηφῖδα
1328 1385 1570 1457 ἐντίθησι
1620 1383 1911 1455 λαθραίως,

343 1485 438 1537 καὶ
464 1482 662 1537 κωλύει
691 1481 788 1554 τὴν
843 1479 1165 1553 σύμπτυξιν,
1210 1480 1305 1534 καὶ
1352 1479 1495 1533 οὕτω
1551 1478 1749 1550 ῥᾳδίως
1785 1476 1916 1531 αὐτὸ

342 1576 648 1631 κατέδεται.

424 1670 482 1722 '0
506 1669 564 1723 δὲ
603 1671 776 1740 ἐχῖνος
834 1666 1318 1741 προγινώσκειτοῦ
1363 1662 1629 1737 χειμῶνος
1656 1662 1752 1734 τὴν
1793 1661 1916 1733 ἐφο-

341 1759 451 1825 δον,
487 1760 580 1814 καὶ
599 1760 804 1833 ψηφῖδα
830 1760 1122 1832 ὑπέρχεται
1147 1759 1283 1833 πρὸς
1303 1758 1365 1812 τὸ
1392 1756 1466 1829 μὴ
1488 1755 1593 1809 ὑπὸ
1618 1755 1719 1825 τῆς
1744 1755 1914 1826 φορᾶς

341 1852 448 1907 τῶν
476 1852 731 1924 κυμάτων
765 1853 926 1908 αὐτὸν
954 1850 1331 1925 περιάγεσθαι.

423 1943 482 1997 '0
524 1944 581 1998 δὲ
628 1944 922 2011 πολύπους,
970 1944 1355 2017 προσπελάσας
1388 1943 1564 2015 πέτρᾳ
1606 1942 1733 2005 τινὶ,
1781 1941 1912 2013 ὁμό-

340 2053 497 2107 χροος
530 2039 667 2110 αὐτῇ
713 2038 1041 2111 καθέστηκε,
1090 2039 1186 2092 καὶ
1214 2039 1340 2101 τοὺς
1372 2037 1691 2105 ὲγγίζοντας
1724 2034 1912 2106 ἰχθύας

339 2129 405 2200 τῇ
439 2129 615 2201 πέτρᾳ
641 2130 943 2185 κατέδεται.

283 2260 295 2274 .
408 2214 748 2292 Μικρότατον
788 2221 844 2276 δὲ
890 2223 957 2292 τῇ
995 2219 1153 2292 φύσει
1186 2222 1220 2292 ἡ
1264 2218 1475 2291 ὲχενηῒς
1506 2218 1782 2290 τυγχάνει,
1818 2220 1911 2272 καὶ

258 2345 261 2348 ‹
340 2312 407 2368 τὰ
442 2313 671 2387 μέγιστα
698 2314 808 2369 τῶν
836 2314 1034 2368 πλοίων
1062 2313 1120 2381 ἐξ
1159 2313 1345 2384 οὐρίας
1377 2312 1651 2384 φερόμενα
1677 2312 1907 2382 ἵστησιν,

341 2404 478 2460 ὥστε
506 2406 678 2461 δοκεῖν
702 2406 763 2460 τὸ
792 2407 973 2460 πλοῖον
1005 2404 1320 2478 ὲρηρεῖσθαι
1348 2406 1427 2467 εἰς
1456 2404 1518 2456 τὸ
1546 2404 1800 2473 πέλαγος.

413 2496 604 2568 ’Υδρις
644 2496 702 2549 δὲ
751 2496 896 2550 ἐστιν
937 2498 994 2549 ἐν
1029 2495 1107 2567 τῷ
1157 2493 1408 2565 ποταμῷ,
1457 2495 1670 2567 μορφὴν
1714 2493 1910 2565 ἔχουσα

344 2589 535 2655 κυνὸς,
584 2588 706 2659 ἦτις
750 2587 843 2640 τοῦ
893 2586 1233 2660 κροκοδείλου
1278 2587 1445 2660 ὲχθρᾶι
1492 2587 1768 2657 τυγχάνει,
1816 2587 1910 2640 καὶ⁵

340 2679 553 2749 ἀναιρεί
582 2677 768 2730 τοῦτον
814 2676 1161 2732 καθεύδοντα.
1207 2678 1279 2731 Τὸ
1327 2677 1436 2749 γὰρ
1487 2676 1664 2750 στόμα
1710 2678 1908 2732 ἑαυτοῦ

339 2768 608 2835 διανοίξας
657 2771 686 2823 ό
732 2769 1068 2840 κροκόδειλος
1109 2770 1388 2824 καθεύδει·
1435 2771 1529 2824 καὶ
1560 2771 1593 2841 ἠ
1628 2771 1796 2843 ὖδρις,
1829 2774 1908 2836 εἰς

342 2858 511 2930 πηλὸν
552 2860 748 2932 ἑαυτὴν
796 2860 1152 2927 ὲγκωλύσασα
1204 2859 1268 2932 [Ῑ.
1324 2860 1699 2932 ὲγκυλίσασα],
1735 2863 1817 2926 είς
1848 2863 1910 2915 τὸ

342 2950 520 3021 στόμα
559 2949 721 3003 αὐτοῦ
777 2950 1027 3021 είσπηδᾷ,
1085 2950 1177 3003 καὶ
1220 2951 1395 3004 πάντα
1433 2949 1501 3004 τὲι
1556 2951 1703 3015 ἰντδς
1742 2951 1907 3006 αὑτοῦ

341 3042 701 3097 κατεσθίουσα
736 3043 947 3114 ἀναιρεί
976 3042 1156 3096 αὐτόν.

416 3133 570 3191 Ἐστι
598 3132 655 3185 δὲ
686 3134 714 3185 ό
737 3132 1073 3204 κροκόδειλος
1106 3132 1291 3205 θηρίον
1322 3133 1456 3205 ὁμοῦ
1487 3135 1579 3188 καὶ
1609 3133 1778 3205 ἰχθὺς,
1814 3134 1909 3189 καὶ¹

344 3186 487 3299 μέγα
521 3225 628 3279 ἀπὸ
660 3186 903 3296 κεφαλῆς
931 3186 1070 3296 άχρι⁷
1105 3186 1288 3298 οὐιρᾶς·
1318 3186 1378 3279 ού
1407 3186 1660 3297 μὲνήὲχεῖ
1939 3186 1983 3248 c

339 3337 429 3385 τος
458 3315 551 3371 τοῦ
586 3317 848 3389 μεγέθους
883 3317 1163 3387 ἀνάλογον.
1207 3320 1273 3372 Ἠ
1304 3319 1361 3372 δὲ
1400 3318 1533 3390 δορὰ
1566 3318 1729 3374 αὐτοῦ
1757 3319 1912 3383 λεπὶς

337 3409 597 3481 τυγχάνει
624 3410 780 3483 ρυτὴ,
815 3411 909 3463 καὶ
941 3413 974 3482 ή
1005 3410 1161 3483 χροιά
1198 3413 1291 3465 τοῦ
1333 3410 1501 3465 νώτου
1533 3412 1696 3466 αὐτοῦ
1736 3412 1912 3485 πέτρᾳ

343 3502 569 3573 μελαίνῃ
601 3500 796 3566 ἔοικεν,
837 3502 871 3572 ή
913 3499 969 3553 δὲ
996 3501 1208 3573 γαστὴρ
1250 3501 1438 3574 λευκῇ.
1467 3501 1632 3566 Πόδες
1664 3502 1722 3556 δὲ
1746 3502 1911 3556 αὐτοῦ

340 3594 448 3646 εἰσὶ
486 3592 766 3664 τέσσαρες,
816 3593 896 3654 εἰς
943 3591 1004 3644 τὸ
1044 3592 1270 3661 πλάγιον
1310 3593 1492 3665 ἡρέμα
1533 3595 1907 3666 κυρτούμενοι·

339 3677 523 3741 καθὼς
553 3678 656 3749 τῆς
681 3678 941 3751 χερσαίας
971 3679 1231 3750 χελώνης,
1262 3680 1401 3752 οὐρὰ
1446 3682 1636 3754 μακρὰ
1676 3685 1769 3738 καὶ
1808 3703 1917 3739 πα·-

341 3774 482 3844 χεῑαο
524 3771 623 3842 τῆς
669 3772 878 3842 ῥάχεως
926 3772 1035 3844 γάρ
1075 3775 1222 3827 ἐστιν
1269 3774 1389 3839 ἑνὸς
1428 3777 1616 3830 ὀστέου
1662 3762 1910 3852 τελευτή.

356 3864 711 3936 Ἐντέτμηται
748 3864 806 3917 δὲ
835 3863 1040 3919 ἄνωθεν
1072 3867 1153 3930 εἰς
1191 3866 1453 3933 ἀκάνθας,
1487 3869 1582 3922 καὶ
1610 3871 1747 3923 εἰσιν
1779 3870 1912 3924 ὡσεὶ

340 3959 451 4014 τῶν
476 3959 712 4031 πριόνων
736 3960 931 4031 ἀκμαὶ,
960 3963 1053 4019 καὶ
1078 3958 1270 4012 τύπτει
1303 3961 1360 4012 ὲν
1388 3961 1524 4033 αὐτῇ
1554 3962 1690 4033 πρὸς
1717 3961 1811 4026 οὒς
1846 3962 1913 4017 ἂν

342 4051 566 4126 παλαίῃ.
599 4051 714 4106 Μία
745 4051 801 4105 δὲ
836 4051 997 4106 αὐτοῦ
1025 4052 1141 4106 ἐστὶ
1174 4052 1380 4125 κεφαλὴ
1415 4055 1529 4117 τοῖς
1572 4053 1763 4119 νώτοις
1791 4071 1912 4109 συν-

344 4146 699 4219 υφαινόμένη,
747 4145 840 4200 καὶ
878 4147 958 4210 εἰς
1003 4146 1129 4217 μίαν
1170 4145 1455 4218 ίθυνομένη
1505 4147 1770 4219 στάθμην·
1819 4150 1915 4202 καὶ

346 4241 432 4310 ἐφ’
454 4240 576 4293 ὅσον
605 4238 663 4292 οὐ
694 4237 910 4309 κέχηνε,
940 4237 1129 4309 θηρίου
1156 4238 1272 4291 ἐστὶ
1292 4237 1524 4310 κεφαλήο
1554 4238 1650 4292 ἐὰν
1671 4238 1727 4292 δὲ
1752 4238 1910 4313 χάνῃ,

342 4332 465 4387 ὅλον
512 4331 684 4403 στόμα
737 4330 969 4399 γίνεται,
1025 4328 1186 4403 μέχρι
1237 4330 1347 4386 τῶν
1392 4329 1560 4402 ὤμων
1609 4331 1670 4383 τὸ
1727 4332 1912 4404 χάσμα

345 4442 594 4480 ποιουσα.

2015 575 2122 631 que
2159 559 2379 616 odorem
2436 561 2665 628 emittit;
2702 561 2779 616 ita
2808 569 2868 615 ut
2917 560 3187 631 pisciculi,
3238 562 3384 617 illius
3414 562 3583 618 odore

2014 652 2185 715 ducti,
2238 668 2431 708 omnes
2479 653 2643 708 simul
2697 652 2750 706 in
2783 652 2902 722 ejus
2947 667 3044 707 ore
3094 655 3585 724 constipentur;et

2017 752 2242 816 propter
2274 744 2597 802 immensam
2638 745 2835 800 molem
2872 743 3204 798 Atlanticum
3251 759 3401 800 mare
3429 745 3584 800 inco-

2015 834 2095 888 lit.

2089 1035 2288 1090 Cancri
2346 1043 2654 1091 ostrearum
2709 1036 2929 1091 aluntur
2970 1038 3249 1101 carnibus,
3292 1037 3407 1108 qui,
3459 1051 3583 1092 cum

2015 1141 2205 1182 earum
2236 1134 2408 1183 testas
2434 1127 2588 1184 l‘rrme
2620 1137 2935 1184 contractas
2970 1129 3185 1201 aperire
3211 1144 3320 1184 non
3342 1130 3582 1195 valeant,

2016 1222 2072 1275 in
2098 1235 2284 1276 earum
2311 1221 2486 1292 plicas
2525 1223 2581 1276 in
2618 1222 2753 1278 locis
2778 1223 3006 1293 placidis
3034 1233 3088 1279 et
3119 1224 3249 1280 solis
3282 1222 3451 1279 radiis
3488 1238 3585 1294 pa-

2017 1320 2215 1377 tentes,
2249 1313 2520 1368 calculum
2556 1321 2833 1383 arreptum
2859 1314 2995 1367 clam
3042 1315 3349 1385 imponunt,
3383 1329 3587 1386 easque

2017 1404 2219 1460 frustra
2256 1421 2315 1461 se
2348 1406 2672 1461 contrahere
2705 1412 2977 1463 tentantes
3006 1407 3316 1464 comedunt.

2088 1664 2284 1721 Echini
2336 1667 2603 1723 saevitiam
2656 1670 2825 1725 maris
2878 1671 3227 1742 praesagiunt,
3259 1673 3584 1745 lapillosque

2016 1758 2255 1814 subeunt
2304 1760 2469 1828 allixi,
2519 1776 2591 1817 ne
2637 1775 2904 1832 aquarum
2961 1763 3297 1819 volutatione
3353 1765 3582 1822 mobiles

1945 1823 1987 1877 Β
2019 1847 2149 1902 hinc
2167 1848 2295 1903 inde
2328 1823 2631 1905 trahantur.

2088 1939 2327 2012 Polypus
2362 1941 2429 1997 ad
2454 1943 2869 1998 similitudinem
2901 1944 3007 2000 loci
3036 1960 3194 2016 quem
3226 1947 3440 2018 attingit
3488 1963 3583 2003 co-

2018 2034 2188 2089 lorem
2222 2043 2414 2102 mutat,
2470 2035 2899 2107 adnatantesque
2941 2038 3234 2107 pisciculos
3274 2038 3341 2093 ad
3373 2048 3580 2110 petram

2016 2137 2268 2183 venatur.

2089 2220 2185 2277 Est
2220 2234 2422 2290 parvus
2451 2219 2742 2275 admodum
2777 2221 2943 2291 piscis
2972 2221 3226 2276 echeneis
3255 2222 3579 2293 appellatus,

2017 2312 2265 2384 ingentes
2287 2327 2453 2368 naves
2481 2313 2670 2382 plenas
2702 2313 2879 2367 ventis
2909 2313 3192 2370 adhaerens
3214 2324 3478 2379 moratur,
3507 2314 3583 2369 ita

2018 2416 2078 2461 ut
2105 2406 2414 2461 immobiles
2433 2413 2579 2461 stare
2596 2406 2904 2461 videantur.

2087 2495 2289 2568 Hydris
2315 2496 2371 2551 in
2404 2495 2722 2553 ﬂuminibus
2753 2498 2907 2562 vivit,
2936 2499 3133 2554 canino
3159 2499 3356 2570 capite,
3390 2514 3582 2556 croco-

2015 2589 2126 2645 dilo
2148 2589 2364 2647 infensa
2383 2606 2542 2662 quem
2571 2597 2626 2646 et
2652 2606 2845 2647 somno
2876 2593 3112 2663 sopitum
3140 2593 3418 2649 interimit.
3447 2594 3586 2650 Cro-

2015 2684 2228 2740 codilus
2254 2684 2401 2739 enim
2432 2684 2631 2740 dormit
2661 2684 2831 2738 hianti
2859 2700 2973 2752 ore,
3009 2692 3063 2740 et
3094 2686 3299 2758 hydrus
3326 2688 3440 2742 luto
3468 2704 3583 2745 cae-

2016 2790 2195 2844 noque
2221 2773 2498 2838 obvoluta,
2535 2774 2590 2828 in
2618 2790 2682 2831 os
2710 2775 2903 2842 insilit,
2941 2783 2995 2831 et
3019 2776 3372 2835 interioribus
3402 2780 3581 2834 omni-

2013 2867 2121 2923 bus
2149 2868 2327 2923 exesis
2357 2866 2577 2923 occidit.

2085 3135 2355 3190 Caeterum
2398 3133 2709 3191 crocodilus
2739 3141 2822 3189 est
2856 3134 3037 3189 bellua
3078 3134 3243 3190 simul
3289 3143 3344 3191 et
3378 3137 3574 3209 piscis:

2013 3227 2234 3297 longum
2266 3227 2408 3282 inter
2439 3236 2602 3296 caput
2628 3234 2683 3282 et
2703 3226 2933 3281 caudam
2987 3229 3220 3296 spatium
3252 3230 3577 3295 intercedit;

2014 3318 2109 3374 sed
2136 3317 2462 3389 longitudini
2488 3317 2718 3373 latitudo
2756 3320 3109 3389 proportione
3159 3320 3577 3392 haudquaquam

2013 3411 2346 3481 respondet;
2380 3409 2525 3464 cutis
2560 3411 2804 3480 squamis
2823 3410 3037 3481 asperis
3073 3411 3397 3478 obducitur;
3430 3413 3580 3468 color

2014 3502 2165 3558 dorsi
2202 3508 2369 3571 petra:
2397 3501 2565 3570 nigrae
2627 3500 2824 3557 similis
2881 3510 2986 3566 est,
3020 3501 3175 3557 alvus
3224 3501 3385 3569 alba;
3414 3502 3579 3571 pedes

2014 3601 2270 3664 quatuor,
2300 3592 2354 3648 in
2380 3592 2658 3662 obliquum
2696 3592 2898 3648 sensim
2931 3592 3164 3660 curvati,
3203 3593 3382 3663 qualis
3413 3600 3580 3648 terre-

2015 3684 2146 3741 stris
2197 3683 2526 3753 testudinis;
2563 3684 2735 3739 cauda
2788 3684 3022 3756 oblonga
3065 3692 3118 3740 et
3168 3701 3376 3750 crassa,
3411 3686 3581 3756 spinas

2014 3779 2159 3834 enim
2194 3778 2358 3834 unius
2384 3776 2530 3833 ossis
2554 3787 2641 3831 est
2672 3776 2963 3842 terminus,
2997 3775 3157 3845 cujus
3181 3777 3431 3847 superior
3451 3792 3580 3849 pars

2015 3876 2255 3927 serratas
2315 3870 2476 3925 habet
2506 3873 2750 3933 cristas,
2811 3869 3028 3940 illisque
3083 3869 3248 3923 veluti
3304 3884 3580 3924 serrarum

2014 3962 2384 4026 acuminibus,
2421 3977 2532 4032 quo
2566 3976 2690 4016 cum
2720 3970 2912 4027 certat,
2954 3961 3209 4031 percutit.
3238 3960 3412 4032 Caput
3433 3962 3581 4019 illius

2014 4052 2259 4108 humeris
2284 4051 2620 4122 adjungitur;
2652 4059 2707 4106 et
2760 4052 2826 4105 ad
2857 4051 3122 4106 amussim
3165 4051 3432 4106 directum
3473 4059 3581 4115 est,

2014 4142 2166 4198 nullo
2193 4149 2489 4213 apparente
2539 4140 2890 4206 discrimine;
2931 4145 2986 4194 et
3030 4139 3271 4210 quandiu
3302 4155 3411 4195 non
3442 4138 3581 4204 hiat,

2014 4235 2207 4290 bellua:
2233 4243 2397 4304 caput
2421 4243 2543 4301 est;
2572 4233 2665 4287 ubi
2704 4231 2887 4297 hiarit,
2920 4238 3096 4286 totum
3140 4249 3203 4288 os
3247 4233 3323 4299 lit,
3360 4242 3417 4288 ιιι
3453 4241 3578 4305 pote

2013 4327 2108 4400 qui
2138 4327 2206 4382 ad
2230 4326 2487 4382 humeros
2516 4341 2691 4398 usque
2716 4324 2922 4379 hiatum
2956 4324 3250 4396 protendit.

425 4517 485 4571 '0
512 4516 568 4569 δὲ
599 4515 885 4588 λεγόμενος
912 4515 1290 4587 ἱπποπόταμος
1327 4515 1495 4568 ἵππου
1531 4515 1630 4587 μὲν
1655 4517 1779 4580 τοὺς
1810 4515 1909 4568 πό-

2085 4507 2521 4580 Hippopotamus
2576 4496 2792 4578 equinis
2848 4505 3080 4578 pedibus
3127 4514 3182 4562 et
3209 4513 3414 4571 ventre,
3472 4505 3579 4561 nisi

342 4609 439 4673 δας
466 4606 696 4679 ἔχεικαὶ
727 4607 825 4678 τὴν
851 4606 1109 4678 γαστέρα,
1148 4605 1243 4678 τὴν
1283 4606 1341 4659 δὲ
1378 4605 1546 4677 ὁπλὴν
1584 4606 1804 4677 σχιστὴν
1835 4607 1910 4671 ώς

343 4700 534 4774 χηλὴν,
566 4698 731 4771 οὐρὰν
769 4701 998 4769 παχεῖαν
1031 4699 1125 4752 καὶ
1151 4697 1311 4771 ψιλὴν
1350 4698 1573 4771 τριχῶν,
1602 4701 1683 4752 ὅτι
1717 4700 1811 4753 καὶ
1852 4700 1913 4753 τὸ

344 4795 452 4848 πᾶν
497 4792 592 4847 τοῦ
643 4791 892 4863 σώματος
939 4791 1111 4855 οὕτως
1156 4790 1291 4863 ἔχει,
1344 4792 1586 4864 κεφαλὴν
1641 4793 1911 4865 περιφερῆ

346 4885 541 4958 μικρὸν
574 4884 675 4954 τῆς
721 4884 889 4938 ἵππου
938 4885 1170 4956 παρειᾶς
1209 4882 1485 4956 διάφορον,
1530 4884 1624 4938 καὶ
1677 4884 1789 4955 ἔχει
1822 4902 1913 4939 κε-

286 4988 296 4998 ’
344 4976 548 5049 χηνότα
598 4976 690 5030 τὸν
739 4976 1011 5048 μυκτῆρα,
1065 4974 1289 5046 πυρώδη
1332 4975 1556 5041 καπνὸν,
1598 4975 1671 5040 ὼς
1719 4978 1784 5031 ὲκ
1817 4994 1916 5031 κα-

346 5067 524 5139 μίνου,
594 5068 846 5134 πνέοντα,
895 5069 1055 5136 γένυν
1120 5068 1397 5122 πλατεῖανο
1448 5069 1608 5141 μέχρι
1653 5069 1763 5141 γὰρ
1806 5070 1914 5124 τῶν

343 5161 632 5235 κροτάφων
696 5161 899 5229 ἀνοίγει
959 5159 1021 5213 τὸ
1082 5160 1274 5232 στόμα.
1354 5160 1560 5215 Ὀδοῦσι
1644 5161 1702 5214 δὲ
1769 5161 1915 5218 ἔνδον

342 5252 544 5325 τριχῶς
577 5252 954 5315 πεπύκνωται,
998 5251 1134 5323 ἔχων
1165 5251 1303 5326 πρὸς
1328 5252 1538 5317 τούτοις
1578 5252 1671 5308 δύο
1701 5254 1918 5319 ὀδόντας

342 5345 679 5416 ἐπικαμπεῖς
711 5344 786 5409 ὡς
821 5342 963 5406 συός.
996 5344 1107 5396 Καὶ
1132 5343 1277 5397 ἔστιν
1293 5342 1745 5415 ἀδδηφαγώτατον
1773 5343 1913 5409 ὅλον,

342 5433 494 5506 λήῖον
547 5434 735 5490 ποιοῦν
785 5434 1009 5505 τροφήν.
1057 5434 1265 5507 Ἀπάτη
1300 5434 1357 5487 δὲ
1405 5435 1637 5508 θηρᾶται
1673 5435 1912 5510 τοιαύτῃ.

357 5526 741 5599 Ἐπιτηροῠσιν
809 5525 973 5580 αὐτοῦ
1046 5525 1145 5590 τὰς
1189 5526 1489 5597 διατριϐὰς,
1547 5529 1644 5583 καὶ
1703 5529 1918 5601 ὄρυγμα

346 5621 583 5686 ποιοῦσι,
611 5621 707 5676 καὶ
747 5619 965 5693 καλάμῃ
1005 5618 1137 5673 αὐτὸ
1174 5619 1511 5689 στεγάζουσι,
1557 5623 1650 5675 καὶ
1688 5625 1920 5694 ὲπιχων-

349 5713 536 5768 νύουσι
585 5712 819 5785 ψάμμῳ,
854 5714 948 5766 καὶ
986 5711 1193 5778 ξύλινον
1223 5712 1409 5767 ίστῶσι
1445 5713 1685 5769 κάτωθεν
1713 5716 1918 5789 οἴκημα

353 5809 476 5883 ἕχον
518 5809 870 5886 ἀνεῳγμένας
902 5806 1000 5873 τὰς
1037 5805 1205 5881 θύρας
1232 5810 1311 5873 εἰς
1345 5805 1434 5860 τὸν
1460 5804 1651 5877 ὄροφον
1702 5807 1795 5861 τοῦ
1832 5807 1920 5879 βό-

2015 4600 2162 4671 quod
2194 4601 2415 4672 ungulis
2443 4599 2644 4666 biﬁdis,
2678 4600 2870 4671 quales
2918 4599 3127 4667 bobus;
3158 4600 3329 4655 cauda
3371 4601 3431 4655 ei.
3459 4599 3584 4656 bre-

2014 4696 2097 4749 vis
2125 4701 2230 4758 est,
2260 4702 2315 4749 et
2344 4694 2575 4764 pilorum
2605 4694 2916 4763 asperitate,
2935 4693 3389 4762 quemadmodum
3416 4693 3580 4749 etiam

2015 4800 2215 4856 corpus
2240 4785 2531 4856 reliquum,
2562 4800 2786 4851 carens;
2812 4791 2975 4855 caput
2988 4784 3302 4849 rotundum,
3333 4799 3580 4854 parvum,

2015 4876 2084 4932 ab
2103 4874 2321 4946 equinis
2363 4874 2604 4930 maxillis
2660 4873 2968 4938 diversum;
2996 4887 3159 4928 nares
3190 4887 3451 4944 perquam
3485 4889 3582 4945 pa-

2014 4968 2163 5037 tulas,
2185 4983 2248 5023 ac
2277 4968 2504 5039 ignitum
2527 4967 2758 5030 fumum,
2776 4973 3035 5035 tanquam
3061 4965 3202 5036 ignis
3223 4967 3583 5037 scaturigines

2015 5062 2283 5133 quaedam,
2320 5062 2614 5131 spirantes,
2640 5067 2880 5115 mentum
2909 5059 3099 5125 latum,
3133 5058 3332 5114 etenim
3356 5058 3423 5112 ad
3446 5068 3584 5113 tem-

2017 5169 2152 5226 pora
2171 5169 2347 5223 usque
2371 5153 2578 5207 hiatum
2612 5151 2908 5221 protendit,
2940 5160 2993 5207 et
3047 5151 3189 5206 trina
3219 5150 3463 5207 dentium
3494 5164 3585 5204 se-

2016 5251 2098 5304 rie
2161 5246 2548 5317 constipatur:
2601 5254 2798 5315 praeter
2849 5244 2952 5300 bos
2981 5251 3034 5299 et
3083 5244 3282 5314 gemini
3314 5239 3584 5312 prodeunt

2017 5343 2168 5397 curvi
2193 5340 2444 5411 aprugni,
2478 5354 2615 5409 quos
2649 5337 2876 5392 caninos
2913 5343 3136 5404 vocant;
3178 5335 3342 5390 nullis
3382 5332 3586 5388 bestia-

2018 5448 2140 5488 rum
2173 5433 2474 5489 voracitate
2507 5430 2755 5497 inferior,
2791 5431 2867 5484 ita
2896 5436 2956 5485 ut
2984 5434 3165 5499 segete
3186 5428 3400 5498 plenum
3429 5438 3584 5478 cam-

2018 5543 2156 5599 pum
2199 5528 2470 5591 absumat,
2525 5527 2849 5597 capiturque
2901 5525 3005 5579 hoc
3060 5522 3207 5577 dolo.
3267 5516 3585 5573 Observatis

2019 5620 2166 5676 enim
2196 5619 2332 5675 locis
2361 5619 2414 5673 in
2452 5620 2652 5689 quibus
2682 5618 2849 5690 degit,
2873 5623 3163 5671 venatores
3192 5611 3396 5668 fossam
3420 5623 3586 5663 exca-

2020 5718 2170 5777 vant,
2226 5711 2696 5782 arundinibusque
2765 5709 2925 5779 quasi
2971 5712 3174 5761 tectum
3229 5702 3583 5775 contiguam,

2022 5818 2293 5877 arenaque
2312 5803 2632 5875 cooperiunt
2652 5820 2666 5868 ;
2690 5803 2745 5857 in
2769 5813 2938 5871 eaque
2960 5810 3145 5851 arcam
3188 5796 3422 5867 ligneam
3458 5794 3593 5850 sub-
