  <div class='ocr_page' id='page_1' title='image "/cluster/home/n/w/nwhite01/storage/ocr_20150623/18/mdp.39015008168943/375.png"; bbox 0 0 4090 6288; ppageno 0'>
   <div class='ocr_carea' id='block_1_1' title="bbox 615 296 2980 379">
    <p class='ocr_par' dir='ltr' id='par_1_1' title="bbox 615 296 2980 379">
     <span class='ocr_line' id='line_1_1' title="bbox 615 296 2980 379; baseline -0 -4"><span class='ocrx_word' id='word_1_1' title='bbox 615 323 719 377; x_wconf 73' lang='grc' dir='ltr'><strong>τετ</strong></span> <span class='ocrx_word' id='word_1_2' title='bbox 915 296 917 299; x_wconf 79' lang='grc'><em>’</em></span> <span class='ocrx_word' id='word_1_3' title='bbox 1480 323 1536 378; x_wconf 91' lang='lat' dir='ltr'><strong>s.</strong></span> <span class='ocrx_word' id='word_1_4' title='bbox 1579 321 2021 379; x_wconf 74' lang='lat' dir='ltr'><strong>EUSTATHIUS</strong></span> <span class='ocrx_word' id='word_1_5' title='bbox 2058 313 2548 376; x_wconf 82' lang='lat' dir='ltr'><strong>ANTIOCIIENUS</strong></span> <span class='ocrx_word' id='word_1_6' title='bbox 2587 317 2980 374; x_wconf 86' lang='lat' dir='ltr'><strong>EPISCOPUS.</strong></span> 
     </span>
    </p>
   </div>
   <div class='ocr_carea' id='block_1_2' title="bbox 3757 324 3852 380">
    <p class='ocr_par' dir='ltr' id='par_1_2' title="bbox 3757 324 3852 380">
     <span class='ocr_line' id='line_1_2' title="bbox 3757 324 3852 380; baseline 0 0"><span class='ocrx_word' id='word_1_7' title='bbox 3757 324 3852 380; x_wconf 73' lang='lat'><strong>728</strong></span> 
     </span>
    </p>
   </div>
   <div class='ocr_carea' id='block_1_3' title="bbox 607 432 2179 511">
    <p class='ocr_par' dir='ltr' id='par_1_3' title="bbox 607 435 2173 511">
     <span class='ocr_line' id='line_1_3' title="bbox 607 435 2173 511; baseline -0.003 -17"><span class='ocrx_word' id='word_1_8' title='bbox 607 439 825 508; x_wconf 90' lang='lat' dir='ltr'><strong>jiciunt,</strong></span> <span class='ocrx_word' id='word_1_9' title='bbox 853 439 1010 510; x_wconf 83' lang='lat' dir='ltr'><strong>cujus</strong></span> <span class='ocrx_word' id='word_1_10' title='bbox 1027 439 1168 495; x_wconf 85' lang='lat' dir='ltr'><strong>fores</strong></span> <span class='ocrx_word' id='word_1_11' title='bbox 1192 441 1249 494; x_wconf 93' lang='lat' dir='ltr'><strong>in</strong></span> <span class='ocrx_word' id='word_1_12' title='bbox 1279 441 1560 511; x_wconf 80' lang='lat' dir='ltr'><strong>superiore</strong></span> <span class='ocrx_word' id='word_1_13' title='bbox 1588 447 1744 511; x_wconf 90' lang='lat' dir='ltr'><strong>parte</strong></span> <span class='ocrx_word' id='word_1_14' title='bbox 1780 439 1848 493; x_wconf 87' lang='lat' dir='ltr'><strong>ad</strong></span> <span class='ocrx_word' id='word_1_15' title='bbox 1882 439 2043 496; x_wconf 70' lang='lat' dir='ltr'><strong>fossa:</strong></span> <span class='ocrx_word' id='word_1_16' title='bbox 2092 435 2173 490; x_wconf 88' lang='lat' dir='ltr'><strong>al-</strong></span> 
     </span>
    </p>
   </div>
   <div class='ocr_carea' id='block_1_4' title="bbox 2280 432 3856 511">
    <p class='ocr_par' dir='ltr' id='par_1_4' title="bbox 2280 432 3856 508">
     <span class='ocr_line' id='line_1_4' title="bbox 2280 432 3856 508; baseline 0.005 -21"><span class='ocrx_word' id='word_1_17' title='bbox 2280 432 2422 506; x_wconf 86' lang='grc' dir='ltr'>θρου·</span> <span class='ocrx_word' id='word_1_18' title='bbox 2456 436 2550 490; x_wconf 72' lang='grc' dir='ltr'>καὶ</span> <span class='ocrx_word' id='word_1_19' title='bbox 2587 437 2782 500; x_wconf 77' lang='grc' dir='ltr'>ἐπιϐὰς</span> <span class='ocrx_word' id='word_1_20' title='bbox 2812 439 2840 490; x_wconf 92' lang='lat'><strong>6</strong></span> <span class='ocrx_word' id='word_1_21' title='bbox 2871 435 2972 508; x_wconf 78' lang='grc' dir='ltr'><strong>θὴρ</strong></span> <span class='ocrx_word' id='word_1_22' title='bbox 3000 435 3212 505; x_wconf 78' lang='grc' dir='ltr'><strong>ἀφελῶς</strong></span> <span class='ocrx_word' id='word_1_23' title='bbox 3235 437 3522 507; x_wconf 78' lang='grc' dir='ltr'>ἐμπίπτει,</span> <span class='ocrx_word' id='word_1_24' title='bbox 3554 437 3660 491; x_wconf 73' lang='grc' dir='ltr'><strong>καὶ</strong></span> <span class='ocrx_word' id='word_1_25' title='bbox 3692 439 3774 503; x_wconf 77' lang='grc' dir='ltr'>εἷς</span> <span class='ocrx_word' id='word_1_26' title='bbox 3799 443 3856 494; x_wconf 76' lang='grc' dir='ltr'>τὸ</span> 
     </span>
    </p>
   </div>
   <div class='ocr_carea' id='block_1_5' title="bbox 611 529 2175 600">
    <p class='ocr_par' dir='ltr' id='par_1_5' title="bbox 611 529 2175 600">
     <span class='ocr_line' id='line_1_5' title="bbox 611 529 2175 600; baseline -0.001 -16"><span class='ocrx_word' id='word_1_27' title='bbox 611 531 898 586; x_wconf 87' lang='lat' dir='ltr'><strong>titudiuem</strong></span> <span class='ocrx_word' id='word_1_28' title='bbox 956 529 1225 600; x_wconf 70' lang='lat' dir='ltr'><strong>adaperta:</strong></span> <span class='ocrx_word' id='word_1_29' title='bbox 1275 539 1433 597; x_wconf 88' lang='lat' dir='ltr'><strong>sunt;</strong></span> <span class='ocrx_word' id='word_1_30' title='bbox 1468 538 1522 586; x_wconf 91' lang='lat' dir='ltr'><strong>et</strong></span> <span class='ocrx_word' id='word_1_31' title='bbox 1565 531 1741 598; x_wconf 88' lang='lat' dir='ltr'><strong>bellua</strong></span> <span class='ocrx_word' id='word_1_32' title='bbox 1801 545 1920 585; x_wconf 89' lang='lat' dir='ltr'><strong>eam</strong></span> <span class='ocrx_word' id='word_1_33' title='bbox 1951 543 2175 599; x_wconf 88' lang='lat' dir='ltr'><strong>supera-</strong></span> 
     </span>
    </p>
   </div>
   <div class='ocr_carea' id='block_1_6' title="bbox 615 621 2179 686">
    <p class='ocr_par' dir='ltr' id='par_1_6' title="bbox 615 621 2179 686">
     <span class='ocr_line' id='line_1_6' title="bbox 615 621 2179 686; baseline -0.003 -8"><span class='ocrx_word' id='word_1_34' title='bbox 615 623 925 678; x_wconf 86' lang='lat' dir='ltr'><strong>scendendo</strong></span> <span class='ocrx_word' id='word_1_35' title='bbox 953 623 1354 678; x_wconf 93' lang='lat' dir='ltr'><strong>inconsiderate</strong></span> <span class='ocrx_word' id='word_1_36' title='bbox 1397 623 1618 686; x_wconf 78' lang='lat' dir='ltr'><strong>decidit,</strong></span> <span class='ocrx_word' id='word_1_37' title='bbox 1667 629 1721 677; x_wconf 90' lang='lat' dir='ltr'><strong>et</strong></span> <span class='ocrx_word' id='word_1_38' title='bbox 1778 623 1834 676; x_wconf 94' lang='lat' dir='ltr'><strong>in</strong></span> <span class='ocrx_word' id='word_1_39' title='bbox 1880 635 2064 675; x_wconf 86' lang='lat' dir='ltr'><strong>arcam</strong></span> <span class='ocrx_word' id='word_1_40' title='bbox 2092 621 2179 674; x_wconf 93' lang='lat' dir='ltr'><strong>de-</strong></span> 
     </span>
    </p>
   </div>
   <div class='ocr_carea' id='block_1_7' title="bbox 615 713 2176 785">
    <p class='ocr_par' dir='ltr' id='par_1_7' title="bbox 615 713 2176 785">
     <span class='ocr_line' id='line_1_7' title="bbox 615 713 2176 785; baseline 0.001 -17"><span class='ocrx_word' id='word_1_41' title='bbox 615 715 744 777; x_wconf 90' lang='lat' dir='ltr'><strong>lata,</strong></span> <span class='ocrx_word' id='word_1_42' title='bbox 779 713 1094 768; x_wconf 76' lang='lat' dir='ltr'><strong>includitur.</strong></span> <span class='ocrx_word' id='word_1_43' title='bbox 1126 713 1534 785; x_wconf 81' lang='lat' dir='ltr'><strong>Venatoresque</strong></span> <span class='ocrx_word' id='word_1_44' title='bbox 1554 714 1802 770; x_wconf 74' lang='lat' dir='ltr'><strong>celeriter</strong></span> <span class='ocrx_word' id='word_1_45' title='bbox 1829 722 2176 769; x_wconf 87' lang='lat' dir='ltr'><strong>accurrentes</strong></span> 
     </span>
    </p>
   </div>
   <div class='ocr_carea' id='block_1_8' title="bbox 613 805 2178 878">
    <p class='ocr_par' dir='ltr' id='par_1_8' title="bbox 613 805 2178 878">
     <span class='ocr_line' id='line_1_8' title="bbox 613 805 2178 878; baseline 0 -19"><span class='ocrx_word' id='word_1_46' title='bbox 613 806 976 873; x_wconf 88' lang='lat' dir='ltr'><strong>concludunt;</strong></span> <span class='ocrx_word' id='word_1_47' title='bbox 1011 809 1313 862; x_wconf 87' lang='lat' dir='ltr'><strong>secundum</strong></span> <span class='ocrx_word' id='word_1_48' title='bbox 1343 810 1484 863; x_wconf 91' lang='lat' dir='ltr'><strong>enim</strong></span> <span class='ocrx_word' id='word_1_49' title='bbox 1515 809 1584 862; x_wconf 89' lang='lat' dir='ltr'><strong>ab</strong></span> <span class='ocrx_word' id='word_1_50' title='bbox 1614 809 1898 878; x_wconf 89' lang='lat' dir='ltr'><strong>elephante</strong></span> <span class='ocrx_word' id='word_1_51' title='bbox 1935 805 2067 860; x_wconf 91' lang='lat' dir='ltr'><strong>Indo</strong></span> <span class='ocrx_word' id='word_1_52' title='bbox 2089 821 2178 859; x_wconf 83' lang='lat' dir='ltr'><strong>ro-</strong></span> 
     </span>
    </p>
   </div>
   <div class='ocr_carea' id='block_1_9' title="bbox 609 895 2176 968">
    <p class='ocr_par' dir='ltr' id='par_1_9' title="bbox 609 895 2176 968">
     <span class='ocr_line' id='line_1_9' title="bbox 609 895 2176 968; baseline 0.001 -18"><span class='ocrx_word' id='word_1_53' title='bbox 609 895 758 950; x_wconf 80' lang='lat' dir='ltr'><strong>boris</strong></span> <span class='ocrx_word' id='word_1_54' title='bbox 827 895 1004 950; x_wconf 90' lang='lat' dir='ltr'><strong>locum</strong></span> <span class='ocrx_word' id='word_1_55' title='bbox 1064 898 1308 961; x_wconf 75' lang='lat' dir='ltr'><strong>obtinet,</strong></span> <span class='ocrx_word' id='word_1_56' title='bbox 1387 899 1871 968; x_wconf 78' lang='lat' dir='ltr'><strong>magnitudineque</strong></span> <span class='ocrx_word' id='word_1_57' title='bbox 1929 895 2176 966; x_wconf 90' lang='lat' dir='ltr'><strong>corporis</strong></span> 
     </span>
    </p>
   </div>
   <div class='ocr_carea' id='block_1_10' title="bbox 614 988 1766 1060">
    <p class='ocr_par' dir='ltr' id='par_1_10' title="bbox 614 988 1766 1060">
     <span class='ocr_line' id='line_1_10' title="bbox 614 988 1766 1060; baseline 0.003 -20"><span class='ocrx_word' id='word_1_58' title='bbox 614 988 912 1042; x_wconf 80' lang='lat' dir='ltr'><strong>maximum</strong></span> <span class='ocrx_word' id='word_1_59' title='bbox 935 1003 1204 1059; x_wconf 88' lang='lat' dir='ltr'><strong>quemque</strong></span> <span class='ocrx_word' id='word_1_60' title='bbox 1234 989 1423 1044; x_wconf 89' lang='lat' dir='ltr'><strong>bovem</strong></span> <span class='ocrx_word' id='word_1_61' title='bbox 1447 991 1766 1060; x_wconf 73' lang='lat' dir='ltr'><strong>aaquiparat.</strong></span> 
     </span>
    </p>
   </div>
   <div class='ocr_carea' id='block_1_11' title="bbox 684 1079 2177 1155">
    <p class='ocr_par' dir='ltr' id='par_1_11' title="bbox 684 1079 2177 1155">
     <span class='ocr_line' id='line_1_11' title="bbox 684 1079 2177 1155; baseline 0.003 -22"><span class='ocrx_word' id='word_1_62' title='bbox 684 1079 872 1136; x_wconf 82' lang='lat' dir='ltr'><strong>Pisces</strong></span> <span class='ocrx_word' id='word_1_63' title='bbox 929 1082 1208 1136; x_wconf 89' lang='lat' dir='ltr'><strong>continent</strong></span> <span class='ocrx_word' id='word_1_64' title='bbox 1258 1083 1314 1137; x_wconf 91' lang='lat' dir='ltr'><strong>in</strong></span> <span class='ocrx_word' id='word_1_65' title='bbox 1345 1099 1405 1138; x_wconf 90' lang='lat' dir='ltr'><strong>se</strong></span> <span class='ocrx_word' id='word_1_66' title='bbox 1457 1099 1708 1155; x_wconf 89' lang='lat' dir='ltr'><strong>magnam</strong></span> <span class='ocrx_word' id='word_1_67' title='bbox 1761 1085 1868 1141; x_wconf 89' lang='lat' dir='ltr'><strong>vim</strong></span> <span class='ocrx_word' id='word_1_68' title='bbox 1897 1085 2094 1140; x_wconf 91' lang='lat' dir='ltr'><strong>caloris</strong></span> <span class='ocrx_word' id='word_1_69' title='bbox 2123 1091 2177 1139; x_wconf 91' lang='lat' dir='ltr'><strong>et</strong></span> 
     </span>
    </p>
   </div>
   <div class='ocr_carea' id='block_1_12' title="bbox 614 1172 2177 1247">
    <p class='ocr_par' dir='ltr' id='par_1_12' title="bbox 614 1172 2177 1247">
     <span class='ocr_line' id='line_1_12' title="bbox 614 1172 2177 1247; baseline 0.006 -26"><span class='ocrx_word' id='word_1_70' title='bbox 614 1176 863 1235; x_wconf 86' lang='lat' dir='ltr'><strong>acutam;</strong></span> <span class='ocrx_word' id='word_1_71' title='bbox 895 1186 1062 1241; x_wconf 86' lang='lat' dir='ltr'><strong>quare</strong></span> <span class='ocrx_word' id='word_1_72' title='bbox 1087 1181 1138 1226; x_wconf 88' lang='lat' dir='ltr'><strong>et</strong></span> <span class='ocrx_word' id='word_1_73' title='bbox 1168 1172 1434 1229; x_wconf 84' lang='lat' dir='ltr'><strong>citissime</strong></span> <span class='ocrx_word' id='word_1_74' title='bbox 1490 1189 1610 1244; x_wconf 83' lang='lat' dir='ltr'><strong>quae</strong></span> <span class='ocrx_word' id='word_1_75' title='bbox 1639 1177 1923 1242; x_wconf 74' lang='lat' dir='ltr'><strong>devorant,</strong></span> <span class='ocrx_word' id='word_1_76' title='bbox 1974 1185 2177 1247; x_wconf 92' lang='lat' dir='ltr'><strong>puncto</strong></span> 
     </span>
    </p>
   </div>
   <div class='ocr_carea' id='block_1_13' title="bbox 614 1261 2177 1339">
    <p class='ocr_par' dir='ltr' id='par_1_13' title="bbox 614 1261 2177 1339">
     <span class='ocr_line' id='line_1_13' title="bbox 614 1261 2177 1339; baseline 0.007 -26"><span class='ocrx_word' id='word_1_77' title='bbox 614 1261 874 1328; x_wconf 68' lang='lat' dir='ltr'><strong>temporis</strong></span> <span class='ocrx_word' id='word_1_78' title='bbox 897 1263 1192 1318; x_wconf 87' lang='lat' dir='ltr'><strong>esculentis</strong></span> <span class='ocrx_word' id='word_1_79' title='bbox 1215 1264 1270 1318; x_wconf 90' lang='lat' dir='ltr'><strong>in</strong></span> <span class='ocrx_word' id='word_1_80' title='bbox 1313 1273 1498 1322; x_wconf 84' lang='lat' dir='ltr'><strong>ventre</strong></span> <span class='ocrx_word' id='word_1_81' title='bbox 1535 1267 1979 1337; x_wconf 88' lang='lat' dir='ltr'><strong>putrescentibus</strong></span> <span class='ocrx_word' id='word_1_82' title='bbox 2025 1268 2177 1339; x_wconf 86' lang='lat' dir='ltr'><strong>dige-</strong></span> 
     </span>
    </p>
   </div>
   <div class='ocr_carea' id='block_1_14' title="bbox 611 1357 759 1405">
    <p class='ocr_par' dir='ltr' id='par_1_14' title="bbox 611 1357 759 1405">
     <span class='ocr_line' id='line_1_14' title="bbox 611 1357 759 1405; baseline 0 -2"><span class='ocrx_word' id='word_1_83' title='bbox 611 1357 759 1405; x_wconf 88' lang='lat' dir='ltr'><strong>runt.</strong></span> 
     </span>
    </p>
   </div>
   <div class='ocr_carea' id='block_1_15' title="bbox 684 1441 2177 1517">
    <p class='ocr_par' dir='ltr' id='par_1_15' title="bbox 684 1441 2177 1517">
     <span class='ocr_line' id='line_1_15' title="bbox 684 1441 2177 1517; baseline 0.008 -23"><span class='ocrx_word' id='word_1_84' title='bbox 684 1441 888 1514; x_wconf 79' lang='lat' dir='ltr'><strong>Vulpes</strong></span> <span class='ocrx_word' id='word_1_85' title='bbox 915 1445 1160 1510; x_wconf 68' lang='lat' dir='ltr'><strong>marinae,</strong></span> <span class='ocrx_word' id='word_1_86' title='bbox 1198 1446 1288 1501; x_wconf 92' lang='lat' dir='ltr'><strong>ubi</strong></span> <span class='ocrx_word' id='word_1_87' title='bbox 1311 1448 1603 1517; x_wconf 85' lang='lat' dir='ltr'><strong>piscatoris</strong></span> <span class='ocrx_word' id='word_1_88' title='bbox 1646 1449 1874 1505; x_wconf 89' lang='lat' dir='ltr'><strong>insidias</strong></span> <span class='ocrx_word' id='word_1_89' title='bbox 1897 1450 2177 1506; x_wconf 86' lang='lat' dir='ltr'><strong>declinare</strong></span> 
     </span>
    </p>
   </div>
   <div class='ocr_carea' id='block_1_16' title="bbox 613 1534 2178 1602">
    <p class='ocr_par' dir='ltr' id='par_1_16' title="bbox 613 1534 2178 1602">
     <span class='ocr_line' id='line_1_16' title="bbox 613 1534 2178 1602; baseline 0.005 -16"><span class='ocrx_word' id='word_1_90' title='bbox 613 1547 726 1587; x_wconf 90' lang='lat' dir='ltr'><strong>non</strong></span> <span class='ocrx_word' id='word_1_91' title='bbox 757 1535 960 1598; x_wconf 90' lang='lat' dir='ltr'><strong>valent,</strong></span> <span class='ocrx_word' id='word_1_92' title='bbox 1012 1534 1176 1589; x_wconf 90' lang='lat' dir='ltr'><strong>hamo</strong></span> <span class='ocrx_word' id='word_1_93' title='bbox 1203 1535 1483 1602; x_wconf 85' lang='lat' dir='ltr'><strong>devorato,</strong></span> <span class='ocrx_word' id='word_1_94' title='bbox 1520 1539 1833 1594; x_wconf 78' lang='lat' dir='ltr'><strong>exsilientes</strong></span> <span class='ocrx_word' id='word_1_95' title='bbox 1885 1548 1940 1594; x_wconf 89' lang='lat' dir='ltr'><strong>et</strong></span> <span class='ocrx_word' id='word_1_96' title='bbox 1982 1556 2178 1596; x_wconf 79' lang='lat' dir='ltr'><strong>excur-</strong></span> 
     </span>
    </p>
   </div>
   <div class='ocr_carea' id='block_1_17' title="bbox 614 1625 1702 1695">
    <p class='ocr_par' dir='ltr' id='par_1_17' title="bbox 614 1625 1702 1695">
     <span class='ocr_line' id='line_1_17' title="bbox 614 1625 1702 1695; baseline 0.006 -20"><span class='ocrx_word' id='word_1_97' title='bbox 614 1633 822 1688; x_wconf 88' lang='lat' dir='ltr'><strong>rentes,</strong></span> <span class='ocrx_word' id='word_1_98' title='bbox 856 1625 1036 1678; x_wconf 79' lang='lat' dir='ltr'><strong>funem</strong></span> <span class='ocrx_word' id='word_1_99' title='bbox 1063 1625 1376 1695; x_wconf 68' lang='lat' dir='ltr'><strong>praerodunt</strong></span> <span class='ocrx_word' id='word_1_100' title='bbox 1401 1635 1456 1683; x_wconf 89' lang='lat' dir='ltr'><strong>et</strong></span> <span class='ocrx_word' id='word_1_101' title='bbox 1480 1629 1702 1684; x_wconf 88' lang='lat' dir='ltr'><strong>abeunt.</strong></span> 
     </span>
    </p>
   </div>
   <div class='ocr_carea' id='block_1_18' title="bbox 685 1805 2178 1878">
    <p class='ocr_par' dir='ltr' id='par_1_18' title="bbox 685 1805 2178 1878">
     <span class='ocr_line' id='line_1_18' title="bbox 685 1805 2178 1878; baseline 0.003 -19"><span class='ocrx_word' id='word_1_102' title='bbox 685 1805 1002 1860; x_wconf 89' lang='lat' dir='ltr'><strong>Croeodilus</strong></span> <span class='ocrx_word' id='word_1_103' title='bbox 1023 1806 1199 1860; x_wconf 87' lang='lat' dir='ltr'><strong>bellua</strong></span> <span class='ocrx_word' id='word_1_104' title='bbox 1229 1815 1313 1862; x_wconf 86' lang='lat' dir='ltr'><strong>est.</strong></span> <span class='ocrx_word' id='word_1_105' title='bbox 1357 1807 1635 1861; x_wconf 77' lang='lat' dir='ltr'><strong>hominum</strong></span> <span class='ocrx_word' id='word_1_106' title='bbox 1669 1823 1852 1862; x_wconf 83' lang='lat' dir='ltr'><strong>vorax.</strong></span> <span class='ocrx_word' id='word_1_107' title='bbox 1914 1805 2178 1878; x_wconf 84' lang='lat' dir='ltr'><strong>Tempore</strong></span> 
     </span>
    </p>
   </div>
   <div class='ocr_carea' id='block_1_19' title="bbox 618 1895 2179 1969">
    <p class='ocr_par' dir='ltr' id='par_1_19' title="bbox 618 1895 2179 1969">
     <span class='ocr_line' id='line_1_19' title="bbox 618 1895 2179 1969; baseline 0.003 -19"><span class='ocrx_word' id='word_1_108' title='bbox 618 1895 816 1960; x_wconf 89' lang='lat' dir='ltr'><strong>coitus,</strong></span> <span class='ocrx_word' id='word_1_109' title='bbox 847 1911 1128 1968; x_wconf 77' lang='lat' dir='ltr'><strong>emergens</strong></span> <span class='ocrx_word' id='word_1_110' title='bbox 1181 1914 1212 1953; x_wconf 92' lang='lat' dir='ltr'><strong>e</strong></span> <span class='ocrx_word' id='word_1_111' title='bbox 1255 1897 1494 1965; x_wconf 84' lang='lat' dir='ltr'><strong>ﬂumine,</strong></span> <span class='ocrx_word' id='word_1_112' title='bbox 1525 1899 1780 1954; x_wconf 83' lang='lat' dir='ltr'><strong>feminam</strong></span> <span class='ocrx_word' id='word_1_113' title='bbox 1831 1915 1996 1969; x_wconf 88' lang='lat' dir='ltr'><strong>prope</strong></span> <span class='ocrx_word' id='word_1_114' title='bbox 2032 1900 2179 1969; x_wconf 90' lang='lat' dir='ltr'><strong>ripas</strong></span> 
     </span>
    </p>
   </div>
   <div class='ocr_carea' id='block_1_20' title="bbox 619 1987 2180 2060">
    <p class='ocr_par' dir='ltr' id='par_1_20' title="bbox 619 1987 2180 2060">
     <span class='ocr_line' id='line_1_20' title="bbox 619 1987 2180 2060; baseline 0.002 -20"><span class='ocrx_word' id='word_1_115' title='bbox 619 1987 900 2043; x_wconf 81' lang='lat' dir='ltr'><strong>adversam</strong></span> <span class='ocrx_word' id='word_1_116' title='bbox 933 1989 1180 2057; x_wconf 90' lang='lat' dir='ltr'><strong>projicit;</strong></span> <span class='ocrx_word' id='word_1_117' title='bbox 1217 1989 1306 2043; x_wconf 89' lang='lat' dir='ltr'><strong>hic</strong></span> <span class='ocrx_word' id='word_1_118' title='bbox 1329 2005 1562 2060; x_wconf 86' lang='lat' dir='ltr'><strong>namque</strong></span> <span class='ocrx_word' id='word_1_119' title='bbox 1589 1991 1739 2044; x_wconf 88' lang='lat' dir='ltr'><strong>solus</strong></span> <span class='ocrx_word' id='word_1_120' title='bbox 1771 1989 1999 2059; x_wconf 90' lang='lat' dir='ltr'><strong>supinus</strong></span> <span class='ocrx_word' id='word_1_121' title='bbox 2029 2005 2180 2045; x_wconf 84' lang='lat' dir='ltr'><strong>com-</strong></span> 
     </span>
    </p>
   </div>
   <div class='ocr_carea' id='block_1_21' title="bbox 619 2079 2180 2150">
    <p class='ocr_par' dir='ltr' id='par_1_21' title="bbox 619 2079 2180 2150">
     <span class='ocr_line' id='line_1_21' title="bbox 619 2079 2180 2150; baseline 0.003 -18"><span class='ocrx_word' id='word_1_122' title='bbox 619 2079 778 2148; x_wconf 85' lang='lat' dir='ltr'><strong>plexu</strong></span> <span class='ocrx_word' id='word_1_123' title='bbox 809 2094 1040 2134; x_wconf 89' lang='lat' dir='ltr'><strong>venereo</strong></span> <span class='ocrx_word' id='word_1_124' title='bbox 1061 2079 1346 2150; x_wconf 82' lang='lat' dir='ltr'><strong>jungitur;</strong></span> <span class='ocrx_word' id='word_1_125' title='bbox 1367 2080 1625 2150; x_wconf 86' lang='lat' dir='ltr'><strong>deinceps</strong></span> <span class='ocrx_word' id='word_1_126' title='bbox 1658 2081 1911 2136; x_wconf 88' lang='lat' dir='ltr'><strong>manibus</strong></span> <span class='ocrx_word' id='word_1_127' title='bbox 1934 2095 2052 2136; x_wconf 84' lang='lat' dir='ltr'><strong>eam</strong></span> <span class='ocrx_word' id='word_1_128' title='bbox 2093 2096 2180 2136; x_wconf 85' lang='lat' dir='ltr'><strong>su-</strong></span> 
     </span>
    </p>
   </div>
   <div class='ocr_carea' id='block_1_22' title="bbox 615 2173 2181 2240">
    <p class='ocr_par' dir='ltr' id='par_1_22' title="bbox 615 2173 2181 2240">
     <span class='ocr_line' id='line_1_22' title="bbox 615 2173 2181 2240; baseline 0.004 -16"><span class='ocrx_word' id='word_1_129' title='bbox 615 2176 906 2224; x_wconf 87' lang='lat' dir='ltr'><strong>stentatam</strong></span> <span class='ocrx_word' id='word_1_130' title='bbox 934 2186 1126 2228; x_wconf 85' lang='lat' dir='ltr'><strong>rursus</strong></span> <span class='ocrx_word' id='word_1_131' title='bbox 1155 2175 1459 2240; x_wconf 83' lang='lat' dir='ltr'><strong>convertit;</strong></span> <span class='ocrx_word' id='word_1_132' title='bbox 1492 2173 1538 2228; x_wconf 91' lang='lat' dir='ltr'><strong>si</strong></span> <span class='ocrx_word' id='word_1_133' title='bbox 1587 2188 1710 2228; x_wconf 90' lang='lat' dir='ltr'><strong>cum</strong></span> <span class='ocrx_word' id='word_1_134' title='bbox 1736 2174 1842 2228; x_wconf 88' lang='lat' dir='ltr'><strong>alio</strong></span> <span class='ocrx_word' id='word_1_135' title='bbox 1884 2189 2004 2229; x_wconf 87' lang='lat' dir='ltr'><strong>eam</strong></span> <span class='ocrx_word' id='word_1_136' title='bbox 2050 2189 2181 2230; x_wconf 90' lang='lat' dir='ltr'><strong>con-</strong></span> 
     </span>
    </p>
   </div>
   <div class='ocr_carea' id='block_1_23' title="bbox 614 2262 2181 2334">
    <p class='ocr_par' dir='ltr' id='par_1_23' title="bbox 614 2262 2181 2334">
     <span class='ocr_line' id='line_1_23' title="bbox 614 2262 2181 2334; baseline 0.003 -18"><span class='ocrx_word' id='word_1_137' title='bbox 614 2262 871 2317; x_wconf 88' lang='lat' dir='ltr'><strong>cubuisse</strong></span> <span class='ocrx_word' id='word_1_138' title='bbox 899 2267 1244 2334; x_wconf 91' lang='lat' dir='ltr'><strong>compererit,</strong></span> <span class='ocrx_word' id='word_1_139' title='bbox 1301 2266 1520 2320; x_wconf 91' lang='lat' dir='ltr'><strong>avidum</strong></span> <span class='ocrx_word' id='word_1_140' title='bbox 1561 2281 1620 2322; x_wconf 86' lang='lat' dir='ltr'><strong>se</strong></span> <span class='ocrx_word' id='word_1_141' title='bbox 1678 2283 1800 2323; x_wconf 89' lang='lat' dir='ltr'><strong>esse</strong></span> <span class='ocrx_word' id='word_1_142' title='bbox 1853 2266 2082 2322; x_wconf 77' lang='lat' dir='ltr'><strong>Veneris</strong></span> <span class='ocrx_word' id='word_1_143' title='bbox 2111 2266 2181 2322; x_wconf 90' lang='lat' dir='ltr'><strong>si-</strong></span> 
     </span>
    </p>
   </div>
   <div class='ocr_carea' id='block_1_24' title="bbox 615 2352 2180 2426">
    <p class='ocr_par' dir='ltr' id='par_1_24' title="bbox 615 2352 2180 2426">
     <span class='ocr_line' id='line_1_24' title="bbox 615 2352 2180 2426; baseline 0.003 -22"><span class='ocrx_word' id='word_1_144' title='bbox 615 2352 852 2415; x_wconf 89' lang='lat' dir='ltr'><strong>mulans,</strong></span> <span class='ocrx_word' id='word_1_145' title='bbox 919 2353 1371 2422; x_wconf 86' lang='lat' dir='ltr'><strong>quemadmodum</strong></span> <span class='ocrx_word' id='word_1_146' title='bbox 1431 2356 1602 2426; x_wconf 88' lang='lat' dir='ltr'><strong>prius,</strong></span> <span class='ocrx_word' id='word_1_147' title='bbox 1669 2356 1953 2410; x_wconf 82' lang='lat' dir='ltr'><strong>adversam</strong></span> <span class='ocrx_word' id='word_1_148' title='bbox 2011 2356 2180 2411; x_wconf 87' lang='lat' dir='ltr'><strong>odore</strong></span> 
     </span>
    </p>
   </div>
   <div class='ocr_carea' id='block_1_25' title="bbox 615 2443 2180 2518">
    <p class='ocr_par' dir='ltr' id='par_1_25' title="bbox 615 2443 2180 2518">
     <span class='ocr_line' id='line_1_25' title="bbox 615 2443 2180 2518; baseline 0.003 -22"><span class='ocrx_word' id='word_1_149' title='bbox 615 2443 974 2512; x_wconf 89' lang='lat' dir='ltr'><strong>deprehendit</strong></span> <span class='ocrx_word' id='word_1_150' title='bbox 1001 2444 1107 2514; x_wconf 87' lang='lat' dir='ltr'><strong>(est</strong></span> <span class='ocrx_word' id='word_1_151' title='bbox 1145 2447 1291 2499; x_wconf 89' lang='lat' dir='ltr'><strong>enim</strong></span> <span class='ocrx_word' id='word_1_152' title='bbox 1348 2447 1493 2502; x_wconf 85' lang='lat' dir='ltr'><strong>circa</strong></span> <span class='ocrx_word' id='word_1_153' title='bbox 1545 2449 1647 2502; x_wconf 91' lang='lat' dir='ltr'><strong>hoc</strong></span> <span class='ocrx_word' id='word_1_154' title='bbox 1675 2448 1927 2502; x_wconf 85' lang='lat' dir='ltr'><strong>acerrimi</strong></span> <span class='ocrx_word' id='word_1_155' title='bbox 1958 2447 2180 2518; x_wconf 88' lang='lat' dir='ltr'><strong>sensus)</strong></span> 
     </span>
    </p>
   </div>
   <div class='ocr_carea' id='block_1_26' title="bbox 615 2534 2180 2610">
    <p class='ocr_par' dir='ltr' id='par_1_26' title="bbox 615 2534 2180 2610">
     <span class='ocr_line' id='line_1_26' title="bbox 615 2534 2180 2610; baseline 0.004 -22"><span class='ocrx_word' id='word_1_156' title='bbox 615 2535 828 2590; x_wconf 87' lang='lat' dir='ltr'><strong>incesto</strong></span> <span class='ocrx_word' id='word_1_157' title='bbox 854 2534 1057 2606; x_wconf 79' lang='lat' dir='ltr'><strong>ﬂagitio</strong></span> <span class='ocrx_word' id='word_1_158' title='bbox 1087 2545 1140 2591; x_wconf 86' lang='lat' dir='ltr'><strong>et</strong></span> <span class='ocrx_word' id='word_1_159' title='bbox 1167 2546 1356 2608; x_wconf 88' lang='lat' dir='ltr'><strong>stupro</strong></span> <span class='ocrx_word' id='word_1_160' title='bbox 1407 2539 1705 2609; x_wconf 87' lang='lat' dir='ltr'><strong>pollutam;</strong></span> <span class='ocrx_word' id='word_1_161' title='bbox 1738 2540 1868 2594; x_wconf 91' lang='lat' dir='ltr'><strong>hinc</strong></span> <span class='ocrx_word' id='word_1_162' title='bbox 1909 2542 2180 2610; x_wconf 84' lang='lat' dir='ltr'><strong>unguibus</strong></span> 
     </span>
    </p>
   </div>
   <div class='ocr_carea' id='block_1_27' title="bbox 621 2624 2183 2694">
    <p class='ocr_par' dir='ltr' id='par_1_27' title="bbox 621 2624 2183 2694">
     <span class='ocr_line' id='line_1_27' title="bbox 621 2624 2183 2694; baseline 0.008 -18"><span class='ocrx_word' id='word_1_163' title='bbox 621 2624 742 2679; x_wconf 89' lang='lat' dir='ltr'><strong>alvo</strong></span> <span class='ocrx_word' id='word_1_164' title='bbox 764 2624 996 2694; x_wconf 87' lang='lat' dir='ltr'><strong>disjecta</strong></span> <span class='ocrx_word' id='word_1_165' title='bbox 1042 2629 1252 2683; x_wconf 81' lang='lat' dir='ltr'><strong>viscera</strong></span> <span class='ocrx_word' id='word_1_166' title='bbox 1280 2629 1426 2685; x_wconf 91' lang='lat' dir='ltr'><strong>illius</strong></span> <span class='ocrx_word' id='word_1_167' title='bbox 1455 2631 1701 2685; x_wconf 82' lang='lat' dir='ltr'><strong>devorat.</strong></span> <span class='ocrx_word' id='word_1_168' title='bbox 1753 2630 1812 2684; x_wconf 87' lang='lat' dir='ltr'><strong>ln</strong></span> <span class='ocrx_word' id='word_1_169' title='bbox 1853 2639 2038 2686; x_wconf 90' lang='lat' dir='ltr'><strong>ventre</strong></span> <span class='ocrx_word' id='word_1_170' title='bbox 2075 2639 2183 2688; x_wconf 89' lang='lat' dir='ltr'><strong>ete-</strong></span> 
     </span>
    </p>
   </div>
   <div class='ocr_carea' id='block_1_28' title="bbox 615 2717 2177 2792">
    <p class='ocr_par' dir='ltr' id='par_1_28' title="bbox 615 2717 2177 2792">
     <span class='ocr_line' id='line_1_28' title="bbox 615 2717 2177 2792; baseline 0.005 -22"><span class='ocrx_word' id='word_1_171' title='bbox 615 2717 728 2771; x_wconf 93' lang='lat' dir='ltr'><strong>nim</strong></span> <span class='ocrx_word' id='word_1_172' title='bbox 765 2718 944 2775; x_wconf 87' lang='lat' dir='ltr'><strong>mollis</strong></span> <span class='ocrx_word' id='word_1_173' title='bbox 975 2728 1079 2784; x_wconf 89' lang='lat' dir='ltr'><strong>est,</strong></span> <span class='ocrx_word' id='word_1_174' title='bbox 1116 2723 1402 2792; x_wconf 89' lang='lat' dir='ltr'><strong>tenuisque</strong></span> <span class='ocrx_word' id='word_1_175' title='bbox 1427 2723 1570 2778; x_wconf 86' lang='lat' dir='ltr'><strong>cutis</strong></span> <span class='ocrx_word' id='word_1_176' title='bbox 1611 2724 1925 2778; x_wconf 90' lang='lat' dir='ltr'><strong>crocodilo:</strong></span> <span class='ocrx_word' id='word_1_177' title='bbox 1955 2724 2177 2778; x_wconf 89' lang='lat' dir='ltr'><strong>dorsum</strong></span> 
     </span>
    </p>
   </div>
   <div class='ocr_carea' id='block_1_29' title="bbox 615 2810 2179 2882">
    <p class='ocr_par' dir='ltr' id='par_1_29' title="bbox 615 2810 2179 2882">
     <span class='ocr_line' id='line_1_29' title="bbox 615 2810 2179 2882; baseline 0.003 -17"><span class='ocrx_word' id='word_1_178' title='bbox 615 2810 737 2881; x_wconf 85' lang='lat' dir='ltr'><strong>ejus</strong></span> <span class='ocrx_word' id='word_1_179' title='bbox 763 2811 995 2865; x_wconf 80' lang='lat' dir='ltr'><strong>maxima</strong></span> <span class='ocrx_word' id='word_1_180' title='bbox 1016 2828 1365 2881; x_wconf 88' lang='lat' dir='ltr'><strong>squamarum</strong></span> <span class='ocrx_word' id='word_1_181' title='bbox 1391 2815 1643 2869; x_wconf 87' lang='lat' dir='ltr'><strong>lirmitate</strong></span> <span class='ocrx_word' id='word_1_182' title='bbox 1675 2824 1940 2870; x_wconf 88' lang='lat' dir='ltr'><strong>armatum</strong></span> <span class='ocrx_word' id='word_1_183' title='bbox 1980 2826 2080 2882; x_wconf 87' lang='lat' dir='ltr'><strong>est,</strong></span> <span class='ocrx_word' id='word_1_184' title='bbox 2105 2817 2179 2870; x_wconf 91' lang='lat' dir='ltr'><strong>ita</strong></span> 
     </span>
    </p>
   </div>
   <div class='ocr_carea' id='block_1_30' title="bbox 621 2905 2180 2976">
    <p class='ocr_par' dir='ltr' id='par_1_30' title="bbox 621 2905 2180 2976">
     <span class='ocr_line' id='line_1_30' title="bbox 621 2905 2180 2976; baseline 0.005 -20"><span class='ocrx_word' id='word_1_185' title='bbox 621 2912 678 2956; x_wconf 92' lang='lat' dir='ltr'><strong>ut</strong></span> <span class='ocrx_word' id='word_1_186' title='bbox 705 2911 759 2958; x_wconf 91' lang='lat' dir='ltr'><strong>et</strong></span> <span class='ocrx_word' id='word_1_187' title='bbox 784 2906 1159 2960; x_wconf 90' lang='lat' dir='ltr'><strong>acutissimum</strong></span> <span class='ocrx_word' id='word_1_188' title='bbox 1184 2905 1388 2961; x_wconf 81' lang='lat' dir='ltr'><strong>ferrum</strong></span> <span class='ocrx_word' id='word_1_189' title='bbox 1427 2907 1677 2962; x_wconf 89' lang='lat' dir='ltr'><strong>adactum</strong></span> <span class='ocrx_word' id='word_1_190' title='bbox 1710 2909 2024 2976; x_wconf 84' lang='lat' dir='ltr'><strong>hebescens,</strong></span> <span class='ocrx_word' id='word_1_191' title='bbox 2056 2916 2180 2964; x_wconf 89' lang='lat' dir='ltr'><strong>cute</strong></span> 
     </span>
    </p>
   </div>
   <div class='ocr_carea' id='block_1_31' title="bbox 617 2997 1196 3067">
    <p class='ocr_par' dir='ltr' id='par_1_31' title="bbox 617 2997 1196 3067">
     <span class='ocr_line' id='line_1_31' title="bbox 617 2997 1196 3067; baseline 0.002 -17"><span class='ocrx_word' id='word_1_192' title='bbox 617 2997 818 3067; x_wconf 82' lang='lat' dir='ltr'><strong>injecta</strong></span> <span class='ocrx_word' id='word_1_193' title='bbox 846 2998 1196 3067; x_wconf 73' lang='lat' dir='ltr'><strong>repercutiet.</strong></span> 
     </span>
    </p>
   </div>
   <div class='ocr_carea' id='block_1_32' title="bbox 687 3173 2175 3246">
    <p class='ocr_par' dir='ltr' id='par_1_32' title="bbox 687 3173 2175 3246">
     <span class='ocr_line' id='line_1_32' title="bbox 687 3173 2175 3246; baseline 0.005 -20"><span class='ocrx_word' id='word_1_194' title='bbox 687 3173 998 3228; x_wconf 81' lang='lat' dir='ltr'><strong>Producant</strong></span> <span class='ocrx_word' id='word_1_195' title='bbox 1027 3193 1174 3246; x_wconf 77' lang='lat' dir='ltr'><strong>aqua:</strong></span> <span class='ocrx_word' id='word_1_196' title='bbox 1204 3177 1442 3231; x_wconf 79' lang='lat' dir='ltr'><strong>volatilia</strong></span> <span class='ocrx_word' id='word_1_197' title='bbox 1464 3180 1763 3234; x_wconf 84' lang='lat' dir='ltr'><strong>animarum</strong></span> <span class='ocrx_word' id='word_1_198' title='bbox 1793 3181 2070 3235; x_wconf 80' lang='lat' dir='ltr'><strong>viventium</strong></span> <span class='ocrx_word' id='word_1_199' title='bbox 2112 3181 2175 3246; x_wconf 79' lang='lat'><strong>&quot;,</strong></span> 
     </span>
    </p>
   </div>
   <div class='ocr_carea' id='block_1_33' title="bbox 617 3269 2181 3346">
    <p class='ocr_par' dir='ltr' id='par_1_33' title="bbox 617 3269 2181 3346">
     <span class='ocr_line' id='line_1_33' title="bbox 617 3269 2181 3346; baseline 0.005 -23"><span class='ocrx_word' id='word_1_200' title='bbox 617 3280 670 3323; x_wconf 90' lang='lat' dir='ltr'><strong>et</strong></span> <span class='ocrx_word' id='word_1_201' title='bbox 694 3269 814 3323; x_wconf 81' lang='lat' dir='ltr'><strong>sine</strong></span> <span class='ocrx_word' id='word_1_202' title='bbox 841 3269 946 3322; x_wconf 89' lang='lat' dir='ltr'><strong>ulla</strong></span> <span class='ocrx_word' id='word_1_203' title='bbox 976 3285 1125 3324; x_wconf 85' lang='lat' dir='ltr'><strong>mora</strong></span> <span class='ocrx_word' id='word_1_204' title='bbox 1158 3271 1438 3325; x_wconf 85' lang='lat' dir='ltr'><strong>volucrum</strong></span> <span class='ocrx_word' id='word_1_205' title='bbox 1468 3273 1648 3328; x_wconf 91' lang='lat' dir='ltr'><strong>omnis</strong></span> <span class='ocrx_word' id='word_1_206' title='bbox 1701 3275 1914 3344; x_wconf 80' lang='lat' dir='ltr'><strong>generis</strong></span> <span class='ocrx_word' id='word_1_207' title='bbox 1945 3290 2038 3330; x_wconf 91' lang='lat' dir='ltr'><strong>aer</strong></span> <span class='ocrx_word' id='word_1_208' title='bbox 2070 3275 2181 3346; x_wconf 89' lang='lat' dir='ltr'><strong>ple-</strong></span> 
     </span>
    </p>
   </div>
   <div class='ocr_carea' id='block_1_34' title="bbox 615 3359 2180 3432">
    <p class='ocr_par' dir='ltr' id='par_1_34' title="bbox 615 3359 2180 3432">
     <span class='ocr_line' id='line_1_34' title="bbox 615 3359 2180 3432; baseline 0.003 -18"><span class='ocrx_word' id='word_1_209' title='bbox 615 3360 898 3416; x_wconf 87' lang='lat' dir='ltr'><strong>nissimus.</strong></span> <span class='ocrx_word' id='word_1_210' title='bbox 939 3359 1048 3416; x_wconf 72' lang='lat' dir='ltr'><strong>illa:</strong></span> <span class='ocrx_word' id='word_1_211' title='bbox 1077 3379 1143 3418; x_wconf 82' lang='lat' dir='ltr'><strong>ex</strong></span> <span class='ocrx_word' id='word_1_212' title='bbox 1178 3363 1335 3432; x_wconf 90' lang='lat' dir='ltr'><strong>aquis</strong></span> <span class='ocrx_word' id='word_1_213' title='bbox 1385 3371 1562 3419; x_wconf 90' lang='lat' dir='ltr'><strong>ortum</strong></span> <span class='ocrx_word' id='word_1_214' title='bbox 1596 3364 1816 3428; x_wconf 84' lang='lat' dir='ltr'><strong>habent,</strong></span> <span class='ocrx_word' id='word_1_215' title='bbox 1853 3373 1980 3421; x_wconf 89' lang='lat' dir='ltr'><strong>sunt</strong></span> <span class='ocrx_word' id='word_1_216' title='bbox 2034 3366 2180 3421; x_wconf 90' lang='lat' dir='ltr'><strong>enim</strong></span> 
     </span>
    </p>
   </div>
   <div class='ocr_carea' id='block_1_35' title="bbox 615 3455 2182 3528">
    <p class='ocr_par' dir='ltr' id='par_1_35' title="bbox 615 3455 2182 3528">
     <span class='ocr_line' id='line_1_35' title="bbox 615 3455 2182 3528; baseline 0.005 -20"><span class='ocrx_word' id='word_1_217' title='bbox 615 3469 740 3508; x_wconf 90' lang='lat' dir='ltr'><strong>cum</strong></span> <span class='ocrx_word' id='word_1_218' title='bbox 774 3455 1017 3524; x_wconf 87' lang='lat' dir='ltr'><strong>piscibus</strong></span> <span class='ocrx_word' id='word_1_219' title='bbox 1038 3457 1364 3527; x_wconf 81' lang='lat' dir='ltr'><strong>cognatione</strong></span> <span class='ocrx_word' id='word_1_220' title='bbox 1409 3459 1644 3528; x_wconf 90' lang='lat' dir='ltr'><strong>quadam</strong></span> <span class='ocrx_word' id='word_1_221' title='bbox 1671 3468 1724 3514; x_wconf 92' lang='lat' dir='ltr'><strong>et</strong></span> <span class='ocrx_word' id='word_1_222' title='bbox 1769 3459 2026 3515; x_wconf 85' lang='lat' dir='ltr'><strong>allinitate</strong></span> <span class='ocrx_word' id='word_1_223' title='bbox 2051 3477 2182 3516; x_wconf 85' lang='lat' dir='ltr'><strong>con-</strong></span> 
     </span>
    </p>
   </div>
   <div class='ocr_carea' id='block_1_36' title="bbox 609 3546 2178 3622">
    <p class='ocr_par' dir='ltr' id='par_1_36' title="bbox 609 3546 2178 3622">
     <span class='ocr_line' id='line_1_36' title="bbox 609 3546 2178 3622; baseline 0.004 -23"><span class='ocrx_word' id='word_1_224' title='bbox 609 3546 833 3613; x_wconf 68' lang='lat' dir='ltr'><strong>junctae.</strong></span> <span class='ocrx_word' id='word_1_225' title='bbox 883 3546 1069 3603; x_wconf 86' lang='lat' dir='ltr'><strong>Pisces</strong></span> <span class='ocrx_word' id='word_1_226' title='bbox 1115 3549 1314 3619; x_wconf 89' lang='lat' dir='ltr'><strong>quippe</strong></span> <span class='ocrx_word' id='word_1_227' title='bbox 1359 3550 1568 3604; x_wconf 89' lang='lat' dir='ltr'><strong>alarum</strong></span> <span class='ocrx_word' id='word_1_228' title='bbox 1605 3558 1782 3605; x_wconf 91' lang='lat' dir='ltr'><strong>meatu</strong></span> <span class='ocrx_word' id='word_1_229' title='bbox 1835 3566 2007 3622; x_wconf 87' lang='lat' dir='ltr'><strong>aquas</strong></span> <span class='ocrx_word' id='word_1_230' title='bbox 2039 3552 2178 3608; x_wconf 84' lang='lat' dir='ltr'><strong>divi-</strong></span> 
     </span>
    </p>
   </div>
   <div class='ocr_carea' id='block_1_37' title="bbox 614 3639 2178 3714">
    <p class='ocr_par' dir='ltr' id='par_1_37' title="bbox 614 3639 2178 3714">
     <span class='ocr_line' id='line_1_37' title="bbox 614 3639 2178 3714; baseline 0.004 -21"><span class='ocrx_word' id='word_1_231' title='bbox 614 3639 793 3694; x_wconf 91' lang='lat' dir='ltr'><strong>dendo</strong></span> <span class='ocrx_word' id='word_1_232' title='bbox 823 3648 1147 3708; x_wconf 83' lang='lat' dir='ltr'><strong>transuant;</strong></span> <span class='ocrx_word' id='word_1_233' title='bbox 1179 3643 1260 3698; x_wconf 88' lang='lat' dir='ltr'><strong>sic</strong></span> <span class='ocrx_word' id='word_1_234' title='bbox 1282 3649 1337 3697; x_wconf 88' lang='lat' dir='ltr'><strong>et</strong></span> <span class='ocrx_word' id='word_1_235' title='bbox 1378 3643 1630 3697; x_wconf 88' lang='lat' dir='ltr'><strong>volucres</strong></span> <span class='ocrx_word' id='word_1_236' title='bbox 1656 3644 1849 3714; x_wconf 89' lang='lat' dir='ltr'><strong>pennis</strong></span> <span class='ocrx_word' id='word_1_237' title='bbox 1881 3661 1976 3714; x_wconf 88' lang='lat' dir='ltr'><strong>per</strong></span> <span class='ocrx_word' id='word_1_238' title='bbox 2001 3659 2178 3700; x_wconf 88' lang='lat' dir='ltr'><strong>aerem</strong></span> 
     </span>
    </p>
   </div>
   <div class='ocr_carea' id='block_1_38' title="bbox 617 3735 2176 3807">
    <p class='ocr_par' dir='ltr' id='par_1_38' title="bbox 617 3735 2176 3807">
     <span class='ocr_line' id='line_1_38' title="bbox 617 3735 2176 3807; baseline 0.004 -19"><span class='ocrx_word' id='word_1_239' title='bbox 617 3735 1075 3804; x_wconf 85' lang='lat' dir='ltr'><strong>transvehuntur;</strong></span> <span class='ocrx_word' id='word_1_240' title='bbox 1121 3736 1314 3790; x_wconf 84' lang='lat' dir='ltr'><strong>harum</strong></span> <span class='ocrx_word' id='word_1_241' title='bbox 1369 3736 1638 3807; x_wconf 73' lang='lat' dir='ltr'><strong>quaedam,</strong></span> <span class='ocrx_word' id='word_1_242' title='bbox 1698 3739 2019 3803; x_wconf 68' lang='lat' dir='ltr'><strong>carnivoraa,</strong></span> <span class='ocrx_word' id='word_1_243' title='bbox 2076 3753 2176 3794; x_wconf 90' lang='lat' dir='ltr'><strong>suo</strong></span> 
     </span>
    </p>
   </div>
   <div class='ocr_carea' id='block_1_39' title="bbox 616 3828 2183 3898">
    <p class='ocr_par' dir='ltr' id='par_1_39' title="bbox 616 3828 2183 3898">
     <span class='ocr_line' id='line_1_39' title="bbox 616 3828 2183 3898; baseline 0.002 -19"><span class='ocrx_word' id='word_1_244' title='bbox 616 3840 796 3897; x_wconf 84' lang='lat' dir='ltr'><strong>aptam</strong></span> <span class='ocrx_word' id='word_1_245' title='bbox 819 3829 1036 3897; x_wconf 82' lang='lat' dir='ltr'><strong>ingenio</strong></span> <span class='ocrx_word' id='word_1_246' title='bbox 1066 3829 1417 3898; x_wconf 84' lang='lat' dir='ltr'><strong>moribusque</strong></span> <span class='ocrx_word' id='word_1_247' title='bbox 1438 3828 1904 3883; x_wconf 76' lang='lat' dir='ltr'><strong>accommodatam</strong></span> <span class='ocrx_word' id='word_1_248' title='bbox 1937 3828 2183 3898; x_wconf 87' lang='lat' dir='ltr'><strong>corporis</strong></span> 
     </span>
    </p>
   </div>
   <div class='ocr_carea' id='block_1_40' title="bbox 614 3920 2178 3991">
    <p class='ocr_par' dir='ltr' id='par_1_40' title="bbox 614 3920 2178 3991">
     <span class='ocr_line' id='line_1_40' title="bbox 614 3920 2178 3991; baseline -0.001 -17"><span class='ocrx_word' id='word_1_249' title='bbox 614 3921 1059 3975; x_wconf 89' lang='lat' dir='ltr'><strong>constitutionem</strong></span> <span class='ocrx_word' id='word_1_250' title='bbox 1089 3929 1262 3975; x_wconf 73' lang='lat' dir='ltr'><strong>nacta:</strong></span> <span class='ocrx_word' id='word_1_251' title='bbox 1292 3929 1440 3987; x_wconf 88' lang='lat' dir='ltr'><strong>sunt,</strong></span> <span class='ocrx_word' id='word_1_252' title='bbox 1490 3921 1753 3991; x_wconf 82' lang='lat' dir='ltr'><strong>unguium</strong></span> <span class='ocrx_word' id='word_1_253' title='bbox 1808 3920 2178 3985; x_wconf 88' lang='lat' dir='ltr'><strong>tenacitatem,</strong></span> 
     </span>
    </p>
   </div>
   <div class='ocr_carea' id='block_1_41' title="bbox 504 4015 2182 4088">
    <p class='ocr_par' dir='ltr' id='par_1_41' title="bbox 504 4015 2182 4088">
     <span class='ocr_line' id='line_1_41' title="bbox 504 4015 2182 4088; baseline 0.001 -20"><span class='ocrx_word' id='word_1_254' title='bbox 504 4037 516 4042; x_wconf 86' lang='grc'><strong>·</strong></span> <span class='ocrx_word' id='word_1_255' title='bbox 614 4024 917 4070; x_wconf 90' lang='lat' dir='ltr'><strong>rostrorum</strong></span> <span class='ocrx_word' id='word_1_256' title='bbox 974 4015 1365 4080; x_wconf 86' lang='lat' dir='ltr'><strong>aduncitatem,</strong></span> <span class='ocrx_word' id='word_1_257' title='bbox 1426 4018 1634 4071; x_wconf 88' lang='lat' dir='ltr'><strong>alarum</strong></span> <span class='ocrx_word' id='word_1_258' title='bbox 1690 4017 2094 4088; x_wconf 84' lang='lat' dir='ltr'><strong>pernicitatem,</strong></span> <span class='ocrx_word' id='word_1_259' title='bbox 2121 4023 2182 4071; x_wconf 93' lang='lat' dir='ltr'><strong>ut</strong></span> 
     </span>
    </p>
   </div>
   <div class='ocr_carea' id='block_1_42' title="bbox 618 4108 2182 4180">
    <p class='ocr_par' dir='ltr' id='par_1_42' title="bbox 618 4108 2182 4180">
     <span class='ocr_line' id='line_1_42' title="bbox 618 4108 2182 4180; baseline 0.002 -20"><span class='ocrx_word' id='word_1_260' title='bbox 618 4108 877 4161; x_wconf 83' lang='lat' dir='ltr'><strong>facillimo</strong></span> <span class='ocrx_word' id='word_1_261' title='bbox 927 4108 1140 4178; x_wconf 91' lang='lat' dir='ltr'><strong>negotio</strong></span> <span class='ocrx_word' id='word_1_262' title='bbox 1174 4109 1434 4163; x_wconf 80' lang='lat' dir='ltr'><strong>tenaciter</strong></span> <span class='ocrx_word' id='word_1_263' title='bbox 1484 4111 1724 4178; x_wconf 87' lang='lat' dir='ltr'><strong>arripere</strong></span> <span class='ocrx_word' id='word_1_264' title='bbox 1755 4121 1918 4180; x_wconf 90' lang='lat' dir='ltr'><strong>atque</strong></span> <span class='ocrx_word' id='word_1_265' title='bbox 1971 4109 2182 4165; x_wconf 84' lang='lat' dir='ltr'><strong>discer-</strong></span> 
     </span>
    </p>
   </div>
   <div class='ocr_carea' id='block_1_43' title="bbox 617 4199 2180 4275">
    <p class='ocr_par' dir='ltr' id='par_1_43' title="bbox 617 4199 2180 4275">
     <span class='ocr_line' id='line_1_43' title="bbox 617 4199 2180 4275; baseline 0.002 -20"><span class='ocrx_word' id='word_1_266' title='bbox 617 4215 746 4270; x_wconf 87' lang='lat' dir='ltr'><strong>pere</strong></span> <span class='ocrx_word' id='word_1_267' title='bbox 772 4199 984 4270; x_wconf 87' lang='lat' dir='ltr'><strong>possint</strong></span> <span class='ocrx_word' id='word_1_268' title='bbox 1013 4208 1066 4254; x_wconf 89' lang='lat' dir='ltr'><strong>et</strong></span> <span class='ocrx_word' id='word_1_269' title='bbox 1091 4200 1366 4265; x_wconf 87' lang='lat' dir='ltr'><strong>lacerare;</strong></span> <span class='ocrx_word' id='word_1_270' title='bbox 1421 4203 1667 4270; x_wconf 64' lang='lat' dir='ltr'><strong>quaedam</strong></span> <span class='ocrx_word' id='word_1_271' title='bbox 1719 4203 2018 4275; x_wconf 62' lang='lat' dir='ltr'><strong>frugilega,</strong></span> <span class='ocrx_word' id='word_1_272' title='bbox 2061 4204 2180 4258; x_wconf 75' lang='lat' dir='ltr'><strong>alia:</strong></span> 
     </span>
    </p>
   </div>
   <div class='ocr_carea' id='block_1_44' title="bbox 618 4290 2182 4358">
    <p class='ocr_par' dir='ltr' id='par_1_44' title="bbox 618 4290 2182 4358">
     <span class='ocr_line' id='line_1_44' title="bbox 618 4290 2182 4358; baseline 0.002 -12"><span class='ocrx_word' id='word_1_273' title='bbox 618 4293 703 4347; x_wconf 93' lang='lat' dir='ltr'><strong>his</strong></span> <span class='ocrx_word' id='word_1_274' title='bbox 752 4290 1004 4346; x_wconf 90' lang='lat' dir='ltr'><strong>omnibus</strong></span> <span class='ocrx_word' id='word_1_275' title='bbox 1036 4291 1255 4344; x_wconf 88' lang='lat' dir='ltr'><strong>aluntur</strong></span> <span class='ocrx_word' id='word_1_276' title='bbox 1313 4300 1366 4346; x_wconf 91' lang='lat' dir='ltr'><strong>et</strong></span> <span class='ocrx_word' id='word_1_277' title='bbox 1425 4302 1818 4358; x_wconf 87' lang='lat' dir='ltr'><strong>sustentantur,</strong></span> <span class='ocrx_word' id='word_1_278' title='bbox 1851 4303 1906 4350; x_wconf 88' lang='lat' dir='ltr'><strong>et</strong></span> <span class='ocrx_word' id='word_1_279' title='bbox 1930 4305 2182 4350; x_wconf 88' lang='lat' dir='ltr'><strong>constru-</strong></span> 
     </span>
    </p>
   </div>
   <div class='ocr_carea' id='block_1_45' title="bbox 617 4383 2177 4443">
    <p class='ocr_par' dir='ltr' id='par_1_45' title="bbox 617 4383 2177 4443">
     <span class='ocr_line' id='line_1_45' title="bbox 617 4383 2177 4443; baseline 0.003 -5"><span class='ocrx_word' id='word_1_280' title='bbox 617 4390 798 4439; x_wconf 88' lang='lat' dir='ltr'><strong>ctione</strong></span> <span class='ocrx_word' id='word_1_281' title='bbox 832 4384 973 4439; x_wconf 87' lang='lat' dir='ltr'><strong>inter</strong></span> <span class='ocrx_word' id='word_1_282' title='bbox 1005 4401 1064 4440; x_wconf 87' lang='lat' dir='ltr'><strong>se</strong></span> <span class='ocrx_word' id='word_1_283' title='bbox 1109 4383 1366 4438; x_wconf 72' lang='lat' dir='ltr'><strong>dilferunt</strong></span> <span class='ocrx_word' id='word_1_284' title='bbox 1419 4401 1630 4440; x_wconf 87' lang='lat' dir='ltr'><strong>omnes.</strong></span> <span class='ocrx_word' id='word_1_285' title='bbox 1664 4386 1930 4443; x_wconf 57' lang='lat' dir='ltr'><strong>Praeterea</strong></span> <span class='ocrx_word' id='word_1_286' title='bbox 1982 4389 2177 4442; x_wconf 85' lang='lat' dir='ltr'><strong>harum</strong></span> 
     </span>
    </p>
   </div>
   <div class='ocr_carea' id='block_1_46' title="bbox 2275 528 3853 601">
    <p class='ocr_par' dir='ltr' id='par_1_46' title="bbox 2275 528 3853 601">
     <span class='ocr_line' id='line_1_46' title="bbox 2275 528 3853 601; baseline 0.004 -21"><span class='ocrx_word' id='word_1_287' title='bbox 2275 528 2480 599; x_wconf 76' lang='grc' dir='ltr'>οἴκημα</span> <span class='ocrx_word' id='word_1_288' title='bbox 2503 529 2878 583; x_wconf 76' lang='grc' dir='ltr'><strong>κατακλείεται</strong></span> <span class='ocrx_word' id='word_1_289' title='bbox 2912 528 3210 600; x_wconf 81' lang='grc' dir='ltr'>φερόμενος</span> <span class='ocrx_word' id='word_1_290' title='bbox 3232 529 3400 582; x_wconf 85' lang='grc' dir='ltr'>κάτω.</span> <span class='ocrx_word' id='word_1_291' title='bbox 3433 529 3546 582; x_wconf 76' lang='grc' dir='ltr'>Καὶ</span> <span class='ocrx_word' id='word_1_292' title='bbox 3582 531 3636 583; x_wconf 75' lang='grc' dir='ltr'>οἱ</span> <span class='ocrx_word' id='word_1_293' title='bbox 3667 530 3853 601; x_wconf 84' lang='grc' dir='ltr'>θηρευ-</span> 
     </span>
    </p>
   </div>
   <div class='ocr_carea' id='block_1_47' title="bbox 2273 621 3852 695">
    <p class='ocr_par' dir='ltr' id='par_1_47' title="bbox 2273 621 3852 695">
     <span class='ocr_line' id='line_1_47' title="bbox 2273 621 3852 695; baseline 0.004 -22"><span class='ocrx_word' id='word_1_294' title='bbox 2273 622 2362 673; x_wconf 80' lang='grc' dir='ltr'><strong>ταὶ</strong></span> <span class='ocrx_word' id='word_1_295' title='bbox 2396 621 2554 684; x_wconf 79' lang='grc' dir='ltr'>εὐθὺς</span> <span class='ocrx_word' id='word_1_296' title='bbox 2583 621 2948 676; x_wconf 86' lang='grc' dir='ltr'>ἀποκλείουσι.</span> <span class='ocrx_word' id='word_1_297' title='bbox 2979 621 3255 693; x_wconf 78' lang='grc' dir='ltr'>Δεύτερον.</span> <span class='ocrx_word' id='word_1_298' title='bbox 3299 659 3314 674; x_wconf 91' lang='grc'><strong>.</strong></span> <span class='ocrx_word' id='word_1_299' title='bbox 3345 663 3360 679; x_wconf 92' lang='grc'><strong>.</strong></span> <span class='ocrx_word' id='word_1_300' title='bbox 3389 661 3404 676; x_wconf 94' lang='grc'><strong>.</strong></span> <span class='ocrx_word' id='word_1_301' title='bbox 3443 663 3458 676; x_wconf 92' lang='grc'><strong>.</strong></span> <span class='ocrx_word' id='word_1_302' title='bbox 3487 621 3623 693; x_wconf 79' lang='grc' dir='ltr'>βοὸς</span> <span class='ocrx_word' id='word_1_303' title='bbox 3661 622 3722 676; x_wconf 80' lang='grc' dir='ltr'>δὲ</span> <span class='ocrx_word' id='word_1_304' title='bbox 3746 623 3852 695; x_wconf 77' lang='grc' dir='ltr'>ἔχει</span> 
     </span>
    </p>
   </div>
   <div class='ocr_carea' id='block_1_48' title="bbox 2275 713 2912 785">
    <p class='ocr_par' dir='ltr' id='par_1_48' title="bbox 2275 713 2912 785">
     <span class='ocr_line' id='line_1_48' title="bbox 2275 713 2912 785; baseline 0.003 -19"><span class='ocrx_word' id='word_1_305' title='bbox 2275 713 2336 766; x_wconf 84' lang='grc' dir='ltr'>τὸ</span> <span class='ocrx_word' id='word_1_306' title='bbox 2357 714 2540 784; x_wconf 85' lang='grc' dir='ltr'>θηρίον</span> <span class='ocrx_word' id='word_1_307' title='bbox 2574 714 2632 767; x_wconf 88' lang='grc' dir='ltr'><strong>τὸ</strong></span> <span class='ocrx_word' id='word_1_308' title='bbox 2667 715 2912 785; x_wconf 85' lang='grc' dir='ltr'>μέγεθος.</span> 
     </span>
    </p>
   </div>
   <div class='ocr_carea' id='block_1_49' title="bbox 2358 1063 3848 1141">
    <p class='ocr_par' dir='ltr' id='par_1_49' title="bbox 2358 1063 3848 1141">
     <span class='ocr_line' id='line_1_49' title="bbox 2358 1063 3848 1141; baseline 0.007 -27"><span class='ocrx_word' id='word_1_309' title='bbox 2358 1063 2442 1114; x_wconf 85' lang='grc' dir='ltr'><strong>Ἐν</strong></span> <span class='ocrx_word' id='word_1_310' title='bbox 2472 1063 2529 1116; x_wconf 80' lang='grc' dir='ltr'>δὲ</span> <span class='ocrx_word' id='word_1_311' title='bbox 2564 1067 2674 1128; x_wconf 86' lang='grc' dir='ltr'>τοῖς</span> <span class='ocrx_word' id='word_1_312' title='bbox 2709 1064 2886 1136; x_wconf 77' lang='grc' dir='ltr'>ἰχθύσι</span> <span class='ocrx_word' id='word_1_313' title='bbox 2919 1064 3084 1138; x_wconf 85' lang='grc' dir='ltr'>πολλή</span> <span class='ocrx_word' id='word_1_314' title='bbox 3118 1083 3202 1130; x_wconf 87' lang='grc' dir='ltr'><strong>τις</strong></span> <span class='ocrx_word' id='word_1_315' title='bbox 3232 1065 3532 1138; x_wconf 81' lang='grc' dir='ltr'>ἐνυπάρχει</span> <span class='ocrx_word' id='word_1_316' title='bbox 3562 1066 3742 1141; x_wconf 86' lang='grc' dir='ltr'>θέρμη</span> <span class='ocrx_word' id='word_1_317' title='bbox 3771 1070 3848 1124; x_wconf 81' lang='grc' dir='ltr'><strong>ἔν-</strong></span> 
     </span>
    </p>
   </div>
   <div class='ocr_carea' id='block_1_50' title="bbox 2274 1153 3846 1225">
    <p class='ocr_par' dir='ltr' id='par_1_50' title="bbox 2274 1153 3846 1225">
     <span class='ocr_line' id='line_1_50' title="bbox 2274 1153 3846 1225; baseline 0.006 -19"><span class='ocrx_word' id='word_1_318' title='bbox 2274 1153 2444 1219; x_wconf 86' lang='grc' dir='ltr'>δοθεν,</span> <span class='ocrx_word' id='word_1_319' title='bbox 2496 1157 2588 1208; x_wconf 76' lang='grc' dir='ltr'>καὶ</span> <span class='ocrx_word' id='word_1_320' title='bbox 2616 1155 2781 1220; x_wconf 79' lang='grc' dir='ltr'>ὀξεῖα·</span> <span class='ocrx_word' id='word_1_321' title='bbox 2815 1158 2894 1212; x_wconf 79' lang='grc' dir='ltr'><strong>διὸ</strong></span> <span class='ocrx_word' id='word_1_322' title='bbox 2933 1159 3028 1214; x_wconf 69' lang='grc' dir='ltr'><strong>καὶ</strong></span> <span class='ocrx_word' id='word_1_323' title='bbox 3071 1159 3260 1213; x_wconf 83' lang='grc' dir='ltr'>θᾶττον</span> <span class='ocrx_word' id='word_1_324' title='bbox 3306 1158 3779 1225; x_wconf 85' lang='grc' dir='ltr'>καταπέπτουσιν,</span> <span class='ocrx_word' id='word_1_325' title='bbox 3814 1163 3846 1215; x_wconf 79' lang='grc' dir='ltr'><strong>ἀ</strong></span> 
     </span>
    </p>
   </div>
   <div class='ocr_carea' id='block_1_51' title="bbox 2275 1245 3840 1322">
    <p class='ocr_par' dir='ltr' id='par_1_51' title="bbox 2275 1245 3840 1322">
     <span class='ocr_line' id='line_1_51' title="bbox 2275 1245 3840 1322; baseline 0.003 -24"><span class='ocrx_word' id='word_1_326' title='bbox 2275 1245 2563 1310; x_wconf 78' lang='grc' dir='ltr'>ἐσθίουσιν,</span> <span class='ocrx_word' id='word_1_327' title='bbox 2599 1247 2797 1312; x_wconf 78' lang='grc' dir='ltr'>εὐθέως</span> <span class='ocrx_word' id='word_1_328' title='bbox 2821 1249 3230 1322; x_wconf 84' lang='grc' dir='ltr'>διασηπομένων</span> <span class='ocrx_word' id='word_1_329' title='bbox 3251 1247 3360 1302; x_wconf 83' lang='grc' dir='ltr'><strong>τῶν</strong></span> <span class='ocrx_word' id='word_1_330' title='bbox 3389 1248 3676 1302; x_wconf 82' lang='grc' dir='ltr'>ὲδωδίιιων</span> <span class='ocrx_word' id='word_1_331' title='bbox 3701 1249 3756 1302; x_wconf 76' lang='grc' dir='ltr'>ἐν</span> <span class='ocrx_word' id='word_1_332' title='bbox 3783 1253 3840 1322; x_wconf 77' lang='grc' dir='ltr'>τῇ</span> 
     </span>
    </p>
   </div>
   <div class='ocr_carea' id='block_1_52' title="bbox 2275 1337 2694 1409">
    <p class='ocr_par' dir='ltr' id='par_1_52' title="bbox 2275 1337 2694 1409">
     <span class='ocr_line' id='line_1_52' title="bbox 2275 1337 2694 1409; baseline -0.002 -17"><span class='ocrx_word' id='word_1_333' title='bbox 2275 1339 2470 1409; x_wconf 76' lang='grc' dir='ltr'>γαστρὶ</span> <span class='ocrx_word' id='word_1_334' title='bbox 2499 1337 2694 1392; x_wconf 83' lang='grc' dir='ltr'>αὐτῶν.</span> 
     </span>
    </p>
   </div>
   <div class='ocr_carea' id='block_1_53' title="bbox 2357 1430 3840 1504">
    <p class='ocr_par' dir='ltr' id='par_1_53' title="bbox 2357 1430 3840 1504">
     <span class='ocr_line' id='line_1_53' title="bbox 2357 1430 3840 1504; baseline 0.005 -22"><span class='ocrx_word' id='word_1_335' title='bbox 2357 1430 2420 1482; x_wconf 85' lang='grc' dir='ltr'><em>Ἢ</em></span> <span class='ocrx_word' id='word_1_336' title='bbox 2448 1431 2504 1484; x_wconf 82' lang='grc' dir='ltr'>δὲ</span> <span class='ocrx_word' id='word_1_337' title='bbox 2540 1431 2878 1496; x_wconf 86' lang='grc' dir='ltr'>θαλαττιαῖος</span> <span class='ocrx_word' id='word_1_338' title='bbox 2906 1432 3151 1504; x_wconf 79' lang='grc' dir='ltr'><strong>ἀλώπηξ,</strong></span> <span class='ocrx_word' id='word_1_339' title='bbox 3181 1434 3320 1487; x_wconf 83' lang='grc' dir='ltr'>ὲπὰν</span> <span class='ocrx_word' id='word_1_340' title='bbox 3368 1435 3440 1504; x_wconf 81' lang='grc' dir='ltr'>μὴ</span> <span class='ocrx_word' id='word_1_341' title='bbox 3482 1433 3714 1503; x_wconf 81' lang='grc' dir='ltr'>δύνηται</span> <span class='ocrx_word' id='word_1_342' title='bbox 3739 1435 3840 1490; x_wconf 83' lang='grc' dir='ltr'>δια-</span> 
     </span>
    </p>
   </div>
   <div class='ocr_carea' id='block_1_54' title="bbox 2275 1524 3841 1597">
    <p class='ocr_par' dir='ltr' id='par_1_54' title="bbox 2275 1524 3841 1597">
     <span class='ocr_line' id='line_1_54' title="bbox 2275 1524 3841 1597; baseline 0.001 -21"><span class='ocrx_word' id='word_1_343' title='bbox 2275 1524 2468 1595; x_wconf 90' lang='grc' dir='ltr'>δράσαι</span> <span class='ocrx_word' id='word_1_344' title='bbox 2501 1525 2598 1596; x_wconf 82' lang='grc' dir='ltr'>τὴν</span> <span class='ocrx_word' id='word_1_345' title='bbox 2627 1524 2823 1596; x_wconf 86' lang='grc' dir='ltr'>άγραν,</span> <span class='ocrx_word' id='word_1_346' title='bbox 2869 1526 3208 1578; x_wconf 77' lang='grc' dir='ltr'>καταπιοῦσα</span> <span class='ocrx_word' id='word_1_347' title='bbox 3254 1526 3314 1577; x_wconf 87' lang='grc' dir='ltr'><strong>τὸ</strong></span> <span class='ocrx_word' id='word_1_348' title='bbox 3342 1527 3664 1597; x_wconf 82' lang='grc' dir='ltr'>ἄγχιστρον,</span> <span class='ocrx_word' id='word_1_349' title='bbox 3710 1526 3841 1592; x_wconf 78' lang='grc' dir='ltr'>ὲξαλ·</span> 
     </span>
    </p>
   </div>
   <div class='ocr_carea' id='block_1_55' title="bbox 2275 1615 3835 1690">
    <p class='ocr_par' dir='ltr' id='par_1_55' title="bbox 2275 1615 3835 1690">
     <span class='ocr_line' id='line_1_55' title="bbox 2275 1615 3835 1690; baseline 0.003 -23"><span class='ocrx_word' id='word_1_350' title='bbox 2275 1615 2477 1688; x_wconf 85' lang='grc' dir='ltr'>λομένη</span> <span class='ocrx_word' id='word_1_351' title='bbox 2526 1616 2620 1671; x_wconf 73' lang='grc' dir='ltr'><strong>καὶ</strong></span> <span class='ocrx_word' id='word_1_352' title='bbox 2656 1617 3049 1689; x_wconf 77' lang='grc' dir='ltr'>ἀνατρέχουσα,</span> <span class='ocrx_word' id='word_1_353' title='bbox 3090 1617 3397 1690; x_wconf 82' lang='grc' dir='ltr'>ἀποτρώγει</span> <span class='ocrx_word' id='word_1_354' title='bbox 3430 1617 3535 1688; x_wconf 78' lang='grc' dir='ltr'>τὴν</span> <span class='ocrx_word' id='word_1_355' title='bbox 3575 1618 3835 1690; x_wconf 83' lang='grc' dir='ltr'>μήρινθον,</span> 
     </span>
    </p>
   </div>
   <div class='ocr_carea' id='block_1_56' title="bbox 2279 1708 2701 1777">
    <p class='ocr_par' dir='ltr' id='par_1_56' title="bbox 2279 1708 2701 1777">
     <span class='ocr_line' id='line_1_56' title="bbox 2279 1708 2701 1777; baseline 0 -15"><span class='ocrx_word' id='word_1_356' title='bbox 2279 1709 2372 1762; x_wconf 81' lang='grc' dir='ltr'>καὶ</span> <span class='ocrx_word' id='word_1_357' title='bbox 2403 1708 2701 1777; x_wconf 81' lang='grc' dir='ltr'>διαφεύγει.</span> 
     </span>
    </p>
   </div>
   <div class='ocr_carea' id='block_1_57' title="bbox 2359 1801 3834 1876">
    <p class='ocr_par' dir='ltr' id='par_1_57' title="bbox 2359 1801 3834 1876">
     <span class='ocr_line' id='line_1_57' title="bbox 2359 1801 3834 1876; baseline 0.001 -22"><span class='ocrx_word' id='word_1_358' title='bbox 2359 1802 2416 1854; x_wconf 89' lang='grc' dir='ltr'>Ὁ</span> <span class='ocrx_word' id='word_1_359' title='bbox 2445 1801 2503 1854; x_wconf 84' lang='grc' dir='ltr'>δὲ</span> <span class='ocrx_word' id='word_1_360' title='bbox 2535 1801 2870 1873; x_wconf 80' lang='grc' dir='ltr'>κροκόδειλος</span> <span class='ocrx_word' id='word_1_361' title='bbox 2897 1803 3308 1876; x_wconf 78' lang='grc' dir='ltr'>ἀνθρωποὸὁρον</span> <span class='ocrx_word' id='word_1_362' title='bbox 3353 1803 3450 1874; x_wconf 90' lang='grc' dir='ltr'><strong>μέν</strong></span> <span class='ocrx_word' id='word_1_363' title='bbox 3493 1803 3613 1855; x_wconf 78' lang='grc' dir='ltr'>ἐστι</span> <span class='ocrx_word' id='word_1_364' title='bbox 3647 1801 3834 1874; x_wconf 82' lang='grc' dir='ltr'>θηρίον,</span> 
     </span>
    </p>
   </div>
   <div class='ocr_carea' id='block_1_58' title="bbox 2278 1893 3834 1969">
    <p class='ocr_par' dir='ltr' id='par_1_58' title="bbox 2278 1893 3834 1969">
     <span class='ocr_line' id='line_1_58' title="bbox 2278 1893 3834 1969; baseline -0.001 -21"><span class='ocrx_word' id='word_1_365' title='bbox 2278 1895 2406 1948; x_wconf 87' lang='grc' dir='ltr'>ὃταν</span> <span class='ocrx_word' id='word_1_366' title='bbox 2447 1895 2506 1949; x_wconf 81' lang='grc' dir='ltr'><strong>δὲ</strong></span> <span class='ocrx_word' id='word_1_367' title='bbox 2553 1895 2720 1969; x_wconf 81' lang='grc' dir='ltr'>μέλλῃ</span> <span class='ocrx_word' id='word_1_368' title='bbox 2761 1896 3029 1950; x_wconf 87' lang='grc' dir='ltr'>ποιεῖσθαι</span> <span class='ocrx_word' id='word_1_369' title='bbox 3070 1897 3168 1960; x_wconf 81' lang='grc' dir='ltr'>τὰς</span> <span class='ocrx_word' id='word_1_370' title='bbox 3208 1895 3406 1966; x_wconf 82' lang='grc' dir='ltr'>ὀχείας,</span> <span class='ocrx_word' id='word_1_371' title='bbox 3443 1893 3834 1966; x_wconf 79' lang='grc' dir='ltr'>ἀνανηξάμενον</span> 
     </span>
    </p>
   </div>
   <div class='ocr_carea' id='block_1_59' title="bbox 2278 1987 3831 2062">
    <p class='ocr_par' dir='ltr' id='par_1_59' title="bbox 2278 1987 3831 2062">
     <span class='ocr_line' id='line_1_59' title="bbox 2278 1987 3831 2062; baseline 0 -21"><span class='ocrx_word' id='word_1_372' title='bbox 2278 1987 2604 2062; x_wconf 79' lang='grc' dir='ltr'>ἀναστρέφει</span> <span class='ocrx_word' id='word_1_373' title='bbox 2641 1989 2738 2059; x_wconf 82' lang='grc' dir='ltr'>τὴν</span> <span class='ocrx_word' id='word_1_374' title='bbox 2771 1989 2988 2060; x_wconf 83' lang='grc' dir='ltr'>θήλειαν</span> <span class='ocrx_word' id='word_1_375' title='bbox 3032 1991 3124 2042; x_wconf 69' lang='grc' dir='ltr'><strong>ὲπὶ</strong></span> <span class='ocrx_word' id='word_1_376' title='bbox 3165 1993 3282 2054; x_wconf 87' lang='grc' dir='ltr'>ταῖς</span> <span class='ocrx_word' id='word_1_377' title='bbox 3311 1989 3525 2059; x_wconf 79' lang='grc' dir='ltr'>ὄχθαιςο</span> <span class='ocrx_word' id='word_1_378' title='bbox 3560 1989 3714 2059; x_wconf 80' lang='grc' dir='ltr'>μόνος</span> <span class='ocrx_word' id='word_1_379' title='bbox 3739 1988 3831 2060; x_wconf 77' lang='grc' dir='ltr'><strong>γάρ</strong></span> 
     </span>
    </p>
   </div>
   <div class='ocr_carea' id='block_1_60' title="bbox 2277 2072 3833 2151">
    <p class='ocr_par' dir='ltr' id='par_1_60' title="bbox 2277 2072 3833 2151">
     <span class='ocr_line' id='line_1_60' title="bbox 2277 2072 3833 2151; baseline 0.001 -21"><span class='ocrx_word' id='word_1_380' title='bbox 2277 2072 2427 2142; x_wconf 76' lang='grc' dir='ltr'>οὗτος</span> <span class='ocrx_word' id='word_1_381' title='bbox 2465 2077 2652 2143; x_wconf 77' lang='grc' dir='ltr'>ὕπτιος</span> <span class='ocrx_word' id='word_1_382' title='bbox 2695 2078 3009 2150; x_wconf 79' lang='grc' dir='ltr'>πλησιάζειν</span> <span class='ocrx_word' id='word_1_383' title='bbox 3039 2079 3268 2149; x_wconf 85' lang='grc' dir='ltr'>πέφυκε,</span> <span class='ocrx_word' id='word_1_384' title='bbox 3301 2081 3392 2132; x_wconf 81' lang='grc' dir='ltr'><strong>καὶ</strong></span> <span class='ocrx_word' id='word_1_385' title='bbox 3425 2079 3573 2150; x_wconf 81' lang='grc' dir='ltr'>μετὰ</span> <span class='ocrx_word' id='word_1_386' title='bbox 3609 2081 3703 2151; x_wconf 81' lang='grc' dir='ltr'>τὴν</span> <span class='ocrx_word' id='word_1_387' title='bbox 3729 2081 3833 2150; x_wconf 80' lang='grc' dir='ltr'>ὀμι-</span> 
     </span>
    </p>
   </div>
   <div class='ocr_carea' id='block_1_61' title="bbox 2278 2170 3829 2243">
    <p class='ocr_par' dir='ltr' id='par_1_61' title="bbox 2278 2170 3829 2243">
     <span class='ocr_line' id='line_1_61' title="bbox 2278 2170 3829 2243; baseline -0.001 -19"><span class='ocrx_word' id='word_1_388' title='bbox 2278 2170 2397 2224; x_wconf 86' lang='grc' dir='ltr'>λίαν</span> <span class='ocrx_word' id='word_1_389' title='bbox 2441 2170 2600 2224; x_wconf 86' lang='grc' dir='ltr'>πάλιν</span> <span class='ocrx_word' id='word_1_390' title='bbox 2648 2173 2766 2235; x_wconf 84' lang='grc' dir='ltr'>ταῖς</span> <span class='ocrx_word' id='word_1_391' title='bbox 2807 2172 2992 2243; x_wconf 70' lang='grc' dir='ltr'>χερσὶν</span> <span class='ocrx_word' id='word_1_392' title='bbox 3040 2171 3205 2242; x_wconf 80' lang='grc' dir='ltr'>αὐτὴν</span> <span class='ocrx_word' id='word_1_393' title='bbox 3231 2170 3607 2240; x_wconf 77' lang='grc' dir='ltr'>ἐπικουφίζων</span> <span class='ocrx_word' id='word_1_394' title='bbox 3637 2187 3829 2224; x_wconf 83' lang='grc' dir='ltr'>συνεπι-</span> 
     </span>
    </p>
   </div>
   <div class='ocr_carea' id='block_1_62' title="bbox 2280 2263 3827 2336">
    <p class='ocr_par' dir='ltr' id='par_1_62' title="bbox 2280 2263 3827 2336">
     <span class='ocr_line' id='line_1_62' title="bbox 2280 2263 3827 2336; baseline -0.001 -17"><span class='ocrx_word' id='word_1_395' title='bbox 2280 2265 2528 2336; x_wconf 84' lang='grc' dir='ltr'>στρέφει·</span> <span class='ocrx_word' id='word_1_396' title='bbox 2562 2264 2779 2318; x_wconf 81' lang='grc' dir='ltr'>ὲπειδάν</span> <span class='ocrx_word' id='word_1_397' title='bbox 2819 2264 2877 2317; x_wconf 83' lang='grc' dir='ltr'>δὲ</span> <span class='ocrx_word' id='word_1_398' title='bbox 2922 2265 3090 2334; x_wconf 82' lang='grc' dir='ltr'>αὐτὴν</span> <span class='ocrx_word' id='word_1_399' title='bbox 3123 2263 3266 2334; x_wconf 82' lang='grc' dir='ltr'>ἄλλῳ</span> <span class='ocrx_word' id='word_1_400' title='bbox 3313 2263 3717 2336; x_wconf 82' lang='grc' dir='ltr'>συγγενομένην</span> <span class='ocrx_word' id='word_1_401' title='bbox 3754 2265 3827 2318; x_wconf 81' lang='lat' dir='ltr'><strong>al-</strong></span> 
     </span>
    </p>
   </div>
   <div class='ocr_carea' id='block_1_63' title="bbox 2281 2355 3826 2428">
    <p class='ocr_par' dir='ltr' id='par_1_63' title="bbox 2281 2355 3826 2428">
     <span class='ocr_line' id='line_1_63' title="bbox 2281 2355 3826 2428; baseline -0.001 -18"><span class='ocrx_word' id='word_1_402' title='bbox 2281 2358 2493 2428; x_wconf 82' lang='grc' dir='ltr'>σθῆται,</span> <span class='ocrx_word' id='word_1_403' title='bbox 2541 2356 2996 2426; x_wconf 87' lang='grc' dir='ltr'>καθυποκρίνεται</span> <span class='ocrx_word' id='word_1_404' title='bbox 3048 2356 3388 2428; x_wconf 80' lang='grc' dir='ltr'>συμμιγῆναι</span> <span class='ocrx_word' id='word_1_405' title='bbox 3434 2357 3599 2427; x_wconf 79' lang='grc' dir='ltr'>αὐτῇ,</span> <span class='ocrx_word' id='word_1_406' title='bbox 3649 2356 3734 2409; x_wconf 84' lang='grc' dir='ltr'><strong>καὶ</strong></span> <span class='ocrx_word' id='word_1_407' title='bbox 3762 2355 3826 2426; x_wconf 84' lang='grc' dir='ltr'>τῷ</span> 
     </span>
    </p>
   </div>
   <div class='ocr_carea' id='block_1_64' title="bbox 2278 2445 3824 2518">
    <p class='ocr_par' dir='ltr' id='par_1_64' title="bbox 2278 2445 3824 2518">
     <span class='ocr_line' id='line_1_64' title="bbox 2278 2445 3824 2518; baseline 0.001 -19"><span class='ocrx_word' id='word_1_408' title='bbox 2278 2446 2426 2516; x_wconf 85' lang='grc' dir='ltr'>αὐτῷ</span> <span class='ocrx_word' id='word_1_409' title='bbox 2467 2446 2650 2517; x_wconf 85' lang='grc' dir='ltr'>τρόπῳ</span> <span class='ocrx_word' id='word_1_410' title='bbox 2701 2446 3043 2518; x_wconf 77' lang='grc' dir='ltr'>ἀναστρέψας</span> <span class='ocrx_word' id='word_1_411' title='bbox 3089 2446 3256 2518; x_wconf 82' lang='grc' dir='ltr'>αὐτὴν</span> <span class='ocrx_word' id='word_1_412' title='bbox 3307 2445 3569 2515; x_wconf 82' lang='grc' dir='ltr'>γινώσκει</span> <span class='ocrx_word' id='word_1_413' title='bbox 3621 2447 3704 2500; x_wconf 90' lang='grc' dir='ltr'><strong>διά</strong></span> <span class='ocrx_word' id='word_1_414' title='bbox 3742 2447 3824 2513; x_wconf 81' lang='grc' dir='ltr'>τῆς</span> 
     </span>
    </p>
   </div>
   <div class='ocr_carea' id='block_1_65' title="bbox 2279 2539 3822 2614">
    <p class='ocr_par' dir='ltr' id='par_1_65' title="bbox 2279 2539 3822 2614">
     <span class='ocr_line' id='line_1_65' title="bbox 2279 2539 3822 2614; baseline 0 -22"><span class='ocrx_word' id='word_1_415' title='bbox 2279 2541 2448 2612; x_wconf 84' lang='grc' dir='ltr'>ὀδμῆς</span> <span class='ocrx_word' id='word_1_416' title='bbox 2475 2541 2622 2611; x_wconf 78' lang='grc' dir='ltr'>(ἔχει</span> <span class='ocrx_word' id='word_1_417' title='bbox 2652 2541 2758 2614; x_wconf 78' lang='grc' dir='ltr'><strong>γὰρ</strong></span> <span class='ocrx_word' id='word_1_418' title='bbox 2785 2540 3048 2610; x_wconf 79' lang='grc' dir='ltr'>ὀξυτάτην</span> <span class='ocrx_word' id='word_1_419' title='bbox 3073 2541 3202 2612; x_wconf 72' lang='grc' dir='ltr'>περὶ</span> <span class='ocrx_word' id='word_1_420' title='bbox 3249 2539 3409 2594; x_wconf 81' lang='grc' dir='ltr'>τοῦτο</span> <span class='ocrx_word' id='word_1_421' title='bbox 3430 2541 3530 2612; x_wconf 83' lang='grc' dir='ltr'>τὴν</span> <span class='ocrx_word' id='word_1_422' title='bbox 3575 2541 3822 2611; x_wconf 76' lang='grc' dir='ltr'>αἴσθησιν)</span> 
     </span>
    </p>
   </div>
   <div class='ocr_carea' id='block_1_66' title="bbox 2280 2633 3820 2706">
    <p class='ocr_par' dir='ltr' id='par_1_66' title="bbox 2280 2633 3820 2706">
     <span class='ocr_line' id='line_1_66' title="bbox 2280 2633 3820 2706; baseline -0.001 -20"><span class='ocrx_word' id='word_1_423' title='bbox 2280 2633 2368 2702; x_wconf 81' lang='grc' dir='ltr'><strong>ὑφ’</strong></span> <span class='ocrx_word' id='word_1_424' title='bbox 2422 2633 2606 2706; x_wconf 74' lang='grc' dir='ltr'>ἑτέρου</span> <span class='ocrx_word' id='word_1_425' title='bbox 2644 2634 2960 2704; x_wconf 82' lang='grc' dir='ltr'>μιανθεῖσαν</span> <span class='ocrx_word' id='word_1_426' title='bbox 2995 2633 3187 2703; x_wconf 79' lang='grc' dir='ltr'>αὐτὴν,</span> <span class='ocrx_word' id='word_1_427' title='bbox 3218 2633 3312 2686; x_wconf 80' lang='grc' dir='ltr'><strong>καὶ</strong></span> <span class='ocrx_word' id='word_1_428' title='bbox 3341 2637 3456 2697; x_wconf 88' lang='grc' dir='ltr'>τοῖς</span> <span class='ocrx_word' id='word_1_429' title='bbox 3503 2633 3646 2700; x_wconf 77' lang='grc' dir='ltr'>ὄνυξι</span> <span class='ocrx_word' id='word_1_430' title='bbox 3686 2633 3820 2704; x_wconf 74' lang='grc' dir='ltr'>διαρ-</span> 
     </span>
    </p>
   </div>
   <div class='ocr_carea' id='block_1_67' title="bbox 2282 2724 3822 2798">
    <p class='ocr_par' dir='ltr' id='par_1_67' title="bbox 2282 2724 3822 2798">
     <span class='ocr_line' id='line_1_67' title="bbox 2282 2724 3822 2798; baseline -0.002 -19"><span class='ocrx_word' id='word_1_431' title='bbox 2282 2725 2446 2798; x_wconf 76' lang='grc' dir='ltr'>ρήξας</span> <span class='ocrx_word' id='word_1_432' title='bbox 2468 2725 2563 2796; x_wconf 79' lang='grc' dir='ltr'>τὴν</span> <span class='ocrx_word' id='word_1_433' title='bbox 2590 2727 2834 2798; x_wconf 89' lang='grc' dir='ltr'>γαστέρα</span> <span class='ocrx_word' id='word_1_434' title='bbox 2858 2727 3048 2797; x_wconf 77' lang='grc' dir='ltr'>αὐτῆς,</span> <span class='ocrx_word' id='word_1_435' title='bbox 3066 2726 3246 2779; x_wconf 83' lang='grc' dir='ltr'>πάντα</span> <span class='ocrx_word' id='word_1_436' title='bbox 3263 2724 3333 2778; x_wconf 82' lang='grc' dir='ltr'>τὰ</span> <span class='ocrx_word' id='word_1_437' title='bbox 3351 2727 3502 2790; x_wconf 75' lang='grc' dir='ltr'>ἐντὸς</span> <span class='ocrx_word' id='word_1_438' title='bbox 3531 2727 3694 2795; x_wconf 76' lang='grc' dir='ltr'>αὐτῆς</span> <span class='ocrx_word' id='word_1_439' title='bbox 3716 2741 3822 2778; x_wconf 86' lang='grc' dir='ltr'>κατ-</span> 
     </span>
    </p>
   </div>
   <div class='ocr_carea' id='block_1_68' title="bbox 2279 2815 3822 2888">
    <p class='ocr_par' dir='ltr' id='par_1_68' title="bbox 2279 2815 3822 2888">
     <span class='ocr_line' id='line_1_68' title="bbox 2279 2815 3822 2888; baseline 0 -20"><span class='ocrx_word' id='word_1_440' title='bbox 2279 2817 2465 2869; x_wconf 86' lang='grc' dir='ltr'>εσθίει.</span> <span class='ocrx_word' id='word_1_441' title='bbox 2520 2817 2655 2886; x_wconf 76' lang='grc' dir='ltr'>Περὶ</span> <span class='ocrx_word' id='word_1_442' title='bbox 2724 2816 2832 2888; x_wconf 86' lang='grc' dir='ltr'><strong>γάρ</strong></span> <span class='ocrx_word' id='word_1_443' title='bbox 2877 2816 2975 2888; x_wconf 81' lang='grc' dir='ltr'>τὴν</span> <span class='ocrx_word' id='word_1_444' title='bbox 3027 2817 3263 2888; x_wconf 78' lang='grc' dir='ltr'>γαστέρα</span> <span class='ocrx_word' id='word_1_445' title='bbox 3319 2818 3436 2871; x_wconf 77' lang='grc' dir='ltr'>ἐστὶ</span> <span class='ocrx_word' id='word_1_446' title='bbox 3477 2817 3730 2888; x_wconf 71' lang='grc' dir='ltr'>τρυφερὸν</span> <span class='ocrx_word' id='word_1_447' title='bbox 3769 2815 3822 2868; x_wconf 84' lang='grc' dir='ltr'><strong>τὸ</strong></span> 
     </span>
    </p>
   </div>
   <div class='ocr_carea' id='block_1_69' title="bbox 2280 2909 3821 2982">
    <p class='ocr_par' dir='ltr' id='par_1_69' title="bbox 2280 2909 3821 2982">
     <span class='ocr_line' id='line_1_69' title="bbox 2280 2909 3821 2982; baseline -0.001 -20"><span class='ocrx_word' id='word_1_448' title='bbox 2280 2909 2416 2974; x_wconf 83' lang='grc' dir='ltr'>ζῶον</span> <span class='ocrx_word' id='word_1_449' title='bbox 2438 2928 2451 2940; x_wconf 91' lang='grc'><strong>·</strong></span> <span class='ocrx_word' id='word_1_450' title='bbox 2484 2913 2512 2964; x_wconf 89' lang='grc' dir='ltr'>ὁ</span> <span class='ocrx_word' id='word_1_451' title='bbox 2545 2909 2652 2981; x_wconf 80' lang='grc' dir='ltr'><strong>γὰρ</strong></span> <span class='ocrx_word' id='word_1_452' title='bbox 2685 2911 2851 2975; x_wconf 81' lang='grc' dir='ltr'>νῶτος</span> <span class='ocrx_word' id='word_1_453' title='bbox 2893 2910 3054 2964; x_wconf 82' lang='grc' dir='ltr'>αὑτοῦ</span> <span class='ocrx_word' id='word_1_454' title='bbox 3096 2911 3378 2982; x_wconf 77' lang='grc' dir='ltr'>στιϐαραῖς</span> <span class='ocrx_word' id='word_1_455' title='bbox 3401 2911 3605 2965; x_wconf 84' lang='grc' dir='ltr'>λεπίσιν</span> <span class='ocrx_word' id='word_1_456' title='bbox 3635 2909 3821 2970; x_wconf 81' lang='grc' dir='ltr'>ἐνδέδυ-</span> 
     </span>
    </p>
   </div>
   <div class='ocr_carea' id='block_1_70' title="bbox 2279 3000 3818 3074">
    <p class='ocr_par' dir='ltr' id='par_1_70' title="bbox 2279 3000 3818 3074">
     <span class='ocr_line' id='line_1_70' title="bbox 2279 3000 3818 3074; baseline 0 -20"><span class='ocrx_word' id='word_1_457' title='bbox 2279 3018 2389 3065; x_wconf 89' lang='grc' dir='ltr'>ται,</span> <span class='ocrx_word' id='word_1_458' title='bbox 2422 3000 2562 3054; x_wconf 81' lang='grc' dir='ltr'>ὥστε</span> <span class='ocrx_word' id='word_1_459' title='bbox 2594 3003 2798 3056; x_wconf 76' lang='grc' dir='ltr'>καὶτὸν</span> <span class='ocrx_word' id='word_1_460' title='bbox 2831 3001 3083 3066; x_wconf 77' lang='grc' dir='ltr'>ὀξύτατον</span> <span class='ocrx_word' id='word_1_461' title='bbox 3116 3002 3331 3074; x_wconf 83' lang='grc' dir='ltr'>σίδηρον</span> <span class='ocrx_word' id='word_1_462' title='bbox 3365 3002 3708 3073; x_wconf 79' lang='grc' dir='ltr'>ἐπενεχθέντα</span> <span class='ocrx_word' id='word_1_463' title='bbox 3732 3001 3818 3071; x_wconf 83' lang='grc' dir='ltr'>ἀμ·</span> 
     </span>
    </p>
   </div>
   <div class='ocr_carea' id='block_1_71' title="bbox 2282 3090 2586 3145">
    <p class='ocr_par' dir='ltr' id='par_1_71' title="bbox 2282 3090 2586 3145">
     <span class='ocr_line' id='line_1_71' title="bbox 2282 3090 2586 3145; baseline 0.007 -2"><span class='ocrx_word' id='word_1_464' title='bbox 2282 3090 2586 3145; x_wconf 79' lang='grc' dir='ltr'>ϐλύνεσθαι.</span> 
     </span>
    </p>
   </div>
   <div class='ocr_carea' id='block_1_72' title="bbox 2363 3179 3810 3252">
    <p class='ocr_par' dir='ltr' id='par_1_72' title="bbox 2363 3179 3810 3252">
     <span class='ocr_line' id='line_1_72' title="bbox 2363 3179 3810 3252; baseline -0.001 -16"><span class='ocrx_word' id='word_1_465' title='bbox 2363 3181 2728 3252; x_wconf 74' lang='grc' dir='ltr'>Ἐξαγαγέτω</span> <span class='ocrx_word' id='word_1_466' title='bbox 2764 3182 2838 3236; x_wconf 84' lang='grc' dir='ltr'>τὰ</span> <span class='ocrx_word' id='word_1_467' title='bbox 2874 3181 3061 3236; x_wconf 84' lang='grc' dir='ltr'>ὕδατα</span> <span class='ocrx_word' id='word_1_468' title='bbox 3103 3183 3343 3238; x_wconf 80' lang='grc' dir='ltr'>πετεινὰ</span> <span class='ocrx_word' id='word_1_469' title='bbox 3382 3181 3582 3252; x_wconf 72' lang='grc' dir='ltr'>ψυχῶν</span> <span class='ocrx_word' id='word_1_470' title='bbox 3605 3179 3810 3244; x_wconf 73' lang='grc' dir='ltr'>ξωσῶν,</span> 
     </span>
    </p>
   </div>
   <div class='ocr_carea' id='block_1_73' title="bbox 2281 3271 3807 3344">
    <p class='ocr_par' dir='ltr' id='par_1_73' title="bbox 2281 3271 3807 3344">
     <span class='ocr_line' id='line_1_73' title="bbox 2281 3271 3807 3344; baseline -0.003 -19"><span class='ocrx_word' id='word_1_471' title='bbox 2281 3272 2374 3325; x_wconf 75' lang='grc' dir='ltr'><strong>καὶ</strong></span> <span class='ocrx_word' id='word_1_472' title='bbox 2404 3271 2614 3341; x_wconf 83' lang='grc' dir='ltr'>ἀθρόως</span> <span class='ocrx_word' id='word_1_473' title='bbox 2641 3275 2669 3325; x_wconf 97' lang='lat'><strong>6</strong></span> <span class='ocrx_word' id='word_1_474' title='bbox 2698 3272 2804 3344; x_wconf 84' lang='grc' dir='ltr'>ἀὴρ</span> <span class='ocrx_word' id='word_1_475' title='bbox 2840 3273 3092 3326; x_wconf 89' lang='grc' dir='ltr'>παντοίου</span> <span class='ocrx_word' id='word_1_476' title='bbox 3123 3274 3310 3342; x_wconf 86' lang='grc' dir='ltr'>γένους</span> <span class='ocrx_word' id='word_1_477' title='bbox 3339 3273 3442 3326; x_wconf 86' lang='grc' dir='ltr'>τῶν</span> <span class='ocrx_word' id='word_1_478' title='bbox 3473 3271 3684 3343; x_wconf 80' lang='grc' dir='ltr'>ὀρνίθων</span> <span class='ocrx_word' id='word_1_479' title='bbox 3717 3287 3807 3321; x_wconf 69' lang='grc' dir='ltr'>περ</span> 
     </span>
    </p>
   </div>
   <div class='ocr_carea' id='block_1_74' title="bbox 2280 3359 3803 3437">
    <p class='ocr_par' dir='ltr' id='par_1_74' title="bbox 2280 3359 3803 3437">
     <span class='ocr_line' id='line_1_74' title="bbox 2280 3359 3803 3437; baseline -0.005 -20"><span class='ocrx_word' id='word_1_480' title='bbox 2280 3363 2582 3435; x_wconf 81' lang='grc' dir='ltr'>πλήρωται,</span> <span class='ocrx_word' id='word_1_481' title='bbox 2616 3364 2824 3418; x_wconf 84' lang='grc' dir='ltr'>Ἔδωκε</span> <span class='ocrx_word' id='word_1_482' title='bbox 2852 3365 2906 3417; x_wconf 82' lang='grc' dir='ltr'>δὲ</span> <span class='ocrx_word' id='word_1_483' title='bbox 2935 3365 3114 3428; x_wconf 78' lang='grc' dir='ltr'>αὐτοῖς</span> <span class='ocrx_word' id='word_1_484' title='bbox 3155 3366 3220 3417; x_wconf 84' lang='grc' dir='ltr'><strong>ἐκ</strong></span> <span class='ocrx_word' id='word_1_485' title='bbox 3243 3364 3342 3416; x_wconf 84' lang='grc' dir='ltr'><strong>τῶν</strong></span> <span class='ocrx_word' id='word_1_486' title='bbox 3384 3363 3572 3437; x_wconf 80' lang='grc' dir='ltr'>ὑδάτων</span> <span class='ocrx_word' id='word_1_487' title='bbox 3601 3361 3690 3431; x_wconf 82' lang='grc' dir='ltr'><strong>τὴν</strong></span> <span class='ocrx_word' id='word_1_488' title='bbox 3716 3359 3803 3427; x_wconf 87' lang='grc' dir='ltr'>γέ-</span> 
     </span>
    </p>
   </div>
   <div class='ocr_carea' id='block_1_75' title="bbox 2281 3452 3801 3529">
    <p class='ocr_par' dir='ltr' id='par_1_75' title="bbox 2281 3452 3801 3529">
     <span class='ocr_line' id='line_1_75' title="bbox 2281 3452 3801 3529; baseline 0.002 -19"><span class='ocrx_word' id='word_1_489' title='bbox 2281 3473 2448 3521; x_wconf 83' lang='grc' dir='ltr'>νεσιν,</span> <span class='ocrx_word' id='word_1_490' title='bbox 2479 3457 2662 3529; x_wconf 82' lang='grc' dir='ltr'>ἐπειδὴ</span> <span class='ocrx_word' id='word_1_491' title='bbox 2704 3457 3022 3526; x_wconf 86' lang='grc' dir='ltr'>συγγένειάν</span> <span class='ocrx_word' id='word_1_492' title='bbox 3065 3473 3184 3509; x_wconf 90' lang='grc' dir='ltr'>τινα</span> <span class='ocrx_word' id='word_1_493' title='bbox 3223 3456 3356 3527; x_wconf 68' lang='grc' dir='ltr'>πρὸς</span> <span class='ocrx_word' id='word_1_494' title='bbox 3385 3457 3498 3518; x_wconf 70' lang='grc' dir='ltr'>τοὺς</span> <span class='ocrx_word' id='word_1_495' title='bbox 3525 3452 3693 3523; x_wconf 73' lang='grc' dir='ltr'>ἰχθύας</span> <span class='ocrx_word' id='word_1_496' title='bbox 3717 3467 3801 3501; x_wconf 82' lang='grc' dir='ltr'><strong>κε·</strong></span> 
     </span>
    </p>
   </div>
   <div class='ocr_carea' id='block_1_76' title="bbox 2283 3543 3805 3621">
    <p class='ocr_par' dir='ltr' id='par_1_76' title="bbox 2283 3543 3805 3621">
     <span class='ocr_line' id='line_1_76' title="bbox 2283 3543 3805 3621; baseline -0.005 -19"><span class='ocrx_word' id='word_1_497' title='bbox 2283 3549 2604 3621; x_wconf 81' lang='grc' dir='ltr'>κλήρωνται.</span> <span class='ocrx_word' id='word_1_498' title='bbox 2665 3551 2752 3612; x_wconf 86' lang='grc' dir='ltr'>Ὧς</span> <span class='ocrx_word' id='word_1_499' title='bbox 2789 3550 2896 3620; x_wconf 81' lang='grc' dir='ltr'>γὰρ</span> <span class='ocrx_word' id='word_1_500' title='bbox 2940 3551 2989 3602; x_wconf 75' lang='lat' dir='ltr'><strong>oi</strong></span> <span class='ocrx_word' id='word_1_501' title='bbox 3040 3549 3222 3621; x_wconf 78' lang='grc' dir='ltr'>ἰχθύες</span> <span class='ocrx_word' id='word_1_502' title='bbox 3271 3551 3330 3601; x_wconf 79' lang='grc' dir='ltr'><strong>ἐν</strong></span> <span class='ocrx_word' id='word_1_503' title='bbox 3370 3551 3435 3620; x_wconf 73' lang='grc' dir='ltr'>τῇ</span> <span class='ocrx_word' id='word_1_504' title='bbox 3478 3548 3670 3617; x_wconf 81' lang='grc' dir='ltr'>κινήσει</span> <span class='ocrx_word' id='word_1_505' title='bbox 3705 3543 3805 3595; x_wconf 79' lang='grc' dir='ltr'>τῶν</span> 
     </span>
    </p>
   </div>
   <div class='ocr_carea' id='block_1_77' title="bbox 2283 3635 3812 3715">
    <p class='ocr_par' dir='ltr' id='par_1_77' title="bbox 2283 3635 3812 3715">
     <span class='ocr_line' id='line_1_77' title="bbox 2283 3635 3812 3715; baseline -0.006 -19"><span class='ocrx_word' id='word_1_506' title='bbox 2283 3642 2566 3715; x_wconf 87' lang='grc' dir='ltr'>πτερύγων</span> <span class='ocrx_word' id='word_1_507' title='bbox 2595 3643 2656 3696; x_wconf 85' lang='grc' dir='ltr'><strong>τὸ</strong></span> <span class='ocrx_word' id='word_1_508' title='bbox 2702 3642 2844 3714; x_wconf 76' lang='grc' dir='ltr'>ὕδωρ</span> <span class='ocrx_word' id='word_1_509' title='bbox 2875 3642 3150 3714; x_wconf 86' lang='grc' dir='ltr'>τέμνουσι,</span> <span class='ocrx_word' id='word_1_510' title='bbox 3181 3643 3274 3695; x_wconf 76' lang='grc' dir='ltr'><strong>καὶ</strong></span> <span class='ocrx_word' id='word_1_511' title='bbox 3305 3642 3645 3712; x_wconf 87' lang='grc' dir='ltr'>διανήχονται,</span> <span class='ocrx_word' id='word_1_512' title='bbox 3684 3635 3812 3690; x_wconf 67' lang='grc' dir='ltr'>οὓτω</span> 
     </span>
    </p>
   </div>
   <div class='ocr_carea' id='block_1_78' title="bbox 2281 3731 3814 3807">
    <p class='ocr_par' dir='ltr' id='par_1_78' title="bbox 2281 3731 3814 3807">
     <span class='ocr_line' id='line_1_78' title="bbox 2281 3731 3814 3807; baseline -0.005 -20"><span class='ocrx_word' id='word_1_513' title='bbox 2281 3735 2350 3788; x_wconf 83' lang='grc' dir='ltr'>τὰ</span> <span class='ocrx_word' id='word_1_514' title='bbox 2379 3735 2595 3789; x_wconf 86' lang='grc' dir='ltr'>πετεινά</span> <span class='ocrx_word' id='word_1_515' title='bbox 2620 3736 2732 3800; x_wconf 88' lang='grc' dir='ltr'>τοῖς</span> <span class='ocrx_word' id='word_1_516' title='bbox 2765 3739 2984 3807; x_wconf 78' lang='grc' dir='ltr'>πτεροῖς</span> <span class='ocrx_word' id='word_1_517' title='bbox 3015 3736 3104 3789; x_wconf 82' lang='grc' dir='ltr'><strong>τὸν</strong></span> <span class='ocrx_word' id='word_1_518' title='bbox 3137 3736 3273 3806; x_wconf 84' lang='grc' dir='ltr'>ἀέρα</span> <span class='ocrx_word' id='word_1_519' title='bbox 3298 3736 3643 3806; x_wconf 81' lang='grc' dir='ltr'>διανήχονται.</span> <span class='ocrx_word' id='word_1_520' title='bbox 3675 3731 3814 3782; x_wconf 87' lang='grc' dir='ltr'>Ἔστι</span> 
     </span>
    </p>
   </div>
   <div class='ocr_carea' id='block_1_79' title="bbox 2281 3822 3814 3902">
    <p class='ocr_par' dir='ltr' id='par_1_79' title="bbox 2281 3822 3814 3902">
     <span class='ocr_line' id='line_1_79' title="bbox 2281 3822 3814 3902; baseline -0.007 -21"><span class='ocrx_word' id='word_1_521' title='bbox 2281 3828 2338 3882; x_wconf 82' lang='grc' dir='ltr'>δὲ</span> <span class='ocrx_word' id='word_1_522' title='bbox 2364 3829 2541 3883; x_wconf 81' lang='grc' dir='ltr'>αὐτῶν</span> <span class='ocrx_word' id='word_1_523' title='bbox 2576 3829 2644 3882; x_wconf 82' lang='grc' dir='ltr'><strong>τά</strong></span> <span class='ocrx_word' id='word_1_524' title='bbox 2673 3829 2770 3900; x_wconf 85' lang='grc' dir='ltr'>μὲν</span> <span class='ocrx_word' id='word_1_525' title='bbox 2817 3830 3136 3902; x_wconf 76' lang='grc' dir='ltr'>σαρκοφάγα</span> <span class='ocrx_word' id='word_1_526' title='bbox 3167 3829 3479 3900; x_wconf 88' lang='grc' dir='ltr'>πρέπουσαν</span> <span class='ocrx_word' id='word_1_527' title='bbox 3506 3822 3814 3891; x_wconf 84' lang='grc' dir='ltr'>κατασκευὴν</span> 
     </span>
    </p>
   </div>
   <div class='ocr_carea' id='block_1_80' title="bbox 2281 3917 3817 3993">
    <p class='ocr_par' dir='ltr' id='par_1_80' title="bbox 2281 3917 3817 3993">
     <span class='ocr_line' id='line_1_80' title="bbox 2281 3917 3817 3993; baseline -0.004 -21"><span class='ocrx_word' id='word_1_528' title='bbox 2281 3920 2374 3973; x_wconf 83' lang='grc' dir='ltr'>τοῦ</span> <span class='ocrx_word' id='word_1_529' title='bbox 2423 3922 2626 3992; x_wconf 85' lang='grc' dir='ltr'>τρόπου</span> <span class='ocrx_word' id='word_1_530' title='bbox 2675 3921 2776 3990; x_wconf 85' lang='grc' dir='ltr'>τῆς</span> <span class='ocrx_word' id='word_1_531' title='bbox 2839 3921 2987 3991; x_wconf 78' lang='grc' dir='ltr'>σφῶν</span> <span class='ocrx_word' id='word_1_532' title='bbox 3043 3921 3252 3991; x_wconf 84' lang='grc' dir='ltr'>διαίτης</span> <span class='ocrx_word' id='word_1_533' title='bbox 3304 3922 3586 3993; x_wconf 77' lang='grc' dir='ltr'>ἐπέχοντα,</span> <span class='ocrx_word' id='word_1_534' title='bbox 3633 3917 3817 3986; x_wconf 84' lang='grc' dir='ltr'>ὀνύχων</span> 
     </span>
    </p>
   </div>
   <div class='ocr_carea' id='block_1_81' title="bbox 2283 4005 3817 4085">
    <p class='ocr_par' dir='ltr' id='par_1_81' title="bbox 2283 4005 3817 4085">
     <span class='ocr_line' id='line_1_81' title="bbox 2283 4005 3817 4085; baseline 0.003 -20"><span class='ocrx_word' id='word_1_535' title='bbox 2283 4012 2484 4082; x_wconf 84' lang='grc' dir='ltr'>ἀκμαῖς</span> <span class='ocrx_word' id='word_1_536' title='bbox 2502 4017 2540 4077; x_wconf 85' lang='grc'>’,</span> <span class='ocrx_word' id='word_1_537' title='bbox 2568 4015 2661 4066; x_wconf 72' lang='grc' dir='ltr'>καὶ</span> <span class='ocrx_word' id='word_1_538' title='bbox 2685 4013 2857 4084; x_wconf 86' lang='grc' dir='ltr'>χεῖλος</span> <span class='ocrx_word' id='word_1_539' title='bbox 2888 4013 3142 4083; x_wconf 85' lang='grc' dir='ltr'>ἀγγύλον,</span> <span class='ocrx_word' id='word_1_540' title='bbox 3167 4015 3260 4066; x_wconf 75' lang='grc' dir='ltr'><strong>καὶ</strong></span> <span class='ocrx_word' id='word_1_541' title='bbox 3289 4014 3486 4085; x_wconf 85' lang='grc' dir='ltr'>πτερὸν</span> <span class='ocrx_word' id='word_1_542' title='bbox 3509 4013 3594 4079; x_wconf 80' lang='grc' dir='ltr'><strong>ὀξὺ</strong></span> <span class='ocrx_word' id='word_1_543' title='bbox 3625 4009 3745 4083; x_wconf 79' lang='grc' dir='ltr'>πρὸς</span> <span class='ocrx_word' id='word_1_544' title='bbox 3765 4005 3817 4059; x_wconf 70' lang='grc' dir='ltr'><strong>τὸ</strong></span> 
     </span>
    </p>
   </div>
   <div class='ocr_carea' id='block_1_82' title="bbox 2284 4098 3818 4176">
    <p class='ocr_par' dir='ltr' id='par_1_82' title="bbox 2284 4098 3818 4176">
     <span class='ocr_line' id='line_1_82' title="bbox 2284 4098 3818 4176; baseline -0.005 -19"><span class='ocrx_word' id='word_1_545' title='bbox 2284 4103 2480 4174; x_wconf 74' lang='grc' dir='ltr'>ῥᾳδίως</span> <span class='ocrx_word' id='word_1_546' title='bbox 2527 4104 2856 4176; x_wconf 87' lang='grc' dir='ltr'>ἀναρπάσαι,</span> <span class='ocrx_word' id='word_1_547' title='bbox 2898 4104 2993 4158; x_wconf 72' lang='grc' dir='ltr'>καὶ</span> <span class='ocrx_word' id='word_1_548' title='bbox 3029 4105 3323 4158; x_wconf 87' lang='grc' dir='ltr'>διασπάσαι</span> <span class='ocrx_word' id='word_1_549' title='bbox 3368 4104 3638 4159; x_wconf 75' lang='grc' dir='ltr'>δύνασθαιο</span> <span class='ocrx_word' id='word_1_550' title='bbox 3680 4100 3741 4154; x_wconf 74' lang='grc' dir='ltr'>τὰ</span> <span class='ocrx_word' id='word_1_551' title='bbox 3770 4098 3818 4150; x_wconf 80' lang='grc' dir='ltr'>δὲ</span> 
     </span>
    </p>
   </div>
   <div class='ocr_carea' id='block_1_83' title="bbox 2284 4191 3821 4273">
    <p class='ocr_par' dir='ltr' id='par_1_83' title="bbox 2284 4191 3821 4273">
     <span class='ocr_line' id='line_1_83' title="bbox 2284 4191 3821 4273; baseline -0.003 -25"><span class='ocrx_word' id='word_1_552' title='bbox 2284 4196 2649 4268; x_wconf 76' lang='grc' dir='ltr'>σπερμολόγα,</span> <span class='ocrx_word' id='word_1_553' title='bbox 2693 4197 2760 4250; x_wconf 76' lang='grc' dir='ltr'>τὰ</span> <span class='ocrx_word' id='word_1_554' title='bbox 2800 4197 2855 4250; x_wconf 88' lang='grc' dir='ltr'>δὲ</span> <span class='ocrx_word' id='word_1_555' title='bbox 2897 4199 2961 4252; x_wconf 80' lang='grc' dir='ltr'>ἐκ</span> <span class='ocrx_word' id='word_1_556' title='bbox 2998 4200 3195 4263; x_wconf 86' lang='grc' dir='ltr'>παντὸς</span> <span class='ocrx_word' id='word_1_557' title='bbox 3230 4198 3557 4273; x_wconf 83' lang='grc' dir='ltr'>τρεφόμενα.</span> <span class='ocrx_word' id='word_1_558' title='bbox 3598 4196 3696 4250; x_wconf 74' lang='grc' dir='ltr'><strong>Καὶ</strong></span> <span class='ocrx_word' id='word_1_559' title='bbox 3719 4191 3821 4246; x_wconf 80' lang='grc' dir='ltr'>τού-</span> 
     </span>
    </p>
   </div>
   <div class='ocr_carea' id='block_1_84' title="bbox 2281 4287 3821 4365">
    <p class='ocr_par' dir='ltr' id='par_1_84' title="bbox 2281 4287 3821 4365">
     <span class='ocr_line' id='line_1_84' title="bbox 2281 4287 3821 4365; baseline 0 -23"><span class='ocrx_word' id='word_1_560' title='bbox 2281 4306 2388 4344; x_wconf 86' lang='grc' dir='ltr'><strong>των</strong></span> <span class='ocrx_word' id='word_1_561' title='bbox 2416 4292 2690 4361; x_wconf 77' lang='grc' dir='ltr'>ἑκατέρων</span> <span class='ocrx_word' id='word_1_562' title='bbox 2734 4293 2767 4362; x_wconf 86' lang='grc' dir='ltr'>ή</span> <span class='ocrx_word' id='word_1_563' title='bbox 2815 4291 3126 4364; x_wconf 82' lang='grc' dir='ltr'>κατασκευὴ</span> <span class='ocrx_word' id='word_1_564' title='bbox 3163 4293 3464 4365; x_wconf 69' lang='grc' dir='ltr'>διενήνοχευ</span> <span class='ocrx_word' id='word_1_565' title='bbox 3519 4293 3606 4347; x_wconf 75' lang='grc' dir='ltr'><strong>καὶ</strong></span> <span class='ocrx_word' id='word_1_566' title='bbox 3641 4291 3701 4343; x_wconf 75' lang='grc' dir='ltr'><strong>τα</strong></span> <span class='ocrx_word' id='word_1_567' title='bbox 3741 4287 3821 4357; x_wconf 83' lang='grc' dir='ltr'><strong>μέν</strong></span> 
     </span>
    </p>
   </div>
   <div class='ocr_carea' id='block_1_85' title="bbox 2284 4375 3821 4456">
    <p class='ocr_par' dir='ltr' id='par_1_85' title="bbox 2284 4375 3821 4456">
     <span class='ocr_line' id='line_1_85' title="bbox 2284 4375 3821 4456; baseline -0.004 -20"><span class='ocrx_word' id='word_1_568' title='bbox 2284 4385 2430 4436; x_wconf 77' lang='grc' dir='ltr'>ἐστιν</span> <span class='ocrx_word' id='word_1_569' title='bbox 2463 4384 2672 4454; x_wconf 82' lang='grc' dir='ltr'>άναρχα</span> <span class='ocrx_word' id='word_1_570' title='bbox 2705 4384 2795 4436; x_wconf 78' lang='grc' dir='ltr'>καὶ</span> <span class='ocrx_word' id='word_1_571' title='bbox 2837 4384 3125 4454; x_wconf 79' lang='grc' dir='ltr'>αὐτόνομα,</span> <span class='ocrx_word' id='word_1_572' title='bbox 3166 4384 3233 4438; x_wconf 76' lang='grc' dir='ltr'><strong>τα</strong></span> <span class='ocrx_word' id='word_1_573' title='bbox 3265 4385 3322 4437; x_wconf 85' lang='grc' dir='ltr'>δὲ</span> <span class='ocrx_word' id='word_1_574' title='bbox 3359 4387 3448 4455; x_wconf 74' lang='grc' dir='ltr'><strong>ὑφ’</strong></span> <span class='ocrx_word' id='word_1_575' title='bbox 3497 4381 3724 4456; x_wconf 77' lang='grc' dir='ltr'>ἡγεμόνα</span> <span class='ocrx_word' id='word_1_576' title='bbox 3749 4375 3821 4429; x_wconf 79' lang='grc' dir='ltr'>τέ-</span> 
     </span>
    </p>
   </div>
   <div class='ocr_carea' id='block_1_86' title="bbox 615 4469 2179 4549">
    <p class='ocr_par' dir='ltr' id='par_1_86' title="bbox 615 4474 2179 4548">
     <span class='ocr_line' id='line_1_86' title="bbox 615 4474 2179 4548; baseline 0.003 -18"><span class='ocrx_word' id='word_1_577' title='bbox 615 4475 862 4545; x_wconf 70' lang='lat' dir='ltr'><strong>quaedam</strong></span> <span class='ocrx_word' id='word_1_578' title='bbox 925 4474 1230 4544; x_wconf 85' lang='lat' dir='ltr'><strong>principatu</strong></span> <span class='ocrx_word' id='word_1_579' title='bbox 1291 4491 1398 4537; x_wconf 84' lang='lat' dir='ltr'><strong>non</strong></span> <span class='ocrx_word' id='word_1_580' title='bbox 1453 4485 1725 4545; x_wconf 85' lang='lat' dir='ltr'><strong>tenentur,</strong></span> <span class='ocrx_word' id='word_1_581' title='bbox 1777 4479 1872 4532; x_wconf 89' lang='lat' dir='ltr'><strong>sed</strong></span> <span class='ocrx_word' id='word_1_582' title='bbox 1924 4481 2008 4533; x_wconf 91' lang='lat' dir='ltr'><strong>sui</strong></span> <span class='ocrx_word' id='word_1_583' title='bbox 2041 4481 2179 4548; x_wconf 90' lang='lat' dir='ltr'><strong>juris</strong></span> 
     </span>
    </p>
   </div>
   <div class='ocr_carea' id='block_1_87' title="bbox 2280 4469 3822 4549">
    <p class='ocr_par' dir='ltr' id='par_1_87' title="bbox 2287 4469 3822 4549">
     <span class='ocr_line' id='line_1_87' title="bbox 2287 4469 3822 4549; baseline -0.004 -20"><span class='ocrx_word' id='word_1_584' title='bbox 2287 4493 2502 4541; x_wconf 79' lang='grc' dir='ltr'>τακται,</span> <span class='ocrx_word' id='word_1_585' title='bbox 2548 4477 2642 4530; x_wconf 77' lang='grc' dir='ltr'><strong>καὶ</strong></span> <span class='ocrx_word' id='word_1_586' title='bbox 2679 4474 2746 4528; x_wconf 88' lang='grc' dir='ltr'><strong>τά</strong></span> <span class='ocrx_word' id='word_1_587' title='bbox 2788 4475 2884 4546; x_wconf 92' lang='grc' dir='ltr'><strong>μέν</strong></span> <span class='ocrx_word' id='word_1_588' title='bbox 2926 4477 3072 4530; x_wconf 81' lang='grc' dir='ltr'>ἐστιν</span> <span class='ocrx_word' id='word_1_589' title='bbox 3113 4476 3505 4549; x_wconf 83' lang='grc' dir='ltr'>ὲπιδημητικά,</span> <span class='ocrx_word' id='word_1_590' title='bbox 3546 4475 3612 4527; x_wconf 82' lang='grc' dir='ltr'>τὰ</span> <span class='ocrx_word' id='word_1_591' title='bbox 3656 4473 3708 4525; x_wconf 81' lang='grc' dir='ltr'><strong>δὲ</strong></span> <span class='ocrx_word' id='word_1_592' title='bbox 3748 4469 3822 4533; x_wconf 83' lang='grc' dir='ltr'><strong>ἐγ·</strong></span> 
     </span>
    </p>
   </div>
   <div class='ocr_carea' id='block_1_88' title="bbox 611 4567 2180 4638">
    <p class='ocr_par' dir='ltr' id='par_1_88' title="bbox 611 4567 2180 4638">
     <span class='ocr_line' id='line_1_88' title="bbox 611 4567 2180 4638; baseline 0.003 -14"><span class='ocrx_word' id='word_1_593' title='bbox 611 4577 772 4635; x_wconf 79' lang='lat' dir='ltr'><strong>.sunt;</strong></span> <span class='ocrx_word' id='word_1_594' title='bbox 796 4567 1039 4638; x_wconf 65' lang='lat' dir='ltr'><strong>quaedam</strong></span> <span class='ocrx_word' id='word_1_595' title='bbox 1066 4567 1489 4623; x_wconf 90' lang='lat' dir='ltr'><strong>dominationem</strong></span> <span class='ocrx_word' id='word_1_596' title='bbox 1514 4570 1735 4625; x_wconf 86' lang='lat' dir='ltr'><strong>alterius</strong></span> <span class='ocrx_word' id='word_1_597' title='bbox 1779 4571 1977 4636; x_wconf 81' lang='lat' dir='ltr'><strong>ferunt,</strong></span> <span class='ocrx_word' id='word_1_598' title='bbox 2011 4585 2063 4627; x_wconf 84' lang='lat' dir='ltr'><strong>et</strong></span> <span class='ocrx_word' id='word_1_599' title='bbox 2097 4573 2180 4628; x_wconf 64' lang='lat' dir='ltr'><strong>hae</strong></span> 
     </span>
    </p>
   </div>
   <div class='ocr_carea' id='block_1_89' title="bbox 616 4660 2177 4735">
    <p class='ocr_par' dir='ltr' id='par_1_89' title="bbox 616 4660 2177 4735">
     <span class='ocr_line' id='line_1_89' title="bbox 616 4660 2177 4735; baseline 0.003 -21"><span class='ocrx_word' id='word_1_600' title='bbox 616 4660 836 4730; x_wconf 83' lang='lat' dir='ltr'><strong>quidem</strong></span> <span class='ocrx_word' id='word_1_601' title='bbox 892 4661 1185 4716; x_wconf 77' lang='lat' dir='ltr'><strong>invectitiae</strong></span> <span class='ocrx_word' id='word_1_602' title='bbox 1225 4670 1276 4714; x_wconf 86' lang='lat' dir='ltr'><strong>et</strong></span> <span class='ocrx_word' id='word_1_603' title='bbox 1316 4663 1747 4732; x_wconf 78' lang='lat' dir='ltr'><strong>peregrinantes,</strong></span> <span class='ocrx_word' id='word_1_604' title='bbox 1796 4664 1916 4718; x_wconf 71' lang='lat' dir='ltr'><strong>alia:</strong></span> <span class='ocrx_word' id='word_1_605' title='bbox 1967 4664 2177 4735; x_wconf 86' lang='lat' dir='ltr'><strong>indige-</strong></span> 
     </span>
    </p>
   </div>
   <div class='ocr_carea' id='block_1_90' title="bbox 615 4766 720 4805">
    <p class='ocr_par' dir='ltr' id='par_1_90' title="bbox 615 4766 720 4805">
     <span class='ocr_line' id='line_1_90' title="bbox 615 4766 720 4805; baseline 0 -1"><span class='ocrx_word' id='word_1_606' title='bbox 615 4766 720 4805; x_wconf 61' lang='lat' dir='ltr'><strong>“EB.</strong></span> 
     </span>
    </p>
   </div>
   <div class='ocr_carea' id='block_1_91' title="bbox 687 4840 2178 4918">
    <p class='ocr_par' dir='ltr' id='par_1_91' title="bbox 687 4840 2178 4918">
     <span class='ocr_line' id='line_1_91' title="bbox 687 4840 2178 4918; baseline 0.003 -22"><span class='ocrx_word' id='word_1_607' title='bbox 687 4840 991 4912; x_wconf 87' lang='lat' dir='ltr'><strong>Superbum</strong></span> <span class='ocrx_word' id='word_1_608' title='bbox 1018 4842 1145 4912; x_wconf 87' lang='lat' dir='ltr'><strong>quid</strong></span> <span class='ocrx_word' id='word_1_609' title='bbox 1171 4849 1254 4898; x_wconf 86' lang='lat' dir='ltr'><strong>est</strong></span> <span class='ocrx_word' id='word_1_610' title='bbox 1279 4843 1488 4913; x_wconf 88' lang='lat' dir='ltr'><strong>gallus;</strong></span> <span class='ocrx_word' id='word_1_611' title='bbox 1517 4851 1574 4896; x_wconf 84' lang='lat' dir='ltr'><strong>at</strong></span> <span class='ocrx_word' id='word_1_612' title='bbox 1624 4843 1885 4914; x_wconf 87' lang='lat' dir='ltr'><strong>accipiter</strong></span> <span class='ocrx_word' id='word_1_613' title='bbox 1915 4845 2178 4918; x_wconf 83' lang='lat' dir='ltr'><strong>singulari</strong></span> 
     </span>
    </p>
   </div>
   <div class='ocr_carea' id='block_1_92' title="bbox 615 4933 2179 5008">
    <p class='ocr_par' dir='ltr' id='par_1_92' title="bbox 615 4933 2179 5008">
     <span class='ocr_line' id='line_1_92' title="bbox 615 4933 2179 5008; baseline 0.002 -16"><span class='ocrx_word' id='word_1_614' title='bbox 615 4933 989 4992; x_wconf 84' lang='lat' dir='ltr'><strong>benevolentia</strong></span> <span class='ocrx_word' id='word_1_615' title='bbox 1021 4936 1269 4990; x_wconf 86' lang='lat' dir='ltr'><strong>homines</strong></span> <span class='ocrx_word' id='word_1_616' title='bbox 1309 4937 1698 5006; x_wconf 87' lang='lat' dir='ltr'><strong>prosequitur;</strong></span> <span class='ocrx_word' id='word_1_617' title='bbox 1737 4939 1960 4992; x_wconf 85' lang='lat' dir='ltr'><strong>tradunt</strong></span> <span class='ocrx_word' id='word_1_618' title='bbox 2008 4941 2179 5008; x_wconf 84' lang='lat' dir='ltr'><strong>enim,</strong></span> 
     </span>
    </p>
   </div>
   <div class='ocr_carea' id='block_1_93' title="bbox 615 5027 2179 5099">
    <p class='ocr_par' dir='ltr' id='par_1_93' title="bbox 615 5027 2179 5099">
     <span class='ocr_line' id='line_1_93' title="bbox 615 5027 2179 5099; baseline 0.004 -17"><span class='ocrx_word' id='word_1_619' title='bbox 615 5028 904 5098; x_wconf 88' lang='lat' dir='ltr'><strong>accipitres</strong></span> <span class='ocrx_word' id='word_1_620' title='bbox 926 5029 1020 5097; x_wconf 92' lang='lat' dir='ltr'><strong>qui</strong></span> <span class='ocrx_word' id='word_1_621' title='bbox 1047 5029 1102 5082; x_wconf 91' lang='lat' dir='ltr'><strong>in</strong></span> <span class='ocrx_word' id='word_1_622' title='bbox 1132 5027 1362 5082; x_wconf 88' lang='lat' dir='ltr'><strong>Thracia</strong></span> <span class='ocrx_word' id='word_1_623' title='bbox 1415 5037 1566 5093; x_wconf 87' lang='lat' dir='ltr'><strong>sunt,</strong></span> <span class='ocrx_word' id='word_1_624' title='bbox 1599 5045 1751 5099; x_wconf 69' lang='lat' dir='ltr'><strong>aeque</strong></span> <span class='ocrx_word' id='word_1_625' title='bbox 1811 5031 2063 5087; x_wconf 84' lang='lat' dir='ltr'><strong>homines</strong></span> <span class='ocrx_word' id='word_1_626' title='bbox 2091 5048 2179 5088; x_wconf 91' lang='lat' dir='ltr'><strong>so-</strong></span> 
     </span>
    </p>
   </div>
   <div class='ocr_carea' id='block_1_94' title="bbox 613 5121 2180 5194">
    <p class='ocr_par' dir='ltr' id='par_1_94' title="bbox 613 5121 2180 5194">
     <span class='ocr_line' id='line_1_94' title="bbox 613 5121 2180 5194; baseline 0.002 -19"><span class='ocrx_word' id='word_1_627' title='bbox 613 5122 815 5177; x_wconf 90' lang='lat' dir='ltr'><strong>cietate</strong></span> <span class='ocrx_word' id='word_1_628' title='bbox 835 5121 1068 5190; x_wconf 88' lang='lat' dir='ltr'><strong>quadam</strong></span> <span class='ocrx_word' id='word_1_629' title='bbox 1099 5123 1379 5190; x_wconf 89' lang='lat' dir='ltr'><strong>aucupari;</strong></span> <span class='ocrx_word' id='word_1_630' title='bbox 1417 5123 1470 5176; x_wconf 91' lang='lat' dir='ltr'><strong>in</strong></span> <span class='ocrx_word' id='word_1_631' title='bbox 1512 5123 1666 5178; x_wconf 88' lang='lat' dir='ltr'><strong>silvis</strong></span> <span class='ocrx_word' id='word_1_632' title='bbox 1700 5139 1934 5194; x_wconf 88' lang='lat' dir='ltr'><strong>namque</strong></span> <span class='ocrx_word' id='word_1_633' title='bbox 1963 5125 2180 5179; x_wconf 90' lang='lat' dir='ltr'><strong>densis-</strong></span> 
     </span>
    </p>
   </div>
   <div class='ocr_carea' id='block_1_95' title="bbox 613 5214 2178 5289">
    <p class='ocr_par' dir='ltr' id='par_1_95' title="bbox 613 5214 2178 5289">
     <span class='ocr_line' id='line_1_95' title="bbox 613 5214 2178 5289; baseline 0.003 -20"><span class='ocrx_word' id='word_1_634' title='bbox 613 5214 771 5270; x_wconf 90' lang='lat' dir='ltr'><strong>simis</strong></span> <span class='ocrx_word' id='word_1_635' title='bbox 821 5214 1202 5278; x_wconf 90' lang='lat' dir='ltr'><strong>immorantur,</strong></span> <span class='ocrx_word' id='word_1_636' title='bbox 1255 5229 1392 5282; x_wconf 87' lang='lat' dir='ltr'><strong>quas</strong></span> <span class='ocrx_word' id='word_1_637' title='bbox 1451 5216 1753 5270; x_wconf 87' lang='lat' dir='ltr'><strong>volatilium</strong></span> <span class='ocrx_word' id='word_1_638' title='bbox 1802 5232 1964 5273; x_wconf 91' lang='lat' dir='ltr'><strong>omne</strong></span> <span class='ocrx_word' id='word_1_639' title='bbox 2007 5233 2178 5289; x_wconf 81' lang='lat' dir='ltr'><strong>genus</strong></span> 
     </span>
    </p>
   </div>
   <div class='ocr_carea' id='block_1_96' title="bbox 612 5303 2179 5375">
    <p class='ocr_par' dir='ltr' id='par_1_96' title="bbox 612 5303 2179 5375">
     <span class='ocr_line' id='line_1_96' title="bbox 612 5303 2179 5375; baseline 0.003 -15"><span class='ocrx_word' id='word_1_640' title='bbox 612 5308 763 5371; x_wconf 88' lang='lat' dir='ltr'><strong>colit,</strong></span> <span class='ocrx_word' id='word_1_641' title='bbox 795 5314 850 5362; x_wconf 91' lang='lat' dir='ltr'><strong>et</strong></span> <span class='ocrx_word' id='word_1_642' title='bbox 887 5307 1094 5361; x_wconf 86' lang='lat' dir='ltr'><strong>habitat</strong></span> <span class='ocrx_word' id='word_1_643' title='bbox 1124 5303 1580 5375; x_wconf 86' lang='lat' dir='ltr'><strong>frequentissime,</strong></span> <span class='ocrx_word' id='word_1_644' title='bbox 1610 5318 1665 5362; x_wconf 87' lang='lat' dir='ltr'><strong>et</strong></span> <span class='ocrx_word' id='word_1_645' title='bbox 1709 5324 1816 5362; x_wconf 85' lang='lat' dir='ltr'><strong>una</strong></span> <span class='ocrx_word' id='word_1_646' title='bbox 1845 5325 1968 5364; x_wconf 91' lang='lat' dir='ltr'><strong>cum</strong></span> <span class='ocrx_word' id='word_1_647' title='bbox 2011 5325 2179 5366; x_wconf 84' lang='lat' dir='ltr'><strong>aucu-</strong></span> 
     </span>
    </p>
   </div>
   <div class='ocr_carea' id='block_1_97' title="bbox 614 5398 2180 5467">
    <p class='ocr_par' dir='ltr' id='par_1_97' title="bbox 614 5398 2180 5467">
     <span class='ocr_line' id='line_1_97' title="bbox 614 5398 2180 5467; baseline 0.005 -17"><span class='ocrx_word' id='word_1_648' title='bbox 614 5399 868 5467; x_wconf 84' lang='lat' dir='ltr'><strong>pantibus</strong></span> <span class='ocrx_word' id='word_1_649' title='bbox 898 5406 1244 5461; x_wconf 83' lang='lat' dir='ltr'><strong>exercentur,</strong></span> <span class='ocrx_word' id='word_1_650' title='bbox 1279 5398 1347 5452; x_wconf 88' lang='lat' dir='ltr'><strong>ad</strong></span> <span class='ocrx_word' id='word_1_651' title='bbox 1399 5400 1809 5456; x_wconf 89' lang='lat' dir='ltr'><strong>similitudinem</strong></span> <span class='ocrx_word' id='word_1_652' title='bbox 1867 5403 2075 5458; x_wconf 66' lang='lat' dir='ltr'><strong>bellica:</strong></span> <span class='ocrx_word' id='word_1_653' title='bbox 2095 5404 2180 5458; x_wconf 84' lang='lat' dir='ltr'><strong>di-</strong></span> 
     </span>
    </p>
   </div>
   <div class='ocr_carea' id='block_1_98' title="bbox 616 5493 2180 5566">
    <p class='ocr_par' dir='ltr' id='par_1_98' title="bbox 616 5493 2180 5566">
     <span class='ocr_line' id='line_1_98' title="bbox 616 5493 2180 5566; baseline 0.006 -21"><span class='ocrx_word' id='word_1_654' title='bbox 616 5493 878 5562; x_wconf 65' lang='lat' dir='ltr'><strong>sciplinm,</strong></span> <span class='ocrx_word' id='word_1_655' title='bbox 921 5502 980 5546; x_wconf 92' lang='lat' dir='ltr'><strong>ut</strong></span> <span class='ocrx_word' id='word_1_656' title='bbox 1006 5500 1233 5548; x_wconf 89' lang='lat' dir='ltr'><strong>venatus</strong></span> <span class='ocrx_word' id='word_1_657' title='bbox 1267 5506 1476 5561; x_wconf 71' lang='lat' dir='ltr'><strong>aequam</strong></span> <span class='ocrx_word' id='word_1_658' title='bbox 1510 5499 1714 5560; x_wconf 90' lang='lat' dir='ltr'><strong>partem</strong></span> <span class='ocrx_word' id='word_1_659' title='bbox 1748 5497 2052 5566; x_wconf 89' lang='lat' dir='ltr'><strong>accipiant;</strong></span> <span class='ocrx_word' id='word_1_660' title='bbox 2082 5498 2180 5554; x_wconf 82' lang='lat' dir='ltr'><strong>ho-</strong></span> 
     </span>
    </p>
   </div>
   <div class='ocr_carea' id='block_1_99' title="bbox 615 5581 2181 5653">
    <p class='ocr_par' dir='ltr' id='par_1_99' title="bbox 615 5581 2181 5653">
     <span class='ocr_line' id='line_1_99' title="bbox 615 5581 2181 5653; baseline 0.006 -19"><span class='ocrx_word' id='word_1_661' title='bbox 615 5583 788 5638; x_wconf 85' lang='lat' dir='ltr'><strong>mines</strong></span> <span class='ocrx_word' id='word_1_662' title='bbox 831 5583 1087 5653; x_wconf 91' lang='lat' dir='ltr'><strong>quatiunt</strong></span> <span class='ocrx_word' id='word_1_663' title='bbox 1151 5582 1396 5648; x_wconf 88' lang='lat' dir='ltr'><strong>arbores,</strong></span> <span class='ocrx_word' id='word_1_664' title='bbox 1455 5581 1581 5635; x_wconf 89' lang='lat' dir='ltr'><strong>hinc</strong></span> <span class='ocrx_word' id='word_1_665' title='bbox 1624 5583 1872 5640; x_wconf 85' lang='lat' dir='ltr'><strong>volucres</strong></span> <span class='ocrx_word' id='word_1_666' title='bbox 1931 5588 2181 5643; x_wconf 66' lang='lat' dir='ltr'><strong>excitata!</strong></span> 
     </span>
    </p>
   </div>
   <div class='ocr_carea' id='block_1_100' title="bbox 689 5749 1069 5815">
    <p class='ocr_par' dir='ltr' id='par_1_100' title="bbox 689 5749 1069 5815">
     <span class='ocr_line' id='line_1_100' title="bbox 689 5749 1069 5815; baseline 0.018 -11"><span class='ocrx_word' id='word_1_667' title='bbox 689 5750 734 5782; x_wconf 73' lang='grc'><strong>⁸⁸⁸</strong></span> <span class='ocrx_word' id='word_1_668' title='bbox 763 5749 888 5806; x_wconf 83' lang='lat' dir='ltr'><strong>Gen.</strong></span> <span class='ocrx_word' id='word_1_669' title='bbox 920 5770 958 5815; x_wconf 86' lang='grc' dir='ltr'><strong>ι.</strong></span> <span class='ocrx_word' id='word_1_670' title='bbox 982 5754 1069 5811; x_wconf 73' lang='grc'>20.</span> 
     </span>
    </p>
   </div>
   <div class='ocr_carea' id='block_1_101' title="bbox 2287 4568 2474 4640">
    <p class='ocr_par' dir='ltr' id='par_1_101' title="bbox 2287 4568 2474 4640">
     <span class='ocr_line' id='line_1_101' title="bbox 2287 4568 2474 4640; baseline 0.011 -20"><span class='ocrx_word' id='word_1_671' title='bbox 2287 4568 2474 4640; x_wconf 85' lang='grc' dir='ltr'>χώρια.</span> 
     </span>
    </p>
   </div>
   <div class='ocr_carea' id='block_1_102' title="bbox 2355 4833 3823 4911">
    <p class='ocr_par' dir='ltr' id='par_1_102' title="bbox 2355 4833 3823 4911">
     <span class='ocr_line' id='line_1_102' title="bbox 2355 4833 3823 4911; baseline -0.003 -23"><span class='ocrx_word' id='word_1_672' title='bbox 2355 4835 2562 4906; x_wconf 85' lang='grc' dir='ltr'>Γαῦρον</span> <span class='ocrx_word' id='word_1_673' title='bbox 2593 4839 2620 4889; x_wconf 90' lang='lat'><strong>6</strong></span> <span class='ocrx_word' id='word_1_674' title='bbox 2652 4833 2982 4911; x_wconf 83' lang='grc' dir='ltr'>ἁλεκτρυὼν,</span> <span class='ocrx_word' id='word_1_675' title='bbox 3017 4838 3046 4889; x_wconf 92' lang='lat'><strong>6</strong></span> <span class='ocrx_word' id='word_1_676' title='bbox 3083 4836 3139 4889; x_wconf 83' lang='grc' dir='ltr'>δὲ</span> <span class='ocrx_word' id='word_1_677' title='bbox 3167 4835 3316 4908; x_wconf 81' lang='grc' dir='ltr'>ἱέραξ</span> <span class='ocrx_word' id='word_1_678' title='bbox 3349 4835 3695 4894; x_wconf 72' lang='grc' dir='ltr'>εὐνούστατος</span> <span class='ocrx_word' id='word_1_679' title='bbox 3718 4841 3823 4891; x_wconf 79' lang='grc' dir='ltr'>τυγ-</span> 
     </span>
    </p>
   </div>
   <div class='ocr_carea' id='block_1_103' title="bbox 2286 4917 3821 5004">
    <p class='ocr_par' dir='ltr' id='par_1_103' title="bbox 2286 4917 3821 5004">
     <span class='ocr_line' id='line_1_103' title="bbox 2286 4917 3821 5004; baseline -0.002 -22"><span class='ocrx_word' id='word_1_680' title='bbox 2286 4930 2436 5001; x_wconf 81' lang='grc' dir='ltr'>χάνει</span> <span class='ocrx_word' id='word_1_681' title='bbox 2464 4931 2591 5004; x_wconf 75' lang='grc' dir='ltr'>περὶ</span> <span class='ocrx_word' id='word_1_682' title='bbox 2622 4929 2711 4983; x_wconf 86' lang='grc' dir='ltr'><strong>τὸν</strong></span> <span class='ocrx_word' id='word_1_683' title='bbox 2749 4929 3050 5001; x_wconf 82' lang='grc' dir='ltr'>ἄνθρωπον.</span> <span class='ocrx_word' id='word_1_684' title='bbox 3095 4929 3384 5001; x_wconf 83' lang='grc' dir='ltr'>Ἰστοροῦσι</span> <span class='ocrx_word' id='word_1_685' title='bbox 3411 4931 3520 4998; x_wconf 86' lang='grc' dir='ltr'><strong>γὰρ</strong></span> <span class='ocrx_word' id='word_1_686' title='bbox 3548 4928 3667 4987; x_wconf 78' lang='grc' dir='ltr'>τοὺς</span> <span class='ocrx_word' id='word_1_687' title='bbox 3692 4925 3741 4973; x_wconf 81' lang='grc' dir='ltr'><strong>ἐν</strong></span> <span class='ocrx_word' id='word_1_688' title='bbox 3768 4917 3821 4985; x_wconf 75' lang='grc' dir='ltr'>τῇ</span> 
     </span>
    </p>
   </div>
   <div class='ocr_carea' id='block_1_104' title="bbox 2285 5020 3824 5096">
    <p class='ocr_par' dir='ltr' id='par_1_104' title="bbox 2285 5020 3824 5096">
     <span class='ocr_line' id='line_1_104' title="bbox 2285 5020 3824 5096; baseline -0.012 -17"><span class='ocrx_word' id='word_1_689' title='bbox 2285 5024 2476 5096; x_wconf 80' lang='grc' dir='ltr'>Θρᾴκῃ</span> <span class='ocrx_word' id='word_1_690' title='bbox 2504 5023 2721 5095; x_wconf 84' lang='grc' dir='ltr'>ἱέρακας</span> <span class='ocrx_word' id='word_1_691' title='bbox 2747 5025 2853 5085; x_wconf 79' lang='grc' dir='ltr'>τοῖς</span> <span class='ocrx_word' id='word_1_692' title='bbox 2875 5020 3251 5092; x_wconf 82' lang='grc' dir='ltr'>ὀρνιθοθήραις</span> <span class='ocrx_word' id='word_1_693' title='bbox 3272 5021 3398 5092; x_wconf 76' lang='grc' dir='ltr'>περὶ</span> <span class='ocrx_word' id='word_1_694' title='bbox 3416 5024 3514 5093; x_wconf 83' lang='grc' dir='ltr'>τὴν</span> <span class='ocrx_word' id='word_1_695' title='bbox 3533 5020 3699 5090; x_wconf 82' lang='grc' dir='ltr'>ἄγραν</span> <span class='ocrx_word' id='word_1_696' title='bbox 3721 5025 3824 5064; x_wconf 89' lang='grc' dir='ltr'>συν-</span> 
     </span>
    </p>
   </div>
   <div class='ocr_carea' id='block_1_105' title="bbox 2285 5105 3824 5190">
    <p class='ocr_par' dir='ltr' id='par_1_105' title="bbox 2285 5105 3824 5190">
     <span class='ocr_line' id='line_1_105' title="bbox 2285 5105 3824 5190; baseline -0.005 -22"><span class='ocrx_word' id='word_1_697' title='bbox 2285 5116 2564 5190; x_wconf 82' lang='grc' dir='ltr'>αίρεσθαι”</span> <span class='ocrx_word' id='word_1_698' title='bbox 2601 5115 2874 5168; x_wconf 82' lang='grc' dir='ltr'>ποιοῦνται</span> <span class='ocrx_word' id='word_1_699' title='bbox 2909 5114 3005 5184; x_wconf 77' lang='grc' dir='ltr'><strong>μὲν</strong></span> <span class='ocrx_word' id='word_1_700' title='bbox 3033 5112 3142 5184; x_wconf 82' lang='grc' dir='ltr'><strong>γὰρ</strong></span> <span class='ocrx_word' id='word_1_701' title='bbox 3177 5111 3275 5174; x_wconf 81' lang='grc' dir='ltr'>τὰς</span> <span class='ocrx_word' id='word_1_702' title='bbox 3297 5113 3576 5184; x_wconf 62' lang='grc' dir='ltr'>διατριϐὰς</span> <span class='ocrx_word' id='word_1_703' title='bbox 3615 5113 3669 5162; x_wconf 78' lang='grc' dir='ltr'><strong>ἐν</strong></span> <span class='ocrx_word' id='word_1_704' title='bbox 3694 5105 3824 5161; x_wconf 80' lang='grc' dir='ltr'>ὕλαις</span> 
     </span>
    </p>
   </div>
   <div class='ocr_carea' id='block_1_106' title="bbox 2285 5192 3822 5278">
    <p class='ocr_par' dir='ltr' id='par_1_106' title="bbox 2285 5192 3822 5278">
     <span class='ocr_line' id='line_1_106' title="bbox 2285 5192 3822 5278; baseline -0.007 -17"><span class='ocrx_word' id='word_1_705' title='bbox 2285 5208 2628 5270; x_wconf 85' lang='grc' dir='ltr'>δασυτάταις,</span> <span class='ocrx_word' id='word_1_706' title='bbox 2658 5205 2785 5260; x_wconf 79' lang='grc' dir='ltr'>ἔνθα</span> <span class='ocrx_word' id='word_1_707' title='bbox 2818 5206 2948 5276; x_wconf 88' lang='grc' dir='ltr'>γένη</span> <span class='ocrx_word' id='word_1_708' title='bbox 2976 5206 3082 5258; x_wconf 83' lang='grc' dir='ltr'><strong>τῶν</strong></span> <span class='ocrx_word' id='word_1_709' title='bbox 3108 5206 3334 5278; x_wconf 86' lang='grc' dir='ltr'>ὀρνίθων</span> <span class='ocrx_word' id='word_1_710' title='bbox 3371 5203 3714 5258; x_wconf 77' lang='grc' dir='ltr'>ἐνδιαιτᾶται,</span> <span class='ocrx_word' id='word_1_711' title='bbox 3746 5192 3822 5246; x_wconf 73' lang='grc' dir='ltr'>καὶ</span> 
     </span>
    </p>
   </div>
   <div class='ocr_carea' id='block_1_107' title="bbox 2285 5283 3822 5370">
    <p class='ocr_par' dir='ltr' id='par_1_107' title="bbox 2285 5283 3822 5370">
     <span class='ocr_line' id='line_1_107' title="bbox 2285 5283 3822 5370; baseline -0.006 -17"><span class='ocrx_word' id='word_1_712' title='bbox 2285 5303 2396 5364; x_wconf 88' lang='grc' dir='ltr'>τοῖς</span> <span class='ocrx_word' id='word_1_713' title='bbox 2442 5301 2535 5352; x_wconf 79' lang='grc' dir='ltr'><strong>ἐπὶ</strong></span> <span class='ocrx_word' id='word_1_714' title='bbox 2567 5299 2664 5370; x_wconf 76' lang='grc' dir='ltr'>τὴν</span> <span class='ocrx_word' id='word_1_715' title='bbox 2706 5300 2880 5370; x_wconf 85' lang='grc' dir='ltr'>ἄγραν</span> <span class='ocrx_word' id='word_1_716' title='bbox 2931 5298 3068 5352; x_wconf 76' lang='grc' dir='ltr'>ἰοῦσι</span> <span class='ocrx_word' id='word_1_717' title='bbox 3107 5299 3508 5358; x_wconf 68' lang='grc' dir='ltr'>συν-τάττονται,</span> <span class='ocrx_word' id='word_1_718' title='bbox 3548 5283 3822 5360; x_wconf 78' lang='grc' dir='ltr'>ἰσομοιρίαν</span> 
     </span>
    </p>
   </div>
   <div class='ocr_carea' id='block_1_108' title="bbox 2285 5372 3823 5463">
    <p class='ocr_par' dir='ltr' id='par_1_108' title="bbox 2285 5372 3823 5463">
     <span class='ocr_line' id='line_1_108' title="bbox 2285 5372 3823 5463; baseline -0.014 -18"><span class='ocrx_word' id='word_1_719' title='bbox 2285 5391 2377 5445; x_wconf 76' lang='grc' dir='ltr'><strong>τοῦ</strong></span> <span class='ocrx_word' id='word_1_720' title='bbox 2399 5391 2752 5463; x_wconf 82' lang='grc' dir='ltr'>ἀγρευθέντος</span> <span class='ocrx_word' id='word_1_721' title='bbox 2776 5390 3055 5454; x_wconf 79' lang='grc' dir='ltr'>δέξασθαι·</span> <span class='ocrx_word' id='word_1_722' title='bbox 3083 5390 3174 5442; x_wconf 72' lang='grc' dir='ltr'>καὶ</span> <span class='ocrx_word' id='word_1_723' title='bbox 3204 5389 3308 5442; x_wconf 78' lang='grc' dir='ltr'><strong>τῶν</strong></span> <span class='ocrx_word' id='word_1_724' title='bbox 3342 5387 3406 5458; x_wconf 92' lang='grc' dir='ltr'><strong>θη</strong></span> <span class='ocrx_word' id='word_1_725' title='bbox 3417 5383 3618 5456; x_wconf 85' lang='grc' dir='ltr'>ρευτῶν</span> <span class='ocrx_word' id='word_1_726' title='bbox 3642 5376 3705 5430; x_wconf 77' lang='grc' dir='ltr'>τὰ</span> <span class='ocrx_word' id='word_1_727' title='bbox 3726 5372 3823 5427; x_wconf 84' lang='grc' dir='ltr'>δέν·</span> 
     </span>
    </p>
   </div>
   <div class='ocr_carea' id='block_1_109' title="bbox 2285 5469 3822 5556">
    <p class='ocr_par' dir='ltr' id='par_1_109' title="bbox 2285 5469 3822 5556">
     <span class='ocr_line' id='line_1_109' title="bbox 2285 5469 3822 5556; baseline -0.016 -16"><span class='ocrx_word' id='word_1_728' title='bbox 2285 5486 2386 5556; x_wconf 87' lang='grc' dir='ltr'><strong>δρα</strong></span> <span class='ocrx_word' id='word_1_729' title='bbox 2431 5484 2792 5548; x_wconf 84' lang='grc' dir='ltr'>διασειόντων,</span> <span class='ocrx_word' id='word_1_730' title='bbox 2823 5484 2871 5536; x_wconf 78' lang='grc' dir='ltr'>οἱ</span> <span class='ocrx_word' id='word_1_731' title='bbox 2914 5482 3091 5555; x_wconf 73' lang='grc' dir='ltr'>ὄρνεις</span> <span class='ocrx_word' id='word_1_732' title='bbox 3129 5482 3503 5552; x_wconf 78' lang='grc' dir='ltr'>τινασσόμενοι</span> <span class='ocrx_word' id='word_1_733' title='bbox 3547 5469 3822 5529; x_wconf 76' lang='grc' dir='ltr'>σοϐοῦνται,</span> 
     </span>
    </p>
   </div>
   <div class='ocr_carea' id='block_1_110' title="bbox 2288 5561 3825 5650">
    <p class='ocr_par' dir='ltr' id='par_1_110' title="bbox 2288 5561 3825 5650">
     <span class='ocr_line' id='line_1_110' title="bbox 2288 5561 3825 5650; baseline -0.001 -15"><span class='ocrx_word' id='word_1_734' title='bbox 2288 5583 2378 5635; x_wconf 75' lang='grc' dir='ltr'><strong>καὶ</strong></span> <span class='ocrx_word' id='word_1_735' title='bbox 2404 5581 2742 5644; x_wconf 82' lang='grc' dir='ltr'>ἀνίπτανται,</span> <span class='ocrx_word' id='word_1_736' title='bbox 2771 5582 2862 5633; x_wconf 68' lang='grc' dir='ltr'><strong>καὶ</strong></span> <span class='ocrx_word' id='word_1_737' title='bbox 2888 5581 2936 5631; x_wconf 83' lang='lat' dir='ltr'><strong>oi</strong></span> <span class='ocrx_word' id='word_1_738' title='bbox 2971 5577 3184 5650; x_wconf 82' lang='grc' dir='ltr'>ἱέρακες</span> <span class='ocrx_word' id='word_1_739' title='bbox 3214 5576 3351 5631; x_wconf 86' lang='grc' dir='ltr'><strong>κατά</strong></span> <span class='ocrx_word' id='word_1_740' title='bbox 3383 5570 3621 5644; x_wconf 75' lang='grc' dir='ltr'>κεφαλῆς</span> <span class='ocrx_word' id='word_1_741' title='bbox 3649 5561 3825 5618; x_wconf 62' lang='grc' dir='ltr'><strong>ταύταν</strong></span> 
     </span>
    </p>
   </div>
  </div>
