4090 6288
388 329 494 385 729
1324 326 1596 384 SPURIA.
1637 357 1708 368 —
1743 327 2097 384 COMMENT.
2143 329 2206 384 IN
2241 315 2741 386 HEXAEMERON‘.
3501 317 3613 370 750

391 451 839 525 ὖπεριπτάμενοι,
867 451 966 516 τὰς
998 451 1236 522 κεφαλὰς
1273 453 1452 506 αὐτῶν
1483 451 1833 517 κολάπτουσι,
1859 453 1954 505 καὶ
1981 457 2006 514 Α

1998 457 2026 513 ι
2056 454 2347 524 abiguntur
2377 462 2430 508 et
2449 452 2686 517 evolant,
2741 450 3030 521 accipitres
3059 451 3470 520 supervolantes
3520 455 3613 511 de-

387 547 467 610 εἰς
492 545 596 616 γῆν
625 545 1073 618 καταρρίπτουσι,
1108 546 1200 600 καὶ
1227 543 1454 616 εὔθηρον
1499 545 1597 617 τὴν
1636 544 1810 617 ἄγραν
1839 548 1951 609 τοῖς

2049 543 2312 613 primunt,
2365 557 2504 612 quas
2534 548 2716 596 rostro
2764 540 3042 610 perforato
3086 541 3265 608 capite
3316 542 3369 595 in
3411 551 3611 600 terram

385 636 690 710 ἀνθρώποις
718 637 1239 710 παρασκευάζουσιν·
1267 639 1314 690 οἱ
1336 637 1392 690 δὲ
1416 638 1639 708 ἄσμενοι
1659 639 1756 710 τῆς
1775 638 1949 710 ἄγρας

2049 633 2365 704 projiciunt,
2425 633 2611 702 sicque
2640 631 2746 685 illis
2780 630 3091 685 hominibus
3137 629 3265 684 felix
3295 639 3351 685 et
3375 630 3611 688 faustum

383 729 552 801 αὐτῆς
575 728 917 801 παραχρῆμα
950 727 1332 800 μεταδιδόασιν.

2047 725 2337 795 aucupium
2367 731 2724 794 comparant;
2755 723 2832 776 illi
2864 729 3050 792 captas
3085 737 3324 792 aucupes
3378 723 3613 780 divisas-

2043 831 2153 886 que
2210 817 2393 874 statim
2442 814 2722 885 aequaliter
2776 829 2901 869 cum
2951 812 3304 882 accipitribus
3354 815 3616 884 partiun-

2043 917 2152 964 tur.

449 999 766 1054 Φιλότεκνον
798 997 826 1049 ὁ
858 994 1112 1049 πελεκάνο
1150 993 1363 1068 τρέφων
1389 993 1498 1067 γὰρ
1519 994 1644 1058 τοὺς
1669 993 1943 1059 νεοσσοὺς,

2111 1001 2396 1057 Palicanus
2454 999 2686 1054 filiorum
2729 998 3138 1055 amantissimus
3187 1006 3306 1064 est;
3339 999 3429 1054 hic
3467 1001 3618 1058 enim-

380 1093 640 1146 τύπτεται
674 1091 765 1144 ὑπ’
799 1090 977 1144 αὐτῶν
1001 1093 1119 1153 ταῖς
1158 1088 1414 1160 πτέρυξιν
1441 1091 1519 1152 εἰς
1551 1088 1613 1142 τὸ
1635 1089 1941 1160 πρόσωπονο

2043 1093 2171 1149 dum
2201 1093 2382 1164 pullos
2404 1091 2522 1158 alit,
2569 1091 2638 1145 ab
2670 1091 2776 1147 illis
2807 1091 2909 1145 alis
2959 1091 3013 1144 in
3049 1090 3241 1145 faciem
3291 1091 3609 1161 percutitur,

379 1190 408 1240 ὁ
453 1186 509 1239 δὲ
560 1184 844 1239 κολάπτων
889 1183 1083 1248 αὐτοὺς
1128 1183 1357 1254 ἀναιρεῖ,
1396 1184 1490 1236 καὶ
1528 1181 1943 1252 σπλαγχνισθεὶς

2043 1184 2137 1255 qui
2169 1190 2350 1238 rostro
2380 1198 2476 1238 eos
2505 1197 2859 1253 repercussos
2890 1181 3172 1247 interimit,
3220 1189 3273 1236 et
3299 1183 3612 1238 misericor-

382 1277 565 1331 πενθεῖ
587 1277 678 1330 ἐπὶ
701 1279 845 1348 τρεῖς
866 1275 1076 1347 ἡμέρας
1098 1274 1311 1338 αὐτούς.
1346 1275 1410 1327 Ἦ
1431 1274 1486 1328 δὲ
1513 1275 1694 1346 μήτηρ
1715 1270 1944 1326 ἐλθοῦσα

2041 1277 2130 1330 dia
2179 1283 2478 1346 permotus,
2508 1275 2726 1331 eosdem
2783 1288 2814 1326 a
2849 1288 2907 1328 se
2944 1273 3159 1328 occisos
3189 1275 3333 1343 luget
3384 1290 3479 1344 per
3511 1276 3612 1330 tri-

379 1369 562 1421 ἐπάνω
598 1368 776 1422 αὐτῶν
817 1369 1041 1438 ῥήγνυσι
1082 1366 1181 1438 τὴν
1211 1366 1450 1436 πλευράν
1480 1366 1669 1435 αὐτῆς,
1702 1366 1794 1419 καὶ
1819 1365 1939 1417 ἐπι-

2040 1369 2233 1423 duum.
2278 1368 2564 1423 Postremo
2614 1373 2786 1420 mater
2831 1364 3146 1432 adveniens,
3198 1366 3340 1422 latus
3373 1369 3612 1438 graviter

381 1460 564 1524 στάζει
605 1460 665 1513 τὸ
689 1456 826 1530 αἷμα
859 1460 1030 1527 αὐτῆς
1074 1461 1165 1513 ἐπὶ
1202 1461 1329 1522 τοὺς
1371 1458 1643 1520 νεοσσοὺς,
1685 1457 1780 1510 καὶ¹
1809 1456 1941 1520 ζωο-

2038 1461 2382 1516 vulneratum
2416 1460 2621 1522 elfodit,
2649 1469 2702 1514 et
2736 1458 3056 1530 sanguinem
3091 1474 3251 1514 suum
3289 1475 3452 1528 super
3484 1478 3609 1532 par-

377 1554 675 1624 γονοῦνται.
705 1549 859 1608 Οὗτοι
901 1553 957 1606 δὲ
986 1553 1033 1605 οἱ
1079 1553 1374 1614 πελεκᾶνες
1405 1549 1502 1613 τὰς
1543 1549 1745 1619 κόγχας
1769 1548 1942 1618 τούτῳ

2038 1552 2194 1607 vulos
2225 1552 2426 1613 fundit,
2447 1568 2556 1621 quo
2604 1550 2679 1604 illi
2707 1551 2932 1621 perfusi,
2969 1551 3318 1606 reviviscunt.
3357 1552 3418 1606 lli
3473 1570 3606 1609 con-

376 1646 454 1718 τῷ
485 1647 669 1719 τρόπῳ
698 1645 955 1698 ἐσθίουσιο
996 1643 1068 1715 μὴ
1109 1643 1394 1713 δυνάμενοι
1437 1639 1526 1694 διὰ
1555 1639 1614 1692 τὸ
1653 1639 1940 1710 ἐσφίγχθαι

2038 1642 2157 1696 chis
2187 1642 2289 1697 hac
2328 1644 2541 1698 ratione
2580 1652 2873 1698 vescuntur
2901 1661 2914 1698 :
2947 1658 3073 1696 cum
3105 1643 3227 1697 illas
3273 1645 3451 1700 valide
3476 1661 3609 1700 con-

376 1739 543 1802 αὐτὰς
577 1738 802 1791 ἀνελεῖν·
851 1735 1234 1789 καταπίνουσιν
1264 1733 1433 1796 αὐτὰς
1473 1732 1754 1804 πρότερον,
1791 1733 1936 1794 ὅπως
1971 1797 1991 1807 _

1988 1799 2002 1807 __
2039 1735 2258 1790 strictas
2301 1736 2566 1806 perimere
2595 1751 2704 1790 non
2732 1737 2960 1806 possint,
2987 1737 3138 1806 prius
3160 1751 3252 1791 eas
3279 1736 3603 1807 deglutiunt,

374 1834 439 1904 τῇ
470 1797 594 1902 περί
618 1829 706 1883 τὸν
732 1829 985 1901 φάρυγγα
1010 1827 1301 1899 θερμότητι
1339 1797 1564 1896 διατακῇ
1600 1797 1754 1894 μενὴ
1786 1824 1940 1876 συνέ-
1971 1797 1989 1857 Ι

1992 1801 2012 1856 ³
2040 1835 2100 1880 ut
2133 1797 2370 1882 faucium
2412 1829 2612 1891 calore,
2638 1797 2796 1898 quasi
2825 1797 3035 1898 glutino
3064 1797 3450 1884 ferruminalas
3481 1845 3607 1903 ape-

371 1940 540 1994 χουσα
579 1919 763 1992 κόλλη,
807 1920 1078 1974 ἀνεθεῖσαι
1126 1918 1182 1972 δὲ
1227 1919 1281 1972 αἱ
1329 1917 1528 1986 κόγχαι
1574 1913 1933 1986 χαλασθῶσιψ

2037 1917 2208 1984 riant;
2245 1935 2365 1988 qua:
2398 1919 2610 1982 laxata,
2648 1921 2886 1975 claustra
2941 1921 3258 1983 resolvunt;
3292 1919 3486 1976 deinde
3512 1936 3607 1976 eas

370 2014 724 2085 έξεμέσαντες
749 2007 842 2066 οὖν
870 2010 1060 2077 αὐτάς,
1090 2007 1344 2082 εὐμαρῶς
1372 2009 1434 2062 τὸ
1476 2006 1730 2078 ἐδύῶιμον
1757 2005 1937 2060 αὐτῶν

2034 2015 2312 2072 evomunt,
2336 2017 2389 2062 et
2433 2025 2501 2064 ex
2542 2010 2628 2064 his
2656 2026 2775 2080 quae
2803 2017 2931 2064 sunt
2989 2010 3286 2076 esculenta,
3349 2010 3469 2066 sine
3495 2011 3604 2065 ulla

369 2107 763 2162 κατεσθίουσιν.
1161 2159 1180 2168 ,

2033 2096 2352 2156 dillicultate
2374 2101 2604 2172 eligunt,
2634 2110 2688 2157 et
2718 2100 2907 2157 edunt.

439 2200 503 2251 Ai
530 2198 586 2250 δὲ
616 2197 818 2267 φάσσαι
851 2196 950 2249 οὐκ
971 2194 1098 2249 ἔνθα
1123 2194 1394 2246 τίκτουσιν
1418 2189 1774 2256 ἐπωάζονται,
1800 2188 1937 2243 ἀλλὰ

2105 2189 2396 2254 Palumbes
2412 2210 2518 2249 non
2539 2193 2629 2249 ubi
2652 2195 2870 2264 pariunt
2889 2191 3239 2263 pullationem
3263 2191 3491 2257 faciunt,
3508 2193 3604 2248 sed

372 2291 727 2360 μεταστᾶσαι,
750 2288 836 2341 διὰ
863 2287 923 2339 τὸ
959 2285 1159 2356 πλῆθος
1173 2284 1282 2336 τῶν
1310 2282 1607 2354 θηρευτῶν,
1639 2282 1717 2344 είς
1748 2281 1935 2351 ἕτερον

2033 2300 2255 2361 propter
2283 2286 2684 2342 multitudinem
2707 2292 3042 2350 venatorum,
3061 2285 3194 2339 locis
3215 2283 3457 2348 mutatis,
3476 2284 3604 2340 alibi

367 2383 553 2446 τόπον,
588 2380 908 2450 ἐκτρέφουσι
957 2379 1083 2440 τοὺς
1113 2374 1379 2438 νεοττούς.
1433 2373 1546 2427 Καὶ
1592 2373 1810 2428 ἐπειδὰν
1844 2372 1931 2426 αῖ-

2031 2381 2289 2451 parvulos
2332 2379 2612 2444 nutriunt;
2651 2377 2742 2431 ubi
2780 2383 3068 2430 venatores
3115 2375 3315 2430 fuerint
3341 2375 3604 2442 odoratae,

372 2473 603 2526 σθωνται
638 2474 716 2534 εἰς
756 2471 928 2541 θήραν
977 2468 1310 2539 ἀφιγμένους
1342 2466 1496 2529 τινὰς
1533 2465 1640 2520 τῶν
1680 2466 1931 2528 νεοττῶν,

2032 2477 2158 2525 ante
2185 2470 2360 2540 pullos
2389 2477 2740 2524 excurrentes
2769 2468 3006 2532 evolant,
3039 2473 3092 2522 et
3134 2467 3188 2519 in
3224 2474 3394 2520 semet
3438 2483 3604 2521 vena-

368 2565 707 2626 ἀνίπτανται,
736 2565 830 2616 καὶ
856 2562 952 2634 τὴν
987 2560 1092 2614 τῶν
1120 2557 1396 2630 θηρευτῶν
1431 2558 1664 2630 σπουδὴν
1699 2560 1780 2622 εἰς
1816 2559 1934 2610 ἐαυ-

2032 2571 2207 2619 torum
2228 2563 2485 2632 impetum
2503 2570 2557 2616 et
2571 2562 2811 2617 studium
2831 2567 3176 2625 convertunt,
3195 2560 3415 2614 interim
3439 2560 3599 2626 ﬁlios,

368 2659 466 2723 τὰς
501 2656 826 2729 περισπῶσι,
857 2656 1044 2728 καιρὸν
1072 2657 1249 2726 φυγῆς
1271 2658 1384 2718 τοῖς
1412 2658 1645 2718 νεοττοῖς
1671 2655 1934 2727 παρέχου-

2033 2659 2155 2729 fuga
2177 2664 2366 2728 parata
2397 2662 2663 2720 tutantur,
2693 2655 2890 2726 quibus
2920 2654 2974 2707 in
3011 2652 3195 2724 fugam
3238 2655 3401 2720 datis,
3434 2655 3601 2710 auda-

369 2769 483 2818 σαι,
519 2751 612 2805 καὶ
641 2750 981 2819 ἐκφυγόντων
1021 2749 1128 2805 τῶν
1163 2751 1412 2811 νεοττῶν,
1456 2748 1598 2819 μάλα
1619 2747 1931 2820 θαρσαλέως

2031 2759 2148 2806 cter
2225 2749 2440 2804 volatus
2493 2763 2682 2802 eorum
2732 2755 2934 2802 matres
2983 2755 3308 2817 prosecuta,
3372 2748 3593 2803 sublimi

368 2843 464 2895 σὺν
485 2845 596 2906 τοῖς
621 2844 870 2906 νεοττοῖς,
904 2841 1204 2913 άπάρασαι,
1235 2839 1694 2912 αἰθεροϐατοῦσιν.

1026 2858 1204 2913 ρασαι,
1235 2839 1694 2912 αἰθεροόατοῦσιν.
2032 2841 2144 2894 aeri
2177 2855 2236 2894 se
2273 2839 2641 2892 committunt.

433 2936 718 2990 Φιλόκαλον
768 2938 796 2989 ὁ
838 2935 980 2998 ταὼς
1012 2934 1069 3002 ἐξ
1131 2933 1304 2988 Ἰνδῶν
1345 2933 1679 3004 ὁρμώμενος.
1729 2923 1926 2996 Οὗτος,

2101 2930 2211 2985 Sua
2241 2929 2414 2984 forma
2460 2929 2756 3000 gloriosum
2788 2944 3054 3000 pavonem
3087 2930 3206 2984 indi
3249 2928 3430 2984 ferunt
3457 2947 3472 2998 ;
3506 2929 3597 2985 hic

363 3029 752 3102 ἀναπτερώσας
781 3029 840 3083 τὸ
875 3029 1068 3091 κάλλος
1114 3028 1207 3081 καὶ
1247 3026 1354 3080 τῶν
1401 3025 1614 3096 πτερῶν
1659 3025 1928 3091 ἐπιδείξας

2029 3031 2280 3078 ornatum
2336 3022 2604 3093 pandens,
2653 3030 2706 3077 et
2751 3038 3048 3092 pennarum
3091 3021 3398 3092 speciosum
3441 3023 3595 3076 thea-

359 3124 420 3176 τὸ
455 3120 696 3193 θέατρον,
746 3121 1006 3188 ἐπάγεται
1040 3118 1174 3192 πρὸς
1217 3117 1497 3172 συνουσίαν
1548 3116 1645 3188 τὴν
1689 3116 1924 3187 θήλειαν,
1955 3160 1974 3217 (

1981 3129 2173 3218 ΖιιἪω
2228 3127 2536 3186 ostentans,
2565 3119 2834 3176 dilectam
2879 3137 2909 3174 a
2961 3136 3020 3175 se
3068 3121 3338 3176 femellam
3387 3121 3596 3188 allicit;

361 3211 549 3283 ῶσπερ
570 3211 807 3283 λειμῶνα
841 3211 930 3264 τὸν
971 3209 1352 3280 καλλωπισμὸν
1377 3208 1563 3262 τοῦτον
1619 3207 1926 3270 ἐπιδεικνὺς
1960 3207 1976 3218 “

1981 3207 1999 3218 ’
2030 3212 2490 3283 pulchritudinem
2525 3213 2664 3267 hanc
2693 3214 2860 3268 veluti
2885 3229 3186 3284 pennarum
3219 3221 3434 3283 pratum
3474 3231 3596 3284 spe-

358 3305 492 3374 αύτῇ
514 3321 526 3333 '
566 3303 678 3356 ἐστι
710 3302 818 3374 γὰρ
865 3301 1048 3372 σχεδὸν
1085 3301 1345 3371 λειμῶνος
1377 3303 1405 3354 ὁ
1437 3299 1582 3364 ταὼς
1623 3300 1930 3354 εὐανθέστε-

2029 3305 2283 3360 ctandam
2314 3319 2660 3374 proponens;
2696 3319 2935 3374 saneque
2961 3306 3188 3375 pavonis
3218 3316 3432 3375 pratum
3458 3321 3597 3376 quo-

362 3413 468 3466 ρος.
493 3395 964 3466 Περιπεφύτευται
992 3393 1100 3466 γάρ
1139 3391 1285 3464 αύτῷ
1327 3394 1523 3464 χρυσὸς
1543 3396 1655 3457 τοῖς
1688 3395 1924 3463 πτεροῖς,

2028 3397 2110 3452 vis
2152 3396 2259 3450 alio
2305 3404 2464 3466 prato
2506 3397 2664 3468 longe
2716 3397 2966 3453 floridius
3006 3404 3126 3464 est;
3178 3398 3232 3450 in
3281 3398 3400 3468 ejus
3449 3398 3593 3452 enim

357 3489 453 3543 καὶ
486 3490 669 3561 κύκλῳ
687 3488 747 3542 τὸ
781 3487 1041 3559 ἁλουργὲς
1067 3484 1304 3556 περιθέει
1339 3483 1649 3557 πορφυροῦν
1677 3484 1767 3538 τὸν
1799 3501 1929 3555 χρυ-

2026 3488 2221 3558 pennis
2246 3503 2441 3543 aurum
2474 3490 2794 3555 seminatur,
2831 3497 2884 3543 et
2911 3493 3058 3542 omni
3081 3504 3144 3544 ex
3176 3497 3328 3558 parte
3354 3505 3594 3560 purpura

358 3583 449 3635 σόν
471 3599 483 3612 ·
520 3583 613 3635 καὶ
645 3581 749 3634 ὑπὸ
780 3579 872 3633 τοῦ
903 3581 1102 3652 χρυσοῦ
1132 3581 1438 3650 περίκειται
1469 3578 1529 3631 τὸ
1564 3578 1674 3631 ἴσον
1699 3576 1920 3642 κύκλον,

2025 3581 2306 3650 aequaliter
2336 3580 2672 3636 convestitur
2701 3590 2755 3636 et
2793 3580 2980 3645 vestit,
3010 3580 3262 3650 inestque
3292 3581 3402 3637 illis
3435 3582 3593 3652 quasi

361 3675 456 3726 καὶ
489 3673 632 3726 ἔστιν
660 3671 933 3742 ὀφθαλμὸς
977 3675 1032 3725 ἐν
1082 3670 1287 3744 πτερῷ.

977 3675 1032 3725 ἐν
1082 3670 1287 3744 πτερῷ.
2024 3672 2307 3726 oculorum
2333 3671 2563 3741 species.

435 3767 492 3819 ὐ
521 3765 576 3818 δὲ
608 3764 778 3834 φοῖνιξ
816 3765 1039 3836 μέγεθος
1060 3766 1154 3836 μὲν
1187 3765 1297 3835 ἔχει
1324 3764 1551 3828 ταῶνος,
1592 3764 1832 3835 διαφέρει
1869 3765 1924 3817 δὲ

2095 3766 2320 3821 Pltmnix
2352 3768 2580 3837 pavonis
2610 3775 2870 3822 narratur
2897 3769 3291 3840 magnitudine,
3323 3771 3418 3826 sed
3443 3785 3473 3823 a
3495 3786 3593 3842 pa-

354 3857 434 3930 τῷ
464 3857 648 3912 κάλλει
674 3857 765 3909 τοῦ
783 3857 984 3920 ταῶνος
1001 3859 1066 3928 τῇ
1093 3859 1280 3928 χροιᾷο
1310 3857 1638 3928 κεκέρασται
1656 3857 1762 3927 γάρ
1777 3855 1925 3927 αὐτῷ

2023 3859 2163 3915 vdne
2217 3859 2626 3929 pulchritudine
2678 3867 2732 3915 et
2784 3861 2968 3915 colore
3033 3861 3332 3918 secundus.
3375 3861 3591 3918 Pennas

355 3951 540 4023 χρυσῷ
562 3952 653 4005 καὶ
670 3949 923 4022 πορφύρᾳ
941 3949 1008 4004 τά
1023 3949 1218 4022 πτερὰ,
1248 3949 1436 4019 εὐφυεῖ
1447 3949 1504 4002 δὲ
1531 3948 1713 4018 κύκλῳ
1738 3949 1925 4017 στεφά-

2023 3951 2168 4006 enim
2221 3966 2356 4006 auro
2403 3958 2459 4006 et
2510 3967 2752 4022 purpura
2813 3952 3132 4024 interpictas
3178 3953 3365 4021 habet,
3424 3962 3589 4024 caput

355 4061 446 4097 vou
475 4047 507 4114 ἡ
531 4029 738 4114 κεφαλὴ
768 4041 929 4096 αὑτοῦ
962 4042 1296 4114 κεκόσμηται
1319 4041 1578 4111 φυσικῶς.
1623 4041 1776 4094 Ἔστι
1815 4040 1871 4092 δὲ
1895 4042 1923 4094 ὁ

2022 4043 2293 4097 concinno
2349 4043 2502 4113 apice
2560 4045 2928 4115 undequaque
2981 4054 3035 4101 et
3091 4061 3292 4102 corona
3345 4047 3583 4101 cohone-

354 4133 551 4197 κύκλος
580 4134 825 4198 κυάνεος,
842 4132 936 4186 καὶ
958 4133 1128 4203 ῥόδοις
1156 4131 1657 4204 ἐμφερής-,Εὺειδὴς
1689 4132 1746 4186 δὲ
1765 4130 1838 4185 ῶν
1855 4132 1920 4201 τῇ

2022 4140 2239 4202 statur;
2272 4135 2514 4192 circulus
2535 4138 2719 4192 colore
2743 4139 2974 4194 caeruleo
2997 4146 3082 4194 est
3103 4146 3157 4194 et
3181 4140 3325 4194 rosis
3350 4139 3586 4206 similis;

354 4226 471 4298 θέᾳ,
485 4227 577 4281 καὶ
590 4227 768 4281 ἀκτῖσι
790 4228 994 4299 κομῶν,
1013 4227 1200 4300 ὥσπερ
1215 4227 1363 4298 ἥλιος
1390 4227 1474 4295 ἐφ’
1492 4224 1658 4295 ὕψους
1675 4225 1887 4278 ἵσταται
1904 4241 1917 4254 ·

2022 4223 2103 4280 sic
2137 4237 2356 4294 aspectu
2389 4226 2655 4297 jucundo,
2685 4237 2739 4283 et
2769 4229 2952 4285 radios
2979 4229 3276 4300 projiciens
3307 4231 3473 4285 veluti
3504 4232 3585 4286 sol

352 4318 427 4381 ὡς
457 4319 735 4392 ἱστορῆσαι
769 4321 863 4374 καὶ
905 4321 1094 4383 ἄλλους
1126 4319 1222 4391 τὴν
1254 4319 1468 4392 μορφὴν
1497 4316 1661 4372 αὑτοῦ
1694 4317 1786 4371 τοῦ
1813 4315 1920 4370 σώ-

2019 4315 2075 4369 in
2103 4331 2318 4372 summo
2352 4333 2412 4372 se
2439 4318 2699 4385 collocat;
2731 4320 2804 4372 ita
2836 4329 2894 4373 ut
2923 4328 2977 4374 et
3000 4321 3091 4374 alii
3126 4320 3356 4375 formam
3391 4336 3585 4391 corpo-

355 4429 542 4484 ματος,
574 4413 647 4477 ὠς
663 4413 757 4467 καὶ
779 4414 930 4466 αὐτοὶ
958 4413 1346 4486 διαγράφοντες
1373 4412 1668 4482 φάσκουσιν
1711 4409 1884 4475 οὔτως
1902 4427 1914 4440 ·

2019 4406 2098 4460 ris
2139 4406 2287 4462 illius
2329 4408 2676 4476 tradiderint,
2722 4427 2887 4482 quam
2936 4411 3090 4468 hisce
3141 4412 3326 4470 verbis
3372 4413 3583 4469 descri-

1951 4507 1994 4563 D
2023 4514 2179 4570 psere
2199 4517 2214 4554 :

352 4611 759 4688 Amlo?r_g~dp
791 4612 921 4688 ἐστι
956 4611 1020 4665 τὸ
1043 4612 1239 4688 μῆ-κμομς
1268 4613 1443 4688 ἀετοῦ
1473 4603 1714 4683 σχεδόν.

1669 4631 1714 4666 ν.
2019 4612 2197 4688 Dupla
2225 4615 2407 4685 quippe
2434 4623 2511 4688 est
2540 4615 2648 4684 fere
2670 4617 2865 4686 aquila:
2897 4619 3284 4688 magnitudine.

351 4683 592 4756 Πζεροῖς
605 4683 672 4736 δὲ
693 4683 1076 4756 ποικίλοισιν,
1107 4683 1215 4751 ἠδὲ
1242 4683 1563 4754 χρώμασιν,

1426 4699 1563 4749 urar,
2013 4683 2130 4756 illis
2163 4683 2337 4738 autem
2368 4683 2551 4748 rariis,
2580 4683 2735 4756 atque
2757 4683 3041 4755 coloribus,

350 4753 526 4834 ,Ξῶμα
549 4753 734 4834 αὐτοῦ
769 4753 1068 4834 κέκαφταρ
1280 4752 1287 4753 ί
1361 4752 1397 4834 ἡ-
1556 4827 1566 4834 _

1280 4752 1287 4753 ί
1361 4752 1397 4834 ἡ-
1556 4827 1566 4834 _
2017 4752 2218 4834 ρον-ρας
2244 4756 2324 4808 illi
2333 4752 2832 4834 usuinterscribitur.

348 4823 714 4896 EtﬁOccpér
740 4823 852 4896 οὖν
879 4823 1064 4878 αὐτοῦ
1094 4824 1442 4896 πορφυροῦν
1461 4827 1751 4896 φαίνεται,

1429 4842 1442 4856 ·
1461 4827 1751 4896 φαίνεται,
2018 4823 2208 4896 Beatus
2234 4843 2350 4879 vero
2379 4825 2522 4879 illius
2550 4843 2868 4896 purpureum
2898 4829 3044 4883 nitet.

348 4843 576 4946 Lageae
596 4843 714 4892 μεν
740 4843 852 4876 ουν
879 4843 1064 4878 αυτου
1094 4843 1442 4893 πορφυρουν
1461 4843 1751 4894 patratae,

347 4898 431 4970 ἔκ
464 4898 542 4962 ,λη
661 4895 1057 4970 μιλτόχρῳςα,
1089 4896 1184 4970 καί
1211 4894 1336 4947 κατ’
1352 4894 1608 4970 αὐχένα,

1609 4843 1751 4892 εται,
2018 4843 2208 4878 rectus
2234 4843 2350 4879 vero
2379 4843 2522 4879 tutus
2550 4843 2868 4896 purpureum
2898 4843 3045 4883 mtet.

2017 4893 2193 4970 Qrura
2217 4897 2427 4970 signata
2451 4899 2713 4970 camilla,
2754 4909 2803 4952 et
2835 4901 2977 4953 circa
3009 4903 3224 4970 collum,

345 4965 738 5035 Kpoxoqzlrorc
766 4963 1094 5035 μαλλοῖσιν
1124 4963 1532 5035 εὐτρεπίζεται.

1331 4963 1532 5035 ῖίζετιιι.
2016 4964 2209 5020 Croceo
2239 4963 2412 5035 pinme
2435 4968 2620 5022 vellere
2647 4969 2946 5024 decoratur.

348 5034 513 5108 Κᾶρα
539 5033 839 5108 δὲῄκσίτης
867 5034 1086 5108 ἡμέρας
1116 5034 1514 5108 παρεμφερὴς,

1475 5056 1514 5100 ς,
2015 5035 2185 5108 ραριιε
2215 5033 2328 5106 ejus
2357 5037 2460 5090 diei
2486 5038 2648 5108 cubili
2679 5055 2782 5092 non
2812 5040 3090 5108 dissimile,

345 5105 455 5157 Kal
475 5106 699 5175 μηλίνῃ
723 5103 841 5174 μὲν
869 5104 941 5173 τῇ
973 5106 1118 5174 κόρῃ
1159 5105 1550 5174 προσέϐλεπε.

1362 5108 1550 5159 ﬂeas.
2015 5103 2348 5160 Et'melineis
2373 5107 2583 5175 papillis
2615 5110 2977 5167 contuebatur.

345 5175 563 5255 Ιςύκνίῳ
694 5178 908 5255 redimat
931 5175 1147 5255 κόκκος
1172 5177 1256 5255 ᾡς
1282 5176 1580 5255 ἐφαίνετο..
1637 5237 1650 5244 ν

2016 5175 2084 5255 1:3}
2109 5177 2249 5255 circa
2271 5174 2736 5255 easuntleguaque
2756 5183 2908 5255 quasi
2941 5199 3122 5255 caecus
3155 5184 3566 5255 di/Tundebatur.

347 5244 560 5325 ρωνὴγ
582 5243 649 5325 δὲ
676 5243 921 5325 πάντων
941 5243 1103 5325 εἶχεν
1126 5243 1702 5325 εὐπρεπεδεστάτην.

2017 5243 2296 5325 l'Yullisque
2323 5243 2632 5325 animalium
2652 5243 2777 5325 erat
2805 5252 3026 5320 pulchra
3050 5272 3168 5310 voce
3197 5243 3436 5325 inferior.

346 5315 646 5386 Βασιλεὺς
764 5313 1003 5386 πάντων
1020 5313 1246 5383 ὀρνέων
1267 5318 1560 5385 ἐφαίνετο,
1631 5313 1639 5315 “

1631 5313 1639 5315 “
2015 5314 2124 5386 Ben:
2151 5313 2312 5385 igitur
2335 5319 2566 5370 omnium
2595 5321 2766 5373 avium
2791 5313 2901 5378 esse
2933 5325 3225 5386 videbatur.

358 5381 548 5455 Ὠς-ἦν
584 5385 805 5455 νοῆσαι
827 5402 840 5416 ⁸
873 5381 1068 5440 πάντά
1096 5387 1205 5457 γὰρ
1226 5381 1314 5441 rei
1328 5387 1525 5457 πτηνὰ
1558 5389 1705 5460 ὁμοῦ

2019 5384 2085 5439 Ut
2113 5381 2413 5456 conjectura
2431 5387 2666 5458 judicari
2698 5402 2896 5460 potest;
2936 5397 3115 5449 omnia
3146 5381 3285 5450 enim
3333 5398 3571 5454 volatilia

3340 5485 3477 5522 stmu

350 5520 632 5573 Ὀπισθεν
654 5519 840 5574 αὐτοῦ
871 5519 1284 5588 δολιχεύοντες
1312 5521 1672 5577 ὲπέσσυντο.

2013 5525 2144 5582 Post
2173 5544 2292 5582 eum
2334 5537 2573 5584 contento
2600 5547 2758 5586 cursu
2785 5533 3073 5588 irruebant.
3314 5466 3500 5539 [smul

345 5588 540 5673 énbfbc
576 5588 644 5641 δὲ
671 5591 916 5673 πρόσᾷε,
941 5590 1158 5673 Ξιξῦρος
1189 5590 1270 5658 ὡς
1301 5595 1724 5673 ςίξιυρούιέεξνος,

2012 5599 2080 5673 ᾼι
2101 5599 2210 5673 ipse
2239 5609 2360 5652 ante
2389 5616 2567 5673 omnes
2595 5612 2849 5671 tanquam
2875 5615 3056 5658 taurus
3091 5605 3395 5673 superbiam

349 5659 582 5712 Ἕόαινε
613 5659 902 5728 κραιπνὸν
922 5659 1094 5731 ,βῆμα
1111 5659 1426 5726 ,βαστάζωῶ
1449 5659 1652 5732 ποδός.
1681 5659 1694 5662 ⁷

1601 5686 1652 5732 ς.
1681 5659 1694 5662 ⁷
2009 5659 2288 5740 Ρειῂεὺαῑ,
2320 5670 2534 5725 celerem
2567 5659 2804 5741 gressum
2828 5675 3028 5728 volvens
3052 5659 3215 5744 pedis.

416 5771 583 5825 Τοῦτο
612 5774 738 5843 φασί
757 5775 1040 5845 μονογενὲς
1071 5777 1330 5850 ὑπάρχειν
1359 5779 1513 5846 ζῶον,
1553 5779 1626 5853 μὴ
1665 5781 1904 5836 συνιστά-

2082 5779 2238 5837 llunc
2273 5781 2461 5838 dicunt
2491 5783 2784 5853 unigcnum
2829 5784 2978 5838 nulla
3027 5789 3378 5848 successione
3409 5805 3574 5863 gene-
