4090 6288
560 323 659 378 751

1417 318 1476 374 S.
1517 314 1962 373 EUSTATHIUS
1994 312 2484 371 ANTIOCHENUS
2517 311 2915 369 EPISCOPUS.

3704 308 3820 363 732

556 439 693 504 rari,
735 439 832 498 sed
861 455 982 496 esse
1011 439 1234 494 unicum
1267 443 1321 492 et
1361 437 1558 500 solum,
1590 441 1643 490 et
1673 433 1987 504 quingentis
2008 447 2127 486 eum

2241 449 2399 501 μενον
2457 431 2691 501 διαδοχῇ,
2737 429 2848 482 ἀλλ’
2889 427 3149 499 ὑπάρχειν
3181 425 3308 480 αὑτὸ
3355 423 3680 497 μονώτατον,
3720 425 3823 477 καὶ

554 531 768 588 durare
804 531 982 586 annis.
1019 529 1180 584 Morti
1215 530 1519 599 proximus,
1552 528 1759 581 obitum
1793 525 1941 580 enim
1973 538 2135 578 suum

555 625 674 693 ipse
701 623 1001 694 praesentit,
1038 623 1093 676 in
1137 622 1368 678 sublime
1396 622 1629 682 delatus,
1663 619 1834 674 solem
1867 617 2134 670 orientem

559 717 805 782 intuens,
837 715 1075 770 surculis
1093 713 1384 768 odoriferis
1409 712 1680 766 construit
1703 709 1914 772 nidum,
1937 706 2134 762 deinde

561 808 743 863 asolis
784 807 952 862 radiis
984 814 1132 860 totus
1169 812 1462 866 crematur,
1513 812 1565 856 et
1595 805 1653 856 in
1700 801 1977 871 pulverem
2010 813 2134 851 om-

562 901 692 954 nino
711 899 1037 962 resolvitur;
1070 915 1134 952 ex
1178 899 1396 968 pulvere
1440 895 1636 950 deinde
1681 893 2011 949 vermiculus
2038 907 2134 945 na-

563 991 754 1056 scitur,
785 990 909 1044 inde
939 989 1121 1059 pullus
1153 989 1470 1058 primusque
1503 986 1746 1057 phcenix.

630 1256 824 1326 Aquila
855 1257 909 1310 in
939 1254 1238 1310 educandis
1269 1255 1459 1310 liberis
1491 1253 1856 1323 iniustissima
1895 1260 2019 1319 est;
2051 1252 2134 1306 bi-

559 1364 661 1403 nos
687 1349 862 1418 pullos
892 1349 1154 1409 excludit,
1180 1363 1413 1416 quorum
1444 1347 1673 1402 alterum
1715 1345 1818 1400 sibi
1855 1345 2132 1407 conciliat,

561 1441 792 1494 alterum
836 1441 1042 1493 alarum
1073 1439 1268 1494 ictibus
1300 1437 1448 1509 fugat
1489 1446 1543 1492 et
1575 1438 1819 1507 expellit,
1857 1437 2035 1490 labore
2081 1443 2135 1489 et

559 1531 742 1593 ttedio,
775 1538 833 1584 ut
861 1530 1031 1591 aiunt,
1064 1529 1376 1595 nutriendi;
1429 1529 1525 1582 sed
1560 1543 1724 1598 quam
1758 1535 1955 1581 vocant
1992 1527 2136 1580 ossi-

559 1624 735 1694 fraga,
776 1634 834 1676 ut
861 1621 1040 1676 ferunt
1088 1625 1321 1687 ejectum
1368 1622 1789 1691 abdicatumque
1831 1621 2033 1690 excipit
2081 1626 2134 1673 et

560 1714 760 1769 educat
789 1729 913 1767 cum
948 1714 1081 1769 suis.
1112 1712 1313 1767 Verum
1338 1715 1427 1768 ubi
1463 1715 1669 1783 pullum
1712 1713 1893 1784 aquila
1923 1710 2133 1767 enutri-

2237 525 2332 595 ἔτη
2365 525 2466 596 ζῇν
2493 523 2838 578 πεντακόσια.
2860 523 2969 576 Καὶ
2996 524 3052 575 ὲν
3087 521 3260 591 καιρῷ
3291 519 3381 574 τοῦ
3428 518 3640 590 μέλλειν
3675 519 3821 572 αὑτὸ

2236 616 2487 687 τελευτᾷν
2536 613 2986 686 (προαισθάνεται
3026 611 3132 682 γάρ
3180 612 3277 683 τὴν
3321 610 3678 682 ἀποὸίωσιν),
3725 612 3815 679 ἐφ’

2235 709 2439 779 ὑψηλοῦ
2471 707 2613 770 τινος
2633 709 2796 760 τόπου
2815 706 3227 775 ἐστοχασμένος,
3251 704 3388 758 κατὰ
3419 704 3519 775 τὴν
3542 703 3816 773 ἀνατολὴν

2234 802 2326 855 τοῦ
2364 803 2538 872 ἡλίου,
2581 801 2639 866 ἐξ
2686 801 3052 874 ἀρωματικῶν
3089 801 3375 870 φρυγάνων
3419 797 3814 868 συμπηγνύναι

2233 894 2330 966 τὴν
2360 894 2574 959 καλιὰν,
2605 895 2834 948 κᾶπειτα
2857 894 2959 947 ὑπὸ
2987 894 3084 964 τῆς
3126 893 3340 953 ἀκτῖνος
3363 889 3815 954 ὁλοκαυτίζεσθαι

2233 986 2326 1038 τοῦ
2359 986 2532 1057 ἡλίου,
2561 986 2654 1038 καὶ
2681 988 2760 1048 εἰς
2799 985 2945 1038 κόνιν
2978 981 3252 1045 παντελῶς
3290 980 3650 1055 ἀναλὺεσθαις
3687 976 3818 1032 εἶτα

2235 1078 2298 1130 ἐκ
2331 1077 2426 1147 τῆς
2456 1077 2656 1138 κόνεως
2679 1073 2933 1145 σκώληκα
2967 1071 3269 1142 γίγνεσθαι,
3299 1073 3392 1125 καὶ
3431 1073 3495 1124 ἐκ
3530 1069 3622 1123 τοῦ
3660 1067 3816 1123 σκώ-

2234 1167 2397 1238 ληκος
2429 1167 2508 1228 εἰς
2539 1167 2628 1219 τὸν
2657 1164 2870 1236 πρῶτον
2900 1166 3112 1235 φοίνικα
3148 1163 3592 1235 μεταϐάλλεσθαι.

2317 1259 2376 1309 '0
2406 1256 2461 1309 δὲ
2481 1257 2636 1320 ἀετὸς
2664 1257 2790 1327 περὶ
2820 1257 2916 1328 τὴν
2935 1255 3240 1327 ἀνατροφὴν
3263 1255 3370 1308 τῶν
3403 1255 3632 1308 νεοττῶν
3658 1257 3814 1308 ἐστιν

2235 1347 2593 1411 ἀδικώτατος·
2647 1349 2739 1400 δύο
2786 1348 2894 1419 γὰρ
2943 1351 3189 1420 ποιήσας,
3237 1348 3327 1400 τὸν
3367 1349 3466 1418 μὲν
3502 1349 3684 1419 ἕτερον
3726 1351 3811 1401 οἰ-

2236 1438 2497 1502 κειοῦται,
2548 1438 2639 1491 τὸν
2665 1440 2721 1491 δε
2759 1439 2940 1511 ἓτερον
2980 1439 3250 1510 μαστίξων
3287 1443 3398 1503 τοῖς
3426 1445 3642 1512 πτεροῖς
3665 1444 3810 1496 ἀπο-

2236 1531 2534 1602 πέμπεται,
2563 1531 2649 1584 διά
2685 1532 2785 1602 τῆς
2822 1533 3044 1603 τροφῆς,
3076 1533 3150 1596 ώς
3171 1533 3322 1600 φασὶ,
3349 1535 3408 1587 τὸ
3429 1537 3698 1591 ἐπίπονον.
3745 1541 3808 1592 Ἦ

2232 1624 2289 1677 δὲ
2324 1625 2486 1695 φήνη,
2530 1625 2621 1676 τὸν
2661 1624 3062 1694 ἁποποιηθέντα
3105 1625 3368 1696 δεξαμένη
3391 1665 3404 1689 ,
3432 1630 3544 1691 τοῖς
3582 1631 3808 1695 οίκείοις

2237 1714 2351 1785 ἅμα
2412 1716 2665 1786 ἐκτρέφει
2713 1720 2967 1780 νεοσσοῖς.
3023 1716 3236 1788 Θρέψας
3294 1718 3349 1770 δὲ
3398 1719 3488 1772 τὸν
3519 1722 3733 1777 νεοττὸν
3780 1727 3807 1776 ὁ

560 1806 640 1860 vit
656 1806 1052 1876 apprehensum
1089 1806 1271 1860 volatu
1306 1805 1362 1858 in
1401 1805 1688 1860 sublimem
1719 1819 1898 1858 aerem
1932 1800 2127 1864 defert,

2235 1805 2412 1869 ἀετὸς,
2451 1806 2788 1872 συνίπταται,
2813 1807 2972 1859 αὑτὸν
2995 1807 3128 1878 πρὸς
3157 1807 3245 1859 τὸν
3268 1809 3456 1880 αἰθέρα
3480 1809 3771 1881 λαμϐάνων
3787 1833 3799 1844 ·

561 1905 615 1952 et
637 1899 820 1952 sieum
844 1899 1105 1952 adversus
1136 1898 1268 1952 solis
1298 1898 1480 1951 radios
1505 1896 1659 1949 firma
1685 1896 1800 1951 acie
1825 1895 2122 1948 intuentem

561 1989 930 2059 conspexerit,
962 1996 1016 2044 et
1047 2005 1173 2044 aera
1206 1991 1400 2060 pennis
1434 1990 1695 2044 audacter
1726 1996 2023 2048 secantem.
2055 1986 2133 2041 uti

559 2083 852 2152 genuinum
885 2082 981 2135 alit
1012 2081 1277 2143 fovendo;
1319 2083 1366 2137 si
1393 2086 1772 2138 conniventcm
1807 2082 2133 2136 humectan-

556 2181 773 2245 temque
815 2174 1276 2238 animadverterit,
1318 2174 1398 2228 uti
1433 2173 1800 2230 adulterinum
1835 2182 2000 2243 atque
2040 2171 2136 2226 de-

557 2281 810 2335 generem
839 2267 1082 2337 expellit.

631 2357 837 2413 Ferunt
882 2360 1119 2428 aquilam
1155 2359 1309 2414 senio
1338 2359 1643 2415 confectam
1688 2359 1970 2414 oculorum
2017 2356 2135 2411 acie

559 2448 810 2510 obtundi,
847 2449 1070 2519 alasque
1117 2449 1238 2517 ejus
1265 2450 1679 2518 ingravescere;
1709 2449 1836 2502 hinc
1866 2463 1986 2502 eam
2012 2445 2134 2501 fon-

557 2553 641 2598 tes
673 2543 1018 2612 investigare,
1051 2544 1369 2612 delatasque
1398 2545 1452 2596 in
1484 2557 1664 2596 aerem
1692 2542 1810 2594 alas
1843 2555 1873 2592 a
1902 2539 2018 2593 sole
2047 2539 2133 2593 in-

559 2650 755 2688 censas
799 2636 978 2697 exuri,
1010 2643 1063 2690 et
1095 2635 1273 2691 visum
1321 2647 1671 2702 recuperare;
1721 2628 1920 2684 deinde
1949 2629 2132 2683 subito

561 2726 731 2794 petito
760 2725 928 2789 fonte,
965 2725 1186 2779 tertium
1227 2725 1421 2794 mergi,
1462 2729 1515 2776 et
1553 2721 1836 2785 renovari;
1871 2733 2041 2788 quare
2079 2724 2132 2771 et

560 2819 829 2886 psalmum
861 2816 1067 2872 dixisse
1100 2815 1323 2870 tradunt
1353 2835 1366 2870 :
1397 2813 1749 2868 Renovabitur
1775 2813 1910 2866 sicut
1935 2809 2128 2882 aquila:

551 2910 797 2977 juventus
824 2919 914 2964 tua
940 2910 1005 2964 ¹⁸.

629 3108 826 3164 Yultur
855 3119 1016 3165 vento
1063 3111 1322 3181 concipit,
1369 3125 1544 3181 neque
1582 3125 1705 3164 cum
1751 3108 1889 3162 mari
1923 3123 2124 3180 corpus

557 3201 896 3268 commiscet,
929 3201 1169 3271 vivitque
1203 3202 1361 3254 annis
1401 3210 1655 3262 centum;
1695 3199 1748 3252 in
1779 3199 2009 3254 excelsis
2039 3207 2127 3252 at-

555 3308 662 3364 que
688 3292 812 3348 altis
843 3293 1072 3362 rupibus
1105 3300 1405 3363 pernoctat,
1440 3301 1493 3348 et
1532 3308 1692 3348 nemo
1718 3293 1938 3346 ubinam
1971 3293 2126 3345 habi-

552 3390 653 3450 tet,
686 3388 973 3455 comperit.
1002 3385 1100 3440 Ubi
1127 3386 1457 3455 conceperit,
1494 3386 1546 3439 in
1577 3383 1782 3438 Indiam
1821 3384 2128 3454 proﬁcisci-

553 3483 664 3538 tur,
718 3484 771 3530 et
807 3475 1042 3544 lapidem
1092 3491 1252 3545 quem
1299 3483 1494 3530 vocant
1540 3475 1816 3528 cutoeium
1871 3475 2122 3544 suscipit,

554 3583 720 3637 super
752 3584 934 3638 quem,
971 3568 1098 3622 dum
1130 3568 1413 3622 doloribus
1455 3577 1645 3636 partus
1691 3566 1992 3629 cruciatur,
2039 3583 2124 3622 se-

553 3659 643 3714 det
675 3669 728 3714 et
779 3662 940 3730 parit.
996 3659 1091 3714 Est
1121 3669 1300 3714 autem
1335 3661 1472 3729 lapis
1518 3660 1607 3713 hic
1649 3659 1917 3712 rotundus
1955 3659 2124 3712 veluti

553 3769 688 3818 nux,
736 3762 939 3809 etcum
972 3754 1234 3823 quatitur,
1271 3754 1438 3807 veluti
1465 3752 1892 3807 tintinnabulum
1924 3767 2123 3806 sonum

552 3845 684 3907 edit,
713 3845 819 3899 alio
853 3847 907 3899 in
951 3853 1106 3899 utero
1147 3845 1325 3914 lapide
1361 3852 1611 3901 sonante.
1646 3842 1813 3898 Aiunt
1844 3843 2122 3899 vulturem

553 3954 710 3994 rosea
741 3947 1013 4009 unguenta
1040 3939 1327 3994 odoratum
1377 3939 1638 4005 interimi,
1689 3953 1870 4008 neque
1902 3937 2122 4005 semini,

553 4046 732 4101 neque
784 4033 981 4084 viventi
1015 4047 1137 4086 esse
1189 4031 1577 4100 perniciosum,
1613 4030 1707 4086 sed
1745 4039 1798 4085 et
1847 4038 2122 4083 mortuum

553 4137 717 4176 omne
754 4123 972 4176 volatile
1015 4130 1236 4192 propter
1285 4122 1594 4177 allinitatem
1635 4123 1949 4177 abhorrere.
1985 4123 2122 4176 Cum

553 4229 686 4270 vero
719 4214 968 4268 homines
1002 4215 1057 4268 in
1091 4218 1262 4269 aciem
1299 4216 1669 4279 instruuntur,
1707 4217 1978 4286 sequitur,
2023 4231 2124 4271 nec

555 4309 625 4364 ab
655 4308 786 4373 illis,
819 4307 1067 4362 carnium
1097 4307 1235 4364 edax
1267 4324 1389 4362 cum
1435 4310 1524 4375 sit,
1557 4309 1909 4380 disjuugitur.

2239 1898 2332 1950 καὶ
2361 1899 2408 1950 εί
2429 1897 2671 1951 θεάσοιτο
2697 1898 2830 1969 πρὸς
2851 1899 2945 1968 τὴν
2962 1899 3316 1970 λαμπρότητα
3343 1901 3434 1953 τοῦ
3468 1902 3616 1972 ἡλίου
3639 1907 3802 1959 αὑτὸν

2236 1991 2629 2060 όξυοπήσαντα,
2678 1993 2772 2043 καὶ
2794 1992 3068 2063 εὐτόλμως
3108 1994 3198 2046 τὸν
3229 1995 3364 2066 ἀέρα
3391 1995 3797 2068 διανηχόμενον,

2233 2081 2307 2144 ὡς
2336 2082 2531 2133 οἰκεῖον
2557 2086 2915 2153 περιποιεῖται
2935 2100 2948 2114 ο
2981 2085 3029 2136 εἰ
3061 2084 3116 2138 δὲ
3148 2084 3332 2140 ἄτονον
3354 2087 3488 2158 πρὸς
3506 2089 3695 2157 ταῦτα,
3720 2092 3798 2158 ὡς

2233 2173 2385 2226 νόθον
2415 2175 2729 2230 ἀποϐάλλει.

2303 2352 2438 2406 Φασὶ
2468 2351 2574 2424 γὰρ
2598 2353 2916 2424 γηράσαντα
2967 2355 3058 2409 τὸν
3091 2356 3246 2409 ἀετὸν
3297 2359 3673 2432 ἀμαυροῦσθαι
3699 2363 3797 2428 τάς

2233 2443 2402 2514 ὄψεις,
2457 2447 2551 2500 καὶ
2595 2446 2873 2518 βαρεῖσθαι
2925 2447 3086 2502 αὑτοῦ
3122 2451 3221 2514 τάς
3265 2453 3560 2524 πτέρυγας,
3591 2456 3682 2508 καὶ
3716 2458 3794 2520 εἰς

2233 2539 2415 2610 πηγὴν
2475 2539 2836 2620 ἀφικνεῖσθαι,
2887 2543 2983 2594 καὶ
3015 2543 3092 2604 εἰς
3120 2543 3210 2596 τὸν
3251 2543 3443 2614 αἰθέρα
3505 2548 3796 2620 ἀνιπτάμε-

2233 2606 2341 2697 νον,
2372 2606 2476 2684 ὑπὸ
2507 2606 2598 2684 τοῦ
2623 2633 2771 2702 ἡλίου
2797 2606 2894 2697 τὰς
2920 2635 3194 2705 πτέρυγας
3225 2606 3674 2706 καταφλέγεσθαι,
3707 2606 3794 2695 καὶ

2232 2725 2584 2790 ἀναϐλέπειν,
2638 2722 2733 2778 εἶτ’
2790 2727 2950 2790 εὐθὺς
2990 2729 3082 2780 ἐπὶ
3121 2728 3219 2800 τὴν
3265 2731 3445 2802 πηγὴν
3489 2735 3797 2792 καταϐάντα

2229 2816 2410 2886 τρίτον
2465 2815 2839 2886 βαπτίζεσθαι,
2889 2820 2980 2871 καὶ
3023 2819 3409 2873 ἁνανεοῦσθαισ
3460 2822 3538 2876 διὸ
3577 2826 3670 2878 καὶ
3709 2827 3796 2880 τὸν

2230 2905 2440 2976 ψαλμὸν
2458 2908 2684 2976 φάσκειν
2708 2909 2887 2977 φασίν·
2923 2910 3507 2979 Ἀνακαινισθήσεται
3528 2917 3606 2983 ὡς
3624 2917 3794 2972 ἀετοῦ

2232 2999 2270 3066 ἡ
2304 2999 2516 3066 νεότης
2554 3016 2691 3053 σου.

2323 3091 2379 3144 ὐ
2409 3091 2464 3144 δέ
2494 3092 2603 3161 γὺψ
2646 3093 2939 3164 ὑπηνέμιον
2973 3095 3070 3166 τὴν
3102 3095 3262 3167 γονὴν
3301 3098 3576 3171 κέκτηται,
3614 3103 3705 3156 καὶ
3738 3105 3796 3157 οὑ

2230 3183 2484 3252 γινώσκει
2503 3187 2786 3239 συνουσίαν
2815 3187 3060 3258 ἄρρενος,
3082 3189 3172 3241 καὶ
3202 3191 3391 3244 ἑκατὸν
3419 3192 3484 3244 τά
3518 3193 3611 3262 ἔτη
3663 3194 3792 3263 βιοῖ.

2229 3277 2516 3340 Λὺλίζεται
2576 3277 2632 3330 δὲ
2686 3279 2778 3330 ἐπὶ
2810 3278 2915 3330 τῶν
2949 3279 3186 3350 ὑψηλῶν,
3238 3284 3324 3335 καὶ
3353 3283 3658 3355 μετεώρων,
3696 3289 3790 3340 καὶ

2229 3369 2403 3432 οὐδεὶς
2449 3365 2555 3422 οἶδε
2617 3370 2722 3422 ποῦ
2771 3374 2914 3423 ποιεῖ
2953 3372 3049 3443 τὴν
3083 3374 3408 3444 κατοίκησιν.
3451 3376 3558 3428 Καὶ
3591 3377 3784 3446 ἔγγυος

2227 3461 2513 3531 γενόμενος
2544 3462 2834 3532 πορεύεται
2861 3465 2940 3526 εἰς
2972 3464 3068 3535 τὴν
3103 3464 3345 3535 Ἰνδικὴν,
3381 3466 3472 3520 καὶ
3498 3466 3784 3522 λαϐὼντὺν

2229 3553 2468 3605 εὑτόκιον
2503 3552 2646 3606 λίθον
2670 3553 2808 3607 οὑτω
2841 3554 3191 3625 καλούμενον,
3229 3558 3408 3609 ἐπάνω
3452 3557 3612 3610 αὑτοῦ
3639 3559 3794 3611 καθέ-

2229 3641 2375 3706 ζεται
2411 3642 2764 3714 συνεχόμενος
2807 3643 2979 3706 ὠδῖσι,
3023 3646 3115 3698 καὶ
3153 3646 3452 3700 ἀποτίκτει.
3498 3648 3653 3700 Ἔστι
3691 3648 3798 3702 δὲὸ

2227 3733 2373 3796 λίθος
2425 3733 2725 3805 περιφερὴς
2787 3734 2862 3798 ὼς
2917 3736 3139 3806 κάρυον,
3187 3739 3281 3791 καὶ
3327 3737 3640 3809 κινούμενος
3668 3736 3797 3810 ἦχον

2227 3825 2497 3895 ἐκπέμπει
2547 3825 2620 3888 ὼς
2659 3825 2865 3891 κώδων,
2913 3827 3120 3882 ἔνδοθεν
3148 3829 3332 3901 ἐτέρου
3377 3830 3524 3884 λίθου
3548 3832 3797 3904 κινουμένο

2226 3934 2340 3970 νου.
2373 3919 2510 3972 Φασὶ
2547 3920 2604 3973 δὲ
2652 3921 2742 3973 τὸν
2787 3921 2937 3990 γῦπα
2977 3921 3043 3976 τὰ
3088 3922 3270 3992 ῥόδινα
3323 3924 3472 3994 μύρα
3511 3925 3793 3996 χρισθέντα

2226 4009 2590 4082 ἀποθνήσκειν
2610 4028 2622 4041 ·
2651 4015 2938 4084 σπέρματα
2971 4013 3026 4066 δὲ
3061 4014 3135 4085 μὴ
3164 4014 3420 4083 βλάπτειν
3442 4016 3624 4080 αὑτὸν,
3662 4016 3791 4087 μηδέ

2223 4118 2276 4154 τι
2306 4101 2542 4174 ἔμψυχον
2572 4103 3029 4175 διαλυμαίνεσθαι,
3061 4107 3155 4159 καὶ
3189 4106 3321 4178 μηδὲ
3349 4107 3533 4179 νεκρῷ
3563 4109 3790 4180 προσέρο

2226 4194 2413 4265 χεσθαι
2441 4197 2668 4266 πετεινῷ
2683 4197 2769 4250 διὰ
2786 4199 2882 4268 τὴν
2915 4199 3250 4266 συγγένειαν.
3293 4199 3482 4252 Ἦνίκα
3507 4199 3584 4265 δὲ,
3611 4201 3788 4268 φασὶν,

2225 4285 2416 4356 ἄνδρες
2445 4288 2524 4350 εἰς
2553 4287 2786 4357 πόλεμον
2827 4291 3283 4358 παρατάσσονται,
3315 4291 3668 4344 ἐπακολουθεῖ
3697 4293 3789 4344 αὑ-

2223 4381 2356 4442 τοῖς,
2387 4379 2480 4432 καὶ
2508 4379 2606 4432 οὑκ
2636 4380 2948 4449 ἀφίσταται,
2983 4383 3314 4455 σαρκοϐόρος
3339 4382 3430 4436 ῶν.

623 4491 863 4548 (Ζίεοηίοε
899 4505 1173 4546 consensu
1221 4505 1329 4544 uno
1358 4501 1410 4545 et
1441 4490 1670 4544 veniunt
1702 4499 1755 4544 et
1787 4490 2116 4557 discedunt;

2296 4473 2359 4524 Οἱ
2380 4471 2437 4524 δὲ
2465 4472 2726 4544 πελαργοί
2758 4474 2850 4526 καὶ
2883 4474 2962 4526 ἐνὶ
2991 4474 3313 4546 ἐπιδημοῦσι
3342 4473 3667 4545 συνθήματι,
3699 4478 3790 4528 καὶ

553 4587 650 4642 has
683 4585 1120 4641 concomitantur
1154 4583 1485 4647 coturnices,
1532 4593 1605 4647 et,
1638 4589 1699 4636 ut
1728 4598 1824 4652 par
1856 4592 1960 4647 est,
1994 4597 2118 4636 cum

551 4681 662 4738 illis
703 4679 896 4733 avibus
951 4677 1180 4732 infensis
1229 4676 1392 4730 simul
1447 4675 1586 4729 bella
1639 4683 1865 4744 gerunt;
1921 4674 2122 4732 saucia:

549 4770 750 4826 ctenim
776 4775 1145 4823 revertuntur.
1173 4768 1412 4822 Ciconiaa
1436 4765 1488 4819 in
1515 4773 1731 4821 senecta
1755 4781 1945 4835 penum
1973 4765 2122 4819 exci-

549 4866 708 4930 dunt,
738 4869 793 4917 et
837 4862 929 4915 filii
979 4862 1207 4918 suismet
1251 4861 1353 4916 alis
1394 4860 1792 4915 circumdatam
1827 4858 2032 4922 fovent,
2067 4865 2122 4913 et

549 4957 735 5012 cibum
795 4956 1012 5009 abunde
1065 4954 1318 5024 lauteque
1367 4954 1824 5018 subministrant;
1881 4952 1932 5005 in
1998 4951 2118 5021 ipso

545 5051 676 5106 item
703 5047 888 5103 volatu
924 5047 1126 5103 sensim
1169 5048 1428 5120 utrinque
1453 5064 1573 5104 eam
1604 5048 1956 5104 sublevantes
1988 5046 2115 5112 alis,

543 5139 854 5200 subsidium
889 5139 967 5193 illi
998 5146 1278 5208 praestant.

619 5407 794 5465 Grues
823 5407 985 5462 simul
1019 5421 1212 5461 omnes
1244 5421 1397 5476 aequa
1436 5406 1644 5462 ratione
1675 5407 1895 5472 volant;
1945 5407 2115 5476 agmi-

550 5501 636 5556 nis
665 5503 774 5556 dux
809 5507 864 5556 et
892 5499 1182 5571 praefectus
1212 5515 1318 5553 una
1352 5514 1540 5553 earum
1573 5507 1676 5565 est,
1705 5515 1826 5570 quae
1857 5499 1946 5554 ubi
1980 5514 2117 5568 pra:-

551 5593 756 5660 seripto
780 5601 1019 5663 tempore
1037 5591 1214 5657 duxit,
1239 5592 1292 5648 in
1323 5597 1624 5647 extremum
1649 5592 1878 5664 agminis
1903 5591 2112 5654 abiens,

630 5763 671 5794 ⁸³
693 5760 843 5817 l’aal.
865 5781 958 5836 cn,
985 5767 1037 5821 5.

2223 4565 2301 4618 ἐνὶ
2333 4563 2645 4634 ἀπαίρουσι.
2693 4564 3082 4635 Προπέμπουσί
3120 4582 3178 4618 τε
3211 4566 3404 4629 αὑτοὺς
3441 4568 3496 4618 αἱ
3535 4567 3786 4637 κορῶναι,

2223 4657 2336 4720 καὶ,
2369 4656 2444 4718 ὡς
2477 4655 2639 4719 εἰκὸς,
2679 4656 3049 4727 συμμαχοῦσιν
3079 4657 3260 4721 αὑτοῖς
3293 4659 3427 4728 πρός
3454 4676 3606 4722 τινας
3632 4659 3788 4711 πολε⁸

2225 4751 2377 4823 μίους
2427 4749 2672 4820 ὄρνιθας’
2723 4752 3250 4822 τετραυματισμέναι
3301 4753 3408 4825 γάρ
3463 4753 3787 4825 ἐπανέρχον-

2219 4861 2330 4896 ται.
2380 4843 2503 4896 Ἐἀν
2549 4841 2605 4895 δὲ
2647 4843 2863 4915 γηράσῃ
2905 4845 2933 4895 ὁ
2975 4843 3268 4914 πελαργὸς,
3310 4849 3650 4918 πτερορρυεῖ,
3696 4848 3788 4898 καὶ

2218 4939 2287 4993 τά
2339 4936 2503 4990 τέκνα
2537 4935 2699 4988 αὑτοῦ
2764 4936 3096 5005 περιστάντα
3139 4939 3250 4999 τοῖς
3299 4937 3518 5000 οἰκείοις
3572 4942 3790 5011 πτεροῖς

2220 5028 2630 5101 περιθάλπουσι,
2667 5029 2759 5082 καὶ
2788 5029 2887 5091 τὰς
2911 5028 3118 5099 τροφάς
3146 5028 3394 5098 ἀφθόνως
3421 5031 3784 5100 παρέχουσιν·

2219 5125 2274 5176 ἐν
2307 5124 2364 5177 δὲ
2392 5126 2459 5194 τῇ
2510 5124 2702 5194 πτήσει
2755 5121 3103 5175 ὑποκάτωθεν
3136 5123 3298 5176 αὑτὸν
3331 5123 3784 5188 ὑποϐαστάζουσι,

2217 5215 2447 5278 καὶτοῖς
2483 5215 2632 5278 ἰδίοις
2678 5217 2894 5286 πτεροῖς
2931 5213 3112 5286 ἡρέμα
3143 5215 3302 5270 αὑτὸν
3336 5216 3786 5286 ὑποκουφίζουσιν

2218 5308 2574 5380 ἑκατέρωθεν.

2287 5401 2352 5451 Ai
2380 5398 2435 5451 δὲ
2467 5399 2682 5470 γέρανοι
2725 5397 2860 5469 ὁμοῦ
2905 5399 3074 5452 πᾶσαι
3107 5402 3165 5466 ἐξ
3208 5399 3322 5453 ῐσου
3359 5401 3634 5463 ῖπτανται,
3687 5399 3785 5470 μία

2217 5492 2272 5545 δέ
2295 5494 2609 5562 προηγεῖται
2640 5490 2836 5554 αὑτῶν,
2883 5491 2978 5545 καὶ
3022 5493 3218 5546 τακτόν
3257 5510 3378 5547 τινα
3403 5495 3594 5566 χρόνον
3619 5511 3786 5567 προη-

2217 5582 2499 5654 γησαμένη
2531 5583 2608 5644 είς
2656 5583 2713 5635 τὸ
2745 5582 2970 5636 κατόπιν
3005 5583 3360 5656 περιελθοῦσα
3384 5588 3450 5657 τῇ
3473 5587 3591 5659 μετ’
3617 5585 3784 5657 αὑτὴν
