4090 6288
390 399 493 462 733

1315 398 1582 460 SPURIA.
1607 436 1669 448 -—
1702 401 2054 463 COMMENT.
2093 407 2159 463 ΙΝ
2199 404 2688 466 liEXAEMERON.

3512 407 3615 470 ⁵134

387 523 486 594 τὴν
512 518 805 593 ἡγεμονίαν
828 512 928 591 τῆς
949 518 1070 576 ὁδοῦ
1102 520 1481 593 παραδίδωσιν.
1524 521 1611 574 Ἐν
1642 522 1699 577 δὲ
1729 522 1805 594 τῷ
1831 523 1939 577 καθ

2065 527 2253 597 prima:
2294 533 2419 598 post
2456 543 2515 584 se
2539 527 2843 583 ducendum
2889 542 3082 597 agmen
3118 526 3423 583 committit.
3474 527 3613 584 Dum

388 616 562 671 εύδειν
600 614 635 686 ἡ
671 614 769 685 μία
798 612 925 677 ὅλας
973 612 1317 684 περιέρχεται
1367 613 1775 687 άσφαλιζομένη
1798 634 1811 647 ·
1861 617 1955 671 καὶ

387 710 604 768 ἱπειδάν
634 709 694 763 τὸ
725 710 920 781 μέτρον
960 708 1021 762 τὸ
1051 708 1250 780 ἀρκοῦν
1273 709 1364 762 τοῦ
1412 708 1776 781 διαστήματος
1815 709 1955 783 πλη-

391 801 610 874 ρώσασα
646 799 836 872 βοήσῃ,
861 799 993 871 πρὸς
1010 797 1174 853 ὕπνον
1202 799 1482 871 τρέπεται,
1506 799 1600 852 καὶ
1625 798 1758 871 άλλη
1792 799 1954 856 πάλιν

384 892 688 962 διαδέχεται
712 892 811 963 τὴν
838 889 1091 961 τοιαύτην
1123 890 1446 961 ὑπηρεσίαν.

454 984 527 1038 Τὸ
569 984 626 1037 δὲ
684 982 791 1036 τῶν
840 982 1018 1054 χηνῶν
1049 982 1201 1050 γένος
1233 981 1466 1053 ὑπάρχει
1511 981 1807 1054 ἄγρυπνον,
1852 981 1948 1036 καὶ

380 1069 638 1143 ὀξυήκοον
670 1068 878 1140 ταχέως
906 1069 1010 1121 τῶν
1027 1068 1352 1140 προσιόντων
1384 1069 1587 1134 ἁπλῶς,
1621 1069 1653 1141 ἢ
1686 1069 1795 1123 τῶν
1834 1074 1952 1125 ἐπι-

381 1163 584 1217 δούλων
596 1161 693 1233 τὴν
710 1162 896 1231 ἔφοδον
915 1155 1293 1233 αἰσθανομένη.
1324 1161 1511 1227 Οὕτως
1531 1159 1660 1230 γοῦν
1676 1161 1947 1232 πολεμίων

376 1255 539 1310 τινῶν
561 1256 628 1309 δι’
665 1255 945 1325 ὑπονόμων
975 1252 1301 1316 ὑποδύντων,
1354 1251 1447 1305 καὶ
1503 1253 1803 1324 μελλόντων
1835 1271 1949 1324 χει-

380 1346 605 1419 ροῦσθαι
650 1344 864 1416 Ῥώμην
893 1343 991 1415 τὴν
1047 1342 1426 1415 μεγαλόπολιν,
1460 1338 1603 1398 οὗτοι
1649 1347 1714 1416 τῇ
1743 1347 1943 1417 φυσικῇ

375 1436 595 1508 ὀξύτητι
657 1437 754 1507 τῆς
809 1435 1109 1504 αἰσθήσεως
1167 1433 1589 1507 περιεσώσαντο,
1649 1438 1715 1507 τῇ
1772 1434 1945 1507 ἀθρόᾳ

377 1530 527 1599 φωνῇ
554 1527 878 1599 παραδόντες
898 1528 1024 1590 τοὺς
1055 1525 1373 1590 ἐπιϐούλους
1402 1530 1514 1591 τοῖς
1544 1526 1796 1597 φύλαξιν.

458 1618 694 1672 Ἀλκυών
720 1621 833 1672 ἐστι
862 1617 1143 1672 θαλάττιον
1164 1617 1368 1690 ὄρνεον,
1392 1617 1483 1671 καὶ
1513 1616 1661 1688 παρὰ
1694 1617 1819 1681 τοὺς
1843 1616 1944 1687 τῆς

377 1710 645 1783 θαλάττης
672 1709 911 1764 νοσσεύει
947 1709 1246 1778 αίγιαλοὺς,
1267 1708 1359 1761 τοῦ
1386 1708 1648 1780 χειμῶνος
1680 1709 1942 1779 μεσάζον-

372 1821 486 1868 τος.
513 1803 677 1857 Ὅταν
695 1799 786 1857 οῦν
810 1802 1139 1875 ὲπωάξηται,
1161 1803 1211 1856 oi
1239 1803 1335 1874 μὲν
1361 1802 1548 1873 ἄνεμοι
1582 1798 1938 1872 κοιμίζονται,

2055 618 2353 685 dormiunt,
2392 635 2502 674 una
2552 635 2743 675 omnes
2794 618 3135 674 defendendo
3182 619 3467 687 circumit;
3520 621 3612 676 ubi

2056 727 2367 767 mensuram
2426 712 2586 782 spatii
2630 712 2812 767 datam
2853 712 3171 781 expleverit,
3223 712 3509 776 acclamat,
3557 720 3614 768 et

2053 792 2302 855 somnum
2330 801 2494 872 capit,
2538 809 2593 857 et
2627 802 2732 857 alia
2772 816 2967 857 rursus
2992 802 3359 858 intermissam
3390 804 3616 872 provin-

2050 891 2191 945 ciam
2226 891 2590 947 administrat.

2120 974 2216 1030 Est
2238 985 2292 1030 et
2315 979 2494 1033 anseri
2517 978 2643 1049 vigil
2672 994 2824 1043 cura,
2859 986 2913 1035 et
2937 980 3090 1034 velox
3115 980 3367 1036 audiendi
3391 996 3609 1050 sensus,

2048 1066 2125 1121 ita
2157 1075 2215 1120 ut
2243 1068 2325 1122 vel
2354 1071 2529 1122 solum
2562 1071 2844 1138 adeuntes,
2891 1072 3041 1141 ipsos
3067 1072 3229 1125 etiam
3268 1072 3616 1133 insidiatores

2049 1157 2341 1224 irruentes,
2369 1159 2811 1229 deprehendant;
2847 1162 2952 1214 hac
2996 1162 3161 1232 igitur
3190 1162 3405 1218 ratione
3446 1163 3617 1220 hosti-

2047 1249 2150 1305 bus
2184 1266 2281 1320 per
2328 1253 2612 1307 cuniculos
2663 1252 2949 1322 ingressis,
2995 1263 3049 1308 et
3081 1253 3307 1309 Romam
3359 1270 3608 1327 magnam

2045 1342 2233 1395 urbem
2259 1352 2471 1398 vastare
2498 1345 2852 1407 tentantibus,
2892 1345 2947 1398 hi
2996 1360 3190 1402 sensus
3218 1349 3453 1401 naturali
3494 1349 3614 1404 acie

2044 1431 2368 1487 incolumem
2422 1442 2727 1500 servarunt,
2774 1437 3053 1506 repentina
3089 1451 3225 1493 voce
3262 1439 3613 1496 insidiatores

2044 1525 2365 1581 custodibus
2397 1527 2708 1596 prodentes.

2112 1616 2339 1688 Alcyon,
2384 1617 2593 1672 marina
2622 1618 2759 1682 avis,
2809 1620 2986 1674 media
3037 1621 3211 1676 hieme
3253 1623 3398 1677 circa
3442 1625 3612 1682 maris

2042 1722 2193 1762 oram
2226 1707 2477 1776 fetilicat;
2505 1725 2628 1763 cum
2659 1710 2845 1779 itaque
2871 1726 2972 1766 ova
3002 1712 3242 1778 incubat,
3276 1715 3423 1768 venti
3461 1730 3613 1770 com-

2041 1800 2370 1870 primuntur,
2404 1815 2552 1854 mare
2600 1800 2718 1855 sine
2748 1801 2855 1855 ulla
2904 1804 3314 1871 perturbatione
3362 1822 3458 1876 per
3490 1807 3610 1863 dies

374 1900 408 1968 ἡ
427 1897 482 1951 δὲ
501 1897 735 1952 θάλαττα
762 1898 1000 1968 γαλήνην
1048 1895 1160 1971 ἔχει
1212 1895 1499 1967 σταθερὰν,
1534 1895 1693 1967 ἄχρις
1715 1893 1939 1966 ἡμερῶν

2044 1899 2250 1961 septem
2286 1892 2689 1962 tranquillatur,
2718 1909 2841 1947 cum
2871 1903 3029 1949 antea
3055 1875 3405 1953 validissimis
3435 1900 3610 1955 ventis

371 1987 531 2052 ἑπτὰ,
559 1989 620 2042 τὸ
647 1989 774 2056 πρὶν
803 1988 1017 2059 ἀνέμων
1051 1987 1291 2059 σφοδρῶν
1319 1986 1691 2058 ταραττόντων
1724 1986 1822 2057 τὴν
1851 1984 1946 2038 θά-

369 2079 585 2134 λατταν.
634 2081 879 2134 Ἐπειδὰν
910 2075 1002 2134 οὖν
1048 2079 1353 2152 περιγλύψῃ
1387 2078 1512 2141 τοὺς
1552 2076 1799 2140 νεοττοὺς
1842 2075 1945 2129 πά-

369 2168 451 2224 λιν
471 2171 635 2235 άλλας
680 2170 815 2225 ἑπτά
863 2171 1093 2243 ἡμέρας,
1117 2173 1145 2223 ὁ
1171 2170 1301 2233 Θεὸς
1336 2168 1595 2241 νηνεμίαν
1626 2168 1940 2240 παρέχεται,

366 2262 474 2330 ἕως
497 2264 742 2338 ἐκθρέψῃ
764 2264 890 2327 τοὺς
911 2264 1182 2328 νεοττούς.

436 2358 661 2430 Δολερὸν
692 2362 721 2412 ὁ
754 2358 958 2429 πέρδιξ,
988 2358 1080 2410 καὶ
1111 2355 1439 2429 ζηλότυπον,
1470 2354 1565 2408 καὶ
1612 2352 1938 2426 κακοῦργον,

371 2449 738 2518 συμπράττων
769 2452 880 2513 τοῖς
923 2449 1210 2520 θηρευταῖς
1239 2446 1374 2518 πρὸς
1398 2445 1495 2518 τὴν
1526 2445 1720 2517 ἄγραν.
1766 2444 1941 2498 ’Λλλό-

371 2556 497 2612 τρια
542 2539 599 2593 δὲ
634 2539 879 2594 κλέπτων
928 2540 1010 2593 ὠά
1044 2540 1377 2602 νοσσοποιεῖ,
1423 2539 1514 2591 καί
1544 2537 1866 2608 αὐξηθέντες
1890 2538 1939 2591 οἱ

372 2631 593 2695 νεοττοὶ,
628 2630 858 2692 ἕκαστος
887 2629 1025 2684 κατὰ
1058 2630 1210 2700 γένος
1250 2630 1385 2701 πρὸς
1414 2628 1538 2692 τοὺς
1563 2628 1793 2692 οἰκείους
1825 2626 1939 2682 ἀνί-

368 2740 586 2788 πταται,
614 2723 706 2776 καὶ
731 2722 933 2795 ἔρημον
963 2723 1123 2775 αὑτὸν
1165 2721 1686 2794 καταλιμπάνουσιν.

436 2814 646 2885 Λάγνον
678 2814 990 2885 περιστερά.
1031 2814 1186 2867 Ἔστι
1217 2813 1273 2867 δὲ
1310 2814 1523 2885 δένδρον
1553 2814 1611 2866 ὲν
1643 2815 1707 2883 τῇ
1743 2812 1934 2883 Ἰνδικῇ

367 2906 697 2978 καλούμενον
736 2904 1054 2980 περιδέξιον,
1097 2905 1313 2973 γλυκεῖς
1344 2904 1505 2976 φέρον
1546 2905 1810 2975 καρποὺς,
1844 2904 1936 2957 καὶ

364 2998 538 3069 τούτῳ
574 2999 630 3052 αἱ
677 2999 991 3069 περιστεραὶ
1018 2996 1330 3070 τέρπονται,
1366 2996 1458 3049 καὶ
1505 2995 1935 3067 καταεκηνοῦσιν

367 3089 453 3143 ἐπ’
484 3087 667 3143 αὐτοῦ.
690 3089 845 3142 Ἔστι
864 3089 919 3142 δὲ
951 3091 978 3142 ὁ
998 3088 1210 3159 δράκων
1234 3089 1425 3159 ὲχθρος
1454 3086 1554 3156 τῆς
1584 3087 1929 3157 περιστερᾶς,

363 3181 458 3233 καὶ
484 3178 737 3244 δεδοικὼς
760 3180 820 3232 τὸ
843 3179 1055 3250 δένδρον
1085 3179 1185 3233 οὐκ
1209 3179 1497 3250 ἐπέρχεται
1517 3194 1530 3207 '
1566 3180 1645 3241 εἰς
1682 3172 1790 3231 οἷον
1823 3176 1932 3272 γάρ
1959 3215 2001 3272 C

366 3269 531 3341 μέρος
575 3268 670 3322 τοῦ
696 3269 914 3342 δένδρου
948 3271 981 3341 ἡ
1014 3268 1140 3323 σκιά
1173 3268 1418 3341 γένηται,
1446 3270 1474 3321 ὁ
1505 3268 1719 3341 δράκων
1745 3267 1933 3337 φεύγει

362 3360 711 3432 φοϐούμενος.
745 3364 810 3415 At
845 3360 902 3415 δὲ
951 3362 1273 3433 περιστεραὶ⁵
1328 3364 1407 3425 εἰς
1433 3361 1492 3414 τὸ
1538 3360 1717 3424 κλίτος
1759 3362 1936 3413 ἐκεῖνο

358 3454 457 3525 τῆς
480 3455 637 3518 σκιᾶς
661 3454 1039 3525 μεθίστανται’
1073 3453 1167 3506 ἐὰν
1183 3452 1290 3525 γὰρ
1312 3451 1620 3524 χωρισθῶσι
1645 3452 1744 3522 τῆς
1778 3451 1935 3514 σκιᾶς

358 3542 704 3615 ἀναιροῦνται
731 3542 834 3595 ὑπὸ
861 3542 955 3595 τοῦ
984 3542 1291 3615 δράκοντος.
1318 3544 1418 3597 Οἴα
1451 3543 1507 3596 δέ
1533 3544 1680 3596 ἐστιν
1710 3546 1742 3614 ἡ
1777 3541 1936 3612 φύσις

357 3636 458 3706 τῆς
486 3637 811 3707 περιστερᾶς
859 3635 1131 3705 θαυμάσαι
1158 3636 1334 3700 ἄξιον·
1366 3637 1455 3690 τὸν
1483 3635 1590 3709 γὰρ
1623 3636 1842 3706 αὐχένα,
1878 3636 1935 3688 ὲν

356 3725 607 3797 ἡλιακαῖς
653 3724 1127 3796 καταλαμφθέντα,
1173 3728 1390 3798 μυρίαις
1418 3726 1723 3799 χρωμάτων
1771 3726 1936 3789 ἰδέαις

358 3814 764 3886 ποικιλλόμενον
818 3814 1077 3878 δείκνυσι,
1129 3817 1372 3887 φοινικῷ,
1415 3816 1628 3889 κυανῷ,
1664 3815 1931 3889 πυρωπῷ,

354 3905 742 3979 άνθρακοειδεϊ,
762 3905 927 3977 ὠχρῷ
961 3922 1021 3959 τε
1051 3907 1143 3960 καὶ
1176 3906 1411 3978 ἐρυθρῷ,
1442 3908 1535 3962 καὶ
1586 3907 1764 3972 ἄλλοις
1797 3925 1935 3961 παν-

353 4000 606 4063 τοδαποῖς
636 3996 910 4071 χρώμασι.

424 4090 740 4145 Φιλὸτεκνον
784 4091 817 4160 ἡ
857 4088 1068 4162 κορώνη
1113 4089 1206 4145 καὶ
1253 4089 1579 4165 μόνανδρον·
1621 4091 1934 4165 ὲκθρέψασα

354 4184 467 4257 γὰρ
499 4186 624 4248 τοὺς
638 4182 1193 4256 νεοττοὺς,κηδομένη
1225 4182 1401 4237 αὐτῶν
1426 4185 1487 4238 οὐ
1520 4183 1752 4239 παύεται
1810 4186 1934 4258 τρέ-

355 4292 529 4345 φουσα
556 4276 768 4341 αὐτοὺς,
800 4275 894 4329 καὶ
925 4274 1013 4327 ἀεὶ
1046 4275 1413 4346 συνιπταμένη
1444 4278 1646 4340 αὐτοῖς.

435 4366 493 4421 '0
546 4366 602 4422 δὲ
652 4365 978 4438 νυκτικόραξ
1031 4366 1181 4437 φίλον
1227 4367 1345 4420 ἐστὶ
1378 4368 1478 4439 τῆς
1518 4369 1710 4433 νυκτὸς
1751 4369 1784 4441 ἢ
1834 4369 1933 4440 τῆς

353 4457 583 4530 ἡμέραςο

2048 1997 2378 2037 concussum
2427 1984 2829 2039 intumesceret.
2873 1981 3169 2057 Postquam
3211 1989 3399 2043 eduxit
3431 1991 3609 2060 pullos

2045 2086 2141 2142 per
2173 2073 2311 2128 alios
2347 2085 2550 2145 septem
2583 2076 2722 2142 dies,
2761 2076 2853 2133 Dei
2896 2094 3143 2144 munere,
3194 2082 3344 2135 nulla
3392 2098 3459 2137 ne
3502 2084 3608 2137 mi-

2044 2164 2191 2218 nima
2220 2165 2437 2235 quidem
2466 2181 2598 2221 aura
2640 2167 2837 2227 ﬂuctus
2879 2181 3184 2227 commovet
3212 2173 3453 2242 quandiu
3482 2174 3599 2245 pul-

2045 2256 2127 2312 los
2162 2258 2277 2313 alit.

2112 2346 2315 2404 Perdix
2344 2350 2489 2416 dolo,
2525 2351 2903 2409 obtrectationi
2929 2364 2984 2411 et
3012 2356 3230 2412 malitia:
3262 2357 3452 2425 servit,
3476 2373 3602 2413 cum

2041 2438 2177 2510 ipsis
2199 2442 2521 2497 venantibus
2554 2445 2756 2499 auxilio
2794 2446 2899 2512 sit;
2928 2447 3104 2501 aliena
3133 2461 3234 2501 Ova
3260 2449 3399 2501 clam
3423 2456 3610 2517 erepta

2040 2532 2251 2600 educit;
2298 2533 2390 2588 ubi
2420 2549 2548 2589 vero
2578 2536 2709 2605 pulli
2749 2535 3102 2601 adoleverint,
3138 2538 3206 2592 ad
3239 2553 3367 2593 suos
3410 2553 3603 2594 secun-

2038 2622 2166 2677 dum
2214 2639 2384 2693 genus
2427 2635 2679 2694 parentes
2726 2626 3000 2693 advolant,
3034 2644 3262 2699 eamque
3309 2628 3508 2684 nudam
3549 2635 3606 2685 et

2037 2727 2265 2767 vacuam
2299 2714 2626 2772 destituunt.

2108 2802 2437 2861 Libidinosa:
2480 2807 2766 2863 columbae.
2827 2808 3005 2865 Arbor
3046 2819 3131 2866 est
3166 2811 3223 2866 in
3276 2810 3460 2867 indica
3512 2827 3604 2869 rc-

2035 2896 2214 2967 gione,
2256 2912 2418 2967 quam
2447 2906 2642 2952 vocant
2668 2900 3004 2969 peridexion,
3037 2900 3230 2958 dulces
3265 2901 3453 2959 ferens
3487 2902 3606 2958 fru-

2035 2996 2190 3055 ctus;
2218 2988 2319 3043 hac
2349 2990 2613 3045 columbae
2670 2991 2906 3062 gaudent
2939 3002 2991 3046 et
3035 2993 3093 3047 in
3140 3008 3205 3048 ea
3254 3009 3600 3050 commoran-

2034 3088 2141 3134 tur.
2175 3079 2442 3137 Caeterum
2473 3083 2661 3146 draco,
2694 3084 2959 3138 columbis
3001 3084 3270 3148 infensus,
3324 3096 3470 3140 metu
3512 3084 3609 3141 de-

2035 3174 2204 3228 clinat
2233 3176 2523 3241 arborem;
2559 3192 2774 3246 semper
2802 3178 2948 3232 enim
2981 3176 3176 3232 timore
3209 3178 3279 3232 ab
3316 3193 3382 3233 ea
3430 3188 3606 3249 parte.

2037 3265 2204 3320 draco
2228 3268 2536 3335 expellitur,
2561 3281 2723 3337 quam
2759 3269 2921 3323 arbor
2959 3269 3161 3337 patulis
3210 3268 3407 3324 diﬂ'usa
3440 3268 3607 3323 ramis

2037 3365 2252 3428 Opacat.
2299 3355 2405 3412 Sed
2448 3359 2712 3413 columbae
2744 3375 2861 3414 eam
2896 3360 3102 3414 umbrae
3138 3368 3344 3429 partem
3388 3369 3605 3416 sectan-

2039 3454 2159 3501 tur:
2200 3448 2246 3501 si
2275 3450 2419 3502 enim
2467 3449 2535 3503 ab
2573 3464 2636 3502 ea
2680 3459 3022 3519 separentur,
3073 3466 3104 3505 a
3139 3451 3377 3505 dracone
3408 3451 3605 3506 interi~

2037 3546 2282 3593 muntur.
2316 3538 2485 3611 Digna
2513 3555 2646 3595 sane
2672 3550 2756 3595 est
2785 3556 2892 3611 qua
2917 3556 3358 3596 commoveamur
3385 3542 3599 3597 colum-

2037 3631 2120 3686 liae
2157 3632 2612 3699 natura;collum
2644 3634 2775 3688 solis
2818 3634 2991 3689 radiis
3028 3635 3358 3689 illustratum
3393 3635 3604 3693 crebris

2035 3725 2305 3788 colorum,
2344 3724 2623 3794 purpurei,
2665 3725 2877 3797 cyanei,
2924 3724 3086 3794 ignei,
3135 3726 3300 3779 veluti
3346 3727 3601 3783 carbonis

2034 3818 2329 3882 rutilantis,
2359 3819 2510 3882 lutei,
2542 3818 2716 3884 rubei,
2748 3824 2803 3872 et
2828 3818 3161 3887 reliquorum
3191 3821 3434 3872 omnium
3478 3836 3600 3873 mu-

2034 3910 2336 3965 tationibus
2361 3925 2427 3964 ac
2456 3911 2739 3979 speciebus
2771 3908 3058 3980 ﬁguratum
3091 3909 3446 3980 spectandum
3474 3925 3601 3980 pro-

2033 4002 2208 4073 ponit.
3463 4061 3469 4068 ,

2104 4091 2306 4145 Cornix
2340 4091 2542 4146 liberos
2584 4089 2980 4147 humanissime
3026 4097 3193 4155 amat,
3240 4098 3293 4147 et
3324 4106 3432 4145 uno
3479 4091 3601 4145 viro

2034 4191 2291 4239 contenta
2322 4195 2443 4251 est;
2484 4184 2662 4255 pullos
2703 4183 2848 4237 enim
2869 4182 2982 4252 jam
3026 4184 3296 4237 enutritus
3338 4190 3602 4253 perpetuo

2033 4275 2227 4345 pascit,
2264 4289 2451 4329 eorum
2483 4289 2671 4329 curam
2696 4288 2891 4343 gerens
2923 4281 2976 4329 et
3007 4289 3114 4327 una
3146 4274 3360 4328 volans.

2101 4363 2428 4436 Nycticorax
2468 4364 2639 4433 magis
2670 4365 2846 4420 noctis
2886 4378 3052 4436 quam
3091 4364 3200 4420 diei
3247 4363 3459 4419 amicus
3490 4374 3596 4421 est.

421 4551 773 4623 Φιλόστοργος
812 4552 841 4604 ὁ
882 4549 1051 4620 ἔποψ·
1083 4548 1428 4621 γηράσαντας
1462 4549 1571 4622 γάρ
1602 4551 1727 4615 τοὺς
1754 4553 1930 4619 γονεῖς

2104 4537 2295 4609 Upupa
2328 4538 2445 4595 avis
2478 4537 2871 4595 humanissima
2897 4546 3018 4607 est;
3055 4547 3307 4610 parentes
3342 4540 3489 4596 enim
3515 4555 3599 4598 sc-

354 4642 667 4714 πτερυγίζει
719 4642 817 4711 μὲν
863 4640 1095 4712 πρῶτον,
1124 4636 1244 4695 εἶτα
1276 4644 1341 4713 τῇ
1381 4641 1595 4715 γλώττῃ
1623 4641 1924 4712 καταψύχει

349 4733 533 4791 αὐτῶν
563 4735 691 4797 τοὺς
725 4732 1053 4805 ὀφθαλμοὺς,
1092 4734 1283 4788 ἔπειτα
1312 4734 1528 4789 θάλπων
1566 4736 1762 4799 αὐτοὺς
1804 4736 1929 4789 ἀνα-

351 4831 484 4883 νιοῖ.

436 4919 502 4974 Ἠ
533 4921 589 4976 δὲ
618 4920 836 4992 χελιδὼν
866 4917 1013 4985 ἅπαξ
1034 4920 1198 4991 γεννᾷ
1224 4918 1318 4973 τοῦ
1356 4916 1572 4991 καιροῦ,
1603 4919 1923 4991 πηγνυμένη

349 5012 409 5067 δὲ
436 5014 536 5084 τὴν
576 5013 769 5067 καλιὰν
798 5013 867 5066 τά
903 5012 1000 5083 μὲν
1051 5011 1235 5082 κάρφη
1265 5010 1418 5083 φέρει
1448 5010 1525 5081 τῷ
1561 5012 1810 5082 στόματι,
1835 5010 1925 5065 τὸν

350 5102 408 5157 δὲ
454 5103 621 5176 πηλὸν
664 5104 742 5176 τῷ
778 5103 990 5175 πτερῷ·
1020 5103 1081 5157 τὺ
1117 5102 1227 5176 γὰρ
1264 5103 1431 5174 ἄκρον
1472 5102 1640 5175 αὐτῆς
1686 5100 1924 5176 βρέξασα

352 5193 525 5259 ὕδατι,
573 5199 640 5267 τῇ
698 5195 865 5267 λεπτῇ
916 5196 1062 5249 κόνει
1107 5195 1410 5259 ὲνειλείται,
1461 5195 1556 5250 καὶ
1606 5193 1778 5258 οὕτως
1822 5196 1923 5266 τὴν

349 5288 541 5360 χρείαν
599 5291 808 5343 ἐπινοεῖ
851 5288 946 5343 τοῦ
1016 5288 1223 5361 πηλοῦ⁸
1270 5290 1364 5342 καὶ
1425 5288 1565 5343 κατὰ
1616 5288 1808 5359 μικρὸν
1856 5287 1924 5341 τά

348 5378 538 5453 κάρφη
577 5376 689 5436 οἷον
735 5382 899 5455 κόλλῃ
928 5382 1035 5435 τινὶ
1071 5379 1441 5452 συνδεσμοῦσα
1460 5379 1538 5450 τῷ
1565 5379 1738 5450 πηλῷ,
1773 5378 1920 5432 συνί-

352 5487 513 5545 στησι
535 5474 635 5545 τὴν
661 5472 875 5539 καλιὰν,
901 5473 995 5526 καὶ
1025 5473 1280 5545 ἐκτρέφει
1311 5472 1436 5535 τοὺς
1458 5469 1729 5535 νεοσσούς-

420 5564 729 5636 Μόνανδρος
768 5568 802 5636 ἡ
847 5563 1062 5636 τρυγών
1084 5582 1097 5594 ·
1127 5563 1236 5617 εἴτε
1264 5562 1373 5636 γὰρ
1401 5565 1431 5617 ὁ
1453 5562 1624 5635 ἄρρην
1649 5557 1915 5635 ἀποθάνῃ.

347 5655 459 5710 εἶτε
484 5658 516 5727 ἡ
535 5655 741 5728 θήλεια,
764 5657 936 5728 ἑτέρῳ
958 5657 1019 5709 οὐ
1032 5654 1378 5709 συνάπτεται.

422 5832 488 5885 At
527 5834 582 5889 δὲ
611 5833 921 5890 κατοικίδιοι
967 5835 1140 5906 ὄρνεις
1178 5835 1268 5889 ἰπὶ
1295 5831 1492 5898 παντὸς
1517 5832 1609 5888 τοῦ
1633 5829 1824 5905 καιροῦ
1855 5831 1915 5884 τὸ

2032 4639 2318 4687 nescentes
2353 4632 2587 4701 primum
2638 4632 2739 4686 alis
2789 4634 2985 4702 operit,
3034 4630 3229 4687 deinde
3274 4633 3454 4702 lingua
3497 4645 3597 4688 eo-

2029 4739 2150 4778 rum
2195 4724 2384 4779 oculos
2429 4724 2622 4777 leniter
2656 4722 2959 4793 demulcet;
3004 4725 3220 4780 tandem
3265 4724 3454 4780 fovens
3499 4739 3597 4782 eos

2027 4816 2271 4889 pristina:
2294 4817 2567 4886 juventuti
2600 4817 2858 4871 restituit.

2097 4907 2345 4963 Hirundo
2374 4910 2540 4963 semel
2582 4923 2727 4963 anno
2769 4908 2945 4978 parit;
2977 4907 3107 4963 dum
3147 4908 3335 4963 nidum
3382 4909 3596 4966 contin-

2025 4999 2124 5070 git,
2165 5016 2260 5055 ore
2289 5008 2608 5064 stramenta,
2641 5000 2813 5055 lutum
2859 5002 3051 5071 pennis
3076 5001 3385 5072 prehendit,
3415 5011 3596 5060 extre-

2025 5093 2131 5147 mis
2163 5093 2309 5146 enim
2338 5108 2476 5162 aqua
2514 5093 2832 5149 madelactis
2860 5095 3222 5151 subtilissima
3262 5093 3471 5165 pulveri
3516 5095 3595 5148 iu-

2025 5185 2281 5248 volvitur,
2311 5186 2499 5256 sicque
2530 5186 2627 5241 luti
2667 5202 2823 5242 usum
2864 5188 2965 5242 sibi
2987 5189 3282 5258 excogitat,
3315 5196 3369 5242 et
3400 5187 3592 5257 paula-

2025 5278 2145 5341 tim,
2177 5286 2475 5332 stramenta
2506 5279 2619 5333 luto
2648 5280 2813 5333 veluti
2844 5280 3056 5350 glutino
3086 5279 3459 5344 consolidans,
3502 5267 3590 5334 iti-

2025 5368 2155 5424 dum
2180 5375 2450 5428 construit
2482 5381 2536 5426 et
2565 5371 2742 5443 pullos
2769 5371 2884 5426 alit.

2092 5548 2298 5604 Turtur
2349 5549 2511 5605 unius
2563 5555 2770 5604 tantum
2821 5549 3113 5605 concubitu
3168 5553 3427 5604 contenta
3474 5554 3584 5617 est,

2019 5645 2219 5698 etenim
2254 5643 2369 5699 sive
2405 5659 2544 5709 mas,
2590 5644 2705 5699 sive
2750 5642 2951 5699 l'emina
2988 5639 3269 5708 occiderit,
3299 5654 3579 5711 nunquam

2019 5736 2155 5790 ﬁdes
2186 5734 2422 5806 conjugii
2451 5736 2705 5790 violatur.

2089 5829 2230 5886 Aves
2268 5829 2578 5886 domestica:
2612 5825 2759 5883 omni
2792 5833 3036 5897 tempore
3057 5824 3382 5885 concubitus
3420 5840 3578 5896 appe-
