4090 6288
539 358 646 418 735

1391 358 1448 413 S.
1483 355 1924 413 EUSTATHIUS
1962 349 2451 412 ANTIOCHENUS
2483 346 2880 405 EPISCOPUS.

3662 342 3779 399 736

536 482 684 533 tunt.
713 474 1013 549 Aquaticae,
1042 472 1209 530 veluti
1240 481 1429 530 anates
1459 483 1512 530 et
1540 475 1723 546 cygni,
1748 482 1802 530 et
1832 475 1918 530 his
1940 474 2099 531 simi-

2210 468 2638 526 συνουσιαστικδν
2680 465 2909 536 ἔχουσιν.
2954 462 3036 517 Τά
3060 463 3116 517 δὲ
3143 461 3386 535 φίλυδρα,
3415 455 3525 515 οἷον
3550 462 3781 533 νῆσσαι,

538 567 644 637 les,
668 568 876 625 divisos
913 566 1078 638 pedes
1109 583 1220 622 non
1247 567 1471 632 habent,
1509 566 1604 622 sed
1653 567 1814 623 latos.
1846 577 1901 621 et
1945 583 2108 621 mem-

539 660 715 715 brana
741 659 1087 728 conjunctos,
1120 665 1179 713 ut
1213 657 1429 714 facilius
1475 659 1529 712 in
1574 659 1731 728 aquis
1762 667 1951 713 natare
1980 673 2107 728 pos-

543 752 674 823 sint,
717 750 1050 807 membranis
1078 751 1277 823 pedum
1306 751 1464 823 quasi
1503 751 1669 807 remis
1702 766 1967 822 aquarum
1997 750 2105 805 vim

543 842 823 914 pellentes.

612 932 831 1004 Cygnus
869 933 1069 990 collum
1111 933 1338 1005 pedibus
1382 933 1597 1006 longius
1639 934 1950 1007 protendit,
1999 951 2109 1008 quo

542 1023 721 1097 pisces
751 1039 782 1081 e
803 1025 972 1081 fundo
1004 1028 1193 1097 arripit
1223 1027 1428 1098 plures.

610 1115 806 1172 Avium
842 1119 1026 1173 multae
1056 1126 1303 1190 tempore
1345 1119 1474 1174 anni
1523 1125 1736 1174 mutant
1777 1125 1831 1174 et
1868 1120 2107 1175 colorem

539 1214 597 1265 et
633 1224 840 1265 vocem.
876 1208 1080 1265 Merula
1108 1226 1344 1282 namque
1370 1228 1438 1267 ex
1470 1212 1623 1283 nigra
1667 1210 1933 1275 rufl‘escit,
1958 1218 2013 1266 et
2040 1227 2109 1266 ex

542 1315 744 1357 canora
783 1301 1035 1357 balbutit.
1071 1301 1342 1358 Lusciniae
1370 1304 1498 1359 item
1530 1319 1636 1358 vox
1664 1310 1721 1359 et
1746 1303 1897 1358 color
1926 1304 2111 1358 solsti-

545 1393 621 1447 tio
642 1398 943 1460 mutantur,
978 1400 1034 1449 et
1064 1394 1120 1449 in
1141 1394 1348 1451 somnis
1381 1395 1717 1451 modulatum
1748 1395 1859 1451 edit
1888 1408 2106 1451 sonum.

614 1656 873 1724 Quaedam
910 1658 1077 1714 etiam
1119 1674 1247 1717 aves
1285 1661 1479 1717 bruma
1511 1677 1620 1717 non
1663 1661 1936 1727 esuriunt,
1988 1676 2113 1718 aere

547 1746 688 1811 solo,
716 1754 771 1802 et
806 1762 872 1802 eo
904 1763 1029 1804 rore
1069 1749 1163 1819 qui
1192 1750 1389 1808 herbas
1413 1752 1571 1821 rigat.
1620 1750 1729 1807 illis
1768 1750 1965 1807 famem
1994 1752 2111 1823 pel-

545 1836 731 1906 lente;
787 1840 883 1895 sed
928 1848 981 1896 et
1041 1818 1250 1899 ventris
1303 1818 1673 1913 voluptatibus
1735 1818 2103 1899 dominantur.
2140 1818 2182 1878 Β

546 1929 882 1996 Quibusdam
903 1933 1045 1988 enim
1067 1950 1213 2002 vere,
1239 1943 1294 1991 et
1319 1943 1582 1991 autumno
1602 1937 1934 2008 aequinoctio
1965 1937 2105 2007 ipso,

545 2022 872 2091 quibusdam
905 2025 1071 2080 semel
1118 2043 1213 2096 per
1255 2037 1499 2098 tempora
1533 2029 1658 2084 anni
1693 2029 1818 2084 stati
1848 2029 2107 2084 concubi-

543 2120 653 2171 tus.
698 2115 840 2172 Aves
890 2117 1103 2175 feminae
1140 2136 1425 2191 quousque
1477 2123 1849 2194 conceperint.
1899 2138 2106 2179 marem

541 2205 851 2277 admittunt,
892 2220 1179 2282 postquam
1193 2213 1558 2284 conceperint,
1589 2222 1929 2271 aversantur.

610 2387 880 2443 Scarabaai
907 2405 1131 2446 rosaceo
1156 2390 1276 2445 illiti
1301 2400 1517 2463 repente
1542 2392 1939 2449 exanimantur.
1963 2392 2107 2464 Apes

539 2486 594 2534 et
617 2494 793 2549 vespae
815 2481 935 2535 oleo
963 2482 1301 2549 madefactae,
1330 2485 1601 2541 meatibus
1629 2484 1868 2541 occlusis
1908 2500 2109 2541 consu-

544 2580 803 2640 utuntur;
835 2588 955 2643 qua:
979 2575 1025 2631 si
1067 2584 1221 2631 aceto
1254 2583 1633 2647 aspergantur,
1690 2577 1855 2632 vitam
1882 2592 2109 2648 recupe-

539 2671 682 2727 rant,
708 2672 765 2719 et
788 2666 1087 2737 respirandi
1104 2668 1359 2724 facultate
1385 2670 1606 2740 privatae
1627 2684 1751 2725 aere
1770 2665 2104 2725 nutriuntur.

538 2752 682 2823 Apes
695 2770 879 2825 regem
905 2756 1125 2821 habent,
1150 2767 1204 2814 et
1215 2774 1553 2814 communem
1571 2760 1833 2826 volatum,
1863 2775 2108 2815 commu-

540 2859 773 2914 nemque
799 2855 1016 2901 servant
1044 2848 1298 2916 domum;
1336 2866 1510 2919 neque
1542 2850 1651 2903 ulla
1676 2851 1881 2906 exitum
1910 2858 2104 2920 tentat,

537 2941 828 3006 antequam
861 2952 955 2992 rex
984 2938 1098 3007 ipse
1113 2940 1350 2995 volatum
1400 2924 1684 3012 iitcmperit
1713 2959 1727 3009 ;
1753 2942 1847 3013 qtii
1883 2957 1994 2996 non
2039 2943 2106 2999 ab

540 3026 649 3082 illis
671 3028 908 3099 eligitur,
932 3031 1027 3086 sed
1056 3040 1250 3087 natura
1265 3034 1509 3089 omnium
1540 3042 1689 3090 tenet
1717 3035 2103 3106 principatum,

536 3123 750 3177 caeteris
788 3123 982 3193 major,
1024 3122 1198 3179 forma
1225 3140 1544 3196 morumque
1574 3125 1794 3181 lenitate
1833 3128 1954 3182 illas
1990 3128 2105 3182 vin-

2208 563 2302 617 καὶ
2326 560 2534 624 κύκνοι,
2564 559 2658 612 καὶ
2679 557 2753 631 τὰ
2780 557 2936 629 ὃμοια
2963 556 3162 618 αὐτοῖς,
3184 553 3309 616 τοὺς
3337 552 3500 616 πόδας
3517 553 3785 624 ἐσχισμέ-

2207 671 2329 718 νους
2366 654 2465 707 ούκ
2511 650 2742 721 ἔχουσιν,
2775 647 2910 703 ἀλλά
2942 647 3180 711 πλατεῖς,
3218 643 3510 716 ὑμενώδεις
3550 645 3690 716 πρὸς
3720 644 3786 699 τδ

2209 744 2462 817 εὐμαρῶς
2475 746 2587 807 τοῖς
2620 742 2771 795 ὕδασι
2800 739 3076 811 νήχεσθαι,
3099 738 3261 792 οἱονεὶ
3285 736 3497 800 κώπαις
3534 738 3643 791 τισὶ
3665 740 3783 802 τοῖς

2208 835 2372 909 ύμέσι
2398 835 2506 888 τῶν
2535 834 2712 887 ποδῶν
2737 832 2800 886 τὸ
2821 831 2984 903 ὑγρὸν
3008 829 3361 901 διωθούμενα.

2289 927 2347 981 '0
2374 926 2431 981 δὲ
2453 925 2650 988 κύκνος
2699 923 3033 996 μακρότερον
3060 920 3168 975 τῶν
3201 920 3378 975 ποδῶν
3401 918 3631 992 ἔχειτὸν
3652 921 3787 993 τρά-

2207 1017 2387 1092 χηλον,
2425 1017 2562 1090 πρὸς
2601 1017 2662 1071 τὸ
2686 1018 2750 1070 ὲκ
2780 1014 2875 1070 τοῦ
2908 1014 3101 1086 βάθους
3131 1014 3377 1083 ἀνασπᾷν
3402 1013 3529 1076 τοὺς
3565 1012 3782 1083 ἰχθύας.

2277 1109 2399 1165 Τῶν
2435 1109 2492 1163 δὲ
2536 1108 2736 1180 ὀρνέων
2773 1106 2943 1160 πολλά
2998 1107 3117 1160 κατ’
3165 1104 3283 1168 ἔτος
3323 1103 3643 1176 μεταϐάλλει
3683 1104 3786 1175 τὴν

2210 1202 2393 1276 φωνὴν
2423 1202 2518 1257 καὶ
2548 1202 2647 1273 τὴν
2676 1198 2887 1272 χροιάν.
2946 1200 3005 1254 '0
3033 1197 3142 1269 γὰρ
3170 1198 3434 1267 κόττυφος
3457 1199 3522 1249 ἐκ
3548 1196 3786 1267 μέλανος

2212 1291 2403 1359 ξανθὸς
2444 1292 2789 1357 καθίσταται,
2828 1292 2921 1345 καὶ
2953 1290 3012 1355 ἐξ
3050 1288 3244 1361 ᾠδικοῦ
3273 1289 3584 1360 κρακτικός.
3630 1287 3697 1339 Ἦ
3725 1285 3785 1338 δὲ

2211 1382 2387 1454 ἀηδὼν
2434 1383 2497 1437 τὸ
2542 1383 2741 1455 χρῶμα
2790 1382 2884 1435 καὶ
2920 1381 3018 1453 τὴν
3052 1382 3235 1453 φωνὴν
3289 1380 3611 1454 μεταϐάλλει
3656 1382 3782 1443 ταῖς

2208 1479 2468 1549 τροπαῖς·
2523 1477 2616 1531 καί
2670 1475 2815 1529 ἐστιν
2874 1475 3147 1546 ἄγρυπνον
3192 1476 3259 1546 τῇ
3315 1474 3550 1546 μελῳδίᾳ
3588 1472 3784 1543 σχολά-

2212 1567 2399 1633 ζουσα.

2284 1661 2442 1714 Ἔνια
2482 1659 2539 1714 δὲ
2575 1659 2684 1714 τῶν
2726 1658 2926 1734 ὀρνέων
2963 1656 3061 1721 τὰς
3095 1657 3406 1731 χειμερινὰς
3435 1658 3496 1711 ού
3552 1657 3780 1711 πεινῶσι

2211 1751 2439 1824 τροπάς,
2470 1750 2548 1823 τῷ
2576 1751 2715 1822 ἀέρι,
2746 1751 2889 1822 μόνῳ
2916 1751 3219 1822 τρεφόμενα
3245 1749 3338 1803 καὶ
3379 1751 3445 1820 τῇ
3492 1747 3634 1801 κατὰ
3676 1746 3780 1812 τὰς

2209 1843 2543 1915 χλοηφαγίας
2574 1842 2945 1916 ὲνυπαρχούσῃ
2994 1841 3175 1905 νοτίδι,
3207 1840 3342 1895 ἀλλά
3372 1841 3464 1893 καὶ
3506 1839 3603 1904 τὰς
3641 1839 3778 1892 ὑπο-

2208 1934 2496 2007 γαστρίους
2516 1934 2804 2007 κρατοῦσιν
2824 1934 3032 2007 ἡδονάς.
3058 1935 3215 1987 Ἔνια
3247 1933 3346 2005 μὲν
3378 1931 3485 2004 γάρ
3515 1931 3656 2003 ἔαρι,
3681 1931 3778 1985 καὶ

2212 2024 2510 2098 μετοπώρῳ
2566 2026 2706 2080 κατά
2759 2027 2856 2091 τὰς
2912 2024 3219 2099 ἰσημερίας,
3269 2023 3384 2078 ἔνια
3415 2024 3471 2077 δὲ
3501 2024 3647 2090 ἅπαξ
3678 2023 3775 2077 τοῦ

2208 2120 2361 2185 έτους
2394 2120 2678 2174 ἐπιϐαίνει.
2709 2119 2773 2172 Αἰ
2817 2118 2873 2172 δὲ
2914 2117 3125 2190 θήλειαι
3166 2117 3344 2189 ὀρνεις
3374 2116 3536 2188 μέχρι
3584 2115 3775 2187 συλλή-

2206 2214 2353 2286 ψεως
2384 2216 2451 2285 τῇ
2484 2212 2637 2284 ὀχείᾳ
2652 2210 2885 2282 ἔχονται,
2913 2211 3007 2266 καὶ
3033 2209 3195 2275 εὐθὺς
3221 2210 3349 2273 τοὺς
3370 2208 3606 2282 ἄρρενας
3637 2207 3772 2261 ἀπο-

2206 2306 2512 2377 τρέφονται.

2279 2399 2341 2451 Οἱ
2364 2395 2420 2450 δὲ
2451 2394 2731 2468 κάνθαροι,
2765 2396 2859 2450 ἐὰν
2888 2395 3077 2467 ῥοδίνῳ
3101 2392 3414 2468 χρισθῶσιν,
3444 2392 3606 2457 εὐθὺς
3642 2394 3773 2447 ἀπο-

2209 2487 2549 2560 θνήσκουσιν.
2580 2488 2644 2541 Αἰ
2670 2488 2727 2542 δὲ
2761 2488 3009 2559 μέλισσαι
3038 2488 3131 2542 καὶ
3167 2488 3391 2559 σφῆκες,
3424 2487 3777 2559 ἐλαίῳκαταρ

2209 2581 2516 2654 ϐρεχθεῖσαι
2567 2580 2896 2653 φθείρονται,
2945 2582 3053 2635 τῶν
3102 2581 3282 2654 πόρων
3327 2581 3770 2653 ἅποφραγέντων.

2211 2674 2360 2739 Ὄξει
2390 2669 2482 2728 οὖν
2502 2673 2779 2728 ἀναϐιοῦσι
2802 2672 3142 2745 βρεχόμεναι·
3169 2674 3455 2747 τρέφονται
3481 2674 3536 2727 δὲ
3553 2673 3630 2744 τῷ
3654 2673 3771 2745 ἄερι

2206 2766 2475 2839 ἀναπνοήν
2501 2767 2599 2820 οὐκ
2620 2766 3084 2838 έχουσαι.Ἔχουσι
3104 2767 3161 2821 δὲ
3187 2766 3405 2837 βασιλέα
3427 2768 3481 2819 αἰ
3504 2766 3770 2837 μέλισσαι,

2207 2859 2301 2912 καὶ
2329 2858 2511 2930 κοινὴν
2542 2859 2637 2929 μὲν
2669 2858 2943 2913 ποιοῦνται
2970 2858 3067 2929 τὴν
3104 2859 3321 2929 πτῆσιν,
3355 2857 3538 2929 κοινὴν
3582 2858 3638 2911 δὲ
3677 2856 3771 2927 τὴν

2205 2949 2415 3021 οἴκησιν
2435 2966 2448 2980 ⁸
2473 2950 2566 3003 καὶ
2588 2949 2808 3021 οὐδεμία
2837 2948 3140 3021 προχείρως
3164 2947 3329 3012 ἔξεισι
3357 2949 3536 3020 πρὶνῆ
3565 2949 3654 3001 τὸν
3683 2946 3772 3018 βα-

2211 3036 2360 3091 σιλέα
2382 3037 2479 3108 τῆς
2512 3038 2762 3110 πτήσεως
2796 3037 3348 3109 κατάρξασθαι.Ἔστι
3378 3039 3435 3091 δὲ
3465 3039 3653 3101 αὐταῖς
3684 3032 3770 3091 οῦ-

2206 3145 2295 3193 τος
2324 3129 2732 3202 ἀχειροτόνητος
2762 3133 2827 3183 ὲκ
2857 3129 3068 3200 φύσεως
3108 3130 3245 3201 ἔχων
3272 3130 3367 3202 τὴν
3398 3129 3534 3184 κατά
3559 3129 3769 3183 πάντων

539 3227 707 3280 cens;
735 3213 898 3269 habet
931 3215 1073 3269 enim
1102 3215 1369 3279 aculeum,
1404 3231 1513 3286 quo
1542 3223 1721 3271 tamen
1745 3216 1812 3271 ad
1838 3217 2108 3274 uleiscen-

2210 3222 2404 3295 ἀρχὴν,
2441 3221 2680 3293 μεγέθει,
2708 3221 2802 3275 καὶ
2829 3222 3087 3294 σχήματι,
3111 3222 3207 3275 καὶ
3225 3224 3290 3293 τῇ
3312 3221 3400 3274 τοῦ
3422 3221 3582 3291 ἤθους
3602 3221 3767 3293 πραό-

542 3303 674 3357 dum
703 3320 812 3359 non
844 3306 1034 3359 utitur.
1053 3306 1220 3361 Ceras
1240 3323 1307 3362 ex
1340 3308 1598 3362 arborum
1628 3316 1982 3379 satorumque
2009 3308 2107 3363 ﬂo-

541 3395 692 3452 ribus
725 3397 1063 3468 confingunt,
1094 3406 1148 3454 et
1197 3415 1393 3470 aquam
1425 3409 1715 3472 guttasque
1749 3402 1924 3455 instar
1954 3403 2095 3457 roris

538 3486 763 3542 ﬂoribus
796 3488 1071 3555 diffusam,
1094 3507 1188 3546 ore
1217 3492 1598 3559 convehentes,
1618 3508 1863 3547 cerarum
1880 3493 2104 3549 alveolis

541 3587 875 3648 exonerant;
908 3581 1035 3636 hinc
1069 3583 1337 3654 principio
1372 3585 1655 3639 humidum
1695 3593 1798 3649 est,
1836 3585 1932 3641 sed
1964 3593 2101 3640 tem-

541 3682 673 3736 pore
694 3669 1003 3727 hominibus
1032 3689 1135 3728 usu
1165 3673 1395 3741 efficaci,
1445 3686 1771 3730 maturatum
1817 3675 2102 3733 dulcescit.

542 3758 716 3818 Mellis
746 3762 875 3818 item
907 3780 1118 3820 summa
1146 3768 1432 3837 prudentia
1454 3769 1743 3839 studioque
1764 3769 2105 3839 receptacula

542 3853 802 3923 condunt,
827 3872 1007 3914 ceram
1042 3859 1098 3914 in
1143 3860 1555 3917 subtilissimam
1607 3861 1976 3915 membranam
2005 3876 2097 3916 ex:-

544 3949 1112 4017 tendentes;crebras
1144 3962 1199 4008 et
1224 3954 1513 4009 continuas
1562 3954 1808 4007 favorum
1866 3959 2109 4007 structu-

542 4056 635 4095 ras
666 4040 981 4104 conficiunt.
1022 4052 1081 4098 ut
1133 4045 1291 4100 simul
1327 4046 1584 4102 lateribus
1628 4044 1803 4099 affine
1843 4043 2101 4099 haereant.

2204 3331 2328 3384 τητι
2377 3313 2648 3384 διαφέρων
2686 3312 2897 3367 αὐτῶν·
2931 3312 3043 3367 ἔστι
3078 3313 3177 3385 μὲν
3220 3313 3319 3383 γάρ
3342 3312 3557 3383 κέντρον
3592 3310 3757 3381 αὐτῷ,

2205 3400 2317 3455 ἀλλ’
2351 3402 2411 3453 ού
2441 3402 2636 3473 χρῆται
2668 3400 2841 3473 τούτῳ
2866 3401 3001 3473 πρὸς
3039 3402 3263 3473 ἄμυναν.
3290 3401 3577 3470 Συνάγουσι
3608 3400 3663 3452 δὲ
3694 3401 3755 3452 ἐκ

2203 3490 2310 3544 τῶν
2342 3491 2517 3545 ἀνθῶν
2550 3492 2639 3545 τὸν
2682 3492 2849 3563 κηρὸν
2877 3493 2932 3544 αἱ
2968 3490 3241 3562 μέλισσαι,
3276 3492 3366 3545 καὶ
3401 3492 3497 3562 τὴν
3531 3490 3759 3561 δροσοει-

2198 3579 2305 3646 δῶς
2350 3583 2756 3655 ὲνεσπαρμένην
2808 3584 2987 3637 νοτίδα
3031 3586 3143 3649 τοῖς
3176 3582 3388 3637 ἄνθεσιν
3427 3582 3503 3654 τῷ
3543 3582 3764 3652 στόματι

2210 3674 2671 3746 ὲπισπασάμεναι,
2689 3677 2806 3739 ταῖς
2832 3675 3102 3745 κοιλότησι
3122 3676 3228 3729 τῶν
3252 3674 3435 3748 κηρῶν
3456 3673 3621 3745 αὐτὴν
3640 3674 3774 3727 ἐνιᾶ-

2212 3782 2296 3819 σιν
2314 3783 2327 3796 ·
2359 3766 2479 3821 ὅθεν
2529 3766 2622 3820 καί
2670 3767 2835 3839 ὑγρόν
2863 3769 2977 3820 ἐστι
3005 3767 3100 3839 τὴν
3129 3767 3323 3840 ἀρχὴν,
3358 3765 3475 3821 εἶτα
3497 3766 3574 3838 τῷ
3603 3767 3775 3838 χρόνῳ

2211 3859 2579 3929 καταπεφθὲν,
2613 3860 2710 3931 ἡδὺ
2735 3859 2961 3929 γίνεται,
2996 3861 3087 3913 καὶ
3111 3859 3410 3933 εὔχρηστον
3438 3864 3550 3924 τοῖς
3569 3859 3774 3931 ἀνθρώ⁹

2213 3969 2355 4015 ποις.
2392 3952 2579 4021 Σοφῶς
2606 3951 2782 4006 δὲκαὶ
2818 3951 2914 4017 τὰς
2959 3952 3238 4023 ἀποθήκας
3283 3951 3648 4024 φιλοτεχνοῦσι
3685 3950 3774 4005 τοῦ

2216 4043 2461 4115 μέλιτος·
2515 4048 2595 4109 εἰς
2642 4045 2835 4101 λεπτὸν
2863 4044 3037 4117 ὑμένα
3078 4045 3170 4099 τὸν
3209 4046 3375 4117 κηρὸν
3407 4045 3772 4106 διατείνουσαι,

545 4135 753 4201 πυκνὰς
783 4137 877 4191 καὶ
922 4143 1161 4210 συνεχεῖς
1188 4140 1442 4213 ἀλλήλαις
1469 4146 1593 4207 τοὺς
1647 4141 1902 4214 σίμϐλους
1949 4139 2338 4210 οἰκοδομοῦσιν,
2393 4141 2468 4205 ὡς
2519 4142 2581 4194 τὸ
2608 4142 2798 4214 μικρὸν
2828 4142 2925 4212 τῆς
2976 4140 3083 4194 τῶν
3121 4141 3460 4214 μικροτάτων
3503 4140 3637 4213 πρὸς
3687 4137 3776 4191 ἆλσ-

545 4227 682 4299 ληλα
705 4228 900 4293 δέσεως
925 4230 1222 4303 ὲδράζεται.

619 4322 867 4383 Locusta:
890 4341 999 4380 uno
1022 4341 1293 4382 consensu
1319 4327 1563 4393 sublatae,
1591 4334 1767 4383 terras
1791 4343 1886 4397 per
1914 4327 2103 4381 latitu-

2280 4324 2347 4377 Αἰ
2390 4323 2448 4377 δὲ
2476 4323 2694 4395 ἀκρίδες
2725 4324 2806 4379 ἐνὶ
2836 4323 3136 4394 συνθήματι
3170 4322 3310 4377 κατά
3348 4322 3407 4376 τὸ
3440 4323 3641 4387 πλάτος
3684 4324 3776 4395 τῆς

545 4414 729 4470 dinem
752 4414 1028 4481 infestant,
1060 4416 1417 4487 procedentes
1443 4433 1664 4487 campos
1690 4418 1824 4473 alios
1843 4418 2108 4473 fructibus

2212 4414 2395 4487 χώρας
2438 4415 2939 4486 στρατοπεδεύουσι.
2969 4414 3281 4486 ΙΙεριιοῦσαι
3312 4414 3368 4468 δὲ
3396 4415 3595 4487 δρῶσιν
3623 4415 3779 4499 ἔτερα

546 4514 775 4563 onustos
800 4509 1168 4580 conspiciunt,
1197 4524 1298 4564 nec
1317 4516 1545 4578 tangunt
1575 4510 1815 4565 exitiosa:
1837 4549 1854 4575 ,
1913 4511 2008 4566 sed
2039 4510 2108 4564 ad

548 4597 861 4668 praescripta
891 4598 997 4653 illis
1027 4599 1146 4654 loca
1167 4613 1380 4653 summo
1413 4614 1555 4653 nexu
1590 4599 1944 4663 contendunt,
1972 4615 2107 4670 qua-

548 4687 595 4740 si
622 4687 820 4744 divinis
838 4688 1086 4767 jus‘sibus
1108 4688 1295 4759 pulsae,
1316 4705 1491 4760 neque
1514 4700 1801 4759 antequam
1826 4690 1934 4744 illis
1951 4689 2109 4744 detur

550 4776 802 4844 facultas,
834 4795 1043 4836 messes
1076 4781 1393 4852 fructusque
1431 4783 1718 4837 erodentes
1740 4789 1973 4835 vastant.
2007 4779 2110 4836 Eas

550 4870 782 4927 saleucis
802 4872 919 4927 avis
943 4873 1241 4930 insatiabili
1265 4873 1562 4930 voracitate
1592 4875 1838 4930 insecuta
1872 4913 1888 4938 ,
1920 4889 2109 4931 omnes

548 4963 805 5020 absumit.

618 5141 864 5207 Noctua,
889 5151 950 5199 ut
985 5144 1185 5210 ferunt,
1240 5148 1413 5203 oculis
1442 5147 1679 5203 interdiu
1739 5148 1914 5220 caligo
1942 5147 2112 5204 oﬂen-

555 5226 718 5296 ilitur,
758 5242 924 5289 noctu
955 5249 1075 5289 eam
1103 5234 1227 5290 visu
1250 5236 1450 5291 valere.

619 5324 755 5381 Cum
786 5327 1198 5396 vespertilioncs
1242 5329 1484 5381 cubitum
1534 5335 1685 5394 eunt,
1740 5339 1929 5385 mutuo
1962 5346 2112 5386 com-

551 5418 710 5489 plexu
743 5419 1174 5489 suspenduntur,
1198 5427 1252 5474 et
1280 5421 1327 5475 si
1356 5436 1515 5491 quem
1540 5421 1607 5475 ab
1625 5436 1691 5476 eo
1720 5421 1913 5477 ordine
1930 5423 2112 5477 divelli

552 5509 861 5581 contigerit.
892 5511 1088 5582 reliqui
1115 5512 1426 5579 clamitant;
1458 5511 1646 5567 eadem
1676 5513 1793 5568 sola
1828 5514 2112 5569 volucrum

553 5602 857 5673 quadrupes
881 5611 966 5661 est
993 5610 1047 5660 et
1067 5603 1320 5661 dentibus
1350 5604 1590 5660 fulcitur.

626 5776 839 5834 Cicada:
862 5779 1034 5837 imbre
1056 5792 1401 5854 generantur,
1431 5790 1485 5840 et
1517 5783 1919 5847 obmutescunt,
1943 5800 2110 5857 quatt-

2209 4508 2335 4578 λήῖα
2373 4506 2451 4576 τῷ
2479 4506 2677 4577 καρπῷ
2717 4507 2989 4579 βρίθοντα,
3017 4508 3111 4561 καὶ
3152 4507 3252 4561 οὐκ
3281 4506 3634 4577 ἐφάπτονται,
3667 4507 3778 4561 ἀλλ’

2214 4598 2308 4651 ὲπί
2334 4597 2424 4651 τὸν
2452 4598 2753 4670 ὡρισμένον
2775 4600 2963 4663 αὐταῖς
2991 4599 3151 4653 τόπον
3168 4600 3571 4664 σπουδάζουσιν,
3596 4598 3780 4670 ὥσπερ

2214 4691 2281 4743 ὲκ
2319 4687 2461 4742 θείου
2506 4690 2923 4761 προστάγματος
2954 4692 3325 4762 ἐπειγόμεναι.
3359 4690 3470 4743 Καὶ
3501 4690 3562 4743 ού
3594 4690 3782 4761 πρότε-

2220 4795 2309 4851 ρον
2332 4776 2425 4831 τοῦ
2451 4778 2661 4851 καρποῦ
2693 4779 2971 4844 ἅπτονται,
3000 4781 3127 4853 πρὶν
3157 4781 3189 4853 ἢ
3219 4781 3436 4851 δοθῆναι
3465 4781 3654 4844 αὑταῖς
3684 4779 3781 4851 τὴν

2217 4868 2580 4942 συγχώρησιν.
2614 4871 2923 4926 Μετέπειτα
2969 4873 3027 4926 δὲ
3069 4873 3257 4936 αὑταῖς
3301 4873 3547 4937 σελευκὶς
3583 4876 3784 4926 ἐπαπο-

2217 4960 2514 5026 στέλλεται,
2546 4961 2639 5015 καὶ
2671 4962 2849 5026 πάσας
2872 4963 3143 5016 κατεσθίει
3171 4964 3358 5028 αὐτὰς,
3378 4963 3668 5034 ἀκόρεστον
3688 4961 3783 5033 τὴν

2219 5052 2378 5121 φύσιν
2407 5052 2621 5124 ἔχουσα.

2290 5146 2401 5217 Τὴν
2433 5145 2644 5213 γλαῦκά
2686 5163 2816 5214 φασι
2867 5147 2967 5218 τὴν
3014 5146 3231 5218 ἡμέραν
3275 5145 3649 5217 ἀμαυροῦσθαι
3688 5147 3785 5218 τὴν

2220 5237 2362 5307 ὄψιν,
2384 5235 2482 5309 τήν
2513 5236 2571 5290 δὲ
2600 5236 2770 5290 νύκτα
2799 5235 3118 5307 ρὡνυσθαι.

2301 5332 2495 5385 Ἠνίκα
2537 5332 2581 5385 δ’
2607 5333 2662 5383 αἱ
2710 5330 3017 5402 νυκτερίδες
3059 5330 3423 5395 καθεύδουσιν,
3459 5329 3518 5394 ἐξ
3545 5327 3789 5402 ἀλλήλων

2220 5420 2564 5493 ἀπήρτηνται
2577 5436 2590 5449 ·
2622 5421 2716 5474 καὶ
2735 5421 2782 5473 εἰ
2807 5420 2932 5490 μίαν
2962 5419 3142 5491 συμϐῇ
3168 5418 3264 5473 τοῦ
3283 5418 3521 5493 ὁρμαθοῦ
3538 5420 3789 5473 ἀποσπα-

2221 5509 2411 5580 σθῆναι
2458 5508 2658 5573 αύτῶν,
2685 5510 2741 5563 αἱ
2772 5509 2954 5563 λοιπαὶ
2996 5508 3353 5564 καταϐοῶσιν.
3396 5508 3571 5562 Μόνον
3598 5507 3656 5562 δὲ
3681 5506 3790 5560 τῶν

2221 5602 2480 5654 πετεινῶν
2504 5601 2859 5671 τετρασκελές
2885 5603 3138 5674 ὑπάρχει,
3163 5601 3259 5656 καὶ
3291 5600 3469 5654 ὀδοῦσι
3497 5599 3795 5654 κατακεκόο

2220 5710 2441 5765 σμηται.

2292 5785 2355 5836 Οἱ
2376 5783 2430 5837 δὲ
2453 5783 2689 5854 τέττιγες
2718 5786 2774 5838 ἐν
2795 5785 3067 5857 ἐπομϐρίᾳ
3093 5785 3349 5856 γίνονται,
3386 5782 3713 5854 ἡσυχάζουσι
3728 5781 3787 5835 δὲ
