4090 6288
302 354 409 411 757

1200 347 1470 406 SPURIA.
1512 377 1582 388 —
1615 341 1974 401 COMMENT.
2020 342 2087 398 IN
2125 342 2626 400 IIEXAEMERON.

3430 348 3535 406 738

297 468 507 542 καιρὸν,
535 465 721 538 ἐπειδὴ
747 467 813 535 τῇ
836 464 1010 538 δρόσῳ
1047 466 1366 536 πήγνυνται.
1400 461 1662 534 Πλήττειν
1694 459 1751 513 δὲ
1780 458 1873 514 καὶ

1982 456 2045 512 do
2064 473 2189 514 rore
2206 465 2601 528 concrescunt;
2623 472 2811 515 earum
2849 458 2951 514 alis
2987 465 3043 515 et
3069 467 3290 515 cantum
3312 466 3370 516 et
3393 468 3538 519 stre-

297 562 444 636 ᾲδειν
475 560 535 613 τὸ
561 556 759 630 πτερὸν
789 556 966 611 αὐτῶν
986 557 1270 626 φάσκουσι.

369 675 448 745 Τῇ
469 672 525 726 δὲ
549 672 682 742 ἕκτη
697 670 806 741 ὴμέ
816 687 882 741 es
899 667 1226 740 προσέταξεν
1241 669 1269 720 ὁ
1288 666 1419 731 Θεὸς
1432 665 1746 737 ἐξαγαγεῖν
1760 666 1872 736 τὴν

296 766 415 837 γῆν
441 761 591 818 κατὰ
612 761 786 832 γένος
807 760 1155 828 τετράποδα,
1189 760 1287 813 καὶ
1312 759 1549 827 ἑρπετὰ,
1575 761 1673 812 καὶ
1701 760 1874 828 θηρία

300 858 407 927 τῆς
437 854 683 927 τῆς-,καί
710 852 782 906 τὰ
812 850 1022 919 κτήνη,
1053 852 1149 905 καὶ
1170 850 1364 906 πάντα
1384 853 1457 906 τὰ
1493 851 1748 921 ἕρποντα
1774 850 1873 904 ἐπὶ

300 947 408 1015 τῆς
430 944 540 1018 τῆς
554 945 703 999 κατὰ
727 943 920 1013 γένος,
947 942 1040 994 καὶ
1060 940 1309 1012 παρήχθη
1331 940 1528 1004 εὐθέως
1553 943 1631 1004 είς
1648 941 1708 993 τὸ
1735 937 1873 993 εἶναι

303 1039 504 1103 πάντα,
523 1038 665 1107 ἆπερ
685 1033 866 1102 κοινὴν
891 1033 986 1104 μὲν
1009 1031 1084 1102 τῷ
1104 1029 1373 1102 ἀνθρώπῳ
1392 1032 1492 1102 τῆς
1520 1031 1731 1101 φύσεως
1762 1031 1872 1102 ἔχει

304 1132 401 1203 τὴν
423 1129 695 1199 αἴσθησιν,
720 1127 779 1179 ού
807 1126 911 1197 μὴν
933 1124 990 1178 δὲ
1011 1124 1130 1194 ἴσην
1152 1124 1246 1177 καὶ
1267 1122 1363 1195 τὴν
1384 1123 1558 1194 ψυχὴν
1583 1124 1873 1195 κέκτηνται

309 1225 506 1291 ζῶντα,
536 1224 630 1277 καὶ
669 1215 961 1294 κινούμενα
1005 1220 1236 1291 κίνησιν,
1267 1219 1334 1291 ἢν
1376 1220 1409 1290 ή
1447 1218 1738 1290 άρχέγονος
1779 1217 1872 1272 τοῦ

308 1319 539 1391 αἵματος
579 1316 738 1386 φύσις
768 1316 992 1385 χορηγεῖ
1014 1312 1093 1384 τῷ
1125 1312 1390 1385 πνεύματι
1429 1312 1522 1366 τοῦ
1561 1310 1758 1377 ἔξωθεν
1793 1310 1877 1364 ἀέ-

315 1429 405 1483 ρος
425 1409 905 1481 κιρναμένη.Ἔστι
945 1406 1001 1459 δὲ
1046 1407 1140 1459 καὶ
1182 1407 1240 1460 ὲν
1277 1405 1589 1477 αὐτοῖς
1621 1405 1871 1477 διάφορα,

309 1504 409 1575 τὴν
457 1503 723 1575 Πρόνοιαν
772 1499 865 1554 τοῦ
920 1497 1054 1552 Θεοῦ
1090 1499 1485 1570 αἱνιττόμεναι·
1524 1499 1752 1571 καὶγὰρ
1783 1499 1876 1551 καὶ

310 1595 480 1650 ταῦτα
525 1596 587 1649 οὐ
634 1594 842 1666 μικρῶς
880 1592 1084 1662 ταύτην
1117 1591 1445 1661 συνίστησιν.
1466 1591 1553 1654 Ὠς
1590 1590 1698 1662 γὰρ
1737 1588 1873 1661 σοφὴ

310 1688 420 1744 τῶν
446 1687 684 1760 βλαστῶν
715 1689 747 1758 ή
776 1686 1130 1759 καρπογονία,
1156 1685 1249 1738 καὶ¹
1284 1684 1497 1756 ἄστρων
1522 1681 1759 1750 εὐταξία,
1781 1683 1876 1735 καὶ

312 1778 484 1851 ήλίου,
517 1777 612 1832 καὶ
640 1777 866 1849 σελήνης
892 1776 1205 1839 ἁνυπαίτιος
1232 1774 1450 1847 δρόμος,
1483 1775 1579 1828 καὶ
1605 1772 1877 1844 θαλάσσης

311 1872 451 1942 ὅρων
478 1870 674 1941 θεσμὸς
706 1871 778 1943 μὴ
812 1870 1247 1941 ὑπερισταμένης
1273 1869 1372 1941 τὴν
1414 1869 1677 1940 Πρόνοιαν
1717 1868 1877 1921 ἀναν-

310 1960 582 2031 τιρῤήτως
619 1961 974 2032 μαρτύρεται·
997 1958 1168 2023 οὕτως
1190 1961 1284 2014 καὶ
1313 1962 1345 2030 ἠ
1374 1959 1480 2014 τῶν
1503 1957 1655 2023 ζώων
1682 1957 1879 2028 ἰδιότης

309 2052 370 2105 τὸ
395 2051 808 2124 ἀπαράλλακτον
836 2053 934 2123 τῆς
972 2052 1175 2117 τάξεως
1210 2051 1589 2122 ὲνδεικνυμὲνη
1622 2050 1720 2122 τὴν
1747 2050 1881 2121 Πρό-

311 2161 460 2198 νοιαν
503 2144 648 2216 μάλα
678 2143 860 2211 σαφῶς
898 2144 1174 2216 κηρύττει,
1198 2143 1446 2215 καθάπερ
1478 2141 1624 2214 ψυχὴ
1658 2142 1881 2195 κινοῦσα

311 2234 408 2289 τοῦ
446 2236 649 2306 κόσμου
693 2237 872 2289 πᾶσαν
912 2236 1010 2307 τὴν
1040 2235 1314 2289 σύστασιν.
1348 2234 1459 2289 Καὶ
1480 2233 1882 2302 καταγέλαστος

313 2325 381 2379 ἂν
413 2325 499 2395 εἴη
531 2327 639 2390 πᾶς
666 2328 694 2380 ὀ
724 2327 1016 2391 ἐκϐάλλων,
1047 2326 1155 2393 τῷν
1186 2326 1460 2396 στοιχείων
1487 2324 1740 2379 ἁπάντων
1762 2327 1885 2396 ὀμο-

316 2417 612 2485 λογούντων
640 2416 808 2487 αὐτήν
825 2435 837 2448 ·
874 2419 945 2490 γῆ
981 2418 1077 2489 μὲν
1098 2418 1232 2490 πρὸς
1254 2416 1584 2491 φυτουργίαν
1605 2417 1704 2470 οὐκ
1729 2417 1884 2469 ἀπει-

317 2506 504 2572 θοῦσα,
537 2508 685 2579 ἥλιός
710 2526 788 2574 τε,
824 2511 916 2563 καὶ
947 2510 1163 2581 σελήνη,
1193 2510 1373 2564 καὶτὰ
1401 2508 1560 2564 λοιπὰ
1584 2509 1756 2581 ἄστρα
1787 2507 1880 2561 τοῦ

317 2600 685 2670 προσήκοντος
721 2600 920 2672 δρόμου
966 2601 1039 2673 μὴ
1086 2601 1386 2667 στείλαντα,
1423 2602 1657 2656 Θάλαττα
1686 2600 1883 2656 κανόνα

317 2688 630 2759 προπαγῆς
650 2690 748 2761 οὐχ
769 2690 1184 2764 ὑπερϐαίνουσα,
1205 2690 1378 2763 νηκτὰ
1403 2691 1458 2744 δὲ
1483 2692 1574 2745 καὶ
1594 2691 1881 2763 ἀεροπόλα,

317 2779 413 2833 καὶ
432 2783 660 2852 χερσαῖα
679 2782 778 2852 τῆς
804 2781 1155 2854 ὀφειλομένης
1177 2783 1365 2855 χρείας
1378 2784 1475 2853 ούχ
1495 2782 1880 2855 ύστερούμενα.

318 2870 442 2934 Πῶς
487 2868 579 2928 οὖν
626 2873 726 2927 οὐκ
758 2873 937 2938 ἄδικος
984 2873 1077 2927 καὶ
1109 2875 1296 2946 ἄφρων
1321 2875 1349 2926 ὀ
1371 2874 1596 2929 καθόλου
1629 2875 1724 2946 τὴν
1752 2873 1887 2946 Πρό-

319 2979 466 3015 νοιαν
489 2963 947 3035 παραιτούμενος;
976 2964 1106 3017 ’Ποῦ
1136 2965 1290 3034 λόγος
1315 2967 1431 3039 ἐρεῖ
1460 2966 1699 3037 τεχνικὸν
1711 2965 1883 3037 ’ἔργον

322 3052 396 3125 μὴ
437 3055 989 3126 ἀπαυτοματίζεσθαι,
1038 3057 1174 3129 πρὸς
1204 3058 1510 3129 ἐπιστήμης
1554 3056 1610 3110 δὲ
1650 3055 1716 3115 τὰ
1747 3055 1886 3126 σοφὰ

318 3144 454 3218 ἔργα
481 3147 876 3202 ἀποτελεῖσθαισ
912 3151 1107 3203 αὐτίκα
1148 3149 1278 3225 γοῦν
1319 3150 1757 3222 ἀνδριαντοποιοῦ
1801 3149 1885 3203 ἕν-

1974 549 2147 621 pitum
2176 552 2264 607 edi
2286 562 2619 608 asseverant.

2047 685 2210 741 Sexto
2233 686 2320 742 die
2339 687 2506 757 jussit
2521 687 2664 744 Deus
2687 690 2970 759 producere
2998 700 3190 745 terram
3207 689 3543 761 quadrupede

1974 778 2257 833 secundum
2286 796 2468 850 genus,
2501 791 2549 834 et
2578 783 2807 851 reptilia,
2845 794 2894 838 et
2936 784 3128 837 bestias
3169 792 3343 847 terras,
3371 794 3419 837 et
3448 786 3544 854 ju-

1974 881 2171 935 menta,
2209 882 2258 926 et
2283 874 2460 927 omnia
2505 876 2765 943 serpentia
2821 891 2974 945 super
3012 885 3229 943 terram,
3257 877 3542 931 secundum

1972 979 2132 1034 genus
2165 964 2228 1028 “,
2254 972 2307 1020 ct
2331 969 2513 1021 statim
2538 969 2718 1022 omnia
2744 968 3010 1039 producta
3031 974 3180 1033 sunt,
3234 975 3293 1022 ut
3312 966 3313 969 “
3334 979 3540 1035 essent,

1975 1071 2094 1126 qua}
2131 1071 2471 1114 communem
2509 1076 2631 1115 cum
2661 1061 2883 1118 homine
2940 1069 3150 1118 naturae
3174 1077 3395 1118 sensum
3445 1063 3544 1117 ha-

1975 1146 2124 1211 bent,
2151 1147 2254 1203 etsi
2282 1164 2388 1204 non
2417 1151 2647 1206 similem
2670 1154 2902 1207 animam
2934 1155 3270 1225 possideant,
3292 1155 3555 1224 quamvis.

1974 1239 2180 1303 vivant,
2208 1247 2261 1295 et
2282 1248 2452 1306 motu,
2482 1258 2642 1312 quem
2664 1245 2837 1315 prima
2870 1247 3152 1317 sanguinis
3178 1254 3394 1311 natura,
3417 1261 3551 1302 cum.

1975 1331 2264 1388 ambientis
2292 1334 2433 1389 aeris
2449 1334 2640 1404 spiritu
2655 1336 3259 1410 misceatur,elargitur,
3287 1356 3547 1395 movean-

1975 1422 2606 1495 tur,.diversissimisque
2634 1427 2743 1480 sint
2771 1430 2911 1483 inter
2931 1444 2990 1484 se
3020 1430 3282 1497 moribus,
3305 1431 3555 1487 divinam

1976 1509 2386 1568 Providentiam
2418 1515 2848 1583 insinuantilms,
2877 1534 3003 1573 nam
3045 1527 3098 1574 et
3128 1521 3243 1575 hzec
3294 1521 3363 1576 ad
3421 1537 3544 1577 eam

1978 1605 2458 1660 commendandam
2481 1607 2713 1664 maxime
2730 1609 3059 1666 conducunt.
3081 1609 3546 1677 Quemadmodum

1977 1696 2121 1751 enim
2147 1698 2454 1767 germinum
2483 1700 2701 1769 sapiens
2733 1709 2788 1757 et
2812 1703 2999 1758 varius
3017 1702 3248 1768 fructus,
3278 1712 3332 1759 et
3361 1713 3560 1761 rectus.

1981 1794 2256 1841 astrorum
2279 1788 2428 1855 ordo,
2467 1796 2521 1842 et
2543 1790 2674 1845 solis
2695 1791 2943 1862 lunaeque
2965 1807 3162 1848 cursus
3212 1794 3557 1865 inculpatus,

1979 1880 2254 1948 marisque
2276 1880 2632 1934 terminorum
2681 1882 2763 1936 lex
2816 1883 3093 1949 inviolata,
3141 1883 3559 1942 Providentiam;

1980 1983 2090 2023 non
2142 1979 2510 2040 repugnanter
2548 1972 2941 2042 testiﬁcantur;
3001 1975 3081 2030 sic
3130 1983 3184 2029 et
3231 1978 3558 2032 animalium

1981 2061 2305 2131 proprietas,
2328 2060 2645 2133 ordinisque
2677 2074 2935 2135 perpetua
2966 2075 3019 2121 et
3049 2083 3323 2138 nunquam
3348 2069 3561 2123 immuo-

1980 2152 2094 2205 ta'ta
2118 2154 2307 2217 series,
2336 2155 2471 2209 satis
2513 2154 2660 2209 clare
2709 2153 3112 2211 Providentiam
3141 2157 3558 2224 demonstrans,

1982 2243 2138 2314 quasi
2177 2258 2353 2314 praeco
2390 2246 2727 2315 pronuntiat,
2763 2253 3020 2317 tanquam
3075 2254 3287 2305 animus
3333 2265 3551 2304 omnem

1982 2333 2125 2387 hanc
2150 2333 2337 2387 mundi
2369 2349 2593 2390 movens
2626 2342 2979 2392 structuram.
3010 2336 3075 2390 Et
3106 2353 3237 2393 sane
3285 2339 3563 2396 ridiculus

1982 2432 2127 2480 esset
2150 2426 2243 2495 qui
2272 2440 2389 2480 eam
2422 2426 2732 2498 denegaret,
2763 2429 3045 2484 elementis
3071 2431 3323 2487 omnibus
3351 2433 3563 2489 conﬁr—

1982 2517 2281 2581 mantibus,
2317 2524 2464 2573 terra
2483 2519 2699 2591 quidem
2724 2518 2790 2573 ad
2817 2518 3048 2577 fructus-
3064 2522 3316 2578 ferendos
3338 2524 3565 2581 obtem-

1983 2617 2156 2678 perat,
2189 2612 2270 2664 sol
2302 2616 2356 2665 et
2380 2610 2532 2677 luna,
2567 2620 2621 2667 et
2660 2614 2868 2684 reliqua
2919 2615 3097 2670 sidera
3155 2630 3186 2669 a
3232 2629 3404 2672 cursu
3451 2619 3565 2676 sibi:

1984 2699 2344 2756 conveniente
2364 2717 2642 2772 nunquam
2685 2702 2977 2767 desistunt,
3024 2721 3173 2762 mare
3221 2708 3395 2780 legem
3451 2708 3562 2764 sibi.

1984 2793 2356 2863 prmscriptam
2386 2794 2754 2866 incorruptam
2775 2798 3032 2862 custodit,
3065 2799 3318 2855 animalia
3348 2801 3562 2865 munia,

1985 2881 2100 2936 sive
2120 2884 2277 2953 aquis
2312 2891 2521 2950 natent,
2548 2886 2662 2941 sive
2684 2901 2807 2943 aere
2828 2888 3029 2954 volent,
3054 2891 3169 2944 sive
3206 2898 3347 2945 terra
3378 2890 3563 2947 feran‘

1987 2986 2093 3041 tur,
2125 2995 2396 3050 nusquam
2427 2980 2482 3035 in
2504 2983 2698 3039 usibus
2728 2984 2851 3040 vitae
2889 2987 3215 3043 necessariis
3244 2986 3559 3044 destituun-

1986 3076 2094 3124 tur.
2170 3070 2453 3137 Quomodo
2528 3074 2700 3145 igitur
2758 3091 2868 3130 non
2948 3078 3053 3131 erit
3106 3087 3160 3134 et
3215 3093 3251 3132 τι
3302 3081 3550 3151 justitia,

1986 3167 2039 3214 et
2070 3160 2139 3215 ab
2159 3162 2307 3217 omni
2336 3164 2567 3219 consilio
2598 3166 2832 3231 alienus,
2857 3168 2948 3238 qui
2997 3169 3214 3239 penitus
3260 3170 3339 3227 de
3374 3173 3558 3228 medio

317 3254 463 3291 νοιαν
487 3239 861 3312 λαμϐάνομεν
901 3241 1084 3295 είκόνα
1116 3241 1173 3295 δὲ
1203 3220 1542 3315 περικαλλῶς
1569 3244 1881 3315 γεγραμμέ-

1986 3247 2389 3307 Providentiam
2420 3255 2594 3309 tollit?
2617 3220 3033 3322 Qumnamlrati'o
3063 3260 3112 3314 id
3143 3260 3389 3329 docebit,
3420 3264 3555 3317 arti-

315 3346 412 3402 νην
440 3332 763 3397 κατιδόντες,
786 3334 876 3389 τὸν
900 3335 1105 3407 ταύτης
1130 3338 1343 3408 γραφέα
1373 3333 1718 3408 θαυμάζομεν
1737 3351 1752 3367 ⁸
1785 3336 1886 3407 νῆα

314 3424 370 3476 δὲ
420 3424 682 3497 ἐντέχνως
729 3428 1007 3502 ἐπιστήμῃ
1053 3427 1564 3499 κατεσκευασμένην
1605 3427 1840 3499 ὁρῶντες
1870 3466 1884 3490 ,

316 3516 594 3589 ναυπηγὸν
626 3516 971 3589 ἐπαινοῦμεν.
999 3521 1063 3573 Εἰ
1094 3519 1139 3573 δ’
1173 3520 1325 3574 αὐτοὶ¹
1350 3520 1572 3591 τεχνικὰ
1595 3518 1731 3592 ἔργα
1751 3517 1887 3572 θεώ-

320 3625 471 3678 μενοι
498 3609 589 3663 τδν
620 3609 892 3680 ἔμμουσον
923 3612 1167 3685 τεχνίτην
1200 3611 1555 3683 γινώσκομεν,
1594 3612 1646 3665 τί
1692 3607 1784 3665 οὖν
1826 3610 1886 3664 ού

319 3699 519 3769 μᾶλλον
564 3700 662 3773 τὴν
704 3705 918 3759 πάντων
965 3706 1133 3776 σοφὴν
1178 3705 1439 3778 Πρόνοιαν
1485 3700 1542 3757 ἐν
1587 3702 1885 3774 καταλήψει

315 3788 553 3861 ἓξοιμεν,
591 3790 849 3863 ὀφθαλμῷ
894 3793 1129 3848 διάνοιαν
1160 3794 1248 3846 διὰ
1286 3792 1394 3847 τῶν
1428 3793 1883 3863 ὲστοιχειωμὲνων

316 3881 526 3953 κόσμου
573 3883 776 3956 μερῶν,
825 3886 1202 3957 ἐπιστημόνως
1233 3883 1618 3955 τεταγμένων;
1663 3872 1745 3937 Τά
1776 3883 1884 3957 γὰρ

316 3972 432 4045 εἴδη
481 3974 575 4027 καὶ
627 3977 878 4047 σχήματα
914 3978 1071 4032 ίκανά
1100 3979 1365 4050 γνωρίσαι
1403 3978 1496 4030 τὸν
1538 3976 1806 4048 τεχνίτην,
1835 3979 1884 4031 εἰ

318 4065 413 4119 καὶ
444 4066 587 4139 λόγῳ
609 4067 679 4121 τὰ
707 4070 1122 4142 ὲστοιχειωμένα
1159 4070 1368 4141 σιωπὴν
1419 4070 1560 4137 ἄγει.
1601 4068 1746 4122 Φιλεῖ
1776 4067 1885 4140 γὰρ

316 4156 386 4210 τὰ
428 4159 565 4234 πρός
601 4178 746 4226 τινος
787 4162 1138 4234 μορφωθὲντα
1164 4163 1258 4216 τὸν
1292 4162 1670 4235 κεκοσμηκότα
1697 4161 1886 4233 ὀμολο-

317 4252 451 4319 γείν.
1114 4280 1118 4284 -

1987 3341 2233 3398 ﬁciosum
2251 3359 2389 3416 Opus
2411 3353 2634 3413 temere,
2654 3346 2988 3420 fortuitoque
3011 3352 3239 3422 produci
3255 3355 3285 3408 ?'
3308 3353 3407 3411 Ubi
3425 3371 3557 3427 pru-

1989 3432 2172 3488 dentia
2204 3433 2502 3505 perfectum
2534 3444 2588 3491 et
2631 3439 2970 3494 elaboratum
3021 3457 3160 3513 Opus
3211 3448 3555 3517 conspexeri-

1990 3540 2137 3591 mus,
2173 3525 2293 3595 ejus
2326 3526 2587 3582 artificem
2617 3537 2798 3585 mente
2850 3534 3215 3604 revolvimus;
3263 3537 3554 3611 imaginem

1990 3615 2353 3686 pulcherrime
2380 3618 2579 3689 pictam
2611 3621 2813 3687 intuiti,
2844 3624 2964 3695 ejus
3006 3628 3269 3698 pictorem
3317 3634 3555 3690 admira-

1988 3723 2112 3763 mur
2131 3726 2145 3774 ;
2166 3724 2359 3765 navem
2373 3713 2666 3769 artiﬁciose
2692 3715 3091 3789 prudenterque
3112 3737 3444 3794 compactam
3472 3730 3555 3784 vi~

1988 3797 2200 3866 dentes,
2225 3817 2531 3874 naupegum
2556 3806 3025 3865 commendamus.
3046 3809 3102 3865 Si
3132 3811 3296 3883 igitur
3317 3832 3418 3873 nos
3449 3818 3556 3891 ipsi

1989 3906 2155 3964 opera
2180 3905 2296 3950 arte
2324 3896 2575 3952 confecta
2606 3911 2895 3958 cernentes
2923 3904 2987 3959 in.
3018 3909 3380 3978 cognitionem
3424 3928 3557 3983 pru-

1990 3984 2170 4042 dentis
2204 3988 2429 4046 artiﬁcis
2456 3990 2794 4060 devenimus,
2821 4011 3061 4067 quanam
3086 4001 3298 4059 ratione
3339 4006 3556 4075 sapien-

1988 4083 2098 4132 tem
2138 4093 2320 4134 rerum
2344 4082 2585 4138 omnium
2620 4082 3045 4155 Providentiam,
3078 4092 3326 4161 partibus
3365 4098 3555 4152 mundi

1987 4167 2381 4227 elementorum
2413 4189 2515 4245 ope
2543 4175 2793 4256 conﬂatis
2815 4182 3382 4256 rectequedispositis,
3402 4205 3570 4244 men-.

1989 4258 2062 4315 tis
2092 4263 2267 4319 oculis
2301 4279 2411 4320 non
2438 4254 3006 4337 comprebendemus?
3052 4254 3199 4332 Satis
3246 4278 3392 4333 enim
3427 4293 3556 4339 sunt

317 4351 371 4401 et
397 4345 630 4416 species,
660 4354 713 4402 et
750 4345 957 4413 τοι-σιω,
988 4357 1293 4419 caeteraque
1335 4365 1402 4405 ex
1433 4348 1715 4406 elementis
1769 4349 2091 4418 composita,
2150 4355 2253 4412 etsi
2288 4356 2505 4414 silentio
2562 4360 2862 4432 indulgent,
2910 4363 2983 4420 ad
3018 4380 3209 4423 eorum
3256 4369 3414 4429 nobis
3465 4387 3556 4431 ar-

318 4437 517 4494 tiﬁcem
544 4440 1017 4500 manifestandum.
1051 4442 1239 4500 Solent
1258 4445 1456 4501 etenim
1488 4457 1576 4500 res
1604 4440 1876 4512 abaliquo
1901 4443 2148 4502 conﬁctae
2180 4460 2460 4519 parentem
2482 4459 2538 4509 et
2558 4453 2917 4512 formatorem
2937 4454 3112 4514 effari.

389 4556 601 4630 Ὥσπερ
644 4558 702 4612 δὲ
740 4558 850 4613 τῶν
901 4560 1176 4632 στοιχείων
1217 4564 1250 4634 ή
1297 4561 1552 4627 σύστασις
1599 4562 1881 4636 σαφηνίζει

2054 4563 2320 4622 Caeterum
2337 4567 2794 4640 quemadmodum
2820 4573 3217 4633 elementorum.
3232 4578 3554 4638 constitutio

317 4648 417 4722 τὴν
446 4650 729 4725 Πρόνοιαν,
775 4652 919 4707 οὕτω
949 4655 1045 4709 καὶ
1073 4656 1106 4727 ἡ
1130 4655 1236 4709 τῶν
1265 4638 1416 4721 ζώων
1447 4657 1701 4731 διάφορος
1728 4658 1888 4729 φύσις

317 4742 416 4814 τὴν
442 4743 641 4811 γνῶσιν
671 4744 872 4818 ταύτης
894 4748 1208 4819 παρέχεται.
1242 4751 1604 4821 Συγγεννᾶται
1652 4752 1751 4823 μὲν
1779 4753 1888 4821 γὰρ

317 4837 346 4889 ὀ
374 4835 544 4907 Θυμός
568 4836 642 4908 τῷ
664 4836 859 4902 λέοντι,
893 4839 986 4893 καὶ
1005 4839 1139 4898 ,ἔστι
1162 4843 1478 4911 μοναστικὺς
1500 4846 1528 4898 ὀ
1560 4844 1674 4915 βίος
1701 4845 1885 4911 αὑτοῦ,

317 4924 494 4979 οὐδενὶ
514 4925 621 4980 τῶν
645 4925 799 4991 ζώων
822 4927 1110 4991 κοινωνῶν,
1138 4930 1258 4984 οὐδὲ
1278 4930 1465 5003 χθιζὴν
1484 4933 1688 5004 τροφὴν
1713 4934 1890 5005 προϊέ-

322 5030 502 5085 μενος,
535 5015 672 5071 ἀλλὰ
700 5019 1009 5090 πρόσφατον
1028 5037 1043 5052 ·
1071 5021 1249 5087 ὀξεῖαν
1277 5021 1333 5075 δὲ
1365 5023 1477 5094 ἔχει
1499 5023 1595 5095 τὴν
1616 5025 1882 5097 αἴσθησιν,

319 5107 414 5162 καὶ
463 5108 655 5163 θᾶττον
701 5111 800 5183 τῆς
844 5112 1022 5184 ὀσμῆς
1050 5113 1159 5168 τῶν
1189 5114 1524 5187 θηρευόντων
1552 5117 1882 5185 αἰσθάνεται,

317 5201 414 5255 καὶ
439 5200 625 5274 δρόμῳ
666 5202 854 5272 φεύγει
880 5204 974 5258 ἐπὶ
1002 5205 1065 5259 τὸ
1092 5206 1371 5277 σπήλαιον,
1400 5207 1470 5262 τὰ
1494 5209 1615 5280 ίχνη
1659 5212 1723 5282 τῇ
1753 5212 1883 5283 σοόῇ

316 5292 665 5363 περισαίνων,
678 5294 827 5359 ὅπως
844 5294 1185 5366 καλυφθέντα
1200 5298 1302 5352 ὑπὸ
1325 5300 1421 5371 τῆς
1438 5300 1638 5364 κόνεως
1651 5303 1886 5373 ἀνίχνευ-

315 5399 407 5436 τον
437 5385 553 5446 τοῖς
586 5382 872 5455 θηρευταῖς
901 5388 1331 5458 καταστήσωσιν.
1364 5389 1547 5462 Πηρὸς
1582 5389 1638 5442 δὲ
1665 5391 1828 5445 αὑτοῦ
1854 5394 1885 5446 ό

318 5473 558 5545 σκύμνος
581 5474 842 5542 τίκτεται,
874 5479 969 5531 καὶ
998 5482 1147 5549 τρεῖς
1178 5480 1391 5552 ἡμέρας
1417 5482 1522 5535 ὑπὸ
1550 5481 1650 5553 τῆς
1669 5483 1884 5554 λεαίνης

317 5566 662 5639 φυλάττεται,
684 5569 779 5622 καί⁷
799 5568 967 5623 ἐλθὼν
996 5570 1155 5634 αὐτὸς
1170 5570 1278 5625 ἀπὸ
1303 5572 1400 5643 τῆς
1427 5572 1616 5644 θήρας,
1639 5576 1885 5647 ἐμφυσήν

320 5677 417 5725 σας
458 5661 617 5717 αὐτὸν
648 5663 731 5728 εἰς
775 5663 836 5716 τὸ
873 5665 1192 5736 πρόσωπον,
1229 5663 1495 5735 βλέποντα
1539 5667 1699 5721 αὑτὸν
1737 5667 1882 5733 ἐξαν-

390 5820 434 5855 ¹⁶
473 5820 601 5882 Gen.
630 5839 670 5888 ι,
699 5822 792 5889 21,
823 5822 907 5894 26,

1988 4653 2390 4714 Providentiam
2416 4661 2757 4732 perspicuam
2790 4661 2944 4730 facit,
2988 4667 3069 4723 sic
3127 4677 3183 4726 et
3234 4670 3554 4731 animalium

1987 4747 2138 4802 varia
2164 4756 2386 4816 natura,
2420 4751 2540 4821 ejus
2565 4753 2726 4808 nobis
2748 4755 3113 4825 cognitionem
3131 4760 3350 4832 ingerit.
3378 4762 3556 4820 Gene-

1986 4840 2189 4896 rositas
2220 4841 2441 4898 enimet
2462 4842 2744 4900 iracundia
2768 4861 2876 4900 una
2895 4862 3019 4903 cum
3047 4850 3203 4908 leone
3225 4868 3551 4923 nascuntur,

1986 4932 2174 5004 illique
2203 4933 2442 4989 solitudo
2470 4942 2526 4991 et
2569 4951 2819 4993 recessus
2847 4941 3022 4996 amica
3053 4951 3204 5011 sunt,
3262 4962 3432 5019 seque
3479 4966 3545 5007 ex

1986 5024 2302 5080 animalium
2339 5025 2642 5098 frequentia
2665 5031 2804 5087 tollit
2827 5049 2843 5098 ;
2867 5032 3022 5087 cibos
3050 5033 3305 5092 hesterna
3352 5039 3441 5096 die
3463 5056 3555 5095 ar-

1986 5122 2170 5184 reptos
2198 5117 2430 5188 respuit,
2464 5122 2798 5177 recentiores
2822 5125 3099 5193 capessit;
3123 5142 3290 5185 sensu
3339 5133 3552 5185 acerri-

1985 5221 2077 5260 mo
2104 5217 2211 5272 est,
2242 5210 2638 5280 celerrimoque
2671 5211 2839 5269 odore
2875 5216 3111 5285 quodam
3138 5228 3400 5278 venantes
3432 5237 3554 5279 sen-

1985 5298 2073 5362 tit,
2101 5312 2378 5371 cursuque
2403 5300 2576 5357 fertur
2596 5303 2650 5358 in
2678 5306 3014 5376 speluncam,
3032 5312 3275 5382 vestigiis
3303 5322 3553 5369 recenter

1984 5388 2269 5460 impressis
2297 5391 2470 5446 cauda
2505 5392 2830 5466 deturpatis,
2857 5406 2915 5452 ut
2957 5400 3066 5456 illis
3104 5402 3325 5472 pulvere
3374 5403 3546 5460 obvo-

1983 5481 2137 5547 lutis,
2163 5492 2455 5540 venatores
2518 5500 2915 5558 consequentes
2968 5491 3209 5562 eﬁ‘ugiat.
3264 5492 3552 5551 Caecusil-

1982 5571 2091 5629 lius
2134 5574 2348 5631 catulus
2378 5588 2669 5648 generatur
2688 5587 2743 5634 et
2771 5580 2948 5635 tribus
2982 5582 3172 5650 primis
3202 5582 3395 5641 diebus
3447 5600 3549 5642 cu-

1983 5665 2160 5721 stodia
2195 5666 2376 5723 leaenae
2407 5679 2740 5740 asservatur,
2770 5671 2941 5727 donec
2976 5672 3066 5728 ille
3093 5688 3123 5727 a
3152 5675 3439 5734 venatione
3461 5695 3568 5736 res

3597 530 3657 610 Γ.
