4090 6288
589 292 695 349 ⁸759

1448 288 1511 345 S.
1551 285 1992 346 EUSTATHIUS
2024 284 2509 347 ANTIOCHENUS
2547 287 2943 349 EPISCOPUS.

3703 301 3790 358 ιιι

583 418 810 474 gressus
834 402 892 457 in
924 400 1115 484 faciem
1142 398 1355 468 efﬂans,
1393 398 1616 455 videndi
1649 399 1757 454 vim
1792 401 1870 455 illi
1901 415 2124 457 eommu

2212 446 2221 466 ι
2250 405 2482 477 ίστησιν.
2501 406 2691 460 Ἠνίκα
2717 406 2772 460 δὲ
2801 407 3070 480 ἀνθρώπῳ
3098 410 3133 481 ἡ
3150 426 3255 465 τινι
3283 409 3390 464 τῶν
3415 409 3564 477 ζώων
3593 411 3791 490 ἐπέρχε.

583 497 753 549 nicat.
789 493 1017 561 Quando
1046 506 1173 547 vero
1204 492 1478 548 hominem
1503 492 1589 547 vel
1618 491 1764 547 aliud
1815 494 2013 548 animal
2063 508 2157 564 ag-

2257 513 2368 562 ται,
2405 496 2651 569 μαστίζει
2674 501 2739 569 τῇ
2775 498 2904 570 σοϐᾖ
2932 499 3121 555 ἑαυτὸν
3148 500 3407 576 πρότερον
3423 503 3562 558 κατὰ
3580 505 3638 560 et
3657 526 3790 582 ποιη-

583 586 851 656 greditur,
881 590 1049 641 semet
1082 583 1234 653 prius
1261 583 1432 638 cauda
1464 599 1560 639 seu
1577 584 1810 655 quodam
1831 585 2155 641 incitamen-
2256 589 2435 644 τεκόνο

584 683 643 729 ιο
672 675 923 746 ﬂagellat,
955 681 1015 728 ut
1046 684 1202 745 poeta
1242 676 1438 730 cecinit
1469 674 1546 717 ’τε

654 785 842 858 Gauda
863 803 981 841 vero
1006 786 1275 858 lateraque
1297 796 1346 842 et
1375 786 1577 842 lumbos
1605 788 1847 856 utrinque

662 856 933 920 Verberat,
957 874 1106 929 seque
1120 856 1291 926 ipsum
1321 860 1517 912 excitat
1542 859 1610 911 ad
1645 862 2005 928 pugnandum.

579 969 638 1023 In
666 977 906 1034 senecta,
967 970 1222 1041 quoniam
1249 971 1318 1025 ad
1366 975 1770 1044 persequendas
1819 972 1963 1029 feras
2000 974 2147 1029 vires

579 1076 688 1115 nou
719 1069 999 1131 superant,
1032 1065 1193 1118 urbes
1222 1063 1453 1132 obsidet,
1508 1065 1820 1121 hominibus
1859 1066 1926 1119 ad
1972 1068 2136 1119 vitam

577 1152 1008 1208 conservandam
1043 1152 1281 1216 inhians,
1301 1170 1620 1226 semperque
1649 1157 1792 1212 illius
1811 1172 1873 1210 os
1893 1158 2148 1227 gravissi-

576 1258 723 1297 mum
741 1240 1231 1300 omniumredditet
1244 1245 1460 1300 odorem
1479 1254 1530 1302 et
1550 1247 1771 1300 halitum
1788 1264 1801 1313 ;
1817 1247 2006 1303 oculos
2020 1262 2143 1301 cum

575 1333 796 1398 dormit,
823 1343 1069 1406 patentes
1097 1338 1277 1393 habet.
1303 1337 1496 1394 Leaena
1531 1338 1621 1393 vix
1641 1338 1967 1408 dilIicileque
1984 1338 2144 1393 unius

573 1427 741 1483 catuli
764 1438 978 1498 partum
1017 1429 1299 1496 sustinet;
1345 1431 1402 1485 in
1455 1430 1572 1500 ipso
1627 1432 1770 1486 enim
1827 1433 1991 1485 enixu
2039 1446 2143 1484 un-

572 1518 759 1588 guium
793 1520 909 1574 acie
938 1519 1077 1575 l'etus
1102 1522 1246 1575 illius
1274 1522 1533 1577 dilacerat
1558 1533 1789 1578 uterum.

644 1608 892 1666 Pardalis
922 1613 1212 1668 vehemens
1234 1622 1390 1669 estet
1436 1615 1718 1685 repentino
1760 1613 1964 1686 impetu
2004 1630 2144 1686 prae-

2249 784 2412 854 Οὐρῇ
2432 784 2558 853 μὴν
2583 786 2847 909 πλευὲάς
2872 801 2938 841 τε
2963 787 3062 842 καὶ
3095 790 3262 859 ἰσχία
3283 789 3686 861 ἀμφοτέρωθεν

2252 858 2599 909 Μαστίεται.
2628 855 2689 909 ἓε
2766 859 2778 877 ’
2808 858 2992 909 αὑτὸν
3012 858 3323 909 ἐποτρύνει
3348 862 3686 909 ηανέσηπθη

2252 858 2599 920 Μαστίεται,
2628 855 2689 910 ἓε
2727 855 2778 909 δ’
2808 858 2992 911 αὑτὸν
3012 855 3726 931 ἐποτρύνείῂαχέὶγασθαι.

2250 964 2503 1036 Γηράσας
2523 964 2599 1030 δὲ,
2629 966 2721 1019 καὶ
2743 969 2820 1029 εἰς
2841 965 3014 1038 ἀγραν
3044 965 3280 1037 βαδίζειν
3305 968 3510 1022 ἀτονῶν
3538 972 3784 1045 ἐφεδρεύει

2248 1060 2368 1120 ταῖς
2396 1057 2632 1121 πόλεσιν,
2669 1056 2915 1129 θηρεύειν
2959 1060 3038 1121 εἰς
3088 1057 3272 1129 βιωσιν
3324 1061 3450 1123 τοὺς
3501 1061 3783 1136 ἀνθρώπους

2249 1148 2746 1219 γλιχόμενος.”Εστι
2774 1149 2830 1202 δὲ
2854 1150 3016 1203 αὑτοῦ
3050 1151 3108 1205 τὸ
3139 1151 3308 1222 στόμα
3336 1153 3561 1207 πάντοτε
3583 1155 3783 1213 δυσωδέ-

2253 1256 2443 1294 στατον
2460 1256 2474 1269 ·
2507 1239 2781 1294 καθεύδων
2800 1241 2856 1294 δὲ
2881 1242 3224 1306 ἀναπετάσας
3248 1243 3445 1313 ἔχειτὰ
3472 1244 3713 1319 βλέφαρα.
3729 1253 3779 1306 Ἢ

2248 1332 2305 1386 δὲ
2332 1333 2516 1387 λέαινα
2546 1333 2696 1404 μόλις
2726 1331 2843 1397 ἐνὸς
2872 1334 3107 1406 σκύμνου
3156 1335 3417 1407 ὑπομένει
3455 1338 3552 1410 τὴν
3582 1341 3777 1415 κύησιν

2250 1424 2454 1496 προῖὼν
2485 1425 2593 1497 γάρ
2621 1427 2700 1490 εἰς
2726 1426 2786 1479 τὸ
2807 1425 2911 1493 ἔξω
2950 1431 3070 1491 ταῖς
3100 1430 3304 1501 ἀκμαῖς
3334 1431 3446 1485 τῶν
3477 1431 3669 1505 ὀνύχων
3697 1438 3777 1509 τὴν

2252 1517 2467 1588 μήτραν
2493 1516 2888 1591 διασπαράσσει
2922 1520 3108 1591 αὐτῆς.

2328 1610 2672 1678 Ῥαγδαλαίον
2719 1614 2752 1683 ἡ
2796 1611 3056 1685 πάρδαλις
3105 1616 3193 1669 καὶ
3238 1614 3537 1689 ὀξύρροπον
3565 1620 3676 1682 ταῖς
3714 1622 3780 1690 ὁρ-

574 1716 739 1772 ceps;
766 1711 962 1758 caetera
987 1704 1244 1759 animalia
1290 1707 1574 1762 tremenda
1617 1708 1787 1762 vincit
1834 1709 2124 1763 velocitate

2243 1706 2389 1774 μαῖς,
2420 1705 2645 1759 καὶτῶν
2677 1705 2847 1760 ἄλλων
2875 1706 3148 1780 διαφέρων
3181 1706 3418 1783 ὀξύτητι,
3465 1713 3557 1766 καὶ
3587 1713 3669 1768 ἐπὶ
3698 1712 3778 1776 τὰς

571 1799 626 1843 et
659 1799 785 1846 ante
815 1801 1131 1847 venatorum
1167 1796 1356 1851 oculos
1383 1796 1458 1849 ita
1489 1796 1684 1866 pedum
1718 1796 1859 1852 valet
1905 1795 2141 1867 pernici-

570 1887 701 1949 tate,
731 1890 788 1938 ut
820 1885 1001 1940 volare
1027 1886 1260 1956 quisque
1283 1886 1508 1943 diceret.

639 1973 793 2031 Ursae
827 1986 1021 2031 natura
1044 1980 1227 2049 segnis
1251 1986 1306 2034 et
1329 1980 1639 2049 peculiaris,
1697 1996 1879 2037 mores
1928 1983 2136 2038 malitia

568 2065 816 2130 solertes,
841 2082 1043 2138 corpus
1071 2084 1254 2138 grave.
1285 2068 1632 2141 Saepeitaque
1656 2071 1992 2142 gravissimis
2018 2074 2137 2128 vul-

564 2155 790 2213 neribus
835 2157 1106 2224 confecta,
1143 2159 1243 2214 sibi
1270 2167 1430 2230 parat
1480 2161 1898 2225 medicamenta,
1942 2164 2134 2219 siccis-

565 2245 703 2300 simo
732 2250 992 2304 verhasco
1021 2250 1340 2304 vulneribus
1370 2251 1674 2317 obturatis;
1723 2252 1851 2305 dum
1905 2267 2135 2325 congre—

562 2338 710 2393 ditur
752 2347 806 2393 et
856 2340 1115 2405 luctatur,
1162 2341 1456 2397 artiﬁciose
1513 2343 1680 2412 pedes
1731 2344 2040 2413 complicat,
2079 2354 2134 2401 et

560 2447 683 2487 eum
709 2432 928 2502 quicum
961 2441 1156 2500 certat,
1184 2436 1520 2505 supplantat,
1566 2444 1622 2490 et
1669 2436 1905 2491 medium
1956 2439 2132 2494 valide

559 2534 867 2593 correptum
889 2525 1119 2594 impetit.

631 2615 846 2672 Taurus
868 2618 1150 2683 cornibus,
1176 2619 1376 2687 quibus
1401 2619 1589 2676 hostes
1619 2621 1922 2687 ulciscitur,
1949 2638 2130 2678 arma-

565 2715 675 2776 tur,
710 2711 1047 2781 pedibusque
1077 2711 1400 2766 athletarum
1439 2727 1588 2767 more
1617 2713 1889 2783 pulverem
1937 2714 1991 2769 in
2046 2715 2128 2770 al-

559 2808 674 2854 tum
706 2802 935 2872 spargit,
959 2802 1272 2871 deSpicatus
1283 2802 1456 2858 torvis
1478 2805 1652 2859 oculis
1679 2803 1990 2867 ardescens,
2011 2818 2128 2857 cor-

558 2890 722 2946 nibus
752 2892 1047 2955 inclinatis,
1081 2898 1134 2946 et
1165 2892 1247 2945 ira
1304 2892 1586 2962 gliscente,
1645 2900 1756 2947 toto
1789 2906 2017 2962 corpore
2041 2891 2126 2946 di-

556 2981 905 3036 micationem
937 2981 1135 3052 poscit.

2242 1794 2395 1865 ὄψεις
2426 1795 2534 1849 τῶν
2569 1796 2847 1868 θηρευτῶν
2874 1799 3258 1870 ὲφιπτάμενον.

2310 1972 2511 2049 Νωθρά
2534 1974 2567 2046 ἡ
2605 1973 2763 2046 φύσις
2791 1976 2888 2047 τῆς
2914 1975 3132 2049 ἄρκτου,
3165 1980 3257 2033 καὶ
3296 1980 3606 2054 ἰδιότροπος,
3628 1986 3771 2042 καὶτὸ

2241 2059 2371 2137 ἦθος
2405 2064 2653 2130 ὕπουλος,
2684 2067 2777 2120 καὶ
2830 2066 3017 2140 βαρεῖα
3044 2068 3123 2140 τῷ
3152 2070 3382 2144 σώματι.
3418 2075 3672 2141 Πολλάκις
3698 2074 3768 2131 οὖν

2242 2157 2566 2228 βαθυτάταις
2593 2159 2859 2233 τρωθεῖσα
2888 2160 3140 2234 πληγαῖς,
3174 2165 3407 2236 ἰατρεύει
3462 2169 3646 2240 ἑαυτὴν
3690 2169 3765 2241 ξη-

2240 2252 2446 2323 ροτάτῳ
2478 2252 2665 2324 φλόμῳ
2695 2251 2792 2316 τὰς
2823 2253 3049 2318 ὠτειλὰς
3080 2257 3459 2326 παραϐύουσα.
3497 2261 3766 2317 Παλαίουσα

2236 2343 2291 2396 δὲ
2318 2343 2595 2397 διαπλέκει
2625 2345 2751 2409 τοὺς
2782 2345 2945 2411 πόδας
2977 2347 3267 2419 τεχνικῶς,
3303 2352 3395 2404 καὶ
3436 2351 3762 2418 ὑποσκελίζει,

2235 2432 2330 2485 καὶ
2363 2433 2736 2503 μεσολαϐοῦσα
2766 2434 3040 2506 κραταιῶς
3067 2435 3356 2496 καθάπτει.

2313 2610 2372 2664 '0
2414 2610 2610 2685 ταῦρος
2641 2614 2752 2676 τοῖς
2784 2613 2975 2684 κέρασι
3008 2614 3143 2686 πρὸς
3176 2615 3384 2687 ἄμυναν
3416 2618 3521 2674 τῶν
3563 2621 3762 2676 ἀντιπά-

2231 2698 2335 2752 λων
2362 2699 2751 2767 καθὼπλισται,
2784 2705 2896 2767 τοῖς
2925 2703 2981 2756 δὲ
3014 2706 3168 2758 ποσὶν
3204 2705 3436 2778 ἀθλητοῦ
3477 2710 3658 2781 τρόπον
3693 2729 3764 2765 κο-

2230 2792 2432 2857 νίξεται
2450 2809 2462 2822 ·
2501 2793 2933 2864 ὑποδλεπόμενος
2961 2794 3017 2848 δὲ
3050 2803 3326 2869 πυρωτοῖς
3351 2800 3569 2872 ὄμμασι,
3591 2804 3674 2857 καὶ
3705 2805 3762 2857 τὰ

2229 2885 2433 2957 κέρατα
2464 2884 2809 2955 ὲγκεκλικὼς,
2842 2887 2937 2940 καὶ
2962 2887 3096 2952 ζέων
3124 2890 3297 2963 θυμῷ,
3322 2895 3529 2967 ὲφορμᾷ
3555 2897 3651 2967 ὅλῳ
3691 2896 3759 2966 τῷ

2230 2992 2461 3047 σωματι.

626 3074 770 3143 Aper
798 3075 845 3129 si
866 3074 1070 3129 locatos
1094 3071 1311 3128 insidiis
1337 3080 1626 3128 venatores
1645 3073 1808 3128 fuerit
1845 3073 2124 3136 odoratus.

2298 3068 2404 3131 Σῦς
2433 3068 2509 3131 δὲ,
2534 3070 2659 3142 ὅταν
2691 3070 2774 3144 ἴδῃ
2805 3074 3072 3145 κυνηγοὺς
3094 3074 3150 3126 ὲν
3169 3077 3289 3139 ταῖς
3315 3075 3461 3142 ὕλαις
3487 3078 3751 3150 λοχῶντας,

552 3167 760 3223 viribus
791 3167 1065 3229 excitatis,
1100 3167 1282 3220 nullus
1319 3164 1421 3219 init
1463 3166 1888 3231 contentionem,
1945 3165 2124 3235 prius-

551 3276 715 3332 quam
751 3260 816 3316 ad
842 3261 1050 3316 vicinas
1081 3262 1305 3314 arbores
1334 3257 1526 3313 dentes
1558 3257 1854 3313 exacuerit.

619 3352 926 3424 Antholnps
958 3352 1137 3406 bellua
1158 3360 1239 3406 est
1261 3350 1760 3414 vehementissima,
1790 3356 1989 3405 venatu
2020 3346 2120 3403 dif-

551 3442 727 3508 ﬁcilis,
757 3442 1007 3512 oblongis
1037 3442 1317 3506 cornibus,
1364 3456 1640 3497 serrarum
1692 3440 1883 3504 instar,
1919 3438 2117 3511 quibus

550 3535 688 3589 altas
719 3534 1077 3606 ingentesque
1103 3535 1468 3589 circumsecat
1494 3534 1739 3588 arbores.
1768 3530 1970 3586 Sitiens
2017 3530 2117 3585 Eu-

548 3627 792 3697 phratem
829 3624 1050 3681 ﬂuvium
1092 3627 1245 3697 petit,
1283 3627 1514 3697 indeque
1559 3633 1686 3696 potu
1732 3624 1927 3678 hausto
1971 3623 2114 3677 inter

543 3717 798 3781 ericulas,
837 3734 956 3788 quae
976 3718 1123 3772 circa
1145 3717 1386 3773 ﬂuminis
1430 3721 1577 3788 ripas
1625 3717 1921 3782 virescunt,
1977 3714 2113 3769 ludit

543 3810 718 3881 iisque
745 3812 1052 3882 colligatur.
1087 3809 1297 3865 Etenim
1331 3824 1453 3864 cum
1489 3808 1600 3863 sint
1627 3808 1882 3863 tenuibus
1920 3814 1973 3861 et
1999 3806 2112 3861 len-

540 3901 614 3956 t-is
648 3902 903 3965 surculis,
931 3903 1074 3956 inter
1107 3917 1165 3956 se
1219 3900 1482 3956 cornibus
1543 3899 1691 3954 illius
1737 3899 2106 3969 implicantur,

2221 3158 2643 3231 διανιστάμενος,
2677 3164 2736 3217 οὐ
2770 3164 3028 3236 πρότερον
3057 3168 3270 3239 ἐφορμᾷ
3303 3169 3473 3241 πρὶνή
3504 3172 3607 3232 τοῖς
3630 3168 3749 3237 πληο

2225 3249 2336 3304 σίον
2372 3251 2605 3324 δένδροις
2632 3254 2919 3329 παραθήξῃ
2947 3260 3073 3320 τοὺς
3102 3257 3331 3323 ὀδόντας.

2292 3343 2446 3397 Ἔστι
2465 3344 2520 3398 δὲ
2537 3345 2671 3408 ζῶον
2702 3346 2928 3419 ἀνθόλοψ
2956 3353 3158 3424 σφόδρα
3187 3351 3481 3425 δριμύτατον
3504 3352 3587 3406 καὶ
3615 3351 3732 3404 δυσ-

2221 3433 2473 3506 θήρατον,
2523 3436 2643 3509 ἔχον
2680 3438 2736 3491 δὲ
2774 3440 2957 3512 μακρά
2983 3442 3183 3513 κέρατα
3216 3445 3364 3514 ὅμοια
3386 3442 3599 3515 πρίοσιν,
3626 3440 3730 3497 δέν-

2217 3526 2319 3596 δρα
2350 3529 2595 3602 μετέωρα
2624 3532 2716 3584 καί
2751 3534 2958 3603 μεγάλα
2989 3535 3170 3608 πρίζει
3188 3554 3201 3567 ο
3232 3536 3442 3607 διψῆσαν
3463 3535 3513 3589 δὲ
3537 3535 3735 3606 ἔρχεται

2217 3618 2308 3671 ἐπὶ
2356 3621 2446 3674 τὸν
2497 3622 2784 3695 Εὐφράτην
2818 3628 3076 3697 ποταμὸν,
3110 3628 3201 3682 καὶ
3248 3628 3381 3682 πιὼν
3428 3627 3593 3691 παίζει
3633 3628 3739 3689 ταῖς

2216 3711 2528 3782 ἐρεικίναις,
2554 3717 2673 3778 ταῖς
2705 3715 2891 3779 οὔσαις
2919 3716 3067 3788 παρά
3094 3720 3212 3781 ταῖς
3255 3717 3438 3789 ὄχθαις
3475 3716 3562 3771 τοῦ
3596 3733 3744 3770 ποταο

2217 3801 2338 3871 μοῦ,
2393 3803 2486 3856 καὶ
2540 3804 2815 3876 δεσμεῖται
2866 3807 2958 3860 ὑπ’
3009 3807 3207 3865 αὐτῶν.
3262 3808 3606 3863 Λεπτόκλονοι
3650 3806 3748 3879 γὰρ

2214 3893 2571 3965 ὑπάρχουσαι,
2603 3897 2961 3968 ἐμπλέκονται
2984 3899 3147 3953 αὐτοῦ
3174 3901 3303 3973 περὶ
3328 3901 3396 3954 τά
3428 3902 3641 3972 κέρατα,
3667 3897 3750 3954 καὶ

539 3996 632 4051 illa
664 4011 884 4065 gemens
925 3995 1221 4049 clamorem
1256 3993 1399 4060 edit;
1449 3990 1594 4062 quod
1648 4006 1772 4045 cum
1823 3996 2107 4045 venatores

2213 3983 2311 4057 βοᾷ
2331 4002 2344 4015 ’
2385 3988 2477 4040 καὶ
2508 3989 2557 4040 οἱ
2587 3991 2831 4062 κυνηγοὶ,
2861 3990 3196 4062 αἰσθόμενοι,
3230 3993 3431 4057 εὐθέως
3467 3992 3620 4047 αὐτὸν
3648 3990 3752 4044 συλ-

538 4084 930 4156 persenserint,
958 4084 1105 4136 illico
1134 4098 1252 4137 eam
1292 4082 1741 4150 comprehensam
1765 4081 2103 4135 interimunt.

2212 4075 2564 4148 λαμϐάνουσι,
2600 4081 2693 4133 καὶ
2717 4081 3045 4153 ἀναιροῦσιν.

609 4175 707 4230 Est
734 4183 789 4230 et
810 4175 950 4245 apud
987 4173 1238 4246 Scythas,
1265 4189 1404 4243 quos
1437 4170 1577 4227 Leos
1606 4181 1823 4237 vocant,
1857 4171 1990 4237 fera,
2024 4179 2106 4225 ta-

2280 4170 2435 4222 Ἔστι
2466 4171 2539 4224 ὀὲν
2566 4173 2623 4223 ὲν
2664 4175 2775 4235 τοῖς
2812 4174 3043 4238 Σκύθαις
3070 4178 3179 4239 τοῖς
3210 4176 3556 4247 καλουμένοις
3597 4174 3753 4239 Aibat;

534 4268 745 4325 randus
772 4269 1013 4329 nomine,
1051 4268 1139 4321 cui
1172 4263 1487 4334 magnitudo
1507 4279 1627 4332 qua:
1656 4263 1800 4327 bovi,
1849 4275 2103 4333 aspectus

2212 4257 2343 4322 ζῶον
2391 4261 2714 4332 καλούμενον
2759 4264 3036 4335 τάρανδος,
3078 4265 3301 4336 μέγεθος
3338 4267 3461 4339 ἔχον
3503 4268 3637 4339 βοὸς,
3669 4266 3753 4337 τὴν

534 4360 625 4432 qui
660 4375 854 4426 cervo;
900 4359 1065 4429 ﬁtque
1110 4355 1368 4412 assimilis
1398 4353 1704 4421 cuicunque
1748 4354 1824 4408 rei
1860 4356 2102 4422 proxime

2212 4351 2261 4405 δὲ
2288 4352 2407 4421 ὄψιν
2431 4354 2528 4425 τῆς
2554 4354 2644 4408 τοῦ
2675 4355 2872 4425 ἐλάφου
2917 4359 3311 4431 παραπλήσιον.
3348 4360 3458 4413 Καὶ
3492 4362 3605 4414 ἐστι
3644 4359 3754 4413 δυσ-

532 4410 764 4515 vlenerit,
799 4451 1145 4520 coloremque
1167 4447 1406 4500 omnium
1437 4446 1633 4510 reddit,
1666 4449 1778 4502 sive
1803 4446 1892 4499 illa
1914 4448 2097 4511 arbor,

2212 4410 2459 4513 θήρατον,
2608 4447 2747 4518 πρὸς
2780 4410 2847 4501 τὰ
2891 4410 3456 4523 δένδραήκαὶν

526 4546 646 4599 sive
675 4552 840 4607 terra,
874 4543 987 4597 sive
1008 4539 1212 4609 aliquid
1243 4537 1390 4591 aliud
1419 4537 1519 4604 sit;
1546 4538 1672 4592 hinc
1703 4537 1881 4592 evenit
1913 4545 1972 4591 ut
1993 4535 2100 4590 dil-

2212 4534 2379 4587 πάντα
2411 4530 2489 4598 οἷς
2520 4537 2587 4589 ἂν
2619 4537 2804 4609 ὲγγίζῃ
2832 4538 2928 4609 τὴν
2961 4540 3146 4611 χροιὰν
3182 4542 3561 4612 μεταβάλλειν,
3588 4543 3680 4597 καὶ
3694 4545 3751 4614 τῇ

529 4635 747 4690 (leuiter
779 4634 900 4704 capi
929 4631 1124 4703 possit,
1172 4630 1578 4699 multorumque
1629 4627 1876 4683 notitiam
1905 4626 2094 4697 fugiat.

2212 4625 2419 4679 ἐκείνων
2450 4627 2836 4699 ἀφομοιοῦσθαι
2872 4630 3012 4700 ἰδέᾳ,
3048 4633 3141 4685 καὶ
3166 4631 3253 4685 διὰ
3274 4633 3433 4687 τοῦτο
3465 4632 3608 4690 εἶναι
3641 4634 3754 4688 πολ-

2196 4714 2309 4779 λοῖς
2333 4718 2751 4786 ἀνεπίγνωστον.

598 4808 802 4864 Eadem
833 4809 1048 4863 ratione
1074 4814 1129 4863 et
1145 4805 1478 4861 chamaeleon
1505 4809 1681 4858 mutat
1708 4802 1944 4858 colorem
1975 4803 2097 4859 red-

2278 4811 2509 4880 Ὀμοίως
2551 4812 2607 4865 δὲ
2643 4813 2737 4866 καὶ
2786 4817 2815 4867 ὁ
2861 4815 3167 4886 χαμαιλέων
3194 4819 3274 4881 εἰς
3308 4818 3455 4883 οἴους
3504 4819 3573 4874 ἂν
3624 4819 3755 4890 ἓρπῃ

528 4900 714 4970 ditque
773 4914 1149 4970 quemcunque
1220 4896 1469 4969 proxime
1528 4895 1765 4966 attingit,
1817 4894 1933 4949 sive
1998 4910 2096 4965 per

2212 4900 2479 4970 ιειμῶνας,
2511 4905 2605 4956 καὶ
2631 4904 2799 4976 ἐδάφη
2822 4902 2977 4977 ξηρὰ,
3002 4909 3099 4979 τὴν
3121 4909 3308 4979 χροιὰν
3341 4910 3571 4963 ἐκείνων
3607 4923 3757 4982 μετα-

526 5000 807 5063 pratorum
837 4991 1187 5056 viriditatem,
1227 4990 1340 5045 sive
1374 5003 1470 5059 per
1505 4988 1607 5043 soli
1644 4987 1945 5042 siccitatem
1972 5001 2092 5042 ser-
2126 5028 2129 5031 -
2192 4992 2477 5065 λαμϐάνει.

524 5099 638 5161 pat.

592 5181 769 5237 Cervo
794 5180 936 5236 inest
963 5192 1061 5234 sua
1094 5176 1379 5239 timiditas,
1404 5188 1714 5245 quanquam
1745 5174 1816 5229 sit
1838 5174 2088 5230 acerrimi

520 5274 676 5330 visus
705 5285 1052 5343 pugnamque
1100 5282 1223 5321 cum
1278 5266 1600 5321 animalibus
1628 5280 1750 5336 quae
1795 5265 1942 5319 humi
1999 5281 2087 5321 re-

521 5376 658 5438 punt
711 5363 1032 5421 committat.
1057 5360 1114 5415 Si
1144 5359 1362 5430 quando
1398 5373 1520 5412 eum
1553 5373 1798 5428 serpens,
1824 5358 1881 5412 in
1921 5372 2085 5413 saxo-

522 5473 642 5513 rum
669 5458 862 5511 rimam
889 5456 1190 5524 ingressus,
1228 5448 1481 5520 fugiendo
1510 5449 1813 5513 deelinarit,
1868 5448 1958 5505 siti
1989 5463 2080 5501 ar—

520 5549 655 5603 dens
683 5548 753 5602 ad
779 5546 953 5601 fontes
974 5560 1033 5600 se
1063 5541 1296 5609 confert,
1348 5540 1584 5612 graviter
1626 5555 1859 5612 namque
1877 5542 1966 5599 siti
1997 5541 2082 5595 iu-

2258 5175 2439 5229 Δειλὸν
2470 5177 2503 5245 ἡ
2529 5174 2723 5245 ἔλαφος
2754 5176 2846 5229 καὶ
2867 5175 3168 5250 ὀξυδερκὲς,
3205 5176 3299 5231 καὶ
3330 5178 3472 5248 πρὸς
3502 5179 3574 5233 τὰ
3600 5180 3753 5251 ἑρπε-

2186 5264 2254 5318 τά
2287 5266 2448 5336 θηρία
2481 5267 2764 5337 πολέμιον’
2810 5267 2906 5321 καὶ
2949 5269 2998 5320 ει
3025 5266 3263 5340 διαφύγῃ
3290 5269 3464 5340 αὐτὴν
3487 5271 3636 5340 ὄφις,
3668 5270 3754 5324 καὶ

2184 5360 2263 5421 εἰς
2306 5358 2510 5427 ραγάδα
2554 5359 2845 5431 παρεισδύῃ
2889 5360 3109 5433 πέτρας,
3148 5363 3459 5431 ἀφικνεῖται
3488 5363 3755 5436 διψήσασα

2183 5452 2262 5514 εἰς
2291 5452 2389 5515 τὰς
2423 5451 2635 5520 πηγάς·
2673 5451 2813 5506 πάνυ
2849 5454 2953 5528 γάρ
2986 5456 3100 5507 ἐστι
3138 5454 3273 5525 πρὸς
3303 5454 3401 5526 τὴν
3436 5456 3607 5526 δίψαν
3648 5457 3731 5512 διά

2182 5559 2372 5613 πυρος,
2403 5543 2478 5623 ὡς
2502 5542 2595 5598 καὶ
2612 5542 2710 5616 τὴν
2758 5544 2998 5614 γλῶτταν
3027 5545 3304 5602 ἐκϐάλλειν
3336 5545 3431 5600 τοῦ
3464 5550 3756 5622 στόματος,

628 5722 667 5752 ⁸⁷
703 5719 853 5774 llom.
888 5719 1047 5774 Iliad.
1076 5719 1139 5786 Υ,
1174 5734 1222 5774 v.
1255 5715 1372 5773 Πθ.
