4090 6288
351 353 451 411 τιι

1250 345 1519 404 SPURiA.
1559 375 1631 388 —-
1664 342 2019 401 COMMENT.
2060 341 2129 397 IN
2166 336 2662 397 HEXAEMERON.

3463 337 3570 394 742
3652 286 3661 299 ⁸

346 472 479 545 πρὸς
525 467 587 522 τὸ
630 464 736 520 ὑπὸ
765 464 864 536 τῆς
896 463 1229 537 ψυχρότητος
1259 462 1352 516 τοῦ
1386 462 1546 534 ἀέρος
1577 460 1746 532 αὐτὴν
1772 462 1905 515 ἀνα-

2009 455 2337 523 flammatur,
2360 455 2436 510 ita
2465 463 2525 508 ut
2557 456 2745 508 exerta
2797 447 2983 519 lingua
3044 454 3258 513 aestuet,
3320 454 3382 503 ut
3426 450 3571 506 aeris

347 557 626 633 ψύχεσθαι.
644 554 1045 628 Ἐμπλησθεῖσα
1066 550 1157 608 οὖν
1182 554 1274 607 τοῦ
1303 553 1511 616 ὓδατος,
1537 552 1753 624 ἔρχεται
1778 551 1909 603 ἔνθα

345 657 370 710 ό
397 655 519 722 ὄφις
547 650 866 724 κρύπτεται,
895 648 988 703 καὶ
1019 648 1375 701 ἀνασπάσασα
1405 644 1565 699 αὑτὸν
1597 646 1660 698 ἐκ
1690 644 1786 715 τῆς
1812 645 1921 721 ραπ

346 747 537 818 γάδος,
563 741 917 816 ωμπατοῦσα
954 742 1184 811 ἀναιρεῖ.
1218 740 1280 792 Εἰ
1312 738 1368 792 δὲ
1390 737 1483 791 καὶ
1522 736 1629 789 τῶν
1661 735 1905 808 κεράτων

345 839 513 907 αὐτῆς
549 835 739 908 μικρόν
768 851 823 886 τι
855 833 887 905 ἢ
915 832 1022 885 τῶν
1059 831 1257 903 τριχῶν
1307 830 1392 882 ἐπ’
1415 827 1588 892 οἰκίας
1633 828 1902 896 κατακαῇ,

345 930 526 982 εἵπου
576 927 642 981 ἂν
682 923 984 996 ἐμφωλεύει
1029 922 1232 994 θηρίον,
1262 919 1641 991 διαδιδράσκει.
1660 916 1906 970 Ἐπειδὰν

345 1021 401 1073 δὲ
426 1017 671 1087 ἀποϐάλῃ
703 1016 773 1069 τά
805 1015 1031 1085 κέρατα,
1069 1014 1290 1084 μόνασιν
1339 1012 1507 1081 ζητεῖ,
1543 1009 1636 1063 καὶ
1664 1006 1906 1080 κρημνὸν

346 1111 635 1183 ἀπρόσιτον
663 1104 1081 1176 καταλαμϐάνει,
1113 1104 1206 1157 καὶ
1238 1103 1434 1157 ἄϐατον
1474 1100 1710 1172 ἐρημίαν
1745 1115 1908 1170 μετα-

346 1201 549 1263 διώκει,
582 1200 657 1263 ὡς
687 1196 1029 1254 ἀποϐαλοῦσα
1061 1195 1197 1267 πρὸς
1217 1194 1284 1248 τὰ
1302 1193 1433 1248 ἄλλα
1459 1191 1620 1263 θηρία
1648 1192 1709 1245 τὸ
1734 1191 1906 1261 ἀμυν-

346 1294 551 1367 τήριον.
569 1292 721 1346 Ἐπεὶ
752 1286 844 1344 οὖν
872 1289 1006 1359 πρὸς
1036 1286 1132 1351 τὰς
1174 1285 1328 1357 ῥίζας
1357 1284 1466 1338 τῶν
1495 1281 1908 1353 ἁποϐληθέντων

348 1387 594 1458 κεράτων
625 1384 760 1438 εἰσὶν
793 1380 1064 1445 ἐλκὼσεις,
1100 1381 1179 1444 είς
1223 1377 1568 1449 πολύδενδρον
1600 1376 1762 1429 τόπον
1807 1390 1908 1427 κα-

347 1481 625 1550 τασκηνοῇ
661 1477 795 1549 πρὸς
835 1475 896 1529 τὺ
947 1474 1022 1546 μὴ
1073 1472 1176 1526 ύπὺ
1228 1470 1401 1544 μυιῶν
1443 1467 1790 1541 ἐκμυζεῖσθαι
1840 1465 1910 1520 τὰ

348 1571 656 1642 τραύματα,
703 1569 795 1622 καὶ
833 1567 1024 1629 νυκτὸς
1053 1565 1271 1636 νέμεται
1304 1562 1485 1617 ἄνεσιν
1524 1561 1908 1632 ἔχουσα.⁹’οταν

349 1662 407 1716 δέ
439 1660 645 1732 ἐκφύσῃ
676 1658 744 1712 τὰ
770 1658 998 1730 κέρατα,
1033 1655 1306 1729 θαρροῦσα
1333 1654 1542 1726 πρόεισι
1571 1653 1662 1707 καὶ
1698 1668 1909 1723 μεσημ-

351 1753 528 1825 ϐρίας.
560 1752 857 1824 Βουλομένη
890 1750 946 1804 δὲ
976 1750 1263 1820 δοκιμάσαι
1295 1750 1343 1801 εί
1375 1747 1657 1817 πεπηγότα
1679 1745 1813 1816 αὐτῇ
1838 1743 1905 1797 τὰ

352 1845 576 1916 κέρατα,
608 1842 851 1916 τρυφερὰ
875 1843 984 1914 γὰρ
1015 1842 1143 1895 ὄντα
1178 1839 1281 1894 ὑπὸ
1324 1839 1417 1895 τοῦ
1469 1841 1617 1912 ἡλίου
1649 1838 1908 1912 θραύεται

352 1935 841 2007 καταφλεγόμεναι·
878 1934 1114 2008 δένδρεσι
1145 1934 1202 1988 δὲ
1234 1932 1566 2007 παραϐάλλει
1596 1932 1697 2004 τὴν
1738 1947 1906 1999 κεφα-

351 2024 465 2099 λὴν,
498 2030 594 2082 καὶ
639 2027 871 2100 ἐντρίϐει
915 2026 1238 2090 ἀντιτύπως,
1272 2025 1579 2098 πειρωμένη
1602 2022 1825 2093 γνῶναι,
1859 2025 1908 2077 εί

351 2120 581 2190 βεϐαίως
613 2123 941 2194 ἐρὴρεισται.
975 2120 1117 2192 Πρὸς
1139 2119 1194 2172 δὲ
1219 2119 1287 2173 τὰ
1311 2119 1562 2190 δήγματα
1579 2115 1685 2170 τῶν
1706 2114 1909 2186 φαλαγ-

347 2212 502 2281 γίων,
537 2216 792 2285 καρκῖνον
821 2211 1071 2266 ἐσθίουσα
1102 2212 1267 2270 ἰᾶται.

432 2413 498 2465 Ἥ
528 2412 585 2465 δέ
622 2409 711 2475 αἲξ
755 2411 788 2482 ἡ
826 2410 993 2482 ἀγρία
1028 2411 1171 2463 κατὰ
1206 2409 1302 2481 τὴν
1338 2410 1594 2480 Κρήτην,
1641 2408 1735 2461 ἐὰν
1769 2408 1910 2479 βέλει

349 2504 607 2574 διαπαρῇ,
628 2503 688 2555 τὸ
707 2501 1034 2573 καλούμενον
1060 2503 1319 2573 δίκταμον
1348 2500 1688 2572 ἐμφαγοῦσαι,
1715 2499 1911 2572 ῥᾳδίως

350 2590 410 2644 τὸ
439 2589 660 2662 τραῦμα
689 2589 1064 2660 θεραπεύεται.

420 2704 488 2756 Δί
512 2703 567 2756 δὲ
590 2702 879 2775 παρδάλεις
904 2703 968 2776 θη
977 2703 1173 2776 ρῶνται
1202 2704 1455 2776 εὐμαρῶς
1474 2704 1541 2758 τὰ
1560 2702 1691 2770 ζῶα.
1718 2707 1911 2776 Σαφῶς

351 2792 459 2865 γὰρ
493 2793 683 2847 εἰδυῖαι
709 2796 827 2857 ταῖς
859 2795 955 2847 ἀπ’
984 2793 1160 2847 αὐτῶν
1184 2794 1372 2865 ὀδμαῖς
1398 2795 1655 2865 χαίροντα
1682 2796 1750 2849 τὰ
1776 2797 1910 2850 ἄλλα

353 2886 485 2953 ζῶα,
515 2887 729 2959 βαθέσιν
757 2888 969 2960 ἄντροις
1005 2889 1226 2960 ίδροῦσιο
1260 2889 1330 2943 τὰ
1358 2889 1436 2953 δὲ,
1463 2884 1549 2943 οἷα
1578 2890 1800 2961 κνίσσης
1829 2894 1911 2945 αί-

353 2978 603 3051 σθόμεναι,
636 2979 922 3050 ρινηλατεῖ,
961 2980 1052 3034 καὶ
1083 2980 1370 3049 ἐγγίσαντα
1408 2979 1486 3051 τῷ
1513 2982 1681 3053 τόπῳ,
1712 2981 1913 3046 εὐθέως

350 3070 456 3123 ὑπὸ
485 3070 595 3125 τῶν
622 3072 934 3143 παρδάλεων
959 3071 1351 3128 κατεσθίονται.

425 3246 488 3303 '0
528 3248 585 3303 δὲ
628 3247 840 3319 πάνθηρ
890 3246 1038 3317 φίλον
1070 3246 1168 3318 μέν
1201 3249 1313 3301 ἐστι
1344 3248 1561 3302 πάντων
1591 3247 1702 3301 τῶν
1730 3247 1904 3316 ζώων,

347 3338 538 3410 ἐχθρὸν
565 3338 622 3392 δὲ
648 3338 740 3393 τοῦ
769 3339 1075 3411 δράκοντος.
1113 3338 1268 3392 Ἔστι
1296 3339 1354 3392 δὲ
1394 3337 1472 3409 τῷ
1510 3337 1719 3410 σώματι
1750 3340 1910 3393 ἀστε-

349 3431 528 3503 ρωπὸν
568 3431 662 3484 καὶ
700 3431 841 3485 πάνυ
883 3429 1124 3502 ἡσύχιον.
1171 3431 1280 3485 Καὶ
1321 3431 1426 3494 ἕως
1472 3429 1568 3500 μὲν
1612 3429 1673 3483 ού
1716 3428 1908 3500 χρήξει

346 3521 570 3593 τροφῆς,
611 3522 759 3592 μένει
791 3522 1048 3577 καθεῦδον
1077 3525 1135 3576 ἐν
1173 3522 1252 3594 τῷ
1294 3520 1501 3592 φωλεῷο
1543 3524 1607 3593 τῇ
1652 3520 1711 3575 δὲ
1751 3522 1907 3595 τρίτῃ

350 3612 538 3683 ἡμέρα
570 3614 828 3667 πεινάσαν
872 3614 1059 3679 ἔξεισι,
1092 3613 1187 3667 καὶ⁵
1230 3612 1436 3685 μεγάλῃ
1485 3615 1632 3683 φωνῇ
1671 3610 1786 3683 βοᾷ,
1813 3612 1907 3665 καὶ

349 3703 413 3755 ἐκ
434 3702 527 3755 τοῦ
556 3703 817 3773 στόματος
842 3703 1002 3757 αὑτοῦ
1027 3704 1219 3757 εὐωδία
1241 3722 1322 3767 τις
1342 3703 1538 3769 ἔξεισιν
1560 3703 1904 3775 ἀρωματικὴ,

349 3791 416 3845 δι’
444 3786 512 3863 ἧς
539 3790 608 3845 τὰ
640 3792 774 3846 ἄλλα
800 3793 912 3857 ζῶα
938 3793 1236 3863 θελγόμενα
1263 3793 1331 3846 τὰ
1363 3795 1529 3862 ἐγγὺς
1560 3793 1653 3846 καὶ
1679 3791 1746 3845 τὰ
1773 3792 1907 3863 1:69-

352 3883 522 3955 ρωθεν
550 3884 854 3952 ἐγγίζουσιν
879 3884 1047 3955 αὐτῷ,
1088 3885 1181 3938 καὶ
1209 3885 1428 3939 ἐπονται
1462 3885 1772 3955 τερπόμενα
1807 3886 1906 3937 αύ-

348 3974 441 4030 τοῦ
470 3978 536 4047 τῇ
565 3975 803 4048 ποικιλίᾳ
829 3977 922 4030 τοῦ
948 3976 1214 4047 σώματος.
1263 3977 1320 4030 Ὁ
1348 3977 1406 4030 δὲ
1430 3976 1644 4048 πάνθηρ
1660 3976 1833 4046 ὀλίγον
1854 3995 1906 4032 τι

348 4068 803 4139 προηγησάμενος
840 4068 1019 4123 αὐτῶν
1059 4068 1475 4141 ὑποστρέφεται,
1511 4070 1605 4123 καὶ
1635 4071 1904 4142 ἐπιτηρεῖ,

349 4160 443 4213 καὶ
473 4160 521 4226 ὃ,
548 4162 594 4215 τ’
618 4160 683 4216 ἂν
710 4159 818 4215 τῶν
852 4160 1005 4226 ζώων
1030 4160 1200 4236 ἀρέσῃ
1221 4162 1387 4234 αὐτῷ,
1422 4162 1745 4234 ἐπιπιδήσας
1771 4163 1909 4234 λαμ-

351 4251 518 4306 ϐάνει.

2007 547 2308 617 frigiditate
2339 550 2634 599 recreetur.
2668 539 2901 610 Depulsa
2932 540 3114 608 itaque
3139 545 3290 607 potu,
3333 536 3448 603 siti,
3500 537 3572 593 ad

2007 638 2277 708 serpentis
2301 636 2538 690 latebras
2569 647 2931 701 recessusque
2960 628 3190 693 accedit,
3218 628 3344 684 inde
3388 635 3573 683 extra-

2007 736 2157 785 ctum
2201 727 2543 801 pedibusque
2573 724 2954 779 conculcatum
2994 720 3271 776 interficit.
3319 719 3451 777 Etsi
3487 720 3573 775 vel

2006 837 2270 878 cornuum
2304 820 2539 875 frustum
2569 816 2652 872 vel
2681 816 2912 886 pilorum
2938 815 2993 869 in
3024 814 3184 868 domo
3208 821 3421 874 uratur,
3451 811 3572 880 ejus

2008 915 2218 981 nidore,
2249 912 2502 967 animalia
2545 925 2664 980 qua:
2693 909 2927 971 latitant,
2971 905 3245 975 fugantur.
3298 902 3572 957 Cornibus

2007 1005 2248 1070 amissis,
2282 1001 2632 1058 solitudinem
2685 999 2899 1069 quaerit,
2953 1003 3222 1066 przerupta
3256 1008 3385 1048 saxa
3420 993 3572 1046 inac-

2008 1108 2275 1163 cessaque
2333 1090 2609 1153 convenit,
2646 1086 3160 1156 desertissimasque
3211 1083 3399 1137 incolit
3434 1081 3570 1137 soli-

2007 1188 2246 1250 tudines,
2280 1184 2435 1255 quasi
2468 1197 2552 1249 eo,
2578 1194 2687 1250 quo
2712 1194 2770 1234 se
2797 1179 2866 1234 ab
2895 1176 3130 1231 aliarum
3161 1174 3400 1229 ferarum
3427 1172 3573 1242 inju-

2006 1280 2089 1335 ria
2121 1292 2306 1333 arcere
2339 1274 2530 1346 possit,
2565 1271 2845 1342 deperdito
2866 1288 2880 1337 ;
2904 1276 2957 1323 et
2985 1283 3108 1322 cum
3155 1267 3211 1320 in
3243 1265 3571 1321 amissorum

2008 1384 2273 1426 cornuum
2297 1365 2573 1422 radicibus
2598 1364 2776 1416 ulcera
2813 1362 3126 1432 gignantur,
3152 1359 3331 1413 locum
3386 1357 3572 1412 multis

2009 1462 2295 1518 arboribus
2321 1458 2592 1516 consitum
2618 1456 2846 1518 habitat,
2896 1468 2966 1508 ne
3014 1468 3044 1505 a
3088 1452 3294 1506 muscis
3345 1450 3573 1504 vulnera

2007 1566 2408 1629 exsurgantur,
2467 1563 2743 1626 noctuque
2792 1554 3035 1625 pascitur
3088 1551 3477 1621 pacatissima;
3518 1555 3576 1603 at

2007 1666 2138 1709 vero
2170 1665 2294 1705 cum
2323 1664 2529 1704 cornua
2545 1647 2841 1717 eruperint,
2882 1645 3140 1698 audacter
3172 1650 3226 1697 et
3250 1642 3438 1707 libere,
3460 1656 3576 1695 me-

2017 1745 2262 1814 ridieque
2282 1743 2397 1813 ipso
2421 1741 2665 1813 procedit
2689 1740 2756 1794 ad
2780 1737 2998 1810 pabula;
3029 1734 3314 1804 experiens
3336 1733 3382 1788 si
3415 1741 3574 1788 enata

2010 1850 2218 1890 cornua
2254 1834 2358 1887 lixa
2390 1832 2617 1887 firmiter
2645 1837 2772 1885 sunt
2797 1830 2946 1899 (dum
2996 1825 3141 1881 enim
3180 1825 3362 1879 mollia
3394 1823 3574 1877 incre-

2009 1932 2191 1990 scunt,
2223 1939 2253 1978 a
2283 1925 2416 1979 solis
2433 1923 2613 1977 calore
2633 1929 2825 1976 exusta
2846 1914 3227 1987 franguntur);
3255 1916 3322 1970 ad
3353 1916 3576 1971 arbores

2009 2020 2265 2075 collatum
2299 2023 2462 2087 caput
2503 2015 2840 2085 comprobat,
2893 2012 3291 2079 adversumque
3340 2009 3572 2072 allricat,

2009 2110 2448 2181 repercutiendo,
2481 2115 2701 2163 tentans
2727 2104 3023 2177 periclitari
3059 2104 3103 2157 si
3140 2102 3367 2156 lirmiter
3394 2102 3577 2155 adhae-

2010 2209 2186 2259 reant.
2211 2198 2633 2271 Phalangiorum
2665 2195 2936 2252 morsibus
2961 2208 3160 2248 cancro
3188 2198 3376 2246 vorato
3396 2189 3578 2245 mede-

2009 2303 2120 2351 tur.

2081 2409 2258 2481 Capra
2288 2407 2561 2465 silvestris
2608 2407 2664 2460 in
2692 2403 2873 2466 Creta,
2908 2402 3031 2456 telis
3054 2401 3182 2466 icta,
3215 2399 3384 2455 herba
3414 2412 3577 2469 quam

2008 2500 2307 2555 dictamum
2344 2511 2604 2554 vocamus
2632 2502 2789 2566 pasta
2809 2532 2826 2560 ,
2859 2492 3011 2547 nullo
3031 2491 3216 2546 labore
3247 2491 3453 2545 excutit
3483 2502 3578 2542 ac-

2011 2600 2167 2663 cepta
2193 2591 2324 2647 tela.

2079 2704 2328 2760 Pardalis
2377 2701 2638 2774 perfacile
2678 2699 2822 2769 capit
2865 2696 3141 2751 animalia.
3196 2694 3409 2750 Etenim
3450 2709 3574 2750 cum

2011 2804 2097 2854 sat
2134 2796 2345 2851 noverit
2388 2801 2617 2849 cunctas
2657 2789 3038 2861 quadrupedes
3081 2789 3200 2857 ejus
3240 2789 3407 2843 odore
3441 2787 3578 2842 mire

2011 2889 2316 2953 sollicitari,
2349 2888 2405 2942 in
2437 2884 2721 2958 profundis
2750 2884 2996 2938 cavernis
3031 2882 3279 2944 insudat,
3327 2882 3410 2936 ha
3447 2893 3581 2935 vero

2010 2981 2165 3053 quasi
2205 2980 2398 3035 nidore
2447 2977 2680 3049 quodam
2731 2977 3005 3039 inritatae,
3067 2974 3340 3044 sagaciter
3391 2987 3582 3043 ρει-εον

2012 3081 2276 3145 qunntur,
2314 3072 2405 3127 ubi
2443 3076 2734 3142 preperato
2759 3069 2814 3122 in
2844 3067 2965 3122 loca
2991 3066 3171 3122 vicina
3197 3064 3577 3133 convenerint,

1934 3159 1978 3216 C
2011 3166 2193 3222 subito
2223 3170 2504 3232 correptas
2531 3161 2758 3215 mandit.

2079 3256 2351 3311 Panthera
2386 3269 2508 3308 cum
2538 3253 2749 3307 caeteris
2778 3249 3147 3305 animantibus
3166 3287 3182 3312 ,
3214 3263 3326 3303 uno
3349 3254 3578 3318 excepto

2010 3346 2268 3409 dracone,
2297 3343 2566 3397 amicitias
2587 3349 2641 3396 et
2666 3338 3093 3396 consuetudines
3110 3338 3323 3408 jungit;
3352 3337 3577 3392 minutis

2009 3438 2346 3494 macularum
2381 3434 2554 3489 oculis
2576 3473 2590 3497 ,
2622 3433 2778 3502 quasi
2814 3431 2986 3486 stellis
3016 3434 3360 3501 superpicta,
3394 3430 3578 3485 valde-

2009 3545 2116 3600 que
2136 3529 2317 3591 cicur,
2352 3534 2406 3581 et
2452 3524 2696 3596 quandiu
2739 3523 2867 3578 cibo
2907 3539 3018 3577 non
3059 3531 3219 3592 eget,
3264 3523 3319 3577 in
3344 3523 3575 3600 latebris

2009 3596 2244 3685 dormit;
2293 3617 2387 3672 sed
2410 3625 2532 3687 post
2558 3623 2670 3671 tres
2699 3616 2816 3671 dies
2836 3655 2852 3680 ,
2884 3615 3025 3669 fame
3051 3596 3386 3679 dominante,
3420 3629 3575 3684 egre-

2008 3706 2158 3761 ditur
2184 3705 2537 3773 maximeque
2555 3705 2789 3768 clamat,
2825 3702 3060 3771 indeque
3092 3705 3156 3756 ex
3188 3717 3285 3757 ore
3333 3704 3575 3759 suavitas
3640 3736 3649 3745 α

2013 3797 2296 3868 quadam,
2343 3797 2527 3851 odoris
2593 3797 2770 3851 instar
2814 3804 3118 3851 aromatum
3161 3794 3402 3861 ematur,
3456 3812 3567 3867 quo

2008 3888 2264 3942 animalia
2294 3887 2526 3959 pellecta
2556 3870 2844 3957 capiantur
2866 3927 2881 3954 ,
2933 3895 2988 3941 et
3023 3893 3136 3940 tum
3188 3885 3403 3949 vicina,
3458 3880 3575 3943 tum

2007 3979 2387 4051 longinquiora
2446 3979 2693 4049 proxime
2755 3978 3059 4043 accedunt,
3124 3989 3572 4051 sequunturque,

2008 4072 2256 4142 corporis
2298 4072 2562 4127 varietate
2606 4070 2892 4126 delectata.
2943 4069 3144 4126 Verum
3177 4073 3438 4141 panthera
3486 4074 3575 4127 via

2007 4182 2116 4220 non
2147 4165 2306 4236 longa
2338 4165 2642 4234 procedens
2675 4163 2988 4227 revertitur,
3040 4171 3351 4234 attenteque
3390 4165 3576 4220 consi-

2007 4256 2200 4320 derat,
2245 4265 2300 4311 et
2324 4271 2392 4311 ex
2430 4255 2759 4310 animalibus
2791 4254 2936 4325 quod
2967 4255 3045 4309 illi
3088 4255 3393 4310 collibitum
3447 4264 3570 4322 est,

2008 4348 2213 4419 impetu
2245 4346 2410 4413 facto,
2437 4346 2871 4417 comprehendit.

431 4455 488 4510 Ὀ
513 4455 570 4510 δὲ
604 4455 800 4527 ἐλέφας
831 4458 1121 4529 ἐγκυμονεῖ
1159 4457 1256 4528 μὲν
1285 4457 1492 4529 χρόνῳ,
1526 4458 1606 4521 είς
1636 4455 1767 4512 δέκα
1797 4455 1906 4528 γὰρ

2081 4460 2179 4515 Diu
2212 4463 2479 4532 gravescit
2528 4468 2684 4516 utero
2715 4460 2971 4531 elephas,
3004 4460 3190 4517 decem
3234 4462 3380 4517 enim
3411 4462 3574 4517 annis

349 4546 442 4619 ἔτη
472 4547 653 4600 πέττει
673 4549 772 4620 τὴν
802 4547 1029 4620 σπορὰν,
1061 4548 1154 4602 καὶ
1174 4549 1303 4602 ὅταν
1323 4549 1352 4600 ό
1374 4547 1529 4612 τόκος
1551 4547 1726 4620 γέρων
1746 4548 1906 4619 γένη-

347 4654 457 4703 ται,
505 4638 626 4692 τότε
672 4638 971 4692 ἀποτίκτει’
1021 4639 1180 4711 ἡνίκα
1223 4640 1267 4692 δ’
1307 4638 1374 4693 ἂν
1415 4642 1472 4703 ἐς
1514 4639 1701 4712 βόθρον
1745 4657 1907 4693 κατε-

348 4728 530 4799 νεχθῇ,
572 4728 664 4782 καὶ
689 4728 843 4792 ἄλλος
869 4728 1064 4797 ἐλέφας
1095 4728 1373 4800 θεάσηται,
1423 4729 1708 4801 πορευθεὶς
1747 4730 1907 4783 συνά-

350 4837 435 4889 γει
463 4820 688 4885 πολλοὺς
718 4820 1032 4890 ἐλέφαντας,
1066 4821 1159 4873 καὶ
1193 4820 1435 4886 ἐλθόντες
1463 4823 1553 4877 τὸν
1585 4823 1905 4877 πεπτωκότα

347 4911 663 4965 ἀνασπῶσιν
693 4909 871 4982 ἠρέμα
894 4911 1358 4982 ὑποκουφίζοντες.

430 5023 490 5076 '0
520 5022 577 5076 δὲ
601 5021 812 5095 δράκων
843 5025 871 5076 ὁ
899 5024 1040 5077 κατὰ
1066 5024 1163 5094 τὴν
1203 5023 1388 5077 Ἰνδίαν
1411 5024 1631 5097 περὶτὰ
1648 5026 1791 5081 νῶτα
1810 5027 1905 5082 τοῦ

348 5114 634 5183 ἐλέφαντος
658 5114 905 5186 ἀνέρπει,
928 5115 1022 5168 καὶ
1038 5118 1136 5187 τὴν
1156 5117 1318 5188 νηδὺν
1333 5117 1509 5172 πᾶσαν
1536 5121 1902 5193 περιειλεῖται,

348 5207 443 5260 καὶ⁵
469 5207 538 5277 ἢν
563 5207 629 5261 ἂν
658 5207 797 5280 τύχῃ
823 5207 991 5277 φλέϐα
1015 5207 1203 5262 διελεῖν
1221 5249 1236 5272 .
1270 5209 1556 5282 ἀπλήστως
1588 5212 1904 5286 ἐμφορεῖται

346 5298 443 5352 τοῦ
468 5299 717 5370 αἵματος,
751 5299 1128 5370 ἐπισπώμενος
1166 5299 1323 5373 βιαίῳ
1350 5302 1638 5373 πνεύματι,
1667 5306 1758 5358 καὶ
1782 5323 1904 5361 συν-

346 5392 484 5461 τόνῳ
529 5390 709 5464 ῥοίζῳ.
754 5392 815 5444 '0
843 5391 901 5446 δέ
939 5391 1135 5461 ἐλέφας
1176 5396 1388 5465 σκιρτᾷ,
1431 5396 1525 5449 καὶ
1559 5398 1624 5467 τῇ
1659 5401 1901 5470 προνομῇ

346 5484 540 5539 τύπτει
577 5482 646 5537 τὰ
689 5482 913 5556 πλευρὰ,
952 5485 1028 5549 ὡς
1060 5485 1154 5539 τοῦ
1194 5486 1479 5559 δράκοντος
1503 5488 1902 5559 καθεζόμενος⁶ο

348 5572 466 5630 εἶτα
494 5577 886 5646 ἐκκενουμένου
914 5576 1007 5631 τοῦ
1033 5578 1279 5649 αἵματος,
1318 5579 1497 5633 οὐκέτι
1528 5580 1707 5652 πηδᾷν
1743 5580 1902 5635 δυνά-

353 5684 528 5737 μενος,
550 5670 767 5742 τρέμων
790 5672 1019 5736 ἵσταται,
1048 5671 1239 5742 μικρὸν
1259 5672 1315 5725 δὲ
1338 5670 1561 5744 ὕστερον
1582 5673 1788 5739 πίπτει,
1811 5674 1905 5728 καὶ

348 5759 455 5813 τῶν
489 5762 693 5818 σκελῶν
724 5763 1208 5835 ἐξασθενησάντωνο
1240 5758 1357 5818 εἶτα
1380 5767 1472 5819 καὶ
1500 5764 1788 5838 ἀποψύχει,
1812 5768 1904 5822 καὶ

2006 4560 2200 4625 gestat,
2251 4568 2544 4624 semenque
2573 4554 2886 4624 concoquit,
2918 4560 2973 4608 et
3007 4561 3376 4609 senescentem
3402 4553 3571 4609 fetum

2005 4646 2275 4717 parturit,
2324 4661 2450 4700 cum
2500 4648 2557 4700 in
2606 4645 2817 4701 foveam
2846 4645 3152 4700 deerrando
3184 4646 3478 4710 ceciderit,
3522 4646 3571 4703 si

2005 4739 2145 4793 alius
2165 4738 2385 4808 elephas
2406 4738 2705 4809 inspexerit
2733 4739 2820 4792 via
2844 4743 3060 4808 arrepta
3091 4738 3293 4793 multos
3322 4738 3377 4792 in
3399 4754 3571 4793 unum

2005 4831 2321 4900 elephantes
2351 4832 2500 4901 cogit
2530 4832 2623 4901 qui
2654 4845 2778 4885 eum
2813 4830 2908 4899 qui
2937 4829 3231 4897 ceciderit,
3272 4831 3487 4898 leniter,
3517 4839 3575 4887 e:

2005 4924 2188 4995 quiete
2215 4924 2567 4979 sustollentes
2604 4922 2916 4978 extrahunt.

2075 5033 2249 5088 Draco
2279 5034 2421 5103 apud
2442 5031 2603 5087 Indos
2624 5032 2680 5086 in
2705 5032 3006 5102 elephantis
3038 5041 3186 5104 terga
3213 5033 3340 5090 salit
3361 5040 3572 5090 totum-

2005 5141 2111 5196 que
2160 5134 2405 5181 ventrem
2460 5124 2812 5178 circumtlexu
2847 5124 3004 5181 facile
3035 5126 3222 5190 ambit,
3254 5134 3308 5182 et
3337 5142 3406 5182 ex
3433 5140 3573 5181 vena

2006 5233 2167 5289 quam
2199 5215 2455 5271 inciderit
2480 5255 2496 5280 ,
2526 5215 2839 5271 avidissime
2894 5215 3102 5287 absque
3137 5219 3382 5274 satietate
3440 5232 3572 5273 san-

2005 5309 2224 5380 guinem
2253 5312 2435 5376 captat
2461 5305 2706 5362 violento
2734 5306 2927 5376 spiritu
2960 5307 3221 5363 hauriens
3253 5307 3568 5379 ingentique

2005 5400 2256 5470 strepitu.
2303 5397 2373 5452 At
2422 5381 2642 5469 elephas
2667 5398 2885 5463 exsilit,
2920 5398 3353 5469 proboscideque
3396 5398 3568 5453 latera

2003 5495 2272 5559 verberat,
2290 5492 2443 5563 quasi
2461 5492 2749 5547 draconem
2765 5498 3173 5562 prostraturus;
3194 5489 3288 5546 sed
3307 5489 3569 5563 sanguine

2004 5585 2327 5648 deficiente,
2369 5598 2494 5639 cum
2543 5584 2745 5638 saltare
2785 5598 2892 5636 non
2919 5582 3132 5653 possit,
3184 5587 3302 5635 toto
3338 5595 3571 5652 corpore

2009 5676 2210 5744 tremit,
2229 5691 2328 5732 nec
2352 5676 2521 5730 multo
2551 5683 2674 5747 post
2707 5674 2836 5736 ruit,
2859 5673 3225 5744 cruribusque
3247 5674 3566 5736 debilitatis.

2007 5784 2224 5836 unaque
2264 5781 2449 5824 secum
2478 5768 2659 5823 obruit
2683 5765 2971 5822 draconem
2994 5803 3008 5829 ,
3043 5773 3098 5819 et
3127 5765 3293 5823 draco
3335 5765 3570 5824 vinculis
