4090 6288
557 342 661 398 ’145

1395 343 1468 399 ξε.
1502 341 1950 399 ΕυεΤΑΤΗΙΗδ
1984 342 2477 405 ANTIOCHENUS
2514 337 2913 404 EPISCOPUS.

3686 353 3781 409 7M

551 456 755 527 quibus
785 472 912 515 eum
959 464 1369 529 praestnnxerat
1417 456 1698 513 solvendis
1744 458 1957 529 impar.,
2014 458 2126 514 ele-

2232 459 2685 532 συνεπιλαμόάνει
2713 460 2803 514 τὸν
2827 461 3115 532 δράκοντα·
3148 463 3177 515 ό
3197 461 3255 516 δὲ
3280 462 3496 534 δράκων
3521 462 3581 517 ὃν
3608 464 3783 538 περιέ-

553 549 777 621 phantis
810 550 1045 623 pondere
1079 565 1327 622 pressus,
1353 549 1653 607 sull‘ocatus
1684 550 1925 606 eliditur.

627 729 852 787 Ardenti
913 708 1086 800 equus
1146 729 1203 784 in
1259 728 1517 785 feminam
1566 729 1830 785 incitatur
1875 730 2121 786 libidine.

557 822 771 879 Tardus
803 823 1023 885 asinus,
1060 823 1258 877 auditu
1293 838 1454 887 acer,
1495 829 1549 878 et
1591 838 1773 878 rerum
1803 824 2120 879 recordans.

553 918 881 989 lnjuriarum
904 931 1113 972 memor
1142 916 1404 970 camelus.
1436 913 1842 971 lmmansuetus
1872 916 2050 986 lupus.

624 1008 941 1064 Bosxlirmus
973 1015 1027 1064 et
1042 1014 1334 1063 constans.
1375 1004 1576 1063 Gratus
1617 1013 1702 1062 est
1748 1006 2124 1062 dominorum-

551 1116 659 1170 que
694 1099 1073 1153 amicissimus
1127 1097 1311 1164 canis;
1344 1110 1486 1167 sirpe
1511 1095 1657 1152 enim
1690 1096 1746 1151 in
1780 1096 1974 1152 itinere
1999 1112 2123 1151 cum

550 1191 759 1248 domini
794 1191 1200 1253 occiderentur,
1233 1196 1288 1244 et
1324 1189 1441 1259 ipse
1471 1204 1579 1242 una
1608 1195 1969 1259 consumptus
2006 1197 2120 1256 est;

551 1283 644 1338 alii
673 1293 726 1338 et
750 1298 939 1338 eorum
975 1296 1328 1353 percussores
1373 1281 1507 1337 l‘assi
1541 1286 1702 1346 sunt,
1742 1288 1798 1336 et
1843 1287 1904 1335 ut
1942 1281 2123 1350 justas

549 1389 744 1447 poenas
790 1389 898 1444 pro
936 1379 1092 1426 tanto
1139 1372 1344 1427 scelere
1392 1371 1773 1440 persolverent
1805 1376 2120 1441 coegerunt.

621 1467 879 1541 Hyaenam
909 1464 1136 1520 alternis
1167 1463 1325 1517 annis
1354 1477 1581 1529 marem,
1611 1462 1836 1517 alternis
1867 1460 2121 1516 feminam

550 1561 701 1626 ﬁeri,
728 1553 984 1614 nonnulli
1007 1554 1394 1622 crediderunt;
1420 1554 1575 1624 quod
1608 1552 1803 1609 falsum
1842 1559 1960 1618 est;
1994 1566 2122 1605 nam

551 1652 755 1707 animal
784 1651 890 1705 hoc
910 1663 1035 1703 cum
1067 1646 1294 1718 perditae
1322 1644 1711 1717 flagitiosaeque
1744 1644 1817 1700 sit
1842 1644 2084 1700 libidinis
2104 1684 2119 1709 ,

550 1752 751 1817 praeter
770 1742 1025 1797 foramen
1057 1739 1203 1811 quod
1226 1739 1331 1795 sub
1370 1737 1546 1793 cauda
1584 1745 1700 1804 est,
1732 1749 1994 1793 tumorem
2022 1753 2124 1808 pu-

2227 551 2350 606 θετο
2390 553 2585 625 δεσμὸν
2627 553 2786 607 λῦσαι
2834 552 2908 625 μὴ
2939 553 3248 625 δυνάμενος,
3280 556 3375 609 καὶ
3402 555 3480 627 τῷ
3512 555 3665 629 βάρει
3697 559 3780 613 τοῦ

2225 647 2516 717 ἐλέφαντος
2540 647 2878 720 πιεζόμενος,
2915 649 3124 716 πνιγεὶς
3158 647 3402 720 τελευτᾷ.

2294 740 2506 812 Θερμὸς
2531 742 2560 794 6
2587 741 2751 805 ἵππος
2778 742 2914 812 πρὸς
2943 740 3235 813 ἐπιθυμίαν
3256 740 3349 795 τοῦ
3375 741 3582 813 θήλεος.
3610 742 3782 809 Νωθὸς

2223 831 2253 883 6
2283 830 2421 898 ὄνος,
2462 832 2556 885 καί⁸
2591 831 2866 904 όξυήκοος,
2898 833 2991 887 καὶ
3033 835 3277 905 μνήμων.
3314 832 3665 905 Μνησίκακον
3693 835 3782 889 κά-

2227 929 2413 992 μηλος.
2455 921 2748 994 Ἀνήμερον
2781 921 2958 988 λύκος.

2294 1012 2574 1086 Εὐσταθὴς
2607 1018 2637 1069 6
2670 1014 2813 1085 βοῦς.
2843 1014 3175 1088 Εὐχάριστος
3204 1016 3233 1069 6
3258 1015 3424 1080 κύων,
3466 1014 3562 1070 καὶ
3596 1016 3781 1086 φιλοδε-

2224 1104 2448 1175 σπότης·
2484 1105 2741 1169 πολλάκις
2768 1104 2875 1177 γὰρ
2912 1105 3031 1160 καθ’
3060 1105 3178 1159 ὁδὸν
3209 1105 3588 1177 φονευομένοις
3617 1107 3781 1170 αὐτοῖς

2223 1194 2584 1248 ἐπαπέθανεν·
2620 1195 2796 1267 ἕτεροι
2823 1195 2879 1248 δὲ
2906 1196 3000 1249 καὶ
3030 1197 3154 1259 τοὺς
3184 1199 3363 1265 φονεῖς
3393 1198 3778 1267 κατεμήνυσαν,

2224 1288 2319 1343 καὶ
2359 1286 2457 1359 τὴν
2499 1287 2702 1341 ἔνδικον
2730 1288 3019 1342 πείσασθαι
3052 1288 3248 1352 αὐτοὺς
3279 1289 3554 1361 τιμωρίαν
3585 1285 3780 1361 προεξέ-

2223 1396 2415 1450 νησαν.

2294 1469 2404 1543 Τὴν
2451 1468 2508 1523 δέ
2550 1469 2740 1523 ὖαιναν
2801 1469 3152 1542 ύπετόπησάν
3216 1487 3361 1534 τινες
3399 1470 3776 1542 ὑπονοήσαντες

2220 1560 2469 1635 ἀμείϐειν
2511 1563 2628 1616 κατ’
2659 1561 2776 1626 ἐτος
2807 1562 2906 1635 τὴν
2935 1561 3172 1635 θηλυκὴν
3203 1561 3363 1630 φύσιν
3390 1562 3482 1615 ἐπὶ
3513 1561 3580 1615 τὸ
3608 1561 3772 1635 ᾶῤῥεν,

2222 1656 2254 1728 ἢ
2289 1656 2388 1728 τὴν
2430 1656 2636 1728 ἄρῤενα
2678 1655 2771 1709 ἐπὶ
2800 1654 2861 1708 τὸ
2891 1653 3043 1726 θῆλυ.
3080 1655 3233 1725 Ἔχει
3264 1654 3319 1708 δὲ
3364 1655 3462 1726 οὐχ
3499 1654 3687 1719 οὕτως·
3722 1655 3775 1710 τὸ

2222 1749 2331 1820 γὰρ
2377 1748 2536 1816 ζῶον,
2588 1748 2979 1818 ἀσελγέστατον
3030 1749 3170 1801 πάνυ
3221 1747 3482 1820 ὑπάρχον,
3547 1748 3648 1820 πρὸ
3694 1748 3771 1802 τού

551 1836 733 1893 dendo
766 1833 1015 1889 mulieris
1057 1848 1166 1887 non
1209 1831 1533 1887 dissimilem
1575 1831 1852 1898 continet,
1908 1831 1965 1885 in
2013 1839 2122 1900 qu‘o

2226 1838 2390 1911 πόρου
2438 1838 2543 1892 ὑπὸ
2586 1837 2683 1910 τὴν
2724 1838 2921 1909 κέρκον
2959 1836 3149 1909 ἐξοχὴν
3180 1837 3461 1907 κέκτηται,
3490 1839 3672 1909 αἰδοίῳ
3689 1839 3772 1910 θή-

552 1927 800 1982 foramen
830 1938 939 1978 non
966 1932 1051 1978 est
1070 1962 1084 1987 ,
1111 1921 1205 1977 sed
1227 1928 1447 1976 tantum
1479 1936 1672 1975 cavum
1692 1960 1707 1986 ,
1740 1919 1885 1990 quod
1911 1919 2119 1975 nullum

2222 1928 2370 2001 λυκῷ
2420 1912 2821 2002 παραπλήσιον,
2867 1929 3002 2000 ὅπερ
3039 1930 3140 1983 οὐκ
3187 1928 3299 1999 ἔχει
3347 1929 3537 2000 πόρον,
3569 1929 3600 2001 ἢ
3633 1929 3771 2000 μόνον

549 2018 726 2072 vulvae
750 2029 910 2071 usum
942 2012 1201 2069 exhibere
1252 2012 1432 2075 valet,
1487 2010 1585 2067 sed
1623 2011 1893 2066 duntaxat
1940 2011 2121 2067 inanis

2226 2023 2531 2095 κοιλότητα,
2567 2024 2645 2087 εἰς
2672 2023 2823 2076 οὐδὲν
2849 2024 3060 2095 μήτρας
3091 2021 3344 2093 χρειῶδες
3372 2021 3764 2093 καθεστηκυῖαν,

551 2111 797 2167 libidinis
839 2109 1246 2180 receptaculum
1304 2108 1625 2174 extuberat;
1684 2116 1904 2176 propter
1957 2104 2123 2175 igitur

550 2203 874 2259 immensam
902 2200 1190 2257 muliebria
1219 2200 1459 2271 patiendi
1491 2199 1875 2271 appetentiam,
1909 2197 2046 2251 mari
2066 2204 2123 2252 et

549 2295 764 2352 femina:
821 2294 1111 2366 singularis
1144 2294 1260 2348 haec
1293 2292 1600 2364 proprietas
1653 2291 1856 2346 dicitur
1904 2291 2120 2357 inesse;

550 2389 678 2443 dum
720 2388 864 2444 enim
907 2387 1067 2457 plena
1113 2385 1383 2440 foramina
1432 2385 1489 2440 in
1541 2390 1809 2455 conceptu
1859 2382 2122 2439 salvando

551 2490 911 2551 occupantur,
933 2478 1077 2533 inter
1102 2492 1164 2533 se
1185 2476 1612 2547 ﬂagitiosissime
1631 2483 1822 2530 contra
1842 2482 2119 2539 naturam,

551 2571 845 2627 mixturam
876 2569 1102 2624 faciunt.
1139 2566 1297 2623 Unde
1319 2569 1566 2639 hyaenam
1590 2568 1849 2623 feminam
1880 2568 2124 2623 invenire

549 2665 896 2720 rarissimum
943 2670 1048 2727 est,
1093 2661 1224 2718 huic
1286 2645 1433 2717 enim
1488 2661 1674 2717 bestiae
1720 2675 1833 2716 non
1878 2661 2124 2717 continui

552 2765 744 2829 partus
773 2756 930 2814 fiunt.

624 2850 804 2921 Lepus
835 2857 920 2906 est
962 2850 1019 2905 in
1051 2848 1199 2905 coitu
1230 2847 1710 2919 intemperantior;
1755 2846 1959 2903 femina
1987 2862 2126 2918 quo-

552 2942 688 2998 libet
717 2956 906 2997 mense
938 2942 1110 3012 parit;
1157 2955 1278 3011 quae
1309 2955 1433 2994 cum
1459 2937 1701 3010 peperit,
1748 2953 1943 2994 rursus
1976 2953 2008 2991 ιι
2045 2938 2125 2992 le-

553 3049 687 3107 pore
717 3050 1099 3106 quemcuuque
1150 3049 1273 3089 sors
1314 3034 1547 3097 tulerit,
1598 3032 1790 3098 initur,
1843 3039 1899 3086 et
1943 3030 2126 3085 adhuc

554 3127 766 3184 lactans
792 3127 1050 3198 concipit,
1084 3142 1183 3182 nec
1205 3141 1314 3182 uno
1342 3133 1600 3182 contenta
1631 3131 1735 3180 est.

625 3218 900 3292 Grypliem
929 3189 1327 3290 magnitudinis
1380 3219 1661 3275 immensae
1699 3218 1910 3281 ferunt,
1956 3216 2027 3271 ita
2064 3222 2124 3269 ut
2150 3189 2195 3248 (ἶ

555 3312 747 3368 umbra
776 3312 924 3367 illius
947 3312 1210 3382 praedium
1233 3323 1467 3382 opacet,
1509 3321 1563 3366 et
1611 3310 1780 3367 veluti
1832 3309 1978 3381 apud
2021 3323 2124 3364 nos

552 3404 737 3475 aquila
779 3403 1046 3475 leporem,
1086 3403 1168 3459 sic
1207 3404 1299 3460 ille
1340 3404 1552 3459 leonem
1596 3402 1859 3458 facillimo
1902 3401 2124 3472 negotio

552 3501 768 3565 raptum
791 3493 1084 3563 praedatur.

622 3585 981 3655 Charadrius,
1014 3586 1173 3656 cujus
1213 3585 1428 3654 Moyses
1461 3585 1711 3641 meminit
1740 3586 1806 3652 κ,
1837 3592 1954 3641 ιοιο
1997 3599 2121 3640 cor-

546 3694 689 3759 pore
721 3678 1165 3750 splendidissimo
1210 3681 1349 3735 nitet
1382 3679 1620 3735 candore
1652 3679 1880 3735 alterius
1924 3678 2126 3734 coloris

545 3772 787 3829 marcidis
833 3787 1103 3842 nusquam
1136 3788 1426 3843 aspersus;
1458 3771 1626 3842 hujus
1660 3771 1876 3826 eilluvia
1915 3770 2127 3827 obtusa:

545 3864 839 3921 oculorum
866 3864 1003 3919 aciei
1045 3864 1249 3919 mederi
1302 3864 1563 3930 tradunt,
1606 3863 1996 3933 immorarique
2039 3878 2126 3919 re-

548 3954 696 4026 giis,
742 3956 870 4012 vitae
901 3956 1174 4012 etmortis
1224 3956 1539 4012 hominibus
1583 3972 1743 4028 aegra:
1789 3955 2127 4026 infirmaque

552 4047 885 4104 valetudinis
915 4049 1284 4118 praenuntias.
1318 4049 1456 4104 Cum
1493 4051 1639 4106 enim
1672 4050 1881 4105 aﬂ‘ectis
1915 4050 2127 4106 viribus

552 4138 723 4195 homo
752 4138 935 4202 fuerit,
950 4139 1306 4196 .charadrium
1344 4142 1424 4196 ita
1451 4143 1886 4209 accommodant,
1920 4154 1980 4198 ut
2000 4159 2127 4199 eum

558 4230 806 4286 adversis
845 4232 1020 4287 oculis
1064 4233 1266 4287 intueri
1294 4235 1503 4303 possit;
1542 4235 1645 4303 .qui
1665 4235 1720 4291 si
1752 4243 1821 4291 ad
1861 4242 2126 4308 aegrotum

557 4319 875 4387 attenderit,
899 4329 1247 4393 :egrotusque
1265 4323 1334 4379 ad
1351 4325 1551 4394 ipsum,
1576 4325 1770 4381 hausta
1787 4327 2124 4392 inﬁrmitate,

558 4414 883 4470 charadrius
922 4430 1021 4486 per
1051 4430 1256 4481 aerem,
1293 4416 1463 4471 solem
1491 4432 1684 4473 versus
1710 4418 1922 4485 volitat,
1942 4419 2128 4490 ibique

2224 2113 2316 2167 καὶ
2336 2114 2497 2186 κενὴν
2519 2114 2687 2185 μόνην
2709 2113 2960 2182 λαγνείαν
2984 2114 3215 2185 δέχεται.
3237 2113 3334 2166 Διὰ
3362 2114 3494 2183 γοῦν
3513 2114 3601 2168 τὸν
3621 2115 3762 2186 ὑπερ·

2223 2204 2483 2259 ϐάλλοντα
2516 2206 2931 2277 πασχητιασμὸν
2968 2205 3125 2260 τοῦτο
3145 2207 3174 2258 6
3207 2206 3381 2278 ἄρρην
3412 2206 3510 2259 καὶ
3541 2209 3572 2278 ή
3607 2206 3765 2278 θήλεια

2224 2296 2405 2367 έχουσι
2437 2297 2498 2350 τὸ
2537 2297 2753 2368 ἰδίωμα·
2787 2298 2912 2350 ὅταν
2947 2297 3055 2369 γὰρ
3091 2299 3140 2349 οἰ
3177 2297 3336 2368 πόροι
3375 2297 3763 2370 πεπληρωμένοι

2224 2388 2575 2460 ἀσχολοῦνται
2607 2390 2733 2462 περί¹
2771 2389 2869 2461 τήν
2898 2389 3112 2461 κύησιν,
3146 2391 3204 2442 ἐν
3228 2389 3485 2461 ἀλλήλοις
3515 2391 3609 2463 τὴν
3637 2390 3764 2464 παρὰ

2225 2480 2384 2549 φύσιν
2426 2479 2574 2551 μίξιν
2620 2480 2960 2552 ἐργάζονται.
3017 2479 3177 2534 Ὅθεν
3228 2480 3596 2535 σπανιώτατόν
3640 2483 3764 2534 ἐστιν

2224 2575 2402 2650 εὑρεῖν
2444 2575 2661 2646 θήλειαν
2707 2574 2914 2628 ὕαιναν·
2950 2574 3012 2629 οὗ
3045 2573 3155 2647 γὰρ
3198 2576 3443 2645 συνεχεῖς
3476 2575 3530 2628 αἰ
3571 2575 3765 2646 κυήσεις

2222 2667 2301 2739 τῷ
2332 2666 2455 2740 ζὼῳ
2484 2666 2777 2736 γίγνονται.

2306 2869 2365 2922 '0
2391 2868 2449 2922 δὲ
2472 2868 2681 2938 λαγωδς
2710 2869 2847 2941 πρὸς
2875 2869 3158 2925 συνουσίαν
3194 2870 3343 2925 ἐστὶν
3371 2871 3758 2944 ἀκρατέστερος.

2236 2960 2302 3015 Ἦ
2333 2961 2392 3015 δέ
2435 2960 2625 3034 θήλεια
2664 2962 2807 3016 κατὰ
2841 2964 2984 3034 μῆνα
3014 2965 3208 3029 τίκτει,
3239 2965 3337 3018 καὶ
3369 2964 3591 3019 τεκοῦσα
3620 2964 3764 3018 πάλιν

2226 3054 2331 3108 ὑπὸ
2359 3053 2451 3107 τοῦ
2481 3054 2733 3125 τυχόντος
2764 3053 2978 3124 λαγωοῦ
3007 3055 3273 3125 ὀχεύεται,
3306 3057 3401 3110 καὶ
3433 3055 3760 3126 συλλαμϐάνει

2226 3148 2306 3202 ἔτι
2331 3147 2689 3220 θηλαξομένη·
2722 3148 2783 3201 ού
2815 3148 2923 3216 γὰρ
2952 3149 3200 3220 ἀρκεῖται
3236 3149 3333 3202 ἐνί.

2298 3241 2404 3294 Τὸν
2426 3240 2484 3293 δὲ
2516 3239 2703 3312 γρῦπα
2733 3241 2894 3310 φασιν
2923 3240 3060 3293 εἶναι
3091 3239 3224 3304 ζῶον
3256 3235 3754 3309 παμμεγεθέστατον,

2227 3331 2303 3395 ὡς
2328 3330 2623 3405 ἀρουραίαν
2658 3329 2813 3384 σκιὰν
2846 3330 3102 3384 ἐκτελεῖν·
3136 3330 3357 3402 ἁρπάζει
3374 3330 3435 3382 -δέ
3460 3329 3636 3397 λέοντα
3660 3325 3745 3380 οὕ-

2225 3438 2333 3485 τως
2358 3418 2616 3492 εὐχερῶς,
2650 3419 2726 3483 ὼς
2757 3419 2913 3484 ἀετὸς
2939 3422 3068 3492 παρ’
3084 3423 3225 3493 ’ἡμῖν
3253 3418 3463 3488 λαγωόν.

2299 3600 2454 3653 Ἔστι
2488 3598 2624 3664 ζῶον
2659 3599 2954 3672 χαραδριὺς
2983 3602 3013 3653 ό
3047 3600 3200 3672 παρὰ
3231 3601 3430 3671 Μωῦσῇ
3458 3597 3756 3670 μνημονευό-

2230 3709 2408 3764 μενος,
2442 3691 2784 3756 λευκότατος,
2813 3691 2879 3744 δι’
2900 3691 3019 3746 ὅλον
3049 3691 3110 3746 τδ
3138 3692 3296 3763 σῶμα
3333 3693 3405 3765 μὴ
3441 3693 3567 3764 έχων
3590 3690 3762 3744 σπῖλον

2227 3784 2391 3854 ἄλλης
2412 3784 2598 3856 χρόας·
2640 3785 2734 3838 καὶ
2763 3784 2953 3838 τούτου
2988 3784 3087 3849 τὰς
3120 3785 3372 3857 ἐκρύσεις
3400 3786 3520 3848 τοὺς
3545 3782 3768 3855 ἀμϐλυω-

2227 3876 2462 3940 ποῦντας
2498 3876 2677 3931 ἰᾶσθαί
2715 3893 2864 3945 φασι.
2904 3877 3246 3948 Καταμένειν
3276 3877 3333 3930 δὲ
3372 3877 3527 3931 αὐτὸν
3571 3878 3623 3929 ὲν
3661 3876 3769 3936 ταῖς

2226 3968 2416 4031 αὐλαῖς
2457 3971 2578 4032 ταῖς
2628 3967 2932 4038 βασιλικαῖς
2980 3968 3269 4041 ἱστοροῦσι,
3323 3970 3598 4042 προφήτην
3643 3966 3769 4034 ζωῆς

2226 4060 2321 4114 καὶ
2348 4061 2578 4115 θανάτου
2611 4065 2725 4126 τοῖς
2756 4062 3022 4134 κάμνουσι
3055 4062 3163 4116 τῶν
3188 4062 3496 4134 ἀνθρώπων
3538 4060 3771 4131 γιγνόμε-

2227 4154 2510 4208 νον.”οταν
2526 4153 2657 4225 γὰρ,
2685 4154 2870 4223 φασιν,
2898 4153 3177 4226 ἀρρωστία
3203 4170 3288 4217 τις
3310 4154 3601 4226 περιπέσῃ,
3627 4152 3775 4221 ἄγου-

2229 4260 2312 4296 σιν
2346 4243 2572 4298 ἐνώπιον
2601 4243 2765 4298 αὐτοῦ
2793 4245 2884 4299 τὸν
2913 4244 3219 4317 χαραδριὸν,
3262 4247 3357 4299 καὶ
3387 4246 3437 4300 εἰ
3474 4247 3675 4317 προσχῇ
3708 4243 3777 4314 τῷ

2222 4334 2490 4400 νοσοῦντι,
2518 4336 2614 4389 καὶ
2645 4337 2674 4388 6
2701 4336 2869 4391 νοσῶν
2909 4336 3078 4409 αὐτῷ,
3120 4337 3411 4391 καταπίνει
3450 4337 3548 4409 τὴν
3587 4335 3777 4390 νόσονό

2224 4427 2518 4501 χαραδριδς
2553 4428 2741 4497 αὐτοῦ,
2784 4430 2878 4484 καὶ
2911 4429 3197 4484 ἀνίπταται
3230 4431 3312 4494 εἰς
3345 4430 3442 4484 τὸν
3472 4430 3663 4502 αἰθέρα
3697 4427 3779 4482 τοῦ

556 4506 810 4565 morbum
827 4498 1063 4563 bominis
1078 4505 1403 4578 dissipatum
1423 4506 1690 4579 dispertiit
1707 4525 1723 4576 ;
1741 4508 1788 4564 si
1810 4524 1918 4564 non
1941 4510 2126 4582 inspe-

2226 4498 2591 4592 ἣλιοι-κάκεῖ
2618 4522 2717 4595 τὴν
2743 4523 2896 4578 νόσον
2919 4523 3012 4577 τοῦ
3041 4524 3325 4596 ἀνθρώπου
3354 4498 3710 4588 διασκεδᾶζει·
3740 4522 3781 4575 εἰ

558 4597 732 4662 xerit,
778 4597 846 4654 de
877 4598 1178 4655 laborantis
1224 4599 1447 4655 interitu
1483 4599 1854 4670 conjecturam
1897 4599 2125 4656 faciunt.

2226 4612 2286 4666 δὲ
2312 4612 2392 4686 μὴ
2419 4616 2651 4686 προσχῇ,
2680 4614 3054 4684 γινώσκουσιν,
3075 4618 3157 4671 ὅτι
3178 4616 3494 4688 τελευτήσει
3513 4619 3543 4671 6
3561 4617 3780 4686 κάμνων.

634 4688 929 4749 Unicornis
962 4693 1164 4749 animal
1188 4700 1298 4753 est.
1321 4702 1377 4752 et
1409 4695 1544 4750 illud
1571 4710 1822 4766 parvum,
1848 4694 1986 4751 haedi
2013 4711 2131 4751 ma-

558 4782 863 4854 gnitudine,
892 4784 1091 4839 eximia
1121 4785 1444 4855 pernicitate
1474 4793 1528 4841 et
1559 4786 1924 4851 vehementia,
1956 4802 2130 4844 cornu

559 4874 619 4929 in
647 4876 961 4932 summitate
993 4878 1187 4946 capitis
1212 4878 1404 4947 unico;
1450 4879 1555 4935 bac
1596 4895 1762 4952 porro
1795 4881 2008 4937 ratione
2037 4897 2131 4937 ca-

561 4967 732 5038 pitur.
760 4964 1041 5039 Virginem
1063 4969 1436 5042 incorruptam
1478 4980 1604 5030 ante
1634 4988 1759 5029 eum
1788 4973 2090 5043 conjiciunt
2112 5014 2127 5038 ,

561 5058 723 5128 cujus
754 5058 871 5130 ipse
916 5061 972 5114 in
1009 5060 1191 5117 sinum
1230 5062 1435 5133 insilit,
1480 5080 1545 5121 ea
1576 5065 1863 5136 complexu
1897 5064 2131 5122 fovendo

559 5152 618 5208 in
647 5150 825 5223 regias
854 5150 1048 5208 defert.

630 5241 913 5300 Castorem
929 5245 1133 5300 animal
1152 5246 1427 5305 facillimis
1449 5250 1694 5306 moribus
1716 5257 1771 5307 et
1807 5251 2129 5315 mansuetis,

561 5336 720 5406 quies
758 5336 1028 5407 delectat;
1076 5339 1252 5396 mirus
1303 5343 1522 5397 testium
1570 5345 1690 5413 ejus
1734 5344 1792 5399 in
1843 5343 2132 5400 medicinis

564 5442 730 5496 usus;
764 5431 1213 5502 persequentium
1248 5441 1566 5488 venatorum
1593 5442 1821 5503 urgente
1849 5436 2094 5507 periculo
2113 5475 2128 5497 ,

563 5530 661 5573 ωε
722 5528 1005 5591 amputat,
1067 5530 1459 5592 currentesque
1527 5540 1557 5578 a
1610 5541 1905 5597 progressu
1961 5532 2129 5581 arcet.

567 5604 629 5661 Si
654 5610 749 5664 alii
778 5612 882 5669 hoc
910 5615 1054 5670 idem
1086 5622 1304 5688 petant,
1339 5622 1506 5672 testes
1540 5618 1820 5691 ademptos
1849 5619 2087 5676 ostendit
2111 5657 2129 5684 ,

561 5714 863 5774 eorumque
895 5722 1092 5767 ειη-ειη
1121 5717 1386 5765 moratur.

642 5812 687 5844 “
725 5812 889 5872 Leuit.
916 5833 992 5885 xi,
1029 5819 1125 5887 l9;
1170 5819 1325 5877 Deut.
1354 5821 1577 5888 xxv,18.

2312 4705 2370 4759 '0
2409 4705 2467 4759 δὲ
2499 4707 2807 4779 μονόκερως
2842 4707 2979 4773 ζῶόν
3008 4711 3123 4763 ἐστι
3149 4710 3362 4782 μικρὸν,
3389 4711 3580 4781 ὅμοιον
3609 4708 3782 4782 ἐρίφῳ,
3832 4754 3837 4759 .

2222 4797 2558 4869 δριμύτατον
2588 4798 2813 4871 σφόδρα.
2862 4801 2958 4855 Ἕν
2986 4800 3045 4854 δέ
3072 4801 3240 4872 κέρας
3270 4802 3433 4873 μόνον
3461 4802 3559 4855 ἐπὶ
3590 4802 3684 4872 τῆς
3706 4815 3785 4853 κο-

2234 4888 2408 4961 ρυφῆς
2447 4888 2559 4959 ἔχει
2581 4891 2680 4962 τῆς
2705 4891 2964 4964 κεφαλῆς,
2994 4894 3088 4947 καὶ
3108 4893 3342 4965 θηρᾶται
3372 4894 3622 4948 τοιώσδε·
3654 4893 3801 4973 Παρχ

2233 4980 2383 5035 θόνον
2420 4982 2592 5056 ἁγνὴν
2635 4984 2914 5056 ῥίπτουσιν
2960 4985 3122 5040 αὐτοῦ
3169 4986 3526 5059 ἐπίπροσθεν·
3568 4990 3599 5040 6
3636 4987 3688 5040 δὲ
3723 4986 3791 5046 εἰς

2231 5073 2356 5137 τοὺς
2388 5073 2623 5140 κόλπους
2653 5076 2820 5149 αὐτῆς
2857 5078 3163 5148 ἐφάλλεται·
3213 5082 3246 5151 ή
3293 5079 3349 5132 δέ
3393 5079 3789 5151 περιϐάλπουσα

2231 5165 2390 5219 αὐτὸν
2417 5167 2498 5231 εἰς
2523 5168 2649 5231 τοὺς
2668 5169 2849 5233 οἴκους
2876 5170 2986 5224 τῶν
3011 5170 3270 5241 βασιλέων
3301 5172 3656 5244 ἀποκομίζει.

2308 5258 2462 5314 Ἔστι
2486 5259 2622 5323 ζῶον
2646 5260 2977 5334 καλούμενον
3001 5265 3310 5336 καστόριον,
3343 5266 3514 5337 ήπιον
3545 5265 3687 5321 πάνυ
3713 5262 3794 5318 καὶ

2233 5350 2472 5422 ἡσύχιον·
2514 5354 2832 5425 χρησιμεύει
2865 5354 2923 5408 δὲ
2954 5356 3024 5410 τὰ
3052 5357 3225 5411 αἰδοῖα
3266 5358 3436 5412 αὐτοῦ
3473 5359 3616 5431 πρὸς
3648 5357 3793 5412 ἰασιν.

2234 5442 2567 5513 Διωκόμενον
2607 5439 2700 5498 οὖν
2737 5447 2828 5498 ἐπὶ
2862 5445 3019 5500 τοῦτο
3057 5447 3162 5501 ὑπὸ
3199 5447 3307 5501 τῶν
3339 5448 3652 5522 θηρευτῶν,
3680 5449 3797 5502 ἀπο-

2233 5532 2423 5586 κόπτει
2449 5533 2613 5587 αὑτοῦ
2635 5536 2702 5589 τὰ
2725 5537 2917 5602 αἰδοῖα,
2953 5538 3048 5592 καὶ
3070 5539 3317 5609 ἐφίστησι
3341 5541 3473 5606 τοὺς
3498 5540 3797 5600 διώκοντας.

2246 5623 2670 5680 Ἕπιδιωκόντων
2694 5628 2751 5681 δὲ
2777 5628 2970 5693 ἄλλων,
3000 5631 3451 5702 ἀποκεκομμένον
3488 5633 3682 5688 ἐαυτδν
3707 5628 3800 5685 6st-

2234 5732 2411 5786 κνυσι,
2440 5718 2533 5772 καὶ
2553 5719 2807 5774 ἐκκόπτει
2838 5720 2929 5775 τοῦ
2954 5721 3154 5794 δρόμου
3180 5725 3304 5788 τοὺς
3335 5722 3639 5797 θηρευτὰς.
