4090 6288
354 415 455 473 τις)

1251 409 1520 468 δΡυΒυ..
1557 441 1626 452 —-
1665 399 2020 464 COMMENT.
2061 399 2125 455 IN
2166 395 2664 454 HEXAEMERON.

3490 397 3593 454 746

432 533 491 585 '0
515 532 572 585 δὲ
599 520 995 603 μυρμηκολέων
1020 535 1231 604 πατέρα
1257 531 1368 602 ἔχει
1400 530 1689 602 πρόσωπον
1713 527 1924 586 λέοντος

2041 494 2050 496 _
2099 517 2514 590 Myrmecoleoni
2577 523 2732 586 pater
2784 521 2900 580 est,
2952 515 3041 569 cui
3091 523 3342 585 aspectus
3405 516 3498 587 qui
3539 530 3595 574 et

351 623 566 695 ἔχοντα,
604 623 700 694 τὴν
726 623 783 674 δὲ
821 623 1030 694 μητέρα
1064 621 1371 692 μύρμηκος.
1407 622 1516 674 Καὶ
1552 621 1580 672 ὁ
1614 621 1710 690 μὲν
1742 625 1922 690 πατὴρ

354 716 701 788 σαρκοφάγος
727 716 894 780 ἐστὶν,
923 715 1031 786 ἡδὲ
1061 716 1240 786 μήτηρ
1267 715 1654 788 ὀσπριοφάγος,
1685 714 1776 766 καὶ
1804 729 1927 781 γενο-

353 806 485 860 νῶσι
523 804 684 875 διφυῆ
728 804 818 857 τὸν
863 804 1331 876 μυρμηκολέοντα,
1379 805 1439 857 τὸ
1489 803 1585 877 μὲν
1637 803 1926 876 πρόσωπον

355 897 544 968 ἔχοντα
573 895 806 961 λέοντος.
840 897 900 950 τὸ
947 897 1004 950 δὲ
1051 898 1212 969 μέρος
1248 898 1306 950 τὸ
1349 897 1571 950 ὄπισθεν
1616 895 1920 971 μύρμηκοςο

355 992 448 1044 καὶ
485 990 557 1060 μὴ
589 990 882 1062 δυνάμενος
917 992 1050 1062 μήτε
1104 990 1239 1061 κρέα
1289 991 1425 1061 μήτε
1471 990 1672 1060 δσπρια
1705 989 1924 1053 ἐσθίειν,

355 1084 709 1154 ἀποθνήσκει.

429 1179 486 1231 '0
518 1179 573 1231 δὲ
603 1178 830 1249 ὅναγρος
865 1175 1173 1248 ἀγελάρχης
1203 1175 1340 1238 ἐστὶ,
1371 1175 1465 1228 καὶ
1489 1171 1597 1228 τῶν
1617 1171 1918 1243 γενομένων

349 1271 593 1344 ἀρρένων
628 1270 726 1340 θλᾷ
756 1270 824 1324 τὰ
851 1269 1042 1335 αἰδοῖα,
1078 1269 1172 1321 καὶ
1205 1269 1265 1320 ού
1298 1264 1776 1338 σπερματίζουσιν.

419 1454 477 1507 '0
507 1454 563 1508 δε
582 1459 752 1525 ἐχῖνος
784 1456 858 1518 ὡς
888 1457 1092 1526 σφαῖρά
1130 1460 1244 1509 ἐστι
1274 1455 1350 1526 τῷ
1377 1455 1609 1526 σώματι,
1640 1456 1735 1507 καὶ⁸
1759 1457 1787 1507 ὁ
1809 1453 1909 1506 νῶ-

335 1550 430 1613 τός
457 1550 602 1602 ἐστιν
631 1547 794 1601 αὑτοῦ
827 1549 1160 1620 ὀλὸκεντρος,
1195 1548 1302 1602 τῶν
1329 1548 1564 1620 κέντρων
1599 1546 1797 1617 ὁμοίων
1827 1547 1913 1599 δν-

336 1655 447 1692 των
475 1642 585 1702 τοῖς
610 1638 723 1712 ¹τῶν
756 1638 1055 1692 θαλαττίων
1085 1638 1274 1709 ἐχίνων
1314 1638 1576 1709 κέντροις.
1616 1637 1912 1707 Πορεύεται

338 1731 468 1800 γοῦν
494 1732 584 1784 ἐπὶ
618 1731 708 1783 τὸν
742 1730 934 1802 βότρυν
965 1731 1062 1802 τῆς
1092 1731 1357 1802 ἀμπέλου,
1398 1731 1491 1784 καὶ
1531 1731 1784 1801 κατασπᾷ
1815 1730 1915 1800 ρᾶ-

341 1839 465 1890 γας,
537 1823 632 1875 καὶ
683 1822 1025 1892 ἐγκυλισθεὶς
1073 1820 1379 1894 περιπείρει
1428 1821 1528 1886 τὰς
1578 1820 1752 1892 ράγας
1800 1824 1912 1886 τοῖς

342 1915 587 1986 κέντροις
623 1915 714 1988 καὶ
747 1918 1074 1984 ἀφικνεῖται.

422 2019 646 2092 Δολερδν
668 2018 941 2091 ἡάλώπηξ
972 2018 1060 2072 διὰ
1099 2020 1311 2072 τοιᾶσδε
1354 2020 1601 2092 μηχανῆς
1631 2018 1922 2091 θηρωμένη

348 2116 474 2178 τοὺς
501 2113 738 2186 ὅρνιθας.
771 2112 1020 2185 Εύροῦσα
1040 2111 1146 2183 γάρ
1169 2111 1481 2182 τελμιστὴν,
1508 2111 1816 2180 ἐγκυλίεται
1845 2113 1925 2174 είς

349 2207 540 2278 αὐτὴν,
575 2207 669 2260 καὶ
697 2205 856 2259 πάλιν
887 2204 1166 2258 ἐνειλεῖται
1207 2203 1510 2275 λεπτοτάτῃ
1553 2203 1696 2256 κόνει
1727 2203 1760 2273 ἢ
1793 2203 1927 2273 ἀχύρ-

353 2317 487 2372 ροις,
520 2300 614 2352 καὶ
642 2298 854 2370 τίθησιν
894 2298 985 2349 ἐπὶ
1021 2296 1114 2349 τοῦ
1146 2296 1326 2350 πεδίου
1365 2295 1561 2366 ἑαυτὴν
1601 2295 1670 2349 τά
1705 2295 1926 2367 ὄμματα

352 2392 761 2454 ἀναπετάσασα,
785 2391 818 2461 ἢ
851 2391 942 2444 καὶ
964 2390 1025 2444 τὸ
1046 2389 1262 2461 πνεῦμα
1280 2391 1361 2453 είς
1383 2390 1582 2462 ἑαυτὴν
1613 2389 1922 2457 ἐπισπῶσα,

352 2484 428 2546 ὡς
475 2483 803 2553 φυσηθεῖσαν
846 2484 1014 2553 αὐτὴν
1042 2483 1146 2537 ὑπὸ
1176 2483 1282 2535 τῶν
1316 2483 1573 2537 πετεινῶν
1602 2483 1926 2554 νομισθῆναι

354 2575 574 2646 νεκράν,
611 2576 766 2629 ἆτινα
798 2575 890 2630 καὶ
923 2575 1273 2630 καταπτάντα
1299 2578 1385 2629 ἐπ’
1408 2575 1573 2648 αὐτὴν
1600 2576 1801 2640 εὐθέως
1829 2593 1926 2630 κα-

353 2667 556 2720 τεσθίει
585 2668 905 2740 ἁρπάσασα.
1005 2668 1013 2677 ’

437 2785 502 2837 Ἦ
552 2783 728 2856 σαῦρα
775 2784 1064 2856 γηράσασα
1111 2786 1399 2857 πηροῦται,
1457 2785 1548 2839 καὶ
1595 2785 1674 2848 εἰς
1717 2784 1927 2855 ραγάδα

355 2875 532 2948 τοίχου
551 2877 684 2946 πρὸς
701 2876 965 2941 ἀνατολὰς
991 2879 1401 2948 ἐστοχασμένως
1423 2877 1692 2947 βλέπουσα
1714 2876 1923 2939 εἴσεισι,

359 2971 454 3024 καὶ
510 2970 604 3023 τοῦ
660 2971 807 3040 ἡλίου
859 2970 1166 3041 ἀνίσχοντος
1218 2970 1628 3032 ἀναπετάσασα,
1681 2969 1787 3022 ὑπὸ
1829 2969 1927 3039 τῆς

357 3062 573 3123 ἀκτῖνος
600 3061 694 3130 τῆς
735 3059 963 3129 ἡλιακῆς
997 3059 1437 3129 καταυγασθεῖσα
1463 3058 1802 3131 ἀνηλεοῦται,
1834 3059 1927 3111 καὶ

358 3150 516 3228 ὑγιὴς
557 3150 1004 3206 ἀποκαθίσταται.
1041 3148 1195 3202 Οὕτω
1238 3148 1424 3220 δήκαὶ
1454 3149 1539 3211 σὺ,
1572 3141 1616 3198 ὧ
1653 3145 1927 3217 ἄνθρωπε,

355 3241 484 3294 ὅταν
512 3241 758 3312 γηράσῃς
784 3243 840 3294 ἐν
871 3240 1187 3312 ἁμαρτίαις,
1225 3241 1318 3294 καί
1357 3237 1642 3309 τυφλωθῇς
1676 3237 1776 3309 τὴν
1815 3235 1928 3289 διά·
1955 3270 1998 3326 C

357 3347 524 3394 νοιαν,
542 3331 641 3400 τῆς
660 3331 1004 3402 δικαιοσύνης
1028 3330 1178 3402 ζήτει
1204 3331 1296 3383 τὸν
1317 3328 1522 3394 Ἥλιον,
1554 3329 1638 3382 ἵνα
1653 3329 1929 3382 ἀνακαινι-

359 3420 494 3493 σθῇς
526 3425 584 3475 ἐν
611 3421 943 3495 δικαιοσύνῃ,
975 3423 1228 3485 ἀτενίσας
1262 3423 1340 3485 είς
1369 3421 1530 3475 αὐτὸν
1580 3422 1674 3474 καὶ
1699 3423 1812 3483 τοῖς
1832 3420 1930 3490 τῆς

356 3516 534 3586 ψυχῆς
561 3516 867 3587 ἀναϐλέψῃς
898 3516 1209 3588 ὁςςθαλμοῖς.

430 3632 653 3684 Πάντων
681 3631 736 3684 δέ
763 3633 867 3686 τῶν
901 3634 1102 3704 θηρίων
1134 3633 1646 3703 πνευματικώτατον
1673 3631 1930 3703 τυγχάνει

362 3724 454 3775 καὶ
500 3724 926 3794 πυρωδέστατον,
975 3725 1070 3778 καὶ
1107 3724 1366 3776 ποικίλων
1403 3723 1695 3795 σχημάτων
1729 3723 1933 3786 τύπους

361 3814 662 3868 ἀποτελεῖὸ
690 3815 904 3885 δράκων
933 3814 1244 3884 ἐλικοειδὴς,
1275 3816 1367 3866 καὶ
1394 3815 1562 3866 ποιῶν
1584 3815 1681 3884 τῆς
1707 3814 1932 3884 πορείας

361 3908 460 3972 τὰς
482 3907 678 3978 ὁρμὰς,
708 3907 936 3977 τάχιστα
965 3907 1049 3976 ἐφ’
1087 3901 1131 3974 ᾧ
1164 3906 1410 3977 βούλεται
1441 3905 1665 3958 ἔπεισιν.
1696 3905 1931 3958 Ἔστι”δὲ

362 4000 455 4054 καὶ
479 3999 845 4070 πολυχρόνιον·
878 3999 938 4051 οὐ
977 3997 1134 4068 μόνον
1166 3998 1274 4068 γάρ
1298 3998 1559 4069 τδλγῆρας
1587 3997 1933 4069 ἀπαμφίσκε-

363 4109 472 4155 ται,
501 4089 634 4143 ἀλλά
660 4091 753 4142 καὶ
782 4087 1007 4160 αὔξησιν
1036 4088 1253 4159 μείζονα
1278 4087 1602 4157 ἐπιδέχεται.
1649 4087 1813 4140 Ἐπάν
1840 4083 1932 4140 οὖν

361 4179 452 4233 τὸν
481 4179 780 4253 ὡρισμένον
806 4179 903 4248 τῆς
933 4175 1076 4248 ζωῆς
1105 4177 1361 4251 ἐκτελέσῃ
1389 4177 1596 4248 χρόνον,
1630 4179 1710 4240 είς
1743 4176 1932 4229 ἑαυτὸν

363 4273 710 4327 ἀναλίσκεται
735 4289 749 4302 ο
792 4272 854 4324 ού
882 4273 990 4342 γὰρ
1026 4271 1139 4342 ίδίῳ
1175 4270 1505 4341 ἀποθνήσκει
1537 4269 1677 4322 τέλει
1712 4269 1818 4339 πρὸ
1839 4265 1931 4320 τοῦ

363 4370 460 4440 τῆς
494 4367 638 4438 ζωῆς
674 4367 1022 4438 ἐκπληρῶσαι
1053 4367 1144 4420 τὸν
1180 4367 1324 4438 ὅρον,
1363 4367 1411 4418 εἰ
1444 4365 1518 4436 μὴ
1549 4364 1640 4436 βίᾳ.
1671 4363 1930 4436 ἀναιρεθῇ

363 4461 466 4515 ὑπό
493 4478 652 4524 τινος.
683 4461 868 4530 Τούτῳ
898 4462 926 4513 ὁ
958 4461 1222 4531 ἰχνεύμων
1255 4459 1576 4530 μονομαχεῖ,
1599 4457 1794 4528 χρίσας
1816 4458 1935 4509 ὲαυ-

359 4551 451 4604 τὸν
477 4551 650 4623 πηλῷ,
667 4551 898 4614 καὶτοὺς
933 4551 1210 4623 μυκτῆρας
1228 4552 1293 4621 τῇ
1321 4549 1501 4620 κέρκῳ
1529 4547 1925 4602 ἐπικαλύπτων.

375 4646 535 4701 Ἀλλά
566 4646 668 4717 μὴν
703 4647 795 4700 καὶ
837 4646 970 4716 πρὸς
1001 4645 1098 4716 τὴν
1130 4644 1431 4713 Αἰγυπτίαν
1462 4642 1666 4696 ἀσπίδα
1697 4643 1929 4694 ποιεῖται
1962 4633 2006 4687 Ῑ)

363 4739 719 4809 συμπληγάδα
768 4738 1005 4791 τοιῶσδε·
1049 4737 1194 4808 Αὕτη
1227 4737 1322 4807 μὲν
1351 4736 1558 4789 ἔπεισιν
1585 4734 1733 4804 αύτῷ
1756 4733 1932 4804 πολλῷ

365 4832 527 4905 ῥοίζῳ
566 4833 660 4904 τὴν
697 4831 866 4903 ούράν
897 4829 1198 4892 ἐλικοειδῶς
1243 4827 1596 4898 ἐπισύρουσα,
1636 4825 1707 4879 τά
1743 4826 1787 4879 δ’
1826 4825 1932 4878 ἀπὸ

365 4927 575 4997 στηθῶν
618 4926 752 4997 πρὸς
782 4927 848 4996 τῇ
882 4923 1088 4994 κεφαλῇ
1123 4922 1232 4976 ἀνω
1264 4919 1490 4990 πηδῶσα
1519 4919 1808 4990 μετέωρος,
1841 4915 1930 4969 εῦ-

366 5019 584 5090 στερνός
610 5036 668 5071 τε
702 5019 794 5072 καὶ
828 5017 1172 5086 πλατυαύχην
1224 5013 1607 5083 ἐκφυσηθείσα,
1659 5008 1830 5080 θυμοῦ
1873 5025 1931 5061 τε

364 5113 616 5185 ἔμπλεως
641 5112 905 5184 γενομένη
928 5110 1234 5181 ἐπέρχεται,
1259 5106 1624 5178 περιφέρουσα
1651 5103 1748 5174 τὴν
1770 5101 1936 5171 γλῶτ-

363 5223 463 5260 ταν
499 5205 635 5276 μετά
668 5205 917 5258 συντόνου
961 5199 1244 5274 συριγμοῖν
1294 5201 1322 5250 ὁ
1351 5199 1407 5251 δὲ
1443 5197 1728 5268 ἰχνεύμων,
1759 5194 1932 5267 ὀρθώ-

367 5315 467 5361 σας
503 5297 600 5368 τὴν
633 5297 849 5368 κέρκον,
887 5293 1114 5349 ἐπισείει
1141 5291 1362 5346 ἀπατῶν
1397 5290 1586 5361 αὐτὴν,
1615 5289 1710 5342 καὶ
1746 5287 1932 5359 μεθέλ-

365 5407 500 5457 κων,
555 5391 665 5451 τοῖς
710 5387 766 5440 δὲ
813 5384 1117 5458 ἔμπροσθεν
1148 5383 1381 5446 ὀκλάσας
1414 5381 1570 5434 ποσὶν
1593 5378 1930 5448 ἐπιφέρεται,

365 5492 460 5537 καὶ
487 5481 835 5544 ταπεινωθεὶς
861 5481 978 5542 ὅλος
1010 5478 1107 5550 τὴν
1138 5477 1256 5547 ὄψιν
1291 5475 1456 5546 μόνην
1485 5472 1732 5534 ἐκτείνει,
1762 5487 1935 5541 καρα-

365 5573 537 5628 δοκῶν
567 5573 640 5645 μὴ
670 5573 848 5644 φθάσῃ
877 5571 1086 5640 πληγὴν
1117 5568 1333 5640 καιρίαν
1365 5565 1638 5630 δέξασθαι.
1681 5561 1932 5616 Ἐπειδὰν

363 5664 456 5723 οὖν
490 5669 572 5739 ἴδῃ
603 5667 703 5738 τὴν
731 5664 951 5725 ἀσπίδα,
974 5662 1048 5724 ὡς
1071 5659 1206 5729 πρὸς
1230 5659 1415 5732 θηρίον
1436 5658 1531 5730 τὴν
1560 5657 1754 5729 κέρκον
1783 5653 1936 5726 ἀμιλ-

361 5763 610 5835 λωμένην
659 5759 968 5832 προθύμως,
1022 5754 1297 5824 αἰφνιδίως
1327 5753 1667 5824 ἐπιπηδήσας
1707 5751 1798 5806 τὸν
1834 5750 1930 5802 αύ-

367 5855 497 5926 χένα
530 5855 696 5925 αὐτῆς
721 5852 915 5917 πιέζει,
948 5849 1041 5902 καὶ
1074 5848 1383 5916 ἀποπνίγει.

685 6021 950 6080 ΡΑτιιοι.
995 6016 1112 6078 Gn.
1145 6013 1369 6078 XVI".

2029 612 2197 674 leoni,
2227 618 2401 665 mater
2428 610 2516 664 cui
2555 607 2812 663 formicae.
2866 605 3026 662 Pater
3053 608 3299 662 carnium
3323 647 3337 672 ,
3371 609 3598 680 legumi-

2029 717 2158 755 num
2183 711 2360 755 mater
2401 715 2564 754 vorax
2581 739 2596 763 ,
2629 699 2895 769 amboque
2919 706 3180 769 generant
3207 700 3600 770 myrmecoleo-

2027 809 2150 848 nem
2169 833 2184 858 ,
2210 791 2346 848 facie
2377 793 2580 857 leonis,
2605 793 2998 862 posterioribus
3030 792 3275 861 partibus
3321 791 3595 859 formicae,

2027 884 2120 954 qui
2151 899 2276 939 cum
2314 899 2491 955 neque
2523 886 2782 940 carnibus
2805 925 2820 948 ,
2857 899 3032 956 neque
3059 883 3424 955 leguminibus
3450 885 3598 940 vesci

2032 978 2239 1045 possit,
2265 975 2475 1046 jejunio
2517 978 2679 1032 vitam
2721 978 2856 1031 linit.

2102 1174 2317 1246 Onager
2338 1175 2592 1246 gregibus
2622 1177 2895 1246 imperitat
2924 1188 3315 1244 armentorum,
3346 1187 3399 1236 et
3421 1179 3597 1238 editos

2032 1286 2212 1326 mares
2244 1278 2525 1327 truncatos
2559 1271 2838 1326 mordicus
2876 1273 3054 1342 privat
3087 1275 3316 1330 testibus
3337 1313 3354 1340 ,
3391 1291 3460 1330 ne
3489 1290 3599 1346 qua

2034 1364 2267 1421 facultas
2293 1371 2511 1419 maneat
2544 1361 2858 1432 generandi.
3091 1429 3100 1438 .

2101 1457 2341 1513 Echinus
2388 1456 2545 1526 quasi
2585 1455 2695 1524 pila
2741 1467 2970 1524 corpore
3012 1452 3211 1522 tegitur
3259 1467 3356 1521 per
3401 1467 3594 1507 omnes

2029 1559 2212 1623 partes
2268 1550 2440 1621 spinis
2497 1549 2743 1612 hirsuto,
2799 1560 2919 1616 qua:
2965 1544 3138 1615 spinis
3173 1544 3352 1598 echini
3398 1546 3594 1601 marini

2029 1643 2344 1700 consimiles
2395 1648 2557 1708 sunt;
2601 1639 2667 1694 ad
2723 1651 2970 1692 racemos
3027 1636 3151 1691 vitis
3209 1638 3591 1707 proficiscitur,

2030 1735 2158 1789 hinc
2188 1734 2376 1787 acinos
2404 1732 2648 1788 divulsos
2679 1731 2963 1802 spinisque
3007 1743 3108 1784 suo
3137 1729 3382 1785 volutatu
3412 1730 3593 1801 perfo-

2031 1837 2180 1882 ratos
2211 1827 2483 1896 deportat.

2097 1999 2382 2066 Fallax—et
2413 2011 2658 2082 improba
2683 2013 2902 2083 vulpes,
2930 2030 3048 2085 qua:
3071 2014 3166 2070 tali
3191 2015 3590 2072 machinatione

2025 2117 2153 2158 aves
2183 2114 2432 2158 venatur.
2481 2103 2538 2158 ln
2568 2104 2742 2158 lutum
2774 2106 3069 2176 sordesquc
3102 2122 3223 2176 quae
3253 2109 3592 2163 occurrerint

2025 2195 2400 2265 immergitur,
2447 2198 2754 2268 aspergitur
2786 2198 2912 2254 inde
2960 2198 3328 2254 minutissime
3369 2199 3592 2270 pulvere

2027 2294 2121 2340 aut
2165 2286 2358 2355 paleis,
2411 2288 2638 2358 soloque
2666 2305 2725 2344 se
2761 2291 3080 2360 prosternit,
3117 2293 3429 2361 patentibus
3457 2309 3591 2349 ocu-

2026 2378 2131 2443 lis,
2164 2377 2249 2432 vel
2295 2379 2491 2448 spiritu
2540 2380 2592 2433 in
2630 2395 2689 2436 se
2739 2391 3057 2448 contracto,
3098 2391 3158 2437 ut
3187 2384 3436 2439 volucres
3475 2384 3588 2454 jam

2026 2468 2377 2523 tumefactam
2408 2478 2676 2524 mortuam
2714 2487 2837 2527 esse
2866 2473 3099 2538 ducant,
3139 2489 3275 2544 quas
3295 2515 3310 2536 .
3343 2475 3471 2530 dum
3522 2475 3591 2530 ad

2025 2573 2146 2616 eam
2172 2560 2545 2626 convolarint,
2575 2563 2755 2616 statim
2789 2552 3069 2634 correptas
3100 2564 3345 2620 devorat.

2098 2757 2358 2815 Lacertus
2396 2770 2584 2815 exacta
2613 2768 2770 2816 aetate
2795 2800 2810 2826 ,
2840 2775 3016 2816 caecus
3041 2760 3293 2827 efﬁcitur,
3317 2762 3373 2816 in
3399 2763 3592 2818 rimam

2028 2851 2170 2906 muri
2222 2851 2290 2906 ad
2317 2861 2470 2908 ortus
2500 2853 2632 2908 solis
2654 2861 2962 2923 vergentem
2993 2861 3246 2910 accurate
3271 2855 3591 2926 ingreditur,

2027 2952 2082 2999 et
2121 2945 2250 2998 dum
2277 2945 2358 2999 sol
2391 2945 2597 3010 oritur,
2631 2947 2818 3002 oculos
2868 2947 3069 3016 aperit,
3105 2947 3394 3018 lumenque
3427 2947 3554 3003 illud
3576 2987 3593 3014 ,

2028 3037 2320 3107 radiosque
2351 3038 2646 3108 excipiens,
2677 3038 2978 3094 illustratus
3015 3039 3159 3094 redit
3187 3040 3253 3094 ad
3283 3041 3594 3096 sanitatem.

2029 3125 2157 3181 Pari
2190 3128 2403 3183 ratione
2427 3169 2442 3193 ,
2474 3137 2528 3183 et
2555 3136 2612 3182 tu
2633 3169 2647 3193 ,
2678 3144 2712 3183 0
2751 3129 2949 3196 homo,
2981 3128 3112 3184 dum
3153 3131 3427 3202 peccando
3463 3147 3596 3187 con-

2032 3223 2323 3284 senueris,
2381 3229 2669 3291 menteque
2737 3219 2907 3278 fueris
2974 3223 3310 3289 obcaecatus,
3370 3224 3596 3294 iustitiae

2032 3312 2262 3381 quaerito
2306 3310 2528 3378 Solem,
2571 3320 2630 3366 ut
2674 3313 2728 3366 in
2765 3312 2978 3382 justitia
3019 3316 3332 3380 renoveris,
3384 3317 3442 3370 in
3468 3332 3590 3374 eum

2033 3407 2305 3477 aspiciens
2325 3445 2340 3472 ,
2365 3405 2646 3476 oculisque
2674 3407 2842 3462 animi
2875 3409 3062 3465 videas
3093 3408 3416 3466 illustratus.

2104 3629 2270 3686 Feras
2331 3645 2521 3686 omnes
2576 3630 2769 3701 spiritu
2833 3639 2888 3687 et
2963 3634 3144 3690 calore
3205 3633 3373 3690 draco
3429 3651 3596 3708 supe-

2033 3731 2151 3787 rat,
2188 3721 2478 3792 variasque
2511 3721 2803 3792 figurarum
2835 3722 3036 3778 formas
3061 3725 3316 3794 exprimit
3342 3727 3598 3798 obliquus

2033 3824 2088 3870 et
2137 3821 2452 3880 tortuosus;
2501 3822 2556 3869 et
2607 3813 2736 3868 dum
2801 3815 2905 3869 iter
2959 3815 3283 3884 ingreditur,
3327 3817 3600 3874 citissime

2034 3916 2233 3960 metam
2283 3919 2448 3973 quam
2507 3903 2608 3958 sibi
2658 3904 2941 3974 proposuit
2975 3906 3219 3975 attingit;
3251 3915 3304 3962 et
3337 3910 3470 3966 satis
3503 3910 3596 3964 diu

2033 3997 2195 4063 vivit;
2227 4011 2335 4050 non
2370 4002 2580 4049 tantum
2622 3996 2766 4050 enim
2801 4004 3074 4050 senectam
3111 4000 3295 4063 exuit,
3331 4002 3426 4056 sed
3457 4008 3511 4069 et
3541 4002 3597 4057 in

2034 4088 2152 4144 dies
2184 4089 2428 4158 singulos
2475 4088 2850 4158 magnitudine
2887 4090 3134 4160 corporis
3166 4093 3397 4160 crescit;
3441 4101 3599 4150 aetate

2033 4195 2164 4234 vero
2201 4179 2486 4236 confectus
2517 4195 2614 4250 per
2641 4181 2736 4234 sui-
2774 4182 3155 4238 resolutionem
3195 4184 3422 4241 deficit:'
3452 4203 3598 4241 nun-

2035 4287 2200 4343 quam
2255 4272 2398 4328 enim
2469 4281 2759 4342 antequam
2819 4280 3082 4329 statutum
3132 4277 3256 4332 vita:
3301 4281 3596 4336 terminum

2035 4367 2381 4436 impleverit,
2433 4373 2607 4421 morte
2654 4369 2871 4437 propria
2919 4368 3170 4436 afﬁcitur,
3211 4372 3317 4428 nisi
3359 4374 3430 4429 ab
3490 4376 3599 4430 alio

2033 4460 2298 4513 violenter
2340 4466 2588 4514 necetur.
2636 4458 2773 4513 Cum
2825 4459 2928 4514 hoc
2970 4461 3257 4518 ichneumo
3305 4464 3467 4520 habet
3513 4466 3600 4520 in-

2036 4551 2374 4607 ternecinum
2423 4551 2646 4615 bellum,
2696 4551 2789 4605 ubi
2835 4567 2894 4606 se
2923 4551 2979 4606 in
3013 4553 3142 4608 limo
3176 4555 3458 4621 merserit,
3492 4573 3596 4611 na-

2033 4657 2230 4713 resque
2285 4643 2457 4698 cauda
2495 4643 2782 4696 oliturarit.
2827 4643 3028 4698 Verum
3072 4651 3126 4698 et
3171 4659 3294 4700 cum
3343 4643 3599 4717 Egyptia

2035 4735 2222 4806 aspide
2277 4735 2481 4805 praeliis
2531 4735 2633 4788 hac
2663 4734 2873 4790 ratione
2917 4735 3184 4805 decertat;
3217 4737 3308 4791 illa
3361 4754 3600 4810 namque

2035 4827 2240 4898 ingenti
2270 4827 2529 4897 strepitu,
2560 4825 2826 4881 tractibus
2852 4827 3132 4883 circulatis
3164 4829 3392 4884 caudam
3423 4839 3600 4887 attra-

2034 4919 2204 4983 liens,
2251 4933 2284 4974 e
2343 4926 2565 4987 pectore
2616 4932 2791 4987 usque
2835 4919 2901 4971 ad
2949 4927 3115 4988 caput
3161 4959 3178 4982 ,
3241 4921 3441 4977 saliens
3490 4924 3600 4978 alta

2033 5007 2392 5076 excelsaque,
2440 5006 2621 5074 amplo
2668 5012 2910 5074 pectore,
2943 4993 3067 5063 latis
3103 5011 3407 5066 cervicibus
3453 5011 3611 5066 intu-'

2032 5115 2315 5163 mescens,
2359 5102 2439 5153 ira
2470 5100 2744 5153 cumulata
2765 5139 2780 5163 ,
2815 5100 3083 5170 sibiloque
3140 5104 3417 5158 concitato
3439 5143 3455 5168 ,
3480 5079 3598 5159 'lin-

2033 5207 2192 5263 guam
2226 5192 2476 5253 vibrans,
2503 5191 2762 5261 impetum
2790 5191 2948 5260 facit;
2971 5200 3026 5246 at
3057 5194 3346 5250 ichneumo
3367 5179 3614 5266 caudamf

2033 5284 2262 5347 tollens,
2296 5283 2439 5336 ictus
2473 5280 2659 5336 irritos
2685 5297 2911 5338 aversus
2952 5285 3186 5355 excipit,
3225 5300 3326 5340 nec
3353 5301 3461 5340 non
3495 5267 3614 5357 ειη-ξ

2034 5373 2330 5430 terioribus
2358 5373 2588 5444 pedibus
2617 5372 2790 5438 ﬂexis,
2817 5381 3072 5448 totusque
3100 5385 3428 5449 prostratus,
3465 5392 3602 5432 ocn-

2033 5469 2118 5524 los
2162 5474 2375 5522 tantum
2407 5467 2629 5536 conjicit
2651 5509 2666 5532 ,
2701 5467 2804 5522 sibi
2851 5483 3050 5524 cavens
3093 5483 3162 5522 ne
3193 5468 3416 5523 vulnere
3446 5469 3615 5550 gravi.

2034 5569 2261 5631 excepto
2288 5561 2660 5630 exanimetur;
2698 5561 2792 5617 sed
2830 5561 2921 5615 ubi
2971 5560 3213 5629 aspidem
3253 5575 3376 5615 cum
3422 5561 3600 5617 cauda

2035 5653 2192 5722 quasi
2224 5667 2346 5708 cum
2380 5651 2492 5707 fera
2523 5653 2890 5708 decertantem
2920 5651 3246 5723 inspexerit,
3271 5663 3517 5726 prompte
3545 5634 3615 5739 et:

2035 5755 2234 5818 praeter
2261 5747 2726 5818 exspectationem
2757 5746 2998 5812 irruens,
3034 5743 3246 5800 invadit
3293 5745 3348 5802 in
3399 5747 3611 5804 faucem

2033 5841 2232 5913 quibus
2264 5838 2544 5897 obstrictis
2565 5877 2581 5906 ,
2613 5835 2864 5893 suﬂ'ocat.

3252 6003 3331 6064 2's
