4090 6288
580 315 696 371 ’⁸147

1433 321 1490 378 S.
1530 323 1974 382 EUSTATIHUS
2011 324 2498 382 ANTIOCHENUS
2537 325 2865 382 EPISCOPU
2880 327 2936 384 S.

3709 343 3794 400 748

659 431 922 490 Lacertus
972 449 1131 504 quem
1182 434 1416 494 dicimus
1455 440 1891 506 salamandram,
1940 444 2055 500 sive
2098 445 2131 496 ii

2323 441 2505 513 Σαῦρα
2526 443 2580 495 δὲ
2604 444 2636 514 ή
2664 444 2928 516 λεγομένη
2956 445 3325 519 σαλαμάνδρα,
3353 447 3446 501 ἐὰν
3470 450 3550 514 είς
3573 467 3789 526 κάμινον,

576 524 866 582 fornacem
893 567 908 592 ,
941 528 1055 582 sive
1083 527 1138 582 in
1169 528 1422 586 balneum
1454 533 1733 604 ingressus
1761 535 1943 601 fuerit,
1977 536 2157 606 ignem

588 624 795 673 tactum
821 658 836 681 ,
863 633 974 672 non
1001 619 1110 673 alio
1148 621 1310 676 modo
1335 639 1498 693 quam
1512 626 1727 694 glacies
1749 628 2067 698 exstinguit.

655 710 820 766 Aiunt
858 712 1102 782 viperam
1136 730 1244 784 .per
1296 732 1359 772 os
1404 720 1572 773 maris
1621 735 1807 775 semen
1870 722 2157 792 excipere;

2263 533 2295 602 ἢ
2332 532 2607 602 βαλανεῖον
2628 537 2936 609 ἐπεισέλθῃ,
2959 538 3346 611 ἀποψυχραίνει
3383 543 3532 596 αὑτό.

2330 714 2467 767 Φασὶ
2502 714 2560 768 δὲ
2594 714 2690 787 τὴν
2717 715 2926 787 ἔχιδναν
2958 716 3044 771 διὰ
3083 716 3348 789 στόματος
3372 720 3464 774 τοῦ
3484 720 3695 794 ἄρρενος
3716 730 3795 801 τήν

585 802 933 873 membraque
979 806 1386 874 exciso,'-illum
1426 809 1705 878 occidere;
1739 827 1860 883 quae
1901 814 1994 869 ubi
2027 829 2134 869 con

2260 805 2423 874 γονὴν
2463 804 2734 875 δέχεσθαι,
2769 805 2862 860 καὶ
2895 807 3322 860 συναποκόπτειν
3347 811 3460 872 τοῖς
3495 809 3662 866 ὀδοῦσι
3689 817 3793 871 αύτὸ

583 896 874 966 ceperit,a
925 897 1052 955 (iliis
1104 900 1434 957 interimitur
1478 921 1492 970 ;
1531 918 1780 976 namque
1841 906 2049 963 exclusi
2103 908 2158 962 in

579 995 758 1056 utero,
806 990 1003 1046 abrasa
1039 993 1241 1059 vulva,
1281 994 1610 1068 ell'ractoque
1659 1006 2003 1070 ventre,per
2043 1000 2158 1058 dis-

571 1087 738 1150 rupta
770 1079 938 1136 latera
970 1092 1285 1154 erumpunt.

647 1232 886 1305 Serpens
953 1238 1266 1295 obcazcatur
1318 1249 1476 1299 aetate
1528 1247 1936 1316 ingravescente
1967 1287 1985 1314 ,
2059 1251 2154 1321 qui

563 1329 936 1402 quadraginta
966 1332 1084 1388 dies
1113 1333 1339 1403 jejuniis
1384 1351 1615 1408 corpore
1662 1339 1843 1394 laxato
1866 1380 1881 1404 ,
1908 1341 2026 1397 saxi
2074 1343 2154 1397 ri-

567 1433 722 1476 mam
761 1423 930 1479 intrat
970 1428 1461 1499 angustam,vique
1502 1444 1561 1486 se
1597 1432 1930 1488 contrahens
1959 1434 2154 1504 pellem

568 1523 964 1587 senectamque
1007 1518 1158 1572 exuit
1191 1527 1246 1574 et
1283 1529 1610 1588 renovatur;
1643 1523 1771 1578 dum
1820 1525 1969 1593 sitit,
2001 1527 2152 1596 prius

565 1617 788 1660 veneno
809 1605 1079 1677 deposito,
1102 1605 1340 1664 fontanis
1359 1611 1516 1680 aquis
1541 1611 1686 1667 sitim
1700 1612 1952 1684 depellit.
1967 1613 2152 1686 Captis

576 1698 879 1766 musculis,
913 1698 1103 1754 oculos
1137 1702 1281 1755 eruit
1311 1701 1612 1772 nutritque,
1648 1710 1701 1758 et
1725 1704 1792 1760 iis
1825 1704 1948 1759 cibo
1982 1707 2152 1760 utitur

2256 896 2318 949 τὸ
2353 895 2559 968 μόριον,
2595 897 2690 950 καὶ
2721 897 3060 951 ἀποκτείνειν
3093 899 3274 953 αὐτόν.
3323 899 3470 970 Αὕτη
3508 900 3584 966 δὲ,
3629 904 3793 974 ἔγγυος

2257 988 2548 1060 γενομένη,
2581 989 2688 1042 ὑπὸ
2717 988 2825 1042 τῶν
2863 989 3067 1044 τέκνων
3099 990 3419 1063 ἀναιρεῖταιο
3449 992 3530 1046 ἔτι
3555 994 3653 1066 γὰρ
3675 1000 3722 1050 ἐν
3738 1005 3790 1073 τῇ

2256 1079 2434 1152 κοιλίᾳ
2471 1081 2640 1152 αὐτῆς
2683 1081 2995 1154 ὑπάρχοντα
3041 1083 3137 1155 τὴν
3184 1085 3394 1156 μήτραν
3423 1088 3791 1160 καταφαγόντα,

2259 1173 2354 1226 καὶ
2367 1172 2467 1245 τὴν
2481 1172 2690 1226 κοιλίαν
2719 1174 3098 1246 ἀναρρήξαντα
3119 1175 3204 1228 διά
3229 1176 3327 1247 τῆς
3356 1177 3593 1250 πλευρᾶς
3632 1180 3788 1246 ἔξεισι.

2327 1264 2578 1335 Γηράσας
2622 1266 2680 1318 δὲ
2725 1268 2754 1319 ὀ
2790 1268 2911 1337 ὄφις
2950 1268 3330 1338 ἐκτυφλοῦται,
3387 1272 3481 1324 καὶ
3530 1273 3790 1343 νηστεύσας

2253 1353 2465 1424 ἡμέρας
2489 1357 2896 1428 τεσσαράκοντα
2927 1357 3216 1429 χαυνοῦται
3245 1359 3322 1430 τῷ
3349 1359 3582 1429 σώματι,
3603 1361 3687 1415 καὶ
3701 1366 3790 1418 ela-

2257 1443 2474 1516 έρχεται
2506 1447 2585 1509 είς
2618 1447 2826 1518 ῥαγάδα
2861 1448 3064 1518 πέτρας
3108 1447 3298 1520 στενὴν
3319 1489 3333 1513 ,
3375 1449 3468 1503 καὶ
3499 1453 3570 1521 τῇ
3598 1449 3678 1524 βίᾳ
3701 1452 3792 1506 δια-

2255 1534 2551 1606 συρόμενος
2594 1535 2656 1588 τὸ
2691 1536 2864 1606 δέρμα
2903 1537 2964 1589 τὸ
3004 1537 3316 1609 γεροντικὸν
3363 1537 3676 1602 ἀποδύεται,
3717 1541 3790 1594 καὶ

2253 1626 2594 1683 ἀνανεοῠται.
2637 1628 2802 1682 Ὅταν
2837 1628 2896 1680 δὲ
2927 1627 3146 1700 διψήσῃ,
3175 1627 3264 1682 τὸν
3294 1628 3370 1681 ίὸν
3399 1628 3658 1699 πρότερον
3682 1633 3790 1684 ἅπας

2250 1717 2476 1783 τίθεται,
2521 1721 2616 1774 καὶ
2656 1719 2828 1784 οὕτως
2861 1721 3070 1774 ἐκπίνει
3108 1721 3170 1774 τὸ
3203 1721 3345 1792 ὕδωρ
3377 1722 3440 1774 ὲκ
3478 1721 3581 1792 τῆς
3615 1723 3783 1794 πηγῆς.

577 1787 810 1843 maturis
855 1796 910 1843 et
924 1788 1284 1860 pinguefactis
1303 1807 1318 1857 ;
1337 1791 1608 1846 hominem
1631 1793 1836 1849 nudum
1857 1795 1904 1851 si
1922 1809 2134 1866 aspexe-

2262 1810 2533 1882 Ἀγρεύων
2564 1812 2620 1865 δὲ
2653 1813 2778 1875 τοὺς
2813 1810 3042 1882 μυοξοὺς
3089 1787 3344 1882 ὲκτυφλοῖ
3369 1812 3465 1866 καλ⁵
3494 1787 3784 1883 τρέφειξκαὶ

573 1880 680 1946 r-it,
721 1895 830 1936 non
873 1879 1006 1947 adit,
1038 1882 1297 1948 vestitum
1325 1882 1659 1954 aggreditur.

639 2170 939 2232 Basiliscus
985 2190 1252 2231 venenum
1305 2175 1623 2247 pestiferum
1657 2178 1830 2234 oculis
1866 2178 1995 2249 jacit
2019 2220 2033 2244 ,
2069 2180 2144 2234 ita

573 2276 631 2322 ut
663 2268 937 2324 hominem
967 2270 1052 2326 vel
1077 2271 1194 2325 solo
1224 2277 1445 2342 aspectu
1473 2272 1658 2326 statim
1687 2271 1981 2327 interimat.
2016 2273 2142 2343 Spi-

568 2361 711 2417 ritus
731 2361 850 2431 ejus
873 2363 1086 2433 igneus,
1109 2370 1312 2418 terram
1342 2363 1542 2428 exurit,
1574 2373 1628 2419 et
1657 2363 1876 2427 herbas,
1906 2374 1959 2421 et
1985 2367 2145 2420 arbo-

567 2467 680 2508 res.
734 2452 798 2506 Et
836 2453 941 2507 hoc
987 2454 1150 2508 modo
1191 2454 1336 2525 gigni
1390 2455 1636 2511 historiis
1683 2456 1957 2526 proditum
2005 2466 2139 2513 est:

571 2560 695 2599 cum
756 2546 942 2616 plures
985 2562 1192 2616 angues
1248 2549 1303 2602 in
1350 2563 1520 2602 unum
1577 2549 1845 2611 conclusi,
1896 2549 2143 2620 fameque

570 2638 749 2694 vexati
799 2637 999 2694 fuerint
1040 2640 1150 2709 (est
1202 2640 1351 2695 enim
1403 2640 1602 2696 animal
1643 2641 2138 2713 scelestissimum),

571 2731 712 2787 alius
739 2730 905 2786 alium
942 2731 1044 2786 sibi
1079 2731 1394 2788 viciniorem
1423 2733 1680 2798 comedit,
1703 2731 2007 2805 fortiorque.
2039 2734 2142 2788 im-

572 2823 852 2879 becilliore
915 2830 1142 2889 vorato,
1201 2824 1446 2879 omnium
1504 2826 1794 2897 anguium,
1833 2841 1970 2896 quos
2019 2825 2139 2882 loco

570 2917 678 2970 cibi
706 2915 973 2983 adhibuit,
1004 2916 1225 2973 venenis
1265 2916 1456 2986 plenus
1483 2931 1548 2971 ac
1585 2917 1826 2974 refectus
1849 2960 1864 2986 ,
1901 2917 1957 2972 ﬁt
1993 2917 2140 2973 basi-

572 3011 746 3066 liscus
767 3051 782 3076 ,
811 3025 1080 3066 venenum
1135 3010 1343 3066 habens
1374 3009 1926 3080 perniciosissimum,
1973 3011 2044 3065 ita
2079 3019 2138 3066 ut

569 3101 654 3158 vel
696 3101 815 3158 solo
862 3108 1018 3156 necet
1056 3107 1302 3170 aspectu.

641 3192 947 3249 Scarabeus
973 3206 1038 3247 ex
1081 3191 1280 3246 bovino
1321 3201 1590 3257 stercore,
1620 3189 1866 3246 rotundae
1911 3189 2094 3260 tigurm
2118 3231 2132 3255 ,

568 3285 770 3357 pilulas
803 3283 971 3338 volvit
1012 3299 1273 3350 aversus;
1307 3282 1488 3338 ferunt
1530 3282 1677 3337 hunc
1721 3297 1815 3338 sex
1856 3283 2135 3339 mensibus

567 3393 730 3450 super
756 3385 901 3433 terra
938 3374 1241 3440 immorari,
1274 3390 1568 3446 semenque
1598 3375 1652 3430 in
1683 3382 2012 3431 stercoream
2053 3375 2136 3446 pi-

566 3473 673 3526 lam
721 3473 990 3535 emittere,
1026 3469 1260 3539 indeque
1291 3469 1468 3524 oritur
1495 3485 1611 3525 mas
1650 3469 1975 3536 scarabeus,
2001 3485 2134 3525 nus-

563 3580 727 3636 quam
764 3564 908 3619 enim
943 3563 1265 3620 scarabeum
1303 3562 1560 3618 feminam
1589 3561 1833 3616 invenire
1863 3567 1966 3616 est.
1997 3558 2134 3614 Pro-

565 3666 682 3728 pter
722 3657 864 3713 hanc
892 3657 1012 3728 ejus
1050 3666 1298 3712 naturam
1343 3654 1583 3726 Egyptii
1625 3653 1948 3708 scarabcum
1986 3651 2130 3705 inter

563 3751 790 3804 murrina
830 3750 1052 3814 colunt,
1101 3748 1202 3804 soli
1252 3747 1486 3802 similem
1539 3753 1950 3805 asseverantes,
1985 3740 2128 3811 quod

563 3845 832 3916 sphmram
859 3846 1075 3908 volvat,
1106 3850 1154 3896 et
1199 3843 1378 3898 sidera
1407 3840 1743 3912 serpentium
1773 3838 1962 3909 ﬁguris
1991 3837 2132 3892 assi-

561 3937 776 4002 milant,
831 3936 976 4007 quod
1028 3942 1334 3990 tortuosum
1373 3939 1426 3988 et
1474 3932 1755 4002 obliquum
1815 3929 1888 3984 sit
1939 3942 2128 3982 eorum

567 4029 693 4082 iter.

632 4117 896 4173 Formica:
915 4157 931 4180 ,
963 4116 1093 4171 dum
1123 4115 1450 4170 frumentum
1475 4121 1832 4184 congregant,
1859 4125 2124 4167 annosum

562 4227 750 4270 semen
795 4210 1076 4272 dividunt,
1109 4224 1180 4264 ne
1210 4223 1404 4262 rursus
1459 4205 1820 4261 madefactum
1857 4204 1911 4258 in
1943 4203 2126 4275 fruges

559 4313 718 4360 exeat
746 4319 778 4359 e
805 4310 987 4369 terra;
1022 4302 1200 4357 hieme
1231 4315 1340 4354 non
1365 4300 1736 4370 egrediuntur,
1766 4298 1910 4370 quod
1939 4305 2126 4354 aestate

559 4397 664 4454 sibi
690 4395 872 4450 cibum
907 4396 1042 4450 satis
1077 4391 1420 4446 commodum
1451 4392 1839 4462 compararim.

629 4489 835 4544 llirudo
881 4504 948 4543 ex
997 4501 1194 4558 genere
1225 4484 1490 4540 vermium
1535 4484 1734 4538 animal
1779 4486 1833 4539 in
1871 4483 2120 4538 dulcibus
2153 4497 2196 4551 1)

557 4583 714 4654 aquis
744 4582 918 4653 degit;
951 4582 996 4634 si
1029 4581 1153 4651 quis
1202 4576 1435 4634 sitiendo
1468 4576 1624 4631 avide
1656 4575 1882 4639 biberit,
1914 4590 2021 4629 una
2065 4584 2118 4631 et

558 4671 730 4743 ipsam
779 4671 1076 4734 combibit,
1126 4684 1244 4738 qua:
1289 4674 1508 4739 propter
1571 4666 1794 4720 nimiam
1848 4666 2116 4720 levitatem

557 4779 682 4819 cum
712 4778 850 4833 aqua
884 4772 1006 4834 pota
1044 4763 1319 4826 illabitur;
1351 4760 1479 4814 inde
1509 4757 1747 4812 maxima
1777 4755 2117 4810 incommoda

553 4851 924 4922 molestiaeque
959 4852 1226 4906 accedunt
1266 4848 1515 4919 corpori,
1548 4848 1640 4902 illa
1673 4846 1992 4918 sanguinem
2022 4862 2118 4900 ex-

553 4951 816 5014 sugente,
848 4951 902 4999 et
947 4950 1304 5014 augescente,
1352 4940 1652 4996 insatiabili
1703 4953 1938 5009 namque
1991 4953 2117 4992 san-

550 5037 735 5110 guinis
786 5035 1070 5091 hauriendi
1118 5034 1416 5104 cupiditate
1458 5040 1693 5095 tenetur,
1739 5037 1796 5087 et
1841 5029 2116 5086 multoties

549 5128 740 5191 allisa,
775 5141 879 5182 nec
919 5126 1188 5189 evellitur,
1241 5141 1340 5180 nec
1393 5125 1715 5188 detrahitur,
1766 5122 1869 5179 etsi
1918 5122 2110 5177 medici

547 5223 899 5282 obnitautur,
927 5221 1102 5276 donec
1147 5219 1382 5290 pondere
1414 5219 1531 5289 ipso
1563 5217 1847 5290 sanguinis
1876 5216 2113 5273 disrum-

545 5323 726 5386 patur.

616 5409 760 5464 Inter
793 5407 1034 5479 aspidem
1067 5410 1370 5472 eaeteraque
1412 5417 1642 5472 quorum
1695 5417 1912 5458 morsus
1963 5401 2113 5456 ulce-

547 5511 649 5566 rat,
665 5510 719 5557 et
751 5501 906 5558 felem
931 5499 1081 5571 jugis
1103 5495 1398 5552 discordia.
1430 5495 1472 5547 A
1499 5495 1861 5564 serpentibus,
1889 5494 2112 5549 locustis

544 5593 834 5664 erucisque
853 5594 1084 5650 dissidet
1112 5590 1235 5644 ibis.
1263 5587 1524 5651 Cerastis,
1555 5589 1934 5657 scorpionibus
1962 5586 2111 5641 aliis-

544 5699 652 5753 que
683 5687 907 5741 minutis
950 5683 1234 5757 reptilibus
1279 5681 1540 5749 accipiter
1571 5681 1837 5735 exitiosus
1868 5688 1986 5746 est;
2019 5679 2108 5732 hic

547 5776 784 5831 hominis
815 5777 1282 5835 commiseratione
1308 5773 1576 5839 ﬂectitur;
1631 5773 1676 5828 si
1723 5773 1864 5828 enim
1897 5773 1951 5826 in
1982 5787 2105 5828 eum

2251 1900 2622 1966 πεπανθέντας
2649 1902 2922 1956 κατεσθίει
2961 1901 3176 1964 αὐτούς.
3226 1900 3351 1953 Ἐὰν
3382 1899 3438 1953 δὲ
3467 1900 3659 1969 γυμνὸν
3684 1900 3783 1953 θεά-

2241 2011 2408 2066 σηται
2444 1994 2750 2066 ἄνθρωπον,
2792 1993 2854 2047 ού
2899 1994 3208 2065 πρόσεισιν·
3259 1995 3307 2046 εί
3354 1993 3411 2046 δὲ
3456 1992 3781 2064 ἐνδεδυμένον,

2236 2085 2555 2154 έφάλλεται.

2326 2177 2385 2232 Ὅ
2417 2178 2476 2231 δὲ
2522 2177 2832 2249 βασιλίσκος
2878 2178 2952 2232 ίὸν
2989 2174 3356 2247 θανατηφόρον
3387 2174 3688 2246 ἀποπέμπει
3718 2175 3779 2246 τῷ

2234 2270 2528 2343 πόφθαλμῷ,
2572 2271 2711 2324 ὥστε
2755 2271 2848 2324 τὸν
2889 2270 3221 2340 θεασάμενον
3252 2269 3587 2340 παραχρῆμα
3614 2270 3778 2322 ἀπονε-

2244 2362 2529 2434 κροῦσθαι.
2563 2363 2636 2416 Τὸ
2677 2363 2735 2417 δὲ
2786 2346 3015 2433 φύσημα
3058 2361 3222 2415 αὑτοῦ
3268 2363 3523 2432 τυγχάνει
3567 2362 3775 2434 πύρινον,

2243 2455 2580 2526 καταφλέγον
2607 2455 2810 2528 χώρας,
2843 2457 2936 2510 καὶ
2961 2456 3125 2510 τόπον
3154 2454 3486 2525 σύνδενδρον.
3525 2455 3776 2527 Ἱστορούσι

2242 2549 2297 2603 δὲ
2334 2550 2493 2604 αὐτὸν
2525 2549 2748 2622 τοιούτῳ
2793 2550 2978 2621 τρόπῳ
3019 2547 3386 2603 συνίστασθαι.
3453 2548 3612 2602 Ἐπάν
3650 2548 3777 2617 ὄφεις

2243 2641 2483 2706 πλείονες
2510 2641 2972 2696 κατακλεισθῶσιν
2988 2640 3143 2712 ὁμοῦ,
3168 2641 3262 2694 καὶ
3279 2641 3360 2693 λοι
3368 2639 3608 2712 μώξωσιν
3633 2641 3776 2711 (ἐπει-

2240 2735 2413 2806 δήπερ
2437 2733 2498 2786 τὸ
2523 2731 2661 2796 ζῶόν
2687 2734 2804 2787 ἐστι
2825 2732 3188 2803 παμμίαρον),
3217 2732 3445 2794 ἕκαστος
3471 2730 3555 2785 τὸν
3579 2730 3774 2802 πλησίον

2240 2823 2536 2881 κατεσθίει·
2587 2825 2681 2878 καὶ
2729 2826 2757 2878 ό
2805 2823 3155 2896 ἰσχυρότερος
3198 2823 3499 2878 ἀναλίσκων
3543 2822 3655 2892 ὄφις
3694 2819 3772 2872 τὸν

2239 2918 2647 2991 ἀσθενέστερον,
2675 2919 2769 2971 καὶ
2797 2917 3101 2988 πληρωθεὶς
3132 2916 3347 2970 πάντων
3369 2916 3476 2968 τῶν
3499 2915 3658 2984 ὖφεων
3682 2911 3770 2975 ἱοῦ,

2237 3004 2310 3063 ἄρα
2353 3010 2695 3082 κατεδήδοκε,
2744 3009 3052 3080 βασιλίσκος
3084 3009 3328 3078 γίγνεται
3370 3009 3443 3062 ἰὸν
3470 3008 3596 3078 ἔχων
3633 3005 3772 3076 χαλε-

2239 3101 2506 3169 πώτατον,
2539 3102 2614 3168 ὡς
2642 3103 2736 3156 καὶ
2761 3103 2870 3156 ἀπὸ
2903 3103 3066 3174 μόνου
3095 3102 3188 3156 τοῦ
3215 3100 3481 3173 ὀφθαλμοῦ
3507 3097 3765 3153 θανατοῦν.

2321 3194 2378 3249 '0
2409 3196 2468 3249 δὲ
2513 3196 2801 3268 κάνθαρος,
2846 3197 2910 3250 ὲκ
2953 3197 3052 3269 τῆς
3088 3198 3266 3268 βοείας
3295 3195 3439 3250 ὄνθου
3471 3188 3766 3259 κυκλοτερὲς

2239 3289 2427 3360 σχῆμα
2456 3288 2822 3361 πλασάμενος,
2856 3290 3264 3358 ἀντιπρόσωπος
3294 3283 3524 3342 κυλινδεῖ.
3548 3283 3676 3338 ἶΙιασὶ
3705 3281 3757 3336 δὲ

2235 3380 2397 3432 αὑτὸν
2424 3378 2694 3452 ἑξάμηνον
2733 3380 2920 3434 ἐπάνω
2943 3379 3042 3450 τῆς
3069 3381 3194 3451 γῆς,
3221 3380 3307 3434 καὶ
3335 3375 3655 3449 σπερμαίνειν
3677 3375 3751 3435 εἰς

2232 3473 2331 3543 τήν
2361 3472 2539 3526 ὃνθιον
2565 3475 2819 3546 σφαῖραν,
2848 3473 2942 3526 καὶ
2972 3473 3175 3527 τίκτειν
3201 3475 3392 3545 ἄρρενα
3411 3467 3667 3540 κάνθαρον·
3693 3464 3747 3518 οὑ

2232 3567 2340 3639 γὰρ
2366 3565 2531 3636 θῆλυς
2563 3565 2794 3638 ὑπάρχει
2825 3565 3092 3637 κάνθαρος
3125 3565 3361 3619 πώποτε.
3398 3562 3500 3616 Καὶ
3529 3561 3576 3612 οἱ
3604 3557 3757 3627 Αίγύ-

2231 3674 2379 3712 πτιοι
2421 3657 2507 3712 διά
2546 3657 2645 3730 τὴν
2682 3656 2934 3727 τοιαύτην
2966 3656 3125 3726 φύσιν
3161 3654 3324 3710 αὑτοῦ
3363 3654 3592 3708 σέϐονται
3618 3648 3764 3702 αὑτὸν

2229 3752 2308 3814 είς
2334 3749 2483 3821 ἥλιον
2506 3748 3091 3820 μετασχηματίζοντες,
3128 3747 3313 3819 ἐπειδὴ
3347 3745 3509 3801 κυλίει
3537 3744 3767 3814 σφαῖραν,

2229 3843 2323 3895 καὶ
2361 3842 2430 3895 τὰ
2465 3843 2640 3914 ἄστρα
2681 3841 2857 3910 ὄφεων
2897 3841 3167 3910 σχήμασιν
3210 3838 3580 3902 ἀπεικάζουσι,
3608 3833 3689 3887 διὰ
3717 3830 3772 3884 τὸ

2227 3933 2385 4005 λοξὴν
2420 3932 2686 3990 ποιεῖσθαι
2712 3933 2812 4004 τὴν
2842 3932 3065 4006 πορείαν
3091 3930 3308 3993 αὐτούς.

2295 4117 2360 4170 Oi
2390 4116 2448 4170 δὲ
2491 4115 2778 4188 μύρμηκες
2821 4119 2911 4167 τὸν
2960 4115 3102 4166 σῖτον
3150 4111 3470 4180 συνάγοντες
3513 4105 3598 4160 διὰ
3628 4105 3773 4176 μέσον

2223 4207 2332 4260 τῶν
2379 4209 2593 4262 κόκκων
2637 4208 2915 4278 τέμνουσι,
2966 4205 3100 4277 πρὸς
3150 4203 3212 4258 τὸ
3257 4203 3332 4275 μὴ
3373 4201 3605 4272 ἐκφύσαι
3633 4197 3776 4254 αὑτὸν

2223 4298 2579 4370 νοτιζόμενοψ
2616 4299 2708 4351 καὶ
2736 4297 2954 4367 μένουσι
2987 4297 3075 4350 τὸν
3111 4295 3352 4366 χειμῶνα
3399 4293 3663 4364 ἀπρόῖτοι,
3702 4287 3776 4341 διὰ

2223 4389 2316 4444 τοῦ
2349 4390 2539 4462 θέρους
2566 4390 2809 4461 αὐτάρκη
2841 4388 2940 4460 τὴν
2968 4388 3172 4460 τροφὴν
3202 4387 3580 4457 πορισάμενοι.

2306 4482 2370 4537 Ἦ
2401 4483 2459 4537 δὲ
2493 4483 2702 4553 βδέλλα,
2750 4481 3134 4552 σκωληκοειδὲς
3176 4480 3310 4545 ζῶον
3353 4479 3692 4550 ὑπάρχουσα,
3731 4475 3778 4525 ἐν

2221 4579 2333 4639 τοῖς
2365 4573 2616 4644 γλυκέσιν
2657 4574 2989 4628 ὲκδιαιτᾶται
3025 4572 3196 4626 ὑδασι’
3241 4571 3335 4624 καὶ
3376 4571 3549 4625 πίνων
3584 4587 3666 4632 τις
3698 4566 3780 4620 λά-

2219 4668 2368 4740 ϐρως
2409 4666 2796 4735 συγκαταπίνει
2836 4665 2988 4729 αὑτὸ,
3027 4664 3114 4717 διά
3157 4665 3256 4735 τὴν
3299 4663 3505 4736 πολλὴν
3548 4662 3780 4732 λειότητα

2222 4759 2607 4816 συνολισθαίνει
2638 4759 2716 4828 τῷ
2760 4757 3029 4829 πινομένῳ
3065 4755 3367 4809 ὑδατιλίαὶ⁵
3403 4755 3468 4808 οὐ
3506 4754 3702 4826 μικρὰν
3731 4749 3780 4817 ἐξ

2220 4849 2384 4904 αὑτοῦ
2435 4848 2636 4920 βλάϐην
2687 4849 2994 4918 ὑφίσταται,
3039 4849 3137 4920 τῆς
3180 4846 3382 4918 σαρκὸς
3425 4846 3522 4900 τοῦ
3571 4847 3781 4917 αἵματος

2219 4941 2582 5013 ὲκμυζοῦντος
2609 4941 2791 5007 αὑτοῦ,
2825 4941 2919 4995 καὶ
2940 4939 3129 4994 τούτου
3157 4938 3434 5004 αὑξοντος’
3465 4939 3781 5011 ἀχόρταστον

2217 5035 2274 5089 δὲ
2296 5035 2549 5105 τυγχάνει
2577 5033 2712 5106 πρὸς
2735 5033 2891 5104 δίψαν
2927 5033 3176 5105 αἵματος.
3215 5032 3325 5085 Καὶ
3364 5031 3635 5095 πολλάκις
3667 5027 3783 5082 αὑτὸ

2217 5125 2317 5196 τῆς
2342 5126 2681 5199 ἀφαιρέσεως
2704 5125 2975 5197 δεομένοις
3007 5127 3209 5196 ίατροῖς
3237 5125 3336 5178 οὑκ
3367 5125 3661 5197 ἀνιμᾶται,
3693 5121 3783 5183 ἕως

2216 5220 2338 5271 ὅτου
2359 5217 2699 5291 διαρραγείη.

2286 5400 2416 5464 Ταῖς
2447 5400 2506 5453 δὲ
2537 5395 2727 5453 ἀσπίσι
2751 5398 2844 5451 καὶ
2891 5398 3004 5460 τοῖς
3034 5395 3218 5459 ἀλλοις
3240 5397 3354 5458 τοῖς
3393 5395 3677 5469 δηκτικοῖς
3709 5395 3784 5462 έρ-

2216 5496 2397 5556 πετοῖς
2445 5489 2694 5561 αἴλουρός
2733 5490 2847 5541 ἐστι
2883 5487 3151 5558 πολέμιος.
3195 5486 3315 5538 Τῶν
3354 5487 3417 5540 δὲ
3466 5489 3679 5557 ὄφεων,
3707 5484 3788 5538 καὶ

2214 5583 2608 5656 τῶνοάκρίδων,
2637 5581 2730 5635 καὶ
2760 5581 2867 5634 τῶν
2901 5580 3135 5650 καμπῶν
3167 5578 3195 5630 ὁ
3230 5579 3358 5642 ἴϐις,
3394 5581 3527 5645 Τοῖς
3554 5582 3613 5636 δὲ
3641 5578 3789 5652 κερά-

2217 5693 2388 5740 σταις,
2433 5675 2526 5729 καὶ
2573 5671 2870 5743 σκορπίοις,
2907 5671 2999 5724 καὶ
3030 5673 3141 5732 τοῖς
3172 5668 3354 5734 ἄλλοις
3386 5675 3616 5743 μικροῖς
3640 5672 3789 5738 ἑρπεο

2213 5773 2322 5834 τοῖς
2350 5770 2378 5821 ό
2403 5767 2550 5840 ἱέραξ
2574 5767 2941 5835 θανατηφόρος
2967 5761 3318 5832 καθέστηκεν.
3354 5764 3522 5816 Ἔστι
3557 5763 3614 5816 δὲ
3644 5759 3789 5815 τοῦτο
3816 5809 3834 5817 ,.
