4090 6288
1445 251 1464 280 Ι

359 393 462 450 749

1269 386 1541 445 SPURIA.
1571 418 1642 427 —
1672 383 2027 441 COMMENT.
2068 381 2136 439 IN
2175 379 2669 438 iIEXAEMERON.

3477 386 3578 440 750

355 511 639 585 συμπαθὲς
665 509 801 582 πρὸς
825 508 912 560 τὸν
949 506 1247 579 ἄνθρωπον·
1276 505 1368 559 ἐὰν
1397 505 1505 575 γὰρ
1535 504 1792 576 θεάσηται
1821 503 1905 556 αύη

2021 509 2296 555 mortuum
2335 497 2774 570 insepultumque
2816 499 3094 568 inciderit,
3138 502 3391 576 laerymis
3421 505 3586 562 deco-

353 607 444 661 τὸν
476 604 665 676 νεκρὸν
708 604 798 656 καὶ
836 602 1070 670 ἄταφον,
1107 597 1478 669 κατοδύρεται,
1503 599 1594 650 καὶ
1626 598 1728 668 γῆν
1763 599 1919 668 ἐπιρ-

359 700 537 772 ρίπτει
565 695 731 766 αύτῷ.

424 788 576 844 Μετὰ
603 787 658 840 δὲ
694 785 790 858 τὴν
813 783 905 838 τοῦ
939 785 1143 855 κόσμου
1179 783 1413 854 ποίησιν,
1449 781 1673 854 ὕστερον
1700 781 1790 835 τὸν
1822 783 1916 838 ἀν-

353 882 569 954 θρωπον
599 881 628 932 6
652 878 784 942 Θεὸς
805 875 1219 948 ἐδημιούργησε,
1245 873 1324 945 τῷ
1353 874 1450 944 μὲν
1473 872 1657 946 θερμῷ
1679 872 1918 944 θραύσας

352 973 415 1026 τὸ
451 970 676 1044 ψυχρὸν,
706 967 783 1039 τῷ
809 967 866 1020 δὲ
909 963 1058 1037 ξηρῷ
1101 963 1270 1034 δήσας
1299 961 1358 1015 τὸ
1389 961 1584 1032 ὑγρὸν,
1627 960 1719 1014 καὶ
1751 958 1918 1023 λύσας

353 1067 515 1123 πάλιν
543 1066 604 1119 τὸ
633 1063 794 1136 ξηρὸν
818 1060 897 1132 τῷ
918 1059 1087 1132 ὑγρῷ,
1123 1059 1486 1129 συνεστήσατο
1522 1055 1701 1116 αὑτὸν,
1729 1053 1916 1125 ἔχοντα

352 1162 529 1216 πάντα
555 1157 623 1211 τὰ
651 1158 789 1230 μέρη
824 1156 916 1210 τοῦ
951 1154 1166 1217 παντός.
1195 1154 1402 1223 Ὥσπερ
1420 1149 1528 1220 γὰρ
1551 1151 1584 1220 ἡ
1604 1149 1678 1220 γῆ
1705 1146 1915 1202 ἐστῶσα

349 1255 439 1308 τὸν
452 1252 657 1324 ψυχρὸν
674 1251 809 1322 ἀέρα
829 1247 1252 1320 περικεχυμένον
1275 1249 1331 1299 ἐν
1346 1246 1511 1316 ἑαυτῇ
1534 1243 1809 1313 κέκτηται,
1827 1259 1915 1296 τε-

349 1345 632 1416 ταγμένως
651 1343 706 1398 δὲ
728 1344 813 1396 ἐπ’
833 1339 981 1412 αύτῷ
1018 1341 1078 1393 τὸ
1097 1339 1206 1412 πῦρ
1228 1337 1613 1410 αἰωρούμενον,
1635 1337 1730 1390 καὶ
1752 1336 1914 1389 πάλιν

347 1439 409 1493 τὸ
440 1438 582 1509 ὕδωρ
609 1433 855 1507 περιθέον
878 1429 1138 1486 κύκλοθεν
1164 1432 1335 1501 αὑτήν
1353 1446 1366 1459 ·
1395 1429 1537 1490 οὓτω
1558 1427 1622 1500 δὴ
1650 1428 1745 1482 καὶ
1774 1430 1802 1482 ό
1828 1428 1914 1482 ἆν-

347 1530 563 1602 θρωπος
587 1527 833 1596 καθάπερ
864 1525 938 1594 γῆ
955 1523 1061 1576 τῶν
1081 1523 1281 1576 ὀστέων
1303 1521 1597 1592 στερεμνίᾳ
1627 1518 1913 1590 φύσει,καἰ

342 1629 412 1697 τῇ
447 1625 533 1677 ἐπ’
557 1621 718 1675 αὑτὸν
751 1617 1023 1689 κεχυμένη
1054 1615 1217 1687 σαρκὶ
1252 1612 1520 1677 συνεστὼς
1544 1611 1641 1684 τὴν
1671 1629 1912 1683 πνευμα-

341 1712 501 1784 τικὴν
527 1710 614 1765 διὰ
640 1709 745 1766 τῶν
792 1709 1082 1779 μυκτήρων
1109 1703 1403 1772 ἀναπνοὴν,
1433 1701 1620 1774 ὥσπερ
1649 1701 1786 1774 ἀέρα
1818 1718 1910 1754 κε-

344 1806 621 1878 κλήρωται
647 1802 744 1875 τὴν
777 1801 1020 1872 ἔμφυτον·
1059 1798 1223 1853 αὑτοῦ
1268 1798 1574 1870 θερμότητα
1621 1797 1716 1850 καὶ
1747 1813 1913 1851 κατα-

341 1898 640 1970 ψύχουσαν.
672 1895 781 1948 Καὶ
810 1893 916 1966 γὰρ
953 1896 981 1947 6
1013 1893 1152 1964 ὑπὲρ
1180 1890 1422 1963 κεφαλῆς
1463 1889 1619 1961 ἡμῶν
1653 1889 1781 1961 ἀήρ,
1813 1889 1912 1961 τὴν

343 1989 565 2063 πυρώδη
597 1986 693 2042 τοῦ
715 1987 876 2059 ἀέρος
905 1985 1064 2055 φύσιν
1095 1982 1440 2053 καταψύχων,
1463 1979 1723 2053 εὔκρατον
1749 1979 1914 2033 παντὶ

341 2081 421 2153 τῷ
464 2081 563 2153 βίῳ
608 2078 716 2133 τῶν
753 2077 906 2142 ζώων
949 2076 1256 2147 καθίστησι.
1291 2073 1363 2126 Τὸ
1393 2073 1450 2125 δὲ
1477 2072 1676 2144 θερμὸν
1719 2073 1780 2126 τὸ
1827 2073 1913 2126 ἐν-

341 2176 585 2248 υπάρχον
599 2171 677 2244 τῷ
707 2170 917 2242 σώματι
928 2167 1023 2222 τοῦ
1051 2167 1336 2240 ἀνθρώπου
1363 2165 1461 2238 τὴν
1484 2164 1577 2218 τοῦ
1606 2164 1912 2235 φλέγματος

342 2269 565 2340 ἐκτήκει
611 2264 907 2336 ἀμετρίαν,
954 2261 1202 2332 καθάπερ
1248 2257 1654 2333 κρυσταλλῶδες
1699 2257 1912 2329 πίλημα

343 2362 551 2424 ὕδατος.
583 2359 649 2412 Αἱ
673 2358 728 2411 δὲ
760 2355 954 2428 φλέὸες
979 2353 1150 2408 καὶτὸ
1173 2349 1314 2424 αἷμα
1345 2351 1405 2404 τὸ
1432 2353 1492 2404 ἐν
1520 2351 1714 2415 αὐταῖς
1751 2367 1912 2404 ποτα-

346 2455 462 2526 μῶν
494 2453 784 2524 μιμήματα
806 2445 1197 2511 ἀποσώζουσιν.
1228 2443 1480 2498 Τοιοῦτον
1507 2447 1535 2498 6
1564 2443 1696 2508 Θεὸς
1719 2461 1910 2515 τεκτη-

341 2548 572 2619 νάμενος
601 2544 691 2599 τὸν
735 2543 1017 2615 ἄνθρωπον
1069 2541 1133 2594 ἐκ
1169 2540 1266 2612 τῆς
1311 2539 1430 2609 γῆς,
1464 2537 1560 2592 καὶ
1601 2535 1726 2602 δοὺς
1759 2534 1908 2606 αὐτῷ

341 2635 562 2708 λογικὴν
609 2634 806 2706 ψυχὴν,
855 2632 947 2687 τοῦ
997 2630 1320 2702 παραδείσου
1366 2629 1465 2701 τῆς
1514 2629 1725 2702 τρυφῆς
1768 2630 1907 2683 ἀπο-

341 2723 1904 2794 λαύειναύτὸνπαρ..................

341 2813 473 2871 Εἶτα
516 2815 612 2886 τῆς
656 2815 873 2885 ἐντολῆς
917 2811 1335 2885 παρακούσαντα
1371 2815 1452 2876 είς
1493 2812 1593 2883 τὴν
1619 2811 1724 2883 γῆν
1745 2811 1907 2866 αὐτὸν

339 2906 542 2978 ταύτην
595 2905 938 2977 μετέστησεν,
969 2903 1260 2975 ἐπίμοχθον
1307 2902 1456 2974 αὐτῷ
1498 2903 1589 2957 τὸν
1625 2902 1737 2974 βίον
1764 2903 1905 2975 ἔχειν

341 3001 427 3056 ἐπ’
451 3001 617 3072 αὐτῆς
648 3001 1081 3072 ἀποφηνάμενος.

412 3093 687 3163 Γνωρίσας
726 3088 818 3146 οῦν
849 3092 946 3164 τὴν
977 3095 1208 3161 γυναῖκα
1248 3091 1414 3146 αὐτοῦ
1443 3090 1607 3157 Εὔαν,
1635 3083 1782 3155 υίοὺξ
1812 3089 1904 3144 δύο

2019 609 2140 652 rato
2167 595 2440 666 pulverem
2475 595 2668 664 injicit.

2089 770 2219 827 Post
2245 769 2432 826 mundi
2475 771 2636 843 hujus
2686 773 2949 830 fabricam
2980 777 3283 846 expletam,
3331 777 3581 834 ultimum

2020 862 2290 917 hominem
2321 861 2465 918 Deus
2494 866 2800 933 procreavit
2833 867 2875 898 ¹⁹
2897 907 2912 932 ,
2956 866 3050 922 ubi
3081 867 3259 923 calido
3290 867 3584 940 frigiditate

2018 955 2210 1022 fracta,
2230 953 2659 1025 bumiditateque
2674 958 2823 1013 sicco
2845 958 3164 1024 constricta,
3184 974 3283 1015 nec
3299 976 3408 1016 non
3423 962 3586 1017 sicci-

2017 1054 2129 1102 tate
2141 1044 2364 1100 humido
2383 1045 2674 1112 dissoluto,
2708 1049 2860 1102 illum
2872 1047 3321 1106 eiieeit.omnibus
3342 1051 3581 1110 universi

2017 1141 2263 1210 partibus
2281 1139 2610 1196 absolutum.
2625 1139 3091 1206 Quemadmodum
3131 1143 3273 1198 enim
3292 1151 3458 1214 terra,
3485 1148 3580 1201 tir-

2016 1247 2105 1286 ma
2122 1232 2440 1302 stabilisque
2455 1246 2580 1285 cum
2604 1233 2827 1298 sit,aere
2837 1232 3169 1290 circumfuso
3185 1236 3578 1302 circumdatur,

2015 1331 2070 1378 et
2098 1324 2324 1379 vestitur
2353 1327 2718 1388 extrinsecus,
2733 1338 2827 1379 aer
2846 1323 3089 1380 ordinem
3107 1341 3362 1396 sequens,
3379 1327 3504 1400 igne
3523 1331 3580 1385 in

2017 1421 2187 1470 semet
2215 1421 2544 1478 sustentata,
2583 1424 2636 1471 et
2685 1430 2878 1472 rursus
2907 1431 3047 1488 aqua
3089 1417 3383 1489 irrequieta
3428 1421 3576 1478 illius

2016 1505 2314 1560 constricta
2330 1505 2586 1572 circuitu,
2611 1506 2690 1562 sic
2708 1516 2760 1563 et
2776 1507 2937 1562 homo
2949 1509 3112 1564 veluti
3127 1518 3271 1564 terra
3289 1526 3354 1566 ex
3371 1513 3580 1568 ossium

2015 1597 2189 1651 solida
2247 1605 2476 1663 natura,
2523 1613 2795 1668 carneque
2841 1616 2963 1672 quae
3010 1617 3133 1657 eum
3163 1603 3575 1674 complectitur,

2014 1690 2370 1760 compositus,
2394 1706 2491 1761 per
2517 1707 2677 1748 nares
2708 1693 2939 1749 ﬂabilem
2986 1695 3394 1764 respirationem
3420 1737 3438 1764 ,
3463 1701 3578 1755 vcl-

2016 1787 2094 1841 uti
2143 1798 2344 1848 aerem,
2378 1801 2499 1855 quae
2549 1787 2792 1841 innatam
2831 1786 2978 1843 illius
3018 1788 3348 1845 caliditatcm
3377 1794 3580 1848 restin-

2017 1887 2145 1948 guat
2167 1883 2220 1933 et
2246 1877 2550 1949 refrigeret,
2583 1880 2812 1936 sortitus
2850 1889 2955 1936 est.
2987 1882 3095 1938 Aer
3121 1881 3264 1938 enim
3300 1885 3459 1941 nobis
3482 1903 3577 1942 su-

2014 1983 2112 2040 per
2139 1975 2302 2040 caput
2329 1969 2536 2027 eﬂ'usus
2575 1971 2790 2043 igneam
2820 1975 2963 2030 aeris
2989 1983 3238 2030 naturam
3265 2016 3280 2040 ,
3333 1994 3431 2035 sua
3479 1977 3578 2034 fri-

2013 2060 2238 2130 giditate
2269 2060 2562 2118 inhibendo
2591 2062 2908 2119 animalium
2938 2066 3063 2122 vitae
3095 2069 3360 2125 universae
3380 2112 3394 2136 ,
3439 2079 3578 2127 tem-

2012 2161 2254 2224 peratam
2285 2153 2480 2210 reddit.
2516 2155 2766 2212 Calidum
2799 2159 2945 2228 quod
2992 2160 3046 2215 in
3079 2161 3317 2218 humano
3347 2179 3578 2237 corpore

2011 2253 2116 2310 est,
2154 2246 2498 2301 immodicam
2532 2247 2742 2318 pituita:
2780 2249 3169 2307 abundantiam
3200 2255 3461 2328 dissipat,
3498 2259 3577 2314 uti

2011 2351 2166 2408 aqua:
2197 2337 2616 2407 spissamentqu
2643 2341 3059 2411 conglaciatum.
3086 2343 3246 2402 Venae
3267 2356 3322 2403 et
3352 2351 3578 2421 sanguis

2011 2430 2069 2485 in
2107 2429 2214 2486 illis
2242 2429 2528 2485 fluviorum
2562 2432 2738 2486 instar
2765 2449 2824 2490 se
2852 2434 3074 2491 habent.
3102 2435 3214 2493 lloc
3243 2449 3403 2510 pacto
3431 2440 3576 2498 [lens

2010 2522 2283 2577 hominem
2333 2536 2364 2577 e
2414 2529 2560 2577 terra
2610 2524 2950 2593 perfectum,
3007 2528 3295 2601 animaque
3344 2533 3580 2592 rationis

2009 2624 2257 2685 compote
2288 2614 2628 2687 insignitum,
2656 2615 2972 2674 deliciarum
3007 2619 3166 2676 horto
3192 2631 3253 2677 ut
3304 2623 3577 2682 frueretur

2008 2705 2299 2760 destinavit
2329 2707 2398 2762 ³⁸.
2444 2704 2645 2761 Verum
2676 2707 2767 2763 ubi
2801 2709 3029 2780 imperio
3073 2727 3180 2768 non
3239 2717 3418 2784 paruit
3445 2756 3461 2780 ,
3519 2718 3574 2773 in

2006 2803 2208 2851 terram
2236 2797 2377 2852 hanc
2402 2797 2483 2852 uti
2516 2795 2771 2851 colonum
2799 2815 2922 2854 eum
2959 2801 3241 2873 ablegavit,
3273 2803 3386 2859 vita
3419 2805 3496 2860 illi
3519 2807 3572 2861 in

2007 2902 2071 2942 ea
2093 2887 2569 2944 calamitosissima
2610 2891 2906 2948 constituta
2945 2892 3010 2944 “.

2072 3071 2152 3128 Re
2179 3073 2360 3142 itaque
2393 3087 2516 3127 cum
2548 3089 2717 3130 uxore
2761 3072 2873 3128 Eva
2917 3074 3123 3143 habita,
3151 3075 3290 3134 duos
3333 3080 3576 3150 suscepit

340 3182 596 3253 ἐγέννησε
615 3221 630 3247 ,
659 3182 748 3236 τὸν
779 3163 946 3248 Κάΐν,
975 3181 1068 3236 καὶ
1098 3183 1191 3236 τὸν
1224 3180 1406 3234 Ἀδελ.
1438 3181 1548 3236 Καὶ
1574 3182 1602 3234 6
1640 3182 1736 3253 μὲν
1766 3181 1905 3235 Κάῖν

2005 3163 2231 3230 liberos,
2267 3163 2403 3220 Cain
2438 3173 2494 3218 et
2523 3163 2656 3220 Abel
2685 3166 2750 3221 ²’.
2812 3164 2946 3221 Cain
2997 3167 3340 3239 agricultura:
3363 3209 3379 3238 ,
3436 3173 3572 3227 Abel

335 3269 404 3346 ἦν
449 3275 710 3348 γεωργὸς,
755 3278 784 3329 6
826 3275 882 3329 δὲ
914 3275 1079 3329 Ἀὁελ
1107 3274 1330 3348 ποιμὴν,
1375 3275 1469 3330 καὶ
1517 3274 1610 3329 τοῦ
1658 3273 1904 3347 γεωργοῦ

335 3369 397 3419 ού
430 3366 616 3438 μετῄει
647 3366 744 3430 τὰς
774 3367 1026 3439 ἀπαρχὰς
1061 3367 1168 3422 τῶν
1200 3362 1447 3439 καρπῶν.
1476 3368 1850 3440 Προσήνεγκεν
1876 3368 1906 3420 6

339 3457 506 3512 Ἀϐελ
546 3458 624 3530 τῷ
669 3457 803 3530 Θεῷ·
838 3459 934 3514 καὶ
983 3461 1016 3530 ή
1061 3457 1221 3512 Θυσία
1267 3457 1432 3514 αὐτοῦ
1484 3458 1696 3530 ἐδέχθη.
1744 3459 1802 3513 Ὀ
1848 3459 1905 3512 δὲ

336 3549 498 3613 Κάῖν,
533 3548 747 3618 πρῶτος
795 3550 960 3613 αὐτὸς
1007 3549 1114 3603 τῶν
1151 3550 1501 3621 γεννωμένων
1544 3548 1904 3622 ἐμφορηθεὶς,

334 3641 510 3705 οὕτως
537 3642 820 3713 ἀνήνεγκε·
851 3642 942 3696 καὶ
974 3641 1195 3706 ἄδεκτος
1226 3641 1391 3697 αὑτοῦ
1416 3644 1449 3713 ή
1481 3640 1639 3695 θυσία
1669 3641 1900 3711 ἐγένετο.

337 3732 449 3786 Καὶ
487 3732 759 3802 ὀργισθεὶς
803 3733 896 3786 ἐπὶ
937 3732 1109 3802 τούτῳ
1135 3735 1164 3787 6
1194 3733 1367 3798 Κάῖν,
1396 3733 1573 3787 ἀνεῖλε
1603 3733 1780 3804 φθόνῳ
1814 3731 1905 3786 τὸν

337 3825 565 3897 ἀδελφὸν
590 3826 774 3879 αὑτοῦ·
808 3827 902 3878 καὶ
934 3827 964 3880 ό
1010 3825 1140 3890 Θεὸς
1183 3827 1452 3897 ἐπάρατον
1480 3823 1642 3879 αὑτὸν
1681 3825 1906 3896 ποιησά-

342 3936 521 3991 μενος,
548 3920 643 3972 καὶ
671 3918 768 3990 τῆς
809 3917 912 3988 γῆς
944 3918 1156 3988 ἐκείνης
1188 3917 1458 3982 ἐξέϐαλεν.
1503 3917 1562 3970 '0
1588 3917 1666 3980 δὲ,
1707 3917 1904 3990 πολλὴν

338 4010 735 4082 περινοστήσας
765 4009 903 4074 ὁδὸν,
932 4010 1012 4074 εἰς
1054 4009 1218 4064 τόπον
1247 4008 1368 4065 τινὰ
1406 4011 1614 4063 Καῖνᾶν
1639 4008 1900 4081 ὀνομαζό-

341 4122 497 4175 μενον
517 4099 667 4176 ἦλθε,
694 4103 788 4158 καὶ
810 4104 988 4157 πᾶσαν
1013 4103 1401 4176 ἀρῤητοποιίαν
1430 4104 1746 4176 μετήρχετο,
1775 4105 1900 4168 τοὺς

335 4178 628 4268 παριόντας
651 4195 961 4267 ἐνεδρεύων,
989 4194 1083 4249 καὶ
1110 4193 1347 4266 ἀναιρῶν
1365 4235 1379 4260 ,
1407 4195 1501 4248 καὶ
1528 4195 1593 4249 ἐκ
1630 4196 1738 4251 τῶν
1771 4197 1899 4251 σκύ-

335 4289 442 4343 λων
468 4289 760 4361 χρημάτων
792 4288 1038 4358 συνάγων
1065 4285 1267 4358 πλῆθος
1291 4285 1584 4360 ἀμύθητον.

2006 3257 2273 3328 pecuariae
2301 3257 2554 3313 studebat
2580 3257 2647 3321 ³³,
2681 3273 2781 3314 nec
2811 3259 2915 3313 ulla
2949 3274 3073 3314 cum
3112 3259 3246 3316 Cain
3293 3261 3574 3318 familiari-

2003 3357 2114 3406 tate
2140 3349 2492 3420 jungebatur.
2546 3349 2682 3404 Abel
2724 3348 2992 3420 primitias
3022 3349 3131 3407 Deo
3179 3353 3412 3421 obtulit,
3447 3369 3568 3426 qua:

2002 3445 2072 3499 ab
2115 3443 2210 3497 illo
2257 3441 2494 3514 gratiose
2543 3449 2777 3512 acceptae
2803 3451 2931 3498 sunt
2954 3445 3022 3498 ³⁵.
3055 3443 3188 3501 Cain
3223 3447 3459 3517 primum
3507 3463 3569 3504 se

2004 3540 2171 3595 rebus
2203 3538 2366 3594 editis
2409 3537 2623 3593 abunde
2660 3544 3008 3596 exsaturatus
3029 3577 3047 3604 ,
3099 3538 3306 3596 hostias
3340 3541 3586 3612 praebmt

2007 3631 2074 3688 ad
2107 3630 2434 3688 sacriﬁcium
2462 3669 2478 3696 ,
2541 3644 2664 3701 quae
2728 3629 2950 3686 minime
2999 3630 3256 3702 jucunde
3304 3631 3456 3690 fuere
3517 3632 3582 3688 ⁸⁸.

2005 3723 2235 3796 Propter
2261 3724 2364 3780 hoc
2400 3726 2636 3797 graviter
2666 3720 2954 3788 exardens,
2991 3722 3290 3780 invidentia
3343 3723 3579 3780 fratrem

2004 3818 2221 3874 necavit
2267 3818 2339 3886 “,
2363 3826 2419 3874 et
2463 3817 2607 3874 Deus
2641 3815 3032 3873 exsecrandum
3083 3823 3138 3873 et
3195 3815 3579 3874 detestabilem

2005 3912 2261 3968 omnibus
2283 3911 2640 3978 declaratum,
2673 3927 2741 3967 ex
2771 3911 2863 3966 illa
2889 3917 3035 3966 terra
3065 3910 3224 3980 ejecit
3245 3949 3260 3977 ,
3298 3909 3392 3981 qui
3433 3909 3579 3962 mul-

2006 4005 2077 4062 tis
2119 4005 2440 4074 magnisque
2497 4003 2784 4061 itineribus
2829 4002 3231 4074 peregrinatus,
3277 4001 3332 4057 in
3387 4001 3576 4058 locum

2004 4094 2292 4168 quemdam
2351 4094 2559 4152 Cainan
2613 4099 2985 4164 nuncupatum
3051 4093 3288 4164 appulit,
3353 4091 3410 4147 in
3457 4106 3568 4162 quo

2005 4204 2166 4244 omne
2218 4187 2372 4245 nefas
2425 4189 2712 4260 scelusque
2749 4185 3100 4252 admittebat,
3157 4185 3392 4242 viatores
3428 4201 3569 4257 prae-

1931 4285 1974 4340 D
2004 4290 2281 4339 tereuntes
2330 4283 2544 4339 insidiis
2585 4279 2995 4354 aggrediebatur
3023 4293 3225 4350 eosque
3267 4279 3568 4335 occidendo

337 4379 454 4451 ipse
487 4381 785 4437 latrociniis
808 4380 1048 4436 intentus
1074 4377 1285 4450 praedas
1305 4379 1520 4450 agebat,
1564 4388 1620 4438 et
1666 4396 1732 4438 ex
1770 4387 1958 4456 spoliis
2005 4373 2343 4430 innumeram
2373 4375 2476 4431 Sibi
2509 4373 2750 4446 pecuniae
2778 4370 3198 4438 ωυιιίωάὶηοῑιιι
3221 4387 3343 4442 quae
3384 4371 3566 4428 verbis

333 4474 523 4544 nequit
551 4473 828 4544 explicari,
858 4473 1087 4544 paravit.

403 4564 626 4638 Πρῶτος
671 4565 728 4618 δὲ
757 4565 895 4620 Κάῖν
927 4566 1130 4636 μέτρα,
1159 4565 1254 4618 καὶ¹
1295 4564 1588 4636 σταθμοὺς,
1617 4565 1711 4618 καὶ
1738 4564 1896 4636 ὅρους

333 4657 436 4730 γῆς
467 4656 725 4728 ἐπενόησε
745 4695 759 4720 ,
795 4657 890 4711 καὶ
933 4655 1218 4728 οἰκοδομὴν
1262 4656 1488 4721 πόλεως,
1533 4657 1752 4712 πάντων
1786 4655 1895 4710 τῶν

333 4747 454 4803 κατ’
488 4749 662 4802 ἐκεῖνο
689 4747 879 4818 καιροῦ
905 4747 996 4801 τὸν
1025 4749 1276 4820 ἀκέραιον
1309 4749 1402 4801 καὶ
1432 4747 1757 4818 ἀπράγμονα
1783 4745 1895 4817 βίον

331 4841 745 4911 ἀσπαζομένων.
783 4840 840 4894 '0
879 4839 936 4893 δὲ
980 4839 1167 4910 Ἀδὰμ,
1194 4841 1367 4912 μένων
1395 4841 1453 4893 ἐν
1487 4833 1532 4908 ᾧ
1560 4839 1708 4910 τόπῳ
1739 4838 1897 4908 ἐτύγ-

330 4951 482 5006 χανε,
512 4932 738 4996 πολλοὺς
762 4933 956 4996 παῖδας
981 4933 1075 4987 καὶ
1102 4931 1402 5002 θυγατέρας
1434 4931 1706 5003 ἐποίησεν,
1734 4931 1793 4985 ἐν
1813 4925 1895 4996 οἷς

330 5025 602 5098 ἐξαίρετός
641 5043 725 5089 τις
759 5025 998 5097 ὑπῆρχεν
1023 5025 1052 5076 6
1080 5024 1210 5098 Σὴθ,
1248 5026 1395 5090 ὅστις
1434 5027 1493 5078 ἐν
1523 5025 1705 5097 ἡλικίᾳ
1742 5026 1893 5094 γενό-

334 5131 494 5186 μενος
523 5115 720 5180 πολλὰς
746 5117 947 5189 ἀρετὰς
985 5117 1292 5189 ἐπενόησεν,
1321 5109 1396 5170 ὧν
1426 5118 1520 5171 καὶ
1540 5117 1666 5181 τοὺς
1693 5117 1893 5186 ἀπογό-

331 5223 455 5271 νους
482 5207 645 5261 αὐτοῦ
669 5207 911 5278 ζηλωτὰς
933 5208 1333 5262 καταλέλοιπεν.
1364 5201 1530 5273 Οὗτος
1550 5208 1659 5282 γάρ
1681 5209 1893 5280 πρῶτος

330 5301 694 5374 ἀστρονομίαν
724 5301 820 5354 καὶ
861 5302 1040 5354 πᾶσαν
1082 5301 1180 5372 τὴν
1209 5299 1456 5371 οὐράνιον
1491 5299 1688 5370 ἐφεῦρε
1716 5299 1893 5353 διακό-

334 5411 553 5466 σμησιν,
579 5394 767 5463 ἥντινα
804 5393 930 5464 ἄχρι
971 5391 1078 5445 τῶν
1122 5391 1361 5462 ἐσχάτων
1387 5393 1590 5462 χρόνων
1622 5391 1890 5462 διαμεῖναι

328 5485 550 5540 τοιῶσδε
575 5487 604 5540 6
627 5485 796 5555 ’Δδάμ
810 5485 884 5555 (1)
900 5483 1292 5555 παρεσκεύασε
1311 5483 1512 5554 μέλλων
1523 5484 1629 5558 γὰρ
1640 5483 1890 5556 τελευτᾷν

327 5577 358 5631 6
402 5578 571 5648 Ἀδὰμ
596 5577 924 5649 προφητεύει
949 5577 1062 5638 τοῖς
1095 5576 1252 5628 παισὶ
1277 5574 1487 5646 μέλλειν
1514 5575 1604 5630 τὸν
1635 5575 1766 5630 Θεὸν
1791 5577 1888 5647 τὴν

2071 4557 2285 4614 Primus
2308 4557 2443 4614 Cain
2471 4572 2756 4615 mensuras
2792 4565 2846 4614 et
2890 4557 3151 4628 pondera,
3191 4564 3458 4629 terraeque
3498 4559 3566 4614 li-

2002 4653 2161 4708 mites
2195 4653 2442 4719 invenit;
2477 4651 2867 4721 civitatumque
2915 4656 3221 4706 structuras
3244 4689 3260 4714 ,
3311 4651 3568 4708 omnibus

2000 4753 2131 4800 tunc
2160 4744 2420 4815 temporis
2452 4729 2751 4813 simplicem
2784 4741 3110 4812 minimeque
3158 4741 3431 4798 curiosam
3482 4742 3566 4798 vi-

2000 4847 2110 4892 tam
2145 4837 2595 4908 amplectentibus
2618 4837 2684 4889 "’.
2717 4833 2888 4889 Adam
2914 4849 3044 4890 vero
3075 4834 3266 4891 iisdem
3293 4835 3426 4890 locis
3455 4835 3563 4890 im-

2000 4938 2264 4995 moratus,
2297 4930 2478 5000 plures
2527 4928 2668 4984 ﬁlios
2715 4925 2964 4996 ﬁliasque
2998 4925 3226 4990 habuit,
3277 4925 3332 4980 in
3365 4926 3564 4996 quibus

1999 5023 2303 5093 praecipuus
2334 5030 2450 5077 erat
2483 5018 2616 5076 Seth
2657 5018 2732 5084 ³⁸,
2770 5016 3060 5088 qui,aatate
3091 5016 3334 5083 ineunte,
3362 5019 3563 5072 multas

1997 5116 2199 5186 reperit
2231 5115 2490 5177 virtutes,
2539 5123 2770 5181 quarum
2804 5108 3105 5164 imitatores
3137 5117 3386 5180 posteros
3440 5105 3566 5162 reli-

1999 5209 2134 5279 quit.
2170 5205 2270 5260 Hic
2297 5205 2441 5262 enim
2480 5202 2690 5274 primus
2733 5207 3005 5257 astrorum
3049 5200 3333 5256 scientiam
3361 5205 3562 5255 totam-

1997 5314 2102 5371 que
2165 5312 2347 5354 rernm
2403 5293 2708 5352 cmlestium
2769 5291 3099 5364 descriptam
3154 5289 3559 5347 distinctionem

1996 5391 2358 5463 excogitavit;
2405 5404 2588 5460 quam,
2618 5404 2689 5444 ne
2715 5387 2972 5444 extremis
2998 5384 3335 5456 temporibus
3361 5397 3562 5438 erane-

1997 5491 2206 5548 sceret,
2255 5481 2348 5536 tali
2399 5480 2750 5536 meditatione
2800 5491 3040 5547 curaque
3077 5472 3330 5530 servavit.
3384 5471 3558 5526 Adam

1995 5575 2161 5640 enim,
2199 5572 2361 5628 morti
2391 5571 2624 5638 vicinus,
2656 5569 2826 5626 Deum
2855 5567 3162 5622 universam
3200 5561 3341 5617 hanc
3370 5561 3560 5616 mundi

399 5711 444 5744 ¹⁹
479 5709 606 5766 Gen.
630 5711 778 5776 1,27.
852 5712 899 5743 ¹⁰
926 5711 1052 5765 Gen.
1079 5727 1138 5778 It,
1158 5710 1212 5766 8.
1288 5712 1330 5742 "
1363 5708 1490 5768 Gen.
1525 5729 1606 5779 ιιι,
1629 5713 1722 5768 24.
1798 5715 1842 5745 ¹²
1873 5711 2002 5768 Gen.
2036 5728 2107 5778 Iv,
2139 5711 2189 5764 i.
2265 5706 2468 5763 "Ibid.
2495 5707 2550 5761 ‘2.
2628 5706 2674 5738 ³⁵
2697 5702 2838 5759 Ibid.
2863 5702 2916 5756 '5.
2993 5698 3040 5730 "
3068 5696 3207 5754 Ibid.
3233 5698 3287 5754 5.
3364 5696 3556 5757 “Ibta.

335 5784 422 5839 Η.
499 5784 543 5814 ’τ
582 5781 714 5837 Gen.
763 5797 835 5849 tv,
884 5781 973 5836 i7.
1050 5783 1095 5814 "
1131 5781 1272 5838 Ibid.
1307 5782 1398 5836 ‘25.

409 5897 485 5971 (Ι)
511 5897 684 5956 Voces
712 5898 740 5950 6
768 5897 955 5970 Ἀδάμ,
985 5895 1138 5972 lapsu
1168 5899 1560 5972 typographico
1581 5899 1691 5954 huc
1709 5897 1999 5968 irrepsisse
2021 5893 2292 5960 videntur,
2316 5907 2492 5964 neque
2508 5905 2602 5947 eas
2627 5888 2757 5959 legit
2789 5885 3082 5954 interpres.
3113 5887 3273 5945 Emr.
3303 5884 3476 5944 Ρηι.
