4090 6288
546 342 638 398 73!

1407 341 1463 396 S.
1504 340 1948 396 .EUSTATHIUS
1985 338 2466 396 ANTIOCHENUS
2503 337 2899 393 EPISCOPUS.
3335 369 3362 380 ρ

3659 333 3763 388 752

546 473 796 518 naturam
825 469 879 517 et
906 461 1028 533 igne
1056 467 1108 515 et
1133 473 1273 529 aqua
1304 460 1812 526 ext'erminaturum,
1836 459 1962 515 ﬁliis
1994 461 2107 515 suis

2216 461 2263 512 ἐν
2316 461 2499 529 κόσμῳ
2546 457 2704 526 φύσιν
2757 453 3074 522 ἀπαλείφειν
3122 450 3253 522 πυρὶ
3310 449 3401 503 καὶ
3459 448 3631 504 ὕδατι·
3668 453 3760 504 καὶ

545 557 904 618 vaticinatur;
934 566 1040 622 quo
1078 551 1285 616 audito,
1320 552 1413 622 qui
1445 567 1552 605 una
1586 567 1707 606 cum
1743 548 1870 604 Seth
1909 558 2104 616 erant,

546 652 684 705 duas
711 652 998 703 erexerunt
1030 644 1332 708 columnas,
1367 660 1528 700 unam
1567 644 1786 714 quidem
1817 659 1879 698 ex
1905 643 2104 712 lapide,

548 743 770 796 alteram
799 736 1068 792 caesilibus
1099 736 1379 791 laterculis
1410 743 1743 791 exstructam
1765 774 1780 800 ,
1822 742 1876 790 et
1935 736 1988 788 in
2023 736 2107 790 his

547 847 735 886 omnes
787 830 909 885 coeli
963 837 1141 884 motus
1200 828 1625 897 inscripserunt,
1690 843 1760 882 ne
1815 841 2002 881 eorum
2053 827 2108 880 in

548 931 818 978 astrorum
846 921 1072 978 scientia
1109 920 1515 976 observationes
1548 919 1873 988 inventaque
1929 919 2108 989 aliqua

547 1017 862 1070 obscuraret
907 1013 1126 1068 oblivio.
1182 1011 1239 1065 Si
1281 1011 1424 1066 enim
1455 1026 1595 1081 aqua
1647 1011 1829 1064 omnia
1859 1011 2108 1066 consumi

545 1105 883 1176 contigisset,
912 1103 1122 1175 lapidea
1150 1104 1241 1157 illa
1271 1103 1522 1158 columna
1564 1111 2013 1169 conservaretur;
2063 1103 2110 1158 si

538 1198 704 1268 igne,
749 1205 1014 1262 testacea;
1062 1210 1186 1249 cum
1227 1195 1412 1265 itaque
1468 1209 1623 1264 aquae
1665 1195 1860 1264 pluviae
1913 1205 2111 1249 terram

544 1289 924 1354 inundassent,
959 1288 1167 1358 lapidea
1195 1287 1511 1357 permansit,
1543 1302 1663 1357 quae
1697 1287 1764 1342 ad
1795 1288 1907 1343 haec
1940 1303 2112 1360 usque

549 1390 790 1451 tempora
825 1381 881 1434 in
916 1391 1061 1435 terra
1096 1378 1304 1433 Seiriad
1329 1386 1510 1434 erecta
1533 1379 1888 1450 conspicitur.

619 1473 818 1530 Genuit
848 1488 1012 1544 porro
1063 1473 1199 1528 Cain
1248 1471 1452 1538 Enoch,
1485 1479 1540 1526 et
1578 1471 1763 1526 Enoch
1790 1471 2029 1537 Gaidad,
2060 1479 2114 1526 et

550 1566 760 1621 Gaidad
787 1565 1047 1632 Maleleel,
1078 1573 1131 1620 et
1173 1564 1411 1620 Maleleel
1439 1565 1763 1629 Mathusala,
1803 1572 1858 1619 et
1898 1563 1984 1617 hic
2013 1563 2115 1617 La-

548 1657 732 1720 meclt,
765 1658 860 1727 qui
903 1655 1039 1711 duas
1067 1656 1222 1710 duxit
1269 1672 1465 1711 uxores
1507 1657 1662 1711 Adan
1695 1664 1749 1712 et
1802 1655 1998 1718 Selan,
2049 1671 2116 1711 ex

550 1750 752 1820 quibus
807 1759 918 1805 tres
978 1749 1164 1804 habuit
1194 1749 1364 1814 ﬁlios,
1398 1765 1463 1804 ex
1497 1750 1652 1804 Adan
1689 1749 1862 1815 Jobel,
1897 1751 1989 1819 qui
2018 1750 2114 1820 ju-

2207 551 2536 612 ἀκούσαντες
2581 551 2630 601 οἱ
2673 547 2802 618 περὶ
2841 546 2931 598 τὸν
2971 543 3075 614 Σὴθ
3118 540 3209 594 δύο
3253 541 3450 612 στήλας
3482 542 3759 612 ἐποίησαν,

2207 645 2304 715 τὴν
2349 643 2443 713 μὲν
2487 644 2550 695 ἐκ
2598 639 2779 702 λίθου,
2826 638 2926 708 τὴν
2966 636 3022 689 δέ
3051 634 3108 698 ἐξ
3139 633 3306 705 ὀπτῆς
3337 633 3553 685 πλίνθου
3596 651 3761 686 κατα-

2209 732 2583 793 σκευάσαντες·
2603 729 2695 782 κα“ι
2711 731 2766 780 ἐν
2781 726 3000 788 ταύταις
3021 726 3194 777 πᾶσαν
3215 722 3310 794 τὴν
3330 723 3389 775 οὐ
3399 723 3464 794 ρά
3474 739 3575 775 διον
3600 724 3764 794 φορὰν

2210 822 2558 895 ἐνεχάραξαν,
2590 821 2725 892 πρὸς
2767 820 2828 872 τὸ
2873 820 2946 890 μὴ
2972 817 3198 888 ἄληστον
3241 815 3338 886 τὴν
3382 815 3480 885 τῆς
3515 816 3765 886 ἀστρονο-

2213 916 2340 988 μίας
2385 914 2559 968 αὐτῶν
2605 912 2854 980 γενέσθαι
2891 909 3124 981 εὕρεσιν·
3167 908 3282 974 ἵνα,
3309 909 3358 960 εί
3396 907 3493 977 μὲν
3527 907 3766 960 ὕδατιτά

2209 1006 2383 1059 πάντα
2414 1003 2709 1075 φθείρεται,
2757 1003 2789 1072 ἡ
2823 1000 3019 1063 λίθινος
3059 997 3223 1070 στήλη
3255 998 3607 1068 φυλάττηται,
3641 1000 3688 1051 εί
3709 999 3763 1051 δὲ

2208 1098 2361 1168 πυρὶ,
2397 1099 2429 1166 ή
2460 1094 2820 1166 όστρακώδης.
2850 1095 3147 1162 Γενομένης
3179 1086 3269 1143 οὖν
3293 1093 3390 1160 τῆς
3413 1091 3764 1163 κατομϐρίας,

2209 1188 2243 1257 ή
2273 1185 2468 1247 λίθινος
2505 1184 2672 1254 στήλη
2703 1184 2984 1254 διέμεινεν,
3015 1183 3132 1252 ἥτις
3157 1183 3280 1253 ἄχρι
3312 1182 3409 1254 τῆς
3441 1180 3594 1252 δεῦρο
3622 1181 3767 1252 μένει

2209 1279 2266 1330 ἐν
2300 1280 2370 1349 γῇ
2404 1279 2469 1348 τῇ
2501 1273 2749 1347 Σηῗρειάδ
2774 1274 3138 1345 ἐστηλωμένη.

2292 1458 2576 1528 Ἐγέννησε
2603 1455 2657 1509 δέ
2693 1457 2721 1508 6
2748 1457 2886 1509 Κάῖν
2923 1456 3011 1509 τὸν
3059 1455 3246 1527 Ἑνὼχ,
3289 1455 3382 1508 καὶ
3407 1457 3434 1508 6
3477 1453 3643 1525 Ἑνὼχ
3679 1454 3768 1509 τδν

2210 1549 2424 1612 Γαῖδάδ,
2452 1549 2545 1602 καὶ
2573 1550 2600 1601 6
2637 1548 2830 1601 Γαϊδάδ
2855 1548 2942 1600 τὸν
2969 1547 3266 1617 Μαλελεὴλ,
3309 1547 3401 1600 καὶ
3437 1549 3464 1601 6
3493 1547 3768 1619 Μαλελεήλ

2210 1642 2302 1695 τὸν
2329 1640 2683 1706 Μαθουσάλα,
2712 1640 2805 1693 καὶ
2845 1634 2996 1702 οὗτος
3027 1639 3117 1693 τὸν
3146 1639 3357 1709 Λάμεχ.
3385 1640 3494 1692 Καὶ
3528 1639 3556 1690 ό
3584 1638 3770 1710 Λάμεχ

2213 1733 2305 1786 δύο
2330 1736 2588 1801 γυναῖκας
2620 1730 2872 1800 ἠγάγετο,
2915 1730 3070 1783 Ἀδάν
3101 1731 3192 1782 καὶ
3223 1729 3406 1794 Σελὰν,
3445 1728 3539 1782 καὶ
3580 1730 3637 1794 ἐξ
3675 1730 3770 1783 αὐ-

555 1817 857 1897 menta-suo
885 1841 1065 1897 studio
1091 1841 1373 1906 educabat,
1397 1849 1448 1897 et
1476 1839 1634 1896 Jubal
1671 1841 1763 1913 qui
1796 1817 2111 1911 psalterium

2216 1822 2319 1876 τῶν
2361 1825 2507 1894 τρεῖς
2556 1820 2746 1883 παῖδας
2790 1819 3062 1890 ἐποίησεν,
3104 1820 3168 1872 ἐκ
3213 1820 3308 1888 μὲν
3338 1819 3436 1889 τῆς
3485 1817 3638 1870 Ἀδάν
3681 1817 3770 1869 τὸν

542 1935 922 2004 citharamque
947 1934 1187 2000 invenit;
1221 1950 1288 1989 ex
1307 1933 1466 1989 Selan
1486 1933 1710 1998 Thobel,
1732 1934 1822 2004 qui
1848 1933 2112 1991 malleolis

553 2045 627 2086 ws
656 2029 962 2098 ferrumque
994 2028 1233 2082 excussit
1266 2028 1329 2082 ³³.
1379 2027 1548 2082 Adam
1576 2038 1754 2082 autem
1789 2044 1914 2082 cum
1943 2028 2112 2084 vixis-

553 2131 637 2178 set
657 2121 1128 2182 annisduodecim
1155 2131 1206 2176 et
1221 2123 1543 2193 nongentis,
1569 2122 1678 2176 vita
1693 2121 1908 2178 functus
1936 2129 2020 2177 est
2046 2122 2110 2177 ‘°.

624 2368 790 2434 Enos,
822 2368 962 2425 ﬁlius
987 2368 1116 2425 Selh
1141 2409 1157 2434 ,
1206 2386 1402 2425 nomen
1447 2369 1660 2424 Domini
1696 2370 1930 2440 speravit
1963 2370 2116 2425 invo-

555 2477 682 2516 care
711 2461 751 2493 ³¹
784 2480 797 2516 :
826 2462 917 2532 qui
947 2477 1070 2516 cum
1098 2462 1322 2516 vixisset
1339 2462 1494 2516 annis
1546 2476 1650 2515 cnv
1669 2500 1684 2524 ,
1738 2469 1987 2517 mortuus
2013 2471 2112 2529 est,

555 2563 606 2605 et
632 2553 773 2606 ﬁlius
799 2553 968 2621 ipsius
1001 2551 1206 2606 Cainan
1235 2553 1370 2606 vixit
1399 2553 1557 2606 annis
1607 2567 1767 2616 cnnx,
1789 2561 1842 2606 et
1870 2562 2116 2608 mortuus

555 2653 672 2711 est;
704 2643 942 2698 Maleleel
981 2643 1122 2698 [ilius
1144 2644 1262 2713 ejus
1295 2644 1453 2698 annis
1481 2659 1757 2709 nccxcxv,
1789 2654 1842 2701 et
1870 2653 2117 2716 mortuus

557 2743 659 2792 est.
691 2735 863 2806 llujus
917 2737 1057 2791 filius
1088 2734 1248 2791 Jared
1287 2737 1420 2790 vixit
1475 2739 1631 2792 annis
1705 2752 1841 2802 cnx,
1891 2746 1944 2794 et
1971 2753 2118 2791 mor-

556 2835 686 2884 tuus
715 2837 824 2894 est;
876 2829 1017 2884 lilius
1043 2827 1205 2883 Jared
1238 2828 1445 2894 Enoch,
1473 2846 1595 2884 cum
1628 2830 1771 2901 apud
1803 2829 1964 2885 Deum
2000 2831 2119 2899 plu-

557 2920 754 2973 rimum
782 2920 949 2990 gratia
975 2920 1274 2990 potuisset,
1307 2920 1601 2976 translatus
1635 2927 1739 2983 est,
1770 2919 1926 2988 cujus
1979 2919 2118 2974 [ilius

553 3010 862 3065 Mathusala
897 3011 1032 3065 vixit
1105 3014 1262 3066 annis
1303 3026 1560 3076 DCCLXIX,
1607 3019 1661 3066 et
1705 3018 1953 3064 mortuus
1997 3017 2115 3077 est;

542 3100 869 3157 .et‘Lamech
918 3103 1060 3158 ﬁlius
1125 3103 1466 3173 Mathusalae,
1515 3119 1640 3159 cum
1715 3103 1872 3158 annis
1923 3117 2118 3156 nccuu

555 3195 804 3260 vixisset,
834 3194 968 3249 obiit
1000 3194 1066 3250 ³².

623 3370 858 3429 Lamech
905 3373 1045 3428 ﬁlius
1073 3371 1204 3437 Noe,
1239 3373 1330 3444 qui
1365 3374 1528 3430 rebus
1557 3371 2006 3428 administrandis
2036 3389 2122 3430 re-

555 3465 812 3535 gendisve
841 3481 1049 3520 summa
1080 3466 1309 3530 virtute,
1341 3472 1416 3530 et,
1445 3475 1503 3520 ut
1533 3481 1631 3536 par
1659 3473 1808 3528 erat,
1837 3480 1959 3519 cum
1989 3481 2122 3536 gau—

555 3556 668 3618 dio,
701 3555 953 3610 omnibus
984 3557 1224 3610 omnium
1269 3570 1525 3626 generum
1567 3555 1927 3620 mortalibus,
1981 3562 2040 3609 ut
2089 3569 2120 3609 a

556 3648 701 3703 vitiis
727 3641 1101 3712 ablmrrerent,
1135 3647 1386 3703 virtutem
1422 3647 1896 3716 amplecterentur,
1925 3647 2121 3702 suade-

556 3739 684 3806 bat;
723 3741 790 3795 ad
840 3740 1124 3811 septimam
1183 3739 1326 3794 enim
1381 3746 1594 3794 aetatem
1641 3754 1817 3809 usque
1874 3738 2120 3794 homines

558 3831 726 3887 Deum
758 3846 937 3888 rerum
969 3830 1208 3884 omnium
1244 3829 1527 3885 Dominum
1558 3845 1682 3886 esse
1714 3829 1818 3885 sibi
1853 3829 1986 3900 ipsis
2013 3839 2123 3885 sta-

556 3923 801 3991 tuebant,
821 3923 1198 3993 justitiamque
1219 3923 1564 3991 expetebant.

629 4013 872 4068 Tandem
931 4013 1226 4083 longinquo
1275 4014 1539 4082 temporis
1583 4028 1708 4077 usu,
1759 4012 2013 4068 omnibus
2060 4029 2118 4068 se

558 4105 709 4159 vitiis
727 4103 1112 4172 ‘inqu'inarunt,
1139 4117 1169 4156 a
1198 4103 1393 4172 quibus
1421 4118 1517 4158 eos
1545 4117 1668 4156 cum
1705 4101 1837 4167 Noe,
1863 4111 1922 4156 ut
1951 4103 2120 4158 absti-

560 4200 778 4256 nerent,
830 4209 938 4247 non
991 4201 1174 4263 posset
1218 4193 1498 4258 inducere,
1559 4208 1748 4248 eorum
1805 4195 2118 4249 societatem

560 4285 954 4349 stomachatus,
992 4285 1049 4339 in
1097 4285 1232 4339 alios
1283 4299 1342 4339 se
1382 4291 1653 4339 terrarum
1702 4285 1841 4341 situs
1867 4285 2112 4339 contulit.

559 4378 699 4434 Huic
719 4378 861 4434 Deus
878 4377 1173 4442 mandavit,
1190 4384 1249 4431 ut
1275 4391 1454 4432 arcam
1483 4377 1770 4434 aediﬁcaret
1785 4376 1924 4445 ³³⁸³⁵,
1938 4386 2113 4434 tecto-

2225 1913 2432 1986 Ἰωϐὴλ,
2465 1913 2611 1976 ὅστις
2638 1905 2998 1983 κτηνοτρόφος
3026 1909 3238 1977 ἐγένετο
3256 1951 3269 1972 ,
3302 1911 3392 1962 καὶ
3419 1909 3508 1962 τὸν
3546 1907 3768 1971 Ἰουόὰλ,

2212 2008 2271 2071 ὃς
2291 2006 2582 2077 ψαλτήριον
2603 2005 2696 2058 καὶ¹
2724 2003 2950 2075 κιθάραν
2979 1993 3223 2075 ἐξεῦρεν(
3261 2003 3352 2054 Ἐκ
3393 2001 3450 2054 δέ
3487 2002 3586 2072 τῆς
3608 2001 3770 2054 Σελάν

2213 2095 2303 2146 τὸν
2353 2091 2544 2155 Θόϐελ,
2591 2093 2737 2154 ὅστις
2784 2091 3119 2162 σφυροκόπος
3160 2090 3360 2162 χαλκοῦ
3414 2091 3507 2142 καὶ⁸
3558 2091 3768 2161 σιδήρου

2215 2184 2448 2253 ἐγένετο.
2492 2184 2548 2238 Ὀ
2575 2183 2630 2237 δὲ
2663 2184 2850 2255 Ἀδὰμ,
2885 2183 3053 2255 ζήσας
3081 2184 3172 2254 ἐτη
3203 2183 3483 2237 ἐννακόσια
3512 2183 3642 2237 δέκα
3659 2183 3768 2249 δύο,

2214 2277 2501 2332 ἀπέθανεν.

2298 2366 2459 2430 Ἐνὼς
2503 2367 2560 2420 δὲ
2608 2367 2721 2431 υίὸς
2766 2365 2858 2420 τοῦ
2900 2366 3006 2438 Σὴθ
3049 2366 3270 2438 ἤλπισεν
3301 2367 3671 2421 ἐπικαλεῖσθαι
3711 2366 3772 2421 τὺ

2215 2461 2385 2532 ὄνομα
2415 2459 2634 2530 Κυρίου·
2682 2460 2848 2531 ζήσας
2890 2461 2946 2514 δέ
2991 2460 3082 2532 ἐτη
3129 2461 3410 2514 ἐννακόσια
3441 2462 3600 2514 πέντε
3644 2463 3773 2516 ἀπέ-

2219 2553 2364 2607 θανε.
2398 2553 2507 2606 Καὶ
2534 2555 2561 2602 6
2585 2551 2696 2615 υίὸς
2727 2551 2891 2604 αὐτοῦ
2922 2551 3148 2616 Καῖνὰν,
3177 2551 3344 2623 ζήσας
3375 2553 3467 2624 ἔτη
3495 2554 3772 2606 ἐννακόσια

2217 2645 2364 2707 δέκα,
2395 2643 2709 2715 ἐτελεύτησε
2729 2685 2741 2696 .
2792 2644 2899 2695 Καὶ¹
2941 2646 2968 2696 6
3002 2645 3115 2706 υἱὸς
3139 2644 3442 2715 Μαλελεήλ,
3476 2644 3646 2717 ζήσας
3683 2645 3770 2718 ἐτη

2219 2737 2509 2791 ἑπτακόσια
2555 2737 2899 2806 ἐννενήκοντα
2931 2737 3084 2791 πέντε
3108 2777 3122 2801 ,
3168 2736 3453 2791 ἀπέθανεν.
3491 2739 3547 2791 ’0
3579 2739 3634 2792 δέ
3660 2738 3777 2794 τούο

2217 2847 2309 2883 του
2335 2831 2447 2892 υἱὸς
2474 2829 2662 2901 Ἰάρεδ,
2691 2829 2782 2900 ἔτη
2821 2829 3021 2900 βιώσας
3046 2830 3327 2884 ἐννακόσια
3359 2830 3637 2902 ἐξήκοντα,
3666 2836 3774 2886 ἐτε-

2218 2922 2495 2993 λεύτησεν.
2527 2921 2631 2974 Τοῦ
2678 2921 2734 2973 δέ
2791 2921 2960 2992 Ἰάρεδ
3004 2922 3115 2984 υίὸς
3173 2920 3362 2992 Ἑνὼχ,
3411 2924 3774 2995 εὐαρεστήσας

2219 3006 2295 3078 τῷ
2338 3007 2482 3092 ῷεῷ,
2533 3006 2813 3078 μετετέθη.
2854 3008 2911 3060 'U
2954 3007 3009 3060 δέ
3059 3008 3170 3071 υἱὸς
3211 3009 3375 3063 αὑτοῦ
3418 3011 3774 3077 Μαθουσάλα,

2221 3097 2392 3168 ζήσας
2424 3097 2516 3169 ἐτη
2561 3099 2856 3153 ἑπτακόσια
2904 3100 2998 3152 καὶ
3042 3099 3299 3171 ἐξήκοντα
3333 3101 3484 3156 ἐννέα
3509 3145 3524 3170 ,
3573 3104 3779 3158 ἐτελεύ-

2220 3208 2368 3262 τησε.
2401 3192 2589 3262 Λάμεχ
2632 3192 2687 3244 δέ
2713 3194 2741 3245 6
2767 3192 2879 3255 υίὸς
2911 3191 3256 3257 Μαθουσάλα,
3289 3193 3455 3263 ζήσας
3486 3195 3578 3266 ἔτη
3613 3197 3779 3249 ἐπτα-

2221 3281 2375 3334 κόσια
2405 3283 2734 3350 πεντήκοντα
2758 3281 2902 3351 τρία,
2937 3281 3220 3335 ἀπέθανεν.

2289 3372 2472 3443 Τούτῳ
2503 3371 2580 3444 τῷ
2609 3372 2800 3443 Λάμεχ
2843 3373 2956 3436 υίὸς
2993 3373 3115 3425 Νῶε
3154 3373 3353 3442 ἐγένετο
3377 3374 3598 3443 ἀρεταῖς
3629 3375 3767 3442 ἀγα-

2221 3463 2326 3516 θῶν
2367 3465 2614 3536 πράξεων
2667 3465 2953 3534 ἡδόμενος,
3003 3464 3061 3527 ὃς
3107 3463 3279 3517 ἔπειθε
3327 3465 3384 3516 τὸ
3436 3464 3763 3536 ἀνθρώπινον

2218 3558 2372 3626 γένος
2427 3555 2821 3626 μεταϐληθῆναι
2869 3555 2975 3608 ἀπὸ
3036 3555 3132 3626 τῆς
3188 3555 3376 3618 κακίας
3426 3557 3502 3619 είς
3550 3558 3768 3628 ἀρετήν·

2219 3650 2344 3720 ἄχρι
2373 3647 2479 3719 γὰρ
2505 3648 2734 3718 ἑϐδόμης
2760 3648 2950 3716 γενεᾶς
2977 3647 3025 3699 οἱ
3069 3646 3340 3719 ἄνθρωποι
3372 3647 3629 3718 δεσπότην
3671 3649 3778 3702 τῶν

2218 3741 2471 3794 ἀπάντων
2521 3740 2610 3792 ’ὡν
2672 3739 2802 3792 Θεὸν
2849 3739 3248 3810 ἐπεγράφοντο,
3299 3741 3394 3795 καὶ⁵
3442 3738 3779 3810 δικαιοσύνης

2220 3829 2545 3903 ἐφρόντιζον.

2290 4015 2551 4086 Ὕστερον
2582 4013 2638 4066 δὲ
2671 4013 2763 4066 τοῦ
2812 4013 3000 4085 χρόνου
3036 4013 3314 4084 προϊόντος
3353 4012 3435 4074 είς
3471 4010 3646 4062 πᾶσαν
3671 4025 3777 4060 πα-

2221 4107 2480 4179 ρανομίαν
2523 4105 2830 4172 ἐξώκειλαν.
2875 4104 2960 4170 Ὡς
3000 4103 3092 4160 οὖν
3127 4109 3155 4159 6
3193 4104 3314 4158 Νῶε
3345 4105 3445 4158 οὐκ
3477 4100 3656 4155 ἔπειθε
3682 4099 3778 4168 τῆς

2219 4197 2415 4259 κακίας
2444 4196 2739 4266 ἀποστῆναι
2766 4195 2989 4259 αὐτοὺς,
3017 4196 3113 4265 τὴν
3145 4193 3428 4247 συνουσίαν
3463 4190 3638 4244 αὐτῶν
3669 4190 3779 4260 βδε-

2218 4287 2512 4359 λυξάμενος
2538 4290 2615 4350 εἰς
2639 4287 2804 4357 ἄλλην
2829 4288 2930 4357 γῆν
2958 4285 3289 4357 ἀνεχώρησε.
3321 4285 3429 4338 Καὶ
3460 4282 3776 4355 προστάττει

2221 4381 2369 4452 αὑτῷ
2417 4383 2446 4434 6
2488 4381 2616 4444 Θεὸς
2667 4381 3069 4434 κατασκευάσαι
3117 4377 3344 4431 κιϐωτὸν
3390 4375 3774 4448 τετράστεγον,

559 4487 682 4528 rum
711 4478 972 4542 quatuor,
1006 4468 1344 4538 longitudine
1375 4476 1740 4524 trecentorum
1785 4471 2114 4538 cubitorum,

2223 4473 2449 4546 ἔχουσαν
2476 4474 2536 4526 τὸ
2565 4474 2659 4544 μὲν
2696 4473 2863 4544 μῆκος
2886 4470 3208 4542 τριακοσίων
3233 4469 3442 4540 πηχῶν,
3474 4469 3535 4521 τὸ
3567 4469 3624 4521 δὲ
3648 4467 3776 4521 πλά-

560 4567 851 4621 latitudine
881 4563 1298 4635 quinquaginta,
1331 4563 1617 4617 altitudine
1653 4563 1893 4633 triginta,
1951 4571 2011 4616 ut
2059 4564 2114 4618 in

559 4673 625 4713 ea
649 4657 810 4713 simul
833 4673 954 4713 cum
981 4657 1126 4710 omni
1156 4655 1478 4726 cognatione
1507 4655 1783 4718 occlusus,
1816 4656 2114 4724 periculum

559 4749 706 4819 quod
738 4765 806 4804 ex
829 4748 1180 4803 inundatione
1202 4747 1540 4810 imminebat,
1567 4747 1991 4817 subterfugeret;
2014 4748 2116 4801 hoc

558 4840 702 4895 enim
732 4837 1157 4910 supplicio-Deus
1194 4840 1440 4895 homines
1461 4839 1552 4909 qui
1584 4837 1640 4893 id
1670 4836 1932 4906 temporis
1963 4837 2114 4891 vive-

557 4931 712 4995 bant,
746 4931 940 5001 punire
972 4932 1258 5002 delereque
1290 4931 1565 5002 cupiebat.
1602 4928 1801 4983 Verum
1851 4943 1974 4982 cum
2007 4935 2118 4983 ter-

557 5038 674 5078 ram
705 5023 1060 5077 inundassent
1079 5038 1232 5093 aquae
1249 5023 1588 5079 summitates
1618 5021 1904 5083 montium,
1929 5035 2116 5074 earum

557 5116 706 5169 ﬂuxu
735 5113 930 5168 abditae
956 5115 1289 5185 occultaque
1348 5124 1476 5171 sunt
1520 5115 1596 5169 '".
1650 5111 1784 5166 Nam
1832 5121 1886 5168 ct
1914 5111 2116 5166 nostris

557 5206 711 5260 hisce
741 5205 1080 5275 temporibus
1105 5205 1162 5259 in
1184 5207 1391 5262 vertice
1417 5206 1611 5262 Libani
1651 5205 1854 5276 lapides
1899 5203 2118 5274 quidam

557 5298 625 5352 ad
663 5297 1046 5353 aediﬁcandum
1103 5297 1439 5363 excidentes,
1494 5299 1829 5352 marinorum
1887 5296 2116 5366 piscium

549 5391 709 5445 'varia
758 5406 956 5464 genera
1010 5391 1314 5454 inveniunt,
1360 5405 1496 5460 quos
1524 5399 1664 5444 tunc
1705 5392 1759 5443 in
1813 5390 1961 5443 cavis
2008 5388 2116 5442 illis

562 5487 827 5540 montium
859 5488 974 5540 luto
1007 5484 1214 5540 deﬁxos
1235 5499 1586 5540 concrescere
1615 5484 1861 5554 contigit.

2219 4586 2309 4632 τος
2338 4567 2685 4638 πεντήκοντα,
2717 4565 2811 4619 καὶ
2840 4566 2900 4618 τὸ
2945 4563 3104 4633 βάθος
3146 4562 3454 4634 τριάκοντα,
3489 4562 3656 4624 ὃπως,
3693 4559 3776 4612 ἐπ’

2221 4661 2386 4730 αὐτῆς
2418 4660 2532 4730 ἅμα
2562 4659 2626 4727 τῇ
2682 4655 2964 4725 συγγενείᾳ
3019 4653 3180 4708 αὐτοῦ
3231 4651 3519 4722 καθείρξας
3570 4648 3775 4710 ἑαυτὸν,

2221 4753 2431 4823 ἐκφύγῃ
2463 4752 2552 4804 τὸν
2585 4751 2649 4804 ἐκ
2675 4749 2769 4802 τοῦ
2797 4746 3176 4816 κατακλυσμοῦ
3207 4746 3466 4799 κίνδυνον.
3505 4741 3779 4796 Ἐϐούλετο

2219 4845 2328 4916 γὰρ
2353 4847 2383 4898 6
2414 4844 2545 4907 Θεὸς
2571 4841 2789 4913 τοιαύτῃ
2823 4840 3060 4912 τιμωρίᾳ
3100 4839 3197 4910 τὴν
3232 4837 3492 4908 πονηρίαν
3524 4835 3631 4888 τῶν
3657 4835 3777 4887 τότε

2221 4934 2559 5006 ἐξαφανίσαι.
2599 4931 3004 5003 Ἑπενεχθέντος
3033 4931 3090 4983 δὲ
3122 4930 3213 4982 τοῦ
3245 4925 3627 4998 κατακλυσμοῦ
3650 4927 3780 4978 ἐκα-

2221 5029 2394 5100 λύφθη
2427 5027 2494 5080 τὰ
2542 5026 2719 5096 ὑψηλὰ
2763 5025 2870 5078 τῶν
2913 5025 3080 5097 ὁρέων
3121 5022 3226 5077 ὺπὺ
3269 5020 3363 5074 τοῦ
3414 5019 3625 5081 ὓδατος.
3661 5017 3782 5069 Ἔτι

2219 5119 2330 5192 γὰρ
2361 5119 2455 5172 καὶ
2485 5118 2578 5172 νῦν
2613 5118 2702 5169 ἐπὶ
2726 5117 2825 5187 τῆς
2849 5115 3160 5186 ἀκρωρείας
3204 5112 3297 5167 τοῦ
3339 5111 3568 5165 Λιϐάνου
3604 5108 3784 5171 λίθους

2218 5211 2297 5274 είς
2343 5209 2630 5279 οἰκοδομὴν
2665 5223 2811 5270 τινες
2839 5204 3210 5276 ἐκτέμνοντες,
3243 5201 3541 5257 θαλαττίων
3585 5197 3785 5269 ἰχθύων

2217 5303 2346 5372 γένη
2374 5301 2736 5372 εὑρίσκουσιν,
2765 5298 2856 5361 οὒς
2887 5297 3092 5367 ’συνέϐη
3113 5300 3196 5362 εἰς
3233 5297 3302 5350 τά
3337 5295 3650 5367 κοιλώματα
3678 5291 3785 5348 τῶν

2218 5393 2388 5464 ὀρέων
2419 5390 2866 5460 συναποπαγῆναι
2894 5391 2960 5461 τῇ
2997 5388 3120 5441 ίλύῖ.

622 5691 666 5723 ¹⁹
690 5690 817 5768 Gen.
846 5692 995 5768 11,],
1059 5690 1147 5751 l9,
1187 5689 1278 5768 ἓξ
1352 5690 1396 5722 ³⁸
1429 5687 1554 5744 Gen.
1579 5705 1634 5753 ν,
1670 5688 1722 5742 5.
1795 5688 1835 5720 ³·
1864 5685 1988 5743 Gen.
2024 5703 2096 5756 Iv,

2285 5689 2327 5720 "
2363 5688 2490 5743 Gen.
2523 5704 2572 5753 ν,
2605 5687 2805 5754 11,“,
2848 5685 2936 5753 l7,
2963 5683 3056 5752 20,
3083 5682 3174 5753 24,
3203 5683 3294 5750 27,
3343 5683 3432 5740 51.
3509 5679 3813 5768 ³³³⁸6811.-

564 5774 637 5823 Vl,
697 5761 775 5812 14.
851 5763 895 5792 ³⁸
925 5760 1048 5816 Gen.
1083 5777 1178 5825 vn,
1207 5760 1291 5814 19.
