4090 6288
357 386 474 445 753-

774 367 807 381 ‘
1266 388 1532 448 spuma.
1576 421 1644 431 -
1680 388 2032 447 causam;
2073 389 2141 445 IN
2180 368 2711 449 HEXAEMERON'."

3474 366 3581 456 πί

406 504 508 558 ’Ἦ
547 503 605 559 δέ
633 503 892 569 κιϐωτὸς,
926 505 1263 576 ἀνυψωθεῖσα
1309 507 1537 562 ύπὸτοῦ
1592 508 1799 575 ὓδατος,
1837 512 1885 563 εί

1986 563 1991 573 ,
2089 505 2194 564 Sed
2225 524 2374 576 arca,
2409 512 2566 582 aquis
2602 511 2765 571 altius
2798 518 3122 578 sustentata,
3153 511 3211 568 in
3260 514 3574 571 summitate

355 594 529 665 ἄκραν
554 593 674 648 τινὰ
701 592 860 664 ὅρους
885 595 973 649 τοῦ
1002 594 1140 650 κατὰ
1161 595 1260 669 τήν
1298 597 1587 670 ’Δρμενίαν
1634 598 1785 671 ἔστη,
1823 601 1917 654 καὶ

354 682 698 755 λωφήσαντος
743 684 837 739 τοῦ
887 685 1074 751 ὓδατος
1092 728 1107 754 ,
1154 689 1202 740 οἱ
1251 688 1308 741 ἐν
1353 691 1419 761 τῇ
1461 689 1675 763 κιϐωτῷ
1718 691 1918 756 πάντες

354 774 808 848 ἐξεπορεύθησαν.
842 777 952 831 Καὶ
994 777 1084 831 τὸν
1122 778 1283 833 τόπον
1316 780 1398 834 ἔτι
1440 781 1535 836 καὶ
1579 780 1672 836 νῦν
1711 784 1914 837 ἐκεῖνον

367 865 751 937 Ἀποϐατήριον
785 870 833 920 oi
865 867 1145 941 ἐπιχώριοι
1181 871 1674 943 προσαγορεύουσι,
1704 872 1798 926 καὶ
1844 872 1913 928 τά

351 954 573 1026 λείψανα
597 957 695 1029 τῆς
723 958 955 1013 κιϐωτοῦ
980 961 1395 1030 ἐπιδεικνύουσι,
1430 963 1523 1018 καὶ
1550 966 1614 1037 τῇ
1656 965 1917 1037 ἀσφάλτῳ

353 1048 521 1119 αὐτῆς
545 1049 628 1112 είς
659 1050 1132 1123 ἀποτροπιασμοὺς
1164 1054 1477 1128 κέχρηνται.

354 1174 360 1179 -
433 1141 490 1194 '0
528 1140 586 1194 δέ
612 1141 735 1195 Νῶε
770 1142 1114 1215 ἐτελεύτησεν
1156 1146 1251 1218 ἐτη
1295 1148 1464 1220 ζήσας
1509 1151 1790 1206 ἐννακόσια
1817 1154 1911 1209 καὶ

351 1233 705 1304 πεντήκοντα,
742 1235 839 1289 καὶ
870 1236 919 1288 oi
959 1237 1065 1289 υἱοὶ
1107 1238 1294 1307 αὑτοῦ,
1328 1240 1628 1307 δεδοικότας
1659 1246 1784 1309 τοὺς
1817 1245 1910 1300 ἄλ-

350 1326 474 1390 λους
498 1326 703 1391 πάντας
722 1327 828 1381 ἀπὸ
846 1327 937 1382 τοῦ
958 1327 1115 1401 ὅρους
1130 1333 1545 1404 μεταναστῆναι,
1569 1335 1908 1405 (ὑπώπτευον

346 1419 456 1492 γὰρ
498 1420 691 1492 ἐτέρας
721 1416 872 1485 αὖθις
893 1424 1251 1495 πειρασθῆναι
1281 1425 1635 1499 ἐπομϐρίας’)
1664 1428 1907 1484 πείθουσι

345 1512 657 1576 κατελθεῖν,
689 1514 781 1567 καὶ
827 1513 925 1584 τὴν
954 1513 1281 1587 ήπλωμένην
1323 1518 1626 1572 κατοικίσαι
1661 1521 1904 1578 πεδιάδα.

346 1601 464 1655 Ἵνα
491 1601 549 1655 δὲ
581 1602 653 1674 μὴ
682 1601 1070 1673 πληθυνθέντες
1098 1605 1283 1659 στάσιν
1326 1606 1459 1677 μετ”
1480 1606 1722 1678 ἀλλήλων
1754 1612 1908 1683 κινή-

343 1710 501 1759 σωσι,
532 1694 891 1766 προσέταττεν
922 1696 1102 1762 αὐτοῖς
1147 1700 1175 1751 ὁ
1221 1697 1353 1763 Θεὸς
1393 1699 1647 1765 ἀποικίας
1679 1705 1907 1775 ποιήσα-

344 1779 489 1836 σθαι.
526 1783 589 1835 Oi
632 1782 687 1837 δὲ
731 1784 828 1854 οὐχ
861 1786 1194 1857 ὑπήκουσαν,
1230 1787 1335 1859 γῆν
1382 1789 1548 1862 καλὴν
1591 1793 1902 1865 γεωργοῦν-

2018 600 2220 657 montis
2252 601 2539 673 cujusdam
2580 604 2674 674 qui
2721 603 2779 659 in
2823 604 3082 660 Armenia
3108 613 3211 669 est,
3235 605 3487 672 stetlt'“,
3519 615 3587 662 et,

2017 708 2159 765 aqua
2194 709 2320 749 cum
2348 703 2642 761 cessasset,
2672 696 2765 768 qui
2790 697 2845 751 in
2872 712 2936 754 ea
2957 704 3132 762 erant,
3163 712 3353 753 omnes
3367 700 3595 769 egressi.

2014 793 2142 839 sunt
2173 786 2238 855 ³⁷,
2285 794 2340 842 et
2373 787 2551 843 locum
2596 788 2746 845 illum
2792 788 2848 843 in
2888 788 3145 860 praesenti
3190 788 3591 859 Apobateriuni

2012 877 2205 934 incolae
2236 889 2577 952 nuncupant,
2601 896 2849 952 areasque
2877 882 3136 954 reliquias
3156 891 3483 949 monstrant,
3517 891 3581 940 et

2012 968 2132 1041 ejus
2154 969 2421 1026 bitumine
2446 971 2512 1026 ad
2569 973 2977 1030 averruncanda
3006 974 3148 1030 mala
3170 982 3419 1031 utuntur.
3652 967 3658 973 ’

2079 1149 2193 1206 Noe
2221 1166 2349 1207 vero
2397 1166 2429 1207 e
2476 1151 2587 1207 vita
2618 1153 2875 1224 migravit
2903 1153 3199 1225 nongentis
3223 1160 3276 1210 et
3302 1154 3584 1226 quinqua—

2009 1243 2159 1316 ginta
2190 1243 2349 1299 annis
2379 1242 2588 1300 exactis
2618 1244 2684 1314 ³⁸,
2723 1254 2778 1299 et
2813 1245 2909 1299 lilii
2939 1234 3058 1315 ejus
3087 1247 3226 1302 alios
3269 1261 3458 1302 omnes
3502 1248 3579 1300 Ii-

2007 1337 2184 1392 midos
2213 1343 2376 1408 atque
2424 1338 2673 1408 ignavos,
2725 1339 2886 1392 aliam
2929 1338 3075 1394 enim
3120 1337 3357 1393 futuram
3387 1347 3575 1395 terra—

2006 1443 2128 1482 rum
2161 1430 2572 1486 inundationem
2605 1430 3053 1501 suspicabantur,
3083 1439 3143 1485 ut
3178 1446 3209 1486 e
3239 1440 3421 1487 monte
3452 1432 3578 1486 ἀίει

2005 1520 2278 1585 cederent,
2317 1522 2744 1594 planissimaque
2772 1523 3016 1580 colerent
3038 1523 3179 1580 loca.
3212 1524 3567 1593 persuadent.

2005 1611 2147 1669 Deus
2191 1613 2260 1668 ad
2296 1614 2560 1670 sedaudas
2602 1615 2919 1681 seditiones,
2966 1631 3087 1687 quze
3130 1625 3347 1686 propter
3373 1631 3562 1672 eorum

2003 1703 2409 1760 multitudinem
2454 1702 2677 1759 conﬂari
2737 1713 2983 1776 possent,
3031 1705 3086 1760 in
3134 1706 3269 1762 alias
3312 1706 3565 1777 regiones

2004 1796 2249 1853 colonias
2282 1796 2549 1853 deducere
2589 1797 2853 1867 jubebat;
2902 1806 2958 1853 at
3009 1798 3064 1852 hi
3112 1812 3220 1853 non
3274 1798 3563 1853 audierunt

340 1888 452 1936 τες,
481 1872 575 1926 καὶ
601 1873 827 1945 καρπῶν
861 1877 1118 1946 ἀφθονίαν
1167 1881 1425 1955 μεγίστην
1472 1862 1889 1957 ἔχοντεςίΠάλιι

2001 1896 2288 1959 praecepta,
2318 1904 2442 1944 cum
2473 1862 2734 1958 optimam
2761 1862 2961 1945 terram
2994 1890 3256 1956 colerent,
3283 1897 3335 1946 et
3362 1890 3560 1947 uberes

339 1958 430 2017 οὖν
462 1967 713 2038 συμφορᾷ
741 1967 946 2041 χαλεπῇ
986 1972 1283 2045 ⁸ὑποϐάλλει
1323 1976 1517 2041 αὐτοὺς
1549 1978 1684 2050 πρὸς
1714 1980 1773 2034 τὸ
1802 1982 1900 2054 τὴν

338 2052 597 2109 ἀποικίαν
645 2056 968 2112 στείλασθαι.
1026 2062 1092 2115 Οἱ
1135 2063 1192 2117 δὲ
1236 2064 1345 2118 οὐδ’
1394 2066 1566 2131 οὕτως
1609 2068 1756 2136 εἶξαν
1805 2052 1897 2127 τοῦ

336 2144 469 2200 Θεοῦ
501 2147 578 2214 τῷ
626 2147 940 2223 βουλήματι,
969 2153 1067 2225 τὴν
1112 2157 1369 2229 εὐφορίαν
1410 2160 1510 2232 τῆς
1535 2163 1638 2234 γῆς
1677 2164 1739 2217 ού
1777 2167 1894 2221 κατ’

335 2237 619 2308 εὐμένειαν
647 2239 741 2294 τοῦ
772 2241 927 2309 Θεοῦ,
962 2244 1098 2299 ἀλλά
1134 2249 1253 2301 κατ’
1284 2248 1417 2303 ίδίαν
1455 2252 1606 2322 ἰσχὺν
1632 2259 1897 2326 περιεῖναι

332 2327 514 2391 αὐτοῖς
559 2330 954 2418 ὑπελάμϐανον.
1006 2335 1217 2409 Ταύτην
1266 2337 1322 2392 δὲ
1372 2340 1470 2412 τὴν
1525 2341 1701 2414 οἴησιν
1752 2345 1896 2418 ἔχειν

332 2416 530 2481 αὐτοὺς
574 2419 798 2492 Νεϐρὼο
843 2404 1056 2478 ἐπέιθεν
1095 2427 1124 2479 ὁ
1161 2404 1340 2496 γίγας,
1378 2404 1646 2505 τολμηρός
1677 2452 1762 2501 τις
1780 2404 1891 2504 Ἑὺν,

333 2506 426 2560 καὶ
454 2508 595 2562 κατά
624 2514 780 2583 χεῖρα
805 2519 1064 2582 γενναῖος,
1081 2517 1139 2583 ὃς
1168 2521 1283 2587 καὶ,
1306 2523 1397 2576 τοῦ
1421 2523 1554 2577 Θεοῦ
1582 2527 1895 2600 ἀποστήσας

329 2599 545 2666 αὐτοὺς,
581 2602 728 2675 αὐτῷ
747 2605 826 2677 τῷ
862 2608 1021 2674 σέϐας
1071 2616 1463 2684 περιποιεῖσθαι
1495 2619 1690 2686 αὐτοὺς
1727 2599 1894 2694 ἠνάγ-

331 2705 486 2754 κασε,
518 2694 612 2746 καὶ
651 2694 714 2767 δὴ
753 2696 959 2769 πύργον
991 2703 1187 2769 αὐτοὺς
1224 2707 1502 2780 ἐπιτρέπει
1531 2715 1891 2785 τεκτήνασθαι

328 2781 406 2852 τῷ
432 2780 552 2852 ὕψει
578 2785 670 2841 τοῦ
706 2790 934 2861 οὐρανοῦ
976 2794 1327 2865 ἐπιψαύοντα,
1362 2801 1599 2857 ἀπειλῶν
1633 2805 1722 2861 τὸν
1759 2807 1889 2863 Θεὸν

327 2873 756 2949 ἀνταμύνασθαι,
800 2885 849 2937 εί
887 2884 1047 2939 πάλιν
1078 2885 1155 2959 τῷ
1189 2888 1378 2962 κόσμῳ
1422 2894 1690 2968 ἐπενέγκῃ
1725 2916 1890 2953 κατα-

327 2965 587 3039 κλυσμόν.

397 3061 500 3114 Τοῦ
528 3062 658 3132 γοῦν
681 3065 916 3138 πλήθους
950 3070 1114 3142 πολλῇ
1150 3075 1350 3147 σπουδῇ
1383 3079 1449 3149 τῇ
1496 3080 1662 3154 μανίᾳ
1702 3100 1889 3158 συνερ-

321 3151 543 3244 γοῦντος
583 3154 748 3227 αὐτῷ,
781 3159 873 3212 καὶ
914 3158 1070 3229 λόγου
1111 3162 1300 3219 θᾶττον
1344 3167 1434 3221 τὸν
1478 3151 1688 3244 πύργον
1719 3151 1885 3229 κατα-

2000 1979 2375 2049 maximosque
2411 1979 2752 2050 perciperent
2793 1979 3039 2048 fructus;
3073 1981 3231 2037 novis
3256 1982 3439 2052 itaque
3464 1997 3560 2037 eos

1998 2069 2397 2126 calamitatibus
2421 2079 2601 2137 vexat,
2631 2079 2692 2127 ut
2715 2072 2983 2127 coloniam
3005 2072 3310 2141 mitterent;
3341 2075 3435 2145 qui
3457 2090 3558 2129 nec

1997 2161 2080 2218 sic
2104 2164 2302 2219 divinae
2337 2164 2604 2220 voluntati
2631 2162 2911 2232 obediunt,
2962 2172 3017 2220 et
3060 2180 3177 2221 eam
3205 2173 3366 2222 terra:
3392 2166 3557 2222 uber-

1996 2259 2160 2308 tatem
2196 2251 2638 2325 fertilitatemquc
2664 2269 2773 2309 non
2799 2253 2999 2311 divinis
3022 2256 3257 2326 placitis,
3282 2256 3380 2313 sed
3412 2258 3558 2314 suis~

1995 2354 2108 2403 met
2145 2346 2356 2402 viribus
2400 2344 2783 2418 industriaque
2822 2347 3004 2417 parari
3059 2348 3452 2418 opinabantur;
3498 2351 3554 2404 in

1994 2452 2223 2508 eamque
2262 2451 2357 2492 eos
2396 2437 2719 2493 sententiam
2750 2437 3079 2508 perducebat
3109 2437 3372 2505 Nebroth,
3402 2442 3556 2512 gigas

1994 2529 2316 2583 temerarius
2339 2535 2394 2584 et
2421 2528 2621 2594 audax,
2676 2528 3035 2600 maximisque
3088 2531 3301 2587 viribus
3341 2533 3558 2603 valens,

1992 2620 2085 2690 qui
2113 2635 2209 2675 eos
2234 2626 2293 2673 ut
2324 2619 2531 2674 cultum
2562 2620 2667 2675 sibi
2700 2619 2958 2677 offerrent
2992 2636 3023 2675 a
3054 2620 3165 2678 Deo
3194 2638 3415 2680 aversos
3437 2641 3581 2682 εοεα-

1992 2708 2069 2777 git
2096 2706 2162 2762 3’.
2195 2705 2337 2774 Quin
2365 2716 2418 2763 et
2449 2708 2646 2763 turrim
2693 2708 2802 2765 illis
2838 2710 3279 2768 exaedificandae)
3310 2717 3582 2777 commit-a.

1989 2797 2077 2863 tit,
2107 2812 2226 2868 quae
2242 2797 2551 2854 summitate
2571 2797 2767 2853 cmlnm
2798 2800 3104 2870 attingeret,
3129 2801 3348 2871 jactans
3376 2803 3547 2859 Deum
3573 2860 3580 2865 .

1987 2887 2252 2956 ulturum,
2297 2889 2345 2944 si
2381 2889 2578 2945 iterum
2624 2890 2826 2946 mundo
2876 2891 3293 2949 inundationem
3340 2903 3578 2952 tentas-.

1990 2987 2072 3036 set
2102 2982 2167 3035 ⁸⁸.

2058 3071 2405 3130 Multitudine
2444 3072 2610 3145 igitur
2637 3088 2860 3130 summo
2885 3075 3067 3131 studio
3104 3090 3169 3132 ac
3201 3078 3549 3135 contentione

1986 3162 2134 3218 illius
2160 3162 2387 3219 insaniae
2428 3178 2585 3237 opem
2624 3162 2852 3231 ferente,
2885 3174 2939 3221 ct
2973 3167 3119 3222 dicto
3151 3169 3313 3226 oitius
3343 3173 3540 3227 turrim

320 3224 741 3312 oxeudCowogo
761 3245 890 3310 Θεὸς
916 3224 1014 3321 τήν
1042 3249 1315 3310 διάλεκτον
1339 3256 1517 3312 αὐτῶν

1986 3261 2318 3320 exstruente,
2367 3254 2513 3311 Deus
2561 3255 2762 3327 lingua:
2801 3272 2991 3313 eorum
3019 3262 3406 3331 proprietatem
3448 3280 3544 3320 τε·-

320 3333 559 3405 συνέχεε,
597 3338 689 3390 καὶ
728 3338 832 3393 ὑπὸ
861 3341 958 3413 τῆς
980 3343 1466 3415 ἀνομοιογλωσσίας
1505 3333 1882 3432 διεσκεδάσθηο

317 3438 437 3489 σαν,
468 3426 576 3479 κάκ
598 3427 786 3482 τούτου
810 3430 840 3483 ό
868 3431 1032 3497 τόπος
1062 3434 1352 3493 Βαϐυλῶνα
1383 3442 1480 3512 τὴν
1513 3443 1703 3516 κλῆσιν
1733 3426 1880 3523 εἵλη-

316 3532 443 3584 φεν,
488 3515 598 3572 τῶν
638 3518 902 3592 Ἐϐραίων
944 3525 1043 3596 τὴν
1065 3529 1370 3599 σύγχυσιν
1391 3515 1646 3594 Βαϐυλὼν
1680 3515 1878 3614 ὀνομαζ-

315 3606 534 3671 ζόντων.

387 3695 650 3792 ἽιΞκαστος
692 3700 821 3792 γοῦν
871 3702 968 3775 τὴν
1015 3711 1520 3782 προστυγχάνουσαν
1581 3719 1685 3792 γῆν
1717 3739 1877 3777 κατε-

313 3783 587 3855 λάμϐανε,
638 3791 732 3844 καὶ
782 3792 1048 3865 ἐπλήρουν
1106 3801 1283 3855 πᾶσαν
1337 3783 1605 3876 παράλιόν
1639 3783 1719 3864 ’τε
1781 3815 1877 3868 καὶ

310 3876 556 3951 ήπειρον,
596 3880 675 3935 ἔτι
724 3883 782 3936 δὲ
828 3886 922 3938 καὶ
970 3887 1067 3952 τὰς
1117 3886 1346 3962 νήσουςοΔ
1378 3896 1441 3948 τὸ
1484 3899 1590 3972 γὰρ
1639 3902 1874 3974 πέλαγος

311 3967 513 4033 πλοίοις
536 3969 1020 4045 διαπορθμεύοντες
1050 3980 1274 4046 ταύταις
1295 3967 1781 4063 ἐγκαθωρμίζοντο.

381 4058 536 4113 Ἐνια
573 4060 724 4158 ,γοῦν
771 4064 878 4119 τῶν
927 4067 1096 4126 ἐθνῶν
1150 4072 1310 4139 σώζει
1360 4077 1458 4143 τὰς
1505 4058 1872 4158 προσηγορίας

306 4146 750 4249 τῶνικτισαάντων,
788 4155 904 4211 ἔνια
934 4159 989 4214 δὲ
1012 4164 1106 4216 καὶ
1144 4165 1425 4235 μετέϐαλε,
1609 4146 1870 4249 Ἑλλήνων

308 4236 446 4331 μετά
475 4238 645 4295 ταῦτα
669 4247 1081 4319 κρατησάντωι,
1111 4253 1205 4307 καὶ
1233 4254 1380 4321 ίδίοις
1410 4259 1635 4331 ὀνόμασι
1666 4236 1868 4321 καλλω-

303 4330 576 4426 ⁸Ξῖισάντων
616 4334 686 4426 τά
734 4337 861 4411 ἔθνη
881 4380 896 4406 ,
943 4344 1037 4397 καὶ
1083 4345 1279 4419 νόμους
1321 4349 1378 4404 δέ
1425 4330 1607 4420 αὐτοῖς
1636 4358 1868 4426 οἰκείους

301 4417 496 4519 ἔθεσαν
542 4425 679 4519 πρὸς
724 4429 821 4501 τὴν
869 4432 1026 4498 δόξαν
1193 4439 1419 4506 κτίσεως
1449 4417 1864 4519 σφετερίσασθαι

299 4511 515 4610 αὐτούς,
547 4516 620 4582 ὡς
654 4521 921 4594 μηδεμίαν
950 4527 1201 4585 ὑπόνοιαν
1233 4511 1671 4610 προγενεστέρῶν
1698 4559 1864 4599 κατα-

299 4601 474 4657 λιπεῖν
504 4610 616 4673 τοῖς
647 4613 957 4681 μετέπειτα.

381 4696 655 4795 ῗΕγένοντο
677 4700 768 4758 οὖν
796 4707 872 4780 τῷ
896 4710 1018 4764 Νῶε
1047 4716 1193 4786 τρεῖς
1219 4717 1342 4783 υίοὶ,
1375 4720 1449 4792 Σὴ
1458 4737 1516 4792 μ,
1550 4722 1697 4795 Χὰμ,
1749 4727 1855 4782 Ἰά-

297 4788 415 4889 ξρεθ·
450 4792 557 4846 ἀπὸ
592 4795 800 4870 Ταύρου
827 4802 919 4854 καὶ
963 4805 1238 4875 Ἀμμανοῦ
1270 4808 1376 4864 τῶν
1398 4788 1538 4884 ὀρῶν
1563 4788 1857 4889 ἀρξάμενοι

293 4880 536 4955 ᾤκησαν,
566 4887 659 4940 καὶ
691 4891 954 4962 προῆλθον
983 4896 1076 4948 ἐπὶ
1121 4897 1217 4968 μὲν
1248 4899 1348 4970 τῆς
1389 4880 1568 4969 ’Ᾰσίας
1756 4929 1856 4965 πο-

291 4975 464 5046 ταμοῦ
494 4979 769 5047 Τανάϊδος,
804 4985 895 5037 ἐπὶ
922 4987 978 5040 δὲ
999 4988 1097 5060 τῆς
1123 4991 1390 5065 Εὐρώπης
1413 4995 1538 5068 ἄχρι
1568 4975 1852 5073 Γαδείρων.

358 5174 480 5229 Εἰσὶ
518 5178 575 5231 δέ
616 5174 779 5236 οῦτοι·
817 5184 1034 5257 Γαμέρ,
1079 5190 1228 5255 ὅστις
1267 5194 1558 5267 Γαμαρεῖς,
1591 5200 1714 5263 τοὺς
1751 5200 1847 5257 νῦν

1980 3354 2140 3417 pente
2183 3346 2463 3415 confudit;
2511 3361 2708 3420 quare,
2725 3348 2797 3404 ob
2856 3350 3168 3422 linguarum
3220 3354 3540 3411 varietatem

1979 3436 2214 3506 dispersi
2248 3445 2377 3494 sunt
2410 3439 2478 3508 υ,
2530 3439 2766 3509 indeque
2820 3441 2974 3498 locus
3007 3459 3206 3500 nomen
3248 3444 3540 3519 Babylonis

1978 3528 2207 3598 adeptus
2240 3534 2325 3585 est
2372 3528 2438 3582 ι’.
2492 3528 2822 3601 Babylonem
2871 3532 3016 3587 enim
3045 3533 3403 3604 confusionem
3431 3535 3539 3594 Ee-

1977 3620 2110 3674 braei
2138 3620 2444 3677 nominant.

2048 3711 2439 3785 Unusquisque
2472 3714 2656 3785 itaque
2685 3722 2885 3772 terram
2916 3716 3023 3772 sibi
3049 3718 3266 3776 obviam
3297 3735 3537 3794 occupa-

1976 3804 2089 3870 bat,
2121 3805 2312 3876 sicque
2342 3806 2679 3862 continentia
2726 3808 2867 3872 loca,
2910 3819 3073 3880 atque
3099 3812 3397 3880 maritima,
3430 3829 3539 3870 nec

1973 3913 2084 3953 non
2112 3904 2166 3955 et
2197 3899 2407 3956 insulas
2450 3899 2780 3972 implebant;
2820 3901 3053 3959 navibus
3084 3903 3229 3959 enim
3258 3921 3356 3977 per
3383 3922 3535 3964 mare

1973 3990 2186 4059 trajecti
2218 3990 2275 4045 in
2303 4005 2397 4046 eas
2430 3992 2858 4048 advehebantur.
2902 4016 2903 4019 η

2042 4081 2295 4137 Gentium
2317 4093 2496 4139 autem
2520 4084 2764 4156 quaedam
2786 4086 3128 4144 conditorum
3160 4090 3385 4147 nomina
3413 4108 3534 4149 ser-

1969 4181 2122 4239 vant,
2169 4175 2416 4245 quaedam
2449 4177 2541 4232 illa
2596 4187 3022 4245 commutarunt,
3070 4179 3382 4257 Grazcorum
3434 4184 3534 4240 im-

1969 4267 2121 4337 perio
2152 4267 2466 4335 subsecuto,
2496 4269 2590 4341 qui
2636 4275 2751 4327 suis
2795 4271 3106 4330 nominibus
3152 4275 3406 4347 gentibus
3432 4292 3530 4333 or-

1967 4365 2283 4413 namentum
2306 4359 2652 4429 addiderunt,
2678 4362 2933 4434 legesque
2963 4364 3073 4421 illis
3099 4367 3350 4439 proprias
3379 4384 3531 4425 com-

1967 4445 2337 4517 municarunt,
2366 4460 2426 4508 ut
2469 4454 2698 4525 gloriam
2727 4457 3072 4514 conditorum
3101 4460 3205 4515 sibi
3237 4461 3528 4517 tribuendo

1893 4583 1937 4637 Β
1967 4549 2267 4612 captarent,
2297 4559 2397 4600 nec
2425 4545 2591 4600 ullam
2625 4549 2862 4618 posteris
2889 4548 2957 4606 de
2997 4551 3298 4622 majoribus
3344 4555 3527 4626 suspi—

1968 4633 2145 4690 cionis
2172 4649 2363 4691 ansam
2390 4638 2784 4708 relinquerent.

2032 4722 2148 4779 Noe
2177 4724 2379 4783 liberos
2421 4729 2731 4798 procreavit
2781 4738 2916 4797 tres,
2976 4732 3124 4801 Sem,
3178 4733 3373 4801 Cham,
3429 4736 3524 4792 Ja-

1960 4814 2123 4885 pheth
2153 4816 2222 4883 ¹⁸³,
2250 4818 2347 4888 qui
2377 4833 2407 4872 a
2455 4816 2636 4877 Tauro
2677 4828 2731 4875 et
2757 4823 3024 4879 Ammano
3055 4827 3333 4891 montibus
3364 4829 3523 4885 initio

1958 4906 2125 4963 ducto
2154 4908 2493 4978 habitarunt,
2530 4920 2586 4968 et
2618 4913 2673 4968 in
2703 4913 2886 4971 Asiam
2919 4920 3194 4988 progressi
3243 4928 3371 4976 sunt
3421 4939 3519 4979 us-

1952 5000 2062 5068 que
2102 4998 2170 5055 ad
2197 4998 2405 5057 Tanain
2428 5001 2650 5072 ﬂumen,
2677 5014 2731 5060 et
2760 5006 2816 5061 in
2845 5005 3059 5081 Europa
3081 5026 3255 5083 usque
3295 5014 3364 5069 ad
3413 5013 3521 5071 Ga-

1955 5094 2094 5150 dira.

2024 5206 2267 5263 Fuerunt
2296 5218 2478 5264 autent
2508 5210 2565 5265 hi
2599 5210 2644 5244 ιδ
2676 5232 2689 5267 :
2723 5213 2940 5285 Camer,
2993 5221 3086 5291 qui
3133 5215 3511 5287 Gamerenses,

286 5267 528 5335 Γαλάτας
548 5311 563 5336 ,
618 5275 961 5347 συνέστησεν’
1020 5282 1189 5351 Ἀγὼδ
1237 5286 1547 5355 Μαγώδεις,
1587 5292 1711 5358 τοὺς
1750 5294 1846 5350 νῦν

286 5360 512 5386 v...'.n..-_
556 5365 701 5386 ’ΔικῨῴ
745 5370 798 5386 ιι
843 5370 866 5386 α
910 5372 923 5386 1
1157 5378 1168 5386 .
1295 5379 1321 5386 ..
1406 5383 1522 5386 --,-

2996 5267 3086 5291 .,_.
3139 5267 3511 5287 νηυν-ν--ν-ν,

1988 5316 2089 5356 uos
2116 5317 2264 5358 nunc
2287 5302 2505 5360 Galatas
2533 5320 2816 5373 vocamus,
2846 5314 3131 5369 constituit
3167 5333 3183 5381 ;
3210 5314 3364 5386 Agod
3397 5315 3513 5370 Mar

284 5360 513 5476 quolag'
556 5365 701 5420 ’Δδαϊ
743 5370 1044 5438 Μαδαίους,
1090 5378 1217 5442 τοὺς
1262 5379 1355 5435 νῦν
1406 5383 1653 5455 Μήδουςο
1701 5388 1844 5443 Ούάν

2549 5360 2553 5361 ν
2614 5360 2625 5361 ,
2735 5360 2815 5373 η,
2854 5360 3131 5369 -____-.-___
3167 5360 3183 5381 ,
3210 5360 3364 5386 --οη
3397 5360 3483 5370 η...

1986 5393 2239 5460 odenses,
2271 5410 2409 5467 quos
2453 5412 2599 5452 nunc
2627 5396 2890 5471 Scythas;
2920 5401 3055 5459 Adai
3084 5403 3338 5472 Madzeos,
3371 5421 3515 5476 quos

295 5453 510 5549 Ἰιυνίαν
531 5494 549 5520 ,
614 5470 709 5513 και
760 5463 886 5527 τοὺς
929 5464 1192 5537 Ἕλληνας
1213 5486 1227 5500 ο
1296 5472 1448 5528 Ὀϐὲλ
1486 5453 1797 5545 -Θεοϐέλους
1821 5523 1839 5549 ,

1946 5502 2093 5543 nunc
2115 5486 2336 5556 Medos;
2361 5487 2533 5545 Javan
2563 5490 2788 5559 Ioniam,
2819 5498 2873 5549 et
2904 5493 3151 5563 Graecos;
3183 5495 3522 5555 ObelTheo-.

279 5547 408 5610 τοὺς
449 5545 542 5600 νῦν
580 5549 800 5625 Ἴϐηρας
824 5571 838 5586 ο
885 5556 1040 5629 Ὀσὸχ
1089 5561 1480 5635 Μεσχηναίους,
1540 5572 1667 5636 τοὺς
1743 5545 1838 5629 νῦν

1986 5579 2118 5650 elos,
2151 5597 2289 5654 quos
2317 5598 2462 5638 nunc
2489 5582 2695 5655 Iberos;
2731 5585 2910 5643 Osoch
2949 5587 3336 5658 Meschenaeos,
3367 5606 3516 5663 quos

380 5726 425 5810 ξ’
454 5724 582 5786 Gen.
609 5747 732 5801 vm,
764 5735 819 5790 4.
898 5737 942 5770 ³⁷
983 5738 1118 5803 (θέα.
1160 5746 1244 5803 17,
1324 5749 1369 5792 ι.
1402 5749 1526 5808 σω.
1558 5770 1632 5824 lx.
1659 5754 1748 5811 29.
1831 5758 1874 5792 ,,

380 5814 459 5839 ..η
515 5817 541 5839 1
603 5803 623 5839 Ι
733 5804 777 5837 Η
816 5806 929 5839 ΙΙιὶιΙ
972 5811 1006 5839 ο

1986 5776 2035 5817 n.
2072 5778 2128 5831 ι,
2161 5762 2213 5819 8.
2292 5763 2340 5803 υ
2369 5763 2497 5831 Gen.
2532 5781 2605 5833 τι,
2631 5766 2685 5839 3,
2789 5766 2831 5799 ἰι
2859 5763 2999 5829 Ibid.
3036 5765 3086 5823 Ἰ.
3197 5766 3241 5800 δ’
3273 5766 3409 5827 Ibid.
3447 5771 3499 5829 a

280 5793 324 5827 υ
354 5794 480 5854 om.
515 5817 567 5869 ι,
603 5803 667 5865 ι.
719 5793 777 5837 ἰι
816 5806 948 5863 (bid.
972 5793 1025 5866 27.
